  <div class='ocr_page' id='page_1' title='image "/cluster/home/n/w/nwhite01/storage/ocr_20150623/24/nnc1.0046978259/654.png"; bbox 0 0 3828 6222; ppageno 0'>
   <div class='ocr_carea' id='block_1_1' title="bbox 165 298 397 388">
    <p class='ocr_par' dir='ltr' id='par_1_1' title="bbox 165 298 397 388">
     <span class='ocr_line' id='line_1_1' title="bbox 165 298 397 388; baseline 0 -87"><span class='ocrx_word' id='word_1_1' title='bbox 165 322 281 388; x_wconf 52' lang='lat'><strong>“5</strong></span> <span class='ocrx_word' id='word_1_2' title='bbox 394 298 397 301; x_wconf 31' lang='grc' dir='ltr'><strong><em>λ</em></strong></span> 
     </span>
    </p>
   </div>
   <div class='ocr_carea' id='block_1_2' title="bbox 1153 333 2557 400">
    <p class='ocr_par' dir='ltr' id='par_1_2' title="bbox 1153 333 2557 400">
     <span class='ocr_line' id='line_1_2' title="bbox 1153 333 2557 400; baseline 0.004 -7"><span class='ocrx_word' id='word_1_3' title='bbox 1153 333 1242 393; x_wconf 84' lang='lat' dir='ltr'><strong>DE</strong></span> <span class='ocrx_word' id='word_1_4' title='bbox 1282 335 1829 396; x_wconf 77' lang='lat' dir='ltr'><strong>ECCLESIASTICA</strong></span> <span class='ocrx_word' id='word_1_5' title='bbox 1864 337 2260 397; x_wconf 79' lang='lat' dir='ltr'><strong>THEOLOGIA</strong></span> <span class='ocrx_word' id='word_1_6' title='bbox 2299 340 2427 397; x_wconf 81' lang='lat' dir='ltr'><strong>LIB.</strong></span> <span class='ocrx_word' id='word_1_7' title='bbox 2467 340 2557 400; x_wconf 88' lang='lat' dir='ltr'><strong>lll.</strong></span> 
     </span>
    </p>
   </div>
   <div class='ocr_carea' id='block_1_3' title="bbox 3350 347 3459 407">
    <p class='ocr_par' dir='ltr' id='par_1_3' title="bbox 3350 347 3459 407">
     <span class='ocr_line' id='line_1_3' title="bbox 3350 347 3459 407; baseline -0.009 0"><span class='ocrx_word' id='word_1_8' title='bbox 3350 347 3459 407; x_wconf 77' lang='lat'><strong>986</strong></span> 
     </span>
    </p>
   </div>
   <div class='ocr_carea' id='block_1_4' title="bbox 164 448 1772 536">
    <p class='ocr_par' dir='ltr' id='par_1_4' title="bbox 164 448 1766 526">
     <span class='ocr_line' id='line_1_4' title="bbox 164 448 1766 526; baseline 0.006 -26"><span class='ocrx_word' id='word_1_9' title='bbox 164 448 315 517; x_wconf 64' lang='grc' dir='ltr'>ἔργα</span> <span class='ocrx_word' id='word_1_10' title='bbox 350 449 576 518; x_wconf 80' lang='grc' dir='ltr'>Κυρίου</span> <span class='ocrx_word' id='word_1_11' title='bbox 617 451 730 508; x_wconf 81' lang='grc' dir='ltr'><strong>οὐκ</strong></span> <span class='ocrx_word' id='word_1_12' title='bbox 769 453 1142 525; x_wconf 74' lang='grc' dir='ltr'>ἐμϐλέπουσι</span> <span class='ocrx_word' id='word_1_13' title='bbox 1162 493 1178 520; x_wconf 91' lang='grc'><strong>,</strong></span> <span class='ocrx_word' id='word_1_14' title='bbox 1211 455 1312 510; x_wconf 81' lang='grc' dir='ltr'><strong>καί</strong></span> <span class='ocrx_word' id='word_1_15' title='bbox 1352 455 1427 511; x_wconf 83' lang='grc' dir='ltr'>τὰ</span> <span class='ocrx_word' id='word_1_16' title='bbox 1470 454 1615 526; x_wconf 77' lang='grc' dir='ltr'>ἔργα</span> <span class='ocrx_word' id='word_1_17' title='bbox 1644 453 1766 510; x_wconf 80' lang='grc' dir='ltr'>τῶν</span> 
     </span>
    </p>
   </div>
   <div class='ocr_carea' id='block_1_5' title="bbox 1884 448 3459 536">
    <p class='ocr_par' dir='ltr' id='par_1_5' title="bbox 1884 458 3459 536">
     <span class='ocr_line' id='line_1_5' title="bbox 1884 458 3459 536; baseline 0.004 -25"><span class='ocrx_word' id='word_1_18' title='bbox 1884 473 1977 529; x_wconf 68' lang='lat' dir='ltr'><strong>[uo</strong></span> <span class='ocrx_word' id='word_1_19' title='bbox 1995 458 2091 520; x_wconf 91' lang='lat' dir='ltr'><strong>ait.</strong></span> <span class='ocrx_word' id='word_1_20' title='bbox 2115 458 2288 529; x_wconf 85' lang='lat' dir='ltr'><strong><em>Opera</em></strong></span> <span class='ocrx_word' id='word_1_21' title='bbox 2310 470 2487 516; x_wconf 80' lang='lat' dir='ltr'><strong>autem</strong></span> <span class='ocrx_word' id='word_1_22' title='bbox 2505 461 2718 518; x_wconf 86' lang='lat' dir='ltr'><strong>Domini</strong></span> <span class='ocrx_word' id='word_1_23' title='bbox 2733 478 2838 519; x_wconf 81' lang='lat' dir='ltr'><strong>non</strong></span> <span class='ocrx_word' id='word_1_24' title='bbox 2850 463 3213 529; x_wconf 80' lang='lat' dir='ltr'><strong>intuebuntur,</strong></span> <span class='ocrx_word' id='word_1_25' title='bbox 3231 472 3282 520; x_wconf 81' lang='lat' dir='ltr'><strong>et</strong></span> <span class='ocrx_word' id='word_1_26' title='bbox 3299 481 3459 536; x_wconf 75' lang='lat' dir='ltr'><strong>opera</strong></span> 
     </span>
    </p>
   </div>
   <div class='ocr_carea' id='block_1_6' title="bbox 165 539 1766 622">
    <p class='ocr_par' dir='ltr' id='par_1_6' title="bbox 165 539 1766 622">
     <span class='ocr_line' id='line_1_6' title="bbox 165 539 1766 622; baseline 0.004 -24"><span class='ocrx_word' id='word_1_27' title='bbox 165 539 388 608; x_wconf 66' lang='grc' dir='ltr'>χειρῶν</span> <span class='ocrx_word' id='word_1_28' title='bbox 435 545 626 601; x_wconf 85' lang='grc' dir='ltr'>αὐτοῦ</span> <span class='ocrx_word' id='word_1_29' title='bbox 683 549 756 602; x_wconf 84' lang='grc' dir='ltr'><em>οὐ</em></span> <span class='ocrx_word' id='word_1_30' title='bbox 817 550 1246 605; x_wconf 76' lang='grc' dir='ltr'><strong>κατανοοῦσιν.</strong></span> <span class='ocrx_word' id='word_1_31' title='bbox 1296 551 1361 604; x_wconf 89' lang='grc' dir='ltr'>Εἰ</span> <span class='ocrx_word' id='word_1_32' title='bbox 1406 549 1530 622; x_wconf 88' lang='grc' dir='ltr'><strong>γάρ.</strong></span> <span class='ocrx_word' id='word_1_33' title='bbox 1557 549 1766 614; x_wconf 83' lang='grc' dir='ltr'><strong>τούτοις</strong></span> 
     </span>
    </p>
   </div>
   <div class='ocr_carea' id='block_1_7' title="bbox 168 636 1764 715">
    <p class='ocr_par' dir='ltr' id='par_1_7' title="bbox 168 636 1764 715">
     <span class='ocr_line' id='line_1_7' title="bbox 168 636 1764 715; baseline 0.005 -29"><span class='ocrx_word' id='word_1_34' title='bbox 168 636 562 707; x_wconf 73' lang='grc' dir='ltr'>προσεσχήκει,</span> <span class='ocrx_word' id='word_1_35' title='bbox 596 637 738 708; x_wconf 74' lang='grc' dir='ltr'>ἔγνω</span> <span class='ocrx_word' id='word_1_36' title='bbox 765 641 854 706; x_wconf 82' lang='grc' dir='ltr'><strong>ἂν,</strong></span> <span class='ocrx_word' id='word_1_37' title='bbox 888 642 968 696; x_wconf 86' lang='grc' dir='ltr'><strong>ὁτι</strong></span> <span class='ocrx_word' id='word_1_38' title='bbox 1002 638 1111 715; x_wconf 80' lang='grc' dir='ltr'>πρὸ</span> <span class='ocrx_word' id='word_1_39' title='bbox 1136 640 1364 714; x_wconf 81' lang='grc' dir='ltr'>ούρανοῦ</span> <span class='ocrx_word' id='word_1_40' title='bbox 1398 643 1494 696; x_wconf 73' lang='grc' dir='ltr'><strong>καὶ</strong></span> <span class='ocrx_word' id='word_1_41' title='bbox 1523 641 1626 712; x_wconf 90' lang='grc' dir='ltr'><strong>γῆς</strong></span> <span class='ocrx_word' id='word_1_42' title='bbox 1667 642 1764 694; x_wconf 83' lang='grc' dir='ltr'><strong>καί</strong></span> 
     </span>
    </p>
   </div>
   <div class='ocr_carea' id='block_1_8' title="bbox 169 725 1763 806">
    <p class='ocr_par' dir='ltr' id='par_1_8' title="bbox 169 725 1763 806">
     <span class='ocr_line' id='line_1_8' title="bbox 169 725 1763 806; baseline 0.004 -26"><span class='ocrx_word' id='word_1_43' title='bbox 169 725 283 796; x_wconf 79' lang='grc' dir='ltr'><strong>πρὸ</strong></span> <span class='ocrx_word' id='word_1_44' title='bbox 316 726 413 782; x_wconf 81' lang='grc' dir='ltr'><strong>τοῦ</strong></span> <span class='ocrx_word' id='word_1_45' title='bbox 449 728 763 801; x_wconf 74' lang='grc' dir='ltr'><strong>σύμπαντος</strong></span> <span class='ocrx_word' id='word_1_46' title='bbox 788 732 1018 806; x_wconf 81' lang='grc' dir='ltr'><strong>κόσμου,</strong></span> <span class='ocrx_word' id='word_1_47' title='bbox 1050 736 1146 789; x_wconf 78' lang='grc' dir='ltr'><strong>καὶ</strong></span> <span class='ocrx_word' id='word_1_48' title='bbox 1180 735 1379 806; x_wconf 52' lang='grc' dir='ltr'>ούνπρὸ</span> <span class='ocrx_word' id='word_1_49' title='bbox 1410 733 1521 787; x_wconf 78' lang='grc' dir='ltr'><strong>τῶν</strong></span> <span class='ocrx_word' id='word_1_50' title='bbox 1551 732 1763 805; x_wconf 82' lang='grc' dir='ltr'>ὁρατῶν</span> 
     </span>
    </p>
   </div>
   <div class='ocr_carea' id='block_1_9' title="bbox 172 818 1765 899">
    <p class='ocr_par' dir='ltr' id='par_1_9' title="bbox 172 818 1765 899">
     <span class='ocr_line' id='line_1_9' title="bbox 172 818 1765 899; baseline 0.004 -28"><span class='ocrx_word' id='word_1_51' title='bbox 172 818 337 889; x_wconf 82' lang='grc' dir='ltr'>μόνον</span> <span class='ocrx_word' id='word_1_52' title='bbox 379 820 517 875; x_wconf 86' lang='grc' dir='ltr'><strong>ἀλλά</strong></span> <span class='ocrx_word' id='word_1_53' title='bbox 561 823 657 877; x_wconf 79' lang='grc' dir='ltr'>καὶ</span> <span class='ocrx_word' id='word_1_54' title='bbox 705 824 842 896; x_wconf 85' lang='grc'>(80),</span> <span class='ocrx_word' id='word_1_55' title='bbox 889 826 996 899; x_wconf 86' lang='grc' dir='ltr'><strong>πρὸ</strong></span> <span class='ocrx_word' id='word_1_56' title='bbox 1027 826 1137 881; x_wconf 86' lang='grc' dir='ltr'><strong>τῶν</strong></span> <span class='ocrx_word' id='word_1_57' title='bbox 1173 825 1383 898; x_wconf 82' lang='grc' dir='ltr'><strong>νοητῶν</strong></span> <span class='ocrx_word' id='word_1_58' title='bbox 1432 824 1612 897; x_wconf 77' lang='grc' dir='ltr'>ἔργων</span> <span class='ocrx_word' id='word_1_59' title='bbox 1670 823 1765 880; x_wconf 82' lang='grc' dir='ltr'><strong>τοῦ</strong></span> 
     </span>
    </p>
   </div>
   <div class='ocr_carea' id='block_1_10' title="bbox 171 910 1767 990">
    <p class='ocr_par' dir='ltr' id='par_1_10' title="bbox 171 910 1767 990">
     <span class='ocr_line' id='line_1_10' title="bbox 171 910 1767 990; baseline 0.003 -26"><span class='ocrx_word' id='word_1_60' title='bbox 171 910 310 966; x_wconf 73' lang='grc' dir='ltr'>θεοῦ</span> <span class='ocrx_word' id='word_1_61' title='bbox 340 912 449 967; x_wconf 90' lang='grc' dir='ltr'><strong>τῶν</strong></span> <span class='ocrx_word' id='word_1_62' title='bbox 478 915 536 968; x_wconf 80' lang='grc' dir='ltr'>ὲν</span> <span class='ocrx_word' id='word_1_63' title='bbox 574 916 891 988; x_wconf 83' lang='grc' dir='ltr'><strong>ἀσωμάτοις</strong></span> <span class='ocrx_word' id='word_1_64' title='bbox 922 919 1018 973; x_wconf 78' lang='grc' dir='ltr'><strong>καὶ</strong></span> <span class='ocrx_word' id='word_1_65' title='bbox 1048 918 1445 990; x_wconf 83' lang='grc' dir='ltr'>ὑπερκοσμίοις</span> <span class='ocrx_word' id='word_1_66' title='bbox 1473 916 1767 988; x_wconf 80' lang='grc' dir='ltr'>δυνάμεσιν</span> 
     </span>
    </p>
   </div>
   <div class='ocr_carea' id='block_1_11' title="bbox 175 1002 1764 1082">
    <p class='ocr_par' dir='ltr' id='par_1_11' title="bbox 175 1002 1764 1082">
     <span class='ocr_line' id='line_1_11' title="bbox 175 1002 1764 1082; baseline 0.004 -25"><span class='ocrx_word' id='word_1_67' title='bbox 175 1007 236 1058; x_wconf 74' lang='grc' dir='ltr'>ὲν</span> <span class='ocrx_word' id='word_1_68' title='bbox 267 1002 563 1059; x_wconf 78' lang='grc' dir='ltr'><strong>ὑποστάσει</strong></span> <span class='ocrx_word' id='word_1_69' title='bbox 594 1008 763 1063; x_wconf 73' lang='grc' dir='ltr'>ὄντων</span> <span class='ocrx_word' id='word_1_70' title='bbox 785 1047 800 1073; x_wconf 91' lang='grc'><strong>,</strong></span> <span class='ocrx_word' id='word_1_71' title='bbox 840 1004 909 1080; x_wconf 76' lang='grc' dir='ltr'>ἦν</span> <span class='ocrx_word' id='word_1_72' title='bbox 942 1010 1037 1064; x_wconf 80' lang='grc' dir='ltr'><strong>καὶ</strong></span> <span class='ocrx_word' id='word_1_73' title='bbox 1077 1009 1254 1082; x_wconf 88' lang='grc' dir='ltr'>προῆν</span> <span class='ocrx_word' id='word_1_74' title='bbox 1284 1010 1329 1064; x_wconf 82' lang='lat'><strong>6’</strong></span> <span class='ocrx_word' id='word_1_75' title='bbox 1360 1008 1538 1064; x_wconf 80' lang='grc' dir='ltr'>ταῦτα</span> <span class='ocrx_word' id='word_1_76' title='bbox 1569 1007 1764 1077; x_wconf 84' lang='grc' dir='ltr'>λέγων.</span> 
     </span>
    </p>
   </div>
   <div class='ocr_carea' id='block_1_12' title="bbox 187 1097 1767 1171">
    <p class='ocr_par' dir='ltr' id='par_1_12' title="bbox 187 1097 1767 1171">
     <span class='ocr_line' id='line_1_12' title="bbox 187 1097 1767 1171; baseline 0.004 -21"><span class='ocrx_word' id='word_1_77' title='bbox 187 1097 247 1150; x_wconf 88' lang='lat'><strong>&#39;0</strong></span> <span class='ocrx_word' id='word_1_78' title='bbox 270 1097 328 1151; x_wconf 77' lang='grc' dir='ltr'>δὲ</span> <span class='ocrx_word' id='word_1_79' title='bbox 368 1098 609 1170; x_wconf 75' lang='grc' dir='ltr'>μεταϐὰς</span> <span class='ocrx_word' id='word_1_80' title='bbox 636 1102 730 1154; x_wconf 75' lang='grc' dir='ltr'><strong>ἐπὶ</strong></span> <span class='ocrx_word' id='word_1_81' title='bbox 758 1101 840 1166; x_wconf 84' lang='grc' dir='ltr'><strong>τὸ,</strong></span> <span class='ocrx_word' id='word_1_82' title='bbox 874 1101 995 1171; x_wconf 83' lang='grc' dir='ltr'><strong>Πρὸ</strong></span> <span class='ocrx_word' id='word_1_83' title='bbox 1025 1102 1131 1156; x_wconf 85' lang='grc' dir='ltr'><strong>τοῦ</strong></span> <span class='ocrx_word' id='word_1_84' title='bbox 1159 1101 1376 1168; x_wconf 81' lang='grc' dir='ltr'>αἰῶνος</span> <span class='ocrx_word' id='word_1_85' title='bbox 1407 1100 1767 1171; x_wconf 79' lang='grc' dir='ltr'>ἐθεμελίωσέ</span> 
     </span>
    </p>
   </div>
   <div class='ocr_carea' id='block_1_13' title="bbox 169 1190 1763 1265">
    <p class='ocr_par' dir='ltr' id='par_1_13' title="bbox 169 1190 1763 1265">
     <span class='ocr_line' id='line_1_13' title="bbox 169 1190 1763 1265; baseline 0.003 -23"><span class='ocrx_word' id='word_1_86' title='bbox 169 1206 270 1258; x_wconf 79' lang='grc' dir='ltr'><strong>με,</strong></span> <span class='ocrx_word' id='word_1_87' title='bbox 302 1190 466 1244; x_wconf 85' lang='grc' dir='ltr'>πάλιν</span> <span class='ocrx_word' id='word_1_88' title='bbox 501 1192 601 1262; x_wconf 83' lang='grc' dir='ltr'>τὴν</span> <span class='ocrx_word' id='word_1_89' title='bbox 641 1193 821 1265; x_wconf 84' lang='grc' dir='ltr'><strong>σάρκα</strong></span> <span class='ocrx_word' id='word_1_90' title='bbox 860 1195 941 1258; x_wconf 87' lang='grc' dir='ltr'><strong>εἰς</strong></span> <span class='ocrx_word' id='word_1_91' title='bbox 987 1193 1152 1264; x_wconf 83' lang='grc' dir='ltr'><strong>μέσον</strong></span> <span class='ocrx_word' id='word_1_92' title='bbox 1186 1194 1311 1263; x_wconf 76' lang='grc' dir='ltr'>ἄγει</span> <span class='ocrx_word' id='word_1_93' title='bbox 1346 1192 1519 1261; x_wconf 82' lang='grc' dir='ltr'>λέγων</span> <span class='ocrx_word' id='word_1_94' title='bbox 1554 1191 1726 1256; x_wconf 78' lang='grc' dir='ltr'>οὕτως</span> <span class='ocrx_word' id='word_1_95' title='bbox 1748 1207 1763 1224; x_wconf 76' lang='grc' dir='ltr'><strong><em>ο</em></strong></span> 
     </span>
    </p>
   </div>
   <div class='ocr_carea' id='block_1_14' title="bbox 181 1283 1765 1358">
    <p class='ocr_par' dir='ltr' id='par_1_14' title="bbox 181 1283 1765 1358">
     <span class='ocr_line' id='line_1_14' title="bbox 181 1283 1765 1358; baseline 0.002 -24"><span class='ocrx_word' id='word_1_96' title='bbox 181 1301 202 1334; x_wconf 75' lang='grc' dir='ltr'>ι</span> <span class='ocrx_word' id='word_1_97' title='bbox 243 1283 530 1354; x_wconf 76' lang='grc' dir='ltr'><strong>Θεμέλιον</strong></span> <span class='ocrx_word' id='word_1_98' title='bbox 549 1285 737 1340; x_wconf 83' lang='grc' dir='ltr'>τοῦτον</span> <span class='ocrx_word' id='word_1_99' title='bbox 767 1286 1069 1358; x_wconf 75' lang='grc' dir='ltr'><strong>ὀνομάζων,</strong></span> <span class='ocrx_word' id='word_1_100' title='bbox 1099 1286 1198 1358; x_wconf 82' lang='grc' dir='ltr'><strong>τὴν</strong></span> <span class='ocrx_word' id='word_1_101' title='bbox 1225 1285 1369 1340; x_wconf 79' lang='grc' dir='ltr'>κατὰ</span> <span class='ocrx_word' id='word_1_102' title='bbox 1395 1286 1572 1356; x_wconf 76' lang='grc' dir='ltr'>σάρκα</span> <span class='ocrx_word' id='word_1_103' title='bbox 1600 1285 1765 1339; x_wconf 78' lang='grc' dir='ltr'>αὐτου</span> 
     </span>
    </p>
   </div>
   <div class='ocr_carea' id='block_1_15' title="bbox 181 1374 1769 1453">
    <p class='ocr_par' dir='ltr' id='par_1_15' title="bbox 181 1374 1769 1453">
     <span class='ocr_line' id='line_1_15' title="bbox 181 1374 1769 1453; baseline 0.001 -28"><span class='ocrx_word' id='word_1_104' title='bbox 181 1394 201 1425; x_wconf 81' lang='lat' dir='ltr'><strong>s</strong></span> <span class='ocrx_word' id='word_1_105' title='bbox 241 1375 661 1447; x_wconf 75' lang='grc' dir='ltr'>πρωρισθείσαν</span> <span class='ocrx_word' id='word_1_106' title='bbox 684 1379 1014 1449; x_wconf 78' lang='grc' dir='ltr'>οἰκονομίαν.</span> <span class='ocrx_word' id='word_1_107' title='bbox 1050 1379 1136 1441; x_wconf 80' lang='grc' dir='ltr'>Ὠς</span> <span class='ocrx_word' id='word_1_108' title='bbox 1158 1377 1253 1431; x_wconf 72' lang='grc' dir='ltr'>καὶ</span> <span class='ocrx_word' id='word_1_109' title='bbox 1276 1380 1305 1431; x_wconf 89' lang='lat'><strong>6</strong></span> <span class='ocrx_word' id='word_1_110' title='bbox 1336 1375 1656 1453; x_wconf 79' lang='grc' dir='ltr'>Ἀπόστολος</span> <span class='ocrx_word' id='word_1_111' title='bbox 1680 1374 1769 1427; x_wconf 82' lang='grc' dir='ltr'><strong>λέ-</strong></span> 
     </span>
    </p>
   </div>
   <div class='ocr_carea' id='block_1_16' title="bbox 184 1465 1765 1541">
    <p class='ocr_par' dir='ltr' id='par_1_16' title="bbox 184 1465 1765 1541">
     <span class='ocr_line' id='line_1_16' title="bbox 184 1465 1765 1541; baseline 0 -22"><span class='ocrx_word' id='word_1_112' title='bbox 184 1487 204 1519; x_wconf 81' lang='grc' dir='ltr'><strong>ι</strong></span> <span class='ocrx_word' id='word_1_113' title='bbox 242 1484 330 1536; x_wconf 87' lang='grc' dir='ltr'><strong>γει</strong></span> <span class='ocrx_word' id='word_1_114' title='bbox 349 1484 364 1499; x_wconf 75' lang='grc' dir='ltr'><strong>ο</strong></span> <span class='ocrx_word' id='word_1_115' title='bbox 394 1468 681 1537; x_wconf 70' lang='grc' dir='ltr'><strong>Θεμέλιον</strong></span> <span class='ocrx_word' id='word_1_116' title='bbox 702 1469 812 1541; x_wconf 87' lang='grc' dir='ltr'>γὰρ</span> <span class='ocrx_word' id='word_1_117' title='bbox 832 1469 1028 1524; x_wconf 70' lang='grc' dir='ltr'><em>ἄλλον</em></span> <span class='ocrx_word' id='word_1_118' title='bbox 1053 1465 1252 1536; x_wconf 80' lang='grc' dir='ltr'>οὐδεὶς</span> <span class='ocrx_word' id='word_1_119' title='bbox 1273 1468 1522 1524; x_wconf 80' lang='grc' dir='ltr'>δύναται</span> <span class='ocrx_word' id='word_1_120' title='bbox 1558 1467 1765 1531; x_wconf 83' lang='grc' dir='ltr'>θεῖναι,</span> 
     </span>
    </p>
   </div>
   <div class='ocr_carea' id='block_1_17' title="bbox 181 1557 1761 1630">
    <p class='ocr_par' dir='ltr' id='par_1_17' title="bbox 181 1557 1761 1630">
     <span class='ocr_line' id='line_1_17' title="bbox 181 1557 1761 1630; baseline 0.003 -22"><span class='ocrx_word' id='word_1_121' title='bbox 181 1587 203 1608; x_wconf 77' lang='grc'><strong>.</strong></span> <span class='ocrx_word' id='word_1_122' title='bbox 246 1558 408 1628; x_wconf 80' lang='grc' dir='ltr'>παρὰ</span> <span class='ocrx_word' id='word_1_123' title='bbox 432 1560 542 1614; x_wconf 79' lang='grc' dir='ltr'><strong>τὸν</strong></span> <span class='ocrx_word' id='word_1_124' title='bbox 572 1561 876 1630; x_wconf 77' lang='grc' dir='ltr'>κείμενον,</span> <span class='ocrx_word' id='word_1_125' title='bbox 905 1559 975 1626; x_wconf 86' lang='grc' dir='ltr'>ὅς</span> <span class='ocrx_word' id='word_1_126' title='bbox 988 1560 1161 1615; x_wconf 80' lang='grc' dir='ltr'>ἐστιν</span> <span class='ocrx_word' id='word_1_127' title='bbox 1174 1557 1416 1628; x_wconf 80' lang='grc' dir='ltr'>Ἰησοῦς</span> <span class='ocrx_word' id='word_1_128' title='bbox 1438 1560 1713 1629; x_wconf 84' lang='grc' dir='ltr'>Χριστός.</span> <span class='ocrx_word' id='word_1_129' title='bbox 1741 1578 1761 1613; x_wconf 77' lang='grc' dir='ltr'>ι</span> 
     </span>
    </p>
   </div>
   <div class='ocr_carea' id='block_1_18' title="bbox 177 1650 1765 1723">
    <p class='ocr_par' dir='ltr' id='par_1_18' title="bbox 177 1650 1765 1723">
     <span class='ocr_line' id='line_1_18' title="bbox 177 1650 1765 1723; baseline 0.001 -20"><span class='ocrx_word' id='word_1_130' title='bbox 177 1650 292 1703; x_wconf 74' lang='grc' dir='ltr'>Καὶ</span> <span class='ocrx_word' id='word_1_131' title='bbox 330 1650 608 1720; x_wconf 76' lang='grc' dir='ltr'><strong>ἐπιλέγει⁵</strong></span> <span class='ocrx_word' id='word_1_132' title='bbox 642 1671 660 1703; x_wconf 86' lang='grc' dir='ltr'><strong>ι</strong></span> <span class='ocrx_word' id='word_1_133' title='bbox 686 1652 834 1715; x_wconf 82' lang='grc' dir='ltr'>Ἐνὸς</span> <span class='ocrx_word' id='word_1_134' title='bbox 879 1652 938 1706; x_wconf 81' lang='grc' dir='ltr'>δὲ</span> <span class='ocrx_word' id='word_1_135' title='bbox 969 1653 1164 1718; x_wconf 83' lang='grc' dir='ltr'>αἰῶνος</span> <span class='ocrx_word' id='word_1_136' title='bbox 1191 1652 1425 1706; x_wconf 76' lang='grc' dir='ltr'>ἐνταῦθα</span> <span class='ocrx_word' id='word_1_137' title='bbox 1474 1654 1765 1723; x_wconf 81' lang='grc' dir='ltr'><strong>μέμνηται,</strong></span> 
     </span>
    </p>
   </div>
   <div class='ocr_carea' id='block_1_19' title="bbox 184 1736 1765 1815">
    <p class='ocr_par' dir='ltr' id='par_1_19' title="bbox 184 1736 1765 1815">
     <span class='ocr_line' id='line_1_19' title="bbox 184 1736 1765 1815; baseline 0.001 -21"><span class='ocrx_word' id='word_1_138' title='bbox 184 1760 205 1792; x_wconf 78' lang='grc' dir='ltr'><strong>ι</strong></span> <span class='ocrx_word' id='word_1_139' title='bbox 246 1744 342 1811; x_wconf 86' lang='grc' dir='ltr'>ἀφ’</span> <span class='ocrx_word' id='word_1_140' title='bbox 375 1736 436 1796; x_wconf 76' lang='grc' dir='ltr'>οὗ</span> <span class='ocrx_word' id='word_1_141' title='bbox 479 1743 550 1796; x_wconf 88' lang='grc' dir='ltr'><strong>τά</strong></span> <span class='ocrx_word' id='word_1_142' title='bbox 578 1742 722 1797; x_wconf 83' lang='grc' dir='ltr'>κατὰ</span> <span class='ocrx_word' id='word_1_143' title='bbox 766 1742 858 1797; x_wconf 85' lang='grc' dir='ltr'><strong>τὸν</strong></span> <span class='ocrx_word' id='word_1_144' title='bbox 903 1742 1138 1815; x_wconf 78' lang='grc' dir='ltr'>Χριστὸν</span> <span class='ocrx_word' id='word_1_145' title='bbox 1165 1741 1594 1815; x_wconf 84' lang='grc' dir='ltr'>τεθεμελιῶσθαι</span> <span class='ocrx_word' id='word_1_146' title='bbox 1636 1741 1765 1812; x_wconf 75' lang='grc' dir='ltr'>ἔφη,</span> 
     </span>
    </p>
   </div>
   <div class='ocr_carea' id='block_1_20' title="bbox 1878 551 3461 625">
    <p class='ocr_par' dir='ltr' id='par_1_20' title="bbox 1878 551 3461 625">
     <span class='ocr_line' id='line_1_20' title="bbox 1878 551 3461 625; baseline 0.006 -23"><span class='ocrx_word' id='word_1_147' title='bbox 1878 564 2133 604; x_wconf 83' lang='lat' dir='ltr'><strong>manuum</strong></span> <span class='ocrx_word' id='word_1_148' title='bbox 2178 551 2344 621; x_wconf 84' lang='lat' dir='ltr'><strong>ipsius</strong></span> <span class='ocrx_word' id='word_1_149' title='bbox 2395 568 2498 608; x_wconf 85' lang='lat' dir='ltr'><strong>non</strong></span> <span class='ocrx_word' id='word_1_150' title='bbox 2534 553 2825 625; x_wconf 79' lang='lat' dir='ltr'><strong>intelligent</strong></span> <span class='ocrx_word' id='word_1_151' title='bbox 2848 554 2916 610; x_wconf 78' lang='lat'><strong>&quot;.</strong></span> <span class='ocrx_word' id='word_1_152' title='bbox 2968 553 3102 608; x_wconf 81' lang='lat' dir='ltr'><strong>Nam</strong></span> <span class='ocrx_word' id='word_1_153' title='bbox 3160 555 3209 610; x_wconf 89' lang='lat' dir='ltr'><strong>si</strong></span> <span class='ocrx_word' id='word_1_154' title='bbox 3250 557 3319 611; x_wconf 90' lang='lat' dir='ltr'><strong>ad</strong></span> <span class='ocrx_word' id='word_1_155' title='bbox 3357 555 3461 611; x_wconf 85' lang='lat' dir='ltr'><strong>ista</strong></span> 
     </span>
    </p>
   </div>
   <div class='ocr_carea' id='block_1_21' title="bbox 1873 642 3459 718">
    <p class='ocr_par' dir='ltr' id='par_1_21' title="bbox 1873 642 3459 718">
     <span class='ocr_line' id='line_1_21' title="bbox 1873 642 3459 718; baseline 0.006 -24"><span class='ocrx_word' id='word_1_156' title='bbox 1873 642 2199 698; x_wconf 82' lang='lat' dir='ltr'><strong>attendisset</strong></span> <span class='ocrx_word' id='word_1_157' title='bbox 2236 644 2503 711; x_wconf 89' lang='lat' dir='ltr'><strong>animum,</strong></span> <span class='ocrx_word' id='word_1_158' title='bbox 2559 643 2688 699; x_wconf 89' lang='lat' dir='ltr'><strong>illud</strong></span> <span class='ocrx_word' id='word_1_159' title='bbox 2740 647 2930 714; x_wconf 89' lang='lat' dir='ltr'><strong>utique</strong></span> <span class='ocrx_word' id='word_1_160' title='bbox 2986 661 3317 718; x_wconf 78' lang='lat' dir='ltr'><strong>cognoscere</strong></span> <span class='ocrx_word' id='word_1_161' title='bbox 3364 662 3459 718; x_wconf 87' lang='lat' dir='ltr'><strong>po-</strong></span> 
     </span>
    </p>
   </div>
   <div class='ocr_carea' id='block_1_22' title="bbox 1874 733 3460 804">
    <p class='ocr_par' dir='ltr' id='par_1_22' title="bbox 1874 733 3460 804">
     <span class='ocr_line' id='line_1_22' title="bbox 1874 733 3460 804; baseline 0.005 -18"><span class='ocrx_word' id='word_1_162' title='bbox 1874 733 2069 788; x_wconf 86' lang='lat' dir='ltr'><strong>tuisset</strong></span> <span class='ocrx_word' id='word_1_163' title='bbox 2087 774 2103 794; x_wconf 88' lang='lat'><strong>,</strong></span> <span class='ocrx_word' id='word_1_164' title='bbox 2130 736 2277 803; x_wconf 91' lang='lat' dir='ltr'><strong>quod</strong></span> <span class='ocrx_word' id='word_1_165' title='bbox 2304 744 2434 791; x_wconf 92' lang='lat' dir='ltr'><strong>ante</strong></span> <span class='ocrx_word' id='word_1_166' title='bbox 2463 735 2659 790; x_wconf 75' lang='lat' dir='ltr'><strong>coelum</strong></span> <span class='ocrx_word' id='word_1_167' title='bbox 2694 745 2749 791; x_wconf 93' lang='lat' dir='ltr'><strong>et</strong></span> <span class='ocrx_word' id='word_1_168' title='bbox 2777 744 3014 804; x_wconf 91' lang='lat' dir='ltr'><strong>terram,</strong></span> <span class='ocrx_word' id='word_1_169' title='bbox 3036 748 3163 792; x_wconf 88' lang='lat' dir='ltr'><strong>ante</strong></span> <span class='ocrx_word' id='word_1_170' title='bbox 3199 739 3460 794; x_wconf 90' lang='lat' dir='ltr'><strong>mundum</strong></span> 
     </span>
    </p>
   </div>
   <div class='ocr_carea' id='block_1_23' title="bbox 1876 826 3462 895">
    <p class='ocr_par' dir='ltr' id='par_1_23' title="bbox 1876 826 3462 895">
     <span class='ocr_line' id='line_1_23' title="bbox 1876 826 3462 895; baseline 0.005 -16"><span class='ocrx_word' id='word_1_171' title='bbox 1876 826 2212 892; x_wconf 87' lang='lat' dir='ltr'><strong>universum,</strong></span> <span class='ocrx_word' id='word_1_172' title='bbox 2274 842 2378 883; x_wconf 90' lang='lat' dir='ltr'><strong>nec</strong></span> <span class='ocrx_word' id='word_1_173' title='bbox 2411 837 2538 883; x_wconf 84' lang='lat' dir='ltr'><strong>ante</strong></span> <span class='ocrx_word' id='word_1_174' title='bbox 2568 829 2682 883; x_wconf 88' lang='lat' dir='ltr'><strong>sola</strong></span> <span class='ocrx_word' id='word_1_175' title='bbox 2715 830 2947 884; x_wconf 85' lang='lat' dir='ltr'><strong>visibilia</strong></span> <span class='ocrx_word' id='word_1_176' title='bbox 2972 869 2988 895; x_wconf 93' lang='lat'><strong>,</strong></span> <span class='ocrx_word' id='word_1_177' title='bbox 3043 832 3137 886; x_wconf 87' lang='lat' dir='ltr'><strong>sed</strong></span> <span class='ocrx_word' id='word_1_178' title='bbox 3176 840 3232 886; x_wconf 88' lang='lat' dir='ltr'><strong>et</strong></span> <span class='ocrx_word' id='word_1_179' title='bbox 3271 832 3462 887; x_wconf 88' lang='lat' dir='ltr'><strong>invisi-</strong></span> 
     </span>
    </p>
   </div>
   <div class='ocr_carea' id='block_1_24' title="bbox 1875 916 3459 992">
    <p class='ocr_par' dir='ltr' id='par_1_24' title="bbox 1875 916 3459 992">
     <span class='ocr_line' id='line_1_24' title="bbox 1875 916 3459 992; baseline 0.005 -21"><span class='ocrx_word' id='word_1_180' title='bbox 1875 916 2025 979; x_wconf 83' lang='lat' dir='ltr'><strong>bilia,</strong></span> <span class='ocrx_word' id='word_1_181' title='bbox 2059 926 2114 972; x_wconf 92' lang='lat' dir='ltr'><strong>et</strong></span> <span class='ocrx_word' id='word_1_182' title='bbox 2140 928 2269 973; x_wconf 84' lang='lat' dir='ltr'><strong>ante</strong></span> <span class='ocrx_word' id='word_1_183' title='bbox 2299 934 2462 989; x_wconf 85' lang='lat' dir='ltr'><strong>opera</strong></span> <span class='ocrx_word' id='word_1_184' title='bbox 2493 919 2585 974; x_wconf 66' lang='lat' dir='ltr'><strong>Dei</strong></span> <span class='ocrx_word' id='word_1_185' title='bbox 2629 919 3037 985; x_wconf 78' lang='lat' dir='ltr'><strong>intellectualia,</strong></span> <span class='ocrx_word' id='word_1_186' title='bbox 3086 937 3206 992; x_wconf 73' lang='lat' dir='ltr'><strong>quae</strong></span> <span class='ocrx_word' id='word_1_187' title='bbox 3251 924 3304 977; x_wconf 91' lang='lat' dir='ltr'><strong>in</strong></span> <span class='ocrx_word' id='word_1_188' title='bbox 3356 938 3459 992; x_wconf 88' lang='lat' dir='ltr'><strong>po-</strong></span> 
     </span>
    </p>
   </div>
   <div class='ocr_carea' id='block_1_25' title="bbox 1878 1009 3457 1083">
    <p class='ocr_par' dir='ltr' id='par_1_25' title="bbox 1878 1009 3457 1083">
     <span class='ocr_line' id='line_1_25' title="bbox 1878 1009 3457 1083; baseline 0.004 -21"><span class='ocrx_word' id='word_1_189' title='bbox 1878 1009 2065 1064; x_wconf 84' lang='lat' dir='ltr'><strong>tentiis</strong></span> <span class='ocrx_word' id='word_1_190' title='bbox 2084 1009 2327 1064; x_wconf 89' lang='lat' dir='ltr'><strong>relucent</strong></span> <span class='ocrx_word' id='word_1_191' title='bbox 2354 1011 2716 1080; x_wconf 88' lang='lat' dir='ltr'><strong>incorporeis,</strong></span> <span class='ocrx_word' id='word_1_192' title='bbox 2747 1023 2799 1067; x_wconf 85' lang='lat' dir='ltr'><strong>et</strong></span> <span class='ocrx_word' id='word_1_193' title='bbox 2824 1016 3296 1079; x_wconf 80' lang='lat' dir='ltr'><strong>extramuudanis,</strong></span> <span class='ocrx_word' id='word_1_194' title='bbox 3321 1025 3457 1083; x_wconf 84' lang='lat' dir='ltr'><strong>erat,</strong></span> 
     </span>
    </p>
   </div>
   <div class='ocr_carea' id='block_1_26' title="bbox 1873 1101 3460 1185">
    <p class='ocr_par' dir='ltr' id='par_1_26' title="bbox 1873 1101 3460 1185">
     <span class='ocr_line' id='line_1_26' title="bbox 1873 1101 3460 1185; baseline 0.005 -31"><span class='ocrx_word' id='word_1_195' title='bbox 1873 1110 1928 1155; x_wconf 90' lang='lat' dir='ltr'><strong>et</strong></span> <span class='ocrx_word' id='word_1_196' title='bbox 1972 1110 2203 1171; x_wconf 64' lang='lat' dir='ltr'><strong>praeerat</strong></span> <span class='ocrx_word' id='word_1_197' title='bbox 2226 1102 2293 1169; x_wconf 97' lang='lat' dir='ltr'><strong>is,</strong></span> <span class='ocrx_word' id='word_1_198' title='bbox 2330 1104 2420 1171; x_wconf 92' lang='lat' dir='ltr'><strong>qui</strong></span> <span class='ocrx_word' id='word_1_199' title='bbox 2450 1102 2554 1157; x_wconf 89' lang='lat' dir='ltr'><strong>ista</strong></span> <span class='ocrx_word' id='word_1_200' title='bbox 2585 1101 2841 1173; x_wconf 90' lang='lat' dir='ltr'><strong>loquitur.</strong></span> <span class='ocrx_word' id='word_1_201' title='bbox 2887 1103 2981 1160; x_wconf 91' lang='lat' dir='ltr'><strong>Ille</strong></span> <span class='ocrx_word' id='word_1_202' title='bbox 3022 1116 3224 1171; x_wconf 84' lang='lat' dir='ltr'><strong>autem,</strong></span> <span class='ocrx_word' id='word_1_203' title='bbox 3258 1108 3460 1185; x_wconf 82' lang='lat' dir='ltr'><strong>transi-</strong></span> 
     </span>
    </p>
   </div>
   <div class='ocr_carea' id='block_1_27' title="bbox 1878 1189 3460 1264">
    <p class='ocr_par' dir='ltr' id='par_1_27' title="bbox 1878 1189 3460 1264">
     <span class='ocr_line' id='line_1_27' title="bbox 1878 1189 3460 1264; baseline 0.006 -21"><span class='ocrx_word' id='word_1_204' title='bbox 1878 1189 2028 1243; x_wconf 87' lang='lat' dir='ltr'><strong>tione</strong></span> <span class='ocrx_word' id='word_1_205' title='bbox 2079 1189 2220 1243; x_wconf 81' lang='lat' dir='ltr'><strong>facta</strong></span> <span class='ocrx_word' id='word_1_206' title='bbox 2266 1191 2331 1244; x_wconf 87' lang='lat' dir='ltr'><strong>ad</strong></span> <span class='ocrx_word' id='word_1_207' title='bbox 2364 1191 2515 1258; x_wconf 90' lang='lat' dir='ltr'><strong>illud,</strong></span> <span class='ocrx_word' id='word_1_208' title='bbox 2563 1191 2698 1245; x_wconf 84' lang='lat' dir='ltr'><strong>Ante</strong></span> <span class='ocrx_word' id='word_1_209' title='bbox 2745 1194 2939 1247; x_wconf 72' lang='lat' dir='ltr'><strong>sazcula</strong></span> <span class='ocrx_word' id='word_1_210' title='bbox 2980 1195 3223 1264; x_wconf 78' lang='lat' dir='ltr'><strong>fundavit</strong></span> <span class='ocrx_word' id='word_1_211' title='bbox 3272 1213 3376 1261; x_wconf 85' lang='lat' dir='ltr'><strong>me,</strong></span> <span class='ocrx_word' id='word_1_212' title='bbox 3404 1199 3460 1253; x_wconf 90' lang='lat' dir='ltr'><strong>in</strong></span> 
     </span>
    </p>
   </div>
   <div class='ocr_carea' id='block_1_28' title="bbox 1879 1281 3457 1362">
    <p class='ocr_par' dir='ltr' id='par_1_28' title="bbox 1879 1281 3457 1362">
     <span class='ocr_line' id='line_1_28' title="bbox 1879 1281 3457 1362; baseline 0.007 -29"><span class='ocrx_word' id='word_1_213' title='bbox 1879 1281 2112 1335; x_wconf 87' lang='lat' dir='ltr'><strong>medium</strong></span> <span class='ocrx_word' id='word_1_214' title='bbox 2146 1283 2324 1336; x_wconf 87' lang='lat' dir='ltr'><strong>deuuo</strong></span> <span class='ocrx_word' id='word_1_215' title='bbox 2355 1283 2575 1338; x_wconf 85' lang='lat' dir='ltr'><strong>adducit</strong></span> <span class='ocrx_word' id='word_1_216' title='bbox 2600 1296 2842 1353; x_wconf 81' lang='lat' dir='ltr'><strong>carnem;</strong></span> <span class='ocrx_word' id='word_1_217' title='bbox 2870 1287 3121 1355; x_wconf 83' lang='lat' dir='ltr'><strong>inquiens</strong></span> <span class='ocrx_word' id='word_1_218' title='bbox 3149 1286 3240 1361; x_wconf 71' lang='grc' dir='ltr'><strong>[Β.</strong></span> <span class='ocrx_word' id='word_1_219' title='bbox 3268 1288 3410 1362; x_wconf 77' lang='lat' dir='ltr'><strong>XIV]</strong></span> <span class='ocrx_word' id='word_1_220' title='bbox 3441 1307 3457 1344; x_wconf 89' lang='lat'><strong>:</strong></span> 
     </span>
    </p>
   </div>
   <div class='ocr_carea' id='block_1_29' title="bbox 1881 1375 3462 1450">
    <p class='ocr_par' dir='ltr' id='par_1_29' title="bbox 1881 1375 3462 1450">
     <span class='ocr_line' id='line_1_29' title="bbox 1881 1375 3462 1450; baseline 0.008 -24"><span class='ocrx_word' id='word_1_221' title='bbox 1881 1394 1901 1426; x_wconf 77' lang='grc' dir='ltr'><strong>ι</strong></span> <span class='ocrx_word' id='word_1_222' title='bbox 1936 1375 2010 1429; x_wconf 91' lang='lat' dir='ltr'><strong>Ita</strong></span> <span class='ocrx_word' id='word_1_223' title='bbox 2038 1375 2091 1428; x_wconf 88' lang='lat' dir='ltr'><strong>in</strong></span> <span class='ocrx_word' id='word_1_224' title='bbox 2122 1391 2287 1430; x_wconf 84' lang='lat' dir='ltr'><strong>carne</strong></span> <span class='ocrx_word' id='word_1_225' title='bbox 2320 1376 2437 1446; x_wconf 86' lang='lat' dir='ltr'><strong>ejus</strong></span> <span class='ocrx_word' id='word_1_226' title='bbox 2478 1378 2902 1447; x_wconf 68' lang='lat' dir='ltr'><strong>praeordinatam</strong></span> <span class='ocrx_word' id='word_1_227' title='bbox 2935 1383 3294 1437; x_wconf 73' lang='lat' dir='ltr'><strong>oeconomiam</strong></span> <span class='ocrx_word' id='word_1_228' title='bbox 3316 1423 3332 1450; x_wconf 95' lang='lat'><strong>,</strong></span> <span class='ocrx_word' id='word_1_229' title='bbox 3367 1398 3462 1438; x_wconf 89' lang='lat' dir='ltr'><strong>vo-</strong></span> 
     </span>
    </p>
   </div>
   <div class='ocr_carea' id='block_1_30' title="bbox 1880 1466 3461 1544">
    <p class='ocr_par' dir='ltr' id='par_1_30' title="bbox 1880 1466 3461 1544">
     <span class='ocr_line' id='line_1_30' title="bbox 1880 1466 3461 1544; baseline 0.008 -25"><span class='ocrx_word' id='word_1_230' title='bbox 1880 1484 1900 1519; x_wconf 77' lang='grc' dir='ltr'>ι</span> <span class='ocrx_word' id='word_1_231' title='bbox 1932 1475 2021 1521; x_wconf 89' lang='lat' dir='ltr'><strong>cat</strong></span> <span class='ocrx_word' id='word_1_232' title='bbox 2051 1466 2457 1535; x_wconf 72' lang='lat' dir='ltr'><strong>fundamentum</strong></span> <span class='ocrx_word' id='word_1_233' title='bbox 2503 1484 2521 1523; x_wconf 88' lang='lat'><strong>:</strong></span> <span class='ocrx_word' id='word_1_234' title='bbox 2574 1471 3031 1539; x_wconf 83' lang='lat' dir='ltr'><strong>quemadmodum</strong></span> <span class='ocrx_word' id='word_1_235' title='bbox 3071 1484 3126 1529; x_wconf 89' lang='lat' dir='ltr'><strong>et</strong></span> <span class='ocrx_word' id='word_1_236' title='bbox 3168 1474 3461 1544; x_wconf 83' lang='lat' dir='ltr'><strong>Apostolus</strong></span> 
     </span>
    </p>
   </div>
   <div class='ocr_carea' id='block_1_31' title="bbox 1880 1556 3459 1635">
    <p class='ocr_par' dir='ltr' id='par_1_31' title="bbox 1880 1556 3459 1635">
     <span class='ocr_line' id='line_1_31' title="bbox 1880 1556 3459 1635; baseline 0.008 -26"><span class='ocrx_word' id='word_1_237' title='bbox 1880 1575 1900 1609; x_wconf 78' lang='grc' dir='ltr'><strong>ι</strong></span> <span class='ocrx_word' id='word_1_238' title='bbox 1931 1558 2189 1628; x_wconf 84' lang='lat' dir='ltr'><strong>loquitur,</strong></span> <span class='ocrx_word' id='word_1_239' title='bbox 2222 1556 2658 1615; x_wconf 80' lang='lat' dir='ltr'><strong>Fundamentum</strong></span> <span class='ocrx_word' id='word_1_240' title='bbox 2685 1578 2834 1617; x_wconf 83' lang='lat' dir='ltr'><strong>nemo</strong></span> <span class='ocrx_word' id='word_1_241' title='bbox 2863 1563 3013 1618; x_wconf 85' lang='lat' dir='ltr'><strong>aliud</strong></span> <span class='ocrx_word' id='word_1_242' title='bbox 3032 1573 3206 1635; x_wconf 74' lang='lat' dir='ltr'><strong>potest</strong></span> <span class='ocrx_word' id='word_1_243' title='bbox 3248 1583 3459 1634; x_wconf 84' lang='lat' dir='ltr'><strong>ponere,</strong></span> 
     </span>
    </p>
   </div>
   <div class='ocr_carea' id='block_1_32' title="bbox 1881 1650 3464 1722">
    <p class='ocr_par' dir='ltr' id='par_1_32' title="bbox 1881 1650 3464 1722">
     <span class='ocr_line' id='line_1_32' title="bbox 1881 1650 3464 1722; baseline 0.008 -22"><span class='ocrx_word' id='word_1_244' title='bbox 1881 1667 1900 1700; x_wconf 80' lang='grc' dir='ltr'>ι</span> <span class='ocrx_word' id='word_1_245' title='bbox 1930 1661 2120 1719; x_wconf 62' lang='lat' dir='ltr'><strong>prater</strong></span> <span class='ocrx_word' id='word_1_246' title='bbox 2146 1650 2281 1704; x_wconf 85' lang='lat' dir='ltr'><strong>illud</strong></span> <span class='ocrx_word' id='word_1_247' title='bbox 2309 1654 2449 1722; x_wconf 88' lang='lat' dir='ltr'><strong>quod</strong></span> <span class='ocrx_word' id='word_1_248' title='bbox 2485 1654 2716 1721; x_wconf 87' lang='lat' dir='ltr'><strong>positum</strong></span> <span class='ocrx_word' id='word_1_249' title='bbox 2745 1664 2852 1722; x_wconf 80' lang='lat' dir='ltr'><strong>est,</strong></span> <span class='ocrx_word' id='word_1_250' title='bbox 2879 1657 2969 1722; x_wconf 90' lang='lat' dir='ltr'><strong>qui</strong></span> <span class='ocrx_word' id='word_1_251' title='bbox 2998 1667 3074 1710; x_wconf 86' lang='lat' dir='ltr'><strong>est</strong></span> <span class='ocrx_word' id='word_1_252' title='bbox 3115 1656 3273 1712; x_wconf 78' lang='lat' dir='ltr'><strong>Iesus</strong></span> <span class='ocrx_word' id='word_1_253' title='bbox 3311 1656 3464 1712; x_wconf 83' lang='lat' dir='ltr'><strong>Chri-</strong></span> 
     </span>
    </p>
   </div>
   <div class='ocr_carea' id='block_1_33' title="bbox 1883 1743 3462 1805">
    <p class='ocr_par' dir='ltr' id='par_1_33' title="bbox 1883 1743 3462 1805">
     <span class='ocr_line' id='line_1_33' title="bbox 1883 1743 3462 1805; baseline 0.008 -13"><span class='ocrx_word' id='word_1_254' title='bbox 1883 1760 1902 1792; x_wconf 79' lang='grc' dir='ltr'><strong>ι</strong></span> <span class='ocrx_word' id='word_1_255' title='bbox 1935 1752 2048 1797; x_wconf 86' lang='lat' dir='ltr'><strong>stus</strong></span> <span class='ocrx_word' id='word_1_256' title='bbox 2072 1743 2137 1797; x_wconf 73' lang='lat'><strong>’7.</strong></span> <span class='ocrx_word' id='word_1_257' title='bbox 2178 1761 2199 1795; x_wconf 85' lang='lat' dir='ltr'><strong>s</strong></span> <span class='ocrx_word' id='word_1_258' title='bbox 2218 1743 2414 1798; x_wconf 83' lang='lat' dir='ltr'><strong>Addit:</strong></span> <span class='ocrx_word' id='word_1_259' title='bbox 2440 1762 2460 1795; x_wconf 83' lang='grc' dir='ltr'><strong>ι</strong></span> <span class='ocrx_word' id='word_1_260' title='bbox 2486 1743 2660 1801; x_wconf 89' lang='lat' dir='ltr'><strong>Unius</strong></span> <span class='ocrx_word' id='word_1_261' title='bbox 2678 1756 2858 1800; x_wconf 90' lang='lat' dir='ltr'><strong>autem</strong></span> <span class='ocrx_word' id='word_1_262' title='bbox 2883 1748 3066 1804; x_wconf 59' lang='lat' dir='ltr'><strong>saeculi</strong></span> <span class='ocrx_word' id='word_1_263' title='bbox 3092 1749 3251 1803; x_wconf 86' lang='lat' dir='ltr'><strong>isthic</strong></span> <span class='ocrx_word' id='word_1_264' title='bbox 3269 1749 3462 1805; x_wconf 86' lang='lat' dir='ltr'><strong>memi-</strong></span> 
     </span>
    </p>
   </div>
   <div class='ocr_carea' id='block_1_34' title="bbox 184 1831 1772 1910">
    <p class='ocr_par' dir='ltr' id='par_1_34' title="bbox 184 1834 1772 1909">
     <span class='ocr_line' id='line_1_34' title="bbox 184 1834 1772 1909; baseline 0 -23"><span class='ocrx_word' id='word_1_265' title='bbox 184 1854 205 1884; x_wconf 79' lang='grc' dir='ltr'><strong>ι</strong></span> <span class='ocrx_word' id='word_1_266' title='bbox 248 1836 427 1889; x_wconf 85' lang='grc' dir='ltr'>καίτοι</span> <span class='ocrx_word' id='word_1_267' title='bbox 460 1834 674 1889; x_wconf 84' lang='grc' dir='ltr'>πολλῶν</span> <span class='ocrx_word' id='word_1_268' title='bbox 714 1835 1168 1909; x_wconf 83' lang='grc' dir='ltr'>παρεληλυθότων</span> <span class='ocrx_word' id='word_1_269' title='bbox 1210 1834 1444 1899; x_wconf 84' lang='grc' dir='ltr'>αἰώνων,</span> <span class='ocrx_word' id='word_1_270' title='bbox 1489 1834 1566 1897; x_wconf 84' lang='grc' dir='ltr'><strong>ὡς</strong></span> <span class='ocrx_word' id='word_1_271' title='bbox 1602 1835 1631 1887; x_wconf 97' lang='lat'><strong>6</strong></span> <span class='ocrx_word' id='word_1_272' title='bbox 1669 1835 1772 1887; x_wconf 86' lang='grc' dir='ltr'><strong>Δα-</strong></span> 
     </span>
    </p>
   </div>
   <div class='ocr_carea' id='block_1_35' title="bbox 1884 1831 3461 1910">
    <p class='ocr_par' dir='ltr' id='par_1_35' title="bbox 1885 1833 3461 1910">
     <span class='ocr_line' id='line_1_35' title="bbox 1885 1833 3461 1910; baseline 0.006 -25"><span class='ocrx_word' id='word_1_273' title='bbox 1885 1852 1905 1885; x_wconf 83' lang='grc' dir='ltr'><strong>ι</strong></span> <span class='ocrx_word' id='word_1_274' title='bbox 1941 1833 2043 1898; x_wconf 83' lang='grc' dir='ltr'>ιιίι,</span> <span class='ocrx_word' id='word_1_275' title='bbox 2071 1834 2126 1888; x_wconf 86' lang='lat' dir='ltr'><strong>itt</strong></span> <span class='ocrx_word' id='word_1_276' title='bbox 2155 1849 2262 1903; x_wconf 85' lang='lat' dir='ltr'><strong>quo</strong></span> <span class='ocrx_word' id='word_1_277' title='bbox 2289 1849 2350 1889; x_wconf 82' lang='lat' dir='ltr'><strong>ea</strong></span> <span class='ocrx_word' id='word_1_278' title='bbox 2382 1851 2504 1906; x_wconf 66' lang='lat' dir='ltr'><strong>qua</strong></span> <span class='ocrx_word' id='word_1_279' title='bbox 2530 1838 2596 1891; x_wconf 91' lang='lat' dir='ltr'><strong>ad</strong></span> <span class='ocrx_word' id='word_1_280' title='bbox 2625 1836 2898 1893; x_wconf 87' lang='lat' dir='ltr'><strong>Christum</strong></span> <span class='ocrx_word' id='word_1_281' title='bbox 2934 1850 3204 1910; x_wconf 89' lang='lat' dir='ltr'><strong>spectant,</strong></span> <span class='ocrx_word' id='word_1_282' title='bbox 3236 1841 3461 1896; x_wconf 80' lang='lat' dir='ltr'><strong>fundata</strong></span> 
     </span>
    </p>
   </div>
   <div class='ocr_carea' id='block_1_36' title="bbox 184 1925 1774 2000">
    <p class='ocr_par' dir='ltr' id='par_1_36' title="bbox 184 1925 1774 2000">
     <span class='ocr_line' id='line_1_36' title="bbox 184 1925 1774 2000; baseline 0 -23"><span class='ocrx_word' id='word_1_283' title='bbox 184 1947 203 1976; x_wconf 73' lang='grc' dir='ltr'><strong>ι</strong></span> <span class='ocrx_word' id='word_1_284' title='bbox 242 1927 328 1980; x_wconf 77' lang='grc' dir='ltr'><strong>ϐὶδ</strong></span> <span class='ocrx_word' id='word_1_285' title='bbox 344 1926 471 2000; x_wconf 74' lang='grc' dir='ltr'>ἔφη,</span> <span class='ocrx_word' id='word_1_286' title='bbox 487 1928 550 1981; x_wconf 86' lang='grc' dir='ltr'><strong><em>Ὀ</em></strong></span> <span class='ocrx_word' id='word_1_287' title='bbox 572 1927 859 1998; x_wconf 74' lang='grc' dir='ltr'>ὑπάρχων</span> <span class='ocrx_word' id='word_1_288' title='bbox 881 1929 994 1997; x_wconf 79' lang='grc' dir='ltr'>πρὸ</span> <span class='ocrx_word' id='word_1_289' title='bbox 1019 1926 1136 1981; x_wconf 84' lang='grc' dir='ltr'>τῶν</span> <span class='ocrx_word' id='word_1_290' title='bbox 1155 1926 1404 1982; x_wconf 80' lang='grc' dir='ltr'>αἰώνων.</span> <span class='ocrx_word' id='word_1_291' title='bbox 1431 1946 1450 1979; x_wconf 77' lang='grc' dir='ltr'>ι</span> <span class='ocrx_word' id='word_1_292' title='bbox 1476 1925 1586 1991; x_wconf 78' lang='grc' dir='ltr'><strong>Καὶ</strong></span> <span class='ocrx_word' id='word_1_293' title='bbox 1605 1941 1774 1997; x_wconf 88' lang='grc' dir='ltr'>μετα-</span> 
     </span>
    </p>
   </div>
   <div class='ocr_carea' id='block_1_37' title="bbox 180 2016 1774 2090">
    <p class='ocr_par' dir='ltr' id='par_1_37' title="bbox 180 2016 1774 2090">
     <span class='ocr_line' id='line_1_37' title="bbox 180 2016 1774 2090; baseline -0.001 -18"><span class='ocrx_word' id='word_1_294' title='bbox 180 2019 286 2083; x_wconf 80' lang='grc' dir='ltr'><strong>σάς</strong></span> <span class='ocrx_word' id='word_1_295' title='bbox 314 2019 445 2090; x_wconf 79' lang='grc' dir='ltr'>ἑξῆς</span> <span class='ocrx_word' id='word_1_296' title='bbox 477 2021 571 2074; x_wconf 80' lang='grc' dir='ltr'><strong>ἐπὶ</strong></span> <span class='ocrx_word' id='word_1_297' title='bbox 601 2018 665 2073; x_wconf 82' lang='grc' dir='ltr'>τὺ</span> <span class='ocrx_word' id='word_1_298' title='bbox 691 2021 761 2074; x_wconf 76' lang='grc' dir='ltr'><strong>ἐν</strong></span> <span class='ocrx_word' id='word_1_299' title='bbox 790 2018 951 2089; x_wconf 78' lang='grc' dir='ltr'>ἀρχῇ</span> <span class='ocrx_word' id='word_1_300' title='bbox 980 2019 1094 2088; x_wconf 80' lang='grc' dir='ltr'>πρὸ</span> <span class='ocrx_word' id='word_1_301' title='bbox 1129 2019 1236 2073; x_wconf 84' lang='grc' dir='ltr'><strong>τοῦ</strong></span> <span class='ocrx_word' id='word_1_302' title='bbox 1289 2017 1407 2087; x_wconf 78' lang='grc' dir='ltr'><strong>τὴν</strong></span> <span class='ocrx_word' id='word_1_303' title='bbox 1460 2017 1579 2088; x_wconf 75' lang='grc' dir='ltr'>γῆν</span> <span class='ocrx_word' id='word_1_304' title='bbox 1601 2016 1774 2086; x_wconf 76' lang='grc' dir='ltr'>ποιῆ-</span> 
     </span>
    </p>
   </div>
   <div class='ocr_carea' id='block_1_38' title="bbox 178 2106 1771 2186">
    <p class='ocr_par' dir='ltr' id='par_1_38' title="bbox 178 2106 1771 2186">
     <span class='ocr_line' id='line_1_38' title="bbox 178 2106 1771 2186; baseline -0.002 -18"><span class='ocrx_word' id='word_1_305' title='bbox 178 2128 311 2177; x_wconf 84' lang='grc' dir='ltr'>σαι,</span> <span class='ocrx_word' id='word_1_306' title='bbox 351 2115 445 2167; x_wconf 84' lang='grc' dir='ltr'><strong>καὶ</strong></span> <span class='ocrx_word' id='word_1_307' title='bbox 488 2112 586 2184; x_wconf 81' lang='grc' dir='ltr'>τὴν</span> <span class='ocrx_word' id='word_1_308' title='bbox 624 2114 729 2186; x_wconf 84' lang='grc' dir='ltr'><strong>γῆν</strong></span> <span class='ocrx_word' id='word_1_309' title='bbox 781 2112 943 2168; x_wconf 84' lang='grc' dir='ltr'>πάλιν</span> <span class='ocrx_word' id='word_1_310' title='bbox 984 2111 1082 2183; x_wconf 77' lang='grc' dir='ltr'>τὴν</span> <span class='ocrx_word' id='word_1_311' title='bbox 1159 2111 1339 2183; x_wconf 85' lang='grc' dir='ltr'>σάρκα</span> <span class='ocrx_word' id='word_1_312' title='bbox 1413 2106 1551 2164; x_wconf 75' lang='grc' dir='ltr'>εἶναι</span> <span class='ocrx_word' id='word_1_313' title='bbox 1601 2110 1771 2179; x_wconf 78' lang='grc' dir='ltr'>λέγει.</span> 
     </span>
    </p>
   </div>
   <div class='ocr_carea' id='block_1_39' title="bbox 177 2200 1776 2278">
    <p class='ocr_par' dir='ltr' id='par_1_39' title="bbox 177 2200 1776 2278">
     <span class='ocr_line' id='line_1_39' title="bbox 177 2200 1776 2278; baseline -0.003 -20"><span class='ocrx_word' id='word_1_314' title='bbox 177 2204 466 2278; x_wconf 82' lang='grc' dir='ltr'>Γράφειδὲ</span> <span class='ocrx_word' id='word_1_315' title='bbox 495 2205 658 2260; x_wconf 65' lang='grc' dir='ltr'><strong>οὔτω⁸</strong></span> <span class='ocrx_word' id='word_1_316' title='bbox 701 2224 720 2258; x_wconf 82' lang='grc' dir='ltr'>ι</span> <span class='ocrx_word' id='word_1_317' title='bbox 754 2208 922 2260; x_wconf 85' lang='grc' dir='ltr'><strong>Ποίαν</strong></span> <span class='ocrx_word' id='word_1_318' title='bbox 975 2202 1181 2275; x_wconf 87' lang='grc' dir='ltr'>ταύτην</span> <span class='ocrx_word' id='word_1_319' title='bbox 1232 2202 1330 2275; x_wconf 82' lang='grc' dir='ltr'>τὴν</span> <span class='ocrx_word' id='word_1_320' title='bbox 1372 2200 1776 2272; x_wconf 78' lang='grc' dir='ltr'>γῆν;ἢδηλον-</span> 
     </span>
    </p>
   </div>
   <div class='ocr_carea' id='block_1_40' title="bbox 184 2290 1776 2371">
    <p class='ocr_par' dir='ltr' id='par_1_40' title="bbox 184 2290 1776 2371">
     <span class='ocr_line' id='line_1_40' title="bbox 184 2290 1776 2371; baseline -0.003 -22"><span class='ocrx_word' id='word_1_321' title='bbox 184 2315 207 2349; x_wconf 71' lang='grc' dir='ltr'>ι</span> <span class='ocrx_word' id='word_1_322' title='bbox 249 2298 334 2352; x_wconf 86' lang='grc' dir='ltr'><strong>ότι</strong></span> <span class='ocrx_word' id='word_1_323' title='bbox 362 2298 460 2369; x_wconf 84' lang='grc' dir='ltr'>τὴν</span> <span class='ocrx_word' id='word_1_324' title='bbox 490 2297 768 2371; x_wconf 80' lang='grc' dir='ltr'>ἡμετέραν</span> <span class='ocrx_word' id='word_1_325' title='bbox 800 2296 1003 2368; x_wconf 83' lang='grc' dir='ltr'>σάρκα,</span> <span class='ocrx_word' id='word_1_326' title='bbox 1034 2296 1134 2366; x_wconf 84' lang='grc' dir='ltr'>τὴν</span> <span class='ocrx_word' id='word_1_327' title='bbox 1169 2293 1306 2366; x_wconf 89' lang='grc' dir='ltr'><strong>μετά</strong></span> <span class='ocrx_word' id='word_1_328' title='bbox 1360 2292 1459 2363; x_wconf 82' lang='grc' dir='ltr'><strong>τὴν</strong></span> <span class='ocrx_word' id='word_1_329' title='bbox 1489 2290 1776 2364; x_wconf 81' lang='grc' dir='ltr'>παρακοὴν</span> 
     </span>
    </p>
   </div>
   <div class='ocr_carea' id='block_1_41' title="bbox 184 2382 1779 2460">
    <p class='ocr_par' dir='ltr' id='par_1_41' title="bbox 184 2382 1779 2460">
     <span class='ocr_line' id='line_1_41' title="bbox 184 2382 1779 2460; baseline -0.003 -18"><span class='ocrx_word' id='word_1_330' title='bbox 184 2408 207 2442; x_wconf 81' lang='lat' dir='ltr'><strong>s</strong></span> <span class='ocrx_word' id='word_1_331' title='bbox 246 2389 356 2459; x_wconf 84' lang='grc' dir='ltr'><strong>γῆν</strong></span> <span class='ocrx_word' id='word_1_332' title='bbox 389 2386 546 2454; x_wconf 77' lang='grc' dir='ltr'>αὖθις</span> <span class='ocrx_word' id='word_1_333' title='bbox 583 2389 914 2460; x_wconf 79' lang='grc' dir='ltr'><strong>γενομένην·</strong></span> <span class='ocrx_word' id='word_1_334' title='bbox 947 2386 1040 2455; x_wconf 82' lang='grc' dir='ltr'>Γῆ</span> <span class='ocrx_word' id='word_1_335' title='bbox 1080 2388 1193 2457; x_wconf 82' lang='grc' dir='ltr'><strong>τὰρ</strong></span> <span class='ocrx_word' id='word_1_336' title='bbox 1233 2382 1308 2450; x_wconf 85' lang='grc' dir='ltr'>εἷ,</span> <span class='ocrx_word' id='word_1_337' title='bbox 1338 2384 1525 2456; x_wconf 67' lang='grc' dir='ltr'>φησιν,</span> <span class='ocrx_word' id='word_1_338' title='bbox 1560 2383 1659 2437; x_wconf 81' lang='grc' dir='ltr'>καὶ</span> <span class='ocrx_word' id='word_1_339' title='bbox 1689 2385 1779 2449; x_wconf 84' lang='grc' dir='ltr'><strong>εἰς</strong></span> 
     </span>
    </p>
   </div>
   <div class='ocr_carea' id='block_1_42' title="bbox 184 2476 1778 2553">
    <p class='ocr_par' dir='ltr' id='par_1_42' title="bbox 184 2476 1778 2553">
     <span class='ocr_line' id='line_1_42' title="bbox 184 2476 1778 2553; baseline -0.003 -19"><span class='ocrx_word' id='word_1_340' title='bbox 184 2502 207 2534; x_wconf 81' lang='grc' dir='ltr'><strong>ι</strong></span> <span class='ocrx_word' id='word_1_341' title='bbox 247 2480 371 2553; x_wconf 71' lang='grc' dir='ltr'>γῆν</span> <span class='ocrx_word' id='word_1_342' title='bbox 415 2482 750 2551; x_wconf 77' lang='grc' dir='ltr'>ἀπελεύσῃ.</span> <span class='ocrx_word' id='word_1_343' title='bbox 809 2480 959 2534; x_wconf 86' lang='grc' dir='ltr'><strong>Ἔδει</strong></span> <span class='ocrx_word' id='word_1_344' title='bbox 1004 2479 1114 2551; x_wconf 86' lang='grc' dir='ltr'>γὰρ</span> <span class='ocrx_word' id='word_1_345' title='bbox 1163 2477 1370 2550; x_wconf 87' lang='grc' dir='ltr'>ταύτην</span> <span class='ocrx_word' id='word_1_346' title='bbox 1439 2476 1635 2540; x_wconf 87' lang='grc' dir='ltr'>ἰάσεως</span> <span class='ocrx_word' id='word_1_347' title='bbox 1679 2493 1778 2530; x_wconf 87' lang='grc' dir='ltr'>τυ-</span> 
     </span>
    </p>
   </div>
   <div class='ocr_carea' id='block_1_43' title="bbox 185 2568 1779 2644">
    <p class='ocr_par' dir='ltr' id='par_1_43' title="bbox 185 2568 1779 2644">
     <span class='ocr_line' id='line_1_43' title="bbox 185 2568 1779 2644; baseline -0.001 -21"><span class='ocrx_word' id='word_1_348' title='bbox 185 2595 204 2623; x_wconf 72' lang='grc' dir='ltr'><strong>ε</strong></span> <span class='ocrx_word' id='word_1_349' title='bbox 251 2577 389 2644; x_wconf 82' lang='grc' dir='ltr'><strong>χείν.</strong></span> <span class='ocrx_word' id='word_1_350' title='bbox 432 2592 451 2625; x_wconf 76' lang='grc' dir='ltr'>ι</span> <span class='ocrx_word' id='word_1_351' title='bbox 497 2573 610 2626; x_wconf 78' lang='grc' dir='ltr'><strong>Καὶ</strong></span> <span class='ocrx_word' id='word_1_352' title='bbox 645 2572 821 2627; x_wconf 82' lang='grc' dir='ltr'>ταῦτα</span> <span class='ocrx_word' id='word_1_353' title='bbox 860 2573 918 2626; x_wconf 81' lang='grc' dir='ltr'>δὲ</span> <span class='ocrx_word' id='word_1_354' title='bbox 958 2571 1180 2641; x_wconf 84' lang='grc' dir='ltr'>φάσκει,</span> <span class='ocrx_word' id='word_1_355' title='bbox 1208 2570 1267 2623; x_wconf 79' lang='grc' dir='ltr'><strong>οὺ</strong></span> <span class='ocrx_word' id='word_1_356' title='bbox 1326 2568 1706 2641; x_wconf 86' lang='grc' dir='ltr'>μνημονεύσας</span> <span class='ocrx_word' id='word_1_357' title='bbox 1748 2569 1779 2622; x_wconf 92' lang='grc' dir='ltr'><strong>ὁ</strong></span> 
     </span>
    </p>
   </div>
   <div class='ocr_carea' id='block_1_44' title="bbox 182 2661 1778 2737">
    <p class='ocr_par' dir='ltr' id='par_1_44' title="bbox 182 2661 1778 2737">
     <span class='ocr_line' id='line_1_44' title="bbox 182 2661 1778 2737; baseline -0.004 -17"><span class='ocrx_word' id='word_1_358' title='bbox 182 2665 500 2735; x_wconf 83' lang='grc' dir='ltr'>σοφώτατος</span> <span class='ocrx_word' id='word_1_359' title='bbox 526 2666 602 2729; x_wconf 83' lang='grc' dir='ltr'>ὡς</span> <span class='ocrx_word' id='word_1_360' title='bbox 626 2666 721 2719; x_wconf 74' lang='grc' dir='ltr'><strong>καὶ</strong></span> <span class='ocrx_word' id='word_1_361' title='bbox 745 2665 1006 2737; x_wconf 85' lang='grc' dir='ltr'>ἀνωτέρω</span> <span class='ocrx_word' id='word_1_362' title='bbox 1028 2663 1134 2734; x_wconf 83' lang='grc' dir='ltr'><strong>πρὸ</strong></span> <span class='ocrx_word' id='word_1_363' title='bbox 1159 2662 1254 2716; x_wconf 85' lang='grc' dir='ltr'>τοῦ</span> <span class='ocrx_word' id='word_1_364' title='bbox 1284 2661 1384 2734; x_wconf 76' lang='grc' dir='ltr'><strong>τὴν</strong></span> <span class='ocrx_word' id='word_1_365' title='bbox 1412 2663 1517 2734; x_wconf 90' lang='grc' dir='ltr'><strong>γῆν</strong></span> <span class='ocrx_word' id='word_1_366' title='bbox 1552 2661 1778 2731; x_wconf 81' lang='grc' dir='ltr'>ποιῆσαι</span> 
     </span>
    </p>
   </div>
   <div class='ocr_carea' id='block_1_45' title="bbox 179 2751 1781 2831">
    <p class='ocr_par' dir='ltr' id='par_1_45' title="bbox 179 2751 1781 2831">
     <span class='ocr_line' id='line_1_45' title="bbox 179 2751 1781 2831; baseline -0.003 -20"><span class='ocrx_word' id='word_1_367' title='bbox 179 2758 435 2813; x_wconf 73' lang='grc' dir='ltr'>ἐκτίσθαι</span> <span class='ocrx_word' id='word_1_368' title='bbox 478 2757 578 2830; x_wconf 84' lang='grc' dir='ltr'><strong>τὴν</strong></span> <span class='ocrx_word' id='word_1_369' title='bbox 628 2759 809 2831; x_wconf 87' lang='grc' dir='ltr'>σάρκα</span> <span class='ocrx_word' id='word_1_370' title='bbox 845 2756 1021 2829; x_wconf 79' lang='grc' dir='ltr'>ἀρχὴν</span> <span class='ocrx_word' id='word_1_371' title='bbox 1060 2754 1197 2808; x_wconf 86' lang='grc' dir='ltr'>ὁδῶν</span> <span class='ocrx_word' id='word_1_372' title='bbox 1234 2754 1328 2808; x_wconf 82' lang='grc' dir='ltr'>τοῦ</span> <span class='ocrx_word' id='word_1_373' title='bbox 1375 2753 1509 2807; x_wconf 88' lang='grc' dir='ltr'><strong>Θεοῦ</strong></span> <span class='ocrx_word' id='word_1_374' title='bbox 1541 2751 1781 2826; x_wconf 88' lang='grc' dir='ltr'>εἰρηκὼς</span> 
     </span>
    </p>
   </div>
   <div class='ocr_carea' id='block_1_46' title="bbox 181 2845 1778 2924">
    <p class='ocr_par' dir='ltr' id='par_1_46' title="bbox 181 2845 1778 2924">
     <span class='ocr_line' id='line_1_46' title="bbox 181 2845 1778 2924; baseline -0.004 -19"><span class='ocrx_word' id='word_1_375' title='bbox 181 2852 398 2924; x_wconf 72' lang='grc' dir='ltr'>ἔτυχεν.</span> <span class='ocrx_word' id='word_1_376' title='bbox 431 2853 496 2906; x_wconf 89' lang='grc' dir='ltr'>Εἰ</span> <span class='ocrx_word' id='word_1_377' title='bbox 531 2852 589 2906; x_wconf 82' lang='grc' dir='ltr'>δὲ</span> <span class='ocrx_word' id='word_1_378' title='bbox 617 2851 754 2915; x_wconf 80' lang='grc' dir='ltr'>ὅλως</span> <span class='ocrx_word' id='word_1_379' title='bbox 785 2850 875 2904; x_wconf 82' lang='grc' dir='ltr'>διὰ</span> <span class='ocrx_word' id='word_1_380' title='bbox 908 2850 1007 2921; x_wconf 90' lang='grc' dir='ltr'><strong>τῆς</strong></span> <span class='ocrx_word' id='word_1_381' title='bbox 1043 2849 1147 2919; x_wconf 89' lang='grc' dir='ltr'><strong>γῆς</strong></span> <span class='ocrx_word' id='word_1_382' title='bbox 1186 2846 1286 2919; x_wconf 82' lang='grc' dir='ltr'>τὴν</span> <span class='ocrx_word' id='word_1_383' title='bbox 1327 2845 1529 2916; x_wconf 83' lang='grc' dir='ltr'>σάρκα</span> <span class='ocrx_word' id='word_1_384' title='bbox 1564 2845 1778 2917; x_wconf 78' lang='grc' dir='ltr'>ἐδήλου,</span> 
     </span>
    </p>
   </div>
   <div class='ocr_carea' id='block_1_47' title="bbox 180 2938 1819 3015">
    <p class='ocr_par' dir='ltr' id='par_1_47' title="bbox 180 2938 1819 3015">
     <span class='ocr_line' id='line_1_47' title="bbox 180 2938 1819 3015; baseline -0.002 -18"><span class='ocrx_word' id='word_1_385' title='bbox 180 2945 306 3008; x_wconf 83' lang='grc' dir='ltr'><strong>πῶς</strong></span> <span class='ocrx_word' id='word_1_386' title='bbox 334 2944 396 2997; x_wconf 80' lang='grc' dir='ltr'><strong>οὐ</strong></span> <span class='ocrx_word' id='word_1_387' title='bbox 439 2944 815 3015; x_wconf 80' lang='grc' dir='ltr'>προϋπάρχειν</span> <span class='ocrx_word' id='word_1_388' title='bbox 856 2941 958 3013; x_wconf 87' lang='grc' dir='ltr'><strong>τῆς</strong></span> <span class='ocrx_word' id='word_1_389' title='bbox 991 2939 1194 3011; x_wconf 81' lang='grc' dir='ltr'>σαρκὸς</span> <span class='ocrx_word' id='word_1_390' title='bbox 1236 2938 1451 3010; x_wconf 78' lang='grc' dir='ltr'>ἀνάγκη</span> <span class='ocrx_word' id='word_1_391' title='bbox 1498 2938 1780 3010; x_wconf 79' lang='grc' dir='ltr'>ὁμολογεῖν</span> <span class='ocrx_word' id='word_1_392' title='bbox 1811 3000 1819 3009; x_wconf 51' lang='grc'><strong>,</strong></span> 
     </span>
    </p>
   </div>
   <div class='ocr_carea' id='block_1_48' title="bbox 179 3027 1776 3107">
    <p class='ocr_par' dir='ltr' id='par_1_48' title="bbox 179 3027 1776 3107">
     <span class='ocr_line' id='line_1_48' title="bbox 179 3027 1776 3107; baseline -0.004 -16"><span class='ocrx_word' id='word_1_393' title='bbox 179 3037 280 3091; x_wconf 80' lang='grc' dir='ltr'><strong>τὸν</strong></span> <span class='ocrx_word' id='word_1_394' title='bbox 306 3036 535 3105; x_wconf 82' lang='grc' dir='ltr'>λέγοντα</span> <span class='ocrx_word' id='word_1_395' title='bbox 564 3034 670 3107; x_wconf 84' lang='grc' dir='ltr'><strong>πρὸ</strong></span> <span class='ocrx_word' id='word_1_396' title='bbox 701 3033 795 3088; x_wconf 81' lang='grc' dir='ltr'>τοῦ</span> <span class='ocrx_word' id='word_1_397' title='bbox 838 3033 939 3106; x_wconf 83' lang='grc' dir='ltr'>τὴν</span> <span class='ocrx_word' id='word_1_398' title='bbox 965 3032 1070 3103; x_wconf 84' lang='grc' dir='ltr'><strong>γῆν</strong></span> <span class='ocrx_word' id='word_1_399' title='bbox 1113 3033 1338 3104; x_wconf 82' lang='grc' dir='ltr'>ποιῆσαι</span> <span class='ocrx_word' id='word_1_400' title='bbox 1382 3030 1575 3086; x_wconf 75' lang='grc' dir='ltr'>ἑαυτὸν</span> <span class='ocrx_word' id='word_1_401' title='bbox 1600 3027 1776 3094; x_wconf 75' lang='grc' dir='ltr'>εἰναις</span> 
     </span>
    </p>
   </div>
   <div class='ocr_carea' id='block_1_49' title="bbox 181 3122 1783 3200">
    <p class='ocr_par' dir='ltr' id='par_1_49' title="bbox 181 3122 1783 3200">
     <span class='ocr_line' id='line_1_49' title="bbox 181 3122 1783 3200; baseline -0.004 -16"><span class='ocrx_word' id='word_1_402' title='bbox 181 3128 311 3200; x_wconf 82' lang='grc' dir='ltr'><strong>Πρὸ</strong></span> <span class='ocrx_word' id='word_1_403' title='bbox 350 3127 460 3200; x_wconf 86' lang='grc' dir='ltr'><strong>γάρ</strong></span> <span class='ocrx_word' id='word_1_404' title='bbox 502 3127 611 3182; x_wconf 84' lang='grc' dir='ltr'>τοῦ</span> <span class='ocrx_word' id='word_1_405' title='bbox 654 3125 900 3192; x_wconf 82' lang='grc' dir='ltr'>αἰῶνος,</span> <span class='ocrx_word' id='word_1_406' title='bbox 944 3125 1131 3197; x_wconf 82' lang='grc' dir='ltr'>φησὶν,</span> <span class='ocrx_word' id='word_1_407' title='bbox 1174 3122 1535 3194; x_wconf 70' lang='grc' dir='ltr'>ἐθεμελίωσέ</span> <span class='ocrx_word' id='word_1_408' title='bbox 1562 3139 1660 3193; x_wconf 81' lang='grc' dir='ltr'><strong>με,</strong></span> <span class='ocrx_word' id='word_1_409' title='bbox 1711 3123 1783 3177; x_wconf 81' lang='grc' dir='ltr'><strong>ἐν</strong></span> 
     </span>
    </p>
   </div>
   <div class='ocr_carea' id='block_1_50' title="bbox 182 3212 1778 3293">
    <p class='ocr_par' dir='ltr' id='par_1_50' title="bbox 182 3212 1778 3293">
     <span class='ocr_line' id='line_1_50' title="bbox 182 3212 1778 3293; baseline -0.004 -18"><span class='ocrx_word' id='word_1_410' title='bbox 182 3219 351 3293; x_wconf 71' lang='grc' dir='ltr'>ἀρχῇ</span> <span class='ocrx_word' id='word_1_411' title='bbox 380 3220 495 3288; x_wconf 78' lang='grc' dir='ltr'>πρὸ</span> <span class='ocrx_word' id='word_1_412' title='bbox 532 3218 640 3273; x_wconf 85' lang='grc' dir='ltr'><strong>τοῦ</strong></span> <span class='ocrx_word' id='word_1_413' title='bbox 671 3218 789 3288; x_wconf 79' lang='grc' dir='ltr'><strong>τὴν</strong></span> <span class='ocrx_word' id='word_1_414' title='bbox 823 3215 940 3288; x_wconf 72' lang='grc' dir='ltr'>γῆν</span> <span class='ocrx_word' id='word_1_415' title='bbox 988 3215 1264 3286; x_wconf 81' lang='grc' dir='ltr'>ποιῆσαι.</span> <span class='ocrx_word' id='word_1_416' title='bbox 1307 3215 1517 3270; x_wconf 80' lang='grc' dir='ltr'>Οὐκοῦν</span> <span class='ocrx_word' id='word_1_417' title='bbox 1550 3215 1658 3288; x_wconf 82' lang='grc' dir='ltr'><strong>πρὸ</strong></span> <span class='ocrx_word' id='word_1_418' title='bbox 1681 3212 1778 3268; x_wconf 81' lang='grc' dir='ltr'><strong>τοῦ</strong></span> 
     </span>
    </p>
   </div>
   <div class='ocr_carea' id='block_1_51' title="bbox 180 3306 1782 3386">
    <p class='ocr_par' dir='ltr' id='par_1_51' title="bbox 180 3306 1782 3386">
     <span class='ocr_line' id='line_1_51' title="bbox 180 3306 1782 3386; baseline -0.004 -18"><span class='ocrx_word' id='word_1_419' title='bbox 180 3312 292 3386; x_wconf 69' lang='grc' dir='ltr'>τὴν</span> <span class='ocrx_word' id='word_1_420' title='bbox 329 3313 513 3385; x_wconf 85' lang='grc' dir='ltr'>σάρκα</span> <span class='ocrx_word' id='word_1_421' title='bbox 550 3311 775 3382; x_wconf 89' lang='grc' dir='ltr'>ποιῆσαι</span> <span class='ocrx_word' id='word_1_422' title='bbox 806 3311 836 3363; x_wconf 93' lang='lat'><strong>6</strong></span> <span class='ocrx_word' id='word_1_423' title='bbox 885 3308 1058 3364; x_wconf 82' lang='grc' dir='ltr'>ταῦτα</span> <span class='ocrx_word' id='word_1_424' title='bbox 1100 3307 1275 3378; x_wconf 75' lang='grc' dir='ltr'>λέγων</span> <span class='ocrx_word' id='word_1_425' title='bbox 1308 3308 1574 3379; x_wconf 84' lang='grc' dir='ltr'>ὑπῆρχεν.</span> <span class='ocrx_word' id='word_1_426' title='bbox 1614 3308 1679 3361; x_wconf 88' lang='grc' dir='ltr'>Εἰ</span> <span class='ocrx_word' id='word_1_427' title='bbox 1723 3306 1782 3361; x_wconf 85' lang='grc' dir='ltr'>δὲ</span> 
     </span>
    </p>
   </div>
   <div class='ocr_carea' id='block_1_52' title="bbox 185 3388 1780 3477">
    <p class='ocr_par' dir='ltr' id='par_1_52' title="bbox 185 3388 1780 3477">
     <span class='ocr_line' id='line_1_52' title="bbox 185 3388 1780 3477; baseline -0.006 -17"><span class='ocrx_word' id='word_1_428' title='bbox 185 3405 288 3460; x_wconf 78' lang='grc' dir='ltr'>καὶ</span> <span class='ocrx_word' id='word_1_429' title='bbox 321 3404 396 3477; x_wconf 82' lang='grc' dir='ltr'>μὴ</span> <span class='ocrx_word' id='word_1_430' title='bbox 420 3402 633 3457; x_wconf 81' lang='grc' dir='ltr'>πολλῶν</span> <span class='ocrx_word' id='word_1_431' title='bbox 671 3400 883 3457; x_wconf 79' lang='grc' dir='ltr'>αἰώνων</span> <span class='ocrx_word' id='word_1_432' title='bbox 913 3403 1051 3472; x_wconf 83' lang='grc' dir='ltr'>ὲμνη</span> <span class='ocrx_word' id='word_1_433' title='bbox 1061 3399 1341 3472; x_wconf 84' lang='grc' dir='ltr'>μόνευσεν,</span> <span class='ocrx_word' id='word_1_434' title='bbox 1377 3397 1490 3452; x_wconf 82' lang='grc' dir='ltr'>ἀλλ’</span> <span class='ocrx_word' id='word_1_435' title='bbox 1533 3397 1672 3463; x_wconf 71' lang='grc' dir='ltr'>ἑνὸς,</span> <span class='ocrx_word' id='word_1_436' title='bbox 1717 3388 1780 3450; x_wconf 76' lang='grc' dir='ltr'><strong>οὗ</strong></span> 
     </span>
    </p>
   </div>
   <div class='ocr_carea' id='block_1_53' title="bbox 183 3489 1783 3568">
    <p class='ocr_par' dir='ltr' id='par_1_53' title="bbox 183 3489 1783 3568">
     <span class='ocr_line' id='line_1_53' title="bbox 183 3489 1783 3568; baseline -0.006 -16"><span class='ocrx_word' id='word_1_437' title='bbox 183 3497 287 3552; x_wconf 80' lang='grc' dir='ltr'>καὶ</span> <span class='ocrx_word' id='word_1_438' title='bbox 325 3499 356 3551; x_wconf 97' lang='lat'><strong>6</strong></span> <span class='ocrx_word' id='word_1_439' title='bbox 386 3496 578 3566; x_wconf 84' lang='grc' dir='ltr'>Σωτὴρ</span> <span class='ocrx_word' id='word_1_440' title='bbox 619 3493 865 3568; x_wconf 77' lang='grc' dir='ltr'>ὲμνησθη</span> <span class='ocrx_word' id='word_1_441' title='bbox 904 3491 1106 3558; x_wconf 87' lang='grc' dir='ltr'>εἰπὼν,</span> <span class='ocrx_word' id='word_1_442' title='bbox 1145 3494 1213 3546; x_wconf 81' lang='lat' dir='ltr'><em>Ol</em></span> <span class='ocrx_word' id='word_1_443' title='bbox 1252 3489 1373 3546; x_wconf 77' lang='grc' dir='ltr'>υἰοὶ</span> <span class='ocrx_word' id='word_1_444' title='bbox 1417 3490 1527 3545; x_wconf 85' lang='grc' dir='ltr'><strong>τοῦ</strong></span> <span class='ocrx_word' id='word_1_445' title='bbox 1565 3489 1783 3555; x_wconf 69' lang='grc' dir='ltr'>αἰῶνος</span> 
     </span>
    </p>
   </div>
   <div class='ocr_carea' id='block_1_54' title="bbox 182 3572 1783 3654">
    <p class='ocr_par' dir='ltr' id='par_1_54' title="bbox 182 3572 1783 3654">
     <span class='ocr_line' id='line_1_54' title="bbox 182 3572 1783 3654; baseline -0.005 -13"><span class='ocrx_word' id='word_1_446' title='bbox 182 3572 407 3641; x_wconf 72' lang='grc' dir='ltr'>τούτου</span> <span class='ocrx_word' id='word_1_447' title='bbox 439 3583 700 3654; x_wconf 74' lang='grc' dir='ltr'>γαμοῦσι</span> <span class='ocrx_word' id='word_1_448' title='bbox 730 3583 830 3637; x_wconf 82' lang='grc' dir='ltr'><strong>καί</strong></span> <span class='ocrx_word' id='word_1_449' title='bbox 859 3583 1255 3654; x_wconf 68' lang='grc' dir='ltr'>γαμίσκονται</span> <span class='ocrx_word' id='word_1_450' title='bbox 1273 3621 1289 3648; x_wconf 89' lang='grc'><strong>,</strong></span> <span class='ocrx_word' id='word_1_451' title='bbox 1338 3582 1435 3635; x_wconf 78' lang='grc' dir='ltr'>καὶ</span> <span class='ocrx_word' id='word_1_452' title='bbox 1467 3578 1641 3644; x_wconf 76' lang='grc' dir='ltr'>οὕτως</span> <span class='ocrx_word' id='word_1_453' title='bbox 1683 3580 1783 3653; x_wconf 77' lang='grc' dir='ltr'><strong>οὐχ</strong></span> 
     </span>
    </p>
   </div>
   <div class='ocr_carea' id='block_1_55' title="bbox 184 3671 1782 3749">
    <p class='ocr_par' dir='ltr' id='par_1_55' title="bbox 184 3671 1782 3749">
     <span class='ocr_line' id='line_1_55' title="bbox 184 3671 1782 3749; baseline -0.003 -19"><span class='ocrx_word' id='word_1_454' title='bbox 184 3678 223 3749; x_wconf 74' lang='grc' dir='ltr'><strong>ἡ</strong></span> <span class='ocrx_word' id='word_1_455' title='bbox 252 3675 393 3747; x_wconf 83' lang='grc' dir='ltr'>σάρξ</span> <span class='ocrx_word' id='word_1_456' title='bbox 414 3677 480 3748; x_wconf 78' lang='grc' dir='ltr'>ἢν</span> <span class='ocrx_word' id='word_1_457' title='bbox 509 3676 799 3748; x_wconf 83' lang='grc' dir='ltr'>ἀνείληφεν</span> <span class='ocrx_word' id='word_1_458' title='bbox 826 3677 854 3729; x_wconf 93' lang='lat'><strong>6</strong></span> <span class='ocrx_word' id='word_1_459' title='bbox 882 3674 1073 3747; x_wconf 79' lang='grc' dir='ltr'>Σωτὴρ</span> <span class='ocrx_word' id='word_1_460' title='bbox 1102 3673 1264 3746; x_wconf 83' lang='grc' dir='ltr'>ἡμῶν</span> <span class='ocrx_word' id='word_1_461' title='bbox 1292 3673 1401 3746; x_wconf 77' lang='grc' dir='ltr'><strong>πρὸ</strong></span> <span class='ocrx_word' id='word_1_462' title='bbox 1427 3672 1525 3726; x_wconf 85' lang='grc' dir='ltr'><strong>τοῦ</strong></span> <span class='ocrx_word' id='word_1_463' title='bbox 1550 3671 1782 3726; x_wconf 77' lang='grc' dir='ltr'>ἐνεστῶ-</span> 
     </span>
    </p>
   </div>
   <div class='ocr_carea' id='block_1_56' title="bbox 183 3763 1785 3838">
    <p class='ocr_par' dir='ltr' id='par_1_56' title="bbox 183 3763 1785 3838">
     <span class='ocr_line' id='line_1_56' title="bbox 183 3763 1785 3838; baseline -0.002 -17"><span class='ocrx_word' id='word_1_464' title='bbox 183 3783 286 3831; x_wconf 81' lang='grc' dir='ltr'><strong>τος</strong></span> <span class='ocrx_word' id='word_1_465' title='bbox 309 3766 505 3832; x_wconf 82' lang='grc' dir='ltr'>αἰῶνος</span> <span class='ocrx_word' id='word_1_466' title='bbox 529 3766 745 3838; x_wconf 83' lang='grc' dir='ltr'>ὑπῆρχε</span> <span class='ocrx_word' id='word_1_467' title='bbox 764 3783 780 3798; x_wconf 73' lang='grc' dir='ltr'><strong><em>ο</em></strong></span> <span class='ocrx_word' id='word_1_468' title='bbox 822 3765 936 3820; x_wconf 88' lang='grc' dir='ltr'>ἀλλ’</span> <span class='ocrx_word' id='word_1_469' title='bbox 966 3765 1129 3829; x_wconf 82' lang='grc' dir='ltr'>αὐτὸς</span> <span class='ocrx_word' id='word_1_470' title='bbox 1152 3767 1181 3819; x_wconf 90' lang='grc' dir='ltr'><strong>ὁ</strong></span> <span class='ocrx_word' id='word_1_471' title='bbox 1217 3764 1390 3820; x_wconf 78' lang='grc' dir='ltr'>ταῦτα</span> <span class='ocrx_word' id='word_1_472' title='bbox 1418 3763 1508 3818; x_wconf 88' lang='grc' dir='ltr'><strong>διά</strong></span> <span class='ocrx_word' id='word_1_473' title='bbox 1534 3763 1785 3836; x_wconf 85' lang='grc' dir='ltr'>Σολομῶ-</span> 
     </span>
    </p>
   </div>
   <div class='ocr_carea' id='block_1_57' title="bbox 185 3857 1785 3933">
    <p class='ocr_par' dir='ltr' id='par_1_57' title="bbox 185 3857 1785 3933">
     <span class='ocr_line' id='line_1_57' title="bbox 185 3857 1785 3933; baseline -0.001 -21"><span class='ocrx_word' id='word_1_474' title='bbox 185 3878 285 3925; x_wconf 85' lang='grc' dir='ltr'><strong>νος</strong></span> <span class='ocrx_word' id='word_1_475' title='bbox 309 3860 596 3927; x_wconf 82' lang='grc' dir='ltr'>διδάσκων,</span> <span class='ocrx_word' id='word_1_476' title='bbox 622 3861 755 3931; x_wconf 84' lang='grc' dir='ltr'>ὁρᾷς</span> <span class='ocrx_word' id='word_1_477' title='bbox 780 3860 882 3933; x_wconf 86' lang='grc' dir='ltr'><strong>ὃσῃ</strong></span> <span class='ocrx_word' id='word_1_478' title='bbox 911 3858 1303 3932; x_wconf 82' lang='grc' dir='ltr'>περιπέπτωκε</span> <span class='ocrx_word' id='word_1_479' title='bbox 1325 3858 1603 3931; x_wconf 73' lang='grc' dir='ltr'>δυσχωρίᾳ.</span> <span class='ocrx_word' id='word_1_480' title='bbox 1629 3859 1658 3910; x_wconf 92' lang='grc' dir='ltr'><strong>ὁ</strong></span> <span class='ocrx_word' id='word_1_481' title='bbox 1684 3857 1785 3928; x_wconf 89' lang='grc' dir='ltr'><strong>τῆς</strong></span> 
     </span>
    </p>
   </div>
   <div class='ocr_carea' id='block_1_58' title="bbox 186 3950 1786 4024">
    <p class='ocr_par' dir='ltr' id='par_1_58' title="bbox 186 3950 1786 4024">
     <span class='ocr_line' id='line_1_58' title="bbox 186 3950 1786 4024; baseline -0.003 -15"><span class='ocrx_word' id='word_1_482' title='bbox 186 3952 410 4017; x_wconf 80' lang='grc' dir='ltr'>εὐθείας</span> <span class='ocrx_word' id='word_1_483' title='bbox 439 3953 537 4007; x_wconf 83' lang='grc' dir='ltr'>καὶ</span> <span class='ocrx_word' id='word_1_484' title='bbox 569 3952 682 4024; x_wconf 80' lang='grc'><strong>(81)</strong></span> <span class='ocrx_word' id='word_1_485' title='bbox 719 3951 1004 4023; x_wconf 82' lang='grc' dir='ltr'>βασιλικῆς</span> <span class='ocrx_word' id='word_1_486' title='bbox 1046 3952 1428 4022; x_wconf 73' lang='grc' dir='ltr'>παρατραπείς</span> <span class='ocrx_word' id='word_1_487' title='bbox 1467 3951 1610 4005; x_wconf 86' lang='grc' dir='ltr'>ὁδοῦ.</span> <span class='ocrx_word' id='word_1_488' title='bbox 1648 3951 1706 4005; x_wconf 80' lang='lat'><strong>&#39;0</strong></span> <span class='ocrx_word' id='word_1_489' title='bbox 1727 3950 1786 4004; x_wconf 86' lang='grc' dir='ltr'>δὲ</span> 
     </span>
    </p>
   </div>
   <div class='ocr_carea' id='block_1_59' title="bbox 186 4039 1786 4116">
    <p class='ocr_par' dir='ltr' id='par_1_59' title="bbox 186 4039 1786 4116">
     <span class='ocr_line' id='line_1_59' title="bbox 186 4039 1786 4116; baseline -0.004 -17"><span class='ocrx_word' id='word_1_490' title='bbox 186 4043 335 4116; x_wconf 78' lang='grc' dir='ltr'>πρὸς</span> <span class='ocrx_word' id='word_1_491' title='bbox 372 4045 493 4107; x_wconf 83' lang='grc' dir='ltr'>ταῖς</span> <span class='ocrx_word' id='word_1_492' title='bbox 522 4042 842 4114; x_wconf 72' lang='grc' dir='ltr'>εἰρημέναις</span> <span class='ocrx_word' id='word_1_493' title='bbox 876 4040 956 4094; x_wconf 79' lang='grc' dir='ltr'><strong>ἔτι</strong></span> <span class='ocrx_word' id='word_1_494' title='bbox 997 4041 1094 4095; x_wconf 73' lang='grc' dir='ltr'><strong>καὶ</strong></span> <span class='ocrx_word' id='word_1_495' title='bbox 1135 4040 1313 4095; x_wconf 80' lang='grc' dir='ltr'>ταῦτα</span> <span class='ocrx_word' id='word_1_496' title='bbox 1340 4039 1667 4113; x_wconf 86' lang='grc' dir='ltr'>προστίθησι</span> <span class='ocrx_word' id='word_1_497' title='bbox 1697 4039 1786 4093; x_wconf 84' lang='grc' dir='ltr'><strong>λέ-</strong></span> 
     </span>
    </p>
   </div>
   <div class='ocr_carea' id='block_1_60' title="bbox 186 4131 1789 4207">
    <p class='ocr_par' dir='ltr' id='par_1_60' title="bbox 186 4131 1789 4207">
     <span class='ocr_line' id='line_1_60' title="bbox 186 4131 1789 4207; baseline -0.004 -17"><span class='ocrx_word' id='word_1_498' title='bbox 186 4153 342 4207; x_wconf 78' lang='grc' dir='ltr'>γων·</span> <span class='ocrx_word' id='word_1_499' title='bbox 375 4134 494 4206; x_wconf 84' lang='grc' dir='ltr'><strong>Πρύ</strong></span> <span class='ocrx_word' id='word_1_500' title='bbox 533 4134 638 4189; x_wconf 87' lang='grc' dir='ltr'><strong>τοῦ</strong></span> <span class='ocrx_word' id='word_1_501' title='bbox 666 4134 773 4200; x_wconf 84' lang='grc' dir='ltr'>τὰς</span> <span class='ocrx_word' id='word_1_502' title='bbox 803 4134 1119 4199; x_wconf 80' lang='grc' dir='ltr'>ἀϐύσσους</span> <span class='ocrx_word' id='word_1_503' title='bbox 1155 4131 1441 4202; x_wconf 79' lang='grc' dir='ltr'>ποιῆσαι,</span> <span class='ocrx_word' id='word_1_504' title='bbox 1473 4132 1668 4205; x_wconf 82' lang='grc' dir='ltr'><strong>φησιν⁸</strong></span> <span class='ocrx_word' id='word_1_505' title='bbox 1701 4133 1789 4185; x_wconf 79' lang='grc' dir='ltr'><strong>ὲν-</strong></span> 
     </span>
    </p>
   </div>
   <div class='ocr_carea' id='block_1_61' title="bbox 186 4225 1787 4300">
    <p class='ocr_par' dir='ltr' id='par_1_61' title="bbox 186 4225 1787 4300">
     <span class='ocr_line' id='line_1_61' title="bbox 186 4225 1787 4300; baseline -0.004 -16"><span class='ocrx_word' id='word_1_506' title='bbox 186 4228 372 4284; x_wconf 82' lang='grc' dir='ltr'>ταῦθα</span> <span class='ocrx_word' id='word_1_507' title='bbox 401 4228 500 4292; x_wconf 86' lang='grc' dir='ltr'><strong>τάς</strong></span> <span class='ocrx_word' id='word_1_508' title='bbox 539 4227 809 4292; x_wconf 75' lang='grc' dir='ltr'>ἀϐύσσους</span> <span class='ocrx_word' id='word_1_509' title='bbox 852 4225 1239 4300; x_wconf 86' lang='grc' dir='ltr'>παροιμιωδῶς</span> <span class='ocrx_word' id='word_1_510' title='bbox 1280 4229 1310 4281; x_wconf 91' lang='lat'><strong>6</strong></span> <span class='ocrx_word' id='word_1_511' title='bbox 1354 4228 1644 4299; x_wconf 78' lang='grc' dir='ltr'>προφήτης</span> <span class='ocrx_word' id='word_1_512' title='bbox 1686 4225 1787 4289; x_wconf 88' lang='grc' dir='ltr'>τὰς</span> 
     </span>
    </p>
   </div>
   <div class='ocr_carea' id='block_1_62' title="bbox 185 4315 1787 4390">
    <p class='ocr_par' dir='ltr' id='par_1_62' title="bbox 185 4315 1787 4390">
     <span class='ocr_line' id='line_1_62' title="bbox 185 4315 1787 4390; baseline -0.002 -15"><span class='ocrx_word' id='word_1_513' title='bbox 185 4321 304 4375; x_wconf 84' lang='grc' dir='ltr'><strong>τῶν</strong></span> <span class='ocrx_word' id='word_1_514' title='bbox 344 4320 515 4388; x_wconf 81' lang='grc' dir='ltr'>ἁγίων</span> <span class='ocrx_word' id='word_1_515' title='bbox 563 4320 793 4390; x_wconf 83' lang='grc' dir='ltr'>καρδίας</span> <span class='ocrx_word' id='word_1_516' title='bbox 832 4315 970 4373; x_wconf 79' lang='grc' dir='ltr'>εἶναι</span> <span class='ocrx_word' id='word_1_517' title='bbox 1011 4318 1197 4388; x_wconf 82' lang='grc' dir='ltr'>λέγει,</span> <span class='ocrx_word' id='word_1_518' title='bbox 1230 4317 1330 4382; x_wconf 83' lang='grc' dir='ltr'><strong>τάς</strong></span> <span class='ocrx_word' id='word_1_519' title='bbox 1379 4320 1437 4371; x_wconf 84' lang='grc' dir='ltr'>ὲν</span> <span class='ocrx_word' id='word_1_520' title='bbox 1464 4317 1546 4389; x_wconf 82' lang='grc' dir='ltr'>τῷ</span> <span class='ocrx_word' id='word_1_521' title='bbox 1578 4316 1787 4372; x_wconf 78' lang='grc' dir='ltr'>ἑαυτῶν</span> 
     </span>
    </p>
   </div>
   <div class='ocr_carea' id='block_1_63' title="bbox 190 4409 1784 4487">
    <p class='ocr_par' dir='ltr' id='par_1_63' title="bbox 190 4409 1784 4487">
     <span class='ocr_line' id='line_1_63' title="bbox 190 4409 1784 4487; baseline -0.003 -19"><span class='ocrx_word' id='word_1_522' title='bbox 190 4412 353 4487; x_wconf 80' lang='grc' dir='ltr'>βάθει</span> <span class='ocrx_word' id='word_1_523' title='bbox 390 4413 493 4484; x_wconf 85' lang='grc' dir='ltr'><strong>τὴν</strong></span> <span class='ocrx_word' id='word_1_524' title='bbox 526 4412 620 4467; x_wconf 82' lang='grc' dir='ltr'>τοῦ</span> <span class='ocrx_word' id='word_1_525' title='bbox 663 4412 974 4484; x_wconf 88' lang='grc' dir='ltr'>πνεύματος</span> <span class='ocrx_word' id='word_1_526' title='bbox 1015 4411 1249 4483; x_wconf 75' lang='grc' dir='ltr'>ἐχούσας</span> <span class='ocrx_word' id='word_1_527' title='bbox 1298 4409 1530 4483; x_wconf 85' lang='grc' dir='ltr'>δωρεάν·</span> <span class='ocrx_word' id='word_1_528' title='bbox 1573 4409 1669 4465; x_wconf 77' lang='grc' dir='ltr'>καὶ</span> <span class='ocrx_word' id='word_1_529' title='bbox 1723 4410 1784 4463; x_wconf 87' lang='grc' dir='ltr'><strong>ού</strong></span> 
     </span>
    </p>
   </div>
   <div class='ocr_carea' id='block_1_64' title="bbox 1882 1929 3459 2001">
    <p class='ocr_par' dir='ltr' id='par_1_64' title="bbox 1882 1929 3459 2001">
     <span class='ocr_line' id='line_1_64' title="bbox 1882 1929 3459 2001; baseline 0.003 -21"><span class='ocrx_word' id='word_1_530' title='bbox 1882 1947 1901 1980; x_wconf 81' lang='grc' dir='ltr'><strong>ι</strong></span> <span class='ocrx_word' id='word_1_531' title='bbox 1933 1943 2055 1984; x_wconf 89' lang='lat' dir='ltr'><strong>esse</strong></span> <span class='ocrx_word' id='word_1_532' title='bbox 2077 1929 2228 1993; x_wconf 88' lang='lat' dir='ltr'><strong>dicit,</strong></span> <span class='ocrx_word' id='word_1_533' title='bbox 2258 1945 2380 1982; x_wconf 88' lang='lat' dir='ltr'><strong>cum</strong></span> <span class='ocrx_word' id='word_1_534' title='bbox 2403 1938 2581 1985; x_wconf 91' lang='lat' dir='ltr'><strong>tamen</strong></span> <span class='ocrx_word' id='word_1_535' title='bbox 2614 1929 2766 2001; x_wconf 88' lang='lat' dir='ltr'><strong>plura</strong></span> <span class='ocrx_word' id='word_1_536' title='bbox 2791 1932 3177 2001; x_wconf 67' lang='lat' dir='ltr'><strong>praeteriissent</strong></span> <span class='ocrx_word' id='word_1_537' title='bbox 3216 1932 3415 1987; x_wconf 65' lang='lat' dir='ltr'><strong>saecula</strong></span> <span class='ocrx_word' id='word_1_538' title='bbox 3442 1949 3459 1986; x_wconf 89' lang='lat'><strong>:</strong></span> 
     </span>
    </p>
   </div>
   <div class='ocr_carea' id='block_1_65' title="bbox 1883 2019 3462 2089">
    <p class='ocr_par' dir='ltr' id='par_1_65' title="bbox 1883 2019 3462 2089">
     <span class='ocr_line' id='line_1_65' title="bbox 1883 2019 3462 2089; baseline 0.004 -16"><span class='ocrx_word' id='word_1_539' title='bbox 1883 2037 1903 2072; x_wconf 82' lang='grc' dir='ltr'><strong>ι</strong></span> <span class='ocrx_word' id='word_1_540' title='bbox 1942 2020 2162 2089; x_wconf 84' lang='lat' dir='ltr'><strong>quodet</strong></span> <span class='ocrx_word' id='word_1_541' title='bbox 2200 2019 2370 2074; x_wconf 85' lang='lat' dir='ltr'><strong>David</strong></span> <span class='ocrx_word' id='word_1_542' title='bbox 2420 2019 2672 2086; x_wconf 84' lang='lat' dir='ltr'><strong>allirmat,</strong></span> <span class='ocrx_word' id='word_1_543' title='bbox 2716 2022 2989 2089; x_wconf 84' lang='lat' dir='ltr'><strong>inquiens,</strong></span> <span class='ocrx_word' id='word_1_544' title='bbox 3020 2022 3124 2089; x_wconf 83' lang='lat' dir='ltr'><strong>Qui</strong></span> <span class='ocrx_word' id='word_1_545' title='bbox 3173 2031 3287 2078; x_wconf 82' lang='lat' dir='ltr'><strong>erat</strong></span> <span class='ocrx_word' id='word_1_546' title='bbox 3338 2033 3462 2081; x_wconf 77' lang='lat' dir='ltr'><strong>ante</strong></span> 
     </span>
    </p>
   </div>
   <div class='ocr_carea' id='block_1_66' title="bbox 1882 2110 3457 2184">
    <p class='ocr_par' dir='ltr' id='par_1_66' title="bbox 1882 2110 3457 2184">
     <span class='ocr_line' id='line_1_66' title="bbox 1882 2110 3457 2184; baseline 0.004 -20"><span class='ocrx_word' id='word_1_547' title='bbox 1882 2130 1902 2164; x_wconf 77' lang='grc' dir='ltr'><strong>ι</strong></span> <span class='ocrx_word' id='word_1_548' title='bbox 1939 2110 2137 2166; x_wconf 75' lang='lat' dir='ltr'><strong>swcula</strong></span> <span class='ocrx_word' id='word_1_549' title='bbox 2163 2112 2230 2165; x_wconf 79' lang='lat'><strong>“.</strong></span> <span class='ocrx_word' id='word_1_550' title='bbox 2263 2131 2282 2164; x_wconf 76' lang='grc' dir='ltr'>ι</span> <span class='ocrx_word' id='word_1_551' title='bbox 2307 2110 2631 2181; x_wconf 78' lang='lat' dir='ltr'><strong>Progressus</strong></span> <span class='ocrx_word' id='word_1_552' title='bbox 2657 2113 2785 2169; x_wconf 88' lang='lat' dir='ltr'><strong>hinc</strong></span> <span class='ocrx_word' id='word_1_553' title='bbox 2810 2116 2878 2169; x_wconf 85' lang='lat' dir='ltr'><strong>ad</strong></span> <span class='ocrx_word' id='word_1_554' title='bbox 2914 2115 3063 2180; x_wconf 90' lang='lat' dir='ltr'><strong>illud,</strong></span> <span class='ocrx_word' id='word_1_555' title='bbox 3093 2112 3159 2168; x_wconf 88' lang='lat' dir='ltr'><strong>In</strong></span> <span class='ocrx_word' id='word_1_556' title='bbox 3179 2117 3457 2184; x_wconf 83' lang='lat' dir='ltr'><strong>principio,</strong></span> 
     </span>
    </p>
   </div>
   <div class='ocr_carea' id='block_1_67' title="bbox 1877 2204 3463 2273">
    <p class='ocr_par' dir='ltr' id='par_1_67' title="bbox 1877 2204 3463 2273">
     <span class='ocr_line' id='line_1_67' title="bbox 1877 2204 3463 2273; baseline 0.004 -18"><span class='ocrx_word' id='word_1_557' title='bbox 1877 2205 2187 2273; x_wconf 75' lang='lat' dir='ltr'><strong>priusquam</strong></span> <span class='ocrx_word' id='word_1_558' title='bbox 2236 2214 2431 2259; x_wconf 81' lang='lat' dir='ltr'><strong>terram</strong></span> <span class='ocrx_word' id='word_1_559' title='bbox 2472 2204 2738 2271; x_wconf 78' lang='lat' dir='ltr'><strong>conderet,</strong></span> <span class='ocrx_word' id='word_1_560' title='bbox 2790 2206 2865 2259; x_wconf 89' lang='lat' dir='ltr'><strong>ihi</strong></span> <span class='ocrx_word' id='word_1_561' title='bbox 2894 2207 3072 2260; x_wconf 90' lang='lat' dir='ltr'><strong>denuo</strong></span> <span class='ocrx_word' id='word_1_562' title='bbox 3106 2216 3305 2261; x_wconf 79' lang='lat' dir='ltr'><strong>terrain</strong></span> <span class='ocrx_word' id='word_1_563' title='bbox 3339 2223 3463 2262; x_wconf 80' lang='lat' dir='ltr'><strong>esse</strong></span> 
     </span>
    </p>
   </div>
   <div class='ocr_carea' id='block_1_68' title="bbox 1877 2297 3530 2365">
    <p class='ocr_par' dir='ltr' id='par_1_68' title="bbox 1877 2297 3530 2365">
     <span class='ocr_line' id='line_1_68' title="bbox 1877 2297 3530 2365; baseline 0.004 -15"><span class='ocrx_word' id='word_1_564' title='bbox 1877 2310 2100 2351; x_wconf 71' lang='lat' dir='ltr'><strong>carnem</strong></span> <span class='ocrx_word' id='word_1_565' title='bbox 2145 2305 2448 2355; x_wconf 82' lang='lat' dir='ltr'><strong>asseverat.</strong></span> <span class='ocrx_word' id='word_1_566' title='bbox 2479 2315 2499 2349; x_wconf 85' lang='grc' dir='ltr'><strong>ι</strong></span> <span class='ocrx_word' id='word_1_567' title='bbox 2528 2297 2831 2365; x_wconf 81' lang='lat' dir='ltr'><strong>Quamnam</strong></span> <span class='ocrx_word' id='word_1_568' title='bbox 2872 2314 3002 2354; x_wconf 87' lang='lat' dir='ltr'><strong>vero</strong></span> <span class='ocrx_word' id='word_1_569' title='bbox 3058 2300 3300 2355; x_wconf 75' lang='lat' dir='ltr'><strong>terram?</strong></span> <span class='ocrx_word' id='word_1_570' title='bbox 3331 2318 3351 2352; x_wconf 74' lang='grc' dir='ltr'>ι</span> <span class='ocrx_word' id='word_1_571' title='bbox 3384 2300 3461 2356; x_wconf 79' lang='lat' dir='ltr'><strong>ita</strong></span> <span class='ocrx_word' id='word_1_572' title='bbox 3518 2336 3530 2347; x_wconf 88' lang='lat'><strong>-</strong></span> 
     </span>
    </p>
   </div>
   <div class='ocr_carea' id='block_1_69' title="bbox 1880 2391 3462 2465">
    <p class='ocr_par' dir='ltr' id='par_1_69' title="bbox 1880 2391 3462 2465">
     <span class='ocr_line' id='line_1_69' title="bbox 1880 2391 3462 2465; baseline 0.003 -22"><span class='ocrx_word' id='word_1_573' title='bbox 1880 2391 1956 2445; x_wconf 90' lang='lat' dir='ltr'><strong>ait</strong></span> <span class='ocrx_word' id='word_1_574' title='bbox 1985 2407 1999 2443; x_wconf 90' lang='lat'><strong>:</strong></span> <span class='ocrx_word' id='word_1_575' title='bbox 2035 2409 2054 2442; x_wconf 78' lang='grc' dir='ltr'><strong>ι</strong></span> <span class='ocrx_word' id='word_1_576' title='bbox 2086 2400 2234 2446; x_wconf 76' lang='lat' dir='ltr'><strong>certe</strong></span> <span class='ocrx_word' id='word_1_577' title='bbox 2264 2406 2368 2445; x_wconf 89' lang='lat' dir='ltr'><strong>non</strong></span> <span class='ocrx_word' id='word_1_578' title='bbox 2398 2392 2558 2446; x_wconf 83' lang='lat' dir='ltr'><strong>aliam</strong></span> <span class='ocrx_word' id='word_1_579' title='bbox 2582 2409 2744 2462; x_wconf 86' lang='lat' dir='ltr'><strong>quam</strong></span> <span class='ocrx_word' id='word_1_580' title='bbox 2776 2408 2998 2447; x_wconf 81' lang='lat' dir='ltr'><strong>carnem</strong></span> <span class='ocrx_word' id='word_1_581' title='bbox 3024 2405 3264 2448; x_wconf 89' lang='lat' dir='ltr'><strong>nostram</strong></span> <span class='ocrx_word' id='word_1_582' title='bbox 3296 2410 3311 2447; x_wconf 90' lang='lat'><strong>:</strong></span> <span class='ocrx_word' id='word_1_583' title='bbox 3341 2410 3462 2465; x_wconf 63' lang='lat' dir='ltr'><strong>quas</strong></span> 
     </span>
    </p>
   </div>
   <div class='ocr_carea' id='block_1_70' title="bbox 1885 2484 3461 2553">
    <p class='ocr_par' dir='ltr' id='par_1_70' title="bbox 1885 2484 3461 2553">
     <span class='ocr_line' id='line_1_70' title="bbox 1885 2484 3461 2553; baseline 0.004 -19"><span class='ocrx_word' id='word_1_584' title='bbox 1885 2501 1905 2534; x_wconf 76' lang='grc' dir='ltr'><strong>ι</strong></span> <span class='ocrx_word' id='word_1_585' title='bbox 1945 2493 2066 2549; x_wconf 85' lang='lat' dir='ltr'><strong>post</strong></span> <span class='ocrx_word' id='word_1_586' title='bbox 2098 2484 2609 2553; x_wconf 81' lang='lat' dir='ltr'><strong>transgressionem,</strong></span> <span class='ocrx_word' id='word_1_587' title='bbox 2666 2492 2814 2538; x_wconf 89' lang='lat' dir='ltr'><strong>terra</strong></span> <span class='ocrx_word' id='word_1_588' title='bbox 2865 2484 3083 2538; x_wconf 88' lang='lat' dir='ltr'><strong>demum</strong></span> <span class='ocrx_word' id='word_1_589' title='bbox 3136 2485 3284 2540; x_wconf 77' lang='lat' dir='ltr'><strong>facta</strong></span> <span class='ocrx_word' id='word_1_590' title='bbox 3335 2485 3461 2542; x_wconf 84' lang='lat' dir='ltr'><strong>fuit.</strong></span> 
     </span>
    </p>
   </div>
   <div class='ocr_carea' id='block_1_71' title="bbox 1887 2575 3461 2646">
    <p class='ocr_par' dir='ltr' id='par_1_71' title="bbox 1887 2575 3461 2646">
     <span class='ocr_line' id='line_1_71' title="bbox 1887 2575 3461 2646; baseline 0.003 -17"><span class='ocrx_word' id='word_1_591' title='bbox 1887 2594 1906 2629; x_wconf 84' lang='grc' dir='ltr'><strong>ι</strong></span> <span class='ocrx_word' id='word_1_592' title='bbox 1946 2575 2111 2630; x_wconf 86' lang='lat' dir='ltr'><strong>Terra</strong></span> <span class='ocrx_word' id='word_1_593' title='bbox 2136 2593 2190 2631; x_wconf 87' lang='lat' dir='ltr'><strong>es</strong></span> <span class='ocrx_word' id='word_1_594' title='bbox 2223 2576 2384 2640; x_wconf 86' lang='lat' dir='ltr'><strong>enim,</strong></span> <span class='ocrx_word' id='word_1_595' title='bbox 2420 2576 2627 2646; x_wconf 88' lang='lat' dir='ltr'><strong>inquit,</strong></span> <span class='ocrx_word' id='word_1_596' title='bbox 2657 2585 2705 2630; x_wconf 86' lang='lat' dir='ltr'><strong>et</strong></span> <span class='ocrx_word' id='word_1_597' title='bbox 2758 2577 2814 2630; x_wconf 89' lang='lat' dir='ltr'><strong>in</strong></span> <span class='ocrx_word' id='word_1_598' title='bbox 2859 2588 3056 2630; x_wconf 88' lang='lat' dir='ltr'><strong>terram</strong></span> <span class='ocrx_word' id='word_1_599' title='bbox 3106 2578 3461 2634; x_wconf 78' lang='lat' dir='ltr'><strong>reverteris”.</strong></span> 
     </span>
    </p>
   </div>
   <div class='ocr_carea' id='block_1_72' title="bbox 1885 2666 3464 2738">
    <p class='ocr_par' dir='ltr' id='par_1_72' title="bbox 1885 2666 3464 2738">
     <span class='ocr_line' id='line_1_72' title="bbox 1885 2666 3464 2738; baseline 0.004 -19"><span class='ocrx_word' id='word_1_600' title='bbox 1885 2684 1906 2719; x_wconf 79' lang='grc' dir='ltr'><strong>ι</strong></span> <span class='ocrx_word' id='word_1_601' title='bbox 1937 2667 2031 2722; x_wconf 78' lang='lat' dir='ltr'><strong>lita</strong></span> <span class='ocrx_word' id='word_1_602' title='bbox 2065 2669 2269 2723; x_wconf 90' lang='lat' dir='ltr'><strong>etenim</strong></span> <span class='ocrx_word' id='word_1_603' title='bbox 2320 2667 2656 2738; x_wconf 87' lang='lat' dir='ltr'><strong>persananda</strong></span> <span class='ocrx_word' id='word_1_604' title='bbox 2701 2666 2903 2721; x_wconf 70' lang='lat' dir='ltr'><strong>trierat.</strong></span> <span class='ocrx_word' id='word_1_605' title='bbox 2940 2687 2959 2719; x_wconf 75' lang='grc' dir='ltr'>ι</span> <span class='ocrx_word' id='word_1_606' title='bbox 2993 2666 3119 2723; x_wconf 68' lang='lat' dir='ltr'><strong>Haec</strong></span> <span class='ocrx_word' id='word_1_607' title='bbox 3156 2677 3337 2724; x_wconf 89' lang='lat' dir='ltr'><strong>autem</strong></span> <span class='ocrx_word' id='word_1_608' title='bbox 3387 2670 3464 2726; x_wconf 86' lang='lat' dir='ltr'><strong>ita</strong></span> 
     </span>
    </p>
   </div>
   <div class='ocr_carea' id='block_1_73' title="bbox 1880 2758 3466 2829">
    <p class='ocr_par' dir='ltr' id='par_1_73' title="bbox 1880 2758 3466 2829">
     <span class='ocr_line' id='line_1_73' title="bbox 1880 2758 3466 2829; baseline 0.003 -16"><span class='ocrx_word' id='word_1_609' title='bbox 1880 2758 2083 2829; x_wconf 83' lang='lat' dir='ltr'><strong>posuit.</strong></span> <span class='ocrx_word' id='word_1_610' title='bbox 2112 2773 2221 2814; x_wconf 91' lang='lat' dir='ltr'><strong>non</strong></span> <span class='ocrx_word' id='word_1_611' title='bbox 2251 2759 2588 2820; x_wconf 85' lang='lat' dir='ltr'><strong>recordatus,</strong></span> <span class='ocrx_word' id='word_1_612' title='bbox 2615 2772 2713 2827; x_wconf 92' lang='lat' dir='ltr'><strong>pro</strong></span> <span class='ocrx_word' id='word_1_613' title='bbox 2741 2772 2837 2813; x_wconf 91' lang='lat' dir='ltr'><strong>sua</strong></span> <span class='ocrx_word' id='word_1_614' title='bbox 2867 2758 3131 2828; x_wconf 88' lang='lat' dir='ltr'><strong>sapientia</strong></span> <span class='ocrx_word' id='word_1_615' title='bbox 3155 2762 3299 2829; x_wconf 90' lang='lat' dir='ltr'><strong>quod</strong></span> <span class='ocrx_word' id='word_1_616' title='bbox 3330 2761 3466 2817; x_wconf 82' lang='lat' dir='ltr'><strong>dici-</strong></span> 
     </span>
    </p>
   </div>
   <div class='ocr_carea' id='block_1_74' title="bbox 1885 2850 3465 2921">
    <p class='ocr_par' dir='ltr' id='par_1_74' title="bbox 1885 2850 3465 2921">
     <span class='ocr_line' id='line_1_74' title="bbox 1885 2850 3465 2921; baseline 0.001 -16"><span class='ocrx_word' id='word_1_617' title='bbox 1885 2860 1993 2916; x_wconf 89' lang='lat' dir='ltr'><strong>tur,</strong></span> <span class='ocrx_word' id='word_1_618' title='bbox 2060 2850 2379 2921; x_wconf 86' lang='lat' dir='ltr'><strong>priusquam</strong></span> <span class='ocrx_word' id='word_1_619' title='bbox 2438 2861 2582 2906; x_wconf 90' lang='lat' dir='ltr'><strong>terra</strong></span> <span class='ocrx_word' id='word_1_620' title='bbox 2639 2850 3009 2916; x_wconf 89' lang='lat' dir='ltr'><strong>conderetur,</strong></span> <span class='ocrx_word' id='word_1_621' title='bbox 3071 2861 3311 2907; x_wconf 85' lang='lat' dir='ltr'><strong>creatam</strong></span> <span class='ocrx_word' id='word_1_622' title='bbox 3358 2854 3465 2910; x_wconf 90' lang='lat' dir='ltr'><strong>dici</strong></span> 
     </span>
    </p>
   </div>
   <div class='ocr_carea' id='block_1_75' title="bbox 1882 2944 3469 3018">
    <p class='ocr_par' dir='ltr' id='par_1_75' title="bbox 1882 2944 3469 3018">
     <span class='ocr_line' id='line_1_75' title="bbox 1882 2944 3469 3018; baseline 0.001 -18"><span class='ocrx_word' id='word_1_623' title='bbox 1882 2959 2107 3000; x_wconf 89' lang='lat' dir='ltr'><strong>carnem</strong></span> <span class='ocrx_word' id='word_1_624' title='bbox 2135 2944 2462 3014; x_wconf 91' lang='lat' dir='ltr'><strong>principium</strong></span> <span class='ocrx_word' id='word_1_625' title='bbox 2493 2945 2703 2999; x_wconf 81' lang='lat' dir='ltr'><strong>viarum</strong></span> <span class='ocrx_word' id='word_1_626' title='bbox 2731 2944 2849 3000; x_wconf 87' lang='lat' dir='ltr'><strong>Dei.</strong></span> <span class='ocrx_word' id='word_1_627' title='bbox 2878 2944 3032 3011; x_wconf 84' lang='lat' dir='ltr'><strong>Quod</strong></span> <span class='ocrx_word' id='word_1_628' title='bbox 3079 2945 3122 2999; x_wconf 87' lang='lat' dir='ltr'><strong>si</strong></span> <span class='ocrx_word' id='word_1_629' title='bbox 3172 2961 3308 3002; x_wconf 85' lang='lat' dir='ltr'><strong>vero</strong></span> <span class='ocrx_word' id='word_1_630' title='bbox 3368 2961 3469 3018; x_wconf 88' lang='lat' dir='ltr'><strong>per</strong></span> 
     </span>
    </p>
   </div>
   <div class='ocr_carea' id='block_1_76' title="bbox 1883 3035 3469 3108">
    <p class='ocr_par' dir='ltr' id='par_1_76' title="bbox 1883 3035 3469 3108">
     <span class='ocr_line' id='line_1_76' title="bbox 1883 3035 3469 3108; baseline 0.001 -17"><span class='ocrx_word' id='word_1_631' title='bbox 1883 3049 2085 3092; x_wconf 84' lang='lat' dir='ltr'><strong>terram</strong></span> <span class='ocrx_word' id='word_1_632' title='bbox 2138 3035 2381 3091; x_wconf 90' lang='lat' dir='ltr'><strong>indicare</strong></span> <span class='ocrx_word' id='word_1_633' title='bbox 2425 3036 2599 3090; x_wconf 88' lang='lat' dir='ltr'><strong>voluit</strong></span> <span class='ocrx_word' id='word_1_634' title='bbox 2636 3051 2847 3090; x_wconf 84' lang='lat' dir='ltr'><strong>carnem</strong></span> <span class='ocrx_word' id='word_1_635' title='bbox 2881 3050 2901 3090; x_wconf 89' lang='lat'><strong><em>:</em></strong></span> <span class='ocrx_word' id='word_1_636' title='bbox 2931 3035 3204 3105; x_wconf 86' lang='lat' dir='ltr'><strong>quomodo</strong></span> <span class='ocrx_word' id='word_1_637' title='bbox 3249 3038 3469 3108; x_wconf 86' lang='lat' dir='ltr'><strong>cogitur</strong></span> 
     </span>
    </p>
   </div>
   <div class='ocr_carea' id='block_1_77' title="bbox 1883 3126 3470 3198">
    <p class='ocr_par' dir='ltr' id='par_1_77' title="bbox 1883 3126 3470 3198">
     <span class='ocr_line' id='line_1_77' title="bbox 1883 3126 3470 3198; baseline 0.002 -17"><span class='ocrx_word' id='word_1_638' title='bbox 1883 3126 2129 3182; x_wconf 80' lang='lat' dir='ltr'><strong>conﬁteri</strong></span> <span class='ocrx_word' id='word_1_639' title='bbox 2159 3140 2265 3181; x_wconf 89' lang='lat' dir='ltr'><strong>non</strong></span> <span class='ocrx_word' id='word_1_640' title='bbox 2312 3126 2588 3182; x_wconf 83' lang='lat' dir='ltr'><strong>exstitisse</strong></span> <span class='ocrx_word' id='word_1_641' title='bbox 2630 3138 2760 3183; x_wconf 89' lang='lat' dir='ltr'><strong>ante</strong></span> <span class='ocrx_word' id='word_1_642' title='bbox 2809 3141 3025 3184; x_wconf 89' lang='lat' dir='ltr'><strong>carnem</strong></span> <span class='ocrx_word' id='word_1_643' title='bbox 3049 3129 3139 3198; x_wconf 92' lang='lat' dir='ltr'><strong>qui</strong></span> <span class='ocrx_word' id='word_1_644' title='bbox 3164 3129 3294 3183; x_wconf 88' lang='lat' dir='ltr'><strong>dicit</strong></span> <span class='ocrx_word' id='word_1_645' title='bbox 3327 3134 3387 3194; x_wconf 60' lang='grc' dir='ltr'><strong>ᾖ(</strong></span> <span class='ocrx_word' id='word_1_646' title='bbox 3407 3143 3470 3184; x_wconf 86' lang='lat' dir='ltr'><strong>se</strong></span> 
     </span>
    </p>
   </div>
   <div class='ocr_carea' id='block_1_78' title="bbox 1884 3216 3471 3288">
    <p class='ocr_par' dir='ltr' id='par_1_78' title="bbox 1884 3216 3471 3288">
     <span class='ocr_line' id='line_1_78' title="bbox 1884 3216 3471 3288; baseline 0.001 -16"><span class='ocrx_word' id='word_1_647' title='bbox 1884 3218 2203 3288; x_wconf 84' lang='lat' dir='ltr'><strong>priusquam</strong></span> <span class='ocrx_word' id='word_1_648' title='bbox 2242 3227 2387 3272; x_wconf 89' lang='lat' dir='ltr'><strong>terra</strong></span> <span class='ocrx_word' id='word_1_649' title='bbox 2433 3218 2793 3284; x_wconf 87' lang='lat' dir='ltr'><strong>conderetur,</strong></span> <span class='ocrx_word' id='word_1_650' title='bbox 2827 3218 3142 3274; x_wconf 79' lang='lat' dir='ltr'><strong>exstitisse?</strong></span> <span class='ocrx_word' id='word_1_651' title='bbox 3179 3216 3315 3274; x_wconf 81' lang='lat' dir='ltr'><strong>Nam</strong></span> <span class='ocrx_word' id='word_1_652' title='bbox 3345 3229 3471 3274; x_wconf 73' lang='lat' dir='ltr'><strong>ante</strong></span> 
     </span>
    </p>
   </div>
   <div class='ocr_carea' id='block_1_79' title="bbox 1881 3310 3491 3390">
    <p class='ocr_par' dir='ltr' id='par_1_79' title="bbox 1881 3310 3491 3390">
     <span class='ocr_line' id='line_1_79' title="bbox 1881 3310 3491 3390; baseline -0.001 -24"><span class='ocrx_word' id='word_1_653' title='bbox 1881 3310 2157 3375; x_wconf 65' lang='lat' dir='ltr'><strong>secutum,</strong></span> <span class='ocrx_word' id='word_1_654' title='bbox 2207 3310 2404 3380; x_wconf 86' lang='lat' dir='ltr'><strong>inquit,</strong></span> <span class='ocrx_word' id='word_1_655' title='bbox 2454 3310 2697 3381; x_wconf 79' lang='lat' dir='ltr'><strong>{undavit</strong></span> <span class='ocrx_word' id='word_1_656' title='bbox 2735 3328 2854 3377; x_wconf 90' lang='lat' dir='ltr'><strong>me,</strong></span> <span class='ocrx_word' id='word_1_657' title='bbox 2898 3313 2957 3365; x_wconf 86' lang='lat' dir='ltr'><strong>in</strong></span> <span class='ocrx_word' id='word_1_658' title='bbox 3001 3310 3271 3382; x_wconf 84' lang='lat' dir='ltr'><strong>principio</strong></span> <span class='ocrx_word' id='word_1_659' title='bbox 3316 3318 3491 3390; x_wconf 3' lang='lat' dir='ltr'><strong>ante-p</strong></span> 
     </span>
    </p>
   </div>
   <div class='ocr_carea' id='block_1_80' title="bbox 1881 3402 3468 3474">
    <p class='ocr_par' dir='ltr' id='par_1_80' title="bbox 1881 3402 3468 3474">
     <span class='ocr_line' id='line_1_80' title="bbox 1881 3402 3468 3474; baseline 0.001 -17"><span class='ocrx_word' id='word_1_660' title='bbox 1881 3419 2041 3474; x_wconf 86' lang='lat' dir='ltr'><strong>quam</strong></span> <span class='ocrx_word' id='word_1_661' title='bbox 2067 3414 2263 3458; x_wconf 86' lang='lat' dir='ltr'><strong>terram</strong></span> <span class='ocrx_word' id='word_1_662' title='bbox 2288 3402 2507 3472; x_wconf 76' lang='lat' dir='ltr'><strong>faceret.</strong></span> <span class='ocrx_word' id='word_1_663' title='bbox 2538 3405 2716 3474; x_wconf 79' lang='lat' dir='ltr'><strong>Atque</strong></span> <span class='ocrx_word' id='word_1_664' title='bbox 2741 3406 2812 3460; x_wconf 92' lang='lat' dir='ltr'><strong>ita</strong></span> <span class='ocrx_word' id='word_1_665' title='bbox 2852 3404 2946 3474; x_wconf 88' lang='lat' dir='ltr'><strong>qui</strong></span> <span class='ocrx_word' id='word_1_666' title='bbox 2985 3405 3089 3459; x_wconf 89' lang='lat' dir='ltr'><strong>ista</strong></span> <span class='ocrx_word' id='word_1_667' title='bbox 3122 3407 3189 3460; x_wconf 87' lang='lat' dir='ltr'><strong>de</strong></span> <span class='ocrx_word' id='word_1_668' title='bbox 3222 3419 3282 3459; x_wconf 87' lang='lat' dir='ltr'><strong>se</strong></span> <span class='ocrx_word' id='word_1_669' title='bbox 3311 3403 3468 3465; x_wconf 82' lang='lat' dir='ltr'><strong>dixit.</strong></span> 
     </span>
    </p>
   </div>
   <div class='ocr_carea' id='block_1_81' title="bbox 1883 3492 3468 3566">
    <p class='ocr_par' dir='ltr' id='par_1_81' title="bbox 1883 3492 3468 3566">
     <span class='ocr_line' id='line_1_81' title="bbox 1883 3492 3468 3566; baseline 0.001 -16"><span class='ocrx_word' id='word_1_670' title='bbox 1883 3506 2032 3551; x_wconf 88' lang='lat' dir='ltr'><strong>certe</strong></span> <span class='ocrx_word' id='word_1_671' title='bbox 2056 3492 2355 3550; x_wconf 80' lang='lat' dir='ltr'><strong>exsistebat</strong></span> <span class='ocrx_word' id='word_1_672' title='bbox 2383 3504 2511 3551; x_wconf 89' lang='lat' dir='ltr'><strong>ante</strong></span> <span class='ocrx_word' id='word_1_673' title='bbox 2535 3495 2923 3551; x_wconf 73' lang='lat' dir='ltr'><strong>carnem..Nec</strong></span> <span class='ocrx_word' id='word_1_674' title='bbox 2970 3496 3135 3551; x_wconf 77' lang='lat' dir='ltr'><strong>refert</strong></span> <span class='ocrx_word' id='word_1_675' title='bbox 3164 3495 3313 3566; x_wconf 87' lang='lat' dir='ltr'><strong>quod</strong></span> <span class='ocrx_word' id='word_1_676' title='bbox 3358 3510 3468 3551; x_wconf 87' lang='lat' dir='ltr'><strong>non</strong></span> 
     </span>
    </p>
   </div>
   <div class='ocr_carea' id='block_1_82' title="bbox 1884 3587 3460 3658">
    <p class='ocr_par' dir='ltr' id='par_1_82' title="bbox 1884 3587 3460 3658">
     <span class='ocr_line' id='line_1_82' title="bbox 1884 3587 3460 3658; baseline -0.001 -17"><span class='ocrx_word' id='word_1_677' title='bbox 1884 3587 2200 3643; x_wconf 89' lang='lat' dir='ltr'><strong>meminerit</strong></span> <span class='ocrx_word' id='word_1_678' title='bbox 2228 3587 2585 3658; x_wconf 86' lang='lat' dir='ltr'><strong>plurimorum</strong></span> <span class='ocrx_word' id='word_1_679' title='bbox 2619 3587 2941 3643; x_wconf 66' lang='lat' dir='ltr'><strong>saeculorum</strong></span> <span class='ocrx_word' id='word_1_680' title='bbox 2965 3627 2980 3652; x_wconf 87' lang='lat'><strong>,</strong></span> <span class='ocrx_word' id='word_1_681' title='bbox 3015 3587 3112 3642; x_wconf 89' lang='lat' dir='ltr'><strong>sed</strong></span> <span class='ocrx_word' id='word_1_682' title='bbox 3144 3587 3328 3652; x_wconf 87' lang='lat' dir='ltr'><strong>unius,</strong></span> <span class='ocrx_word' id='word_1_683' title='bbox 3373 3601 3460 3641; x_wconf 46' lang='lat' dir='ltr'><strong>cu.</strong></span> 
     </span>
    </p>
   </div>
   <div class='ocr_carea' id='block_1_83' title="bbox 1879 3676 3469 3750">
    <p class='ocr_par' dir='ltr' id='par_1_83' title="bbox 1879 3676 3469 3750">
     <span class='ocr_line' id='line_1_83' title="bbox 1879 3676 3469 3750; baseline 0.001 -17"><span class='ocrx_word' id='word_1_684' title='bbox 1879 3678 1970 3750; x_wconf 87' lang='lat' dir='ltr'><strong>jus</strong></span> <span class='ocrx_word' id='word_1_685' title='bbox 1996 3687 2051 3735; x_wconf 89' lang='lat' dir='ltr'><strong>et</strong></span> <span class='ocrx_word' id='word_1_686' title='bbox 2077 3678 2338 3735; x_wconf 82' lang='lat' dir='ltr'><strong>Servatur</strong></span> <span class='ocrx_word' id='word_1_687' title='bbox 2369 3679 2654 3747; x_wconf 88' lang='lat' dir='ltr'><strong>meminit,</strong></span> <span class='ocrx_word' id='word_1_688' title='bbox 2679 3679 2961 3749; x_wconf 90' lang='lat' dir='ltr'><strong>inquiens,</strong></span> <span class='ocrx_word' id='word_1_689' title='bbox 2988 3676 3123 3734; x_wconf 80' lang='lat' dir='ltr'><strong>Filii</strong></span> <span class='ocrx_word' id='word_1_690' title='bbox 3160 3679 3320 3749; x_wconf 76' lang='lat' dir='ltr'><strong>hujus</strong></span> <span class='ocrx_word' id='word_1_691' title='bbox 3364 3693 3469 3734; x_wconf 73' lang='lat' dir='ltr'><strong>ste-</strong></span> 
     </span>
    </p>
   </div>
   <div class='ocr_carea' id='block_1_84' title="bbox 1886 3773 3471 3845">
    <p class='ocr_par' dir='ltr' id='par_1_84' title="bbox 1886 3773 3471 3845">
     <span class='ocr_line' id='line_1_84' title="bbox 1886 3773 3471 3845; baseline -0.003 -14"><span class='ocrx_word' id='word_1_692' title='bbox 1886 3775 1994 3831; x_wconf 85' lang='lat' dir='ltr'><strong>culi</strong></span> <span class='ocrx_word' id='word_1_693' title='bbox 2030 3776 2158 3831; x_wconf 84' lang='lat' dir='ltr'><strong>dant</strong></span> <span class='ocrx_word' id='word_1_694' title='bbox 2188 3785 2237 3831; x_wconf 85' lang='lat' dir='ltr'><strong>et</strong></span> <span class='ocrx_word' id='word_1_695' title='bbox 2274 3776 2538 3845; x_wconf 81' lang='lat' dir='ltr'><strong>accipiunt</strong></span> <span class='ocrx_word' id='word_1_696' title='bbox 2570 3776 2625 3828; x_wconf 88' lang='lat' dir='ltr'><strong>in</strong></span> <span class='ocrx_word' id='word_1_697' title='bbox 2665 3776 3061 3829; x_wconf 82' lang='lat' dir='ltr'><strong>matrimonium</strong></span> <span class='ocrx_word' id='word_1_698' title='bbox 3092 3774 3161 3831; x_wconf 76' lang='lat'><strong>&#39;°.</strong></span> <span class='ocrx_word' id='word_1_699' title='bbox 3186 3773 3366 3843; x_wconf 81' lang='lat' dir='ltr'><strong>Atque</strong></span> <span class='ocrx_word' id='word_1_700' title='bbox 3395 3773 3471 3828; x_wconf 83' lang='lat' dir='ltr'><strong>ita</strong></span> 
     </span>
    </p>
   </div>
   <div class='ocr_carea' id='block_1_85' title="bbox 1885 3865 3473 3936">
    <p class='ocr_par' dir='ltr' id='par_1_85' title="bbox 1885 3865 3473 3936">
     <span class='ocr_line' id='line_1_85' title="bbox 1885 3865 3473 3936; baseline -0.006 -11"><span class='ocrx_word' id='word_1_701' title='bbox 1885 3884 1995 3925; x_wconf 89' lang='lat' dir='ltr'><strong>non</strong></span> <span class='ocrx_word' id='word_1_702' title='bbox 2026 3882 2182 3931; x_wconf 87' lang='lat' dir='ltr'><strong>caro,</strong></span> <span class='ocrx_word' id='word_1_703' title='bbox 2210 3881 2376 3936; x_wconf 87' lang='lat' dir='ltr'><strong>quam</strong></span> <span class='ocrx_word' id='word_1_704' title='bbox 2415 3865 2655 3935; x_wconf 87' lang='lat' dir='ltr'><strong>suscepit</strong></span> <span class='ocrx_word' id='word_1_705' title='bbox 2681 3865 2942 3920; x_wconf 83' lang='lat' dir='ltr'><strong>Servator</strong></span> <span class='ocrx_word' id='word_1_706' title='bbox 2966 3872 3150 3918; x_wconf 86' lang='lat' dir='ltr'><strong>noster</strong></span> <span class='ocrx_word' id='word_1_707' title='bbox 3177 3874 3303 3918; x_wconf 86' lang='lat' dir='ltr'><strong>ante</strong></span> <span class='ocrx_word' id='word_1_708' title='bbox 3333 3877 3473 3932; x_wconf 69' lang='lat' dir='ltr'><strong>pra:-</strong></span> 
     </span>
    </p>
   </div>
   <div class='ocr_carea' id='block_1_86' title="bbox 1887 3955 3474 4026">
    <p class='ocr_par' dir='ltr' id='par_1_86' title="bbox 1887 3955 3474 4026">
     <span class='ocr_line' id='line_1_86' title="bbox 1887 3955 3474 4026; baseline -0.006 -7"><span class='ocrx_word' id='word_1_709' title='bbox 1887 3978 2015 4019; x_wconf 88' lang='lat' dir='ltr'><strong>sens</strong></span> <span class='ocrx_word' id='word_1_710' title='bbox 2065 3963 2168 4017; x_wconf 87' lang='lat' dir='ltr'><strong>hoc</strong></span> <span class='ocrx_word' id='word_1_711' title='bbox 2225 3961 2482 4017; x_wconf 64' lang='lat' dir='ltr'><strong>saeculum</strong></span> <span class='ocrx_word' id='word_1_712' title='bbox 2535 3958 2835 4013; x_wconf 80' lang='lat' dir='ltr'><strong>exsistebat</strong></span> <span class='ocrx_word' id='word_1_713' title='bbox 2873 3970 2889 4012; x_wconf 89' lang='lat'><strong>:</strong></span> <span class='ocrx_word' id='word_1_714' title='bbox 2933 3957 3029 4012; x_wconf 87' lang='lat' dir='ltr'><strong>sed</strong></span> <span class='ocrx_word' id='word_1_715' title='bbox 3063 3955 3178 4022; x_wconf 91' lang='lat' dir='ltr'><strong>ille,</strong></span> <span class='ocrx_word' id='word_1_716' title='bbox 3221 3955 3312 4026; x_wconf 90' lang='lat' dir='ltr'><strong>qui</strong></span> <span class='ocrx_word' id='word_1_717' title='bbox 3356 3955 3474 4010; x_wconf 65' lang='lat' dir='ltr'><strong>haec</strong></span> 
     </span>
    </p>
   </div>
   <div class='ocr_carea' id='block_1_87' title="bbox 1888 4042 3475 4124">
    <p class='ocr_par' dir='ltr' id='par_1_87' title="bbox 1888 4042 3475 4124">
     <span class='ocr_line' id='line_1_87' title="bbox 1888 4042 3475 4124; baseline -0.004 -14"><span class='ocrx_word' id='word_1_718' title='bbox 1888 4055 2081 4111; x_wconf 88' lang='lat' dir='ltr'><strong>eadem</strong></span> <span class='ocrx_word' id='word_1_719' title='bbox 2136 4068 2235 4124; x_wconf 90' lang='lat' dir='ltr'><strong>per</strong></span> <span class='ocrx_word' id='word_1_720' title='bbox 2277 4052 2625 4108; x_wconf 85' lang='lat' dir='ltr'><strong>Salomonem</strong></span> <span class='ocrx_word' id='word_1_721' title='bbox 2675 4049 2894 4114; x_wconf 87' lang='lat' dir='ltr'><strong>docuit;</strong></span> <span class='ocrx_word' id='word_1_722' title='bbox 2940 4048 3091 4104; x_wconf 87' lang='lat' dir='ltr'><strong>vides</strong></span> <span class='ocrx_word' id='word_1_723' title='bbox 3124 4047 3214 4103; x_wconf 92' lang='lat' dir='ltr'><strong>ille</strong></span> <span class='ocrx_word' id='word_1_724' title='bbox 3257 4047 3312 4103; x_wconf 84' lang='lat' dir='ltr'><strong>in</strong></span> <span class='ocrx_word' id='word_1_725' title='bbox 3336 4042 3475 4118; x_wconf 79' lang='lat' dir='ltr'><strong>quas</strong></span> 
     </span>
    </p>
   </div>
   <div class='ocr_carea' id='block_1_88' title="bbox 1893 4138 3473 4218">
    <p class='ocr_par' dir='ltr' id='par_1_88' title="bbox 1893 4138 3473 4218">
     <span class='ocr_line' id='line_1_88' title="bbox 1893 4138 3473 4218; baseline -0.004 -17"><span class='ocrx_word' id='word_1_726' title='bbox 1893 4146 2181 4218; x_wconf 75' lang='lat' dir='ltr'><strong>angustias</strong></span> <span class='ocrx_word' id='word_1_727' title='bbox 2224 4159 2284 4200; x_wconf 91' lang='lat' dir='ltr'><strong>se</strong></span> <span class='ocrx_word' id='word_1_728' title='bbox 2330 4143 2650 4214; x_wconf 84' lang='lat' dir='ltr'><strong>conjecerit,</strong></span> <span class='ocrx_word' id='word_1_729' title='bbox 2679 4141 2774 4213; x_wconf 88' lang='lat' dir='ltr'><strong>qui</strong></span> <span class='ocrx_word' id='word_1_730' title='bbox 2817 4143 2884 4197; x_wconf 92' lang='lat' dir='ltr'><strong>de</strong></span> <span class='ocrx_word' id='word_1_731' title='bbox 2925 4141 3074 4211; x_wconf 86' lang='lat' dir='ltr'><strong>regia</strong></span> <span class='ocrx_word' id='word_1_732' title='bbox 3118 4149 3174 4196; x_wconf 92' lang='lat' dir='ltr'><strong>et</strong></span> <span class='ocrx_word' id='word_1_733' title='bbox 3214 4149 3359 4196; x_wconf 89' lang='lat' dir='ltr'><strong>recta</strong></span> <span class='ocrx_word' id='word_1_734' title='bbox 3385 4138 3473 4195; x_wconf 89' lang='lat' dir='ltr'><strong>via</strong></span> 
     </span>
    </p>
   </div>
   <div class='ocr_carea' id='block_1_89' title="bbox 1887 4230 3473 4302">
    <p class='ocr_par' dir='ltr' id='par_1_89' title="bbox 1887 4230 3473 4302">
     <span class='ocr_line' id='line_1_89' title="bbox 1887 4230 3473 4302; baseline -0.003 -9"><span class='ocrx_word' id='word_1_735' title='bbox 1887 4236 2197 4293; x_wconf 81' lang='lat' dir='ltr'><strong>declinavit.</strong></span> <span class='ocrx_word' id='word_1_736' title='bbox 2217 4235 2296 4291; x_wconf 83' lang='lat' dir='ltr'><strong>Ad</strong></span> <span class='ocrx_word' id='word_1_737' title='bbox 2327 4235 2413 4290; x_wconf 89' lang='lat' dir='ltr'><strong>illa</strong></span> <span class='ocrx_word' id='word_1_738' title='bbox 2441 4244 2624 4290; x_wconf 89' lang='lat' dir='ltr'><strong>autem</strong></span> <span class='ocrx_word' id='word_1_739' title='bbox 2641 4234 2788 4290; x_wconf 87' lang='lat' dir='ltr'><strong>dicta</strong></span> <span class='ocrx_word' id='word_1_740' title='bbox 2818 4234 3066 4302; x_wconf 86' lang='lat' dir='ltr'><strong>superius</strong></span> <span class='ocrx_word' id='word_1_741' title='bbox 3081 4240 3135 4287; x_wconf 89' lang='lat' dir='ltr'><strong>et</strong></span> <span class='ocrx_word' id='word_1_742' title='bbox 3152 4232 3254 4287; x_wconf 80' lang='lat' dir='ltr'><strong>ista</strong></span> <span class='ocrx_word' id='word_1_743' title='bbox 3277 4230 3427 4287; x_wconf 84' lang='lat' dir='ltr'><strong>addit</strong></span> <span class='ocrx_word' id='word_1_744' title='bbox 3456 4248 3473 4288; x_wconf 89' lang='lat'><strong>:</strong></span> 
     </span>
    </p>
   </div>
   <div class='ocr_carea' id='block_1_90' title="bbox 1896 4322 3478 4400">
    <p class='ocr_par' dir='ltr' id='par_1_90' title="bbox 1896 4322 3478 4400">
     <span class='ocr_line' id='line_1_90' title="bbox 1896 4322 3478 4400; baseline -0.001 -19"><span class='ocrx_word' id='word_1_745' title='bbox 1896 4346 1915 4381; x_wconf 83' lang='grc' dir='ltr'><strong>ι</strong></span> <span class='ocrx_word' id='word_1_746' title='bbox 1954 4327 2275 4400; x_wconf 84' lang='lat' dir='ltr'><strong>Priusquam</strong></span> <span class='ocrx_word' id='word_1_747' title='bbox 2323 4327 2570 4382; x_wconf 82' lang='lat' dir='ltr'><strong>conderet</strong></span> <span class='ocrx_word' id='word_1_748' title='bbox 2624 4326 2837 4397; x_wconf 80' lang='lat' dir='ltr'><strong>abyssos</strong></span> <span class='ocrx_word' id='word_1_749' title='bbox 2870 4340 2890 4379; x_wconf 88' lang='lat'><strong><em>:</em></strong></span> <span class='ocrx_word' id='word_1_750' title='bbox 2940 4324 3047 4388; x_wconf 88' lang='lat' dir='ltr'><strong>hic,</strong></span> <span class='ocrx_word' id='word_1_751' title='bbox 3085 4324 3280 4393; x_wconf 88' lang='lat' dir='ltr'><strong>inqttit,</strong></span> <span class='ocrx_word' id='word_1_752' title='bbox 3314 4322 3478 4395; x_wconf 80' lang='lat' dir='ltr'><strong>abys-</strong></span> 
     </span>
    </p>
   </div>
   <div class='ocr_carea' id='block_1_91' title="bbox 1893 4413 3469 4488">
    <p class='ocr_par' dir='ltr' id='par_1_91' title="bbox 1893 4413 3469 4488">
     <span class='ocr_line' id='line_1_91' title="bbox 1893 4413 3469 4488; baseline -0.003 -18"><span class='ocrx_word' id='word_1_753' title='bbox 1893 4434 1915 4470; x_wconf 78' lang='grc' dir='ltr'><strong>ι</strong></span> <span class='ocrx_word' id='word_1_754' title='bbox 1951 4432 2044 4473; x_wconf 87' lang='lat' dir='ltr'><strong>sos</strong></span> <span class='ocrx_word' id='word_1_755' title='bbox 2083 4416 2498 4487; x_wconf 82' lang='lat' dir='ltr'><strong>proverbialiter</strong></span> <span class='ocrx_word' id='word_1_756' title='bbox 2535 4418 2798 4488; x_wconf 83' lang='lat' dir='ltr'><strong>propheta</strong></span> <span class='ocrx_word' id='word_1_757' title='bbox 2826 4424 3135 4470; x_wconf 86' lang='lat' dir='ltr'><strong>sanctorum</strong></span> <span class='ocrx_word' id='word_1_758' title='bbox 3159 4413 3326 4469; x_wconf 89' lang='lat' dir='ltr'><strong>corda</strong></span> <span class='ocrx_word' id='word_1_759' title='bbox 3372 4426 3469 4483; x_wconf 87' lang='lat' dir='ltr'><strong>ap-</strong></span> 
     </span>
    </p>
   </div>
   <div class='ocr_carea' id='block_1_92' title="bbox 190 4500 1772 4582">
    <p class='ocr_par' dir='ltr' id='par_1_92' title="bbox 190 4500 1772 4578">
     <span class='ocr_line' id='line_1_92' title="bbox 190 4500 1772 4578; baseline -0.005 -17"><span class='ocrx_word' id='word_1_760' title='bbox 190 4506 466 4578; x_wconf 88' lang='grc' dir='ltr'>συνίησιν,</span> <span class='ocrx_word' id='word_1_761' title='bbox 498 4505 577 4569; x_wconf 82' lang='grc' dir='ltr'><strong>ὡς</strong></span> <span class='ocrx_word' id='word_1_762' title='bbox 613 4504 720 4577; x_wconf 81' lang='grc' dir='ltr'><strong>πρὸ</strong></span> <span class='ocrx_word' id='word_1_763' title='bbox 755 4505 859 4575; x_wconf 88' lang='grc' dir='ltr'><strong>τῆς</strong></span> <span class='ocrx_word' id='word_1_764' title='bbox 911 4503 1180 4575; x_wconf 79' lang='grc' dir='ltr'>ὲνσάρκου</span> <span class='ocrx_word' id='word_1_765' title='bbox 1226 4501 1341 4575; x_wconf 73' lang='lat'><strong>(82)</strong></span> <span class='ocrx_word' id='word_1_766' title='bbox 1383 4500 1479 4555; x_wconf 82' lang='grc' dir='ltr'>τοῦ</span> <span class='ocrx_word' id='word_1_767' title='bbox 1532 4500 1772 4573; x_wconf 78' lang='grc' dir='ltr'>Σωτῆρος</span> 
     </span>
    </p>
   </div>
   <div class='ocr_carea' id='block_1_93' title="bbox 1884 4500 3475 4582">
    <p class='ocr_par' dir='ltr' id='par_1_93' title="bbox 1895 4505 3475 4580">
     <span class='ocr_line' id='line_1_93' title="bbox 1895 4505 3475 4580; baseline -0.003 -18"><span class='ocrx_word' id='word_1_768' title='bbox 1895 4529 1915 4562; x_wconf 78' lang='grc' dir='ltr'><strong>ι</strong></span> <span class='ocrx_word' id='word_1_769' title='bbox 1952 4510 2325 4580; x_wconf 75' lang='lat' dir='ltr'><strong>pellavit,quae</strong></span> <span class='ocrx_word' id='word_1_770' title='bbox 2347 4512 2400 4564; x_wconf 81' lang='lat' dir='ltr'><strong>in</strong></span> <span class='ocrx_word' id='word_1_771' title='bbox 2425 4525 2522 4565; x_wconf 88' lang='lat' dir='ltr'><strong>sua</strong></span> <span class='ocrx_word' id='word_1_772' title='bbox 2550 4509 2915 4578; x_wconf 78' lang='lat' dir='ltr'><strong>profunditate</strong></span> <span class='ocrx_word' id='word_1_773' title='bbox 2933 4506 3154 4576; x_wconf 85' lang='lat' dir='ltr'><strong>spiritus</strong></span> <span class='ocrx_word' id='word_1_774' title='bbox 3181 4505 3319 4560; x_wconf 89' lang='lat' dir='ltr'><strong>dona</strong></span> <span class='ocrx_word' id='word_1_775' title='bbox 3347 4517 3475 4559; x_wconf 83' lang='lat' dir='ltr'><strong>con-</strong></span> 
     </span>
    </p>
   </div>
   <div class='ocr_carea' id='block_1_94' title="bbox 190 4590 1784 4671">
    <p class='ocr_par' dir='ltr' id='par_1_94' title="bbox 190 4590 1784 4671">
     <span class='ocr_line' id='line_1_94' title="bbox 190 4590 1784 4671; baseline -0.003 -20"><span class='ocrx_word' id='word_1_776' title='bbox 190 4597 356 4671; x_wconf 72' lang='grc' dir='ltr'>ἡμῶν</span> <span class='ocrx_word' id='word_1_777' title='bbox 400 4597 705 4670; x_wconf 88' lang='grc' dir='ltr'>παρουσίας</span> <span class='ocrx_word' id='word_1_778' title='bbox 742 4597 794 4649; x_wconf 85' lang='grc' dir='ltr'><strong>οἰ</strong></span> <span class='ocrx_word' id='word_1_779' title='bbox 834 4597 979 4665; x_wconf 81' lang='grc' dir='ltr'>ἀγιοι</span> <span class='ocrx_word' id='word_1_780' title='bbox 1020 4594 1115 4649; x_wconf 82' lang='grc' dir='ltr'><strong>τοῦ</strong></span> <span class='ocrx_word' id='word_1_781' title='bbox 1158 4592 1294 4649; x_wconf 80' lang='grc' dir='ltr'>Θεοῦ</span> <span class='ocrx_word' id='word_1_782' title='bbox 1335 4594 1635 4666; x_wconf 85' lang='grc' dir='ltr'>προφῆται,</span> <span class='ocrx_word' id='word_1_783' title='bbox 1688 4590 1784 4646; x_wconf 82' lang='grc' dir='ltr'>τοῦ</span> 
     </span>
    </p>
   </div>
   <div class='ocr_carea' id='block_1_95' title="bbox 191 4683 1786 4760">
    <p class='ocr_par' dir='ltr' id='par_1_95' title="bbox 191 4683 1786 4760">
     <span class='ocr_line' id='line_1_95' title="bbox 191 4683 1786 4760; baseline -0.003 -16"><span class='ocrx_word' id='word_1_784' title='bbox 191 4688 366 4744; x_wconf 77' lang='grc' dir='ltr'>αὐτοῦ</span> <span class='ocrx_word' id='word_1_785' title='bbox 421 4689 682 4760; x_wconf 84' lang='grc' dir='ltr'>μετέσχον</span> <span class='ocrx_word' id='word_1_786' title='bbox 724 4686 1066 4759; x_wconf 87' lang='grc' dir='ltr'>πνεύματος,</span> <span class='ocrx_word' id='word_1_787' title='bbox 1101 4685 1308 4757; x_wconf 78' lang='grc' dir='ltr'>Μωσῆς</span> <span class='ocrx_word' id='word_1_788' title='bbox 1353 4702 1414 4739; x_wconf 88' lang='grc' dir='ltr'><strong>τε</strong></span> <span class='ocrx_word' id='word_1_789' title='bbox 1460 4685 1556 4739; x_wconf 80' lang='grc' dir='ltr'><strong>καὶ</strong></span> <span class='ocrx_word' id='word_1_790' title='bbox 1606 4686 1657 4738; x_wconf 82' lang='grc' dir='ltr'><strong>οἱ</strong></span> <span class='ocrx_word' id='word_1_791' title='bbox 1705 4683 1786 4739; x_wconf 76' lang='grc' dir='ltr'><strong>ἔτι</strong></span> 
     </span>
    </p>
   </div>
   <div class='ocr_carea' id='block_1_96' title="bbox 191 4776 1787 4853">
    <p class='ocr_par' dir='ltr' id='par_1_96' title="bbox 191 4776 1787 4853">
     <span class='ocr_line' id='line_1_96' title="bbox 191 4776 1787 4853; baseline -0.005 -16"><span class='ocrx_word' id='word_1_792' title='bbox 191 4781 448 4845; x_wconf 79' lang='grc' dir='ltr'>Μωσέως</span> <span class='ocrx_word' id='word_1_793' title='bbox 483 4780 855 4853; x_wconf 84' lang='grc' dir='ltr'>παλαιότεροι.</span> <span class='ocrx_word' id='word_1_794' title='bbox 892 4777 1103 4833; x_wconf 79' lang='grc' dir='ltr'>Οὐκοῦν</span> <span class='ocrx_word' id='word_1_795' title='bbox 1136 4777 1351 4847; x_wconf 85' lang='grc' dir='ltr'>ἀνάγκη</span> <span class='ocrx_word' id='word_1_796' title='bbox 1396 4776 1604 4830; x_wconf 83' lang='grc' dir='ltr'>τούτων</span> <span class='ocrx_word' id='word_1_797' title='bbox 1641 4777 1787 4830; x_wconf 87' lang='grc' dir='ltr'>ἀπα-</span> 
     </span>
    </p>
   </div>
   <div class='ocr_carea' id='block_1_97' title="bbox 196 4862 1787 4942">
    <p class='ocr_par' dir='ltr' id='par_1_97' title="bbox 196 4862 1787 4942">
     <span class='ocr_line' id='line_1_97' title="bbox 196 4862 1787 4942; baseline -0.004 -15"><span class='ocrx_word' id='word_1_798' title='bbox 196 4872 312 4927; x_wconf 88' lang='grc' dir='ltr'><strong>σῶν</strong></span> <span class='ocrx_word' id='word_1_799' title='bbox 347 4871 458 4926; x_wconf 86' lang='grc' dir='ltr'><strong>τῶν</strong></span> <span class='ocrx_word' id='word_1_800' title='bbox 491 4870 767 4936; x_wconf 70' lang='grc' dir='ltr'>ἀϐύσσων,</span> <span class='ocrx_word' id='word_1_801' title='bbox 798 4871 848 4924; x_wconf 88' lang='grc' dir='ltr'><strong>εἰ</strong></span> <span class='ocrx_word' id='word_1_802' title='bbox 871 4870 937 4942; x_wconf 83' lang='grc' dir='ltr'>δὴ</span> <span class='ocrx_word' id='word_1_803' title='bbox 963 4870 1021 4924; x_wconf 84' lang='grc' dir='ltr'><strong>αἰ</strong></span> <span class='ocrx_word' id='word_1_804' title='bbox 1062 4868 1171 4923; x_wconf 90' lang='grc' dir='ltr'><strong>τῶν</strong></span> <span class='ocrx_word' id='word_1_805' title='bbox 1201 4868 1372 4938; x_wconf 88' lang='grc' dir='ltr'>ἀγίων</span> <span class='ocrx_word' id='word_1_806' title='bbox 1398 4866 1619 4938; x_wconf 84' lang='grc' dir='ltr'>καρδίαι</span> <span class='ocrx_word' id='word_1_807' title='bbox 1644 4862 1787 4939; x_wconf 85' lang='grc' dir='ltr'>ἦσαν</span> 
     </span>
    </p>
   </div>
   <div class='ocr_carea' id='block_1_98' title="bbox 195 4956 1788 5035">
    <p class='ocr_par' dir='ltr' id='par_1_98' title="bbox 195 4956 1788 5035">
     <span class='ocr_line' id='line_1_98' title="bbox 195 4956 1788 5035; baseline -0.006 -14"><span class='ocrx_word' id='word_1_808' title='bbox 195 4956 383 5032; x_wconf 71' lang='grc' dir='ltr'>αὗται,</span> <span class='ocrx_word' id='word_1_809' title='bbox 430 4964 785 5035; x_wconf 86' lang='grc' dir='ltr'>παλαιότερον</span> <span class='ocrx_word' id='word_1_810' title='bbox 826 4959 965 5017; x_wconf 82' lang='grc' dir='ltr'>εἶναι</span> <span class='ocrx_word' id='word_1_811' title='bbox 993 4961 1084 5016; x_wconf 81' lang='grc' dir='ltr'><strong>τὸν</strong></span> <span class='ocrx_word' id='word_1_812' title='bbox 1120 4960 1369 5030; x_wconf 85' lang='grc' dir='ltr'>λέγοντα,</span> <span class='ocrx_word' id='word_1_813' title='bbox 1401 4959 1523 5028; x_wconf 84' lang='grc' dir='ltr'><strong>ΙΙρὸ</strong></span> <span class='ocrx_word' id='word_1_814' title='bbox 1542 4959 1649 5014; x_wconf 83' lang='grc' dir='ltr'><strong>τοῦ</strong></span> <span class='ocrx_word' id='word_1_815' title='bbox 1677 4960 1788 5025; x_wconf 76' lang='grc' dir='ltr'>τὰς</span> 
     </span>
    </p>
   </div>
   <div class='ocr_carea' id='block_1_99' title="bbox 194 5050 1790 5129">
    <p class='ocr_par' dir='ltr' id='par_1_99' title="bbox 194 5050 1790 5129">
     <span class='ocr_line' id='line_1_99' title="bbox 194 5050 1790 5129; baseline -0.008 -11"><span class='ocrx_word' id='word_1_816' title='bbox 194 5061 516 5126; x_wconf 77' lang='grc' dir='ltr'>ἀϐύσσους</span> <span class='ocrx_word' id='word_1_817' title='bbox 562 5057 833 5129; x_wconf 77' lang='grc' dir='ltr'>ποιῆσαι.</span> <span class='ocrx_word' id='word_1_818' title='bbox 864 5055 989 5120; x_wconf 89' lang='grc' dir='ltr'>Πῶς</span> <span class='ocrx_word' id='word_1_819' title='bbox 1031 5051 1124 5110; x_wconf 79' lang='grc' dir='ltr'><strong>οὖν</strong></span> <span class='ocrx_word' id='word_1_820' title='bbox 1160 5055 1386 5110; x_wconf 85' lang='grc' dir='ltr'>δυνατὸν</span> <span class='ocrx_word' id='word_1_821' title='bbox 1430 5050 1498 5124; x_wconf 85' lang='grc' dir='ltr'>ἧν</span> <span class='ocrx_word' id='word_1_822' title='bbox 1549 5053 1643 5107; x_wconf 75' lang='grc' dir='ltr'>ἐπὶ</span> <span class='ocrx_word' id='word_1_823' title='bbox 1690 5052 1790 5125; x_wconf 83' lang='grc' dir='ltr'>τὴν</span> 
     </span>
    </p>
   </div>
   <div class='ocr_carea' id='block_1_100' title="bbox 199 5143 1787 5224">
    <p class='ocr_par' dir='ltr' id='par_1_100' title="bbox 199 5143 1787 5224">
     <span class='ocr_line' id='line_1_100' title="bbox 199 5143 1787 5224; baseline -0.007 -18"><span class='ocrx_word' id='word_1_824' title='bbox 199 5150 387 5224; x_wconf 84' lang='grc' dir='ltr'>σάρκα</span> <span class='ocrx_word' id='word_1_825' title='bbox 426 5149 521 5205; x_wconf 80' lang='grc' dir='ltr'><strong>τοῦ</strong></span> <span class='ocrx_word' id='word_1_826' title='bbox 565 5149 819 5221; x_wconf 85' lang='grc' dir='ltr'>Σωτῆρος</span> <span class='ocrx_word' id='word_1_827' title='bbox 868 5145 1237 5219; x_wconf 74' lang='grc' dir='ltr'>ἀναφέρεσθαι</span> <span class='ocrx_word' id='word_1_828' title='bbox 1274 5144 1480 5211; x_wconf 82' lang='grc' dir='ltr'>ταῦτα;</span> <span class='ocrx_word' id='word_1_829' title='bbox 1514 5143 1627 5198; x_wconf 67' lang='lat' dir='ltr'><strong>Kal.</strong></span> <span class='ocrx_word' id='word_1_830' title='bbox 1660 5143 1787 5215; x_wconf 82' lang='grc' dir='ltr'>μὴν,</span> 
     </span>
    </p>
   </div>
   <div class='ocr_carea' id='block_1_101' title="bbox 198 5236 1791 5315">
    <p class='ocr_par' dir='ltr' id='par_1_101' title="bbox 198 5236 1791 5315">
     <span class='ocr_line' id='line_1_101' title="bbox 198 5236 1791 5315; baseline -0.006 -17"><span class='ocrx_word' id='word_1_831' title='bbox 198 5245 259 5299; x_wconf 78' lang='grc' dir='ltr'>ετ</span> <span class='ocrx_word' id='word_1_832' title='bbox 278 5261 365 5309; x_wconf 86' lang='grc' dir='ltr'><strong>τις</strong></span> <span class='ocrx_word' id='word_1_833' title='bbox 396 5242 545 5315; x_wconf 83' lang='grc' dir='ltr'>αὐτῷ</span> <span class='ocrx_word' id='word_1_834' title='bbox 568 5244 748 5315; x_wconf 88' lang='grc' dir='ltr'>παρῆν</span> <span class='ocrx_word' id='word_1_835' title='bbox 769 5240 880 5297; x_wconf 87' lang='grc' dir='ltr'><strong>τῶν</strong></span> <span class='ocrx_word' id='word_1_836' title='bbox 904 5241 1064 5296; x_wconf 89' lang='grc' dir='ltr'>θείων</span> <span class='ocrx_word' id='word_1_837' title='bbox 1088 5236 1324 5309; x_wconf 86' lang='grc' dir='ltr'>Γραφῶν</span> <span class='ocrx_word' id='word_1_838' title='bbox 1351 5237 1546 5309; x_wconf 76' lang='grc' dir='ltr'>ὲπιστή</span> <span class='ocrx_word' id='word_1_839' title='bbox 1556 5253 1654 5309; x_wconf 89' lang='grc' dir='ltr'><strong>μη,</strong></span> <span class='ocrx_word' id='word_1_840' title='bbox 1688 5237 1791 5290; x_wconf 87' lang='grc' dir='ltr'><strong>οὐκ</strong></span> 
     </span>
    </p>
   </div>
   <div class='ocr_carea' id='block_1_102' title="bbox 1898 4597 3477 4672">
    <p class='ocr_par' dir='ltr' id='par_1_102' title="bbox 1898 4597 3477 4672">
     <span class='ocr_line' id='line_1_102' title="bbox 1898 4597 3477 4672; baseline -0.002 -17"><span class='ocrx_word' id='word_1_841' title='bbox 1898 4620 1919 4655; x_wconf 78' lang='grc' dir='ltr'><strong>ι</strong></span> <span class='ocrx_word' id='word_1_842' title='bbox 1958 4599 2225 4658; x_wconf 84' lang='lat' dir='ltr'><strong>tinebant.</strong></span> <span class='ocrx_word' id='word_1_843' title='bbox 2268 4621 2288 4655; x_wconf 77' lang='grc' dir='ltr'>ι</span> <span class='ocrx_word' id='word_1_844' title='bbox 2318 4601 2430 4656; x_wconf 85' lang='lat' dir='ltr'><strong>Nec</strong></span> <span class='ocrx_word' id='word_1_845' title='bbox 2457 4601 2868 4672; x_wconf 87' lang='lat' dir='ltr'><strong>intelligitquod</strong></span> <span class='ocrx_word' id='word_1_846' title='bbox 2886 4609 3175 4668; x_wconf 88' lang='lat' dir='ltr'><strong>antequam</strong></span> <span class='ocrx_word' id='word_1_847' title='bbox 3223 4597 3276 4651; x_wconf 92' lang='lat' dir='ltr'><strong>in</strong></span> <span class='ocrx_word' id='word_1_848' title='bbox 3309 4609 3477 4652; x_wconf 87' lang='lat' dir='ltr'><strong>carne</strong></span> 
     </span>
    </p>
   </div>
   <div class='ocr_carea' id='block_1_103' title="bbox 1893 4684 3475 4760">
    <p class='ocr_par' dir='ltr' id='par_1_103' title="bbox 1893 4684 3475 4760">
     <span class='ocr_line' id='line_1_103' title="bbox 1893 4684 3475 4760; baseline -0.004 -13"><span class='ocrx_word' id='word_1_849' title='bbox 1893 4690 2151 4747; x_wconf 84' lang='lat' dir='ltr'><strong>Servator</strong></span> <span class='ocrx_word' id='word_1_850' title='bbox 2201 4690 2523 4757; x_wconf 85' lang='lat' dir='ltr'><strong>adveniret,</strong></span> <span class='ocrx_word' id='word_1_851' title='bbox 2569 4691 2741 4745; x_wconf 85' lang='lat' dir='ltr'><strong>sancti</strong></span> <span class='ocrx_word' id='word_1_852' title='bbox 2793 4689 2888 4744; x_wconf 87' lang='lat' dir='ltr'><strong>Dei</strong></span> <span class='ocrx_word' id='word_1_853' title='bbox 2925 4687 3202 4760; x_wconf 69' lang='lat' dir='ltr'><strong>prophetae</strong></span> <span class='ocrx_word' id='word_1_854' title='bbox 3234 4684 3475 4757; x_wconf 84' lang='lat' dir='ltr'><strong>ejusdem</strong></span> 
     </span>
    </p>
   </div>
   <div class='ocr_carea' id='block_1_104' title="bbox 1891 4776 3478 4852">
    <p class='ocr_par' dir='ltr' id='par_1_104' title="bbox 1891 4776 3478 4852">
     <span class='ocr_line' id='line_1_104' title="bbox 1891 4776 3478 4852; baseline -0.003 -16"><span class='ocrx_word' id='word_1_855' title='bbox 1891 4783 2114 4852; x_wconf 77' lang='lat' dir='ltr'><strong>spiritus</strong></span> <span class='ocrx_word' id='word_1_856' title='bbox 2157 4780 2594 4852; x_wconf 89' lang='lat' dir='ltr'><strong>participabant;</strong></span> <span class='ocrx_word' id='word_1_857' title='bbox 2648 4779 2824 4837; x_wconf 78' lang='lat' dir='ltr'><strong>Moses</strong></span> <span class='ocrx_word' id='word_1_858' title='bbox 2880 4779 3135 4835; x_wconf 86' lang='lat' dir='ltr'><strong>nimirum</strong></span> <span class='ocrx_word' id='word_1_859' title='bbox 3187 4787 3242 4832; x_wconf 92' lang='lat' dir='ltr'><strong>et</strong></span> <span class='ocrx_word' id='word_1_860' title='bbox 3296 4776 3478 4832; x_wconf 88' lang='lat' dir='ltr'><strong>adhuc</strong></span> 
     </span>
    </p>
   </div>
   <div class='ocr_carea' id='block_1_105' title="bbox 1893 4867 3480 4942">
    <p class='ocr_par' dir='ltr' id='par_1_105' title="bbox 1893 4867 3480 4942">
     <span class='ocr_line' id='line_1_105' title="bbox 1893 4867 3480 4942; baseline -0.005 -14"><span class='ocrx_word' id='word_1_861' title='bbox 1893 4873 1987 4928; x_wconf 86' lang='lat' dir='ltr'><strong>illo</strong></span> <span class='ocrx_word' id='word_1_862' title='bbox 2013 4874 2365 4929; x_wconf 81' lang='lat' dir='ltr'><strong>vetustiores.</strong></span> <span class='ocrx_word' id='word_1_863' title='bbox 2394 4873 2580 4942; x_wconf 85' lang='lat' dir='ltr'><strong>Itaque</strong></span> <span class='ocrx_word' id='word_1_864' title='bbox 2608 4886 2838 4927; x_wconf 84' lang='lat' dir='ltr'><strong>necesse</strong></span> <span class='ocrx_word' id='word_1_865' title='bbox 2864 4879 2948 4926; x_wconf 87' lang='lat' dir='ltr'><strong>est</strong></span> <span class='ocrx_word' id='word_1_866' title='bbox 2984 4869 3351 4938; x_wconf 88' lang='lat' dir='ltr'><strong>antiquiorem</strong></span> <span class='ocrx_word' id='word_1_867' title='bbox 3391 4867 3480 4921; x_wconf 90' lang='lat' dir='ltr'><strong>his</strong></span> 
     </span>
    </p>
   </div>
   <div class='ocr_carea' id='block_1_106' title="bbox 1895 4960 3479 5037">
    <p class='ocr_par' dir='ltr' id='par_1_106' title="bbox 1895 4960 3479 5037">
     <span class='ocr_line' id='line_1_106' title="bbox 1895 4960 3479 5037; baseline -0.003 -19"><span class='ocrx_word' id='word_1_868' title='bbox 1895 4964 2108 5036; x_wconf 85' lang='lat' dir='ltr'><strong>abyssis</strong></span> <span class='ocrx_word' id='word_1_869' title='bbox 2137 4963 2207 5037; x_wconf 89' lang='lat' dir='ltr'><strong>(si</strong></span> <span class='ocrx_word' id='word_1_870' title='bbox 2238 4964 2402 5020; x_wconf 90' lang='lat' dir='ltr'><strong>modo</strong></span> <span class='ocrx_word' id='word_1_871' title='bbox 2433 4973 2743 5019; x_wconf 88' lang='lat' dir='ltr'><strong>sanctorum</strong></span> <span class='ocrx_word' id='word_1_872' title='bbox 2773 4963 2938 5017; x_wconf 86' lang='lat' dir='ltr'><strong>corda</strong></span> <span class='ocrx_word' id='word_1_873' title='bbox 2980 4962 3093 5016; x_wconf 87' lang='lat' dir='ltr'><strong>sint</strong></span> <span class='ocrx_word' id='word_1_874' title='bbox 3130 4960 3335 5030; x_wconf 86' lang='lat' dir='ltr'><strong>abyssi)</strong></span> <span class='ocrx_word' id='word_1_875' title='bbox 3380 4972 3479 5013; x_wconf 84' lang='lat' dir='ltr'><strong>ex-</strong></span> 
     </span>
    </p>
   </div>
   <div class='ocr_carea' id='block_1_107' title="bbox 1894 5048 3481 5123">
    <p class='ocr_par' dir='ltr' id='par_1_107' title="bbox 1894 5048 3481 5123">
     <span class='ocr_line' id='line_1_107' title="bbox 1894 5048 3481 5123; baseline -0.003 -15"><span class='ocrx_word' id='word_1_876' title='bbox 1894 5054 2103 5108; x_wconf 87' lang='lat' dir='ltr'><strong>stitisse</strong></span> <span class='ocrx_word' id='word_1_877' title='bbox 2137 5054 2313 5120; x_wconf 90' lang='lat' dir='ltr'><strong>illum,</strong></span> <span class='ocrx_word' id='word_1_878' title='bbox 2349 5053 2443 5123; x_wconf 89' lang='lat' dir='ltr'><strong>qui</strong></span> <span class='ocrx_word' id='word_1_879' title='bbox 2477 5052 2648 5119; x_wconf 87' lang='lat' dir='ltr'><strong>dixit,</strong></span> <span class='ocrx_word' id='word_1_880' title='bbox 2703 5051 3029 5122; x_wconf 85' lang='lat' dir='ltr'><strong>Priusquam</strong></span> <span class='ocrx_word' id='word_1_881' title='bbox 3065 5050 3242 5121; x_wconf 78' lang='lat' dir='ltr'><strong>abyssi</strong></span> <span class='ocrx_word' id='word_1_882' title='bbox 3286 5048 3481 5103; x_wconf 73' lang='lat' dir='ltr'><strong>conde-</strong></span> 
     </span>
    </p>
   </div>
   <div class='ocr_carea' id='block_1_108' title="bbox 1896 5139 3483 5215">
    <p class='ocr_par' dir='ltr' id='par_1_108' title="bbox 1896 5139 3483 5215">
     <span class='ocr_line' id='line_1_108' title="bbox 1896 5139 3483 5215; baseline -0.003 -16"><span class='ocrx_word' id='word_1_883' title='bbox 1896 5156 2103 5211; x_wconf 83' lang='lat' dir='ltr'><strong>rentur,</strong></span> <span class='ocrx_word' id='word_1_884' title='bbox 2129 5156 2241 5200; x_wconf 91' lang='lat' dir='ltr'><strong>etc.</strong></span> <span class='ocrx_word' id='word_1_885' title='bbox 2278 5145 2560 5214; x_wconf 86' lang='lat' dir='ltr'><strong>Quomodo</strong></span> <span class='ocrx_word' id='word_1_886' title='bbox 2595 5145 2764 5215; x_wconf 88' lang='lat' dir='ltr'><strong>igitur</strong></span> <span class='ocrx_word' id='word_1_887' title='bbox 2812 5145 2882 5200; x_wconf 89' lang='lat' dir='ltr'><strong>ad</strong></span> <span class='ocrx_word' id='word_1_888' title='bbox 2914 5157 3137 5199; x_wconf 84' lang='lat' dir='ltr'><strong>carnem</strong></span> <span class='ocrx_word' id='word_1_889' title='bbox 3171 5139 3483 5197; x_wconf 87' lang='lat' dir='ltr'><strong>Servatoris</strong></span> 
     </span>
    </p>
   </div>
   <div class='ocr_carea' id='block_1_109' title="bbox 1898 5233 3482 5311">
    <p class='ocr_par' dir='ltr' id='par_1_109' title="bbox 1898 5233 3482 5311">
     <span class='ocr_line' id='line_1_109' title="bbox 1898 5233 3482 5311; baseline -0.005 -18"><span class='ocrx_word' id='word_1_890' title='bbox 1898 5237 2091 5294; x_wconf 79' lang='lat' dir='ltr'><strong>referri</strong></span> <span class='ocrx_word' id='word_1_891' title='bbox 2119 5239 2418 5311; x_wconf 81' lang='lat' dir='ltr'><strong>poterant?</strong></span> <span class='ocrx_word' id='word_1_892' title='bbox 2448 5239 2633 5308; x_wconf 87' lang='lat' dir='ltr'><strong>Certe,</strong></span> <span class='ocrx_word' id='word_1_893' title='bbox 2670 5238 2716 5294; x_wconf 86' lang='lat' dir='ltr'><strong>si</strong></span> <span class='ocrx_word' id='word_1_894' title='bbox 2744 5238 2829 5293; x_wconf 87' lang='lat' dir='ltr'><strong>vel</strong></span> <span class='ocrx_word' id='word_1_895' title='bbox 2866 5235 3132 5293; x_wconf 87' lang='lat' dir='ltr'><strong>tantillam</strong></span> <span class='ocrx_word' id='word_1_896' title='bbox 3173 5233 3482 5290; x_wconf 88' lang='lat' dir='ltr'><strong>divinarum</strong></span> 
     </span>
    </p>
   </div>
   <div class='ocr_carea' id='block_1_110' title="bbox 280 5392 1772 5481">
    <p class='ocr_par' dir='ltr' id='par_1_110' title="bbox 280 5402 1772 5481">
     <span class='ocr_line' id='line_1_110' title="bbox 280 5402 1772 5481; baseline -0.007 -13"><span class='ocrx_word' id='word_1_897' title='bbox 280 5418 343 5477; x_wconf 64' lang='lat'><strong>&gt;14</strong></span> <span class='ocrx_word' id='word_1_898' title='bbox 370 5412 468 5467; x_wconf 82' lang='lat' dir='ltr'><strong>Ed.</strong></span> <span class='ocrx_word' id='word_1_899' title='bbox 495 5410 696 5477; x_wconf 87' lang='lat' dir='ltr'><strong>Paris.,</strong></span> <span class='ocrx_word' id='word_1_900' title='bbox 729 5424 854 5481; x_wconf 87' lang='lat' dir='ltr'><strong>pag.</strong></span> <span class='ocrx_word' id='word_1_901' title='bbox 888 5407 1011 5464; x_wconf 76' lang='grc'><strong>158.</strong></span> <span class='ocrx_word' id='word_1_902' title='bbox 1088 5408 1134 5440; x_wconf 75' lang='grc'>³⁸</span> <span class='ocrx_word' id='word_1_903' title='bbox 1162 5405 1267 5460; x_wconf 81' lang='lat' dir='ltr'><strong>lsa.</strong></span> <span class='ocrx_word' id='word_1_904' title='bbox 1301 5402 1469 5470; x_wconf 73' lang='lat' dir='ltr'><strong>v.12.</strong></span> <span class='ocrx_word' id='word_1_905' title='bbox 1546 5403 1631 5457; x_wconf 85' lang='lat' dir='ltr'><strong>&quot;’l</strong></span> <span class='ocrx_word' id='word_1_906' title='bbox 1664 5402 1772 5458; x_wconf 79' lang='lat' dir='ltr'><strong>Cor</strong></span> 
     </span>
    </p>
   </div>
   <div class='ocr_carea' id='block_1_111' title="bbox 1884 5392 3485 5481">
    <p class='ocr_par' dir='ltr' id='par_1_111' title="bbox 1884 5392 3485 5470">
     <span class='ocr_line' id='line_1_111' title="bbox 1884 5392 3485 5470; baseline -0.005 -12"><span class='ocrx_word' id='word_1_907' title='bbox 1884 5418 1914 5467; x_wconf 76' lang='grc' dir='ltr'><strong>ι,</strong></span> <span class='ocrx_word' id='word_1_908' title='bbox 1941 5401 2032 5458; x_wconf 75' lang='lat' dir='ltr'><strong>it.</strong></span> <span class='ocrx_word' id='word_1_909' title='bbox 2134 5400 2341 5460; x_wconf 79' lang='lat' dir='ltr'><strong>&quot;Psal.</strong></span> <span class='ocrx_word' id='word_1_910' title='bbox 2375 5415 2510 5470; x_wconf 68' lang='grc' dir='ltr'><strong>ιω,</strong></span> <span class='ocrx_word' id='word_1_911' title='bbox 2542 5402 2599 5458; x_wconf 77' lang='grc'><strong>2.</strong></span> <span class='ocrx_word' id='word_1_912' title='bbox 2701 5402 2746 5435; x_wconf 79' lang='grc'><strong>⁸⁸</strong></span> <span class='ocrx_word' id='word_1_913' title='bbox 2778 5399 2914 5460; x_wconf 84' lang='lat' dir='ltr'><strong>Gen.</strong></span> <span class='ocrx_word' id='word_1_914' title='bbox 2957 5414 3046 5469; x_wconf 86' lang='grc' dir='ltr'>ιιι,</span> <span class='ocrx_word' id='word_1_915' title='bbox 3072 5398 3158 5456; x_wconf 79' lang='lat' dir='ltr'><strong>i9.</strong></span> <span class='ocrx_word' id='word_1_916' title='bbox 3269 5395 3315 5428; x_wconf 80' lang='grc'><strong>³⁸</strong></span> <span class='ocrx_word' id='word_1_917' title='bbox 3347 5392 3485 5450; x_wconf 84' lang='lat' dir='ltr'><strong>Luc.</strong></span> 
     </span>
    </p>
   </div>
   <div class='ocr_carea' id='block_1_112' title="bbox 270 5482 496 5551">
    <p class='ocr_par' dir='ltr' id='par_1_112' title="bbox 270 5482 496 5551">
     <span class='ocr_line' id='line_1_112' title="bbox 270 5482 496 5551; baseline 0.018 -11"><span class='ocrx_word' id='word_1_918' title='bbox 270 5502 365 5551; x_wconf 80' lang='lat' dir='ltr'><strong>xx,</strong></span> <span class='ocrx_word' id='word_1_919' title='bbox 402 5482 496 5544; x_wconf 61' lang='lat'><strong>&#39;54.</strong></span> 
     </span>
    </p>
   </div>
   <div class='ocr_carea' id='block_1_113' title="bbox 279 5668 1789 5749">
    <p class='ocr_par' dir='ltr' id='par_1_113' title="bbox 279 5668 1789 5749">
     <span class='ocr_line' id='line_1_113' title="bbox 279 5668 1789 5749; baseline -0.006 -18"><span class='ocrx_word' id='word_1_920' title='bbox 279 5674 607 5749; x_wconf 64' lang='lat' dir='ltr'><strong>(SOiVulgo</strong></span> <span class='ocrx_word' id='word_1_921' title='bbox 626 5675 763 5729; x_wconf 88' lang='grc' dir='ltr'><strong>ἀλλά</strong></span> <span class='ocrx_word' id='word_1_922' title='bbox 808 5674 940 5749; x_wconf 74' lang='grc' dir='ltr'>[τῶν</span> <span class='ocrx_word' id='word_1_923' title='bbox 984 5670 1256 5744; x_wconf 84' lang='grc' dir='ltr'>ἀοράτων]</span> <span class='ocrx_word' id='word_1_924' title='bbox 1316 5671 1429 5726; x_wconf 79' lang='grc' dir='ltr'>καί.</span> <span class='ocrx_word' id='word_1_925' title='bbox 1481 5668 1599 5724; x_wconf 67' lang='lat' dir='ltr'><strong>llo:</strong></span> <span class='ocrx_word' id='word_1_926' title='bbox 1629 5668 1789 5739; x_wconf 87' lang='lat' dir='ltr'><strong>vulgo</strong></span> 
     </span>
    </p>
   </div>
   <div class='ocr_carea' id='block_1_114' title="bbox 205 5746 763 5825">
    <p class='ocr_par' dir='ltr' id='par_1_114' title="bbox 205 5746 763 5825">
     <span class='ocr_line' id='line_1_114' title="bbox 205 5746 763 5825; baseline -0.007 -21"><span class='ocrx_word' id='word_1_927' title='bbox 205 5760 336 5825; x_wconf 59' lang='lat' dir='ltr'><strong>post</strong></span> <span class='ocrx_word' id='word_1_928' title='bbox 350 5746 539 5825; x_wconf 67' lang='grc' dir='ltr'><strong>Δλέγων</strong></span> <span class='ocrx_word' id='word_1_929' title='bbox 552 5746 763 5825; x_wconf 26' lang='grc' dir='ltr'>ίιιιιθῆιιρ.</span> 
     </span>
    </p>
   </div>
   <div class='ocr_carea' id='block_1_115' title="bbox 278 5808 1787 5891">
    <p class='ocr_par' dir='ltr' id='par_1_115' title="bbox 278 5808 1787 5891">
     <span class='ocr_line' id='line_1_115' title="bbox 278 5808 1787 5891; baseline -0.007 -18"><span class='ocrx_word' id='word_1_930' title='bbox 278 5816 396 5891; x_wconf 77' lang='lat'><strong>(8|)</strong></span> <span class='ocrx_word' id='word_1_931' title='bbox 438 5808 609 5886; x_wconf 70' lang='lat' dir='ltr'><strong>Vulgo</strong></span> <span class='ocrx_word' id='word_1_932' title='bbox 665 5808 949 5888; x_wconf 80' lang='grc' dir='ltr'>βασιλικῆς</span> <span class='ocrx_word' id='word_1_933' title='bbox 1002 5816 1095 5870; x_wconf 70' lang='grc' dir='ltr'><strong>καὶ</strong></span> <span class='ocrx_word' id='word_1_934' title='bbox 1136 5811 1370 5883; x_wconf 74' lang='grc' dir='ltr'>εὐθείας,</span> <span class='ocrx_word' id='word_1_935' title='bbox 1417 5818 1472 5869; x_wconf 85' lang='lat' dir='ltr'><strong>et</strong></span> <span class='ocrx_word' id='word_1_936' title='bbox 1515 5825 1659 5878; x_wconf 82' lang='lat' dir='ltr'><strong>mox,</strong></span> <span class='ocrx_word' id='word_1_937' title='bbox 1701 5808 1787 5864; x_wconf 82' lang='grc' dir='ltr'><strong>ὅδε</strong></span> 
     </span>
    </p>
   </div>
   <div class='ocr_carea' id='block_1_116' title="bbox 1899 5669 2056 5742">
    <p class='ocr_par' dir='ltr' id='par_1_116' title="bbox 1899 5669 2056 5742">
     <span class='ocr_line' id='line_1_116' title="bbox 1899 5669 2056 5742; baseline 0 0"><span class='ocrx_word' id='word_1_938' title='bbox 1899 5669 2056 5742; x_wconf 65' lang='grc' dir='ltr'>πρόες</span> 
     </span>
    </p>
   </div>
   <div class='ocr_carea' id='block_1_117' title="bbox 1970 5736 2546 5815">
    <p class='ocr_par' dir='ltr' id='par_1_117' title="bbox 1970 5736 2546 5815">
     <span class='ocr_line' id='line_1_117' title="bbox 1970 5736 2546 5815; baseline -0.012 -18"><span class='ocrx_word' id='word_1_939' title='bbox 1970 5739 2084 5815; x_wconf 69' lang='grc'><strong>(82)</strong></span> <span class='ocrx_word' id='word_1_940' title='bbox 2126 5736 2298 5810; x_wconf 77' lang='lat' dir='ltr'><strong>Vulgo</strong></span> <span class='ocrx_word' id='word_1_941' title='bbox 2318 5751 2412 5792; x_wconf 83' lang='grc' dir='ltr'><strong>του</strong></span> <span class='ocrx_word' id='word_1_942' title='bbox 2436 5753 2546 5795; x_wconf 89' lang='lat' dir='ltr'><strong>om.</strong></span> 
     </span>
    </p>
   </div>
  </div>
