  <div class='ocr_page' id='page_1' title='image "/cluster/home/n/w/nwhite01/storage/ocr_20150623/24/nnc1.0046978259/655.png"; bbox 0 0 3828 6222; ppageno 0'>
   <div class='ocr_carea' id='block_1_1' title="bbox 355 347 460 406">
    <p class='ocr_par' dir='ltr' id='par_1_1' title="bbox 355 347 460 406">
     <span class='ocr_line' id='line_1_1' title="bbox 355 347 460 406; baseline 0 0"><span class='ocrx_word' id='word_1_1' title='bbox 355 347 460 406; x_wconf 77' lang='grc' dir='ltr'><strong>9ε7</strong></span> 
     </span>
    </p>
   </div>
   <div class='ocr_carea' id='block_1_2' title="bbox 1027 338 2928 402">
    <p class='ocr_par' dir='ltr' id='par_1_2' title="bbox 1027 338 2928 402">
     <span class='ocr_line' id='line_1_2' title="bbox 1027 338 2928 402; baseline -0.001 -1"><span class='ocrx_word' id='word_1_2' title='bbox 1027 345 1296 402; x_wconf 84' lang='lat' dir='ltr'><strong>EUSEBII</strong></span> <span class='ocrx_word' id='word_1_3' title='bbox 1335 338 1816 400; x_wconf 63' lang='lat' dir='ltr'><strong>CESARIENSIS</strong></span> <span class='ocrx_word' id='word_1_4' title='bbox 1853 339 2008 398; x_wconf 82' lang='lat' dir='ltr'><strong>OPP.</strong></span> <span class='ocrx_word' id='word_1_5' title='bbox 2049 339 2228 397; x_wconf 75' lang='lat' dir='ltr'><strong>PARS</strong></span> <span class='ocrx_word' id='word_1_6' title='bbox 2271 342 2358 398; x_wconf 82' lang='lat' dir='ltr'><strong>IV.</strong></span> <span class='ocrx_word' id='word_1_7' title='bbox 2400 371 2468 382; x_wconf 78' lang='lat'><strong>~—</strong></span> <span class='ocrx_word' id='word_1_8' title='bbox 2510 340 2928 400; x_wconf 78' lang='lat' dir='ltr'><strong>DOGMATICA.</strong></span> 
     </span>
    </p>
   </div>
   <div class='ocr_carea' id='block_1_3' title="bbox 3518 350 3623 404">
    <p class='ocr_par' dir='ltr' id='par_1_3' title="bbox 3518 350 3623 404">
     <span class='ocr_line' id='line_1_3' title="bbox 3518 350 3623 404; baseline 0.029 -3"><span class='ocrx_word' id='word_1_9' title='bbox 3518 350 3623 404; x_wconf 85' lang='lat'><strong>988</strong></span> 
     </span>
    </p>
   </div>
   <div class='ocr_carea' id='block_1_4' title="bbox 355 461 1934 542">
    <p class='ocr_par' dir='ltr' id='par_1_4' title="bbox 355 465 1931 542">
     <span class='ocr_line' id='line_1_4' title="bbox 355 465 1931 542; baseline -0.008 -14"><span class='ocrx_word' id='word_1_10' title='bbox 355 473 766 542; x_wconf 83' lang='lat' dir='ltr'><strong>Seripturarum</strong></span> <span class='ocrx_word' id='word_1_11' title='bbox 799 465 1163 540; x_wconf 75' lang='lat' dir='ltr'><strong>cognitionem</strong></span> <span class='ocrx_word' id='word_1_12' title='bbox 1194 469 1448 530; x_wconf 83' lang='lat' dir='ltr'><strong>haberet,</strong></span> <span class='ocrx_word' id='word_1_13' title='bbox 1482 481 1590 520; x_wconf 90' lang='lat' dir='ltr'><strong>non</strong></span> <span class='ocrx_word' id='word_1_14' title='bbox 1632 465 1704 518; x_wconf 91' lang='lat' dir='ltr'><strong>ita</strong></span> <span class='ocrx_word' id='word_1_15' title='bbox 1737 465 1931 518; x_wconf 88' lang='lat' dir='ltr'><strong>leviter</strong></span> 
     </span>
    </p>
   </div>
   <div class='ocr_carea' id='block_1_5' title="bbox 2042 461 3624 542">
    <p class='ocr_par' dir='ltr' id='par_1_5' title="bbox 2042 461 3624 536">
     <span class='ocr_line' id='line_1_5' title="bbox 2042 461 3624 536; baseline 0.002 -20"><span class='ocrx_word' id='word_1_16' title='bbox 2042 463 2103 516; x_wconf 77' lang='grc' dir='ltr'><strong>ἂν</strong></span> <span class='ocrx_word' id='word_1_17' title='bbox 2143 463 2382 534; x_wconf 81' lang='grc' dir='ltr'>εὐχερῶς</span> <span class='ocrx_word' id='word_1_18' title='bbox 2426 461 2600 528; x_wconf 73' lang='grc' dir='ltr'>οὕτως</span> <span class='ocrx_word' id='word_1_19' title='bbox 2641 464 2754 535; x_wconf 77' lang='grc'><strong>(85)</strong></span> <span class='ocrx_word' id='word_1_20' title='bbox 2801 465 3129 534; x_wconf 79' lang='grc' dir='ltr'><strong>ἀπεφαίνετο</strong></span> <span class='ocrx_word' id='word_1_21' title='bbox 3157 467 3257 532; x_wconf 83' lang='grc' dir='ltr'>τὰς</span> <span class='ocrx_word' id='word_1_22' title='bbox 3302 468 3409 521; x_wconf 87' lang='grc' dir='ltr'><strong>τῶν</strong></span> <span class='ocrx_word' id='word_1_23' title='bbox 3454 469 3624 536; x_wconf 86' lang='grc' dir='ltr'>ἀγίων</span> 
     </span>
    </p>
   </div>
   <div class='ocr_carea' id='block_1_6' title="bbox 355 557 1938 618">
    <p class='ocr_par' dir='ltr' id='par_1_6' title="bbox 355 557 1938 618">
     <span class='ocr_line' id='line_1_6' title="bbox 355 557 1938 618; baseline -0.005 0"><span class='ocrx_word' id='word_1_24' title='bbox 355 575 408 618; x_wconf 84' lang='lat' dir='ltr'><strong>et</strong></span> <span class='ocrx_word' id='word_1_25' title='bbox 434 562 596 617; x_wconf 79' lang='lat' dir='ltr'><strong>facile</strong></span> <span class='ocrx_word' id='word_1_26' title='bbox 618 561 1041 617; x_wconf 90' lang='lat' dir='ltr'><strong>determinasset</strong></span> <span class='ocrx_word' id='word_1_27' title='bbox 1082 569 1396 614; x_wconf 89' lang='lat' dir='ltr'><strong>sanctormn</strong></span> <span class='ocrx_word' id='word_1_28' title='bbox 1443 557 1604 612; x_wconf 85' lang='lat' dir='ltr'><strong>corda</strong></span> <span class='ocrx_word' id='word_1_29' title='bbox 1640 572 1760 611; x_wconf 88' lang='lat' dir='ltr'><strong>esse</strong></span> <span class='ocrx_word' id='word_1_30' title='bbox 1805 559 1938 610; x_wconf 89' lang='lat' dir='ltr'><strong>istas</strong></span> 
     </span>
    </p>
   </div>
   <div class='ocr_carea' id='block_1_7' title="bbox 356 648 1940 724">
    <p class='ocr_par' dir='ltr' id='par_1_7' title="bbox 356 648 1940 724">
     <span class='ocr_line' id='line_1_7' title="bbox 356 648 1940 724; baseline -0.004 -16"><span class='ocrx_word' id='word_1_31' title='bbox 356 653 602 724; x_wconf 89' lang='lat' dir='ltr'><strong>abyssos.</strong></span> <span class='ocrx_word' id='word_1_32' title='bbox 646 651 918 706; x_wconf 88' lang='lat' dir='ltr'><strong>lnstauter</strong></span> <span class='ocrx_word' id='word_1_33' title='bbox 946 651 1094 704; x_wconf 92' lang='lat' dir='ltr'><strong>addit</strong></span> <span class='ocrx_word' id='word_1_34' title='bbox 1123 651 1268 702; x_wconf 82' lang='lat' dir='ltr'><strong>enim</strong></span> <span class='ocrx_word' id='word_1_35' title='bbox 1298 648 1504 716; x_wconf 78' lang='lat' dir='ltr'><strong>Moses,</strong></span> <span class='ocrx_word' id='word_1_36' title='bbox 1532 649 1675 718; x_wconf 89' lang='lat' dir='ltr'><strong>quod</strong></span> <span class='ocrx_word' id='word_1_37' title='bbox 1706 648 1940 702; x_wconf 75' lang='lat' dir='ltr'><strong>tenebrze</strong></span> 
     </span>
    </p>
   </div>
   <div class='ocr_carea' id='block_1_8' title="bbox 357 739 1938 814">
    <p class='ocr_par' dir='ltr' id='par_1_8' title="bbox 357 739 1938 814">
     <span class='ocr_line' id='line_1_8' title="bbox 357 739 1938 814; baseline -0.004 -16"><span class='ocrx_word' id='word_1_38' title='bbox 357 753 696 813; x_wconf 88' lang='lat' dir='ltr'><strong>erantsuper</strong></span> <span class='ocrx_word' id='word_1_39' title='bbox 724 745 1012 814; x_wconf 85' lang='lat' dir='ltr'><strong>abyssum;</strong></span> <span class='ocrx_word' id='word_1_40' title='bbox 1042 742 1323 810; x_wconf 78' lang='lat' dir='ltr'><strong>multiplex</strong></span> <span class='ocrx_word' id='word_1_41' title='bbox 1352 741 1446 796; x_wconf 90' lang='lat' dir='ltr'><strong>sed</strong></span> <span class='ocrx_word' id='word_1_42' title='bbox 1465 739 1857 794; x_wconf 80' lang='lat' dir='ltr'><strong>inextricabilis</strong></span> <span class='ocrx_word' id='word_1_43' title='bbox 1874 740 1938 793; x_wconf 85' lang='lat' dir='ltr'><strong>de</strong></span> 
     </span>
    </p>
   </div>
   <div class='ocr_carea' id='block_1_9' title="bbox 360 831 1938 901">
    <p class='ocr_par' dir='ltr' id='par_1_9' title="bbox 360 831 1938 901">
     <span class='ocr_line' id='line_1_9' title="bbox 360 831 1938 901; baseline -0.004 -11"><span class='ocrx_word' id='word_1_44' title='bbox 360 837 480 891; x_wconf 87' lang='lat' dir='ltr'><strong>istis</strong></span> <span class='ocrx_word' id='word_1_45' title='bbox 505 851 684 891; x_wconf 87' lang='lat' dir='ltr'><strong>sermo</strong></span> <span class='ocrx_word' id='word_1_46' title='bbox 702 839 904 890; x_wconf 81' lang='lat' dir='ltr'><strong>seritur</strong></span> <span class='ocrx_word' id='word_1_47' title='bbox 927 837 979 889; x_wconf 91' lang='lat' dir='ltr'><strong>in</strong></span> <span class='ocrx_word' id='word_1_48' title='bbox 1006 836 1203 889; x_wconf 86' lang='lat' dir='ltr'><strong>divinis</strong></span> <span class='ocrx_word' id='word_1_49' title='bbox 1226 834 1467 888; x_wconf 90' lang='lat' dir='ltr'><strong>Litteris.</strong></span> <span class='ocrx_word' id='word_1_50' title='bbox 1488 831 1623 885; x_wconf 90' lang='lat' dir='ltr'><strong>Nam</strong></span> <span class='ocrx_word' id='word_1_51' title='bbox 1645 831 1938 901; x_wconf 85' lang='lat' dir='ltr'><strong>Apostolus</strong></span> 
     </span>
    </p>
   </div>
   <div class='ocr_carea' id='block_1_10' title="bbox 360 922 1936 994">
    <p class='ocr_par' dir='ltr' id='par_1_10' title="bbox 360 922 1936 994">
     <span class='ocr_line' id='line_1_10' title="bbox 360 922 1936 994; baseline -0.006 -11"><span class='ocrx_word' id='word_1_52' title='bbox 360 929 456 994; x_wconf 83' lang='lat' dir='ltr'><strong>ait,</strong></span> <span class='ocrx_word' id='word_1_53' title='bbox 488 926 571 983; x_wconf 87' lang='lat' dir='ltr'><strong>Ne</strong></span> <span class='ocrx_word' id='word_1_54' title='bbox 624 929 842 990; x_wconf 71' lang='lat' dir='ltr'><strong>dixeris,</strong></span> <span class='ocrx_word' id='word_1_55' title='bbox 877 927 1007 992; x_wconf 81' lang='lat' dir='ltr'><strong>Quis</strong></span> <span class='ocrx_word' id='word_1_56' title='bbox 1059 928 1302 979; x_wconf 80' lang='lat' dir='ltr'><strong>ascendet</strong></span> <span class='ocrx_word' id='word_1_57' title='bbox 1359 925 1416 978; x_wconf 87' lang='lat' dir='ltr'><strong>in</strong></span> <span class='ocrx_word' id='word_1_58' title='bbox 1466 922 1693 976; x_wconf 67' lang='lat' dir='ltr'><strong>caelum?</strong></span> <span class='ocrx_word' id='word_1_59' title='bbox 1735 923 1832 976; x_wconf 86' lang='lat' dir='ltr'><strong>hoc</strong></span> <span class='ocrx_word' id='word_1_60' title='bbox 1863 931 1936 975; x_wconf 84' lang='lat' dir='ltr'><strong>est</strong></span> 
     </span>
    </p>
   </div>
   <div class='ocr_carea' id='block_1_11' title="bbox 362 1015 1939 1085">
    <p class='ocr_par' dir='ltr' id='par_1_11' title="bbox 362 1015 1939 1085">
     <span class='ocr_line' id='line_1_11' title="bbox 362 1015 1939 1085; baseline -0.004 -9"><span class='ocrx_word' id='word_1_61' title='bbox 362 1021 627 1076; x_wconf 74' lang='lat' dir='ltr'><strong>Christum</strong></span> <span class='ocrx_word' id='word_1_62' title='bbox 659 1022 952 1082; x_wconf 83' lang='lat' dir='ltr'><strong>deducere;</strong></span> <span class='ocrx_word' id='word_1_63' title='bbox 987 1031 1075 1072; x_wconf 88' lang='lat' dir='ltr'><strong>aut</strong></span> <span class='ocrx_word' id='word_1_64' title='bbox 1103 1017 1232 1083; x_wconf 76' lang='lat' dir='ltr'><strong>Quis</strong></span> <span class='ocrx_word' id='word_1_65' title='bbox 1261 1016 1533 1070; x_wconf 83' lang='lat' dir='ltr'><strong>descendet</strong></span> <span class='ocrx_word' id='word_1_66' title='bbox 1573 1017 1625 1067; x_wconf 88' lang='lat' dir='ltr'><strong>in</strong></span> <span class='ocrx_word' id='word_1_67' title='bbox 1649 1015 1894 1085; x_wconf 84' lang='lat' dir='ltr'><strong>abyssum</strong></span> <span class='ocrx_word' id='word_1_68' title='bbox 1914 1017 1939 1069; x_wconf 72' lang='lat'><strong>.9</strong></span> 
     </span>
    </p>
   </div>
   <div class='ocr_carea' id='block_1_12' title="bbox 360 1107 1936 1180">
    <p class='ocr_par' dir='ltr' id='par_1_12' title="bbox 360 1107 1936 1180">
     <span class='ocr_line' id='line_1_12' title="bbox 360 1107 1936 1180; baseline -0.004 -12"><span class='ocrx_word' id='word_1_69' title='bbox 360 1115 460 1168; x_wconf 79' lang='lat' dir='ltr'><strong>hoc</strong></span> <span class='ocrx_word' id='word_1_70' title='bbox 485 1123 582 1180; x_wconf 79' lang='lat' dir='ltr'><strong>est,</strong></span> <span class='ocrx_word' id='word_1_71' title='bbox 624 1112 898 1166; x_wconf 75' lang='lat' dir='ltr'><strong>Christum</strong></span> <span class='ocrx_word' id='word_1_72' title='bbox 948 1129 974 1166; x_wconf 89' lang='lat' dir='ltr'><strong>e</strong></span> <span class='ocrx_word' id='word_1_73' title='bbox 1025 1111 1248 1164; x_wconf 75' lang='lat' dir='ltr'><strong>mortuis</strong></span> <span class='ocrx_word' id='word_1_74' title='bbox 1295 1109 1514 1162; x_wconf 78' lang='lat' dir='ltr'><strong>educere</strong></span> <span class='ocrx_word' id='word_1_75' title='bbox 1537 1109 1601 1162; x_wconf 68' lang='grc' dir='ltr'>υ.</span> <span class='ocrx_word' id='word_1_76' title='bbox 1649 1107 1704 1160; x_wconf 88' lang='lat' dir='ltr'><strong>In</strong></span> <span class='ocrx_word' id='word_1_77' title='bbox 1743 1108 1936 1176; x_wconf 87' lang='lat' dir='ltr'><strong>quibus</strong></span> 
     </span>
    </p>
   </div>
   <div class='ocr_carea' id='block_1_13' title="bbox 361 1197 1932 1270">
    <p class='ocr_par' dir='ltr' id='par_1_13' title="bbox 361 1197 1932 1270">
     <span class='ocr_line' id='line_1_13' title="bbox 361 1197 1932 1270; baseline -0.003 -15"><span class='ocrx_word' id='word_1_78' title='bbox 361 1203 574 1258; x_wconf 87' lang='lat' dir='ltr'><strong>videtur</strong></span> <span class='ocrx_word' id='word_1_79' title='bbox 638 1203 934 1258; x_wconf 82' lang='lat' dir='ltr'><strong>infernales</strong></span> <span class='ocrx_word' id='word_1_80' title='bbox 984 1202 1234 1270; x_wconf 76' lang='lat' dir='ltr'><strong>regiones</strong></span> <span class='ocrx_word' id='word_1_81' title='bbox 1299 1201 1528 1270; x_wconf 90' lang='lat' dir='ltr'><strong>abyssos</strong></span> <span class='ocrx_word' id='word_1_82' title='bbox 1607 1197 1932 1252; x_wconf 86' lang='lat' dir='ltr'><strong>nominasse.</strong></span> 
     </span>
    </p>
   </div>
   <div class='ocr_carea' id='block_1_14' title="bbox 362 1287 1937 1360">
    <p class='ocr_par' dir='ltr' id='par_1_14' title="bbox 362 1287 1937 1360">
     <span class='ocr_line' id='line_1_14' title="bbox 362 1287 1937 1360; baseline -0.004 -12"><span class='ocrx_word' id='word_1_83' title='bbox 362 1294 514 1360; x_wconf 85' lang='lat' dir='ltr'><strong>Quod</strong></span> <span class='ocrx_word' id='word_1_84' title='bbox 538 1295 742 1347; x_wconf 85' lang='lat' dir='ltr'><strong>clarius</strong></span> <span class='ocrx_word' id='word_1_85' title='bbox 787 1294 966 1346; x_wconf 90' lang='lat' dir='ltr'><strong>adlmc</strong></span> <span class='ocrx_word' id='word_1_86' title='bbox 1019 1292 1228 1345; x_wconf 81' lang='lat' dir='ltr'><strong>iudirat</strong></span> <span class='ocrx_word' id='word_1_87' title='bbox 1271 1291 1530 1344; x_wconf 86' lang='lat' dir='ltr'><strong>Dominus</strong></span> <span class='ocrx_word' id='word_1_88' title='bbox 1581 1289 1692 1358; x_wconf 86' lang='lat' dir='ltr'><strong>ipse</strong></span> <span class='ocrx_word' id='word_1_89' title='bbox 1744 1289 1795 1342; x_wconf 93' lang='lat' dir='ltr'><strong>in</strong></span> <span class='ocrx_word' id='word_1_90' title='bbox 1848 1287 1937 1341; x_wconf 90' lang='lat' dir='ltr'><strong>illo</strong></span> 
     </span>
    </p>
   </div>
   <div class='ocr_carea' id='block_1_15' title="bbox 361 1382 1937 1454">
    <p class='ocr_par' dir='ltr' id='par_1_15' title="bbox 361 1382 1937 1454">
     <span class='ocr_line' id='line_1_15' title="bbox 361 1382 1937 1454; baseline -0.005 -13"><span class='ocrx_word' id='word_1_91' title='bbox 361 1403 484 1442; x_wconf 89' lang='lat' dir='ltr'><strong>cum</strong></span> <span class='ocrx_word' id='word_1_92' title='bbox 509 1385 646 1441; x_wconf 79' lang='lat' dir='ltr'><strong>Jobo</strong></span> <span class='ocrx_word' id='word_1_93' title='bbox 673 1386 943 1454; x_wconf 87' lang='lat' dir='ltr'><strong>colloquio</strong></span> <span class='ocrx_word' id='word_1_94' title='bbox 971 1401 1087 1447; x_wconf 86' lang='lat' dir='ltr'><strong>suo,</strong></span> <span class='ocrx_word' id='word_1_95' title='bbox 1127 1383 1270 1438; x_wconf 83' lang='lat' dir='ltr'><strong>Vade</strong></span> <span class='ocrx_word' id='word_1_96' title='bbox 1297 1395 1470 1437; x_wconf 85' lang='lat' dir='ltr'><strong>autem</strong></span> <span class='ocrx_word' id='word_1_97' title='bbox 1503 1383 1570 1436; x_wconf 82' lang='lat' dir='ltr'><strong>ad</strong></span> <span class='ocrx_word' id='word_1_98' title='bbox 1599 1382 1792 1449; x_wconf 79' lang='lat' dir='ltr'><strong>[autem</strong></span> <span class='ocrx_word' id='word_1_99' title='bbox 1823 1398 1937 1433; x_wconf 84' lang='lat' dir='ltr'><strong>ma-</strong></span> 
     </span>
    </p>
   </div>
   <div class='ocr_carea' id='block_1_16' title="bbox 363 1471 1937 1544">
    <p class='ocr_par' dir='ltr' id='par_1_16' title="bbox 363 1471 1937 1544">
     <span class='ocr_line' id='line_1_16' title="bbox 363 1471 1937 1544; baseline -0.003 -17"><span class='ocrx_word' id='word_1_100' title='bbox 363 1475 456 1538; x_wconf 86' lang='lat' dir='ltr'><strong>ris,</strong></span> <span class='ocrx_word' id='word_1_101' title='bbox 481 1483 554 1537; x_wconf 90' lang='lat' dir='ltr'><strong>et,</strong></span> <span class='ocrx_word' id='word_1_102' title='bbox 589 1473 654 1526; x_wconf 83' lang='lat' dir='ltr'><strong>In</strong></span> <span class='ocrx_word' id='word_1_103' title='bbox 687 1475 908 1544; x_wconf 77' lang='lat' dir='ltr'><strong>vestigiis</strong></span> <span class='ocrx_word' id='word_1_104' title='bbox 937 1475 1108 1543; x_wconf 80' lang='lat' dir='ltr'><strong>abyssi</strong></span> <span class='ocrx_word' id='word_1_105' title='bbox 1134 1474 1422 1527; x_wconf 86' lang='lat' dir='ltr'><strong>ambulain</strong></span> <span class='ocrx_word' id='word_1_106' title='bbox 1454 1491 1470 1526; x_wconf 92' lang='lat'><em>:</em></span> <span class='ocrx_word' id='word_1_107' title='bbox 1513 1472 1819 1541; x_wconf 83' lang='lat' dir='ltr'><strong>aperiuntur</strong></span> <span class='ocrx_word' id='word_1_108' title='bbox 1844 1471 1937 1523; x_wconf 87' lang='lat' dir='ltr'><strong>tibi</strong></span> 
     </span>
    </p>
   </div>
   <div class='ocr_carea' id='block_1_17' title="bbox 361 1566 1933 1636">
    <p class='ocr_par' dir='ltr' id='par_1_17' title="bbox 361 1566 1933 1636">
     <span class='ocr_line' id='line_1_17' title="bbox 361 1566 1933 1636; baseline -0.001 -18"><span class='ocrx_word' id='word_1_109' title='bbox 361 1581 471 1634; x_wconf 72' lang='lat' dir='ltr'><strong>prw</strong></span> <span class='ocrx_word' id='word_1_110' title='bbox 495 1569 680 1619; x_wconf 83' lang='lat' dir='ltr'><strong>timore</strong></span> <span class='ocrx_word' id='word_1_111' title='bbox 703 1567 886 1636; x_wconf 74' lang='lat' dir='ltr'><strong>jauuw</strong></span> <span class='ocrx_word' id='word_1_112' title='bbox 911 1567 1096 1618; x_wconf 88' lang='lat' dir='ltr'><strong>mortis</strong></span> <span class='ocrx_word' id='word_1_113' title='bbox 1122 1581 1141 1619; x_wconf 91' lang='lat'><strong><em>:</em></strong></span> <span class='ocrx_word' id='word_1_114' title='bbox 1172 1567 1437 1636; x_wconf 84' lang='lat' dir='ltr'><strong>janitores</strong></span> <span class='ocrx_word' id='word_1_115' title='bbox 1469 1567 1666 1631; x_wconf 75' lang='lat' dir='ltr'><strong>inferni</strong></span> <span class='ocrx_word' id='word_1_116' title='bbox 1706 1566 1933 1618; x_wconf 81' lang='lat' dir='ltr'><strong>videntes</strong></span> 
     </span>
    </p>
   </div>
   <div class='ocr_carea' id='block_1_18' title="bbox 361 1659 1931 1728">
    <p class='ocr_par' dir='ltr' id='par_1_18' title="bbox 361 1659 1931 1728">
     <span class='ocr_line' id='line_1_18' title="bbox 361 1659 1931 1728; baseline -0.001 -17"><span class='ocrx_word' id='word_1_117' title='bbox 361 1667 432 1721; x_wconf 85' lang='lat' dir='ltr'><strong>te,</strong></span> <span class='ocrx_word' id='word_1_118' title='bbox 457 1659 863 1712; x_wconf 83' lang='lat' dir='ltr'><strong>contremiscunt</strong></span> <span class='ocrx_word' id='word_1_119' title='bbox 883 1660 948 1712; x_wconf 64' lang='lat'><strong>3&#39;.</strong></span> <span class='ocrx_word' id='word_1_120' title='bbox 984 1659 1087 1712; x_wconf 88' lang='lat' dir='ltr'><strong>Sed</strong></span> <span class='ocrx_word' id='word_1_121' title='bbox 1117 1669 1171 1712; x_wconf 89' lang='lat' dir='ltr'><strong>et</strong></span> <span class='ocrx_word' id='word_1_122' title='bbox 1204 1659 1379 1727; x_wconf 68' lang='lat' dir='ltr'><strong>impiae</strong></span> <span class='ocrx_word' id='word_1_123' title='bbox 1400 1660 1450 1712; x_wconf 91' lang='lat' dir='ltr'><strong>in</strong></span> <span class='ocrx_word' id='word_1_124' title='bbox 1473 1659 1669 1728; x_wconf 84' lang='lat' dir='ltr'><strong>abysso</strong></span> <span class='ocrx_word' id='word_1_125' title='bbox 1693 1667 1931 1726; x_wconf 83' lang='lat' dir='ltr'><strong>potesta-</strong></span> 
     </span>
    </p>
   </div>
   <div class='ocr_carea' id='block_1_19' title="bbox 364 1747 1930 1819">
    <p class='ocr_par' dir='ltr' id='par_1_19' title="bbox 364 1747 1930 1819">
     <span class='ocr_line' id='line_1_19' title="bbox 364 1747 1930 1819; baseline -0.002 -16"><span class='ocrx_word' id='word_1_126' title='bbox 364 1759 446 1805; x_wconf 88' lang='lat' dir='ltr'><strong>tes</strong></span> <span class='ocrx_word' id='word_1_127' title='bbox 471 1767 486 1802; x_wconf 91' lang='lat'><strong>:</strong></span> <span class='ocrx_word' id='word_1_128' title='bbox 514 1753 579 1804; x_wconf 89' lang='lat' dir='ltr'><strong>de</strong></span> <span class='ocrx_word' id='word_1_129' title='bbox 609 1750 802 1819; x_wconf 87' lang='lat' dir='ltr'><strong>quibus</strong></span> <span class='ocrx_word' id='word_1_130' title='bbox 831 1750 1031 1802; x_wconf 84' lang='lat' dir='ltr'><strong>dictum</strong></span> <span class='ocrx_word' id='word_1_131' title='bbox 1063 1758 1166 1814; x_wconf 84' lang='lat' dir='ltr'><strong>est,</strong></span> <span class='ocrx_word' id='word_1_132' title='bbox 1205 1747 1443 1802; x_wconf 85' lang='lat' dir='ltr'><strong>Laudate</strong></span> <span class='ocrx_word' id='word_1_133' title='bbox 1476 1749 1627 1803; x_wconf 87' lang='lat' dir='ltr'><strong>illum</strong></span> <span class='ocrx_word' id='word_1_134' title='bbox 1667 1749 1730 1802; x_wconf 84' lang='lat' dir='ltr'><strong>de</strong></span> <span class='ocrx_word' id='word_1_135' title='bbox 1768 1758 1930 1814; x_wconf 84' lang='lat' dir='ltr'><strong>terra,</strong></span> 
     </span>
    </p>
   </div>
   <div class='ocr_carea' id='block_1_20' title="bbox 2038 552 3626 628">
    <p class='ocr_par' dir='ltr' id='par_1_20' title="bbox 2038 552 3626 628">
     <span class='ocr_line' id='line_1_20' title="bbox 2038 552 3626 628; baseline 0.003 -21"><span class='ocrx_word' id='word_1_136' title='bbox 2038 556 2266 625; x_wconf 75' lang='grc' dir='ltr'><strong>καρδίας</strong></span> <span class='ocrx_word' id='word_1_137' title='bbox 2300 552 2436 607; x_wconf 82' lang='grc' dir='ltr'>εἶναι</span> <span class='ocrx_word' id='word_1_138' title='bbox 2466 556 2562 618; x_wconf 85' lang='grc' dir='ltr'><strong>τάς</strong></span> <span class='ocrx_word' id='word_1_139' title='bbox 2589 556 2877 620; x_wconf 75' lang='grc' dir='ltr'>ἀϐύσσους,</span> <span class='ocrx_word' id='word_1_140' title='bbox 2904 559 3204 628; x_wconf 83' lang='grc' dir='ltr'><strong>ἐπιστήσας</strong></span> <span class='ocrx_word' id='word_1_141' title='bbox 3228 558 3303 622; x_wconf 85' lang='grc' dir='ltr'>ὼς</span> <span class='ocrx_word' id='word_1_142' title='bbox 3334 558 3524 621; x_wconf 78' lang='grc' dir='ltr'><strong>σκότος</strong></span> <span class='ocrx_word' id='word_1_143' title='bbox 3555 553 3626 628; x_wconf 75' lang='grc' dir='ltr'>ἦν</span> 
     </span>
    </p>
   </div>
   <div class='ocr_carea' id='block_1_21' title="bbox 2041 647 3624 722">
    <p class='ocr_par' dir='ltr' id='par_1_21' title="bbox 2041 647 3624 722">
     <span class='ocr_line' id='line_1_21' title="bbox 2041 647 3624 722; baseline 0.002 -24"><span class='ocrx_word' id='word_1_144' title='bbox 2041 647 2226 699; x_wconf 79' lang='grc' dir='ltr'>ἐπάνω</span> <span class='ocrx_word' id='word_1_145' title='bbox 2263 647 2362 716; x_wconf 84' lang='grc' dir='ltr'><strong>τῆς</strong></span> <span class='ocrx_word' id='word_1_146' title='bbox 2395 647 2653 715; x_wconf 80' lang='grc' dir='ltr'>ἀϐύσσου,</span> <span class='ocrx_word' id='word_1_147' title='bbox 2687 649 2827 702; x_wconf 86' lang='grc' dir='ltr'><strong>κατά</strong></span> <span class='ocrx_word' id='word_1_148' title='bbox 2863 649 2962 721; x_wconf 82' lang='grc' dir='ltr'>τὴν</span> <span class='ocrx_word' id='word_1_149' title='bbox 3005 651 3248 714; x_wconf 81' lang='grc' dir='ltr'><strong>Μωσέως</strong></span> <span class='ocrx_word' id='word_1_150' title='bbox 3293 650 3624 722; x_wconf 82' lang='grc' dir='ltr'><strong>μαρτυρίαν,</strong></span> 
     </span>
    </p>
   </div>
   <div class='ocr_carea' id='block_1_22' title="bbox 2039 736 3628 813">
    <p class='ocr_par' dir='ltr' id='par_1_22' title="bbox 2039 736 3628 813">
     <span class='ocr_line' id='line_1_22' title="bbox 2039 736 3628 813; baseline 0.004 -25"><span class='ocrx_word' id='word_1_151' title='bbox 2039 736 2133 790; x_wconf 62' lang='grc' dir='ltr'><strong>καὶ¹</strong></span> <span class='ocrx_word' id='word_1_152' title='bbox 2173 737 2248 801; x_wconf 85' lang='grc' dir='ltr'>ὡς</span> <span class='ocrx_word' id='word_1_153' title='bbox 2299 738 2468 800; x_wconf 75' lang='grc' dir='ltr'>πολὺς</span> <span class='ocrx_word' id='word_1_154' title='bbox 2512 740 2607 792; x_wconf 73' lang='grc' dir='ltr'><strong>καὶ</strong></span> <span class='ocrx_word' id='word_1_155' title='bbox 2643 740 3077 813; x_wconf 83' lang='grc' dir='ltr'>δυσερμήνευτος</span> <span class='ocrx_word' id='word_1_156' title='bbox 3114 745 3142 795; x_wconf 85' lang='grc' dir='ltr'><strong>ὁ</strong></span> <span class='ocrx_word' id='word_1_157' title='bbox 3182 743 3308 812; x_wconf 72' lang='grc' dir='ltr'>περὶ</span> <span class='ocrx_word' id='word_1_158' title='bbox 3341 742 3517 794; x_wconf 79' lang='grc' dir='ltr'>αὐτῶν</span> <span class='ocrx_word' id='word_1_159' title='bbox 3566 744 3628 795; x_wconf 78' lang='grc' dir='ltr'>ἐν</span> 
     </span>
    </p>
   </div>
   <div class='ocr_carea' id='block_1_23' title="bbox 2037 825 3630 903">
    <p class='ocr_par' dir='ltr' id='par_1_23' title="bbox 2037 825 3630 903">
     <span class='ocr_line' id='line_1_23' title="bbox 2037 825 3630 903; baseline 0.003 -24"><span class='ocrx_word' id='word_1_160' title='bbox 2037 829 2102 898; x_wconf 84' lang='grc' dir='ltr'>τῇ</span> <span class='ocrx_word' id='word_1_161' title='bbox 2139 825 2259 899; x_wconf 74' lang='grc' dir='ltr'>θεία</span> <span class='ocrx_word' id='word_1_162' title='bbox 2293 829 2479 899; x_wconf 74' lang='grc' dir='ltr'>Γραφῇ</span> <span class='ocrx_word' id='word_1_163' title='bbox 2516 830 2740 901; x_wconf 80' lang='grc' dir='ltr'>φέρεται</span> <span class='ocrx_word' id='word_1_164' title='bbox 2778 830 2950 898; x_wconf 85' lang='grc' dir='ltr'><strong>λόγος.</strong></span> <span class='ocrx_word' id='word_1_165' title='bbox 2999 833 3055 884; x_wconf 83' lang='grc'><strong>’0</strong></span> <span class='ocrx_word' id='word_1_166' title='bbox 3091 832 3188 902; x_wconf 83' lang='grc' dir='ltr'>μὲν</span> <span class='ocrx_word' id='word_1_167' title='bbox 3217 833 3323 903; x_wconf 84' lang='grc' dir='ltr'>γὰρ</span> <span class='ocrx_word' id='word_1_168' title='bbox 3366 831 3630 884; x_wconf 80' lang='grc' dir='ltr'>Ἀπόστο-</span> 
     </span>
    </p>
   </div>
   <div class='ocr_carea' id='block_1_24' title="bbox 2037 915 3627 990">
    <p class='ocr_par' dir='ltr' id='par_1_24' title="bbox 2037 915 3627 990">
     <span class='ocr_line' id='line_1_24' title="bbox 2037 915 3627 990; baseline 0.004 -22"><span class='ocrx_word' id='word_1_169' title='bbox 2037 915 2146 980; x_wconf 89' lang='grc' dir='ltr'>λος,</span> <span class='ocrx_word' id='word_1_170' title='bbox 2187 919 2243 970; x_wconf 89' lang='grc' dir='ltr'><em>Μ</em></span> <span class='ocrx_word' id='word_1_171' title='bbox 2253 916 2284 985; x_wconf 75' lang='grc' dir='ltr'><em>ὴ</em></span> <span class='ocrx_word' id='word_1_172' title='bbox 2313 919 2510 986; x_wconf 78' lang='grc' dir='ltr'>εἴπῃς,</span> <span class='ocrx_word' id='word_1_173' title='bbox 2537 919 2690 990; x_wconf 68' lang='grc' dir='ltr'>φησι,</span> <span class='ocrx_word' id='word_1_174' title='bbox 2755 921 2850 985; x_wconf 84' lang='grc' dir='ltr'>Τίς</span> <span class='ocrx_word' id='word_1_175' title='bbox 2873 920 3234 986; x_wconf 78' lang='grc' dir='ltr'>ἀναϐήσεται</span> <span class='ocrx_word' id='word_1_176' title='bbox 3266 924 3353 985; x_wconf 82' lang='grc' dir='ltr'>εὶς</span> <span class='ocrx_word' id='word_1_177' title='bbox 3380 921 3485 974; x_wconf 79' lang='grc' dir='ltr'>τόν</span> <span class='ocrx_word' id='word_1_178' title='bbox 3517 923 3627 974; x_wconf 83' lang='grc' dir='ltr'><strong>οὐ-</strong></span> 
     </span>
    </p>
   </div>
   <div class='ocr_carea' id='block_1_25' title="bbox 2033 1011 3628 1083">
    <p class='ocr_par' dir='ltr' id='par_1_25' title="bbox 2033 1011 3628 1083">
     <span class='ocr_line' id='line_1_25' title="bbox 2033 1011 3628 1083; baseline 0.003 -21"><span class='ocrx_word' id='word_1_179' title='bbox 2033 1011 2257 1078; x_wconf 76' lang='grc' dir='ltr'><strong>ρανόν;</strong></span> <span class='ocrx_word' id='word_1_180' title='bbox 2285 1011 2442 1064; x_wconf 83' lang='grc' dir='ltr'>τοῦτ’</span> <span class='ocrx_word' id='word_1_181' title='bbox 2480 1012 2612 1064; x_wconf 81' lang='grc' dir='ltr'>ἐστι</span> <span class='ocrx_word' id='word_1_182' title='bbox 2661 1013 2922 1080; x_wconf 82' lang='grc' dir='ltr'>Χριστὸν</span> <span class='ocrx_word' id='word_1_183' title='bbox 2965 1014 3336 1083; x_wconf 74' lang='grc' dir='ltr'>καταγαγεῖν.</span> <span class='ocrx_word' id='word_1_184' title='bbox 3381 1017 3466 1076; x_wconf 85' lang='grc' dir='ltr'>Ἦ,</span> <span class='ocrx_word' id='word_1_185' title='bbox 3527 1015 3628 1080; x_wconf 82' lang='grc' dir='ltr'>Τίς</span> 
     </span>
    </p>
   </div>
   <div class='ocr_carea' id='block_1_26' title="bbox 2037 1105 3629 1174">
    <p class='ocr_par' dir='ltr' id='par_1_26' title="bbox 2037 1105 3629 1174">
     <span class='ocr_line' id='line_1_26' title="bbox 2037 1105 3629 1174; baseline 0.002 -17"><span class='ocrx_word' id='word_1_186' title='bbox 2037 1105 2434 1170; x_wconf 69' lang='grc' dir='ltr'>καταϐήσεται</span> <span class='ocrx_word' id='word_1_187' title='bbox 2457 1108 2542 1170; x_wconf 79' lang='grc' dir='ltr'>εις</span> <span class='ocrx_word' id='word_1_188' title='bbox 2571 1105 2685 1173; x_wconf 80' lang='grc' dir='ltr'><strong>τὴν</strong></span> <span class='ocrx_word' id='word_1_189' title='bbox 2705 1105 2984 1160; x_wconf 80' lang='grc' dir='ltr'>ἄϐυσσον</span> <span class='ocrx_word' id='word_1_190' title='bbox 2998 1123 3016 1169; x_wconf 89' lang='grc'><strong><em>;</em></strong></span> <span class='ocrx_word' id='word_1_191' title='bbox 3037 1107 3194 1159; x_wconf 75' lang='grc' dir='ltr'>τοῦτ’</span> <span class='ocrx_word' id='word_1_192' title='bbox 3217 1106 3629 1174; x_wconf 75' lang='grc' dir='ltr'>ἐστι’Χριστὸν</span> 
     </span>
    </p>
   </div>
   <div class='ocr_carea' id='block_1_27' title="bbox 2037 1197 3626 1268">
    <p class='ocr_par' dir='ltr' id='par_1_27' title="bbox 2037 1197 3626 1268">
     <span class='ocr_line' id='line_1_27' title="bbox 2037 1197 3626 1268; baseline 0.001 -18"><span class='ocrx_word' id='word_1_193' title='bbox 2037 1198 2103 1250; x_wconf 78' lang='grc' dir='ltr'>ἐκ</span> <span class='ocrx_word' id='word_1_194' title='bbox 2143 1197 2373 1265; x_wconf 75' lang='grc' dir='ltr'>νεκρῶν</span> <span class='ocrx_word' id='word_1_195' title='bbox 2416 1198 2758 1268; x_wconf 77' lang='grc' dir='ltr'>ἀναγαγεῖν,</span> <span class='ocrx_word' id='word_1_196' title='bbox 2807 1199 2991 1251; x_wconf 84' lang='grc' dir='ltr'>Ἔοικε</span> <span class='ocrx_word' id='word_1_197' title='bbox 3045 1197 3174 1267; x_wconf 78' lang='grc' dir='ltr'>γοῦν</span> <span class='ocrx_word' id='word_1_198' title='bbox 3221 1201 3278 1250; x_wconf 82' lang='grc' dir='ltr'>ἐν</span> <span class='ocrx_word' id='word_1_199' title='bbox 3315 1199 3521 1262; x_wconf 77' lang='grc' dir='ltr'>τούτοις</span> <span class='ocrx_word' id='word_1_200' title='bbox 3551 1198 3626 1253; x_wconf 81' lang='grc' dir='ltr'>τὰ</span> 
     </span>
    </p>
   </div>
   <div class='ocr_carea' id='block_1_28' title="bbox 2037 1290 3626 1362">
    <p class='ocr_par' dir='ltr' id='par_1_28' title="bbox 2037 1290 3626 1362">
     <span class='ocr_line' id='line_1_28' title="bbox 2037 1290 3626 1362; baseline 0.001 -19"><span class='ocrx_word' id='word_1_201' title='bbox 2037 1290 2130 1343; x_wconf 78' lang='grc' dir='ltr'>τοῦ</span> <span class='ocrx_word' id='word_1_202' title='bbox 2165 1290 2290 1360; x_wconf 69' lang='grc' dir='ltr'>ᾅδου</span> <span class='ocrx_word' id='word_1_203' title='bbox 2322 1291 2498 1362; x_wconf 80' lang='grc' dir='ltr'>χωρία</span> <span class='ocrx_word' id='word_1_204' title='bbox 2534 1291 2859 1360; x_wconf 80' lang='grc' dir='ltr'>κεκληκέναι</span> <span class='ocrx_word' id='word_1_205' title='bbox 2889 1291 3142 1344; x_wconf 77' lang='grc' dir='ltr'>ἄϐυσσον.</span> <span class='ocrx_word' id='word_1_206' title='bbox 3176 1291 3284 1343; x_wconf 72' lang='grc' dir='ltr'><strong>Καὶ</strong></span> <span class='ocrx_word' id='word_1_207' title='bbox 3313 1291 3469 1353; x_wconf 81' lang='grc' dir='ltr'>αὐτὸς</span> <span class='ocrx_word' id='word_1_208' title='bbox 3498 1290 3555 1343; x_wconf 83' lang='grc' dir='ltr'>δὲ</span> <span class='ocrx_word' id='word_1_209' title='bbox 3592 1293 3626 1344; x_wconf 83' lang='grc' dir='ltr'><strong>ό</strong></span> 
     </span>
    </p>
   </div>
   <div class='ocr_carea' id='block_1_29' title="bbox 2036 1381 3626 1454">
    <p class='ocr_par' dir='ltr' id='par_1_29' title="bbox 2036 1381 3626 1454">
     <span class='ocr_line' id='line_1_29' title="bbox 2036 1381 3626 1454; baseline 0 -20"><span class='ocrx_word' id='word_1_210' title='bbox 2036 1381 2240 1452; x_wconf 88' lang='grc' dir='ltr'>Κύριος</span> <span class='ocrx_word' id='word_1_211' title='bbox 2277 1383 2610 1452; x_wconf 85' lang='grc' dir='ltr'>σαφέστερον</span> <span class='ocrx_word' id='word_1_212' title='bbox 2652 1381 2810 1436; x_wconf 79' lang='grc' dir='ltr'>τοῦτο</span> <span class='ocrx_word' id='word_1_213' title='bbox 2851 1383 3089 1453; x_wconf 87' lang='grc' dir='ltr'>παρίστη</span> <span class='ocrx_word' id='word_1_214' title='bbox 3135 1384 3193 1434; x_wconf 80' lang='grc' dir='ltr'>ἐν</span> <span class='ocrx_word' id='word_1_215' title='bbox 3236 1381 3316 1451; x_wconf 80' lang='grc' dir='ltr'>τῷ</span> <span class='ocrx_word' id='word_1_216' title='bbox 3347 1383 3483 1454; x_wconf 77' lang='grc' dir='ltr'>πρὸς</span> <span class='ocrx_word' id='word_1_217' title='bbox 3528 1382 3626 1435; x_wconf 85' lang='grc' dir='ltr'><strong>τὸν</strong></span> 
     </span>
    </p>
   </div>
   <div class='ocr_carea' id='block_1_30' title="bbox 2051 1467 3626 1545">
    <p class='ocr_par' dir='ltr' id='par_1_30' title="bbox 2051 1467 3626 1545">
     <span class='ocr_line' id='line_1_30' title="bbox 2051 1467 3626 1545; baseline 0 -19"><span class='ocrx_word' id='word_1_218' title='bbox 2051 1473 2168 1526; x_wconf 81' lang='grc' dir='ltr'><strong>Ἰὼϐ</strong></span> <span class='ocrx_word' id='word_1_219' title='bbox 2196 1473 2563 1545; x_wconf 84' lang='grc' dir='ltr'><strong>χρηματισμῷ</strong></span> <span class='ocrx_word' id='word_1_220' title='bbox 2589 1474 2763 1542; x_wconf 83' lang='grc' dir='ltr'>λέγων</span> <span class='ocrx_word' id='word_1_221' title='bbox 2789 1473 2898 1545; x_wconf 72' lang='grc'><strong>(84)</strong></span> <span class='ocrx_word' id='word_1_222' title='bbox 2917 1491 2929 1504; x_wconf 83' lang='grc'><em>’</em></span> <span class='ocrx_word' id='word_1_223' title='bbox 2955 1470 3178 1540; x_wconf 60' lang='grc' dir='ltr'><strong>*Ηλοες</strong></span> <span class='ocrx_word' id='word_1_224' title='bbox 3201 1467 3385 1526; x_wconf 74' lang='grc' dir='ltr'><strong>δὲ’ἐπὶ</strong></span> <span class='ocrx_word' id='word_1_225' title='bbox 3415 1473 3626 1542; x_wconf 74' lang='grc' dir='ltr'>πηγὴν</span> 
     </span>
    </p>
   </div>
   <div class='ocr_carea' id='block_1_31' title="bbox 2035 1564 3620 1635">
    <p class='ocr_par' dir='ltr' id='par_1_31' title="bbox 2035 1564 3620 1635">
     <span class='ocr_line' id='line_1_31' title="bbox 2035 1564 3620 1635; baseline -0.003 -15"><span class='ocrx_word' id='word_1_226' title='bbox 2035 1565 2372 1632; x_wconf 77' lang='grc' dir='ltr'><strong>θαλάσσης,</strong></span> <span class='ocrx_word' id='word_1_227' title='bbox 2397 1567 2466 1619; x_wconf 81' lang='grc' dir='ltr'><strong>ἐν</strong></span> <span class='ocrx_word' id='word_1_228' title='bbox 2484 1565 2552 1618; x_wconf 78' lang='grc' dir='ltr'>δὲ</span> <span class='ocrx_word' id='word_1_229' title='bbox 2578 1566 2816 1635; x_wconf 76' lang='grc' dir='ltr'>ἴχνεσιν</span> <span class='ocrx_word' id='word_1_230' title='bbox 2841 1566 3116 1620; x_wconf 88' lang='grc' dir='ltr'>ἀϐύσσου</span> <span class='ocrx_word' id='word_1_231' title='bbox 3156 1564 3620 1632; x_wconf 77' lang='grc' dir='ltr'>περιεπάτησας·</span> 
     </span>
    </p>
   </div>
   <div class='ocr_carea' id='block_1_32' title="bbox 2035 1643 3624 1728">
    <p class='ocr_par' dir='ltr' id='par_1_32' title="bbox 2035 1643 3624 1728">
     <span class='ocr_line' id='line_1_32' title="bbox 2035 1643 3624 1728; baseline -0.003 -15"><span class='ocrx_word' id='word_1_232' title='bbox 2035 1660 2375 1728; x_wconf 77' lang='grc' dir='ltr'>ἀνοίγονται</span> <span class='ocrx_word' id='word_1_233' title='bbox 2413 1657 2482 1712; x_wconf 89' lang='grc' dir='ltr'>δέ</span> <span class='ocrx_word' id='word_1_234' title='bbox 2518 1675 2618 1712; x_wconf 90' lang='grc' dir='ltr'><strong>σοι</strong></span> <span class='ocrx_word' id='word_1_235' title='bbox 2665 1658 2828 1727; x_wconf 72' lang='grc' dir='ltr'>φόϐῳ</span> <span class='ocrx_word' id='word_1_236' title='bbox 2855 1643 3044 1711; x_wconf 70' lang='grc' dir='ltr'><strong>⁵πυλαὶ</strong></span> <span class='ocrx_word' id='word_1_237' title='bbox 3083 1657 3344 1712; x_wconf 76' lang='grc' dir='ltr'>θανάτου</span> <span class='ocrx_word' id='word_1_238' title='bbox 3366 1673 3380 1688; x_wconf 79' lang='grc' dir='ltr'><strong>ο</strong></span> <span class='ocrx_word' id='word_1_239' title='bbox 3417 1660 3624 1710; x_wconf 77' lang='grc' dir='ltr'>πυλω-</span> 
     </span>
    </p>
   </div>
   <div class='ocr_carea' id='block_1_33' title="bbox 2027 1748 3623 1820">
    <p class='ocr_par' dir='ltr' id='par_1_33' title="bbox 2027 1748 3623 1820">
     <span class='ocr_line' id='line_1_33' title="bbox 2027 1748 3623 1820; baseline -0.004 -14"><span class='ocrx_word' id='word_1_240' title='bbox 2027 1751 2126 1820; x_wconf 76' lang='grc' dir='ltr'>ροὶ</span> <span class='ocrx_word' id='word_1_241' title='bbox 2161 1751 2228 1804; x_wconf 82' lang='grc' dir='ltr'>δὲ</span> <span class='ocrx_word' id='word_1_242' title='bbox 2261 1751 2409 1818; x_wconf 81' lang='grc' dir='ltr'>ᾅδου</span> <span class='ocrx_word' id='word_1_243' title='bbox 2452 1751 2682 1816; x_wconf 81' lang='grc' dir='ltr'><strong>ἰδόντες</strong></span> <span class='ocrx_word' id='word_1_244' title='bbox 2718 1766 2812 1813; x_wconf 88' lang='grc' dir='ltr'><strong>σε,</strong></span> <span class='ocrx_word' id='word_1_245' title='bbox 2847 1749 3140 1816; x_wconf 80' lang='grc' dir='ltr'><strong>ἔπτηξαν.</strong></span> <span class='ocrx_word' id='word_1_246' title='bbox 3190 1751 3300 1802; x_wconf 69' lang='grc' dir='ltr'><strong>Καὶ</strong></span> <span class='ocrx_word' id='word_1_247' title='bbox 3322 1748 3420 1812; x_wconf 84' lang='grc' dir='ltr'><strong>τὰς</strong></span> <span class='ocrx_word' id='word_1_248' title='bbox 3461 1750 3518 1800; x_wconf 82' lang='grc' dir='ltr'>ἐν</span> <span class='ocrx_word' id='word_1_249' title='bbox 3549 1753 3623 1819; x_wconf 82' lang='grc' dir='ltr'>τῇ</span> 
     </span>
    </p>
   </div>
   <div class='ocr_carea' id='block_1_34' title="bbox 359 1835 1934 1916">
    <p class='ocr_par' dir='ltr' id='par_1_34' title="bbox 359 1841 1934 1912">
     <span class='ocr_line' id='line_1_34' title="bbox 359 1841 1934 1912; baseline -0.003 -14"><span class='ocrx_word' id='word_1_250' title='bbox 359 1846 610 1899; x_wconf 84' lang='lat' dir='ltr'><strong>dracones</strong></span> <span class='ocrx_word' id='word_1_251' title='bbox 630 1855 676 1896; x_wconf 89' lang='lat' dir='ltr'><strong>et</strong></span> <span class='ocrx_word' id='word_1_252' title='bbox 698 1845 952 1897; x_wconf 78' lang='lat' dir='ltr'><strong>universa:</strong></span> <span class='ocrx_word' id='word_1_253' title='bbox 974 1843 1224 1912; x_wconf 75' lang='lat' dir='ltr'><strong>abyssi“.</strong></span> <span class='ocrx_word' id='word_1_254' title='bbox 1257 1843 1559 1896; x_wconf 83' lang='lat' dir='ltr'><strong>Etulterius</strong></span> <span class='ocrx_word' id='word_1_255' title='bbox 1585 1841 1736 1906; x_wconf 89' lang='lat' dir='ltr'><strong>illud,</strong></span> <span class='ocrx_word' id='word_1_256' title='bbox 1762 1841 1934 1909; x_wconf 86' lang='lat' dir='ltr'><strong>Super</strong></span> 
     </span>
    </p>
   </div>
   <div class='ocr_carea' id='block_1_35' title="bbox 2042 1835 3629 1916">
    <p class='ocr_par' dir='ltr' id='par_1_35' title="bbox 2042 1835 3629 1916">
     <span class='ocr_line' id='line_1_35' title="bbox 2042 1835 3629 1916; baseline -0.003 -19"><span class='ocrx_word' id='word_1_257' title='bbox 2042 1843 2256 1916; x_wconf 76' lang='grc' dir='ltr'>ἀϐύσσῳ</span> <span class='ocrx_word' id='word_1_258' title='bbox 2293 1844 2348 1896; x_wconf 76' lang='grc' dir='ltr'>δὲ</span> <span class='ocrx_word' id='word_1_259' title='bbox 2387 1843 2644 1914; x_wconf 88' lang='grc' dir='ltr'>δυνάμεις</span> <span class='ocrx_word' id='word_1_260' title='bbox 2672 1842 2944 1914; x_wconf 77' lang='grc' dir='ltr'>πονηρὰς,</span> <span class='ocrx_word' id='word_1_261' title='bbox 2977 1842 3104 1913; x_wconf 89' lang='grc' dir='ltr'><strong>περί</strong></span> <span class='ocrx_word' id='word_1_262' title='bbox 3135 1835 3208 1894; x_wconf 68' lang='grc' dir='ltr'>ἄν</span> <span class='ocrx_word' id='word_1_263' title='bbox 3239 1841 3472 1912; x_wconf 79' lang='grc' dir='ltr'>εἴρηται,</span> <span class='ocrx_word' id='word_1_264' title='bbox 3521 1842 3629 1893; x_wconf 81' lang='grc' dir='ltr'><strong>Αί-</strong></span> 
     </span>
    </p>
   </div>
   <div class='ocr_carea' id='block_1_36' title="bbox 359 1932 1935 2003">
    <p class='ocr_par' dir='ltr' id='par_1_36' title="bbox 359 1932 1935 2003">
     <span class='ocr_line' id='line_1_36' title="bbox 359 1932 1935 2003; baseline 0.001 -18"><span class='ocrx_word' id='word_1_265' title='bbox 359 1935 603 2003; x_wconf 83' lang='lat' dir='ltr'><strong>abyssum</strong></span> <span class='ocrx_word' id='word_1_266' title='bbox 633 1934 878 1986; x_wconf 78' lang='lat' dir='ltr'><strong>tenebra’.</strong></span> <span class='ocrx_word' id='word_1_267' title='bbox 912 1933 984 1986; x_wconf 93' lang='lat' dir='ltr'><strong>De</strong></span> <span class='ocrx_word' id='word_1_268' title='bbox 1013 1934 1211 2001; x_wconf 88' lang='lat' dir='ltr'><strong>quibus</strong></span> <span class='ocrx_word' id='word_1_269' title='bbox 1240 1933 1315 1984; x_wconf 90' lang='lat' dir='ltr'><strong>ait</strong></span> <span class='ocrx_word' id='word_1_270' title='bbox 1359 1932 1533 1986; x_wconf 74' lang='lat' dir='ltr'><strong>Moses</strong></span> <span class='ocrx_word' id='word_1_271' title='bbox 1554 1973 1568 1997; x_wconf 96' lang='lat'><strong>,</strong></span> <span class='ocrx_word' id='word_1_272' title='bbox 1610 1933 1674 1985; x_wconf 86' lang='lat' dir='ltr'><strong>Et</strong></span> <span class='ocrx_word' id='word_1_273' title='bbox 1711 1935 1935 1988; x_wconf 62' lang='lat' dir='ltr'><strong>tenebrat</strong></span> 
     </span>
    </p>
   </div>
   <div class='ocr_carea' id='block_1_37' title="bbox 358 2024 1935 2094">
    <p class='ocr_par' dir='ltr' id='par_1_37' title="bbox 358 2024 1935 2094">
     <span class='ocr_line' id='line_1_37' title="bbox 358 2024 1935 2094; baseline 0.001 -16"><span class='ocrx_word' id='word_1_274' title='bbox 358 2035 508 2078; x_wconf 86' lang='lat' dir='ltr'><strong>erant</strong></span> <span class='ocrx_word' id='word_1_275' title='bbox 554 2041 708 2092; x_wconf 79' lang='lat' dir='ltr'><strong>super</strong></span> <span class='ocrx_word' id='word_1_276' title='bbox 731 2024 1054 2094; x_wconf 70' lang='lat' dir='ltr'><strong>abyssum&quot;.</strong></span> <span class='ocrx_word' id='word_1_277' title='bbox 1103 2025 1227 2080; x_wconf 68' lang='lat' dir='ltr'><strong>Haec</strong></span> <span class='ocrx_word' id='word_1_278' title='bbox 1283 2027 1462 2078; x_wconf 87' lang='lat' dir='ltr'><strong>omnia</strong></span> <span class='ocrx_word' id='word_1_279' title='bbox 1506 2025 1596 2094; x_wconf 90' lang='lat' dir='ltr'><strong>qui</strong></span> <span class='ocrx_word' id='word_1_280' title='bbox 1653 2026 1935 2080; x_wconf 87' lang='lat' dir='ltr'><strong>addiscere</strong></span> 
     </span>
    </p>
   </div>
   <div class='ocr_carea' id='block_1_38' title="bbox 358 2116 1935 2186">
    <p class='ocr_par' dir='ltr' id='par_1_38' title="bbox 358 2116 1935 2186">
     <span class='ocr_line' id='line_1_38' title="bbox 358 2116 1935 2186; baseline 0.001 -18"><span class='ocrx_word' id='word_1_281' title='bbox 358 2126 593 2186; x_wconf 81' lang='lat' dir='ltr'><strong>poterat,</strong></span> <span class='ocrx_word' id='word_1_282' title='bbox 629 2116 672 2170; x_wconf 91' lang='lat' dir='ltr'><strong>si</strong></span> <span class='ocrx_word' id='word_1_283' title='bbox 702 2116 944 2171; x_wconf 86' lang='lat' dir='ltr'><strong>sedulam</strong></span> <span class='ocrx_word' id='word_1_284' title='bbox 989 2118 1176 2170; x_wconf 88' lang='lat' dir='ltr'><strong>saltem</strong></span> <span class='ocrx_word' id='word_1_285' title='bbox 1218 2131 1469 2185; x_wconf 88' lang='lat' dir='ltr'><strong>operam,</strong></span> <span class='ocrx_word' id='word_1_286' title='bbox 1519 2126 1573 2170; x_wconf 91' lang='lat' dir='ltr'><strong>et</strong></span> <span class='ocrx_word' id='word_1_287' title='bbox 1618 2132 1724 2171; x_wconf 88' lang='lat' dir='ltr'><strong>non</strong></span> <span class='ocrx_word' id='word_1_288' title='bbox 1769 2116 1935 2185; x_wconf 79' lang='lat' dir='ltr'><strong>negli-</strong></span> 
     </span>
    </p>
   </div>
   <div class='ocr_carea' id='block_1_39' title="bbox 358 2208 1936 2280">
    <p class='ocr_par' dir='ltr' id='par_1_39' title="bbox 358 2208 1936 2280">
     <span class='ocr_line' id='line_1_39' title="bbox 358 2208 1936 2280; baseline -0.002 -15"><span class='ocrx_word' id='word_1_289' title='bbox 358 2219 570 2280; x_wconf 79' lang='lat' dir='ltr'><strong>gentem</strong></span> <span class='ocrx_word' id='word_1_290' title='bbox 597 2211 650 2264; x_wconf 90' lang='lat' dir='ltr'><strong>in</strong></span> <span class='ocrx_word' id='word_1_291' title='bbox 681 2210 879 2264; x_wconf 81' lang='lat' dir='ltr'><strong>divinis</strong></span> <span class='ocrx_word' id='word_1_292' title='bbox 915 2208 1131 2264; x_wconf 87' lang='lat' dir='ltr'><strong>Litteris</strong></span> <span class='ocrx_word' id='word_1_293' title='bbox 1169 2210 1459 2278; x_wconf 89' lang='lat' dir='ltr'><strong>posuisset,</strong></span> <span class='ocrx_word' id='word_1_294' title='bbox 1503 2214 1562 2272; x_wconf 67' lang='lat'><strong>&gt;14</strong></span> <span class='ocrx_word' id='word_1_295' title='bbox 1604 2224 1709 2262; x_wconf 91' lang='lat' dir='ltr'><strong>non</strong></span> <span class='ocrx_word' id='word_1_296' title='bbox 1751 2209 1936 2278; x_wconf 90' lang='lat' dir='ltr'><strong>utique</strong></span> 
     </span>
    </p>
   </div>
   <div class='ocr_carea' id='block_1_40' title="bbox 317 2297 1932 2366">
    <p class='ocr_par' dir='ltr' id='par_1_40' title="bbox 317 2297 1932 2366">
     <span class='ocr_line' id='line_1_40' title="bbox 317 2297 1932 2366; baseline -0.004 -12"><span class='ocrx_word' id='word_1_297' title='bbox 317 2311 320 2316; x_wconf 86' lang='lat'>&#39;</span> <span class='ocrx_word' id='word_1_298' title='bbox 355 2307 606 2355; x_wconf 87' lang='lat' dir='ltr'><strong>vocasset</strong></span> <span class='ocrx_word' id='word_1_299' title='bbox 622 2309 934 2354; x_wconf 86' lang='lat' dir='ltr'><strong>sanctorum</strong></span> <span class='ocrx_word' id='word_1_300' title='bbox 952 2299 1112 2353; x_wconf 91' lang='lat' dir='ltr'><strong>corda</strong></span> <span class='ocrx_word' id='word_1_301' title='bbox 1129 2299 1353 2366; x_wconf 83' lang='lat' dir='ltr'><strong>abyssos</strong></span> <span class='ocrx_word' id='word_1_302' title='bbox 1376 2315 1388 2350; x_wconf 96' lang='lat'>:</span> <span class='ocrx_word' id='word_1_303' title='bbox 1422 2297 1773 2351; x_wconf 81' lang='lat' dir='ltr'><strong>intellexisset</strong></span> <span class='ocrx_word' id='word_1_304' title='bbox 1789 2298 1932 2350; x_wconf 92' lang='lat' dir='ltr'><strong>enim</strong></span> 
     </span>
    </p>
   </div>
   <div class='ocr_carea' id='block_1_41' title="bbox 356 2391 1931 2463">
    <p class='ocr_par' dir='ltr' id='par_1_41' title="bbox 356 2391 1931 2463">
     <span class='ocr_line' id='line_1_41' title="bbox 356 2391 1931 2463; baseline -0.004 -16"><span class='ocrx_word' id='word_1_305' title='bbox 356 2393 624 2463; x_wconf 89' lang='lat' dir='ltr'><strong>quomodo</strong></span> <span class='ocrx_word' id='word_1_306' title='bbox 662 2391 861 2445; x_wconf 90' lang='lat' dir='ltr'><strong>dictum</strong></span> <span class='ocrx_word' id='word_1_307' title='bbox 911 2391 1011 2456; x_wconf 90' lang='lat' dir='ltr'><strong>sit,</strong></span> <span class='ocrx_word' id='word_1_308' title='bbox 1061 2401 1133 2457; x_wconf 90' lang='lat' dir='ltr'><strong>et,</strong></span> <span class='ocrx_word' id='word_1_309' title='bbox 1168 2391 1398 2460; x_wconf 76' lang='lat' dir='ltr'><strong>Abyssus</strong></span> <span class='ocrx_word' id='word_1_310' title='bbox 1437 2393 1638 2444; x_wconf 84' lang='lat' dir='ltr'><strong>invocat</strong></span> <span class='ocrx_word' id='word_1_311' title='bbox 1665 2392 1931 2459; x_wconf 87' lang='lat' dir='ltr'><strong>abyssum.</strong></span> 
     </span>
    </p>
   </div>
   <div class='ocr_carea' id='block_1_42' title="bbox 355 2483 1932 2550">
    <p class='ocr_par' dir='ltr' id='par_1_42' title="bbox 355 2483 1932 2550">
     <span class='ocr_line' id='line_1_42' title="bbox 355 2483 1932 2550; baseline -0.005 -11"><span class='ocrx_word' id='word_1_312' title='bbox 355 2487 426 2539; x_wconf 84' lang='lat' dir='ltr'><strong>ad</strong></span> <span class='ocrx_word' id='word_1_313' title='bbox 455 2501 624 2540; x_wconf 78' lang='lat' dir='ltr'><strong>vocem</strong></span> <span class='ocrx_word' id='word_1_314' title='bbox 655 2494 1048 2538; x_wconf 87' lang='lat' dir='ltr'><strong>cataractarum</strong></span> <span class='ocrx_word' id='word_1_315' title='bbox 1080 2495 1172 2538; x_wconf 89' lang='lat' dir='ltr'><strong>tua</strong></span> <span class='ocrx_word' id='word_1_316' title='bbox 1186 2501 1298 2537; x_wconf 89' lang='lat' dir='ltr'><strong>rum</strong></span> <span class='ocrx_word' id='word_1_317' title='bbox 1320 2484 1393 2550; x_wconf 84' lang='grc'>³⁸,</span> <span class='ocrx_word' id='word_1_318' title='bbox 1440 2495 1494 2538; x_wconf 90' lang='lat' dir='ltr'><strong>et</strong></span> <span class='ocrx_word' id='word_1_319' title='bbox 1537 2483 1730 2537; x_wconf 86' lang='lat' dir='ltr'><strong>iterum</strong></span> <span class='ocrx_word' id='word_1_320' title='bbox 1751 2522 1766 2547; x_wconf 89' lang='lat'><strong>,</strong></span> <span class='ocrx_word' id='word_1_321' title='bbox 1799 2486 1932 2536; x_wconf 85' lang='lat' dir='ltr'><strong>Tur-</strong></span> 
     </span>
    </p>
   </div>
   <div class='ocr_carea' id='block_1_43' title="bbox 357 2572 1934 2647">
    <p class='ocr_par' dir='ltr' id='par_1_43' title="bbox 357 2572 1934 2647">
     <span class='ocr_line' id='line_1_43' title="bbox 357 2572 1934 2647; baseline -0.004 -16"><span class='ocrx_word' id='word_1_322' title='bbox 357 2579 493 2632; x_wconf 72' lang='lat' dir='ltr'><strong>bata!</strong></span> <span class='ocrx_word' id='word_1_323' title='bbox 522 2586 640 2631; x_wconf 78' lang='lat' dir='ltr'><strong>sunt</strong></span> <span class='ocrx_word' id='word_1_324' title='bbox 679 2577 886 2647; x_wconf 65' lang='lat' dir='ltr'><strong>abyssi,</strong></span> <span class='ocrx_word' id='word_1_325' title='bbox 930 2575 1208 2629; x_wconf 85' lang='lat' dir='ltr'><strong>multitudo</strong></span> <span class='ocrx_word' id='word_1_326' title='bbox 1237 2575 1438 2628; x_wconf 74' lang='lat' dir='ltr'><strong>sonitus</strong></span> <span class='ocrx_word' id='word_1_327' title='bbox 1494 2572 1838 2644; x_wconf 77' lang='lat' dir='ltr'><strong>aquarum&quot;,</strong></span> <span class='ocrx_word' id='word_1_328' title='bbox 1878 2581 1934 2624; x_wconf 89' lang='lat' dir='ltr'><strong>et</strong></span> 
     </span>
    </p>
   </div>
   <div class='ocr_carea' id='block_1_44' title="bbox 355 2663 1931 2740">
    <p class='ocr_par' dir='ltr' id='par_1_44' title="bbox 355 2663 1931 2740">
     <span class='ocr_line' id='line_1_44' title="bbox 355 2663 1931 2740; baseline -0.006 -16"><span class='ocrx_word' id='word_1_329' title='bbox 355 2671 573 2733; x_wconf 87' lang='lat' dir='ltr'><strong>iterum,</strong></span> <span class='ocrx_word' id='word_1_330' title='bbox 597 2669 835 2740; x_wconf 80' lang='lat' dir='ltr'><strong>Abyssus</strong></span> <span class='ocrx_word' id='word_1_331' title='bbox 857 2679 1106 2739; x_wconf 86' lang='lat' dir='ltr'><strong>tanquam</strong></span> <span class='ocrx_word' id='word_1_332' title='bbox 1125 2668 1274 2721; x_wconf 77' lang='lat' dir='ltr'><strong>vestis</strong></span> <span class='ocrx_word' id='word_1_333' title='bbox 1296 2666 1716 2720; x_wconf 86' lang='lat' dir='ltr'><strong>circumamictus</strong></span> <span class='ocrx_word' id='word_1_334' title='bbox 1733 2663 1847 2733; x_wconf 81' lang='lat' dir='ltr'><strong>ejus</strong></span> <span class='ocrx_word' id='word_1_335' title='bbox 1864 2663 1931 2716; x_wconf 82' lang='grc'><strong>⁸⁷.</strong></span> 
     </span>
    </p>
   </div>
   <div class='ocr_carea' id='block_1_45' title="bbox 357 2755 1934 2825">
    <p class='ocr_par' dir='ltr' id='par_1_45' title="bbox 357 2755 1934 2825">
     <span class='ocr_line' id='line_1_45' title="bbox 357 2755 1934 2825; baseline -0.005 -9"><span class='ocrx_word' id='word_1_336' title='bbox 357 2761 483 2817; x_wconf 67' lang='lat' dir='ltr'><strong>Haec</strong></span> <span class='ocrx_word' id='word_1_337' title='bbox 521 2770 575 2816; x_wconf 91' lang='lat' dir='ltr'><strong>et</strong></span> <span class='ocrx_word' id='word_1_338' title='bbox 607 2761 692 2815; x_wconf 88' lang='lat' dir='ltr'><strong>bis</strong></span> <span class='ocrx_word' id='word_1_339' title='bbox 729 2759 928 2814; x_wconf 87' lang='lat' dir='ltr'><strong>similia</strong></span> <span class='ocrx_word' id='word_1_340' title='bbox 977 2759 1217 2813; x_wconf 87' lang='lat' dir='ltr'><strong>novisset</strong></span> <span class='ocrx_word' id='word_1_341' title='bbox 1260 2758 1538 2819; x_wconf 81' lang='lat' dir='ltr'><strong>exactius,</strong></span> <span class='ocrx_word' id='word_1_342' title='bbox 1583 2757 1627 2810; x_wconf 88' lang='lat' dir='ltr'><strong>si</strong></span> <span class='ocrx_word' id='word_1_343' title='bbox 1673 2771 1794 2825; x_wconf 71' lang='lat' dir='ltr'><strong>qua:</strong></span> <span class='ocrx_word' id='word_1_344' title='bbox 1835 2755 1934 2824; x_wconf 90' lang='lat' dir='ltr'><strong>ipsi</strong></span> 
     </span>
    </p>
   </div>
   <div class='ocr_carea' id='block_1_46' title="bbox 355 2851 1932 2919">
    <p class='ocr_par' dir='ltr' id='par_1_46' title="bbox 355 2851 1932 2919">
     <span class='ocr_line' id='line_1_46' title="bbox 355 2851 1932 2919; baseline -0.005 -11"><span class='ocrx_word' id='word_1_345' title='bbox 355 2867 484 2908; x_wconf 87' lang='lat' dir='ltr'><strong>cura</strong></span> <span class='ocrx_word' id='word_1_346' title='bbox 517 2852 772 2908; x_wconf 90' lang='lat' dir='ltr'><strong>subiisset</strong></span> <span class='ocrx_word' id='word_1_347' title='bbox 815 2861 872 2905; x_wconf 84' lang='grc' dir='ltr'><strong>ιιι</strong></span> <span class='ocrx_word' id='word_1_348' title='bbox 904 2851 1019 2906; x_wconf 62' lang='lat' dir='ltr'><strong>hate</strong></span> <span class='ocrx_word' id='word_1_349' title='bbox 1065 2851 1392 2919; x_wconf 79' lang='lat' dir='ltr'><strong>intelligeret</strong></span> <span class='ocrx_word' id='word_1_350' title='bbox 1431 2864 1445 2903; x_wconf 89' lang='lat'><strong>:</strong></span> <span class='ocrx_word' id='word_1_351' title='bbox 1478 2858 1536 2902; x_wconf 91' lang='lat' dir='ltr'><strong>at</strong></span> <span class='ocrx_word' id='word_1_352' title='bbox 1596 2864 1737 2902; x_wconf 91' lang='lat' dir='ltr'><strong>nunc</strong></span> <span class='ocrx_word' id='word_1_353' title='bbox 1787 2857 1932 2901; x_wconf 87' lang='lat' dir='ltr'><strong>tanta</strong></span> 
     </span>
    </p>
   </div>
   <div class='ocr_carea' id='block_1_47' title="bbox 356 2940 1932 3015">
    <p class='ocr_par' dir='ltr' id='par_1_47' title="bbox 356 2940 1932 3015">
     <span class='ocr_line' id='line_1_47' title="bbox 356 2940 1932 3015; baseline -0.005 -15"><span class='ocrx_word' id='word_1_354' title='bbox 356 2947 472 3015; x_wconf 88' lang='lat' dir='ltr'><strong>ipse</strong></span> <span class='ocrx_word' id='word_1_355' title='bbox 504 2944 801 3008; x_wconf 83' lang='lat' dir='ltr'><strong>facilitate,</strong></span> <span class='ocrx_word' id='word_1_356' title='bbox 849 2953 1064 3012; x_wconf 88' lang='lat' dir='ltr'><strong>tamque</strong></span> <span class='ocrx_word' id='word_1_357' title='bbox 1091 2941 1353 2997; x_wconf 84' lang='lat' dir='ltr'><strong>dissolute</strong></span> <span class='ocrx_word' id='word_1_358' title='bbox 1401 2949 1712 2996; x_wconf 88' lang='lat' dir='ltr'><strong>sanctorum</strong></span> <span class='ocrx_word' id='word_1_359' title='bbox 1767 2940 1932 2995; x_wconf 89' lang='lat' dir='ltr'><strong>corda</strong></span> 
     </span>
    </p>
   </div>
   <div class='ocr_carea' id='block_1_48' title="bbox 356 3030 1934 3105">
    <p class='ocr_par' dir='ltr' id='par_1_48' title="bbox 356 3030 1934 3105">
     <span class='ocr_line' id='line_1_48' title="bbox 356 3030 1934 3105; baseline -0.003 -16"><span class='ocrx_word' id='word_1_360' title='bbox 356 3035 723 3105; x_wconf 85' lang='lat' dir='ltr'><strong>pronuntiavit</strong></span> <span class='ocrx_word' id='word_1_361' title='bbox 759 3035 1004 3104; x_wconf 89' lang='lat' dir='ltr'><strong>abyssos.</strong></span> <span class='ocrx_word' id='word_1_362' title='bbox 1047 3031 1154 3087; x_wconf 85' lang='lat' dir='ltr'><strong>Nec</strong></span> <span class='ocrx_word' id='word_1_363' title='bbox 1189 3043 1364 3087; x_wconf 89' lang='lat' dir='ltr'><strong>tamen</strong></span> <span class='ocrx_word' id='word_1_364' title='bbox 1402 3033 1473 3085; x_wconf 88' lang='lat' dir='ltr'><strong>ita</strong></span> <span class='ocrx_word' id='word_1_365' title='bbox 1507 3030 1934 3098; x_wconf 83' lang='lat' dir='ltr'><strong>intellexitquod</strong></span> 
     </span>
    </p>
   </div>
   <div class='ocr_carea' id='block_1_49' title="bbox 355 3120 1931 3192">
    <p class='ocr_par' dir='ltr' id='par_1_49' title="bbox 355 3120 1931 3192">
     <span class='ocr_line' id='line_1_49' title="bbox 355 3120 1931 3192; baseline -0.005 -11"><span class='ocrx_word' id='word_1_366' title='bbox 355 3127 439 3181; x_wconf 90' lang='lat' dir='ltr'><strong>vel</strong></span> <span class='ocrx_word' id='word_1_367' title='bbox 468 3127 764 3182; x_wconf 88' lang='lat' dir='ltr'><strong>secundum</strong></span> <span class='ocrx_word' id='word_1_368' title='bbox 798 3127 938 3180; x_wconf 88' lang='lat' dir='ltr'><strong>banc</strong></span> <span class='ocrx_word' id='word_1_369' title='bbox 972 3124 1516 3192; x_wconf 89' lang='lat' dir='ltr'><strong>interpretationem,</strong></span> <span class='ocrx_word' id='word_1_370' title='bbox 1563 3121 1609 3174; x_wconf 91' lang='lat' dir='ltr'><strong>is</strong></span> <span class='ocrx_word' id='word_1_371' title='bbox 1639 3122 1730 3189; x_wconf 87' lang='lat' dir='ltr'><strong>qui</strong></span> <span class='ocrx_word' id='word_1_372' title='bbox 1773 3120 1931 3185; x_wconf 79' lang='lat' dir='ltr'><strong>dixit,</strong></span> 
     </span>
    </p>
   </div>
   <div class='ocr_carea' id='block_1_50' title="bbox 2040 1929 3628 2004">
    <p class='ocr_par' dir='ltr' id='par_1_50' title="bbox 2040 1929 3628 2004">
     <span class='ocr_line' id='line_1_50' title="bbox 2040 1929 3628 2004; baseline -0.005 -13"><span class='ocrx_word' id='word_1_373' title='bbox 2040 1936 2195 1992; x_wconf 81' lang='grc' dir='ltr'>νεῖτε</span> <span class='ocrx_word' id='word_1_374' title='bbox 2223 1936 2410 1990; x_wconf 79' lang='grc' dir='ltr'><strong>αὑτὸν</strong></span> <span class='ocrx_word' id='word_1_375' title='bbox 2441 1937 2508 1989; x_wconf 85' lang='grc' dir='ltr'>ἐκ</span> <span class='ocrx_word' id='word_1_376' title='bbox 2544 1934 2654 2003; x_wconf 80' lang='grc' dir='ltr'>τῆς</span> <span class='ocrx_word' id='word_1_377' title='bbox 2670 1933 2802 2004; x_wconf 76' lang='grc' dir='ltr'>γῆς,</span> <span class='ocrx_word' id='word_1_378' title='bbox 2836 1931 3178 2002; x_wconf 80' lang='grc' dir='ltr'>δράκοντες,</span> <span class='ocrx_word' id='word_1_379' title='bbox 3212 1934 3308 1986; x_wconf 75' lang='grc' dir='ltr'>καί</span> <span class='ocrx_word' id='word_1_380' title='bbox 3343 1929 3534 1986; x_wconf 77' lang='grc' dir='ltr'>πᾶσαι</span> <span class='ocrx_word' id='word_1_381' title='bbox 3560 1933 3628 1984; x_wconf 68' lang='grc' dir='ltr'><em>αἱ</em></span> 
     </span>
    </p>
   </div>
   <div class='ocr_carea' id='block_1_51' title="bbox 2039 2023 3600 2092">
    <p class='ocr_par' dir='ltr' id='par_1_51' title="bbox 2039 2023 3600 2092">
     <span class='ocr_line' id='line_1_51' title="bbox 2039 2023 3600 2092; baseline -0.003 -13"><span class='ocrx_word' id='word_1_382' title='bbox 2039 2026 2298 2081; x_wconf 79' lang='grc' dir='ltr'>ἄϐυσσοι</span> <span class='ocrx_word' id='word_1_383' title='bbox 2320 2043 2334 2058; x_wconf 76' lang='grc' dir='ltr'><strong><em>ο</em></strong></span> <span class='ocrx_word' id='word_1_384' title='bbox 2373 2025 2468 2079; x_wconf 67' lang='grc' dir='ltr'><strong>καὶ</strong></span> <span class='ocrx_word' id='word_1_385' title='bbox 2511 2026 2590 2078; x_wconf 73' lang='grc' dir='ltr'>ἔτι</span> <span class='ocrx_word' id='word_1_386' title='bbox 2619 2025 2708 2090; x_wconf 86' lang='grc' dir='ltr'><strong>τὸ,</strong></span> <span class='ocrx_word' id='word_1_387' title='bbox 2751 2024 2990 2078; x_wconf 80' lang='grc' dir='ltr'><strong>Ἐπὰνω</strong></span> <span class='ocrx_word' id='word_1_388' title='bbox 3030 2023 3141 2092; x_wconf 84' lang='grc' dir='ltr'>τῆς</span> <span class='ocrx_word' id='word_1_389' title='bbox 3171 2026 3446 2078; x_wconf 88' lang='grc' dir='ltr'>ἀϐύσσου</span> <span class='ocrx_word' id='word_1_390' title='bbox 3477 2024 3600 2075; x_wconf 85' lang='grc' dir='ltr'><strong>σκό</strong></span> 
     </span>
    </p>
   </div>
   <div class='ocr_carea' id='block_1_52' title="bbox 2040 2113 3629 2190">
    <p class='ocr_par' dir='ltr' id='par_1_52' title="bbox 2040 2113 3629 2190">
     <span class='ocr_line' id='line_1_52' title="bbox 2040 2113 3629 2190; baseline -0.004 -18"><span class='ocrx_word' id='word_1_391' title='bbox 2040 2137 2170 2184; x_wconf 86' lang='grc' dir='ltr'>τος·</span> <span class='ocrx_word' id='word_1_392' title='bbox 2200 2117 2328 2190; x_wconf 72' lang='grc' dir='ltr'>περὶ</span> <span class='ocrx_word' id='word_1_393' title='bbox 2347 2113 2409 2171; x_wconf 74' lang='grc' dir='ltr'><strong>οὗ</strong></span> <span class='ocrx_word' id='word_1_394' title='bbox 2448 2116 2656 2186; x_wconf 82' lang='grc' dir='ltr'>Μωσῆς</span> <span class='ocrx_word' id='word_1_395' title='bbox 2694 2116 2822 2186; x_wconf 71' lang='grc' dir='ltr'>ἔφη,</span> <span class='ocrx_word' id='word_1_396' title='bbox 2853 2115 2966 2169; x_wconf 71' lang='lat' dir='ltr'><strong>Kal</strong></span> <span class='ocrx_word' id='word_1_397' title='bbox 3012 2114 3122 2186; x_wconf 66' lang='lat'><strong>(85&quot;)</strong></span> <span class='ocrx_word' id='word_1_398' title='bbox 3163 2117 3384 2179; x_wconf 79' lang='grc' dir='ltr'>σκότος</span> <span class='ocrx_word' id='word_1_399' title='bbox 3423 2115 3629 2167; x_wconf 78' lang='grc' dir='ltr'>ἐπάνω</span> 
     </span>
    </p>
   </div>
   <div class='ocr_carea' id='block_1_53' title="bbox 2039 2201 3632 2279">
    <p class='ocr_par' dir='ltr' id='par_1_53' title="bbox 2039 2201 3632 2279">
     <span class='ocr_line' id='line_1_53' title="bbox 2039 2201 3632 2279; baseline -0.003 -16"><span class='ocrx_word' id='word_1_400' title='bbox 2039 2211 2150 2279; x_wconf 82' lang='grc' dir='ltr'>τῆς</span> <span class='ocrx_word' id='word_1_401' title='bbox 2188 2211 2464 2266; x_wconf 90' lang='grc' dir='ltr'>ἀϐύσσου</span> <span class='ocrx_word' id='word_1_402' title='bbox 2485 2226 2496 2238; x_wconf 89' lang='grc'><strong>·</strong></span> <span class='ocrx_word' id='word_1_403' title='bbox 2535 2207 2708 2262; x_wconf 82' lang='grc' dir='ltr'>ταῦτα</span> <span class='ocrx_word' id='word_1_404' title='bbox 2735 2209 2914 2262; x_wconf 83' lang='grc' dir='ltr'>πάντα</span> <span class='ocrx_word' id='word_1_405' title='bbox 2954 2206 3162 2277; x_wconf 86' lang='grc' dir='ltr'>μαθὼν,</span> <span class='ocrx_word' id='word_1_406' title='bbox 3217 2206 3376 2277; x_wconf 78' lang='grc' dir='ltr'>εἴπερ</span> <span class='ocrx_word' id='word_1_407' title='bbox 3407 2201 3474 2276; x_wconf 82' lang='grc' dir='ltr'>ἦν</span> <span class='ocrx_word' id='word_1_408' title='bbox 3503 2205 3632 2258; x_wconf 76' lang='grc' dir='ltr'>ἐπι-</span> 
     </span>
    </p>
   </div>
   <div class='ocr_carea' id='block_1_54' title="bbox 2041 2293 3630 2371">
    <p class='ocr_par' dir='ltr' id='par_1_54' title="bbox 2041 2293 3630 2371">
     <span class='ocr_line' id='line_1_54' title="bbox 2041 2293 3630 2371; baseline -0.004 -17"><span class='ocrx_word' id='word_1_409' title='bbox 2041 2303 2237 2364; x_wconf 85' lang='grc' dir='ltr'>πόνως,</span> <span class='ocrx_word' id='word_1_410' title='bbox 2266 2301 2403 2355; x_wconf 77' lang='grc' dir='ltr'>ἀλλὰ</span> <span class='ocrx_word' id='word_1_411' title='bbox 2449 2301 2522 2371; x_wconf 83' lang='grc' dir='ltr'>μὴ</span> <span class='ocrx_word' id='word_1_412' title='bbox 2572 2299 2832 2370; x_wconf 83' lang='grc' dir='ltr'>ὲξιτήλως</span> <span class='ocrx_word' id='word_1_413' title='bbox 2870 2301 2990 2362; x_wconf 82' lang='grc' dir='ltr'>ταῖς</span> <span class='ocrx_word' id='word_1_414' title='bbox 3027 2298 3197 2362; x_wconf 85' lang='grc' dir='ltr'>θείαις</span> <span class='ocrx_word' id='word_1_415' title='bbox 3248 2293 3630 2366; x_wconf 77' lang='grc' dir='ltr'>ἐντετυχηκὼς</span> 
     </span>
    </p>
   </div>
   <div class='ocr_carea' id='block_1_55' title="bbox 2041 2386 3629 2465">
    <p class='ocr_par' dir='ltr' id='par_1_55' title="bbox 2041 2386 3629 2465">
     <span class='ocr_line' id='line_1_55' title="bbox 2041 2386 3629 2465; baseline -0.004 -19"><span class='ocrx_word' id='word_1_416' title='bbox 2041 2395 2306 2465; x_wconf 88' lang='grc' dir='ltr'>Γραφαῖς,</span> <span class='ocrx_word' id='word_1_417' title='bbox 2341 2393 2442 2445; x_wconf 80' lang='grc' dir='ltr'><strong>οὐκ</strong></span> <span class='ocrx_word' id='word_1_418' title='bbox 2481 2392 2547 2445; x_wconf 83' lang='grc' dir='ltr'><strong>ἂν</strong></span> <span class='ocrx_word' id='word_1_419' title='bbox 2581 2390 2679 2452; x_wconf 83' lang='grc' dir='ltr'>τὰς</span> <span class='ocrx_word' id='word_1_420' title='bbox 2705 2389 2815 2442; x_wconf 85' lang='grc' dir='ltr'><strong>τῶν</strong></span> <span class='ocrx_word' id='word_1_421' title='bbox 2843 2389 3015 2457; x_wconf 85' lang='grc' dir='ltr'>ἁγίων</span> <span class='ocrx_word' id='word_1_422' title='bbox 3045 2387 3271 2458; x_wconf 80' lang='grc' dir='ltr'>καρδίας</span> <span class='ocrx_word' id='word_1_423' title='bbox 3295 2386 3499 2456; x_wconf 74' lang='grc' dir='ltr'>ἐτόλμα</span> <span class='ocrx_word' id='word_1_424' title='bbox 3541 2387 3629 2439; x_wconf 76' lang='grc' dir='ltr'>εί-</span> 
     </span>
    </p>
   </div>
   <div class='ocr_carea' id='block_1_56' title="bbox 2041 2477 3629 2552">
    <p class='ocr_par' dir='ltr' id='par_1_56' title="bbox 2041 2477 3629 2552">
     <span class='ocr_line' id='line_1_56' title="bbox 2041 2477 3629 2552; baseline -0.006 -13"><span class='ocrx_word' id='word_1_425' title='bbox 2041 2489 2162 2540; x_wconf 83' lang='grc' dir='ltr'>πεῖν</span> <span class='ocrx_word' id='word_1_426' title='bbox 2188 2489 2286 2550; x_wconf 86' lang='grc' dir='ltr'><strong>τὰς</strong></span> <span class='ocrx_word' id='word_1_427' title='bbox 2315 2484 2605 2547; x_wconf 76' lang='grc' dir='ltr'>ἀϐύσσους,</span> <span class='ocrx_word' id='word_1_428' title='bbox 2631 2482 2770 2552; x_wconf 76' lang='grc' dir='ltr'>ἔγνω</span> <span class='ocrx_word' id='word_1_429' title='bbox 2803 2482 2846 2534; x_wconf 83' lang='grc' dir='ltr'>δ’</span> <span class='ocrx_word' id='word_1_430' title='bbox 2874 2481 2961 2544; x_wconf 86' lang='grc' dir='ltr'><strong>ἂν,</strong></span> <span class='ocrx_word' id='word_1_431' title='bbox 2991 2481 3138 2544; x_wconf 86' lang='grc' dir='ltr'>ὅπως</span> <span class='ocrx_word' id='word_1_432' title='bbox 3179 2479 3394 2552; x_wconf 83' lang='grc' dir='ltr'>εἴρηται</span> <span class='ocrx_word' id='word_1_433' title='bbox 3417 2479 3513 2532; x_wconf 72' lang='grc' dir='ltr'>καὶ</span> <span class='ocrx_word' id='word_1_434' title='bbox 3537 2477 3629 2540; x_wconf 81' lang='grc' dir='ltr'><strong>τὸ,</strong></span> 
     </span>
    </p>
   </div>
   <div class='ocr_carea' id='block_1_57' title="bbox 2046 2567 3633 2640">
    <p class='ocr_par' dir='ltr' id='par_1_57' title="bbox 2046 2567 3633 2640">
     <span class='ocr_line' id='line_1_57' title="bbox 2046 2567 3633 2640; baseline -0.003 -12"><span class='ocrx_word' id='word_1_435' title='bbox 2046 2575 2113 2628; x_wconf 80' lang='grc' dir='ltr'>Ἀ</span> <span class='ocrx_word' id='word_1_436' title='bbox 2122 2575 2353 2640; x_wconf 86' lang='grc' dir='ltr'>ϐυσσος</span> <span class='ocrx_word' id='word_1_437' title='bbox 2373 2575 2649 2628; x_wconf 77' lang='grc' dir='ltr'>ἄϐυσσον</span> <span class='ocrx_word' id='word_1_438' title='bbox 2673 2571 3043 2627; x_wconf 78' lang='grc' dir='ltr'><strong>ἐπικαλεῖται</strong></span> <span class='ocrx_word' id='word_1_439' title='bbox 3056 2574 3144 2637; x_wconf 81' lang='grc' dir='ltr'>εὶς</span> <span class='ocrx_word' id='word_1_440' title='bbox 3157 2570 3366 2640; x_wconf 66' lang='grc' dir='ltr'>φωνὴν</span> <span class='ocrx_word' id='word_1_441' title='bbox 3378 2567 3500 2624; x_wconf 81' lang='grc' dir='ltr'>τῶν</span> <span class='ocrx_word' id='word_1_442' title='bbox 3521 2587 3633 2624; x_wconf 67' lang='grc' dir='ltr'><strong>και</strong></span> 
     </span>
    </p>
   </div>
   <div class='ocr_carea' id='block_1_58' title="bbox 2041 2662 3632 2733">
    <p class='ocr_par' dir='ltr' id='par_1_58' title="bbox 2041 2662 3632 2733">
     <span class='ocr_line' id='line_1_58' title="bbox 2041 2662 3632 2733; baseline -0.002 -15"><span class='ocrx_word' id='word_1_443' title='bbox 2041 2667 2381 2733; x_wconf 70' lang='grc' dir='ltr'>ταρῤακτῶν</span> <span class='ocrx_word' id='word_1_444' title='bbox 2399 2681 2535 2720; x_wconf 88' lang='grc' dir='ltr'>σου·</span> <span class='ocrx_word' id='word_1_445' title='bbox 2564 2666 2656 2720; x_wconf 75' lang='grc' dir='ltr'><strong>καὶ</strong></span> <span class='ocrx_word' id='word_1_446' title='bbox 2671 2662 2845 2728; x_wconf 79' lang='grc' dir='ltr'>αὖθις,</span> <span class='ocrx_word' id='word_1_447' title='bbox 2863 2663 3317 2732; x_wconf 75' lang='grc' dir='ltr'>Ἐταράχθησαν</span> <span class='ocrx_word' id='word_1_448' title='bbox 3341 2663 3632 2725; x_wconf 84' lang='grc' dir='ltr'>ἄϐυσσοι,</span> 
     </span>
    </p>
   </div>
   <div class='ocr_carea' id='block_1_59' title="bbox 2040 2755 3630 2826">
    <p class='ocr_par' dir='ltr' id='par_1_59' title="bbox 2040 2755 3630 2826">
     <span class='ocr_line' id='line_1_59' title="bbox 2040 2755 3630 2826; baseline -0.003 -16"><span class='ocrx_word' id='word_1_449' title='bbox 2040 2757 2274 2826; x_wconf 79' lang='grc' dir='ltr'>πλῆθος</span> <span class='ocrx_word' id='word_1_450' title='bbox 2299 2758 2490 2826; x_wconf 78' lang='grc' dir='ltr'>ἤχους</span> <span class='ocrx_word' id='word_1_451' title='bbox 2511 2757 2749 2822; x_wconf 82' lang='grc' dir='ltr'>ὕδατος·</span> <span class='ocrx_word' id='word_1_452' title='bbox 2776 2756 2869 2808; x_wconf 80' lang='grc' dir='ltr'>καὶ</span> <span class='ocrx_word' id='word_1_453' title='bbox 2884 2756 3067 2818; x_wconf 87' lang='grc' dir='ltr'>πάλιν,</span> <span class='ocrx_word' id='word_1_454' title='bbox 3090 2755 3630 2824; x_wconf 74' lang='grc' dir='ltr'>’Λϐυσσοςώςίμά-</span> 
     </span>
    </p>
   </div>
   <div class='ocr_carea' id='block_1_60' title="bbox 2040 2848 3633 2919">
    <p class='ocr_par' dir='ltr' id='par_1_60' title="bbox 2040 2848 3633 2919">
     <span class='ocr_line' id='line_1_60' title="bbox 2040 2848 3633 2919; baseline -0.001 -17"><span class='ocrx_word' id='word_1_455' title='bbox 2040 2867 2170 2902; x_wconf 84' lang='grc' dir='ltr'>τιον</span> <span class='ocrx_word' id='word_1_456' title='bbox 2201 2849 2267 2902; x_wconf 82' lang='grc' dir='ltr'>τὸ</span> <span class='ocrx_word' id='word_1_457' title='bbox 2311 2851 2694 2919; x_wconf 81' lang='grc' dir='ltr'>περιϐόλαιον</span> <span class='ocrx_word' id='word_1_458' title='bbox 2720 2849 2926 2902; x_wconf 84' lang='grc' dir='ltr'><strong>αὑτοῦ.</strong></span> <span class='ocrx_word' id='word_1_459' title='bbox 2964 2848 3149 2901; x_wconf 77' lang='grc' dir='ltr'>Ταῦτα</span> <span class='ocrx_word' id='word_1_460' title='bbox 3193 2849 3287 2901; x_wconf 71' lang='grc' dir='ltr'>καὶ</span> <span class='ocrx_word' id='word_1_461' title='bbox 3314 2849 3383 2901; x_wconf 75' lang='grc' dir='ltr'>τὰ</span> <span class='ocrx_word' id='word_1_462' title='bbox 3413 2849 3633 2913; x_wconf 85' lang='grc' dir='ltr'>τούτοις</span> 
     </span>
    </p>
   </div>
   <div class='ocr_carea' id='block_1_61' title="bbox 2039 2937 3633 3013">
    <p class='ocr_par' dir='ltr' id='par_1_61' title="bbox 2039 2937 3633 3013">
     <span class='ocr_line' id='line_1_61' title="bbox 2039 2937 3633 3013; baseline 0.001 -19"><span class='ocrx_word' id='word_1_463' title='bbox 2039 2941 2242 3011; x_wconf 83' lang='grc' dir='ltr'>ἀδελφά</span> <span class='ocrx_word' id='word_1_464' title='bbox 2279 2941 2637 3013; x_wconf 79' lang='grc' dir='ltr'>διηκρίϐωσεν</span> <span class='ocrx_word' id='word_1_465' title='bbox 2671 2941 2756 3003; x_wconf 82' lang='grc' dir='ltr'><strong>ἂν,</strong></span> <span class='ocrx_word' id='word_1_466' title='bbox 2789 2943 2842 2994; x_wconf 81' lang='grc' dir='ltr'><strong>εί</strong></span> <span class='ocrx_word' id='word_1_467' title='bbox 2876 2958 2958 3004; x_wconf 90' lang='grc' dir='ltr'><strong>τις</strong></span> <span class='ocrx_word' id='word_1_468' title='bbox 2987 2937 3054 3011; x_wconf 80' lang='grc' dir='ltr'>ἦν</span> <span class='ocrx_word' id='word_1_469' title='bbox 3083 2941 3232 3011; x_wconf 82' lang='grc' dir='ltr'>αὐτῷ</span> <span class='ocrx_word' id='word_1_470' title='bbox 3273 2941 3495 3012; x_wconf 87' lang='grc' dir='ltr'>φρόντις</span> <span class='ocrx_word' id='word_1_471' title='bbox 3526 2943 3633 3011; x_wconf 76' lang='grc' dir='ltr'>τῆς</span> 
     </span>
    </p>
   </div>
   <div class='ocr_carea' id='block_1_62' title="bbox 2039 3032 3637 3106">
    <p class='ocr_par' dir='ltr' id='par_1_62' title="bbox 2039 3032 3637 3106">
     <span class='ocr_line' id='line_1_62' title="bbox 2039 3032 3637 3106; baseline -0.002 -18"><span class='ocrx_word' id='word_1_472' title='bbox 2039 3035 2244 3088; x_wconf 89' lang='grc' dir='ltr'>τούτων</span> <span class='ocrx_word' id='word_1_473' title='bbox 2286 3035 2644 3106; x_wconf 78' lang='grc' dir='ltr'>καταλήψεως</span> <span class='ocrx_word' id='word_1_474' title='bbox 2677 3053 2688 3064; x_wconf 91' lang='grc'><strong>·</strong></span> <span class='ocrx_word' id='word_1_475' title='bbox 2729 3034 2840 3106; x_wconf 85' lang='grc'>(86)</span> <span class='ocrx_word' id='word_1_476' title='bbox 2873 3033 2967 3086; x_wconf 78' lang='grc' dir='ltr'>νῦν</span> <span class='ocrx_word' id='word_1_477' title='bbox 3014 3034 3070 3087; x_wconf 82' lang='grc' dir='ltr'>δὲ</span> <span class='ocrx_word' id='word_1_478' title='bbox 3110 3033 3414 3104; x_wconf 82' lang='grc' dir='ltr'>προχείρως</span> <span class='ocrx_word' id='word_1_479' title='bbox 3452 3032 3637 3096; x_wconf 80' lang='grc' dir='ltr'>οὕτως</span> 
     </span>
    </p>
   </div>
   <div class='ocr_carea' id='block_1_63' title="bbox 2041 3123 3634 3198">
    <p class='ocr_par' dir='ltr' id='par_1_63' title="bbox 2041 3123 3634 3198">
     <span class='ocr_line' id='line_1_63' title="bbox 2041 3123 3634 3198; baseline -0.003 -17"><span class='ocrx_word' id='word_1_480' title='bbox 2041 3128 2136 3182; x_wconf 74' lang='grc' dir='ltr'>καὶ</span> <span class='ocrx_word' id='word_1_481' title='bbox 2169 3128 2561 3198; x_wconf 84' lang='grc' dir='ltr'>διαλελυμένως</span> <span class='ocrx_word' id='word_1_482' title='bbox 2589 3128 2686 3191; x_wconf 81' lang='grc' dir='ltr'>τὰς</span> <span class='ocrx_word' id='word_1_483' title='bbox 2716 3126 2825 3179; x_wconf 87' lang='grc' dir='ltr'><strong>τῶν</strong></span> <span class='ocrx_word' id='word_1_484' title='bbox 2864 3126 3034 3194; x_wconf 81' lang='grc' dir='ltr'>ἁγίων</span> <span class='ocrx_word' id='word_1_485' title='bbox 3069 3124 3297 3195; x_wconf 83' lang='grc' dir='ltr'>καρδίας</span> <span class='ocrx_word' id='word_1_486' title='bbox 3328 3123 3426 3187; x_wconf 86' lang='grc' dir='ltr'>τὰς</span> <span class='ocrx_word' id='word_1_487' title='bbox 3453 3125 3634 3178; x_wconf 80' lang='grc' dir='ltr'>ἀϐύσ-</span> 
     </span>
    </p>
   </div>
   <div class='ocr_carea' id='block_1_64' title="bbox 355 3212 1934 3288">
    <p class='ocr_par' dir='ltr' id='par_1_64' title="bbox 355 3212 1934 3288">
     <span class='ocr_line' id='line_1_64' title="bbox 355 3212 1934 3288; baseline -0.005 -14"><span class='ocrx_word' id='word_1_488' title='bbox 355 3219 677 3288; x_wconf 80' lang='lat' dir='ltr'><strong>Priusquam</strong></span> <span class='ocrx_word' id='word_1_489' title='bbox 717 3220 962 3270; x_wconf 84' lang='lat' dir='ltr'><strong>conderet</strong></span> <span class='ocrx_word' id='word_1_490' title='bbox 1015 3217 1228 3286; x_wconf 69' lang='lat' dir='ltr'><strong>abysso:</strong></span> <span class='ocrx_word' id='word_1_491' title='bbox 1272 3217 1489 3268; x_wconf 83' lang='lat' dir='ltr'><strong>aderant</strong></span> <span class='ocrx_word' id='word_1_492' title='bbox 1527 3213 1694 3276; x_wconf 75' lang='lat' dir='ltr'><strong>illi&quot;,</strong></span> <span class='ocrx_word' id='word_1_493' title='bbox 1745 3212 1934 3267; x_wconf 83' lang='lat' dir='ltr'><strong>docere</strong></span> 
     </span>
    </p>
   </div>
   <div class='ocr_carea' id='block_1_65' title="bbox 2042 3212 3635 3288">
    <p class='ocr_par' dir='ltr' id='par_1_65' title="bbox 2043 3215 3635 3288">
     <span class='ocr_line' id='line_1_65' title="bbox 2043 3215 3635 3288; baseline -0.004 -15"><span class='ocrx_word' id='word_1_494' title='bbox 2043 3236 2166 3282; x_wconf 89' lang='grc' dir='ltr'>σους</span> <span class='ocrx_word' id='word_1_495' title='bbox 2215 3215 2354 3273; x_wconf 77' lang='grc' dir='ltr'>εἶναι</span> <span class='ocrx_word' id='word_1_496' title='bbox 2402 3219 2823 3288; x_wconf 75' lang='grc' dir='ltr'>ἀποφηνάμενος</span> <span class='ocrx_word' id='word_1_497' title='bbox 2845 3256 2857 3279; x_wconf 91' lang='grc'><strong>,</strong></span> <span class='ocrx_word' id='word_1_498' title='bbox 2902 3217 3008 3270; x_wconf 76' lang='grc' dir='ltr'>οὐδ’</span> <span class='ocrx_word' id='word_1_499' title='bbox 3040 3215 3216 3278; x_wconf 76' lang='grc' dir='ltr'>οὕτως</span> <span class='ocrx_word' id='word_1_500' title='bbox 3249 3218 3482 3285; x_wconf 81' lang='grc' dir='ltr'>συνῆκεν</span> <span class='ocrx_word' id='word_1_501' title='bbox 3505 3255 3520 3277; x_wconf 93' lang='grc'><strong>,</strong></span> <span class='ocrx_word' id='word_1_502' title='bbox 3552 3217 3635 3280; x_wconf 86' lang='grc' dir='ltr'>ὡς</span> 
     </span>
    </p>
   </div>
   <div class='ocr_carea' id='block_1_66' title="bbox 354 3301 1934 3373">
    <p class='ocr_par' dir='ltr' id='par_1_66' title="bbox 354 3301 1934 3373">
     <span class='ocr_line' id='line_1_66' title="bbox 354 3301 1934 3373; baseline -0.006 -11"><span class='ocrx_word' id='word_1_503' title='bbox 354 3310 525 3364; x_wconf 87' lang='lat' dir='ltr'><strong>voluit</strong></span> <span class='ocrx_word' id='word_1_504' title='bbox 557 3324 616 3363; x_wconf 88' lang='lat' dir='ltr'><strong>se</strong></span> <span class='ocrx_word' id='word_1_505' title='bbox 647 3306 1009 3360; x_wconf 82' lang='lat' dir='ltr'><strong>antecessisse</strong></span> <span class='ocrx_word' id='word_1_506' title='bbox 1045 3315 1290 3373; x_wconf 84' lang='lat' dir='ltr'><strong>tempore</strong></span> <span class='ocrx_word' id='word_1_507' title='bbox 1333 3313 1552 3356; x_wconf 87' lang='lat' dir='ltr'><strong>sanctos</strong></span> <span class='ocrx_word' id='word_1_508' title='bbox 1593 3301 1712 3356; x_wconf 91' lang='lat' dir='ltr'><strong>illos</strong></span> <span class='ocrx_word' id='word_1_509' title='bbox 1741 3309 1795 3356; x_wconf 88' lang='lat' dir='ltr'><strong>et</strong></span> <span class='ocrx_word' id='word_1_510' title='bbox 1826 3301 1934 3354; x_wconf 90' lang='lat' dir='ltr'><strong>Deo</strong></span> 
     </span>
    </p>
   </div>
   <div class='ocr_carea' id='block_1_67' title="bbox 354 3392 1936 3467">
    <p class='ocr_par' dir='ltr' id='par_1_67' title="bbox 354 3392 1936 3467">
     <span class='ocr_line' id='line_1_67' title="bbox 354 3392 1936 3467; baseline -0.005 -13"><span class='ocrx_word' id='word_1_511' title='bbox 354 3401 580 3456; x_wconf 84' lang='lat' dir='ltr'><strong>dilectos</strong></span> <span class='ocrx_word' id='word_1_512' title='bbox 602 3400 750 3454; x_wconf 86' lang='lat' dir='ltr'><strong>viros</strong></span> <span class='ocrx_word' id='word_1_513' title='bbox 781 3398 929 3467; x_wconf 91' lang='lat' dir='ltr'><strong>quia</strong></span> <span class='ocrx_word' id='word_1_514' title='bbox 955 3395 1154 3450; x_wconf 68' lang='lat' dir='ltr'><strong>saeculo</strong></span> <span class='ocrx_word' id='word_1_515' title='bbox 1199 3395 1415 3449; x_wconf 80' lang='lat' dir='ltr'><strong>fuerunt</strong></span> <span class='ocrx_word' id='word_1_516' title='bbox 1441 3435 1456 3460; x_wconf 92' lang='lat'><strong>,</strong></span> <span class='ocrx_word' id='word_1_517' title='bbox 1492 3402 1552 3446; x_wconf 93' lang='lat' dir='ltr'><strong>ut</strong></span> <span class='ocrx_word' id='word_1_518' title='bbox 1604 3392 1936 3460; x_wconf 89' lang='lat' dir='ltr'><strong>impossibile</strong></span> 
     </span>
    </p>
   </div>
   <div class='ocr_carea' id='block_1_68' title="bbox 352 3482 1936 3556">
    <p class='ocr_par' dir='ltr' id='par_1_68' title="bbox 352 3482 1936 3556">
     <span class='ocr_line' id='line_1_68' title="bbox 352 3482 1936 3556; baseline -0.008 -9"><span class='ocrx_word' id='word_1_519' title='bbox 352 3492 518 3547; x_wconf 77' lang='lat' dir='ltr'><strong>fuerit</strong></span> <span class='ocrx_word' id='word_1_520' title='bbox 543 3490 856 3544; x_wconf 88' lang='lat' dir='ltr'><strong>omnimodo</strong></span> <span class='ocrx_word' id='word_1_521' title='bbox 886 3503 1044 3542; x_wconf 88' lang='lat' dir='ltr'><strong>voces</strong></span> <span class='ocrx_word' id='word_1_522' title='bbox 1082 3487 1199 3540; x_wconf 89' lang='lat' dir='ltr'><strong>illas</strong></span> <span class='ocrx_word' id='word_1_523' title='bbox 1239 3487 1522 3556; x_wconf 81' lang='lat' dir='ltr'><strong>praedictas</strong></span> <span class='ocrx_word' id='word_1_524' title='bbox 1561 3483 1710 3538; x_wconf 89' lang='lat' dir='ltr'><strong>carni</strong></span> <span class='ocrx_word' id='word_1_525' title='bbox 1739 3482 1936 3536; x_wconf 90' lang='lat' dir='ltr'><strong>Serva-</strong></span> 
     </span>
    </p>
   </div>
   <div class='ocr_carea' id='block_1_69' title="bbox 357 3574 1934 3652">
    <p class='ocr_par' dir='ltr' id='par_1_69' title="bbox 357 3574 1934 3652">
     <span class='ocr_line' id='line_1_69' title="bbox 357 3574 1934 3652; baseline -0.008 -14"><span class='ocrx_word' id='word_1_526' title='bbox 357 3585 489 3638; x_wconf 85' lang='lat' dir='ltr'><strong>tori’s</strong></span> <span class='ocrx_word' id='word_1_527' title='bbox 508 3583 788 3652; x_wconf 87' lang='lat' dir='ltr'><strong>adaptare.</strong></span> <span class='ocrx_word' id='word_1_528' title='bbox 812 3579 859 3634; x_wconf 92' lang='lat' dir='ltr'><strong>Is</strong></span> <span class='ocrx_word' id='word_1_529' title='bbox 878 3594 1004 3633; x_wconf 86' lang='lat' dir='ltr'><strong>vero</strong></span> <span class='ocrx_word' id='word_1_530' title='bbox 1027 3578 1092 3632; x_wconf 89' lang='lat' dir='ltr'><strong>ad</strong></span> <span class='ocrx_word' id='word_1_531' title='bbox 1118 3577 1277 3631; x_wconf 88' lang='lat' dir='ltr'><strong>aliam</strong></span> <span class='ocrx_word' id='word_1_532' title='bbox 1303 3591 1625 3646; x_wconf 83' lang='lat' dir='ltr'><strong>progressus</strong></span> <span class='ocrx_word' id='word_1_533' title='bbox 1645 3574 1934 3629; x_wconf 88' lang='lat' dir='ltr'><strong>dictionem</strong></span> 
     </span>
    </p>
   </div>
   <div class='ocr_carea' id='block_1_70' title="bbox 353 3666 1936 3741">
    <p class='ocr_par' dir='ltr' id='par_1_70' title="bbox 353 3666 1936 3741">
     <span class='ocr_line' id='line_1_70' title="bbox 353 3666 1936 3741; baseline -0.008 -13"><span class='ocrx_word' id='word_1_534' title='bbox 353 3673 594 3741; x_wconf 75' lang='lat' dir='ltr'><strong>eiusdem</strong></span> <span class='ocrx_word' id='word_1_535' title='bbox 641 3671 975 3740; x_wconf 74' lang='lat' dir='ltr'><strong>Scriptum,</strong></span> <span class='ocrx_word' id='word_1_536' title='bbox 1015 3684 1138 3723; x_wconf 87' lang='lat' dir='ltr'><strong>eam</strong></span> <span class='ocrx_word' id='word_1_537' title='bbox 1187 3681 1404 3736; x_wconf 88' lang='lat' dir='ltr'><strong>quoque</strong></span> <span class='ocrx_word' id='word_1_538' title='bbox 1453 3667 1506 3720; x_wconf 90' lang='lat' dir='ltr'><strong>in</strong></span> <span class='ocrx_word' id='word_1_539' title='bbox 1538 3666 1679 3720; x_wconf 86' lang='lat' dir='ltr'><strong>hanc</strong></span> <span class='ocrx_word' id='word_1_540' title='bbox 1717 3673 1936 3719; x_wconf 89' lang='lat' dir='ltr'><strong>senten-</strong></span> 
     </span>
    </p>
   </div>
   <div class='ocr_carea' id='block_1_71' title="bbox 358 3755 1933 3833">
    <p class='ocr_par' dir='ltr' id='par_1_71' title="bbox 358 3755 1933 3833">
     <span class='ocr_line' id='line_1_71' title="bbox 358 3755 1933 3833; baseline -0.008 -13"><span class='ocrx_word' id='word_1_541' title='bbox 358 3767 580 3820; x_wconf 75' lang='lat' dir='ltr'><strong>tentiam</strong></span> <span class='ocrx_word' id='word_1_542' title='bbox 621 3766 1007 3833; x_wconf 84' lang='lat' dir='ltr'><strong>interpretatur</strong></span> <span class='ocrx_word' id='word_1_543' title='bbox 1047 3760 1136 3832; x_wconf 83' lang='lat' dir='ltr'><strong>[R.</strong></span> <span class='ocrx_word' id='word_1_544' title='bbox 1177 3758 1296 3831; x_wconf 76' lang='lat' dir='ltr'><strong>XX]</strong></span> <span class='ocrx_word' id='word_1_545' title='bbox 1337 3777 1349 3812; x_wconf 93' lang='lat'>:</span> <span class='ocrx_word' id='word_1_546' title='bbox 1395 3776 1414 3809; x_wconf 83' lang='grc' dir='ltr'><strong>ι</strong></span> <span class='ocrx_word' id='word_1_547' title='bbox 1455 3758 1596 3824; x_wconf 85' lang='lat' dir='ltr'><strong>Quid</strong></span> <span class='ocrx_word' id='word_1_548' title='bbox 1642 3771 1804 3826; x_wconf 89' lang='lat' dir='ltr'><strong>porro</strong></span> <span class='ocrx_word' id='word_1_549' title='bbox 1830 3755 1933 3810; x_wconf 89' lang='lat' dir='ltr'><strong>sibi</strong></span> 
     </span>
    </p>
   </div>
   <div class='ocr_carea' id='block_1_72' title="bbox 360 3846 1933 3922">
    <p class='ocr_par' dir='ltr' id='par_1_72' title="bbox 360 3846 1933 3922">
     <span class='ocr_line' id='line_1_72' title="bbox 360 3846 1933 3922; baseline -0.005 -14"><span class='ocrx_word' id='word_1_550' title='bbox 360 3877 380 3908; x_wconf 74' lang='grc' dir='ltr'><strong>ι</strong></span> <span class='ocrx_word' id='word_1_551' title='bbox 410 3857 527 3911; x_wconf 79' lang='lat' dir='ltr'><strong>vult</strong></span> <span class='ocrx_word' id='word_1_552' title='bbox 577 3864 632 3909; x_wconf 93' lang='lat' dir='ltr'><strong>et</strong></span> <span class='ocrx_word' id='word_1_553' title='bbox 688 3855 820 3909; x_wconf 90' lang='lat' dir='ltr'><strong>illud</strong></span> <span class='ocrx_word' id='word_1_554' title='bbox 871 3865 1057 3922; x_wconf 85' lang='lat' dir='ltr'><strong>caput,</strong></span> <span class='ocrx_word' id='word_1_555' title='bbox 1105 3853 1398 3920; x_wconf 83' lang='lat' dir='ltr'><strong>Antequam</strong></span> <span class='ocrx_word' id='word_1_556' title='bbox 1449 3849 1716 3918; x_wconf 82' lang='lat' dir='ltr'><strong>prodirent</strong></span> <span class='ocrx_word' id='word_1_557' title='bbox 1769 3846 1933 3916; x_wconf 83' lang='lat' dir='ltr'><strong>fontes</strong></span> 
     </span>
    </p>
   </div>
   <div class='ocr_carea' id='block_1_73' title="bbox 362 3939 1934 4017">
    <p class='ocr_par' dir='ltr' id='par_1_73' title="bbox 362 3939 1934 4017">
     <span class='ocr_line' id='line_1_73' title="bbox 362 3939 1934 4017; baseline -0.005 -20"><span class='ocrx_word' id='word_1_558' title='bbox 362 3966 380 3997; x_wconf 77' lang='grc' dir='ltr'><strong>ι</strong></span> <span class='ocrx_word' id='word_1_559' title='bbox 412 3963 669 4017; x_wconf 87' lang='lat' dir='ltr'><strong>aquarum</strong></span> <span class='ocrx_word' id='word_1_560' title='bbox 686 3945 768 3996; x_wconf 69' lang='lat'><strong>&#39;9?</strong></span> <span class='ocrx_word' id='word_1_561' title='bbox 810 3945 986 3997; x_wconf 81' lang='lat' dir='ltr'><strong>Divini</strong></span> <span class='ocrx_word' id='word_1_562' title='bbox 1017 3956 1207 4011; x_wconf 87' lang='lat' dir='ltr'><strong>nempe</strong></span> <span class='ocrx_word' id='word_1_563' title='bbox 1238 3940 1466 4009; x_wconf 87' lang='lat' dir='ltr'><strong>apostoli</strong></span> <span class='ocrx_word' id='word_1_564' title='bbox 1497 3939 1730 3993; x_wconf 77' lang='lat' dir='ltr'><strong>fuerant.</strong></span> <span class='ocrx_word' id='word_1_565' title='bbox 1763 3939 1934 4004; x_wconf 83' lang='lat' dir='ltr'><strong>Quam</strong></span> 
     </span>
    </p>
   </div>
   <div class='ocr_carea' id='block_1_74' title="bbox 361 4029 1934 4101">
    <p class='ocr_par' dir='ltr' id='par_1_74' title="bbox 361 4029 1934 4101">
     <span class='ocr_line' id='line_1_74' title="bbox 361 4029 1934 4101; baseline -0.005 -13"><span class='ocrx_word' id='word_1_566' title='bbox 361 4059 379 4088; x_wconf 79' lang='grc' dir='ltr'><strong>ι</strong></span> <span class='ocrx_word' id='word_1_567' title='bbox 408 4034 736 4092; x_wconf 84' lang='lat' dir='ltr'><strong>sententiam</strong></span> <span class='ocrx_word' id='word_1_568' title='bbox 789 4033 1067 4101; x_wconf 85' lang='lat' dir='ltr'><strong>Scriptura</strong></span> <span class='ocrx_word' id='word_1_569' title='bbox 1117 4030 1272 4083; x_wconf 89' lang='lat' dir='ltr'><strong>nobis</strong></span> <span class='ocrx_word' id='word_1_570' title='bbox 1313 4030 1366 4082; x_wconf 92' lang='lat' dir='ltr'><strong>iu</strong></span> <span class='ocrx_word' id='word_1_571' title='bbox 1393 4029 1578 4083; x_wconf 85' lang='lat' dir='ltr'><strong>Exodo</strong></span> <span class='ocrx_word' id='word_1_572' title='bbox 1627 4042 1934 4094; x_wconf 69' lang='lat' dir='ltr'><strong>repraesen-</strong></span> 
     </span>
    </p>
   </div>
   <div class='ocr_carea' id='block_1_75' title="bbox 362 4118 1936 4196">
    <p class='ocr_par' dir='ltr' id='par_1_75' title="bbox 362 4118 1936 4196">
     <span class='ocr_line' id='line_1_75' title="bbox 362 4118 1936 4196; baseline -0.008 -14"><span class='ocrx_word' id='word_1_573' title='bbox 362 4150 380 4182; x_wconf 77' lang='grc' dir='ltr'><strong>ι</strong></span> <span class='ocrx_word' id='word_1_574' title='bbox 417 4139 495 4184; x_wconf 88' lang='lat' dir='ltr'><strong>tat</strong></span> <span class='ocrx_word' id='word_1_575' title='bbox 543 4144 559 4181; x_wconf 87' lang='lat'><strong>:</strong></span> <span class='ocrx_word' id='word_1_576' title='bbox 601 4129 690 4181; x_wconf 90' lang='lat' dir='ltr'><strong>ubi</strong></span> <span class='ocrx_word' id='word_1_577' title='bbox 749 4126 856 4196; x_wconf 86' lang='lat' dir='ltr'><strong>typi</strong></span> <span class='ocrx_word' id='word_1_578' title='bbox 890 4140 1077 4179; x_wconf 90' lang='lat' dir='ltr'><strong>eorum</strong></span> <span class='ocrx_word' id='word_1_579' title='bbox 1123 4129 1635 4176; x_wconf 87' lang='lat' dir='ltr'><strong>commemorantur.</strong></span> <span class='ocrx_word' id='word_1_580' title='bbox 1691 4118 1936 4173; x_wconf 83' lang='lat' dir='ltr'><strong>Meminit</strong></span> 
     </span>
    </p>
   </div>
   <div class='ocr_carea' id='block_1_76' title="bbox 361 4211 1938 4276">
    <p class='ocr_par' dir='ltr' id='par_1_76' title="bbox 361 4211 1938 4276">
     <span class='ocr_line' id='line_1_76' title="bbox 361 4211 1938 4276; baseline -0.008 -2"><span class='ocrx_word' id='word_1_581' title='bbox 361 4242 380 4274; x_wconf 75' lang='grc' dir='ltr'><strong>ι</strong></span> <span class='ocrx_word' id='word_1_582' title='bbox 413 4221 556 4276; x_wconf 91' lang='lat' dir='ltr'><strong>enim</strong></span> <span class='ocrx_word' id='word_1_583' title='bbox 592 4217 820 4272; x_wconf 82' lang='lat' dir='ltr'><strong>fontium</strong></span> <span class='ocrx_word' id='word_1_584' title='bbox 861 4215 933 4270; x_wconf 88' lang='lat' dir='ltr'><strong>ibi</strong></span> <span class='ocrx_word' id='word_1_585' title='bbox 980 4214 1261 4269; x_wconf 88' lang='lat' dir='ltr'><strong>duodecim</strong></span> <span class='ocrx_word' id='word_1_586' title='bbox 1280 4211 1350 4276; x_wconf 73' lang='lat'><strong>‘°,</strong></span> <span class='ocrx_word' id='word_1_587' title='bbox 1395 4227 1518 4265; x_wconf 89' lang='lat' dir='ltr'><strong>cum</strong></span> <span class='ocrx_word' id='word_1_588' title='bbox 1563 4211 1789 4265; x_wconf 86' lang='lat' dir='ltr'><strong>totidem</strong></span> <span class='ocrx_word' id='word_1_589' title='bbox 1842 4226 1938 4263; x_wconf 83' lang='lat' dir='ltr'><strong>nu-</strong></span> 
     </span>
    </p>
   </div>
   <div class='ocr_carea' id='block_1_77' title="bbox 361 4303 1932 4378">
    <p class='ocr_par' dir='ltr' id='par_1_77' title="bbox 361 4303 1932 4378">
     <span class='ocr_line' id='line_1_77' title="bbox 361 4303 1932 4378; baseline -0.006 -12"><span class='ocrx_word' id='word_1_590' title='bbox 361 4333 380 4366; x_wconf 78' lang='grc' dir='ltr'><strong>ι</strong></span> <span class='ocrx_word' id='word_1_591' title='bbox 413 4326 563 4367; x_wconf 90' lang='lat' dir='ltr'><strong>mero</strong></span> <span class='ocrx_word' id='word_1_592' title='bbox 613 4307 838 4378; x_wconf 89' lang='lat' dir='ltr'><strong>apostoli</strong></span> <span class='ocrx_word' id='word_1_593' title='bbox 899 4315 1102 4362; x_wconf 91' lang='lat' dir='ltr'><strong>essent.</strong></span> <span class='ocrx_word' id='word_1_594' title='bbox 1143 4323 1161 4356; x_wconf 72' lang='grc' dir='ltr'><strong>ι</strong></span> <span class='ocrx_word' id='word_1_595' title='bbox 1231 4303 1356 4358; x_wconf 62' lang='lat' dir='ltr'><strong>llaec</strong></span> <span class='ocrx_word' id='word_1_596' title='bbox 1401 4319 1524 4357; x_wconf 90' lang='lat' dir='ltr'><strong>cum</strong></span> <span class='ocrx_word' id='word_1_597' title='bbox 1594 4304 1759 4367; x_wconf 86' lang='lat' dir='ltr'><strong>dicat,</strong></span> <span class='ocrx_word' id='word_1_598' title='bbox 1826 4317 1932 4356; x_wconf 90' lang='lat' dir='ltr'><strong>non</strong></span> 
     </span>
    </p>
   </div>
   <div class='ocr_carea' id='block_1_78' title="bbox 355 4394 1936 4468">
    <p class='ocr_par' dir='ltr' id='par_1_78' title="bbox 355 4394 1936 4468">
     <span class='ocr_line' id='line_1_78' title="bbox 355 4394 1936 4468; baseline -0.007 -10"><span class='ocrx_word' id='word_1_599' title='bbox 355 4401 758 4467; x_wconf 84' lang='lat' dir='ltr'><strong>animadvertit,</strong></span> <span class='ocrx_word' id='word_1_600' title='bbox 793 4399 934 4468; x_wconf 90' lang='lat' dir='ltr'><strong>quod</strong></span> <span class='ocrx_word' id='word_1_601' title='bbox 972 4408 1023 4452; x_wconf 93' lang='lat' dir='ltr'><strong>et</strong></span> <span class='ocrx_word' id='word_1_602' title='bbox 1075 4410 1150 4449; x_wconf 82' lang='lat' dir='ltr'><strong>xu</strong></span> <span class='ocrx_word' id='word_1_603' title='bbox 1191 4406 1352 4448; x_wconf 85' lang='lat' dir='ltr'><strong>erant</strong></span> <span class='ocrx_word' id='word_1_604' title='bbox 1391 4394 1611 4450; x_wconf 87' lang='lat' dir='ltr'><strong>lsraelis</strong></span> <span class='ocrx_word' id='word_1_605' title='bbox 1648 4394 1841 4458; x_wconf 85' lang='lat' dir='ltr'><strong>tribus,</strong></span> <span class='ocrx_word' id='word_1_606' title='bbox 1880 4402 1936 4448; x_wconf 92' lang='lat' dir='ltr'><strong>et</strong></span> 
     </span>
    </p>
   </div>
   <div class='ocr_carea' id='block_1_79' title="bbox 355 4477 1932 4562">
    <p class='ocr_par' dir='ltr' id='par_1_79' title="bbox 355 4477 1932 4562">
     <span class='ocr_line' id='line_1_79' title="bbox 355 4477 1932 4562; baseline -0.01 -10"><span class='ocrx_word' id='word_1_607' title='bbox 355 4511 434 4551; x_wconf 83' lang='lat' dir='ltr'><strong>xu</strong></span> <span class='ocrx_word' id='word_1_608' title='bbox 472 4495 686 4550; x_wconf 88' lang='lat' dir='ltr'><strong>illorum</strong></span> <span class='ocrx_word' id='word_1_609' title='bbox 733 4492 1074 4562; x_wconf 77' lang='lat' dir='ltr'><strong>patriarchae.</strong></span> <span class='ocrx_word' id='word_1_610' title='bbox 1125 4487 1419 4543; x_wconf 83' lang='lat' dir='ltr'><strong>Duodecim</strong></span> <span class='ocrx_word' id='word_1_611' title='bbox 1471 4477 1652 4540; x_wconf 86' lang='lat' dir='ltr'><strong>itidem</strong></span> <span class='ocrx_word' id='word_1_612' title='bbox 1699 4485 1932 4554; x_wconf 77' lang='lat' dir='ltr'><strong>propine-</strong></span> 
     </span>
    </p>
   </div>
   <div class='ocr_carea' id='block_1_80' title="bbox 356 4575 1926 4650">
    <p class='ocr_par' dir='ltr' id='par_1_80' title="bbox 356 4575 1926 4650">
     <span class='ocr_line' id='line_1_80' title="bbox 356 4575 1926 4650; baseline -0.01 -8"><span class='ocrx_word' id='word_1_613' title='bbox 356 4599 424 4642; x_wconf 71' lang='lat' dir='ltr'><strong>ta:</strong></span> <span class='ocrx_word' id='word_1_614' title='bbox 449 4576 555 4640; x_wconf 74' lang='lat' dir='ltr'><strong>uno</strong></span> <span class='ocrx_word' id='word_1_615' title='bbox 581 4586 720 4638; x_wconf 84' lang='lat' dir='ltr'><strong>libro</strong></span> <span class='ocrx_word' id='word_1_616' title='bbox 755 4581 1152 4650; x_wconf 84' lang='lat' dir='ltr'><strong>comprehensi.</strong></span> <span class='ocrx_word' id='word_1_617' title='bbox 1188 4577 1295 4632; x_wconf 92' lang='lat' dir='ltr'><strong>Sed</strong></span> <span class='ocrx_word' id='word_1_618' title='bbox 1324 4585 1380 4632; x_wconf 86' lang='lat' dir='ltr'><strong>et</strong></span> <span class='ocrx_word' id='word_1_619' title='bbox 1409 4592 1484 4630; x_wconf 85' lang='lat' dir='ltr'><strong>xu</strong></span> <span class='ocrx_word' id='word_1_620' title='bbox 1529 4577 1580 4629; x_wconf 93' lang='lat' dir='ltr'><strong>in</strong></span> <span class='ocrx_word' id='word_1_621' title='bbox 1608 4576 1694 4630; x_wconf 90' lang='lat' dir='ltr'><strong>die</strong></span> <span class='ocrx_word' id='word_1_622' title='bbox 1727 4575 1875 4629; x_wconf 71' lang='lat' dir='ltr'><strong>liora:</strong></span> <span class='ocrx_word' id='word_1_623' title='bbox 1913 4591 1926 4626; x_wconf 89' lang='lat'><strong>:</strong></span> 
     </span>
    </p>
   </div>
   <div class='ocr_carea' id='block_1_81' title="bbox 353 4667 1935 4736">
    <p class='ocr_par' dir='ltr' id='par_1_81' title="bbox 353 4667 1935 4736">
     <span class='ocr_line' id='line_1_81' title="bbox 353 4667 1935 4736; baseline -0.009 -4"><span class='ocrx_word' id='word_1_624' title='bbox 353 4688 410 4732; x_wconf 89' lang='lat' dir='ltr'><strong>et</strong></span> <span class='ocrx_word' id='word_1_625' title='bbox 440 4679 492 4732; x_wconf 91' lang='lat' dir='ltr'><strong>in</strong></span> <span class='ocrx_word' id='word_1_626' title='bbox 541 4691 682 4729; x_wconf 89' lang='lat' dir='ltr'><strong>anno</strong></span> <span class='ocrx_word' id='word_1_627' title='bbox 718 4689 791 4727; x_wconf 82' lang='lat' dir='ltr'><strong>xu</strong></span> <span class='ocrx_word' id='word_1_628' title='bbox 843 4687 1076 4727; x_wconf 76' lang='lat' dir='ltr'><strong>menses.</strong></span> <span class='ocrx_word' id='word_1_629' title='bbox 1127 4669 1412 4736; x_wconf 87' lang='lat' dir='ltr'><strong>Quomodo</strong></span> <span class='ocrx_word' id='word_1_630' title='bbox 1457 4667 1621 4736; x_wconf 80' lang='lat' dir='ltr'><strong>igitur</strong></span> <span class='ocrx_word' id='word_1_631' title='bbox 1667 4667 1935 4720; x_wconf 86' lang='lat' dir='ltr'><strong>duodena-</strong></span> 
     </span>
    </p>
   </div>
   <div class='ocr_carea' id='block_1_82' title="bbox 356 4759 1934 4834">
    <p class='ocr_par' dir='ltr' id='par_1_82' title="bbox 356 4759 1934 4834">
     <span class='ocr_line' id='line_1_82' title="bbox 356 4759 1934 4834; baseline -0.009 -8"><span class='ocrx_word' id='word_1_632' title='bbox 356 4773 468 4826; x_wconf 87' lang='lat' dir='ltr'><strong>rius</strong></span> <span class='ocrx_word' id='word_1_633' title='bbox 508 4785 786 4832; x_wconf 86' lang='lat' dir='ltr'><strong>numerus,</strong></span> <span class='ocrx_word' id='word_1_634' title='bbox 839 4767 906 4820; x_wconf 90' lang='lat' dir='ltr'><strong>ad</strong></span> <span class='ocrx_word' id='word_1_635' title='bbox 951 4765 1222 4834; x_wconf 90' lang='lat' dir='ltr'><strong>apostolos</strong></span> <span class='ocrx_word' id='word_1_636' title='bbox 1279 4765 1473 4832; x_wconf 85' lang='lat' dir='ltr'><strong>potius,</strong></span> <span class='ocrx_word' id='word_1_637' title='bbox 1525 4775 1684 4829; x_wconf 91' lang='lat' dir='ltr'><strong>quam</strong></span> <span class='ocrx_word' id='word_1_638' title='bbox 1724 4759 1790 4813; x_wconf 90' lang='lat' dir='ltr'><strong>ad</strong></span> <span class='ocrx_word' id='word_1_639' title='bbox 1835 4759 1934 4812; x_wconf 86' lang='lat' dir='ltr'><strong>ista</strong></span> 
     </span>
    </p>
   </div>
   <div class='ocr_carea' id='block_1_83' title="bbox 352 4849 1941 4926">
    <p class='ocr_par' dir='ltr' id='par_1_83' title="bbox 352 4849 1941 4926">
     <span class='ocr_line' id='line_1_83' title="bbox 352 4849 1941 4926; baseline -0.006 -15"><span class='ocrx_word' id='word_1_640' title='bbox 352 4858 534 4913; x_wconf 88' lang='lat' dir='ltr'><strong>omnia</strong></span> <span class='ocrx_word' id='word_1_641' title='bbox 567 4855 883 4926; x_wconf 84' lang='lat' dir='ltr'><strong>spectabat?</strong></span> <span class='ocrx_word' id='word_1_642' title='bbox 909 4854 1059 4919; x_wconf 86' lang='lat' dir='ltr'><strong>Quod</strong></span> <span class='ocrx_word' id='word_1_643' title='bbox 1103 4854 1148 4907; x_wconf 92' lang='lat' dir='ltr'><strong>si</strong></span> <span class='ocrx_word' id='word_1_644' title='bbox 1177 4854 1298 4921; x_wconf 88' lang='lat' dir='ltr'><strong>quis</strong></span> <span class='ocrx_word' id='word_1_645' title='bbox 1331 4865 1585 4906; x_wconf 88' lang='lat' dir='ltr'><strong>numerus</strong></span> <span class='ocrx_word' id='word_1_646' title='bbox 1619 4849 1941 4918; x_wconf 64' lang='lat' dir='ltr'><strong>quantitati-</strong></span> 
     </span>
    </p>
   </div>
   <div class='ocr_carea' id='block_1_84' title="bbox 353 4941 1945 5016">
    <p class='ocr_par' dir='ltr' id='par_1_84' title="bbox 353 4941 1945 5016">
     <span class='ocr_line' id='line_1_84' title="bbox 353 4941 1945 5016; baseline -0.005 -14"><span class='ocrx_word' id='word_1_647' title='bbox 353 4965 475 5013; x_wconf 84' lang='lat' dir='ltr'><strong>vus,</strong></span> <span class='ocrx_word' id='word_1_648' title='bbox 512 4964 728 5002; x_wconf 86' lang='lat' dir='ltr'><strong>causam</strong></span> <span class='ocrx_word' id='word_1_649' title='bbox 783 4947 884 5015; x_wconf 92' lang='lat' dir='ltr'><strong>ipsi</strong></span> <span class='ocrx_word' id='word_1_650' title='bbox 927 4945 1154 5016; x_wconf 68' lang='lat' dir='ltr'><strong>prazbuit</strong></span> <span class='ocrx_word' id='word_1_651' title='bbox 1198 4943 1505 4998; x_wconf 91' lang='lat' dir='ltr'><strong>istiusmodi</strong></span> <span class='ocrx_word' id='word_1_652' title='bbox 1561 4941 1812 4996; x_wconf 87' lang='lat' dir='ltr'><strong>dictionis</strong></span> <span class='ocrx_word' id='word_1_653' title='bbox 1859 4943 1945 4995; x_wconf 79' lang='lat' dir='ltr'><strong>in-</strong></span> 
     </span>
    </p>
   </div>
   <div class='ocr_carea' id='block_1_85' title="bbox 356 5029 1939 5104">
    <p class='ocr_par' dir='ltr' id='par_1_85' title="bbox 356 5029 1939 5104">
     <span class='ocr_line' id='line_1_85' title="bbox 356 5029 1939 5104; baseline -0.004 -15"><span class='ocrx_word' id='word_1_654' title='bbox 356 5037 780 5104; x_wconf 84' lang='lat' dir='ltr'><strong>terpretationis,</strong></span> <span class='ocrx_word' id='word_1_655' title='bbox 811 5036 1094 5104; x_wconf 81' lang='lat' dir='ltr'><strong>Oportebat</strong></span> <span class='ocrx_word' id='word_1_656' title='bbox 1117 5035 1264 5088; x_wconf 90' lang='lat' dir='ltr'><strong>illum</strong></span> <span class='ocrx_word' id='word_1_657' title='bbox 1293 5033 1728 5086; x_wconf 86' lang='lat' dir='ltr'><strong>animadvertere</strong></span> <span class='ocrx_word' id='word_1_658' title='bbox 1753 5071 1770 5096; x_wconf 93' lang='lat'><strong>,</strong></span> <span class='ocrx_word' id='word_1_659' title='bbox 1796 5029 1939 5100; x_wconf 91' lang='lat' dir='ltr'><strong>quod</strong></span> 
     </span>
    </p>
   </div>
   <div class='ocr_carea' id='block_1_86' title="bbox 355 5121 1942 5196">
    <p class='ocr_par' dir='ltr' id='par_1_86' title="bbox 355 5121 1942 5196">
     <span class='ocr_line' id='line_1_86' title="bbox 355 5121 1942 5196; baseline -0.006 -16"><span class='ocrx_word' id='word_1_660' title='bbox 355 5141 529 5194; x_wconf 86' lang='lat' dir='ltr'><strong>neque</strong></span> <span class='ocrx_word' id='word_1_661' title='bbox 561 5127 730 5180; x_wconf 87' lang='lat' dir='ltr'><strong>sancti</strong></span> <span class='ocrx_word' id='word_1_662' title='bbox 757 5127 1067 5196; x_wconf 80' lang='lat' dir='ltr'><strong>prophetae,</strong></span> <span class='ocrx_word' id='word_1_663' title='bbox 1093 5125 1144 5178; x_wconf 91' lang='lat' dir='ltr'><strong>in</strong></span> <span class='ocrx_word' id='word_1_664' title='bbox 1179 5133 1438 5192; x_wconf 89' lang='lat' dir='ltr'><strong>quantum</strong></span> <span class='ocrx_word' id='word_1_665' title='bbox 1469 5121 1760 5191; x_wconf 87' lang='lat' dir='ltr'><strong>participes</strong></span> <span class='ocrx_word' id='word_1_666' title='bbox 1784 5129 1942 5175; x_wconf 90' lang='lat' dir='ltr'><strong>erant</strong></span> 
     </span>
    </p>
   </div>
   <div class='ocr_carea' id='block_1_87' title="bbox 355 5213 1940 5288">
    <p class='ocr_par' dir='ltr' id='par_1_87' title="bbox 355 5213 1940 5288">
     <span class='ocr_line' id='line_1_87' title="bbox 355 5213 1940 5288; baseline -0.004 -16"><span class='ocrx_word' id='word_1_667' title='bbox 355 5217 593 5286; x_wconf 85' lang='lat' dir='ltr'><strong>ejusdem</strong></span> <span class='ocrx_word' id='word_1_668' title='bbox 641 5217 874 5288; x_wconf 86' lang='lat' dir='ltr'><strong>Spiritus</strong></span> <span class='ocrx_word' id='word_1_669' title='bbox 917 5217 1128 5282; x_wconf 84' lang='lat' dir='ltr'><strong>sancti,</strong></span> <span class='ocrx_word' id='word_1_670' title='bbox 1177 5230 1207 5269; x_wconf 91' lang='lat' dir='ltr'><strong>a</strong></span> <span class='ocrx_word' id='word_1_671' title='bbox 1251 5213 1488 5269; x_wconf 72' lang='lat' dir='ltr'><strong>[ouilibus</strong></span> <span class='ocrx_word' id='word_1_672' title='bbox 1536 5213 1624 5269; x_wconf 85' lang='lat' dir='ltr'><strong>bis</strong></span> <span class='ocrx_word' id='word_1_673' title='bbox 1669 5213 1940 5282; x_wconf 81' lang='lat' dir='ltr'><strong>peregrini</strong></span> 
     </span>
    </p>
   </div>
   <div class='ocr_carea' id='block_1_88' title="bbox 516 5396 1148 5466">
    <p class='ocr_par' dir='ltr' id='par_1_88' title="bbox 516 5396 1148 5466">
     <span class='ocr_line' id='line_1_88' title="bbox 516 5396 1148 5466; baseline 0.002 -15"><span class='ocrx_word' id='word_1_674' title='bbox 516 5399 612 5452; x_wconf 85' lang='lat' dir='ltr'><strong>Ed.</strong></span> <span class='ocrx_word' id='word_1_675' title='bbox 645 5397 840 5465; x_wconf 69' lang='lat' dir='ltr'><strong>Paris,</strong></span> <span class='ocrx_word' id='word_1_676' title='bbox 869 5413 988 5466; x_wconf 79' lang='lat' dir='ltr'><strong>pag.</strong></span> <span class='ocrx_word' id='word_1_677' title='bbox 1029 5396 1148 5452; x_wconf 78' lang='grc'><strong>159.</strong></span> 
     </span>
    </p>
   </div>
   <div class='ocr_carea' id='block_1_89' title="bbox 451 5465 1548 5530">
    <p class='ocr_par' dir='ltr' id='par_1_89' title="bbox 451 5465 1548 5530">
     <span class='ocr_line' id='line_1_89' title="bbox 451 5465 1548 5530; baseline -0.001 -11"><span class='ocrx_word' id='word_1_678' title='bbox 451 5471 572 5522; x_wconf 51' lang='grc' dir='ltr'><strong>φδυι.</strong></span> <span class='ocrx_word' id='word_1_679' title='bbox 605 5469 782 5530; x_wconf 73' lang='grc' dir='ltr'>ηι,8.</span> <span class='ocrx_word' id='word_1_680' title='bbox 873 5465 1080 5521; x_wconf 69' lang='lat' dir='ltr'><strong>“l&#39;sal.</strong></span> <span class='ocrx_word' id='word_1_681' title='bbox 1123 5482 1302 5520; x_wconf 64' lang='lat' dir='ltr'><strong>axx&quot;.</strong></span> <span class='ocrx_word' id='word_1_682' title='bbox 1337 5466 1420 5529; x_wconf 89' lang='lat' dir='ltr'><strong>l7,</strong></span> <span class='ocrx_word' id='word_1_683' title='bbox 1461 5465 1548 5519; x_wconf 77' lang='lat' dir='ltr'><strong>l8.</strong></span> 
     </span>
    </p>
   </div>
   <div class='ocr_carea' id='block_1_90' title="bbox 428 5648 1136 5719">
    <p class='ocr_par' dir='ltr' id='par_1_90' title="bbox 428 5648 1136 5719">
     <span class='ocr_line' id='line_1_90' title="bbox 428 5648 1136 5719; baseline 0.003 -18"><span class='ocrx_word' id='word_1_684' title='bbox 428 5651 540 5718; x_wconf 75' lang='grc'><strong>(85)</strong></span> <span class='ocrx_word' id='word_1_685' title='bbox 568 5648 736 5719; x_wconf 61' lang='lat' dir='ltr'><strong>Yulgn</strong></span> <span class='ocrx_word' id='word_1_686' title='bbox 761 5651 1136 5719; x_wconf 84' lang='grc' dir='ltr'>ἀπεφαίνοιτο.</span> 
     </span>
    </p>
   </div>
   <div class='ocr_carea' id='block_1_91' title="bbox 456 5716 982 5785">
    <p class='ocr_par' dir='ltr' id='par_1_91' title="bbox 456 5716 982 5785">
     <span class='ocr_line' id='line_1_91' title="bbox 456 5716 982 5785; baseline 0 -13"><span class='ocrx_word' id='word_1_687' title='bbox 456 5716 542 5785; x_wconf 72' lang='grc'><strong>84)</strong></span> <span class='ocrx_word' id='word_1_688' title='bbox 571 5716 771 5783; x_wconf 65' lang='grc' dir='ltr'>*Ηλθες</span> <span class='ocrx_word' id='word_1_689' title='bbox 807 5716 982 5785; x_wconf 72' lang='lat' dir='ltr'><strong>vulgo.</strong></span> 
     </span>
    </p>
   </div>
   <div class='ocr_carea' id='block_1_92' title="bbox 435 5780 1349 5861">
    <p class='ocr_par' dir='ltr' id='par_1_92' title="bbox 435 5780 1349 5861">
     <span class='ocr_line' id='line_1_92' title="bbox 435 5780 1349 5861; baseline -0.003 -18"><span class='ocrx_word' id='word_1_690' title='bbox 435 5780 544 5861; x_wconf 71' lang='grc' dir='ltr'><strong>(δυ)</strong></span> <span class='ocrx_word' id='word_1_691' title='bbox 581 5780 962 5858; x_wconf 55' lang='grc' dir='ltr'>νυΙειίσκότος</span> <span class='ocrx_word' id='word_1_692' title='bbox 1147 5789 1349 5844; x_wconf 80' lang='grc' dir='ltr'>ἐπάνω.</span> 
     </span>
    </p>
   </div>
   <div class='ocr_carea' id='block_1_93' title="bbox 2039 3304 3637 3380">
    <p class='ocr_par' dir='ltr' id='par_1_93' title="bbox 2039 3304 3637 3380">
     <span class='ocr_line' id='line_1_93' title="bbox 2039 3304 3637 3380; baseline -0.003 -20"><span class='ocrx_word' id='word_1_693' title='bbox 2039 3308 2147 3380; x_wconf 74' lang='grc' dir='ltr'>πρὸ</span> <span class='ocrx_word' id='word_1_694' title='bbox 2183 3309 2288 3361; x_wconf 86' lang='grc' dir='ltr'><strong>τῶν</strong></span> <span class='ocrx_word' id='word_1_695' title='bbox 2323 3308 2492 3376; x_wconf 84' lang='grc' dir='ltr'>ἁγίων</span> <span class='ocrx_word' id='word_1_696' title='bbox 2524 3308 2620 3360; x_wconf 76' lang='grc' dir='ltr'>καὶ</span> <span class='ocrx_word' id='word_1_697' title='bbox 2651 3306 2914 3375; x_wconf 85' lang='grc' dir='ltr'>θεοφιλῶν</span> <span class='ocrx_word' id='word_1_698' title='bbox 2946 3305 3177 3377; x_wconf 87' lang='grc' dir='ltr'>ἀνδρῶν,</span> <span class='ocrx_word' id='word_1_699' title='bbox 3209 3305 3314 3358; x_wconf 87' lang='grc' dir='ltr'><strong>τῶν</strong></span> <span class='ocrx_word' id='word_1_700' title='bbox 3348 3304 3409 3368; x_wconf 76' lang='grc' dir='ltr'><strong>ἐξ</strong></span> <span class='ocrx_word' id='word_1_701' title='bbox 3430 3304 3637 3369; x_wconf 78' lang='grc' dir='ltr'>αἰῶνος</span> 
     </span>
    </p>
   </div>
   <div class='ocr_carea' id='block_1_94' title="bbox 2037 3395 3635 3470">
    <p class='ocr_par' dir='ltr' id='par_1_94' title="bbox 2037 3395 3635 3470">
     <span class='ocr_line' id='line_1_94' title="bbox 2037 3395 3635 3470; baseline -0.002 -17"><span class='ocrx_word' id='word_1_702' title='bbox 2037 3399 2362 3470; x_wconf 81' lang='grc' dir='ltr'>γενομένων,</span> <span class='ocrx_word' id='word_1_703' title='bbox 2407 3399 2594 3452; x_wconf 78' lang='grc' dir='ltr'>ἑαυτὸν</span> <span class='ocrx_word' id='word_1_704' title='bbox 2629 3400 2896 3469; x_wconf 82' lang='grc' dir='ltr'>ὑπάρχειν</span> <span class='ocrx_word' id='word_1_705' title='bbox 2927 3396 3161 3461; x_wconf 77' lang='grc' dir='ltr'>ἐδίδαξεν</span> <span class='ocrx_word' id='word_1_706' title='bbox 3198 3399 3227 3449; x_wconf 88' lang='grc' dir='ltr'><strong>ὁ</strong></span> <span class='ocrx_word' id='word_1_707' title='bbox 3263 3395 3432 3448; x_wconf 85' lang='grc' dir='ltr'>εἰπὼν</span> <span class='ocrx_word' id='word_1_708' title='bbox 3454 3435 3469 3459; x_wconf 92' lang='grc'><strong>,</strong></span> <span class='ocrx_word' id='word_1_709' title='bbox 3503 3398 3635 3466; x_wconf 84' lang='grc' dir='ltr'><strong>Πρὸ</strong></span> 
     </span>
    </p>
   </div>
   <div class='ocr_carea' id='block_1_95' title="bbox 2036 3488 3632 3560">
    <p class='ocr_par' dir='ltr' id='par_1_95' title="bbox 2036 3488 3632 3560">
     <span class='ocr_line' id='line_1_95' title="bbox 2036 3488 3632 3560; baseline -0.003 -16"><span class='ocrx_word' id='word_1_710' title='bbox 2036 3491 2144 3544; x_wconf 85' lang='grc' dir='ltr'>τοῦ</span> <span class='ocrx_word' id='word_1_711' title='bbox 2186 3493 2292 3558; x_wconf 86' lang='grc' dir='ltr'>τὰς</span> <span class='ocrx_word' id='word_1_712' title='bbox 2331 3492 2643 3557; x_wconf 86' lang='grc' dir='ltr'>ἀϐύσσους</span> <span class='ocrx_word' id='word_1_713' title='bbox 2696 3489 2977 3558; x_wconf 80' lang='grc' dir='ltr'>ποιῆσαι·</span> <span class='ocrx_word' id='word_1_714' title='bbox 3024 3490 3100 3553; x_wconf 84' lang='grc' dir='ltr'>ὠς</span> <span class='ocrx_word' id='word_1_715' title='bbox 3157 3488 3494 3559; x_wconf 82' lang='grc' dir='ltr'>πανταχόθεν</span> <span class='ocrx_word' id='word_1_716' title='bbox 3550 3490 3632 3560; x_wconf 80' lang='grc' dir='ltr'>μὴ</span> 
     </span>
    </p>
   </div>
   <div class='ocr_carea' id='block_1_96' title="bbox 2035 3578 3639 3654">
    <p class='ocr_par' dir='ltr' id='par_1_96' title="bbox 2035 3578 3639 3654">
     <span class='ocr_line' id='line_1_96' title="bbox 2035 3578 3639 3654; baseline -0.003 -19"><span class='ocrx_word' id='word_1_717' title='bbox 2035 3581 2291 3636; x_wconf 75' lang='grc' dir='ltr'>δύνασθαι</span> <span class='ocrx_word' id='word_1_718' title='bbox 2314 3585 2380 3654; x_wconf 79' lang='grc' dir='ltr'>τῇ</span> <span class='ocrx_word' id='word_1_719' title='bbox 2413 3583 2578 3654; x_wconf 75' lang='grc' dir='ltr'>σαρκὶ</span> <span class='ocrx_word' id='word_1_720' title='bbox 2602 3581 2694 3634; x_wconf 83' lang='grc' dir='ltr'>τοῦ</span> <span class='ocrx_word' id='word_1_721' title='bbox 2727 3583 2978 3651; x_wconf 80' lang='grc' dir='ltr'>Σωτῆρος</span> <span class='ocrx_word' id='word_1_722' title='bbox 3009 3579 3342 3651; x_wconf 75' lang='grc' dir='ltr'>ἐφαρμόζειν</span> <span class='ocrx_word' id='word_1_723' title='bbox 3367 3578 3466 3641; x_wconf 85' lang='grc' dir='ltr'>τὰς</span> <span class='ocrx_word' id='word_1_724' title='bbox 3494 3595 3639 3649; x_wconf 84' lang='grc' dir='ltr'>προ-</span> 
     </span>
    </p>
   </div>
   <div class='ocr_carea' id='block_1_97' title="bbox 2037 3671 3636 3747">
    <p class='ocr_par' dir='ltr' id='par_1_97' title="bbox 2037 3671 3636 3747">
     <span class='ocr_line' id='line_1_97' title="bbox 2037 3671 3636 3747; baseline -0.003 -19"><span class='ocrx_word' id='word_1_725' title='bbox 2037 3675 2295 3747; x_wconf 79' lang='grc' dir='ltr'>κειμένας</span> <span class='ocrx_word' id='word_1_726' title='bbox 2322 3675 2515 3741; x_wconf 79' lang='grc' dir='ltr'>λέξεις.</span> <span class='ocrx_word' id='word_1_727' title='bbox 2556 3676 2611 3728; x_wconf 89' lang='lat'><strong>&#39;0</strong></span> <span class='ocrx_word' id='word_1_728' title='bbox 2637 3675 2693 3727; x_wconf 81' lang='grc' dir='ltr'>δὲ</span> <span class='ocrx_word' id='word_1_729' title='bbox 2721 3675 2831 3744; x_wconf 87' lang='grc'><strong>(87)</strong></span> <span class='ocrx_word' id='word_1_730' title='bbox 2861 3673 2945 3741; x_wconf 81' lang='grc' dir='ltr'>ἐφ’</span> <span class='ocrx_word' id='word_1_731' title='bbox 2970 3673 3163 3745; x_wconf 76' lang='grc' dir='ltr'>ἑτέραν</span> <span class='ocrx_word' id='word_1_732' title='bbox 3196 3671 3436 3742; x_wconf 76' lang='grc' dir='ltr'>μεταϐὰς</span> <span class='ocrx_word' id='word_1_733' title='bbox 3465 3671 3636 3741; x_wconf 76' lang='grc' dir='ltr'>ῥῆσιν</span> 
     </span>
    </p>
   </div>
   <div class='ocr_carea' id='block_1_98' title="bbox 2035 3761 3634 3837">
    <p class='ocr_par' dir='ltr' id='par_1_98' title="bbox 2035 3761 3634 3837">
     <span class='ocr_line' id='line_1_98' title="bbox 2035 3761 3634 3837; baseline -0.002 -18"><span class='ocrx_word' id='word_1_734' title='bbox 2035 3767 2136 3837; x_wconf 79' lang='grc' dir='ltr'>τῆς</span> <span class='ocrx_word' id='word_1_735' title='bbox 2172 3767 2342 3837; x_wconf 79' lang='grc' dir='ltr'>αὐτῆς</span> <span class='ocrx_word' id='word_1_736' title='bbox 2376 3767 2616 3837; x_wconf 86' lang='grc' dir='ltr'>Γραφῆς,</span> <span class='ocrx_word' id='word_1_737' title='bbox 2649 3766 2744 3819; x_wconf 74' lang='grc' dir='ltr'><strong>καὶ</strong></span> <span class='ocrx_word' id='word_1_738' title='bbox 2772 3765 2974 3836; x_wconf 90' lang='grc' dir='ltr'>ταύτην</span> <span class='ocrx_word' id='word_1_739' title='bbox 3006 3764 3179 3827; x_wconf 79' lang='grc' dir='ltr'>οὓτως</span> <span class='ocrx_word' id='word_1_740' title='bbox 3207 3761 3499 3834; x_wconf 82' lang='grc' dir='ltr'>ἑρμηνεύει</span> <span class='ocrx_word' id='word_1_741' title='bbox 3540 3761 3634 3816; x_wconf 79' lang='grc' dir='ltr'><strong>λέ-</strong></span> 
     </span>
    </p>
   </div>
   <div class='ocr_carea' id='block_1_99' title="bbox 2037 3853 3633 3928">
    <p class='ocr_par' dir='ltr' id='par_1_99' title="bbox 2037 3853 3633 3928">
     <span class='ocr_line' id='line_1_99' title="bbox 2037 3853 3633 3928; baseline -0.004 -17"><span class='ocrx_word' id='word_1_742' title='bbox 2037 3876 2148 3928; x_wconf 87' lang='grc' dir='ltr'><strong>γων</strong></span> <span class='ocrx_word' id='word_1_743' title='bbox 2168 3876 2181 3888; x_wconf 86' lang='grc'><strong>·</strong></span> <span class='ocrx_word' id='word_1_744' title='bbox 2227 3877 2245 3909; x_wconf 84' lang='grc' dir='ltr'><strong>ι</strong></span> <span class='ocrx_word' id='word_1_745' title='bbox 2288 3859 2352 3910; x_wconf 89' lang='grc' dir='ltr'>Τί</span> <span class='ocrx_word' id='word_1_746' title='bbox 2385 3859 2564 3910; x_wconf 86' lang='grc' dir='ltr'>τοίνυν</span> <span class='ocrx_word' id='word_1_747' title='bbox 2599 3857 2714 3910; x_wconf 75' lang='grc' dir='ltr'>ἐστι</span> <span class='ocrx_word' id='word_1_748' title='bbox 2762 3857 2855 3910; x_wconf 75' lang='grc' dir='ltr'>καὶ</span> <span class='ocrx_word' id='word_1_749' title='bbox 2887 3857 3040 3909; x_wconf 75' lang='grc' dir='ltr'>τουτὶ</span> <span class='ocrx_word' id='word_1_750' title='bbox 3066 3855 3126 3908; x_wconf 83' lang='grc' dir='ltr'><strong>τὸ</strong></span> <span class='ocrx_word' id='word_1_751' title='bbox 3154 3854 3472 3924; x_wconf 80' lang='grc' dir='ltr'>κεφάλαιον,</span> <span class='ocrx_word' id='word_1_752' title='bbox 3502 3853 3633 3920; x_wconf 77' lang='grc' dir='ltr'><strong>Πρὸ</strong></span> 
     </span>
    </p>
   </div>
   <div class='ocr_carea' id='block_1_100' title="bbox 2045 3945 3632 4019">
    <p class='ocr_par' dir='ltr' id='par_1_100' title="bbox 2045 3945 3632 4019">
     <span class='ocr_line' id='line_1_100' title="bbox 2045 3945 3632 4019; baseline -0.003 -18"><span class='ocrx_word' id='word_1_753' title='bbox 2045 3970 2063 4001; x_wconf 79' lang='grc' dir='ltr'><strong>ι</strong></span> <span class='ocrx_word' id='word_1_754' title='bbox 2101 3950 2208 4004; x_wconf 85' lang='grc' dir='ltr'>τοῦ</span> <span class='ocrx_word' id='word_1_755' title='bbox 2254 3949 2572 4019; x_wconf 76' lang='grc' dir='ltr'>προελθεῖν</span> <span class='ocrx_word' id='word_1_756' title='bbox 2611 3951 2716 4016; x_wconf 84' lang='grc' dir='ltr'>τὰς</span> <span class='ocrx_word' id='word_1_757' title='bbox 2769 3947 2964 4018; x_wconf 76' lang='grc' dir='ltr'>πηγὰς</span> <span class='ocrx_word' id='word_1_758' title='bbox 3014 3946 3133 4001; x_wconf 79' lang='grc' dir='ltr'>τῶν</span> <span class='ocrx_word' id='word_1_759' title='bbox 3180 3945 3454 4008; x_wconf 69' lang='grc' dir='ltr'>ὐδάτων;</span> <span class='ocrx_word' id='word_1_760' title='bbox 3497 3946 3632 4007; x_wconf 73' lang='grc' dir='ltr'>τοὺς</span> 
     </span>
    </p>
   </div>
   <div class='ocr_carea' id='block_1_101' title="bbox 2043 4035 3634 4113">
    <p class='ocr_par' dir='ltr' id='par_1_101' title="bbox 2043 4035 3634 4113">
     <span class='ocr_line' id='line_1_101' title="bbox 2043 4035 3634 4113; baseline -0.004 -21"><span class='ocrx_word' id='word_1_761' title='bbox 2043 4060 2061 4092; x_wconf 80' lang='grc' dir='ltr'><strong>ι</strong></span> <span class='ocrx_word' id='word_1_762' title='bbox 2104 4041 2285 4113; x_wconf 83' lang='grc' dir='ltr'>ίέρους</span> <span class='ocrx_word' id='word_1_763' title='bbox 2319 4040 2653 4102; x_wconf 85' lang='grc' dir='ltr'>ἀποστόλους</span> <span class='ocrx_word' id='word_1_764' title='bbox 2701 4035 2841 4092; x_wconf 74' lang='grc' dir='ltr'>εἷναί</span> <span class='ocrx_word' id='word_1_765' title='bbox 2887 4055 3071 4110; x_wconf 87' lang='grc' dir='ltr'>φησιν.</span> <span class='ocrx_word' id='word_1_766' title='bbox 3105 4037 3273 4089; x_wconf 82' lang='grc' dir='ltr'>Τοῦτο</span> <span class='ocrx_word' id='word_1_767' title='bbox 3303 4036 3361 4088; x_wconf 83' lang='grc' dir='ltr'>δὲ</span> <span class='ocrx_word' id='word_1_768' title='bbox 3396 4037 3528 4106; x_wconf 82' lang='grc' dir='ltr'>ἡμῖν</span> <span class='ocrx_word' id='word_1_769' title='bbox 3565 4035 3634 4087; x_wconf 82' lang='grc' dir='ltr'><strong>τὸ</strong></span> 
     </span>
    </p>
   </div>
   <div class='ocr_carea' id='block_1_102' title="bbox 2043 4127 3632 4204">
    <p class='ocr_par' dir='ltr' id='par_1_102' title="bbox 2043 4127 3632 4204">
     <span class='ocr_line' id='line_1_102' title="bbox 2043 4127 3632 4204; baseline -0.003 -20"><span class='ocrx_word' id='word_1_770' title='bbox 2043 4152 2062 4184; x_wconf 78' lang='grc' dir='ltr'><strong>ι</strong></span> <span class='ocrx_word' id='word_1_771' title='bbox 2111 4135 2407 4204; x_wconf 81' lang='grc' dir='ltr'>μυστήριον</span> <span class='ocrx_word' id='word_1_772' title='bbox 2442 4133 2772 4203; x_wconf 81' lang='grc' dir='ltr'>παρίστησιν</span> <span class='ocrx_word' id='word_1_773' title='bbox 2806 4134 2838 4201; x_wconf 83' lang='grc' dir='ltr'>ἡ</span> <span class='ocrx_word' id='word_1_774' title='bbox 2867 4131 2968 4199; x_wconf 83' lang='grc' dir='ltr'><strong>τῆς</strong></span> <span class='ocrx_word' id='word_1_775' title='bbox 3016 4128 3229 4194; x_wconf 79' lang='grc' dir='ltr'>Ἐξόδου</span> <span class='ocrx_word' id='word_1_776' title='bbox 3262 4127 3473 4200; x_wconf 80' lang='grc' dir='ltr'>γραφὴ,</span> <span class='ocrx_word' id='word_1_777' title='bbox 3499 4129 3632 4190; x_wconf 75' lang='grc' dir='ltr'>τοὺς</span> 
     </span>
    </p>
   </div>
   <div class='ocr_carea' id='block_1_103' title="bbox 2044 4216 3631 4291">
    <p class='ocr_par' dir='ltr' id='par_1_103' title="bbox 2044 4216 3631 4291">
     <span class='ocr_line' id='line_1_103' title="bbox 2044 4216 3631 4291; baseline -0.006 -13"><span class='ocrx_word' id='word_1_778' title='bbox 2044 4245 2062 4277; x_wconf 83' lang='grc' dir='ltr'><strong>ι</strong></span> <span class='ocrx_word' id='word_1_779' title='bbox 2102 4225 2210 4278; x_wconf 88' lang='grc' dir='ltr'><strong>τῶν</strong></span> <span class='ocrx_word' id='word_1_780' title='bbox 2237 4223 2549 4277; x_wconf 81' lang='grc' dir='ltr'>ἀποστόλων</span> <span class='ocrx_word' id='word_1_781' title='bbox 2577 4223 2784 4286; x_wconf 84' lang='grc' dir='ltr'>τύπους</span> <span class='ocrx_word' id='word_1_782' title='bbox 2813 4221 2980 4275; x_wconf 86' lang='grc' dir='ltr'>πάλαι</span> <span class='ocrx_word' id='word_1_783' title='bbox 3012 4217 3479 4291; x_wconf 83' lang='grc' dir='ltr'>προαγορεύουσα.</span> <span class='ocrx_word' id='word_1_784' title='bbox 3510 4216 3631 4270; x_wconf 80' lang='grc' dir='ltr'><strong>Δώ-</strong></span> 
     </span>
    </p>
   </div>
   <div class='ocr_carea' id='block_1_104' title="bbox 2044 4307 3634 4386">
    <p class='ocr_par' dir='ltr' id='par_1_104' title="bbox 2044 4307 3634 4386">
     <span class='ocr_line' id='line_1_104' title="bbox 2044 4307 3634 4386; baseline -0.004 -21"><span class='ocrx_word' id='word_1_785' title='bbox 2044 4334 2061 4365; x_wconf 81' lang='grc' dir='ltr'><strong>ι</strong></span> <span class='ocrx_word' id='word_1_786' title='bbox 2103 4316 2233 4368; x_wconf 88' lang='grc' dir='ltr'>δεκα</span> <span class='ocrx_word' id='word_1_787' title='bbox 2254 4314 2362 4385; x_wconf 78' lang='grc' dir='ltr'><strong>γὰρ</strong></span> <span class='ocrx_word' id='word_1_788' title='bbox 2392 4313 2562 4367; x_wconf 76' lang='grc' dir='ltr'>ὄντων</span> <span class='ocrx_word' id='word_1_789' title='bbox 2582 4314 2671 4366; x_wconf 81' lang='grc' dir='ltr'><strong>τὸν</strong></span> <span class='ocrx_word' id='word_1_790' title='bbox 2687 4312 2920 4386; x_wconf 85' lang='grc' dir='ltr'>ἀριθμὸν</span> <span class='ocrx_word' id='word_1_791' title='bbox 2936 4311 3044 4364; x_wconf 87' lang='grc' dir='ltr'><strong>τῶν</strong></span> <span class='ocrx_word' id='word_1_792' title='bbox 3061 4308 3396 4370; x_wconf 82' lang='grc' dir='ltr'>ἀποστόλων,</span> <span class='ocrx_word' id='word_1_793' title='bbox 3411 4307 3634 4360; x_wconf 82' lang='grc' dir='ltr'>δώδεκα</span> 
     </span>
    </p>
   </div>
   <div class='ocr_carea' id='block_1_105' title="bbox 2044 4401 3631 4476">
    <p class='ocr_par' dir='ltr' id='par_1_105' title="bbox 2044 4401 3631 4476">
     <span class='ocr_line' id='line_1_105' title="bbox 2044 4401 3631 4476; baseline -0.004 -18"><span class='ocrx_word' id='word_1_794' title='bbox 2044 4426 2062 4458; x_wconf 80' lang='grc' dir='ltr'><strong>ι</strong></span> <span class='ocrx_word' id='word_1_795' title='bbox 2105 4405 2296 4476; x_wconf 83' lang='grc' dir='ltr'>πηγῶν</span> <span class='ocrx_word' id='word_1_796' title='bbox 2329 4408 2624 4476; x_wconf 80' lang='grc' dir='ltr'>μέμνηται.</span> <span class='ocrx_word' id='word_1_797' title='bbox 2664 4425 2683 4457; x_wconf 69' lang='grc' dir='ltr'><strong>ι</strong></span> <span class='ocrx_word' id='word_1_798' title='bbox 2717 4406 2826 4458; x_wconf 68' lang='grc' dir='ltr'><strong>Καὶ</strong></span> <span class='ocrx_word' id='word_1_799' title='bbox 2855 4403 3028 4458; x_wconf 79' lang='grc' dir='ltr'>ταῦτα</span> <span class='ocrx_word' id='word_1_800' title='bbox 3057 4402 3229 4470; x_wconf 82' lang='grc' dir='ltr'>λέγων</span> <span class='ocrx_word' id='word_1_801' title='bbox 3260 4402 3320 4453; x_wconf 82' lang='grc' dir='ltr'><strong>ού</strong></span> <span class='ocrx_word' id='word_1_802' title='bbox 3356 4401 3631 4471; x_wconf 78' lang='grc' dir='ltr'>συνίησιν,</span> 
     </span>
    </p>
   </div>
   <div class='ocr_carea' id='block_1_106' title="bbox 2039 4490 3632 4567">
    <p class='ocr_par' dir='ltr' id='par_1_106' title="bbox 2039 4490 3632 4567">
     <span class='ocr_line' id='line_1_106' title="bbox 2039 4490 3632 4567; baseline 0.001 -20"><span class='ocrx_word' id='word_1_803' title='bbox 2039 4495 2114 4559; x_wconf 86' lang='grc' dir='ltr'>ὼς</span> <span class='ocrx_word' id='word_1_804' title='bbox 2147 4496 2242 4548; x_wconf 77' lang='grc' dir='ltr'><strong>καὶ</strong></span> <span class='ocrx_word' id='word_1_805' title='bbox 2266 4493 2360 4549; x_wconf 82' lang='grc' dir='ltr'>τοῦ</span> <span class='ocrx_word' id='word_1_806' title='bbox 2421 4496 2638 4567; x_wconf 85' lang='grc' dir='ltr'>Ἰσραὴλ</span> <span class='ocrx_word' id='word_1_807' title='bbox 2672 4495 2879 4549; x_wconf 86' lang='grc' dir='ltr'>δώδεκα</span> <span class='ocrx_word' id='word_1_808' title='bbox 2905 4490 3048 4566; x_wconf 79' lang='grc' dir='ltr'>ἦσαν</span> <span class='ocrx_word' id='word_1_809' title='bbox 3083 4493 3270 4562; x_wconf 76' lang='grc' dir='ltr'>φυλαὶ,</span> <span class='ocrx_word' id='word_1_810' title='bbox 3297 4494 3390 4547; x_wconf 76' lang='grc' dir='ltr'><strong>καὶ</strong></span> <span class='ocrx_word' id='word_1_811' title='bbox 3415 4493 3632 4548; x_wconf 82' lang='grc' dir='ltr'>δώδεκα</span> 
     </span>
    </p>
   </div>
   <div class='ocr_carea' id='block_1_107' title="bbox 2037 4583 3632 4657">
    <p class='ocr_par' dir='ltr' id='par_1_107' title="bbox 2037 4583 3632 4657">
     <span class='ocr_line' id='line_1_107' title="bbox 2037 4583 3632 4657; baseline 0 -21"><span class='ocrx_word' id='word_1_812' title='bbox 2037 4585 2086 4636; x_wconf 79' lang='grc' dir='ltr'>οἱ</span> <span class='ocrx_word' id='word_1_813' title='bbox 2117 4583 2321 4638; x_wconf 87' lang='grc' dir='ltr'>τούτων</span> <span class='ocrx_word' id='word_1_814' title='bbox 2359 4587 2711 4657; x_wconf 87' lang='grc' dir='ltr'>πατριάρχαι,</span> <span class='ocrx_word' id='word_1_815' title='bbox 2750 4586 2848 4655; x_wconf 90' lang='grc' dir='ltr'><strong>μία</strong></span> <span class='ocrx_word' id='word_1_816' title='bbox 2884 4602 2943 4638; x_wconf 91' lang='grc' dir='ltr'><strong>τε</strong></span> <span class='ocrx_word' id='word_1_817' title='bbox 2987 4584 3165 4654; x_wconf 85' lang='grc' dir='ltr'>βίϐλος</span> <span class='ocrx_word' id='word_1_818' title='bbox 3211 4585 3245 4655; x_wconf 83' lang='grc' dir='ltr'>ὴ</span> <span class='ocrx_word' id='word_1_819' title='bbox 3284 4585 3394 4638; x_wconf 89' lang='grc' dir='ltr'><strong>τῶν</strong></span> <span class='ocrx_word' id='word_1_820' title='bbox 3420 4583 3632 4637; x_wconf 78' lang='grc' dir='ltr'>δώδεκα</span> 
     </span>
    </p>
   </div>
   <div class='ocr_carea' id='block_1_108' title="bbox 2039 4665 3631 4743">
    <p class='ocr_par' dir='ltr' id='par_1_108' title="bbox 2039 4665 3631 4743">
     <span class='ocr_line' id='line_1_108' title="bbox 2039 4665 3631 4743; baseline 0 -19"><span class='ocrx_word' id='word_1_821' title='bbox 2039 4673 2354 4743; x_wconf 85' lang='grc' dir='ltr'>προφητῶν·</span> <span class='ocrx_word' id='word_1_822' title='bbox 2383 4674 2521 4726; x_wconf 86' lang='grc' dir='ltr'><strong>ἀλλά</strong></span> <span class='ocrx_word' id='word_1_823' title='bbox 2559 4675 2654 4728; x_wconf 71' lang='grc' dir='ltr'><strong>καὶ</strong></span> <span class='ocrx_word' id='word_1_824' title='bbox 2688 4673 2894 4726; x_wconf 87' lang='grc' dir='ltr'>δώδεκα</span> <span class='ocrx_word' id='word_1_825' title='bbox 2941 4675 3036 4742; x_wconf 82' lang='grc' dir='ltr'>τῆς</span> <span class='ocrx_word' id='word_1_826' title='bbox 3065 4674 3280 4743; x_wconf 76' lang='grc' dir='ltr'>ἡμέρας</span> <span class='ocrx_word' id='word_1_827' title='bbox 3308 4665 3452 4743; x_wconf 83' lang='grc' dir='ltr'>ὧραι</span> <span class='ocrx_word' id='word_1_828' title='bbox 3471 4712 3487 4733; x_wconf 95' lang='grc'><strong>,</strong></span> <span class='ocrx_word' id='word_1_829' title='bbox 3534 4673 3631 4725; x_wconf 82' lang='grc' dir='ltr'>καὶ</span> 
     </span>
    </p>
   </div>
   <div class='ocr_carea' id='block_1_109' title="bbox 2045 4760 3632 4834">
    <p class='ocr_par' dir='ltr' id='par_1_109' title="bbox 2045 4760 3632 4834">
     <span class='ocr_line' id='line_1_109' title="bbox 2045 4760 3632 4834; baseline 0 -19"><span class='ocrx_word' id='word_1_830' title='bbox 2045 4765 2209 4834; x_wconf 85' lang='grc' dir='ltr'>μῆνες</span> <span class='ocrx_word' id='word_1_831' title='bbox 2234 4764 2328 4817; x_wconf 79' lang='grc' dir='ltr'><strong>τοῦ</strong></span> <span class='ocrx_word' id='word_1_832' title='bbox 2363 4766 2563 4828; x_wconf 73' lang='grc' dir='ltr'>παντὸς</span> <span class='ocrx_word' id='word_1_833' title='bbox 2603 4765 2755 4828; x_wconf 74' lang='grc' dir='ltr'>ἔτους</span> <span class='ocrx_word' id='word_1_834' title='bbox 2787 4763 3012 4818; x_wconf 87' lang='grc' dir='ltr'>δώδεκα.</span> <span class='ocrx_word' id='word_1_835' title='bbox 3049 4765 3114 4816; x_wconf 89' lang='grc' dir='ltr'>Τί</span> <span class='ocrx_word' id='word_1_836' title='bbox 3145 4760 3236 4816; x_wconf 78' lang='grc' dir='ltr'>οὖν</span> <span class='ocrx_word' id='word_1_837' title='bbox 3279 4763 3486 4833; x_wconf 81' lang='grc' dir='ltr'>μᾶλλον</span> <span class='ocrx_word' id='word_1_838' title='bbox 3519 4767 3632 4824; x_wconf 85' lang='grc' dir='ltr'>τοῖς</span> 
     </span>
    </p>
   </div>
   <div class='ocr_carea' id='block_1_110' title="bbox 2043 4853 3630 4927">
    <p class='ocr_par' dir='ltr' id='par_1_110' title="bbox 2043 4853 3630 4927">
     <span class='ocr_line' id='line_1_110' title="bbox 2043 4853 3630 4927; baseline -0.001 -21"><span class='ocrx_word' id='word_1_839' title='bbox 2043 4857 2360 4920; x_wconf 85' lang='grc' dir='ltr'>ἀποστόλοις</span> <span class='ocrx_word' id='word_1_840' title='bbox 2389 4857 2420 4927; x_wconf 85' lang='grc' dir='ltr'>ἣ</span> <span class='ocrx_word' id='word_1_841' title='bbox 2451 4857 2682 4920; x_wconf 83' lang='grc' dir='ltr'>ἐκείνοις</span> <span class='ocrx_word' id='word_1_842' title='bbox 2711 4857 2913 4910; x_wconf 80' lang='grc' dir='ltr'>ὅιπασιν</span> <span class='ocrx_word' id='word_1_843' title='bbox 2951 4858 2979 4908; x_wconf 86' lang='grc' dir='ltr'><strong>ό</strong></span> <span class='ocrx_word' id='word_1_844' title='bbox 3010 4855 3118 4908; x_wconf 86' lang='grc' dir='ltr'><strong>τῶν</strong></span> <span class='ocrx_word' id='word_1_845' title='bbox 3143 4853 3349 4907; x_wconf 83' lang='grc' dir='ltr'>δώδεκα</span> <span class='ocrx_word' id='word_1_846' title='bbox 3379 4854 3630 4924; x_wconf 81' lang='grc' dir='ltr'>διέφερεν</span> 
     </span>
    </p>
   </div>
   <div class='ocr_carea' id='block_1_111' title="bbox 2045 4943 3630 5016">
    <p class='ocr_par' dir='ltr' id='par_1_111' title="bbox 2045 4943 3630 5016">
     <span class='ocr_line' id='line_1_111' title="bbox 2045 4943 3630 5016; baseline 0 -21"><span class='ocrx_word' id='word_1_847' title='bbox 2045 4944 2313 5014; x_wconf 84' lang='grc' dir='ltr'>ἀριΟμὸς;</span> <span class='ocrx_word' id='word_1_848' title='bbox 2352 4947 2414 4998; x_wconf 78' lang='lat' dir='ltr'><strong>Ei</strong></span> <span class='ocrx_word' id='word_1_849' title='bbox 2450 4946 2513 5016; x_wconf 82' lang='grc' dir='ltr'>δὴ</span> <span class='ocrx_word' id='word_1_850' title='bbox 2551 4947 2644 4999; x_wconf 84' lang='grc' dir='ltr'>τοῦ</span> <span class='ocrx_word' id='word_1_851' title='bbox 2695 4945 2865 4998; x_wconf 79' lang='grc' dir='ltr'>ποσοῦ</span> <span class='ocrx_word' id='word_1_852' title='bbox 2914 4963 2996 5008; x_wconf 84' lang='grc' dir='ltr'><strong>τις</strong></span> <span class='ocrx_word' id='word_1_853' title='bbox 3039 4944 3271 5016; x_wconf 84' lang='grc' dir='ltr'>ἀριθμὸς</span> <span class='ocrx_word' id='word_1_854' title='bbox 3301 4943 3399 5014; x_wconf 81' lang='grc' dir='ltr'>τὴν</span> <span class='ocrx_word' id='word_1_855' title='bbox 3449 4944 3630 4997; x_wconf 76' lang='grc' dir='ltr'>αἰτίαν</span> 
     </span>
    </p>
   </div>
   <div class='ocr_carea' id='block_1_112' title="bbox 2043 5033 3628 5105">
    <p class='ocr_par' dir='ltr' id='par_1_112' title="bbox 2043 5033 3628 5105">
     <span class='ocr_line' id='line_1_112' title="bbox 2043 5033 3628 5105; baseline 0.003 -22"><span class='ocrx_word' id='word_1_856' title='bbox 2043 5033 2192 5102; x_wconf 84' lang='grc' dir='ltr'>αύτῴ</span> <span class='ocrx_word' id='word_1_857' title='bbox 2236 5035 2336 5104; x_wconf 83' lang='grc' dir='ltr'>τῆς</span> <span class='ocrx_word' id='word_1_858' title='bbox 2373 5037 2580 5088; x_wconf 66' lang='grc' dir='ltr'><strong>τοιιιισδ)⁵</strong></span> <span class='ocrx_word' id='word_1_859' title='bbox 2630 5035 2725 5088; x_wconf 77' lang='grc' dir='ltr'>τοῦ</span> <span class='ocrx_word' id='word_1_860' title='bbox 2778 5035 2936 5104; x_wconf 86' lang='grc' dir='ltr'>λόγου</span> <span class='ocrx_word' id='word_1_861' title='bbox 2991 5039 3252 5105; x_wconf 85' lang='grc' dir='ltr'>παρεῖχεν</span> <span class='ocrx_word' id='word_1_862' title='bbox 3303 5034 3628 5105; x_wconf 78' lang='grc' dir='ltr'>ἑρμηνείας,</span> 
     </span>
    </p>
   </div>
   <div class='ocr_carea' id='block_1_113' title="bbox 2042 5121 3630 5194">
    <p class='ocr_par' dir='ltr' id='par_1_113' title="bbox 2042 5121 3630 5194">
     <span class='ocr_line' id='line_1_113' title="bbox 2042 5121 3630 5194; baseline 0.002 -23"><span class='ocrx_word' id='word_1_863' title='bbox 2042 5121 2180 5190; x_wconf 78' lang='grc' dir='ltr'>χρῆν</span> <span class='ocrx_word' id='word_1_864' title='bbox 2221 5121 2276 5174; x_wconf 85' lang='grc' dir='ltr'><strong>δὲ</strong></span> <span class='ocrx_word' id='word_1_865' title='bbox 2313 5124 2543 5176; x_wconf 85' lang='grc' dir='ltr'>συνιδεῖν</span> <span class='ocrx_word' id='word_1_866' title='bbox 2575 5125 2652 5188; x_wconf 84' lang='grc' dir='ltr'>ὡς</span> <span class='ocrx_word' id='word_1_867' title='bbox 2682 5126 2776 5178; x_wconf 77' lang='grc' dir='ltr'>καὶ</span> <span class='ocrx_word' id='word_1_868' title='bbox 2797 5127 2846 5177; x_wconf 86' lang='grc' dir='ltr'>οἱ</span> <span class='ocrx_word' id='word_1_869' title='bbox 2869 5124 2964 5178; x_wconf 84' lang='grc' dir='ltr'>τοῦ</span> <span class='ocrx_word' id='word_1_870' title='bbox 2997 5123 3131 5177; x_wconf 81' lang='grc' dir='ltr'>Θεοῦ</span> <span class='ocrx_word' id='word_1_871' title='bbox 3163 5123 3464 5194; x_wconf 81' lang='grc' dir='ltr'>προφῆται,</span> <span class='ocrx_word' id='word_1_872' title='bbox 3498 5123 3630 5176; x_wconf 73' lang='grc' dir='ltr'>καθὸ</span> 
     </span>
    </p>
   </div>
   <div class='ocr_carea' id='block_1_114' title="bbox 2041 5209 3630 5286">
    <p class='ocr_par' dir='ltr' id='par_1_114' title="bbox 2041 5209 3630 5286">
     <span class='ocr_line' id='line_1_114' title="bbox 2041 5209 3630 5286; baseline 0.001 -22"><span class='ocrx_word' id='word_1_873' title='bbox 2041 5213 2135 5264; x_wconf 72' lang='grc' dir='ltr'>τοῦ</span> <span class='ocrx_word' id='word_1_874' title='bbox 2175 5215 2340 5267; x_wconf 76' lang='grc' dir='ltr'>αὐτοῦ</span> <span class='ocrx_word' id='word_1_875' title='bbox 2375 5216 2634 5286; x_wconf 77' lang='grc' dir='ltr'>μετέσχον</span> <span class='ocrx_word' id='word_1_876' title='bbox 2679 5215 2993 5286; x_wconf 82' lang='grc' dir='ltr'>Πνεύματος</span> <span class='ocrx_word' id='word_1_877' title='bbox 3023 5214 3199 5284; x_wconf 87' lang='grc' dir='ltr'>ἀγίου,</span> <span class='ocrx_word' id='word_1_878' title='bbox 3225 5214 3326 5267; x_wconf 73' lang='grc' dir='ltr'>οὐκ</span> <span class='ocrx_word' id='word_1_879' title='bbox 3354 5209 3499 5284; x_wconf 84' lang='grc' dir='ltr'>ἦσαν</span> <span class='ocrx_word' id='word_1_880' title='bbox 3542 5215 3630 5266; x_wconf 81' lang='grc' dir='ltr'>ἀλ-</span> 
     </span>
    </p>
   </div>
   <div class='ocr_carea' id='block_1_115' title="bbox 1263 5387 1934 5516">
    <p class='ocr_par' dir='ltr' id='par_1_115' title="bbox 1263 5389 1934 5516">
     <span class='ocr_line' id='line_1_115' title="bbox 1263 5389 1934 5458; baseline -0.01 -9"><span class='ocrx_word' id='word_1_881' title='bbox 1263 5397 1306 5427; x_wconf 76' lang='grc'><strong>³¹</strong></span> <span class='ocrx_word' id='word_1_882' title='bbox 1331 5393 1487 5448; x_wconf 78' lang='lat' dir='ltr'><strong>Rom.</strong></span> <span class='ocrx_word' id='word_1_883' title='bbox 1511 5410 1565 5458; x_wconf 75' lang='grc' dir='ltr'>χ,</span> <span class='ocrx_word' id='word_1_884' title='bbox 1595 5392 1646 5454; x_wconf 86' lang='grc'><strong>6,</strong></span> <span class='ocrx_word' id='word_1_885' title='bbox 1675 5391 1728 5442; x_wconf 87' lang='lat'><strong>7.</strong></span> <span class='ocrx_word' id='word_1_886' title='bbox 1807 5391 1849 5422; x_wconf 83' lang='grc'><strong>³²</strong></span> <span class='ocrx_word' id='word_1_887' title='bbox 1889 5389 1934 5444; x_wconf 79' lang='lat' dir='ltr'><strong>Jt</strong></span> 
     </span>
     <span class='ocr_line' id='line_1_116' title="bbox 1267 5460 1934 5516; baseline 0 0"><span class='ocrx_word' id='word_1_888' title='bbox 1267 5482 1302 5516; x_wconf 85' lang='grc' dir='ltr'>ι.</span> <span class='ocrx_word' id='word_1_889' title='bbox 1337 5466 1420 5516; x_wconf 88' lang='lat' dir='ltr'><strong>l7.</strong></span> <span class='ocrx_word' id='word_1_890' title='bbox 1461 5465 1548 5516; x_wconf 79' lang='lat' dir='ltr'><strong>l8.</strong></span> <span class='ocrx_word' id='word_1_891' title='bbox 1653 5463 1694 5492; x_wconf 86' lang='grc'><strong>³⁷</strong></span> <span class='ocrx_word' id='word_1_892' title='bbox 1732 5460 1878 5516; x_wconf 84' lang='lat' dir='ltr'><strong>Psal.</strong></span> <span class='ocrx_word' id='word_1_893' title='bbox 1907 5478 1934 5516; x_wconf 87' lang='lat' dir='ltr'><strong>c</strong></span> 
     </span>
    </p>
   </div>
   <div class='ocr_carea' id='block_1_116' title="bbox 2042 5387 3621 5516">
    <p class='ocr_par' dir='ltr' id='par_1_116' title="bbox 2055 5387 3621 5516">
     <span class='ocr_line' id='line_1_117' title="bbox 2056 5387 3621 5455; baseline -0.001 -12"><span class='ocrx_word' id='word_1_894' title='bbox 2056 5405 2284 5452; x_wconf 66' lang='lat' dir='ltr'><strong>“um,</strong></span> <span class='ocrx_word' id='word_1_895' title='bbox 2316 5391 2403 5454; x_wconf 79' lang='grc'>10,</span> <span class='ocrx_word' id='word_1_896' title='bbox 2444 5393 2526 5444; x_wconf 89' lang='lat' dir='ltr'><strong>l7.</strong></span> <span class='ocrx_word' id='word_1_897' title='bbox 2607 5393 2652 5424; x_wconf 81' lang='grc'><strong>³³</strong></span> <span class='ocrx_word' id='word_1_898' title='bbox 2686 5391 3157 5455; x_wconf 66' lang='lat' dir='ltr'><strong>Psa|.c.ttt.vut,‘7.</strong></span> <span class='ocrx_word' id='word_1_899' title='bbox 3238 5389 3282 5420; x_wconf 69' lang='grc'><strong>³⁵</strong></span> <span class='ocrx_word' id='word_1_900' title='bbox 3325 5387 3470 5443; x_wconf 69' lang='lat' dir='ltr'><strong>Gen.</strong></span> <span class='ocrx_word' id='word_1_901' title='bbox 3503 5406 3541 5450; x_wconf 91' lang='grc' dir='ltr'><strong>ι,</strong></span> <span class='ocrx_word' id='word_1_902' title='bbox 3571 5391 3621 5441; x_wconf 78' lang='lat'><strong>‘2.</strong></span> 
     </span>
     <span class='ocr_line' id='line_1_118' title="bbox 2055 5459 3616 5516; baseline -0.004 -2"><span class='ocrx_word' id='word_1_903' title='bbox 2055 5461 2110 5514; x_wconf 87' lang='grc'><strong>6.</strong></span> <span class='ocrx_word' id='word_1_904' title='bbox 2209 5462 2258 5492; x_wconf 80' lang='grc'><strong>³⁸</strong></span> <span class='ocrx_word' id='word_1_905' title='bbox 2295 5462 2452 5515; x_wconf 86' lang='lat' dir='ltr'><strong>Prov.</strong></span> <span class='ocrx_word' id='word_1_906' title='bbox 2494 5477 2610 5516; x_wconf 87' lang='lat' dir='ltr'><strong>vm.</strong></span> <span class='ocrx_word' id='word_1_907' title='bbox 2650 5465 2740 5516; x_wconf 64' lang='grc' dir='ltr'>ει.</span> <span class='ocrx_word' id='word_1_908' title='bbox 2819 5464 2864 5494; x_wconf 78' lang='grc'>³³</span> <span class='ocrx_word' id='word_1_909' title='bbox 2907 5462 3042 5516; x_wconf 88' lang='lat' dir='ltr'><strong>ibid.</strong></span> <span class='ocrx_word' id='word_1_910' title='bbox 3121 5460 3166 5489; x_wconf 74' lang='grc' dir='ltr'><strong>⁸ο</strong></span> <span class='ocrx_word' id='word_1_911' title='bbox 3195 5459 3368 5513; x_wconf 83' lang='lat' dir='ltr'><strong>Exod.</strong></span> <span class='ocrx_word' id='word_1_912' title='bbox 3406 5475 3502 5516; x_wconf 73' lang='lat' dir='ltr'><strong>xv.</strong></span> <span class='ocrx_word' id='word_1_913' title='bbox 3535 5462 3616 5512; x_wconf 70' lang='grc'><strong>27.</strong></span> 
     </span>
    </p>
   </div>
   <div class='ocr_carea' id='block_1_117' title="bbox 2209 5459 3616 5532">
    <p class='ocr_par' dir='ltr' id='par_1_117' title="bbox 2209 5459 3616 5532">
     <span class='ocr_line' id='line_1_119' title="bbox 2209 5459 3616 5532; baseline -0.004 -19"><span class='ocrx_word' id='word_1_914' title='bbox 2209 5462 2258 5492; x_wconf 80' lang='grc'><strong>³⁸</strong></span> <span class='ocrx_word' id='word_1_915' title='bbox 2295 5462 2452 5515; x_wconf 86' lang='lat' dir='ltr'><strong>Prov.</strong></span> <span class='ocrx_word' id='word_1_916' title='bbox 2494 5477 2610 5528; x_wconf 86' lang='lat' dir='ltr'><strong>vm,</strong></span> <span class='ocrx_word' id='word_1_917' title='bbox 2650 5465 2740 5517; x_wconf 64' lang='grc' dir='ltr'>ει.</span> <span class='ocrx_word' id='word_1_918' title='bbox 2819 5464 2864 5494; x_wconf 77' lang='grc'>³³</span> <span class='ocrx_word' id='word_1_919' title='bbox 2907 5462 3042 5517; x_wconf 89' lang='lat' dir='ltr'><strong>ibid.</strong></span> <span class='ocrx_word' id='word_1_920' title='bbox 3121 5460 3166 5489; x_wconf 74' lang='grc' dir='ltr'><strong>⁸ο</strong></span> <span class='ocrx_word' id='word_1_921' title='bbox 3195 5459 3368 5513; x_wconf 83' lang='lat' dir='ltr'><strong>Exod.</strong></span> <span class='ocrx_word' id='word_1_922' title='bbox 3406 5475 3509 5532; x_wconf 66' lang='lat' dir='ltr'><strong>xv,</strong></span> <span class='ocrx_word' id='word_1_923' title='bbox 3535 5462 3616 5512; x_wconf 70' lang='grc'><strong>27.</strong></span> 
     </span>
    </p>
   </div>
   <div class='ocr_carea' id='block_1_118' title="bbox 2109 5647 2588 5716">
    <p class='ocr_par' dir='ltr' id='par_1_118' title="bbox 2109 5647 2588 5716">
     <span class='ocr_line' id='line_1_120' title="bbox 2109 5647 2588 5716; baseline -0.006 -15"><span class='ocrx_word' id='word_1_924' title='bbox 2109 5647 2220 5715; x_wconf 71' lang='grc' dir='ltr'><strong>(8τῖ)</strong></span> <span class='ocrx_word' id='word_1_925' title='bbox 2263 5647 2432 5716; x_wconf 81' lang='lat' dir='ltr'><strong>Vulgo</strong></span> <span class='ocrx_word' id='word_1_926' title='bbox 2452 5647 2588 5699; x_wconf 90' lang='grc' dir='ltr'>νυνί.</span> 
     </span>
    </p>
   </div>
   <div class='ocr_carea' id='block_1_119' title="bbox 2111 5718 2554 5787">
    <p class='ocr_par' dir='ltr' id='par_1_119' title="bbox 2111 5718 2554 5787">
     <span class='ocr_line' id='line_1_121' title="bbox 2111 5718 2554 5787; baseline -0.005 -16"><span class='ocrx_word' id='word_1_927' title='bbox 2111 5718 2222 5780; x_wconf 77' lang='grc' dir='ltr'><strong>(8Ἱ)</strong></span> <span class='ocrx_word' id='word_1_928' title='bbox 2251 5718 2417 5787; x_wconf 73' lang='lat' dir='ltr'><strong>Vulgo</strong></span> <span class='ocrx_word' id='word_1_929' title='bbox 2439 5718 2554 5786; x_wconf 78' lang='grc' dir='ltr'>ἀφ’.</span> 
     </span>
    </p>
   </div>
  </div>
