3828 6222
114 342 226 399 989

1043 342 1132 404 DE
1170 344 1713 405 ECCLESIASTICA
1754 346 2148 407 'IHEOLOGIA
2189 349 2318 408 LIB.
2361 347 2448 409 111.

3301 364 3405 427 990

111 460 316 533 λότριοι
347 459 458 514 τῶν
487 461 697 532 πηγῶν.
724 463 815 518 Διὸ
839 464 1089 521 λέλεκται
1113 468 1243 539 περὶ
1273 469 1454 522 αὐτῶν
1471 471 1529 522 ἐν
1558 468 1713 523 Ψαλ-
1737 525 1738 531 η

1846 479 2051 526 nerant.
2105 471 2374 539 Quocirca
2426 473 2494 528 de
2547 471 2655 528 illis
2699 474 2754 528 in
2789 471 3021 531 Psalmis
3058 474 3258 533 dieitur
3291 498 3304 534 :
3338 479 3406 536 In

114 555 261 622 μοῖς,
279 553 376 605 Ἐν
409 554 792 623 Ἐκκλησίαις
825 560 1128 628 εὐλογεῖτε
1151 563 1259 615 τὸν
1302 561 1452 616 Θεὸν
1493 562 1714 630 Κύριον

1846 559 2067 615 ῖοειεεὶἱε
2102 561 2318 616 laudate
2362 561 2527 616 Deum
2566 561 2854 618 Dominum
2879 566 2943 620 de
2968 566 3202 636 fontibus
3229 567 3408 624 Israe-

109 643 181 697 ἐκ
213 643 423 713 πηγῶν
466 645 734 714 Ἰσραήλ.
770 649 932 702 Ὥστε
961 651 1055 704 καὶ
1081 652 1187 724 πρὸ
1209 653 1434 706 ἐκείνων
1463 652 1571 706 τῶν
1599 670 1711 723 πη·-
1735 697 1738 700 .

112 739 228 804 γῶν
247 778 263 801 ,
299 740 594 807 ἀναγκαῖον
632 741 914 810 ὁμολογεῖν
959 743 1051 796 τὸν
1103 743 1229 797 Υἰὸν
1275 739 1414 798 εἶναι
1460 743 1571 814 ι88)
1615 743 1712 797 τοῦ

116 831 254 885 Θεοῦ
293 831 385 884 τὸν
431 831 678 900 λέγοντα,
721 835 842 902 Πρὸ
877 837 997 905 τοῦ,
1023 837 1342 905 προελθεῖν
1377 836 1488 901 τὰς
1518 836 1714 905 πηγὰς

115 922 236 977 τῶν
263 923 517 978 ὑδάτων.
535 926 592 978 '0
612 925 668 980 δὲ
692 927 996 980 ἐπάκουσον
1026 929 1175 989 ὅπως
1195 928 1488 1000 ἐρμηνεύει
1515 928 1709 997 λέγων⁶

123 1034 141 1064 ι
185 1016 421 1079 Εἰκότως
448 1011 540 1069 οὖν
569 1017 696 1088 περὶ
726 1019 824 1088 τῆς
853 1019 994 1072 κατὰ
1031 1017 1210 1090 σάρκα
1240 1020 1349 1091 (89)
1383 1020 1652 1088 γενέσεως
1684 1021 1713 1073 ό

122 1129 140 1160 ι
181 1109 490 1180 Δεσπότης,
541 1109 628 1162 διὰ
671 1110 764 1162 τοῦ
819 1113 1101 1182 προφήτου
1149 1111 1462 1182 Σολομῶνος
1514 1112 1711 1181 λέγων,

123 1220 142 1250 ι
182 1201 304 1270 Πρό
329 1201 436 1254 τοῦ
467 1201 782 1269 προελθεῖν
823 1203 930 1269 τὰς
962 1204 1160 1274 πηγὰς
1209 1203 1328 1258 τῶν
1374 1204 1611 1260 ὑδάτων
1631 1244 1646 1267 ,
1688 1223 1708 1256 ι

117 1293 241 1362 ἔφη.
295 1294 406 1347 Καὶ
452 1295 745 1365 ἐπιφέρει’
815 1313 834 1346 ι
875 1294 1033 1348 Οὑτω
1088 1295 1199 1368 γὰρ
1253 1297 1282 1350 ὁ
1339 1296 1530 1367 Σωτὴρ
1577 1296 1714 1366 πρὸς

121 1405 140 1436 ‹
176 1386 277 1448 τὰς
310 1385 460 1457 ἱερὰς
483 1385 666 1456 πηγὰς
700 1385 828 1456 ἔφη,
861 1387 1266 1456 Πορευθέντες
1295 1389 1715 1458 μαθητεύσατε

122 1497 140 1528 ‹
178 1478 376 1531 πάντα
402 1477 474 1531 τὰ
505 1479 672 1546 ἔθνη.
718 1499 737 1530 ι
768 1475 906 1543 Εἴθ’,
937 1479 1127 1551 ὥσπερ
1149 1479 1473 1548 συναγαγὼν
1506 1479 1596 1532 τὸν
1629 1479 1716 1531 λό-

113 1589 231 1638 γον,
265 1571 327 1624 τὸ
356 1572 729 1644 συμπέρασμα
761 1572 958 1642 ἐπάγει
989 1576 1056 1645 τῇ
1093 1573 1288 1626 ἑαυτοῦ
1314 1574 1597 1645 διηγήσει,
1627 1572 1714 1626 λέ-

116 1682 250 1733 γων·
293 1684 308 1715 ι
331 1664 674 1736 Πανταχόθεν
691 1665 848 1738 δῆλόν
868 1667 1006 1731 ἐστι,
1028 1667 1156 1730 τοὺς
1189 1668 1367 1738 ἱεροὺς
1380 1667 1711 1730 ἀποστόλους

1814 649 1960 708 lis“.
1999 651 2068 707 Ut
2099 667 2320 708 necesse
2347 655 2417 709 sit
2445 668 2544 708 nos
2586 653 2832 710 conliteri
2863 654 3059 710 Filium
3103 656 3199 712 Dei
3235 660 3406 713 exsti-

1815 746 1945 799 tisse
1989 754 2118 798 ante
2165 744 2343 801 fontes
2393 747 2534 814 illos,
2569 761 2692 802 eum
2746 749 2836 818 qui
2863 749 3032 816 dixit,
3082 749 3407 822 Priusquam

1813 840 2086 908 prodirent
2102 841 2272 910 {antes
2302 858 2583 910 aquarum.
2627 842 2674 898 ls
2704 846 2976 914 quomodo
3003 847 3104 902 boc
3138 847 3407 917 interpre-

1818 941 1959 986 tetur
2024 933 2148 986 audi
2195 950 2208 986 :
2263 950 2283 983 ι
2331 931 2593 999 Quocirca
2658 949 2758 988 nec
2822 935 3096 991 immerito
3145 937 3406 995 Dominus

1819 1042 1838 1077 ι
1869 1039 1964 1095 per
1987 1027 2307 1094 prophetam
2347 1025 2692 1080 Salomonem
2726 1027 2889 1091 dixit,
2931 1025 3253 1098 Priusquam
3292 1047 3404 1084 sca-

1820 1135 1840 1168 e
1875 1117 2098 1169 turirent
2129 1115 2298 1185 fontes
2325 1131 2608 1186 aquarum,
2638 1117 2704 1170 de
2735 1131 2830 1171 sua
2857 1120 3151 1172 secundum
3184 1135 3404 1175 carnem

1818 1225 1838 1259 ι
1869 1207 2240 1278 generatione.
2270 1227 2290 1261 ι
2344 1207 2509 1262 Addit
2561 1226 2574 1262 :
2634 1227 2654 1261 ι
2705 1207 2780 1264 lla
2835 1210 2981 1264 enim
3023 1209 3309 1278 Servatur,
3339 1215 3406 1269 ad

1819 1314 1838 1347 ι
1872 1305 2095 1351 sanctos
2146 1296 2327 1353 fontes
2371 1299 2530 1362 dixit,
2578 1299 2782 1354 Euntes
2836 1301 3016 1356 docete
3058 1317 3234 1357 omnes
3281 1320 3407 1374 gen-

1819 1407 1838 1440 ‹
1869 1398 1945 1443 tes
1966 1388 2032 1444 ι’.
2059 1408 2078 1442 ι
2097 1387 2402 1456 Postremo,
2423 1391 2586 1446 veluti
2610 1392 2915 1449 recollectis
2941 1395 3215 1460 omnibus,
3237 1397 3410 1452 intro-

1814 1478 1960 1535 ducit
1988 1481 2394 1537 conclusionem
2413 1481 2792 1552 disputationis
2819 1499 2928 1539 sua:
2957 1504 2968 1538 :
3001 1490 3059 1548 ᾖ
3092 1504 3112 1538 ι
3135 1486 3209 1540 lta
3227 1487 3408 1542 omni-

1817 1589 1836 1623 ι
1868 1573 2027 1627 modo
2065 1575 2416 1643 perspicuum
2445 1584 2549 1640 est,
2585 1583 2805 1631 sanctos
2855 1577 3128 1646 apostolos
3175 1578 3408 1649 ﬁgurate

1817 1664 2040 1721 «fontes
2090 1667 2384 1738 appellatos
2437 1682 2469 1723 a
2529 1669 2815 1738 propheta.
2870 1689 2889 1721 ι
2950 1672 3243 1739 Apostolus
3293 1673 3410 1726 vult

115 1757 210 1810 καὶ
241 1756 422 1828 πηγὰς
461 1758 736 1828 τροπικῶς
764 1758 1082 1829 ὠνομάσθαι
1109 1759 1216 1812 ὑπὸ
1231 1759 1326 1812 τοῦ
1356 1759 1657 1830 προφήτου·
1687 1777 1704 1808 ι

1846 1767 1989 1813 antes
2031 1759 2337 1825 nominari,
2389 1768 2445 1814 at
2479 1761 2702 1816 minime
2753 1763 2803 1817 ei
2850 1761 3063 1830 placent
3100 1765 3402 1834 prophetae.

123 1871 139 1900 ι
169 1851 413 1913 καὶτοὺς
449 1851 546 1920 μὲν
575 1851 908 1915 ἀποστόλους
929 1850 1028 1915 τὰς
1055 1851 1239 1922 πηγὰς
1269 1847 1409 1905 εἶναι
1441 1849 1708 1921 βούλεται,

1846 1848 1922 1902 {ur
1946 1849 2054 1903 ita?
2082 1851 2336 1904 nimirum
2373 1850 2515 1920 quod
2545 1859 2670 1926 ante
2700 1851 2818 1907 illos
2845 1868 3070 1909 carnem
3100 1856 3411 1911 Servatoris

113 1943 217 1994 οὐκ
244 1943 538 2012 ἀρέσκουσι
567 1943 625 1996 δὲ
656 1942 803 2014 αὑτῷ
829 1943 880 1995 οἱ
904 1942 1204 2013 προφῆται.
1235 1942 1335 1995 Διὰ
1360 1943 1438 2006 τίς
1484 1941 1598 1995 ἀλλ’
1630 1941 1711 1994 ὅτι

117 2033 194 2104 μὴ
228 2031 450 2085 ἐδύνατο
479 2033 578 2104 τὴν
619 2033 797 2104 σάρκα
826 2032 919 2087 τοῦ
956 2033 1209 2103 Σωτῆρος
1241 2033 1346 2103 πρὸ
1373 2033 1600 2085 ἐκείνων
1630 2030 1710 2082 δι-

109 2125 286 2179 δόναι.
309 2125 502 2179 Καίτοι
543 2127 638 2178 καὶ
671 2125 778 2196 πρὸ
805 2125 914 2179 τῶν
941 2123 1084 2178 κατὰ
1108 2124 1270 2194 φύσιν
1300 2123 1574 2194 αἰσθητῶν
1610 2141 1716 2194 πη-

111 2216 253 2286 γῶν,
288 2211 364 2270 ὧν
384 2217 476 2270 καὶ⁵
499 2217 704 2286 Μωσῆς
734 2217 1141 2288 ἐμνημόνευσεν
1169 2219 1226 2269 ἐν
1247 2219 1314 2287 τῇ
1357 2214 1712 2287 κοσμοποιία,

112 2308 312 2371 εἰπὼν,
341 2308 508 2378 Πηγὴ
535 2308 604 2361 δὲ
630 2308 946 2363 ἀνέϐαινεν
966 2310 1035 2362 ἐκ
1059 2308 1169 2376 τῆς
1192 2307 1324 2378 τῆς,
1357 2308 1453 2361 καὶ
1487 2306 1717 2366 manca

111 2400 246 2457 πᾶν
274 2400 344 2455 τὸ
375 2403 700 2469 πρόσωπον
727 2399 838 2469 τῆς
863 2400 996 2471 τῆς·
1029 2401 1124 2454 καὶ
1150 2396 1326 2465 αὖθις,
1355 2397 1628 2467 Ποταμός
1650 2396 1718 2450 δὲ

110 2495 505 2562 ἐκπορεύεται
539 2493 608 2558 ἐξ
654 2492 849 2562 Ἐδὲμ,
875 2490 1134 2554 ποτίζειν
1178 2491 1284 2545 τὸν
1327 2489 1715 2559 παράδεισον,

118 2588 481 2660 προϋπῆρχεν
502 2589 531 2640 ὁ
557 2586 653 2640 τοῦ
687 2586 823 2640 Θεοῦ
865 2587 1014 2651 Υἱὸς,
1045 2588 1074 2638 ὁ
1101 2585 1274 2638 ταῦτα
1304 2587 1359 2637 ἐν
1388 2581 1718 2655 Παροιμίαις

119 2680 254 2752 περὶ
289 2678 480 2732 ἑαυτοῦ
517 2678 804 2732 διδάσκων.
852 2679 910 2730 '0
943 2677 1001 2730 δὲ
1045 2675 1124 2748 τῷ
1170 2675 1291 2730 Ἰὼϐ
1342 2673 1716 2748 χρηματίζων,

119 2772 221 2824 καὶ
249 2769 442 2842 πηγῶν
488 2769 763 2839 θαλάσσης
805 2767 1140 2839 μνημονεύει
1162 2766 1334 2836 λέγων
1355 2783 1369 2797 ·
1397 2762 1624 2830 Ἦλθες
1653 2763 1722 2817 δὲ

119 2864 222 2917 ἐπὶ
238 2861 445 2933 πηγὴν
455 2861 564 2930 τῆς
576 2860 914 2928 θαλάσσης-ο
929 2859 999 2913 ἐν
1013 2858 1064 2912 δ’
1083 2859 1321 2927 ἴχνεσιν
1335 2857 1610 2911 ἀϐύσσου
1626 2870 1722 2908 πε-

111 2955 518 3027 ριεπάτησας.
535 2955 590 3007 Ἐ
598 2955 687 3006 πεὶ
699 2954 756 3007 δὲ
775 2955 867 3007 καὶ
882 2953 1136 3023 ὑπεράνω
1147 2951 1253 3003 τῶν
1269 2948 1534 3022 οὐρανῶν,
1553 2945 1724 3000 ὕδατά

123 3066 250 3102 τινα
303 3043 440 3102 εἶναι
485 3048 519 3119 ή
559 3047 751 3118 Γραφὴ
798 3043 1073 3107 διδάσκει,
1109 3045 1142 3114 ή
1194 3043 1456 3109 λέγουσα,
1499 3038 1725 3094 Αἰνεῖτε

123 3141 339 3204 αὐτόν,
359 3139 602 3209 οἰφανοὶ
614 3136 734 3191 τῶν
748 3134 1040 3204 οὐρανῶν,
1057 3134 1153 3190 καί
1173 3135 1245 3187 τὰ
1261 3133 1448 3186 ὕδατα
1463 3132 1534 3185 τὰ
1545 3133 1726 3198 ὑπερ-

126 3232 256 3287 άνω
271 3230 390 3286 τῶν
403 3205 695 3300 οὐρανῶν,
713 3227 1006 3282 ἀκόλουθόν
1024 3226 1136 3298 (90)
1183 3227 1300 3278 ἐστι
1323 3225 1593 3278 κάκείνων
1615 3221 1726 3274 τῶν
1755 3205 1796 3262 C

128 3325 374 3389 ὑδάτων,
405 3326 564 3378 ὁποῖα
599 3322 666 3376 ἂν
708 3321 930 3394 ὑπάρχῃ
963 3317 1146 3390 φύσιν,
1176 3317 1368 3386 νοῆσαι
1405 3315 1559 3378 τίνας
1589 3311 1728 3369 εἶναι

129 3416 320 3488 πηγὰς
351 3454 366 3479 ,
421 3417 569 3479 ὅπως
616 3414 886 3468 κάκείνων
938 3409 1312 3484 πρεσϐύτερος
1363 3407 1658 3478 ἀποδειχθῇ
1705 3410 1733 3462 ὁ

131 3507 375 3580 είρηκὼς
416 3508 606 3562 ἐαυτὸν
633 3507 1014 3580 προϋπάρχειν
1048 3504 1155 3576 πρὸ
1184 3502 1278 3556 τοῦ
1318 3500 1603 3572 προελθεῖν
1633 3498 1733 3562 τὰς

131 3600 324 3672 πηγὰς
356 3599 464 3654 τῶν
497 3598 724 3652 ὑδάτων.
769 3597 827 3650 '0
859 3597 918 3651 δέ
952 3596 1142 3668 μηδενὶ
1191 3595 1396 3647 τούτων
1436 3594 1735 3673 ἐπιστήσας

132 3694 229 3748 τὸν
264 3693 410 3766 νοῦν,
457 3691 592 3764 μηδέ
619 3691 804 3744 πονεῖν
838 3688 1059 3752 ἐθέλων,
1101 3690 1215 3751 τοῖς
1249 3687 1431 3749 αὐτοῖς
1462 3686 1732 3755 ἐπιμένει.

155 3786 314 3841 Ἐπεὶ
345 3785 440 3839 καὶ
471 3782 645 3838 ταῦτα
683 3782 942 3852 φάσκων,
985 3781 1107 3849 Πρὸ
1150 3779 1257 3833 τοῦ
1309 3777 1416 3845 ὄρη
1449 3773 1738 3844 ἑδρασθῆ-

142 3896 268 3943 rat,
299 3879 482 3948 φησὶν,
514 3871 627 3947 πρὸ
652 3875 720 3930 δὲ
736 3873 978 3928 πάντων
993 3870 1240 3938 ﬂow-(Tw
1254 3866 1440 3939 γεννᾷ
1460 3883 1554 3936 με.
1594 3868 1734 3936 Ὀρη

140 3971 237 4025 καὶ
268 3969 511 4041 βουνοὺς,
539 3954 665 4031 τοὺς
697 3966 1048 4028 ἀποστόλους,
1078 3963 1177 4017 καὶ
1208 3962 1336 4024 τοὺς
1369 3959 1478 4013 τῶν
1507 3957 1737 4012 ἀποστό-

139 4065 252 4118 λων
281 4061 558 4133 διαδόχους
588 4060 758 4128 λέγει,
801 4058 889 4111 ἵνα
931 4054 1084 4127 παρὰ
1127 4054 1256 4117 τοὺς
1296 4052 1487 4112 ἄλλους
1525 4046 1735 4120 ἀνθρὼ-

143 4169 307 4216 πους,
341 4149 640 4222 τηνικαῦτα
677 4149 805 4211 τοὺς
833 4145 1046 4200 δικαίαν
1079 4141 1353 4196 πολιτείαν
1383 4139 1498 4209 (91)
1542 4154 1735 4208 παροι-
1799 4160 1801 4164 ·

149 4243 368 4307 αιωδῶς
405 4243 664 4315 σημαίνῃ.
701 4239 910 4294 Οὐκοῦν
953 4239 1001 4290 οἱ
1041 4234 1328 4305 αὺτοὶ(9⁶2)
1373 4229 1512 4304 ἦσαν
1547 4231 1642 4283 καὶ
1681 4231 1737 4282 αἱ

146 4338 349 4408 πηγαὶ,
381 4335 472 4406 (οἱ)
499 4335 652 4388 αὑτοὶ
685 4331 781 4386 καὶ
819 4329 889 4383 τὰ
914 4329 1036 4401 ὅρη,
1064 4329 1113 4382 οἱ
1151 4326 1304 4381 αὑτοὶ
1333 4326 1426 4379 καὶ
1458 4325 1507 4378 οἱ
1539 4320 1734 4394 βουνοί·

147 4412 268 4484 αλλ’
302 4427 492 4498 ὥσπερ
535 4427 635 4478 οὐκ
683 4424 796 4494 ἔχει
840 4422 1024 4492 φύσιν,
1069 4419 1163 4472 ἐπὶ
1201 4417 1310 4471 τῶν
1351 4414 1740 4488 θεωρουμένων

1818 1938 2082 1993 exhibere
2115 1939 2392 2006 nequibat.
2419 1939 2484 1994 Et
2518 1949 2700 1996 tamen
2744 1942 2834 1997 Dei
2860 1943 3032 1998 Filius
3062 1944 3156 2013 qui
3191 1945 3308 1998 haec
3355 1947 3410 1998 in

1821 2026 2128 2086 Proverbiis
2150 2030 2216 2085 de
2239 2032 2419 2100 seipso
2449 2034 2749 2103 usurpavit,
2779 2044 2900 2089 erat
2927 2044 3054 2090 ante
3086 2036 3205 2090 illos
3235 2035 3414 2090 fontes

1821 2120 2122 2186 naturales,
2152 2136 2383 2190 quorum
2416 2125 2661 2178 meminit
2701 2125 2754 2178 in
2785 2127 3115 2195 cosmoptnia
3160 2142 3256 2181 sua
3303 2125 3415 2182 Mo-

1821 2225 1944 2275 ses,
1982 2211 2071 2265 ubi
2107 2213 2201 2273 ait,
2240 2213 2312 2266 Et
2342 2213 2461 2282 [om
2485 2215 2549 2268 de
2575 2225 2719 2268 terra
2743 2216 3089 2277 ascendebat,
3131 2227 3178 2270 et
3218 2217 3416 2286 irriga-

1824 2305 1912 2356 bat
1939 2305 2126 2373 faciem
2161 2307 2422 2359 universae
2457 2317 2610 2360 terra:
2628 2307 2694 2372 “,
2727 2318 2781 2361 et
2815 2309 3009 2362 iterum
3037 2348 3052 2372 ,
3085 2307 3310 2362 Flavius
3350 2309 3418 2363 de

1827 2397 1996 2450 Edem
2044 2399 2430 2466 egrediebatur,
2479 2407 2530 2452 et
2580 2401 2892 2467 paradisum
2935 2399 3269 2470 irrigabat“.
3313 2399 3415 2467 Qui

1823 2497 2024 2544 etcum
2048 2488 2186 2544 Jobo
2213 2490 2514 2544 collocutus
2555 2490 2782 2544 fontium
2835 2507 3051 2561 quoque
3097 2493 3264 2547 maris
3311 2507 3419 2547 me-

1825 2581 2004 2647 minit,
2047 2579 2251 2635 Venisti
2280 2591 2456 2636 autem
2487 2583 2558 2635 ad
2607 2585 2956 2654 scaturigines
2991 2585 3158 2638 maris
3186 2599 3206 2639 :
3236 2583 3419 2638 ambu-
3456 2627 3459 2631 .

1826 2675 1950 2728 lasti
1973 2691 2065 2743 per
2089 2676 2305 2743 vestigia
2329 2677 2506 2745 abyssi
2522 2677 2591 2731 “.
2631 2676 2766 2730 Cum
2792 2691 2921 2732 vero
2958 2687 3012 2732 et
3045 2693 3210 2746 super
3247 2679 3417 2733 caelos

1828 2784 2092 2840 aquarum
2123 2771 2328 2824 mentio
2369 2771 2462 2824 liat
2511 2770 2564 2824 in
2617 2770 2940 2840 Scripturis,
2993 2781 3176 2841 ulputa
3215 2771 3306 2825 ubi
3342 2771 3420 2825 le-

1828 2867 1993 2936 gitur,
2022 2865 2260 2918 Laudate
2290 2864 2592 2929 Dominum,
2636 2863 2750 2917 caeli
2776 2874 2931 2934 atque
2967 2879 3119 2934 aqua
3140 2879 3258 2932 qua:
3297 2874 3419 2918 sunt

1828 2975 1987 3027 super
2015 2957 2238 3012 ca'los“
2285 2971 2298 3006 :
2352 2972 2691 3026 consequens
2729 2965 2813 3010 est
2843 2965 2901 3008 ut
2928 2971 3048 3025 qua:
3097 2955 3171 3008 sit
3209 2955 3417 3008 illarum

1831 3063 2098 3118 aquarum
2132 3059 2324 3102 natura
2359 3047 2711 3116 dispiciamus
2743 3062 2758 3099 :
2800 3047 3025 3116 quinam
3059 3046 3168 3101 sint
3203 3045 3420 3099 illarum

1833 3139 2030 3205 fontes,
2063 3149 2124 3194 ut
2153 3149 2208 3194 et
2239 3140 2386 3194 hisce
2412 3141 2687 3207 antiquior
2725 3139 2814 3193 ille
2849 3139 3189 3203 declaretur,
3222 3138 3312 3208 qui
3344 3139 3421 3191 ait

1831 3247 1892 3287 se
1930 3232 2206 3286 exstitisse
2231 3246 2354 3285 cum
2391 3232 2626 3284 nondum
2665 3230 2945 3299 prodirent
2989 3229 3165 3284 fontes
3206 3228 3420 3283 illarum

1832 3339 2116 3394 aquarum.
2145 3324 2215 3378 At
2270 3338 2402 3378 vero
2427 3323 2555 3376 nulli
2609 3323 2798 3377 borum
2845 3322 3134 3377 advertens
3179 3321 3423 3376 animum

1833 3416 2137 3478 Marcellus,
2173 3431 2270 3471 nec
2300 3415 2352 3470 in
2391 3415 2458 3470 iis
2498 3414 2817 3482 indagandis
2861 3413 3137 3468 collocans
3176 3427 3420 3482 cperam.

1832 3509 1886 3562 in
1916 3509 2187 3562 sententia
2218 3523 2316 3562 sua
2365 3507 2626 3576 persistit.
2662 3503 2796 3558 Nam
2841 3513 2896 3558 et
2942 3505 3031 3558 illa
3053 3543 3068 3568 ,
3100 3497 3424 3574 Priusquam

1834 3612 2034 3654 montes
2054 3601 2400 3670 firmarentur
2430 3617 2449 3655 :
2480 3611 2556 3665 et,
2579 3600 2716 3654 Ante
2741 3615 2915 3653 omnes
2949 3598 3107 3652 colles
3129 3597 3303 3666 genuit
3322 3611 3423 3658 me,

1834 3693 1901 3746 ad
1927 3693 2175 3747 eumdem
2233 3695 2450 3747 modum
2503 3693 2919 3761 interpretatur,
2949 3699 3149 3744 montes
3190 3699 3245 3743 et
3269 3687 3426 3742 colles

1837 3783 2110 3851 apostolos
2133 3797 2253 3836 esse
2283 3783 2552 3852 inquiens,
2577 3791 2632 3837 et
2653 3780 3021 3850 apostolorum
3045 3792 3385 3834 successores
3409 3796 3427 3834 :

1839 3884 1894 3928 ut
1921 3873 2355 3942 proverbialiter,
2394 3885 2591 3944 praeter
2627 3887 2832 3927 morem
2867 3871 3006 3941 apud
3037 3870 3174 3925 alios
3200 3883 3430 3938 usurpa-

1840 3975 1953 4021 tum
1977 3964 2180 4034 justam
2209 3966 2516 4034 reipublicae
2541 3964 2984 4018 administrandae
3015 3961 3242 4016 formam
3263 3960 3432 4030 signi-

1844 4059 2054 4115 ﬁcaret.
2090 4059 2354 4125 Quocirca
2391 4058 2600 4123 fontes,
2625 4065 2678 4112 et
2707 4067 2939 4121 montes,
2973 4066 3026 4109 et
3079 4054 3244 4109 colles
3288 4053 3430 4108 idem

1842 4151 2244 4221 signiﬁcabant.
2303 4149 2408 4204 Sed
2453 4148 2616 4203 veluti
2673 4149 2970 4202 secundum
3033 4157 3278 4200 naturam
3323 4160 3431 4199 non

1841 4251 1946 4305 est,
1989 4253 2046 4294 ut
2073 4241 2162 4309 qui
2217 4242 2392 4296 oculis
2433 4250 2729 4296 cernuntur
2759 4241 2937 4294 l'ontcs
2985 4248 3145 4308 atque
3197 4246 3432 4299 montes,

1843 4333 2006 4388 iidem
2039 4334 2148 4388 sint
2175 4333 2372 4404 (neque
2399 4333 2542 4388 enim
2575 4347 2840 4400 aquarum
2884 4331 3060 4386 fontes
3110 4331 3310 4384 habent
3344 4327 3436 4382 ali.

1845 4425 1972 4494 quid
2024 4439 2311 4479 commune
2361 4438 2484 4479 cum
2543 4423 2808 4477 montium
2873 4420 3266 4485 cacuminibus)
3317 4415 3434 4486 pari

149 4520 348 4592 πηγῶν
375 4536 436 4572 τε
487 4518 582 4571 καὶ
618 4516 759 4586 ὀρῶν
805 4514 875 4568 τὰ
913 4511 1054 4566 αὐτὰ
1101 4510 1332 4581 φάσκειν
1389 4504 1526 4561 εἶναι
1557 4505 1738 4577 (οὐδὲν

1851 4515 2030 4578 modo,
2083 4527 2137 4569 et
2185 4515 2238 4568 in
2273 4514 2376 4568 illis
2406 4529 2526 4582 qua:
2570 4513 2857 4583 allegorice
2903 4510 3249 4578 intelligenda
3286 4517 3434 4570 sunt,

149 4616 264 4686 γὰρ
316 4612 494 4666 κοινὸν
533 4610 609 4674 ῶς
651 4610 708 4662 ἐν
759 4605 1045 4676 ποιότητος
1088 4603 1232 4674 λόγῳ
1285 4603 1488 4671 πηγαῖς
1536 4598 1738 4651 ὑδάτων

1851 4606 2187 4663 instituenda
2215 4615 2300 4659 est
2329 4605 2618 4660 diversitas
2651 4606 2794 4659 inter
2824 4602 2912 4657 illa
2949 4617 3070 4670 qua:
3099 4613 3194 4670 per
3241 4597 3438 4662 fontes,

154 4706 295 4778 πρὸς
335 4703 404 4756 τὰ
436 4702 542 4756 τῶν
579 4701 722 4773 ὀρῶν
756 4695 1190 4768 ἀναστήματα),
1219 4693 1310 4746 τὸν
1349 4692 1510 4745 αὑτὸν
1543 4690 1744 4762 τρόπον

157 4798 256 4851 καὶ
278 4798 371 4848 ἐπί
394 4794 503 4847 τῶν
525 4789 899 4864 ἁλληγορικῶς
927 4787 1067 4842 κατὰ
1093 4786 1330 4840 διάνοιαν
1357 4781 1747 4854 θεωρουμένων

1852 4697 2039 4764 colles,
2080 4705 2294 4751 montes
2337 4695 2729 4762 intelliguntur.
2775 4692 2864 4747 Ille
2909 4701 3088 4745 autem
3146 4689 3280 4744 nihil
3329 4697 3441 4742 tru-

1857 4793 2086 4846 tinatum
2121 4789 2448 4858 intelligens,
2482 4789 2576 4843 sed
2607 4786 2790 4842 omnia
2820 4785 3182 4854 permiscens,
3211 4796 3332 4852 quae
3358 4789 3444 4834 est

160 4889 515 4960 παραστῆσαι
559 4887 666 4957 χρὴ
708 4881 970 4953 διαφορὰν
1017 4878 1126 4932 τῶν
1177 4876 1321 4931 κατὰ
1371 4874 1469 4946 τὴν
1515 4873 1738 4944 θεωρίαι

1859 4884 2028 4951 ipsius
2050 4882 2216 4935 animi
2248 4881 2459 4946 levitas,
2498 4877 2717 4932 eosdem
2747 4877 2930 4944 utique
2975 4891 3070 4944 per
3113 4876 3292 4929 omnia
3343 4871 3443 4925 de-

160 4981 492 5051 νοουμένων,
533 4976 728 5048 πηγῶν
768 4992 829 5028 τε
874 4973 968 5027 καὶ
1009 4969 1152 5043 ὀρῶν
1195 4969 1290 5022 καὶ
1343 4965 1578 5038 βουνῶν·
1636 4963 1752 5018 ἀλλ’

239 5167 300 5225 ἦέ
330 5160 429 5215 Ed.
465 5157 663 5215 Paris..
696 5172 819 5227 pag.
846 5154 968 5210 160.
1067 5152 1111 5227 ξ’
1146 5149 1290 5207 Psal.
1327 5164 1495 5216 vau,
1522 5147 1614 5202 27.

167 5223 400 5295 xxxviii,
423 5232 510 5284 16.
586 5228 633 5260 ⁸⁸
652 5223 793 5283 Ρὲιιιζ
817 5239 1042 5290 chvm,
1071 5223 1126 5277 4.

240 5370 354 5441 (88)
384 5368 554 5441 Vulgo
590 5364 852 5441 τοῦ-Θεοῦ
882 5364 1130 5433 λέγοντα.

266 5439 356 5505 89)
392 5439 566 5507 Vulgo
581 5439 875 5559 γενήσεως.

266 5511 356 5559 9m
394 5508 566 5559 Vulao
604 5508 647 5559 δ’
718 5523 824 5559 στι.

265 5511 372 5593 90).
394 5508 584 5588 Vulgo~
604 5508 632 5560 δ

1710 5147 1755 5178 ⁸³
1781 5143 1976 5200 Matth.
2009 5157 2200 5206 xxvnt,
2238 5139 2328 5194 i9.

718 5497 848 5569 στιν,⁷
877 5514 930 5559 et
986 5517 1105 5556 mox
1131 5501 1288 5555 ὁποῖα
1322 5500 1366 5552 δ’
1406 5498 1471 5553 ἂν
1500 5497 1756 5570 ὑπάρχοι,

1859 4976 2058 5045 signat,
2086 4973 2254 5042 fontes
2285 4985 2570 5042 aquarum,
2599 4978 2655 5025 et
2677 4979 2875 5022 utentes
2906 4979 3070 5036 atque
3107 4965 3293 5022 colles.
3321 4963 3446 5018 llch

2445 5136 2492 5168 “
2513 5133 2730 5199 Gemit,
2752 5131 2805 5186 6.
2877 5130 2930 5184 “.
2949 5129 3082 5185 ibid.
3103 5127 3192 5182 10.
3271 5125 3318 5157 ⁸⁵
3346 5122 3448 5180 Job

1864 5362 1926 5409 ut
1951 5349 2225 5423 signiﬁcet
2247 5361 2340 5402 eos
2357 5343 2474 5414 qui,
2507 5349 2939 5423 praeterﬂuens!)
2965 5333 3448 5423 aliorum,‘_ius_tam

1865 5406 2084 5478 vivendi
2125 5406 2394 5473 rationem
2432 5406 2667 5482 amplexi
2701 5409 2939 5482 fuerant.
2973 5406 3103 5473 Quae
3147 5409 3452 5482 sequ-untur

1869 5471 2390 5557 sicvl'orte—legenda
2431 5493 2487 5537 et
2527 5471 2912 5557 distinguenda
2957 5471 3106 5557 sunt,
3134 5471 3356 5557 οὐκοῦνι
3400 5471 3450 5557 οξ

168 5540 866 5652 τὴδΰέρζόσῗιειεὲἒῑέαιεξίᾆᾶς
877 5540 1758 5644 σέἷνὲἐυῐηᾶξὲηὲἧγᾶςὲ
1868 5540 2308 5652 ἆζςζῐδῖῆξξάῇιαὶ
2338 5555 2396 5610 αι
2420 5552 2596 5623 πηγαὶ
2617 5540 2793 5610 αὐτνοὶ,
2811 5547 2908 5602 καὶ
2927 5545 2999 5600 τὰ
3020 5545 3144 5617 ὅρη,
3172 5544 3268 5598 καὶ
3297 5540 3453 5595 αὐτοὶ

174 5647 556 5723 προϋπάρχειν
577 5647 786 5723 ἑαυτόν.

247 5715 777 5789 (91)Πάροιμιωδῶς
804 5715 995 5789 σημαί

1082 5754 1093 5766 .
1129 5712 1289 5767 Deest
1331 5710 1418 5764 hic
1438 5709 1618 5776 aliqua
1655 5723 1756 5761 vox

174 5777 562 5848 sui'l‘nlciendm'
584 5777 1015 5854 εοιιιειῖιίωἲιιιω
1045 5777 1180 5845 biat,
1230 5784 1374 5854 forte
1425 5777 1760 5854 μετερχομέ-

175 5881 324 5922 νους.
352 5871 447 5918 aut
467 5858 895 5920 ἀσπασαμένους
913 5851 1018 5911 ’θυι
1043 5853 1221 5911 simile
1249 5851 1377 5918 quid
1423 5851 1718 5907 bocsensu
1740 5887 1756 5914 ,

1865 5629 2252 5703 οἱβουνοίηΜ.
2309 5698 2330 5703 _
2485 5696 2498 5703 _
2577 5695 2588 5703 _
2649 5686 2678 5703 ν
2899 5688 2913 5703 ,
3015 5687 3028 5703 ,
3283 5680 3335 5703 ω.

2305 5698 2388 5773 ὅτι
2422 5695 2600 5773 *αὐταὶ
2648 5686 2788 5773 ᾖσαν
2828 5688 2924 5773 καὶ
2975 5687 3032 5741 αἱ
3064 5681 3242 5756 πηγαὶ
3277 5678 3453 5750 αὐτοὶ,

1869 5759 2056 5833 nisi
2083 5759 2262 5844 ὅρηνοί
2293 5767 2466 5835 αὐτοὶ,
2499 5766 2592 5821 καὶ
2615 5759 2684 5819 οί
2705 5759 2902 5834 βουνοί.
