3828 6222
396 329 496 386 991

1074 325 1348 385 EUSEBIl
1385 326 1858 385 οΑῑεΑιιιΕΝδιε
1892 327 1986 385 0P)

2148 326 2263 385 [BS
2298 327 2389 385 IV.
2429 358 2501 370 ——
2538 327 2961 385 DOGMATICA.

3567 329 3753 387 991-

396 446 619 516 insuper
659 445 842 502 omnia
877 444 1152 514 apostolos
1176 459 1297 501 esse
1331 445 1451 511 ait,
1475 444 1797 503 dili'erentite
1840 447 1985 501 nulla

2148 444 2265 517 (95)
2298 445 2465 518 μηδὲν
2492 444 2952 516 βεϐασανισμένον
2985 445 3373 516 ἐπιστάμενος,
3402 446 3472 499 τά
3496 447 3681 501 πάντα

395 537 580 593 habita
610 537 846 596 ratione.
888 536 1159 604 Quorsum
1194 536 1362 607 igitur
1391 536 1535 604 illos,
1580 538 1673 607 qui
1701 552 1799 608 per
1825 537 1989 607 justi--

397 630 528 684 tiam
555 637 610 683 et
639 629 860 699 pietatis
887 628 1117 695 cultum,
1149 637 1277 684 ante
1325 628 1676 685 Servatorem
1730 630 1990 687 incarna-

396 731 507 774 tum
540 722 1094 786 consummabantur,
1120 730 1322 776 montes
1363 729 1419 776 et
1451 722 1608 776 colles
1658 736 1766 777 non
1801 722 1990 793 appel-

396 812 565 867 lavit?
591 812 858 869 Nimirum
882 814 1027 884 quod
1057 814 1293 883 priorem
1323 813 1431 869 illis
1451 854 1467 879 ,
1499 829 1604 869 non
1633 825 1843 883 poterat
1864 814 1992 869 Ser-

395 905 598 960 vateris
618 919 837 961 carnem
869 907 1217 961 substituere.
1243 904 1339 960 Est
1373 920 1523 976 ergo
1543 906 1796 961 violentia
1830 906 1990 962 nimis

395 1005 450 1051 ct
469 1006 657 1053 coacta
688 998 1084 1067 interpretatio,
1115 999 1411 1053 dictionum
1456 1000 1566 1068 jam
1588 1013 1991 1054 commemora-

397 1097 600 1155 tarum,
635 1088 678 1144 si
714 1088 1020 1143 referantur
1074 1091 1140 1143 ad
1190 1104 1411 1145 carnem
1459 1089 1605 1144 illam
1649 1088 1985 1146 Servatoris.

406 1183 467 1243 νῈ
496 1178 779 1247 Quomodo
820 1191 1002 1236 autem
1041 1190 1096 1236 et
1136 1180 1288 1247 illud,
1326 1180 1519 1236 Genuit
1546 1197 1647 1247 me,
1681 1182 1747 1236 ad
1768 1196 1988 1237 carnem

398 1278 564 1341 queat
586 1271 876 1340 adaptari?
907 1287 967 1329 se
997 1281 1145 1328 certe
1174 1273 1414 1342 genitum
1441 1271 1676 1328 alllrmat
1710 1284 1838 1328 ante
1866 1273 1988 1329 fon-

398 1372 503 1426 tes,
528 1369 654 1415 ante
677 1370 906 1427 montes,
939 1371 1067 1417 ante
1106 1378 1283 1416 omnes
1326 1361 1504 1428 colles,
1542 1363 1631 1417 ubi
1656 1362 1751 1427 ait,
1803 1363 1989 1419 Domi-

401 1470 499 1507 nus
532 1452 767 1507 condidit
805 1469 884 1506 me
910 1452 1228 1522 principium
1263 1453 1465 1506 viarum
1492 1468 1710 1506 suarum
1731 1454 1801 1507 ad
1829 1469 1988 1521 opera

399 1562 521 1611 sua,
574 1556 697 1599 ante
730 1544 927 1599 swcula
982 1544 1224 1611 [undavit
1266 1559 1367 1598 me.
1403 1543 1462 1599 Si
1492 1559 1619 1600 caro
1650 1544 1753 1601 ista
1782 1546 1988 1601 diceret

399 1648 459 1693 ut
486 1636 739 1693 Marcello
765 1639 962 1704 visum,
988 1637 1264 1707 quomodo
1287 1653 1417 1693 caro
1447 1638 1671 1703 dixerit,
1705 1638 1840 1693 Ante
1868 1655 1981 1692 om-

399 1748 490 1786 nes
515 1729 676 1785 colles
704 1731 869 1801 gignit
897 1731 1022 1784 me?
1050 1730 1178 1784 Esto
1204 1730 1372 1795 enim,
1410 1728 1570 1784 fuerit
1599 1740 1726 1785 ante
1757 1740 1984 1799 aposto-

2093 536 2282 610 φύρων
2306 537 2375 592 δι’
2403 538 2716 609 εὐχέρειαν,
2746 537 2877 601 τοὺς
2905 536 3103 601 αὐτοὺς
3128 535 3266 591 εἶναι
3294 539 3682 608 ἀποπέφανται

2090 630 2188 684 καὶ
2224 627 2410 701 πηγὰς
2458 628 2686 693 ὑδάτων,
2728 628 2824 682 καὶ
2863 626 2989 699 ὅρη,
3024 628 3121 681 καὶ
3156 627 3403 699 βουνοὺς,
3443 631 3576 701 φησι
3616 649 3683 686 τε

2092 720 2273 776 πάντα
2312 720 2487 774 ταῦτα
2527 715 2667 774 εἶναι
2709 722 2835 783 τοὺς
2862 720 3222 785 ἀποστόλους,
3264 722 3327 774 οὐ
3372 721 3682 777 διαστειλά-

2094 828 2255 882 μενος
2301 811 2397 865 τὸν
2437 810 2539 881 τῆς
2583 811 2846 882 διαφοράς
2898 810 3122 882 τρόπον.
3170 812 3235 866 Τί
3280 808 3376 867 οὖν
3416 815 3537 885 οὐχὶ
3585 817 3688 870 καὶ

2090 903 2199 976 πρὸ
2234 904 2335 975 τῆς
2368 903 2573 976 σαρκὸς
2621 903 2719 956 τοῦ
2760 903 3015 975 Σωτῆρος
3067 902 3226 975 ἡμῶν
3269 907 3329 958 ἐν
3364 906 3687 982 δικαιοσύνῃ

2090 995 2186 1050 καὶ
2219 994 2329 1065 (94)
2367 993 2650 1065 θεοσεὸείᾳ
2681 994 2791 1065 (95)
2831 994 3217 1060 τελειωθέντας
3264 996 3366 1068 ὅρη
3409 998 3504 1052 καὶ
3552 997 3685 1068 βου-

2088 1087 2216 1151 νοὺς
2266 1085 2471 1155 ὁμοίως
2513 1084 2810 1149 ἐπεκάλει,
2866 1085 2984 1138 ἀλλ’
3020 1086 3114 1140 ’ὅτι
3172 1087 3247 1158 μὴ
3297 1088 3404 1159 πρὸ
3453 1091 3688 1145 ἐκείνων

2087 1172 2199 1241 οἷός
2224 1195 2284 1231 τε
2305 1173 2373 1250 ἦν
2397 1178 2498 1248 τὴν
2534 1179 2715 1249 σάρκα
2743 1175 2839 1230 τοῦ
2875 1177 3132 1248 Σωτῆρος
3164 1179 3513 1248 ὑφίστασθαι.
3540 1183 3688 1237 οὐκ·

2088 1269 2185 1324 οὖν
2221 1270 2395 1340 βίαιος
2440 1270 2534 1324 καὶ
2579 1273 3077 1342 κατηναγκασμένη
3129 1270 3239 1324 τῶν
3302 1272 3688 1343 προκειμένων

2087 1362 2288 1430 λέξεων
2341 1364 2375 1433 ή
2427 1361 2522 1414 ἐπὶ
2566 1360 2665 1433 τὴν
2718 1360 2898 1431 σάρκα
2947 1359 3046 1413 τοῦ
3097 1361 3353 1432 Σωτῆρος
3409 1364 3684 1434 ἀναφορά.

2087 1454 2212 1519 Πῶς
2243 1453 2301 1507 δὲ
2322 1452 2523 1516 καὶτὸ,
2551 1449 2737 1522 γεννᾷ
2755 1469 2853 1521 με,
2880 1452 3211 1523 ἐφαρμόσειε
3234 1456 3301 1524 τῇ
3346 1455 3543 1527 σαρκίς
3578 1457 3690 1528 πρὸ

2085 1546 2196 1617 γὰρ
2233 1545 2344 1599 τῶν
2374 1546 2566 1616 πηγῶν
2596 1544 2692 1599 καὶ
2724 1544 2831 1616 πρὸ
2858 1544 2971 1599 τῶν
2996 1544 3139 1615 όρῶν
3166 1546 3263 1598 καὶ
3290 1545 3398 1615 πρὸ
3426 1547 3536 1599 τῶν
3563 1546 3694 1617 βου-

2085 1636 2194 1691 νῶν
2222 1634 2584 1707 γεγεννῆσθαι
2604 1634 2806 1707 ἔφησεν
2831 1635 3045 1700 ἐαυτὸν,
3068 1634 3261 1699 εἰπὼν,
3282 1638 3498 1705 Κύριος
3522 1638 3689 1693 ἐκτι-

2085 1726 2161 1783 σέ
2185 1744 2262 1796 με
2279 1726 2479 1796 ἀρχὴν
2505 1724 2661 1781 ὁδῶν
2687 1724 2875 1780 αὐτοῦ
2899 1729 2989 1792 εις
3013 1727 3159 1796 ἔργα
3188 1726 3398 1791 αὐτοῦ,
3423 1727 3689 1796 προστοῦ

400 1818 483 1874 los
530 1834 658 1874 caro
696 1794 726 1872 ἶ
744 1794 799 1873 at
828 1835 935 1888 quo
970 1830 1128 1889 pacto
1156 1821 1390 1890 seipsam
1426 1820 1540 1890 ipsa
1576 1834 1607 1873 a
1646 1820 1757 1874 Deo
1783 1794 1979 1876 iactam

2148 1794 2691 1888 (Ba-costisyedl'waé
2745 1834 2846 1887 με.
2882 1818 2948 1872 El.
2986 1816 3049 1889 δὴ
3091 1794 3201 1873 οὖν
3235 1821 3268 1890 ἡ
3325 1794 3474 1891 σάρξ⁷
3511 1820 3692 1875 ταῦτα

399 1904 632 1960 dixerit?
662 1905 845 1960 Visum
883 1916 966 1962 est
998 1907 1252 1962 Marcello
1286 1906 1557 1964 aﬂirmare
1587 1923 1808 1964 carnem
1857 1926 1980 1965 cum

2148 1911 2307 1973 ὶσκοι,
2330 1909 2407 1973 ὡς
2439 1909 2744 1980 Μαρκέλλῳ
2769 1910 2935 1974 δοκεῖ,
2962 1910 3080 1975 πῶς
3108 1911 3189 1976 τὸ,
3215 1910 3335 1979 Πρὸ
3358 1911 3428 1967 δὲ
3442 1912 3695 1967 πάντων

400 2009 507 2050 non
558 2004 797 2052 exstaret
853 1999 1022 2067 prius,
1061 1999 1331 2054 conditam
1402 1999 1588 2055 fuisse.
1646 2001 1736 2056 Ait
1794 2002 1978 2060 enim:

2148 2001 2328 2056 ιυνῶν
2351 1999 2534 2072 γεννᾷ
2570 2018 2666 2071 με,
2698 2003 2843 2055 εἴποι
2870 2002 2936 2056 ἄν
2966 2004 2999 2073 ή
3025 2002 3161 2075 σάρξ
3185 2020 3201 2069 ;
3231 2004 3414 2057 Ἔστω
3440 2004 3551 2075 γὰρ
3581 2004 3693 2076 πρὸ

404 2108 423 2141 ι
459 2088 667 2144 Revera
705 2090 912 2145 creavit
937 2092 1027 2160 qui
1063 2092 1206 2158 quod
1250 2107 1356 2146 non
1390 2101 1511 2147 erat
1550 2092 1679 2148 fecit
1727 2092 1984 2150 Dominus

2148 2096 2192 2150 iv
2223 2094 2538 2148 ἀποστόλων
2573 2095 2607 2166 ἡ
2635 2093 2775 2166 σάρξ
2802 2093 2944 2164 (96)·
2980 2094 3117 2149 ἀλλὰ
3139 2096 3257 2158 πῶς
3280 2096 3420 2165 αὐτὴ
3456 2097 3562 2149 ὑπὸ
3593 2098 3691 2151 τοῦ

404 2199 425 2231 ι
461 2190 645 2236 noster
676 2181 836 2239 Deus.
866 2182 1099 2238 Carnem
1140 2183 1283 2237 enim
1312 2182 1547 2238 Verbum
1579 2185 1811 2254 sumpsit
1864 2199 1986 2253 quas

2148 2184 2218 2239 :05
2244 2184 2602 2257 γεγεννῆσθαί
2633 2203 2798 2258 φησιν
2821 2187 3021 2256 ὲαύτήν
3042 2203 3057 2251 ;
3080 2186 3141 2239 τὸ
3167 2186 3264 2257 μὲν
3287 2187 3394 2259 γὰρ
3415 2186 3693 2241 ἐκτίσθαι,

406 2292 424 2324 ι
460 2288 569 2328 non
601 2282 740 2338 erat,
768 2275 864 2328 sed
896 2274 1134 2330 condidit
1165 2275 1311 2329 illam
1346 2290 1467 2345 quae
1508 2290 1615 2329 non
1646 2285 1781 2330 erat.
1817 2294 1837 2328 ι
1873 2274 1985 2331 No-

399 2366 576 2420 vimus
622 2368 700 2420 ita
754 2366 901 2420 illam
934 2367 1232 2431 conditam,
1264 2376 1319 2420 at
1343 2369 1579 2437 genitam
1615 2381 1644 2421 a
1688 2366 1798 2422 Deo
1840 2368 1986 2423 illaut

397 2457 671 2526 quomodo
720 2458 953 2521 dicetur,
1004 2472 1126 2511 cum
1159 2456 1389 2513 aiiirmet
1420 2458 1699 2524 Senator,
1737 2458 1892 2526 Quod
1923 2461 1989 2517 de

398 2561 557 2599 carne
576 2547 812 2617 gignitur
835 2564 959 2600 caro
991 2559 1063 2601 est
1083 2547 1165 2618 ‘7‘?
1185 2556 1240 2601 et
1264 2548 1551 2618 Apostolus
1582 2549 1792 2619 inquiat
1825 2569 1839 2605 :
1871 2548 1988 2604 Fa-

398 2647 512 2692 ctus
528 2638 591 2693 de
609 2640 843 2706 muliere,
862 2640 1034 2709 [actus
1051 2641 1145 2694 sub
1166 2639 1356 2710 lege“.
1379 2641 1660 2709 Quomodo
1679 2642 1843 2713 igitur
1860 2657 1990 2698 caro

397 2730 467 2784 de
495 2727 603 2783 Deo
632 2732 1010 2786 universorum
1058 2732 1280 2797 dixerit,
1314 2732 1447 2787 Ante
1495 2749 1673 2787 omnes
1706 2732 1868 2788 colles
1903 2750 1991 2804 ge-

402 2825 516 2876 nuit
535 2839 616 2877 me
641 2824 665 2876 .9
688 2823 765 2878 lta
791 2824 1033 2879 arbitror
1062 2825 1353 2895 unicuique
1371 2826 1482 2895 jam
1507 2835 1805 2895 patescere,
1829 2841 1990 2895 quant

398 2927 644 2972 coactam
662 2919 775 2972 haec
788 2917 1073 2971 admittant
1088 2916 1609 2985 interpretationem.
1627 2917 1821 2973 Atsine
1838 2917 1988 2973 omni

399 3008 659 3064 violentia
677 3008 876 3064 dixerit
903 3008 1169 3079 quispiam
1191 3008 1245 3062 in
1278 3006 1478 3062 Filium
1495 3007 1612 3073 Dei,
1631 3018 1843 3064 semota
1861 3011 1994 3065 alle-

2089 2277 2164 2348 μὴ
2197 2272 2365 2330 οὖσαν
2410 2276 2675 2349 πρότερον
2720 2276 2818 2349 τὴν
2846 2277 3029 2349 σάρκα
3064 2276 3240 2330 ἐδόκει
3265 2277 3573 2349 Μαρκέλλῳ
3601 2278 3694 2331 λέ-

2085 2385 2225 2439 γειν.
2256 2369 2402 2439 Ἔφη
2432 2369 2562 2441 γάρ·
2606 2370 2895 2423 «Ἐκτισεν
2924 2368 3145 2441 άληθῶς
3172 2369 3235 2422 τὸ
3268 2368 3343 2441 μὴ
3369 2368 3429 2423 ὃν
3463 2378 3697 2442 πεποιη⁶

2092 2479 2112 2513 ι
2140 2460 2251 2525 κὼς
2289 2461 2318 2514 ὁ
2342 2461 2611 2532 δεσπότης
2642 2460 2802 2533 ήμῶν
2846 2461 2875 2514 ό
2905 2461 3057 2525 Θεός.
3103 2461 3219 2514 Οὐκ
3245 2456 3412 2515 οὖσαν
3450 2461 3561 2533 γάρ
3587 2463 3696 2533 τὴν

2093 2570 2113 2604 ι
2135 2553 2314 2625 σάρκα
2342 2553 2408 2624 ἢν
2450 2551 2741 2623 ἀνείληφεν
2771 2554 2801 2607 ό
2847 2552 3040 2620 Λόγος,
3076 2550 3214 2605 ἀλλὰ
3242 2550 3317 2623 μὴ
3346 2546 3511 2606 οὖσαν
3542 2552 3697 2605 ἐκτι-

2090 2661 2169 2699 σε.
2198 2663 2217 2695 ι
2284 2644 2357 2697 Τὸ
2394 2645 2496 2716 μὲν
2556 2640 2650 2699 οὖν
2705 2643 2955 2698 ἐκτίσθαι
2987 2643 3255 2715 ἔγνωμεν,
3288 2643 3350 2698 τὸ
3378 2643 3434 2697 δέ
3471 2645 3568 2699 καὶ
3599 2662 3700 2714 γε·

2087 2733 2382 2806 γεννῆσθαι
2403 2734 2573 2806 αὐτὴν
2600 2735 2705 2789 ὑπὸ
2740 2733 2832 2788 τοῦ
2868 2733 3003 2788 Θεοῦ
3032 2732 3151 2798 πῶς
3181 2735 3248 2789 ἂν
3276 2735 3569 2806 ἀποδοθείη
3593 2734 3697 2790 τοῦ

2090 2825 2342 2896 Σωτῆρος
2382 2824 2542 2895 ήμῶν
2567 2825 2838 2893 λέγοντος.
2876 2824 2945 2878 Τὸ
2988 2824 3428 2894 γεγεννημένον
3468 2827 3536 2880 ὲκ
3579 2825 3700 2895 τῆς

2091 2914 2318 2983 σαρκὸς
2353 2913 2510 2984 σάρξ
2528 2916 2693 2979 ἐστι;
2729 2914 2825 2967 καὶ
2865 2914 2893 2966 ὁ
2924 2912 3243 2977 Ἀπόστολος
3272 2914 3330 2967 δέ
3349 2932 3481 2986 φησι
3506 2917 3701 2970 Perd-

2089 3022 2276 3075 μενος
2297 3004 2431 3076 (97),
2461 3005 2532 3059 ἐκ
2568 3001 2877 3073 γυναικὸς,
2913 3003 3234 3073 γενόμενος
3286 3003 3405 3058 ὑπὸ
3447 3004 3553 3059 τοῦ
3584 3008 3701 3060 νό-

399 3099 582 3171 carica
605 3098 773 3169 ﬁgura
789 3098 888 3152 ista
906 3112 1032 3153 vere
1045 3098 1352 3153 convenire.
1373 3095 1505 3151 Nam
1524 3107 1578 3153 et
1594 3108 1719 3154 ante
1736 3100 1985 3157 tellurem

2148 3115 2230 3152 ου.
2268 3096 2395 3160 Πῶς
2434 3091 2527 3151 οὖν
2558 3098 2591 3168 ἡ
2622 3094 2761 3166 σὰρξ
2809 3090 2963 3149 εἶπεν
3009 3094 3075 3148 ἂν
3119 3095 3249 3168 περὶ
3278 3096 3373 3149 τοῦ
3406 3095 3543 3150 Θεοῦ
3579 3097 3703 3151 τῶν

400 3189 750 3247 subsistebat.
784 3190 934 3255 Erat,
961 3197 1017 3245 et
1045 3198 1297 3260 praeerat,
1340 3190 1651 3260 priusquam
1693 3193 1976 3260 prodirent

408 3280 687 3337 naturales
710 3295 973 3351 aquarum
1003 3282 1363 3354 scaturigines
1393 3300 1409 3349 ;
1439 3292 1564 3339 ante
1589 3285 1814 3356 abyssos
1837 3301 1990 3341 com-

403 3383 766 3439 memoratas;
794 3373 1109 3444 priusquam
1139 3382 1298 3430 terrae
1338 3374 1504 3444 ligura
1544 3385 1689 3431 esset
1719 3376 1989 3447 ordinata,

403 3479 501 3533 per
531 3464 793 3518 montium
828 3473 883 3520 et
913 3463 1130 3519 collium
1159 3466 1527 3521 surrectiones
1559 3484 1574 3521 :
1609 3465 1805 3521 Omnia
1849 3468 1990 3522 enim

401 3573 495 3627 per
521 3558 692 3628 ipsum
721 3556 862 3625 facta
891 3564 1036 3624 sunt,
1059 3567 1109 3612 et
1146 3558 1260 3612 sine
1288 3559 1401 3626 ipso
1430 3558 1632 3627 factum
1664 3568 1739 3613 est
1768 3558 1899 3613 nihil
1918 3560 1987 3615 δ’.

401 3648 473 3703 At
518 3649 563 3705 si
597 3648 866 3720 quispiam
905 3648 994 3703 hic
1038 3648 1355 3718 interroget,
1400 3662 1498 3703 cur
1533 3663 1596 3704 se
1645 3663 1750 3705 non
1790 3650 1992 3706 dixerit

403 3742 791 3810 prmexstitisse
815 3750 939 3796 ante
970 3741 1159 3804 cmlos,
1192 3749 1247 3795 et
1271 3748 1397 3794 ante
1417 3755 1481 3795 ea
1505 3756 1625 3812 quae
1654 3750 1782 3797 sunt
1805 3742 1858 3796 in
1879 3757 1990 3798 cte-

404 3832 495 3897 lis,
521 3840 616 3887 aut
644 3847 765 3902 quae
789 3848 951 3903 supra
974 3842 1140 3897 sunt;
1167 3842 1293 3887 ante
1320 3832 1532 3887 divinas
1577 3841 1632 3887 et
1665 3848 1989 3903 supermun-

403 3927 577 3981 danas
626 3933 921 3995 potestates
967 3933 1023 3979 et
1068 3923 1336 3994 spiritus:
1373 3922 1584 3977 dicetur
1629 3910 1769 3992 quod
1796 3939 1987 3980 eorum

404 4033 514 4073 non
568 4017 815 4071 meminit
863 4016 1165 4086 Scriptura,
1230 4027 1516 4086 propterea
1545 4016 1688 4086 quod
1735 4031 1833 4087 per
1870 4017 1988 4074 ham

405 4109 717 4171 Proverbia,
776 4106 1085 4178 paedagogia
1144 4107 1391 4177 quasdam
1442 4109 1629 4162 animo
1693 4108 1988 4166 infantibus

403 4200 833 4271 protendebatur
862 4198 1046 4269 :quod
1073 4199 1209 4254 satis
1243 4207 1410 4269 patet,
1430 4214 1554 4255 cum
1582 4199 1793 4255 dicatur
1819 4199 1987 4257 inter-

405 4294 554 4358 dum,
578 4292 822 4357 Attende,
853 4290 959 4360 ﬁli,
991 4291 1059 4345 ad
1102 4292 1497 4346 instructionem
1532 4291 1699 4362 patris
1725 4292 1826 4357 tui,
1847 4302 1896 4348 et
1922 4308 1986 4348 ne

404 4383 618 4454 rejicias
638 4382 774 4453 leges
805 4384 987 4438 matris
1015 4392 1119 4437 tute
1134 4381 1182 4413 ⁵⁸
1212 4399 1228 4435 :
1262 4381 1571 4450 aliquando,
1613 4379 1749 4447 Fili,
1775 4383 1986 4438 aduerte

403 4476 640 4531 animum
684 4474 752 4528 ad
789 4473 924 4544 leges
951 4489 1115 4538 meas,
1142 4482 1190 4527 et
1216 4487 1399 4527 aurem
1440 4472 1779 4527 accommoda
1816 4474 1985 4530 verbis

2148 4503 2364 4570 λέξεται

403 4568 530 4623 meis
547 4567 615 4620 ⁸⁸.
651 4565 720 4621 Ει
750 4566 966 4626 iterum,
997 4562 1134 4630 Fili,
1157 4579 1222 4618 ne
1247 4573 1548 4618 contemnas
1583 4563 1980 4619 instructionem

404 4659 639 4727 Domini,
678 4668 729 4713 et
758 4675 876 4713 cum
896 4660 960 4712 ab
989 4657 1080 4712 illo
1108 4656 1413 4726 increperis,
1456 4671 1518 4710 ne
1542 4656 1756 4723 deﬁcias
1787 4658 1834 4689 ⁸¹
1860 4676 1874 4712 :
1905 4666 1980 4723 et,

408 4748 537 4812 l’ili,
569 4750 615 4803 si
643 4748 738 4803 tibi
771 4749 962 4818 probus
996 4746 1384 4818 fueris,probus
1419 4746 1598 4800 itidem
1630 4747 1731 4801 eris
1769 4757 1817 4803 et
1850 4748 1983 4802 vici-

403 4843 505 4897 nis.
527 4840 680 4907 Quod
698 4842 745 4895 si
776 4840 1041 4908 improlms
1072 4841 1287 4903 evadas,
1307 4848 1417 4893 tum
1446 4836 1589 4892 solus
1616 4847 1754 4892 certe
1780 4837 1986 4892 eximu-

403 4929 508 4982 ries
532 4928 671 4980 mala
693 4928 784 4982 η’.
813 4926 1097 4981 lnnumera
1125 4925 1210 4981 his
1231 4924 1451 4989 similia,
1474 4922 1541 4979 de
1559 4922 1976 4979 Proverbiorum

2097 3190 2233 3245 ὅλων
2259 3188 2343 3252 τὸ,
2369 3188 2489 3260 Πρὸ
2520 3187 2589 3243 δὲ
2625 3188 2868 3243 πάντων
2896 3185 3148 3253 ,Βουνῶν
3175 3186 3360 3256 γεννᾷ
3381 3205 3499 3257 pe;
3546 3190 3706 3246 Ταΰ-

2097 3306 2165 3343 τα
2201 3287 2297 3359 μὲν
2323 3282 2417 3341 οὖν
2463 3286 2537 3351 ὡς
2574 3285 2944 3358 βεϐιασμένην
2990 3285 3104 3357 ἔχει
3135 3286 3236 3355 τὴν
3266 3284 3565 3357 ἑρμηνείαν
3609 3279 3701 3338 οἷ-

2100 3395 2198 3450 μαι
2231 3378 2394 3431 παντί
2419 3393 2498 3449 τῳ
2548 3377 2862 3445 καταφανὲς
2911 3370 3071 3430 εἶναι.
3117 3374 3418 3438 ’Δδιάστως
3446 3373 3490 3426 δ’
3521 3373 3593 3427 ἂν
3624 3375 3707 3428 εἰ·

2097 3488 2187 3524 ποι
2219 3470 2330 3541 (98)
2376 3486 2461 3533 τις
2485 3468 2577 3523 τὸν
2605 3468 2735 3523 Tle
2765 3466 2859 3521 τοῦ
2896 3466 3057 3531 Θεοῦ,
3098 3466 3192 3520 καὶ
3220 3466 3343 3537 δίχα
3375 3466 3578 3530 παντὸς
3600 3467 3704 3521 dl-

2094 3561 2387 3635 ληγορικοῦ
2413 3561 2636 3634 τρόπου,
2660 3558 2832 3614 ταῦτα
2862 3558 3242 3631 ἐπαληθεύειν,
3286 3559 3412 3613 ἐπεὶ
3456 3559 3553 3614 καὶ
3595 3558 3704 3629 τῆς

2094 3654 2198 3725 γῆς
2229 3654 2601 3726 προϋπῆρχεν,
2627 3649 2696 3724 ἦν
2722 3669 2783 3705 τε
2811 3652 2907 3706 καὶ
2939 3651 3115 3723 προῆν
3144 3651 3253 3723 πρὸ
3276 3650 3371 3704 τοῦ
3406 3649 3703 3722 προελθεῖν

2094 3745 2194 3808 τὰς
2219 3743 2537 3814 σωματικὰς
2570 3741 2755 3813 πηγάς
2779 3740 2890 3795 τῶν
2914 3741 3144 3817 ὑδάτων,
3172 3741 3269 3796 καὶ
3295 3740 3402 3814 πρὸ
3431 3740 3543 3794 τῶν
3580 3740 3699 3811 (99)

2095 3833 2370 3905 αἰσθητῶς
2399 3834 2709 3905 λεγομένων
2762 3832 3039 3898 ἀϐύσσων,
3082 3834 3178 3887 καὶ
3220 3833 3327 3906 πρὸ
3370 3827 3465 3887 τοῦ
3496 3833 3703 3904 συστῆ-

2093 3944 2181 3980 ναι
2208 3921 2274 3981 αὗ
2303 3925 2364 3980 τὸ
2394 3926 2492 3998 τῆς
2536 3924 2640 3995 γῆς
2670 3923 2858 3995 σχῆμα
2896 3924 2956 3978 ἐν
2986 3926 3099 3988 τοῖς
3138 3923 3246 3977 τῶν
3288 3921 3432 3994 ὁρῶν
3457 3921 3557 3975 καὶ
3586 3922 3702 3976 τῶν

2096 4017 2300 4089 βουνῶν
2325 4018 2673 4088 ἀναστήμασι
2691 4033 2704 4046 ’
2739 4014 2942 4071 Πάντα
2970 4017 3081 4087 γὰρ
3103 4014 3179 4070 δι’
3207 4015 3398 4070 αὑτοῦ
3424 4014 3697 4085 ἐγένετο,

2093 4110 2191 4164 καὶ
2226 4108 2405 4179 χωρὶς
2441 4107 2628 4163 αὑτοῦ
2653 4108 2891 4178 ἐγένετο
2927 4105 3071 4162 οὐδὲ
3104 4107 3193 4162 ἓν.
3235 4108 3297 4163 Ei
3320 4106 3367 4160 δ’
3393 4107 3700 4179 ἐρωτήσειὲ

2091 4217 2197 4264 τις,
2221 4198 2309 4253 διὰ
2329 4199 2381 4253 τί
2414 4197 2489 4269 μὴ
2514 4198 2620 4269 πρὸ
2638 4198 2747 4252 τῶν
2782 4196 3053 4271 οὐρανῶν,
3087 4197 3224 4269 μηδέ
3248 4197 3354 4270 πρὸ
3380 4196 3493 4251 τῶν
3514 4200 3577 4250 ἐν
3600 4200 3696 4251 οὑ-

2099 4302 2300 4372 ρανοϊς,
2338 4299 2373 4370 ἢ
2402 4297 2512 4353 τῶν
2552 4298 2631 4370 (1)
2672 4299 2932 4356 ἐπέκεινα
2958 4299 3119 4355 θείων
3158 4301 3251 4353 καὶ
3295 4298 3697 4370 ὑπερκοσμίων

2089 4396 2373 4468 δυνάμεων
2396 4414 2459 4452 τε
2491 4398 2585 4452 καὶ
2616 4398 2965 4470 πνευμάτων,
3013 4398 3203 4454 ἑαυτὸν
3235 4393 3373 4454 εῖναι
3418 4398 3694 4454 ἐδίδασκε·

2396 4504 2566 4576 αὐτῷ,
2600 4506 2683 4559 ὅτι
2710 4505 2916 4559 τούτων
2950 4506 3089 4570 τέως
3109 4506 3519 4577 ἐμνημόνευσεν
3546 4506 3579 4559 δ
3605 4504 3696 4559 λό-

2090 4625 2209 4679 γος,
2234 4608 2454 4682 ιέπειδὴ
2502 4609 2879 4680 παιδαγωγίαν
2914 4608 3040 4664 τινὰ
3081 4609 3171 4664 διὰ
3216 4608 3324 4663 τῶν
3368 4609 3694 4683 Παροιμιῶν

2092 4717 2203 4780 τοῖς
2226 4715 2327 4780 τὰς
2353 4716 2532 4787 ψυχὰς
2567 4716 2783 4788 νηπίοις
2809 4715 3116 4789 παρεδίδου.
3154 4717 3221 4770 '0
3252 4716 3347 4770 καὶ
3376 4715 3544 4787 δῆλον
3563 4732 3694 4785 τυγ-

2088 4822 2241 4893 χάνει
2290 4824 2353 4877 ἐκ
2376 4808 2470 4876 τοῦ
2512 4839 2643 4876 ποτε
2684 4821 2959 4892 λέγεσθαι,
2986 4823 3212 4889 Ἄκουε,
3245 4822 3361 4887 υἱὲ,
3412 4822 3694 4878 παιδείαν

2091 4929 2318 4998 πατρός
2345 4944 2485 4995 σου,
2519 4929 2617 4983 καὶ
2642 4928 2731 4999 μὴ
2789 4926 3006 4997 ἀπώσῃ
3045 4926 3307 4997 θεσμοὺς
3344 4925 3423 4999 (2)
3466 4927 3693 4997 μητρός

478 5102 539 5161 Et
575 5096 671 5150 Ed.
703 5093 899 5159 Paris.,
936 5107 1058 5163 pag.
1092 5092 1212 5147 161.
1302 5092 1346 5124 ⁸⁷
1369 5090 1524 5163 10³11.
1554 5108 1634 5156 ιιι,
1665 5091 1718 5147 6.
1808 5091 1986 5149 “Gal.

2148 5091 2186 5147 l.
2274 5091 2322 5123 δ’
2353 5088 2509 5145 loan.
2539 5106 2581 5156 ι,
2601 5091 2655 5145 '5.
2732 5089 2778 5121 '°
2800 5088 2959 5146 Prov.
2993 5103 3031 5155 ι,
3063 5088 3117 5143 8.
3190 5087 3236 5121 ⁸⁸
3268 5085 3438 5143 Prov.
3469 5102 3548 5151 tv,
3579 5086 3670 5141 20.

404 5167 448 5198 "
478 5166 641 5221 Prov.
668 5181 752 5230 ιιι,
781 5166 870 5219 11.
938 5161 1027 5196 ἠδ
1045 5162 1202 5219 Prov.
1239 5179 1314 5229 tx,
1352 5161 1437 5219 l2.

476 5258 586 5327 (95)
620 5257 796 5327 Vulgo
823 5255 924 5328 μὲν
961 5255 1148 5344 μηδὲν.

472 5328 589 5397 (94)
622 5326 800 5396 Vulgo
829 5326 1104 5397 εὐσεϐεια.

473 5400 588 5470 (95)
628 5396 1059 5470 Τεᾼειωθέντας
1117 5397 1249 5467 ὅρη.
1287 5396 1430 5470 Lege
1490 5396 1587 5453 ua).
1643 5397 1847 5470 πηγὰς,
1896 5397 1993 5470 καὶ

398 5467 659 5543 omnia).
711 5468 952 5543 βουνούς.
993 5470 1191 5543 statim
1239 5487 1253 5524 :
1301 5467 1420 5538 lege
1461 5470 1571 5543 πρὸ
1622 5467 1842 5523 πάντων
1882 5467 1993 5522 τῶν

405 5537 1018 5613 βούνῶν-γενεννῆσθα-ι.
1049 5538 1122 5613 Μ.

476 5592 789 5685 (sowiii'go
835 5592 998 5662 ἀλλὰ
1020 5592 1181 5685 ,εὼς
1206 5608 1427 5685 9am;
1469 5608 1635 5679 Lego,
1676 5605 1847 5685 Ἀλλά
1875 5607 1995 5685 πῶς

406 5678 579 5750 αὐτή,
618 5678 813 5750 nempe
835 5695 985 5750 caro,
1010 5679 1118 5750 ὑπὸ
1139 5680 1234 5734 τοῦ
1272 5680 1405 5734 Θεοῦ
1458 5678 1594 5750 φησι
1625 5678 1986 5749 γεγεννῆσθαι

408 5749 580 5820 αὑτήν
618 5749 754 5820 (imo
781 5758 833 5803 et
864 5749 1060 5820 ἑαυτήν
1077 5765 1197 5802 cum
1224 5750 1403 5820 codd.)
1430 5750 1501 5803 Μ.

493 5816 605 5890 (97)
638 5816 810 5887 Vulgo
834 5817 1190 5888 γεννώμενος,
1237 5828 1289 5875 et
1324 5816 1444 5875 tuo:
1475 5819 1580 5889 πρὸ
1607 5819 1821 5875 πάντων
1854 5819 1903 5887 β.
1937 5829 1989 5873 et

2096 5273 2238 5310 παντ
2248 5273 2265 5307 ι
2298 5270 2397 5310 τω.

2314 5305 2415 5394 Ϋίςν
2444 5319 2553 5375 τὸν
2589 5318 2746 5394 Υίὸις.
2765 5315 2938 5394 .Esset
2968 5331 3074 5380 τις,
3104 5316 3187 5394 είς
3211 5314 3302 5369 τὸν
3337 5313 3493 5368 Υἱόν.
3532 5314 3604 5369 ιι.

2323 5382 2491 5465 vulgo
2525 5383 2942 5465 οιιικαίσθητῷς
2980 5396 3047 5465 ει.
3074 5382 3165 5465 αἶ).

2167 5452 2354 5537 (1)’Ἠ
2399 5452 2520 5537 τίῷν
2546 5452 2852 5514 ὺπέκεινά.
2890 5456 3001 5508 ltno
3031 5456 3288 5537 ἐπέκεινα
3337 5453 3447 5537 [sic
3475 5452 3678 5537 codd],

2097 5525 2551 5606 de‘p'otesmtibus
2601 5543 2722 5598 quae
2771 5539 2988 5581 sursum
3033 5537 3193 5582 erant
3221 5525 3489 5598 loqu—itur.
3525 5525 3680 5581 Il.—

2099 5601 2219 5662 Mox
2247 5606 2405 5674 vulgo
2430 5601 2665 5674 λέξεται.

2164 5677 2240 5746 (2)
2275 5664 2448 5746 Vulgo
2472 5664 2618 5745 [τῆς]
2657 5691 2713 5746 μ.
2768 5681 2824 5728 et
2874 5687 2998 5727 mox
3030 5665 3179 5746 νοῦν,
3232 5666 3327 5721 καὶ
3372 5664 3560 5729 πάλιν,
3589 5673 3679 5734 pro

2094 5738 2339 5816 οὓς,’καί
2367 5738 2620 5811 nimiast
2644 5738 2839 5817 Ῠέννῃς
2874 5757 2970 5813 pro
3006 5738 3158 5812 γένῃ.
