3828 6222
227 288 349 347 993

1218 287 1308 343 DE
1347 286 1886 343 ECCLESIASTICA
1928 287 2318 346 THEOLOGIA
2355 289 2482 346 LIB.
2525 290 2613 345 Ill.

3422 293 3530 348 994

227 419 377 460 σου·
413 404 544 458 ποτε
577 401 654 468 δὲ,
698 402 814 469 Υίέ,
848 401 1012 473 ἐμοῖς
1044 403 1251 473 νόμοις
1281 404 1564 474 πρόσεχε,
1613 404 1735 471 τοῖς
1766 403 1794 458 6

1937 407 2072 461 libro
2097 422 2193 476 per
2214 407 2448 476 seipsum
2492 410 2616 477 quis
2654 405 2932 478 collegerit
2963 408 3176 480 negotio
3199 409 3368 475 nullo,
3405 413 3530 482 qni-

225 497 404 568 ἐμοῖς
429 497 663 567 ῥήμασι
695 496 1044 566 παράϐαλλε
1075 498 1193 550 σὸν
1223 493 1352 563 οὖς·
1386 499 1479 550 καὶ
1501 495 1678 561 αὖθις,
1716 497 1831 561 Υἱὲ,

221 591 320 659 μὴ
352 588 618 660 ὀλιγώρει
649 589 922 656 παιδείας
946 589 1190 658 Κυρίου,
1225 591 1324 644 καὶ
1360 589 1447 660 μὴ
1474 590 1700 645 ἐκλύου
1728 589 1832 644 ὑπ’

228 683 426 736 αὐτοῦ
445 684 872 752 ἐλεγχόμενος·
903 683 1017 746 καὶ,
1056 681 1169 748 Υἱὲ,
1196 682 1306 736 ἐὰν
1321 681 1521 749 καλῶς
1544 681 1688 753 γένῃ
1706 683 1836 736 ἑαυ-

229 775 341 840 τῷ,
389 775 578 841 καλὸς
607 775 722 843 ἔσῃ
754 777 851 828 καὶ
894 775 1020 842 τοῖς
1051 776 1352 844 πλησίον⁸
1393 776 1503 829 ἐὰν
1532 774 1602 828 δὲ
1647 776 1834 841 κακὸς

226 867 496 936 ἀποϐᾕς.
524 869 713 937 μόνος
751 867 1078 934 ἀντλήσεις
1105 869 1179 922 τὰ
1215 867 1370 922 κακὰ
1405 868 1503 939 (5).
1551 869 1736 941 Μυρία
1775 868 1833 922 δὲ

232 962 305 1015 ἂν
329 963 424 1015 καὶ
451 961 612 1024 αὐτὸς
644 962 852 1026 τούτοις
889 963 1072 1032 ὅμοια,
1101 960 1222 1015 καθ’
1248 961 1440 1014 ἑαυτὸν
1479 961 1587 1014 ἀπὸ
1616 961 1718 1030 τῆς
1747 959 1831 1030 βί-

228 1051 365 1104 ϐλου
390 1050 502 1104 τῶν
539 1050 855 1124 Παροιμιῶν
888 1050 1143 1122 ἁναλέξῃ,
1178 1049 1242 1102 δι’
1269 1044 1343 1104 ὧν
1376 1051 1405 1102 6
1442 1051 1616 1118 Λόγος
1645 1050 1832 1120 φαίνε-

226 1158 327 1194 ται
357 1142 572 1213 νηπίοις
602 1141 702 1204 τὰς
733 1141 912 1212 ψυχὰς
951 1141 1494 1211 προσδιαλεγόμενος.
1545 1139 1702 1195 Οῦτω
1737 1141 1832 1196 καὶ

225 1235 441 1306 Μωσῆς
468 1235 815 1305 παιδαγωγὸς
839 1234 946 1288 τῶν
973 1233 1176 1288 ἀτελῶν
1204 1235 1302 1296 τὰς
1333 1233 1407 1304 (4)
1432 1234 1637 1306 φρένας
1663 1235 1832 1306 ὑπάρ-

226 1344 365 1398 χων,
393 1326 623 1394 οὐρανοῦ
674 1327 768 1380 καὶ
797 1327 901 1397 γῆς
935 1327 1029 1379 καὶ
1057 1325 1158 1396 τῆς
1182 1324 1291 1378 τῶν
1317 1325 1527 1396 ὁρατῶν
1566 1327 1831 1399 δημιουρ-

225 1425 353 1491 γίας
398 1423 835 1494 ἐμνημόνευσεν·
889 1423 952 1475 οὐ
1007 1419 1113 1492 μὴν
1153 1422 1248 1474 καὶ
1287 1421 1518 1485 κτίσεως
1556 1423 1824 1492 ἀγγέλων,

223 1518 355 1570 οὑδὲ
385 1516 543 1571 θείων
571 1517 852 1587 δυνάμεων
873 1557 889 1580 ,
927 1517 1048 1570 οὐδὲ
1077 1515 1402 1586 πνευμάτων
1427 1516 1618 1584 ἁγίων,
1639 1515 1719 1587 τῷ
1753 1516 1828 1589 μὴ

223 1612 430 1681 χωρεῖν
466 1627 553 1661 πω
593 1608 691 1679 τὴν
735 1609 938 1661 τούτων
976 1606 1327 1661 διδασκαλίαν
1369 1608 1496 1670 τοὺς
1535 1607 1687 1679 αὐτῷ
1724 1627 1830 1679 μα·-

224 1699 645 1771 θητευομένους.
678 1701 919 1764 Εἰκότως
946 1699 1234 1771 τοιγαροῦν
1264 1700 1356 1752 καὶ
1376 1700 1404 1751 6
1440 1701 1498 1752 ὲν
1522 1702 1643 1763 ταῖς
1673 1701 1824 1773 Παρ-

1939 497 2040 552 bus
2069 498 2196 552 illud
2224 498 2392 568 liquet
2418 499 2649 553 Verbum
2677 497 2750 553 ibi
2784 514 3065 555 sermones
3091 502 3372 557 instituere
3399 519 3522 557 cmn

1936 591 2117 645 animo
2137 591 2425 645 admodum
2453 592 2658 660 pueris.
2687 597 2746 654 ᾖ(
2778 593 2859 646 Ad
2889 594 3052 648 istum
3083 597 3299 649 modum
3325 605 3382 649 et
3412 595 3528 648 Mo-

1937 698 2026 737 ses
2080 680 2518 751 imperlectornm
2572 687 2868 740 secundum
2925 685 3135 738 animos
3202 686 3524 756 pazdagogus

1935 788 2055 826 cum
2088 783 2253 839 esset,
2285 776 2406 830 cceli
2439 785 2492 829 ct
2527 785 2709 842 terraa,
2735 788 2790 831 et
2822 778 3116 831 visibilium
3151 779 3526 832 commeminit

1935 865 2277 920 conditurae:
2316 883 2421 922 non
2469 878 2650 922 autem
2705 870 3000 923 creationis
3044 869 3380 938 angelorum,
3425 887 3526 926 nec

1934 961 2240 1015 divinarum
2285 969 2637 1029 potestatum,
2679 977 2781 1016 nec.
2839 971 3154 1016 sanctorum
3207 964 3522 1033 spirituum,

1932 1066 1999 1108 eo
2048 1053 2192 1122 quod
2237 1068 2342 1107 non
2383 1062 2604 1122 possent
2633 1068 2826 1122 capere
2857 1055 3160 1110 doctrinam
3214 1057 3370 1109 istam
3421 1056 3519 1121 illi,

1932 1145 2024 1214 qui
2057 1146 2110 1200 in
2146 1145 2490 1214 disciplinam
2540 1147 2589 1200 ei
2614 1147 3010 1214 .tradebantnr.
3069 1147 3143 1201 llt
3179 1161 3278 1202 nec
3325 1149 3520 1219 injuria

1932 1235 2191 1300 Verbum,
2227 1236 2352 1289 dum
2406 1235 2642 1304 loquitur
2686 1236 2774 1291 hic
2801 1237 2853 1290 in
2876 1236 3206 1303 Proverbiis,
3233 1239 3300 1293 ad
3344 1240 3523 1293 istius-

1932 1330 2076 1384 modi
2103 1328 2378 1383 auditores
2401 1327 2702 1388 doctrinam
2729 1343 2907 1395 suam,
2931 1344 2964 1383 ε
2987 1331 3218 1385 terrenis
3247 1332 3520 1387 montibus

1931 1421 2182 1485 det'lncat,
2213 1435 2241 1473 a
2270 1419 2500 1474 collibus
2533 1427 2588 1474 et
2624 1435 2886 1488 aquarum
2920 1422 3378 1492 scaturiginibus;
3427 1435 3515 1479 ut-

1931 1523 2055 1582 pote
2088 1528 2116 1566 a
2146 1513 2314 1582 magis
2346 1513 2576 1582 cognitis
2611 1530 2624 1567 :
2658 1523 2821 1582 atque
2844 1516 2912 1568 ita
2945 1531 3172 1571 exorsus
3202 1519 3270 1571 ab
3292 1518 3520 1574 inferius

1929 1607 2141 1675 positis,
2167 1606 2538 1660 informandus
2557 1607 2710 1675 quasi
2741 1623 2900 1661 manu
2936 1609 3165 1665 deducat
3196 1611 3260 1665 ad
3288 1612 3518 1667 eximio-

1931 1712 1990 1752 ra
2030 1716 2043 1751 :
2073 1707 2128 1752 et
2151 1713 2180 1750 a
2210 1697 2591 1753 minutioribus
2627 1701 2704 1752 sic
2733 1699 2798 1751 ad
2824 1700 2992 1769 ttiagis
3019 1701 3196 1754 divina
3229 1713 3517 1759 transcen-

222 1793 436 1863 οιμίαις
463 1792 654 1862 Λόγος,
685 1792 760 1856 ὡς
793 1792 1056 1855 τοιούτοις
1093 1791 1204 1845 ἀπὸ
1261 1791 1369 1845 τῶν
1402 1793 1530 1864 περὶ
1555 1792 1658 1864 γῆν
1680 1793 1791 1866 ὁρῶ

1937 1789 2060 1842 dere
2092 1787 2213 1843 illos
2255 1787 2437 1842 faciat.
2476 1786 2602 1842 llaec
2634 1789 2704 1842 ita
2733 1800 2871 1852 esto,
2922 1790 2967 1843 si
3013 1805 3119 1845 non
3163 1791 3300 1847 ultra
3351 1809 3519 1849 voces

222 1901 288 1936 τε
320 1885 413 1937 καὶ
447 1882 674 1954 βουνῶν,
732 1883 825 1936 καὶ
865 1883 1078 1955 πηγῶν,
1112 1883 1189 1948 ὡς
1225 1884 1336 1938 ἀπὸ
1387 1885 1825 1958 γνωριμωτέρων

220 1975 327 2046 τὴν
353 1975 703 2030 διδασκαλίαν
747 1977 1013 2028 ἐποιεῖτοο
1058 1976 1134 2040 ὼς
1183 1975 1244 2040 ἐξ
1309 1976 1626 2047 ὑποϐάθρας
1657 1977 1826 2050 ἀρξά-

222 2085 395 2138 μενος
430 2069 521 2121 ἐπὶ
550 2069 619 2122 τά
657 2069 892 2141 κρείττω
925 2071 1357 2142 χειραγωγήσειε
1395 2070 1524 2133 τοὺς
1548 2071 1825 2140 παιδαγω-

220 2165 549 2237 γουμένους,
581 2166 690 2220 ἀπό
718 2183 776 2219 τε
812 2165 920 2219 τῶν
948 2166 1323 2239 σμικροτέρων
1364 2167 1456 2218 ἐπὶ
1487 2168 1556 2221 τὰ
1581 2166 1827 2239 θειότερα

217 2255 523 2309 διαϐαίνειν
565 2256 1026 2328 παρασκευάσειε.
1067 2256 1251 2309 Ταῦτα
1283 2257 1381 2328 μὲν
1418 2253 1534 2322 οὖν,
1581 2260 1629 2311 εἰ
1660 2259 1827 2331 μηδὲν

215 2363 310 2412 τις
335 2348 483 2419 πέρα
522 2348 620 2418 τῆς
652 2347 851 2414 λέξεως
885 2348 1334 2419 περιεργάζοιτο·
1363 2351 1411 2401 εί
1447 2348 1503 2402 δὲ
1531 2349 1826 2422 βαθύτερόν

218 2458 312 2504 τις
333 2439 624 2494 καὶταῦτα
661 2445 801 2495 νοεῖν
841 2440 1036 2505 ἐθέλοι,
1072 2443 1132 2494 οὐ
1178 2441 1379 2513 μᾶλλον
1409 2444 1500 2496 ἐπὶ
1530 2445 1656 2508 τοὺς
1685 2446 1824 2498 ἀπο-

222 2532 472 2597 στόλους,
512 2533 545 2604 ἢ
576 2532 668 2586 ἐπὶ
691 2532 898 2596 πάντας
947 2535 1075 2598 τοὺς
1123 2531 1344 2586 πώποτε
1382 2535 1706 2605 γενομένους
1743 2535 1823 2588 δι-

219 2620 417 2683 καίους
446 2622 539 2674 καὶ
586 2621 851 2690 Θεοφιλεῖς
884 2621 1085 2693 ἄνδρας
1123 2622 1264 2676 αὐτὰ
1292 2623 1588 2688 ἐκδέξεται,
1635 2624 1823 2697 διαϐή-

219 2731 380 2768 σεται
402 2713 459 2768 δὲ
479 2714 692 2768 ἐνθένδε
722 2716 817 2769 καὶ
857 2717 951 2770 ἐπὶ
978 2716 1079 2780 τὰς
1109 2716 1262 2782 θείας
1290 2719 1384 2771 καὶ
1409 2717 1706 2787 ἀγγελικὰς
1730 2719 1824 2770 δυ-

215 2807 439 2877 νάμεις,
491 2807 590 2879 ὄρη
639 2807 811 2877 λέγων
835 2809 929 2863 καὶ¹
962 2809 1184 2879 βουνοὺς
1216 2809 1548 2864 αἰνίττεσθαι
1574 2811 1821 2880 ἀγγέλων

214 2899 318 2952 καὶ
356 2900 711 2970 ἀρχαγγέλων
769 2902 864 2955 καὶ
919 2903 1249 2974 πνευμάτων
1312 2902 1476 2957 θείων
1532 2904 1820 2976 διαφορὰς,

216 2992 447 3063 θρόνους
478 3011 536 3046 τε
568 2996 662 3047 καὶ
693 2996 1020 3066 κυριότητας
1057 2997 1152 3050 καὶ
1204 2997 1379 3070 ἀρχὰς
1414 2998 1509 3052 κα)¹
1549 2997 1817 3065 ἐξουσίας,

1928 1882 2051 1950 quis
2081 1880 2347 1935 curiosius
2400 1880 2660 1949 inquirat.
2703 1882 2856 1949 Quod
2882 1881 2924 1933 si
2955 1883 3078 1950 quis
3108 1884 3515 1952 profundiorem

1927 1972 2116 2029 harum
2153 1989 2335 2028 rerum
2373 1973 2781 2044 intelligentiam
2818 1977 3098 2045 percipere
3152 1977 3301 2042 velit,
3365 1985 3520 2033 certe

1929 2079 2033 2118 non
2061 2067 2232 2135 magis
2263 2081 2324 2119 ea
2351 2066 2416 2119 ad
2441 2065 2712 2135 apostolos
2737 2082 2896 2136 quam
2929 2069 3150 2137 quosvis
3168 2068 3342 2136 justos
3362 2081 3415 2125 et
3437 2073 3518 2126 di-

1927 2157 2100 2212 lectos
2129 2157 2240 2212 Deo
2286 2157 2532 2212 retulerit
2565 2176 2579 2212 :
2616 2168 2671 2212 et
2719 2159 2789 2212 ita
2826 2162 3224 2216 transcenderit
3269 2163 3393 2217 inde
3447 2166 3514 2218 ad

1928 2251 2139 2304 divinas
2168 2260 2224 2304 et
2251 2251 2525 2320 angelicas
2552 2261 2848 2319 potestates
2881 2268 2895 2304 :
2932 2269 3028 2323 per
3072 2264 3284 2308 montes
3317 2264 3371 2309 et
3400 2256 3516 2310 col-

1927 2338 2008 2392 les
2033 2338 2301 2409 designari
2328 2339 2635 2410 intelligens
2661 2341 2972 2410 angelorum
2997 2344 3514 2415 etarcbangelorum

1927 2437 1981 2482 et
2011 2429 2314 2484 divinorum
2343 2431 2630 2501 spirituum
2662 2432 3017 2498 dilferentias,
3064 2435 3309 2500 thronos,
3342 2438 3518 2492 domi-

1926 2521 2197 2588 nationes,
2251 2523 2612 2593 principatus,
2669 2537 2988 2595 potesmtes.
3040 2527 3158 2583 Jam
3208 2545 3336 2584 vero
3372 2533 3515 2600 quod

1927 2615 2029 2670 ista
2057 2616 2238 2670 omnia
2287 2632 2383 2687 per
2415 2618 2587 2686 illum,
2619 2629 2673 2673 et
2694 2623 2758 2674 ad
2789 2620 2935 2675 illum
2964 2631 3145 2676 creata
3181 2622 3426 2678 iuerint:
3459 2634 3518 2678 et

1925 2707 2066 2774 quod
2097 2718 2224 2761 ante
2253 2710 2353 2764 ista
2383 2711 2589 2776 omnia,
2623 2712 2739 2781 ipse
2769 2712 3125 2778 subsistebat,
3165 2715 3381 2770 divinus
3420 2715 3517 2770 do~

1924 2810 2009 2856 cet
2031 2802 2343 2870 Apostolus,
2374 2803 2689 2874 inspiratus,
2723 2813 2779 2858 ut
2806 2819 2905 2872 par
2937 2807 3284 2872 cstcredere,
3316 2807 3515 2862 divini--

1926 2902 2031 2957 tus;
2066 2908 2186 2948 cum
2218 2894 2270 2948 in
2297 2909 2527 2963 persona
2568 2894 2689 2950 Filii
2722 2894 2814 2950 Dei
2843 2897 2957 2951 haec
2986 2908 3298 2968 usurparet,
3323 2898 3516 2954 Prius--

1922 3001 2080 3055 quam
2109 2996 2309 3041 montes
2345 2987 2722 3056 fundarentur,
2766 2999 2888 3044 ante
2933 3007 3112 3045 omnes
3145 2991 3303 3046 colles
3337 2995 3514 3062 genuit

212 3086 305 3140 ὅτι
332 3086 409 3156 (5)
443 3085 508 3158 δὴ
549 3087 644 3140 καὶ
669 3087 843 3142 ταῦτα
880 3089 1060 3144 πάντα
1089 3089 1158 3142 δι’
1190 3090 1377 3156 αὑτοῦ,
1415 3092 1508 3144 κα)⁵
1541 3093 1620 3156 είς
1659 3092 1794 3146 αὑτδπ

1937 3094 2022 3130 ne.
2052 3078 2118 3132 Et
2158 3079 2262 3132 alia
2305 3081 2520 3148 quidem
2558 3083 2736 3136 omnia
2773 3085 2912 3138 facta
2953 3085 3126 3139 dicit:
3163 3087 3335 3140 solum
3386 3103 3516 3144 vero

213 3177 467 3231 ἐκτίσθαι
503 3179 597 3232 καὶ
627 3179 733 3251 πρὸ
755 3182 972 3234 πάντων
1005 3181 1185 3234 αὐτῶν
1207 3177 1346 3235 εἶναι
1370 3182 1596 3245 τούτων,
1629 3185 1657 3236 6
1678 3181 1821 3246 θεῖος

213 3269 460 3335 ἐδίδαξεν
475 3271 795 3334 Ἀπόστολος
827 3271 925 3344 (6),
953 3271 1280 3343 ὲνθέως(ὠς)
1307 3273 1451 3336 είκδς
1477 3271 1820 3343 ὁρμώμενος.

211 3361 396 3416 διὰτὸ
437 3363 690 3432 λέγεσθαι
747 3366 804 3416 ὲν
849 3365 1058 3429 τούτοις
1109 3366 1174 3418 ὲκ
1225 3364 1522 3437 προσώπου
1556 3365 1648 3417 τοῦ
1691 3364 1820 3418 Υἱοῦ

211 3453 313 3508 τοῦ
332 3454 466 3508 Θεοῦ
483 3456 566 3519 τὸ,
596 3455 715 3525 Πρό
749 3457 855 3511 τοῦ
884 3457 989 3526 ὄρη
1013 3456 1402 3528 ἑδρασθῆναι,
1430 3457 1544 3526 πρὸ
1576 3456 1644 3510 δὲ
1672 3455 1822 3510 πάν-

211 3563 337 3599 των
373 3546 622 3612 βουνῶν
662 3547 845 3619 γεννᾷ
874 3567 968 3619 με.
1013 3550 1094 3603 Τὰ
1131 3550 1227 3620 μὲν
1265 3545 1358 3603 οὖν
1413 3548 1549 3604 ἄλλα
1587 3549 1820 3621 δρᾶσθαι

213 3641 348 3711 ἔφη,
384 3641 543 3710 μόνον
582 3641 830 3707 δὲιαὺτὸν
855 3642 1213 3714 γεγεννῆσθαι
1249 3643 1354 3714 πρὸ
1381 3641 1480 3712 τῆς
1505 3641 1612 3695 τῶν
1644 3642 1817 3715 δηλω-

211 3731 419 3786 θέντων
446 3733 779 3798 συστάσεως.
814 3730 936 3788 Οἷδε
963 3735 1019 3788 δὲ
1052 3734 1149 3807 τὴν
1184 3735 1506 3804 ἐπουράνιον
1549 3735 1820 3805 Ἰερουσα-

211 3824 330 3896 λὴμ
352 3826 381 3878 6
406 3825 924 3889 αὑτὸςἈπόστολος,
967 3827 1062 3880 καὶ
1094 3826 1155 3878 τὸ
1199 3825 1451 3894 οὐράνιον
1503 3825 1629 3897 ὅρος
1655 3827 1740 3896 ἐφ’
1773 3819 1818 3894 ᾧ

209 3918 421 3988 ταύτην
475 3914 614 3970 εἷναί
670 3935 804 3990 φησι
851 3917 1058 3987 λέγων’
1111 3919 1615 3987 Προσεληλύθατε
1665 3920 1819 3973 Σιὼν

211 4007 356 4075 ὄρει,
396 4006 493 4061 καὶ
528 4009 703 4062 πόλει
735 4008 884 4062 Θεοῦ
915 4006 1129 4074 ζῶντος
1163 4010 1561 4079 Ἰερουσαλὴμ
1589 4009 1683 4063 ἐπ’
1713 4013 1808 4065 οὐ·

199 4097 394 4171 ραγῷ,
435 4100 533 4154 καὶ
576 4101 871 4170 μυρίασιν
901 4101 1196 4173 ἀγγέλων,
1233 4105 1563 4174 πανηγύρει
1589 4103 1821 4158 καίΕκ-

210 4193 442 4261 κλησίςι
490 4191 881 4263 πρωτοτόκων
918 4193 1465 4265 ἀπογεγραμμένων
1521 4196 1592 4250 ἐν
1639 4198 1817 4265 οὐρα-

208 4285 362 4352 νοῖς.
395 4286 505 4339 Καὶ
537 4285 742 4340 τούτων
779 4286 1068 4358 τοιγαροῦν
1092 4287 1347 4340 ἁπάντων
1377 4287 1757 4360 προῦπάρχων
1782 4290 1811 4342 ὁ

207 4377 305 4430 τοῦ
332 4377 467 4431 Θεοῦ
511 4377 805 4450 μονογενὴς
833 4379 960 4443 Υἱὸς
1005 4377 1074 4432 τὰ
1100 4378 1202 4448 τῆς
1247 4379 1454 4442 οἰκείας
1495 4381 1812 4452 ἀπορρήτου

205 4470 518 4540 γεννήσεως
541 4469 1056 4541 ὲπικεκρυμμένως,
1085 4469 1172 4524 διὰ
1189 4469 1298 4523 τῶν
1327 4468 1646 4540 Παροιμιῶν
1668 4470 1812 4541 ῂνίτο
1842 4485 1886 4540 ι)

208 4578 356 4616 τετο.
384 4562 494 4616 Καὶ
518 4564 600 4616 ὅτι
627 4579 691 4631 γε
733 4563 902 4616 ταῦτα
923 4563 1195 4617 ὑπέϐαλλε
1225 4566 1386 4628 νοεῖν,
1417 4561 1574 4634 δῆλον
1622 4562 1688 4616 ἂν
1709 4561 1804 4632 γέ-

212 4673 359 4711 νοιτο
379 4656 472 4726 ἀφ’
501 4650 576 4711 ὧν
605 4657 864 4711 συνάπτει
895 4656 1021 4729 ἑξῆς
1047 4657 1220 4727 λέγων
1244 4674 1258 4688 °
1307 4656 1510 4712 Ἡνίκα
1537 4653 1808 4726 ἡτοίμαζε

205 4752 320 4806 τὸν
338 4751 622 4820 οὐρανὸν,
652 4751 1070 4821 συμπαρήμην
1098 4751 1278 4817 αὐτῷ.
1315 4751 1484 4804 Ἔνθα
1510 4752 1538 4804 δ
1560 4753 1808 4819 γενναῖος

204 4843 316 4898 τῶν
345 4843 579 4916 Γραφῶν
608 4844 880 4917 ἑρμηνεὺς
913 4843 1292 4908 ἀποκλεισθεὶς
1321 4842 1450 4914 ἕστη
1481 4843 1582 4913 (7),
1615 4841 1810 4914 μηκέθ’

205 4935 475 5007 ὑπερϐὰς,
507 4935 587 5007 τῷ
629 4935 702 5008 μὴ
740 4936 1056 5007 δεδυνῆσθαι
1092 4934 1412 5006 ὲξομαλίσαι
1459 4935 1558 5006 τὴν
1587 4934 1814 4988 ἀκολου·-

206 5025 332 5081 θίαν
349 5027 451 5098 τῆς
474 5026 830 5098 ἀποδοθείσης
867 5025 1018 5097 αὐτῷ
1049 5028 1179 5098 περὶ
1207 5026 1310 5096 τῆς
1335 5025 1539 5098 σαρκὸς
1567 5022 1664 5077 τοῦ
1696 5024 1810 5076 Σω-

201 5118 371 5191 τῆρος
415 5117 748 5183 ὑποθέσεως.
784 5120 932 5171 Ἀνω
974 5117 1084 5190 γὰρ
1125 5119 1221 5172 καὶ
1258 5117 1410 5170 κάτω
1459 5116 1558 5187 τῆς
1600 5114 1804 5186 σαρκὸς

204 5209 614 5284 μνημονεύσας,
657 5211 752 5265 καὶ
788 5210 967 5266 πάντα
999 5209 1254 5282 εἰρῆσθαι
1285 5207 1417 5282 περὶ
1445 5208 1545 5280 τῆς
1596 5207 1801 5279 σαρκὸς

175 5369 184 5379 ’
279 5382 340 5442 K4
377 5375 475 5432 Ed.
504 5373 708 5442 Paris.,
734 5389 857 5446 pag.
882 5373 1006 5440 162,
1052 5372 1152 5429 165
1247 5371 1296 5405 ⁸⁸
1326 5369 1490 5428 Hebr.
1524 5383 1621 5438 xu,
1643 5369 1738 5434 22,
1771 5366 1863 5422 25.

272 5560 353 5635 (5)
379 5562 812 5635 Μυρίαλαὺτός.
840 5560 984 5634 Lege
1021 5559 1194 5635 μυρία
1216 5561 1274 5615 δὲ
1315 5560 1450 5634 [imo
1480 5561 1526 5615 δ’
1566 5560 1633 5616 ἄν
1672 5575 1794 5618 cum

203 5632 392 5697 «)de
421 5635 516 5688 καὶ
538 5632 722 5697 αὑτός.

296 5703 354 5788 ρ)
371 5702 727 5788 litigari/316;
740 5713 794 5759 et
808 5717 930 5788 mox
947 5703 1010 5788 τδ
1030 5704 1104 5788 μλή
1127 5703 1285 5775 etuinl'
1286 5719 1343 5760 ra
1355 5704 1451 5758 καὶ
1467 5702 1614 5758 διαϐ.

301 5771 354 5845 5)
389 5771 715 5844 vuigo‘et'et
741 5789 864 5831 mox
892 5771 1137 5846 ικτιάθὴ.

1926 3174 2102 3238 ipsum
2134 3174 2373 3241 genitum
2408 3184 2534 3228 ante
2567 3177 3007 3232 constitutionem
3053 3181 3512 3247 supradictorum.

1924 3261 2084 3314 Novit
2114 3275 2290 3317 autem
2312 3264 2452 3318 idem
2473 3267 2768 3335 Apostolus
2786 3279 2840 3322 et
2861 3267 3161 3324 Jerusalem
3197 3272 3474 3329 caelestem
3497 3315 3515 3340 ,

1924 3363 1980 3407 ct
2009 3365 2244 3408 montem
2303 3356 2356 3410 in
2392 3374 2500 3426 quo
2527 3361 2614 3414 illa
2657 3364 2909 3416 conditur
2935 3365 3232 3429 cmleSIem,
3272 3369 3359 3421 ubi
3415 3369 3513 3435 ait,

1921 3445 2226 3498 Accessiuis
2252 3447 2320 3499 ad
2348 3457 2576 3502 montem
2603 3447 2753 3516 Sion,
2783 3462 2828 3505 et
2859 3455 3120 3507 civitatem
3159 3457 3372 3509 viventis
3398 3456 3513 3521 Dei,

1920 3535 2218 3591 Jerusalem
2253 3539 2308 3592 in
2339 3540 2502 3604 cretis,
2533 3543 2601 3594 ad
2625 3544 3020 3598 multitudinem
3057 3547 3388 3601 innumeram
3413 3566 3512 3602 an-

1920 3627 2176 3696 gelorum,
2203 3631 2508 3700 panegyrim
2557 3642 2605 3684 et
2649 3633 2939 3688 Ecclesium
2968 3638 3434 3706 primogenitorum
3459 3639 3514 3692 in

1920 3720 2060 3772 caelis
2079 3721 2457 3788 deseriptorum
2478 3721 2546 3774 ⁸³.
2583 3721 2722 3776 Ante
2761 3725 2861 3777 ista
2892 3724 3109 3792 quidem
3142 3725 3322 3778 omnia
3361 3725 3512 3779 exsi-

1921 3821 2068 3867 stens
2098 3814 2414 3889 unjgenitus
2443 3814 2537 3868 Dei
2565 3814 2758 3881 Filius,
2789 3831 2909 3886 qua!
2961 3818 3029 3870 ad
3063 3817 3236 3886 ipsius
3268 3815 3515 3871 ineliabi-

1920 3904 2022 3959 lem
2053 3909 2373 3973 spectabant
2409 3911 2834 3978 generationem,
2870 3909 3256 3963 absconditein
3281 3909 3512 3964 Provero

1919 3998 2022 4052 biis
2051 3998 2343 4054 intimavit.
2387 3999 2453 4054 Et
2493 4001 2636 4071 quod
2686 4001 2830 4057 hunc
2861 4005 3086 4058 subesse
3113 4017 3336 4057 sensum
3365 4003 3512 4057 vole-

1917 4092 2010 4145 bat
2040 4092 2262 4163 inlelligi
2297 4103 2445 4164 patet
2476 4108 2542 4148 ex
2591 4094 2658 4150 iis
2710 4110 2829 4165 qua:
2861 4096 3044 4149 statim
3076 4096 3343 4166 adjungit,
3377 4094 3512 4150 Cum

1917 4183 2070 4238 caelos
2103 4193 2407 4252 appararet,
2441 4185 2520 4239 illi
2544 4193 2775 4255 prwsens
2800 4186 2975 4257 adfui.
2997 4185 3097 4242 Hic
3115 4187 3226 4255 jam
3261 4191 3511 4259 egregius

1918 4277 2187 4345 interpres
2216 4279 2620 4348 Scripturarum
2649 4281 3186 4345 exclusussubstitit,
3215 4295 3313 4336 nec
3333 4291 3516 4336 trans-

1917 4367 1998 4421 ire
2029 4369 2203 4434 potuit
2242 4383 2256 4420 :
2294 4370 2437 4438 quod
2467 4371 2916 4440 consequentiam
2950 4371 3238 4425 reddendie
3264 4372 3513 4441 supposi-

1917 4459 2078 4514 tionis
2129 4462 2196 4514 de
2241 4476 2406 4516 carne
2461 4461 2793 4526 Servatoris,
2847 4461 3196 4532 complanare
3237 4463 3508 4532 nequiret.

1915 4552 2187 4608 Mentione
2212 4554 2357 4608 enim
2417 4555 2556 4610 facta
2611 4558 2991 4624 susquedeque
3038 4554 3246 4618 carnis,
3305 4567 3362 4607 et
3395 4570 3511 4609 om-

1921 4648 2010 4701 nia
2029 4647 2182 4717 quasi
2208 4647 2351 4701 dicta
2377 4649 2443 4702 de
2459 4663 2626 4702 carne
2651 4649 2894 4716 exposita
2933 4661 3241 4717 proponens
3275 4652 3334 4711 ᾖ
3363 4648 3510 4718 (nam

1920 4739 1985 4792 ad
2011 4753 2182 4809 usque
2211 4749 2422 4794 montes
2457 4751 2511 4794 et
2533 4740 2699 4796 colles
2719 4742 2912 4807 evasit,
2940 4756 3079 4810 quos
3104 4741 3380 4805 apostolos
3416 4755 3511 4792 ar-

1920 4832 2156 4888 bitratur
2206 4831 2396 4904 esse),
2439 4850 2556 4903 quae
2614 4845 2919 4903 sequuntur
2973 4834 3194 4888 silentio
3252 4834 3511 4902 deinceps
3618 4899 3620 4902 ν

1920 4925 2115 4981 lubens
2167 4927 2489 4992 transmisit,
2525 4943 2628 4981 non
2661 4943 2826 4982 ausus
2866 4927 3092 4982 ulterius
3127 4927 3180 4980 in
3211 4925 3513 4995 Scripturis

1923 5021 2194 5091 progredi.
2223 5021 2404 5092 Atque
2443 5023 2516 5076 ita
2552 5021 2771 5075 ﬁbulam
2810 5019 3045 5074 orationi
3075 5019 3342 5088 apposuit.
3382 5017 3514 5071 Post

1915 5113 2315 5183 quamplurima
2345 5115 2675 5169 intermemo
2702 5127 2951 5168 sermone
2986 5121 3286 5175 transacta,
3322 5110 3392 5165 ab
3424 5125 3514 5163 ac-
3548 5148 3560 5163 .

1910 5206 2160 5275 ceptione
2188 5207 2276 5262 illa
2305 5207 2514 5262 carnali
2555 5206 2750 5273 resilit,
2784 5205 2964 5260 lassus
3003 5204 3097 5260 Dei
3133 5203 3369 5260 Verbum
3405 5202 3507 5257 ista

1978 5557 2054 5681 (6)
2102 5555 2350 5622 Ἑνθέως
2379 5556 2561 5620 εἰκός.
2584 5554 2766 5621 Deest,
2794 5553 2892 5620 ὡς,
2927 5552 3003 5616 ὡς
3037 5550 3208 5616 είκός.
3228 5549 3502 5608 M.-—Mux

1978 5671 1980 5681 ,
2006 5645 2073 5681 ao
2100 5627 2209 5681 ποὺ
2229 5627 2300 5681 τὰ
2323 5627 2448 5681 δοη.

1909 5627 2073 5699 vulgo
2100 5627 2209 5700 πρὸ
2229 5627 2300 5681 τὰ
2323 5627 2448 5700 δρη.

1975 5693 2054 5771 ('7)
2088 5693 2186 5767 Μῆ
2218 5693 2668 5771 καθ”ὖπ-ερϐἀς.
2692 5695 2880 5771 Forte,
2913 5695 2988 5768 μὴ
3026 5693 3177 5750 κάτω
3201 5694 3416 5758 διαϐάς.
3440 5693 3511 5748 Μ.

1922 5766 1994 5812 -έ
2021 5766 2188 5840 Vulgo
2227 5769 2300 5841 μὴ
2335 5769 2509 5840 μηκέθ
2539 5766 2802 5836 ὑπερϐάς.
2873 5803 2876 5807 η
