3828 6222
377 263 483 321 995

1053 265 1325 324 EUSEBII
1363 262 1848 323 CIESABIENSIS
1886 262 2040 322 OPP.
2082 263 2265 320 PARS
2305 263 2401 323 IV.
2441 295 2513 306 —
2552 265 2980 325 DOGMATICA.

3572 271 3678 329 996

378 389 749 459 prolocutum;
781 389 1110 459 verba‘ejus
1137 401 1263 448 sunt
1294 390 1387 465 [Β.
1419 388 1534 446 LIV
1568 390 1694 447 coll.
1722 405 1778 461 p.
1816 390 1881 445 ιι
1914 390 1971 458 1),

2140 389 2504 463 τοφηνάμενος
2525 389 2713 463 (μέχρι
2739 392 2851 464 γὰρ
2876 391 2986 447 τῶν
3030 391 3173 465 ὀρῶν
3204 390 3301 446 καὶ
3331 390 3440 446 τῶν
3472 390 3682 463 βουνῶν

380 484 485 539 H2
516 482 582 547 Ι),
613 482 717 537 166
744 482 812 555 Α]
847 500 863 537 :
896 501 915 534 ι
952 483 1276 553 Priusquam
1332 494 1480 539 esset
1539 483 1797 547 mundus,
1855 491 1976 538 erat

383 597 402 629 ι
436 579 547 648 jam
602 576 835 634 Verbum
895 577 947 631 in
1004 576 1187 631 Patre.
1243 576 1378 632 Cum
1441 590 1572 631 vero
1634 576 1975 644 omnipotens

384 689 405 723 ε
444 671 602 735 Deus,
633 671 814 725 omnia
840 684 903 725 ea
931 669 1165 725 condere
1191 671 1331 740 apud
1361 685 1423 726 se
1450 670 1831 736 constituerat,
1854 684 1975 738 quae

385 779 407 813 ι
443 771 569 817 sunt
600 763 655 817 in
705 762 859 816 caelis
896 770 951 817 et
977 776 1141 832 super
1169 773 1368 818 terram
1400 782 1414 818 :
1442 764 1627 818 mundi
1657 772 1806 819 certe
1843 778 1974 833 pro-

383 874 404 908 ι
440 854 623 911 ductio
654 854 858 910 eﬂicaci
883 855 1196 923 operatione
1223 855 1515 927 indigebat.
1548 856 1617 910 Et
1663 871 1784 910 cum
1835 871 1974 924 pra:-

386 965 407 999 s
442 957 525 1002 ter
573 948 759 1011 Deum,
810 947 942 1001 nihil
983 962 1204 1017 prorsus
1255 957 1402 1003 esset
1447 948 1595 1019 (tiam
1652 948 1870 1019 ponitur
1920 949 1974 1003 in

388 1058 408 1092 ι
438 1038 688 1095 confesso
723 1040 865 1110 quod
898 1039 1097 1095 fuerint
1124 1041 1302 1095 omnia
1331 1041 1398 1095 ab
1446 1040 1537 1094 illo
1570 1038 1833 1110 condita),
1864 1049 1975 1095 tum

389 1150 408 1184 ι
440 1134 737 1201 procedens
767 1132 1026 1195 Verbum,
1085 1135 1284 1190 factum
1331 1142 1416 1189 est
1467 1133 1651 1188 mundi
1704 1134 1972 1200 conditor,

387 1242 409 1277 ι
440 1225 579 1294 quod
613 1225 882 1280 exsisteus
909 1228 1059 1296 prius
1092 1226 1261 1294 intus,
1293 1226 1441 1281 illum
1478 1226 1651 1295 ipsum
1684 1226 1979 1296 apparabat

387 1334 408 1367 s
444 1319 895 1386 quemadmodum
923 1334 1021 1373 nos
1049 1319 1309 1388 propheta
1332 1322 1489 1373 docet
1515 1318 1771 1374 Salomon
1802 1336 1814 1372 :
1841 1315 1977 1371 Cum

389 1427 411 1460 ο
446 1420 725 1477 appararet
748 1420 969 1475 terram,
989 1426 1095 1464 una
1122 1427 1353 1479 praesens
1385 1412 1600 1464 aderam
1618 1410 1686 1463 “.
1723 1409 1810 1476 Et,
1843 1408 1977 1464 Cum

386 1519 406 1551 ι
443 1500 613 1569 fontes
639 1502 730 1571 qui
765 1502 858 1555 sub
888 1502 1016 1556 coelo
1044 1514 1165 1556 sunt
1191 1502 1376 1571 ﬁrmos
1405 1512 1643 1572 poneret,
1663 1512 1709 1555 et
1726 1502 1978 1555 soiidaret

350 1611 408 1661 ,ι
442 1593 777 1661 ﬁrmamenta
816 1606 990 1659 terrm,
1049 1609 1194 1647 eram
1240 1593 1384 1662 apud
1429 1610 1548 1649 eum
1596 1594 1858 1662 adaptatis
1889 1610 1974 1648 ea.

386 1700 407 1734 s
449 1682 561 1753 Ego
596 1699 742 1737 erant
791 1684 847 1738 in
871 1700 976 1753 qua
1009 1683 1369 1739 oblectabatur
1388 1685 1457 1742 ⁸⁸.
1486 1684 1681 1740 Procul
1721 1687 1883 1741 dubio
1912 1688 1980 1743 si-

387 1794 407 1827 ι
445 1777 659 1847 quidem
704 1763 997 1847 gaudebat’
1011 1776 1194 1843 Pater,
1256 1793 1379 1833 cum
1420 1795 1516 1850 per
1549 1777 1784 1834 Verbum
1814 1795 1973 1836 suum

389 1887 411 1921 ι
448 1868 720 1938 sapienter
767 1875 822 1922 et
867 1878 1116 1939 potenter
1161 1871 1275 1925 haec
1310 1871 1493 1925 omnia
1528 1871 1747 1926 faceret.
1790 1890 1810 1925 ι
1851 1872 1977 1929 Haec

384 1960 691 2016 Marcellus.
716 1959 818 2027 Qui
848 1961 895 2015 si
923 1964 1011 2015 vix
1047 1962 1259 2016 tandem
1290 1964 1507 2034 agnovit
1535 1963 1652 2019 haec
1696 1964 1750 2020 in
1788 1980 1976 2034 perso-

383 2069 454 2108 na
485 2052 646 2109 Verbi
687 2053 829 2107 dicta
882 2067 1027 2118 esse,
1090 2055 1398 2109 necessario
1431 2054 1675 2111 confiteri
1731 2065 1974 2126 cogetur,

383 2148 694 2203 universam
753 2144 826 2199 ibi
878 2144 1146 2199 dictorum
1196 2159 1534 2216 compagem,
1567 2146 1635 2201 de
1660 2148 1848 2202 eodem
1883 2148 1977 2203 Dei

382 2235 566 2292 Verbo
601 2245 937 2305 usurpatam.
980 2234 1115 2290 Nam
1151 2236 1242 2305 qui
1282 2236 1440 2303 dixit,
1473 2236 1608 2292 Cum
1651 2250 1977 2309 pra'pararet

383 2328 569 2384 eretur»:
601 2328 651 2382 ei
681 2330 920 2394 aderam,
986 2328 1127 2383 idem
1159 2327 1393 2383 Verbum
1420 2330 1631 2386 scilicet
1654 2340 1769 2384 erat
1801 2331 1890 2401 qui
1922 2339 1979 2387 et

382 2418 546 2477 dixit.
580 2421 838 2475 Dominus
861 2421 1095 2476 condidit
1144 2439 1225 2476 me
1264 2423 1583 2493 principium
1622 2425 1827 2478 viarum
1846 2441 1976 2479 sua-

384 2532 503 2570 rum
538 2519 608 2571 ad
638 2533 797 2581 opera
822 2533 940 2570 sua.
995 2515 1110 2571 Una
1163 2518 1363 2572 etenim
1396 2518 1693 2589 eademque
1742 2534 1974 2590 persona

386 2610 898 2678 repraesentabatur,
934 2608 986 2663 in
1016 2608 1282 2679 principio
1311 2608 1470 2678 hujus
1498 2625 1708 2679 passus,
1763 2627 1884 2681 quae
1922 2621 1978 2667 et

385 2701 570 2757 omnia
623 2701 876 2770 deinceps
933 2701 1354 2770 exsequebatur.
1407 2700 1500 2757 llle
1532 2715 1662 2772 ergo
1691 2703 1781 2772 qui
1817 2702 1973 2768 dixit,

387 2792 647 2848 Dominus
698 2791 930 2846 condidit
975 2806 1058 2845 me
1110 2791 1427 2861 principium
1470 2792 1677 2846 viarum
1730 2809 1975 2858 suarum,

386 2885 675 2942 subintulit
720 2883 871 2952 illud,
934 2884 1069 2939 Ante
1093 2883 1291 2939 saecula
1340 2884 1579 2951 [undavit
1609 2900 1690 2939 me
1730 2900 1749 2939 :
1796 2895 1869 2952 et,
1907 2883 1975 2939 In

388 2978 647 3047 principio
691 2985 971 3047 antequam
1015 2986 1209 3031 terram
1250 2977 1545 3031 conderet:
1577 2984 1653 3045 et,
1684 2977 1976 3048 Antequam

2075 482 2301 552 ἔφθασε,
2337 485 2463 549 τοὺς
2490 485 2827 550 ἀποστόλους
2852 485 3003 540 ταῦτ’
3030 485 3199 540 εἰπὼν
3224 481 3413 553 εἶναι),
3438 487 3512 541 τά
3529 485 3588 539 δέ
3616 501 3682 555 γε

2077 574 2295 639 τούτοις
2326 575 2600 631 ἀκόλουθα
2624 576 2768 632 ἓκων
2795 577 3080 649 παρέδωκε
3109 580 3312 650 σιωπῇ,
3351 579 3551 650 μηκέτι
3583 579 3686 649 τῆς

2075 665 2303 736 Γραφῆς
2356 667 2672 739 περαιτέρω
2720 666 3003 740 προελθεῖν
3052 668 3352 740 τολμήσας.
3418 669 3688 724 Ἐνταῦθα

2080 758 2179 827 μὲν
2211 754 2305 811 οὖν
2336 758 2517 831 ἵστησι
2545 759 2637 812 τὸν
2661 758 2817 827 λόγον
2834 776 2849 790 ⁸
2878 762 3018 832 μετὰ
3037 760 3269 816 πλεῖστα
3292 761 3351 814 δὲ
3382 763 3483 816 ὅσα
3518 778 3691 832 μεταο

2077 846 2139 912 ξὺ
2174 848 2323 921 αὐτῷ
2345 849 2669 921 λελεγμένα,
2696 850 2993 922 ἀφίσταται
3023 852 3121 923 μὲν
3156 853 3258 923 τῆς
3295 853 3390 906 ἐπὶ
3420 854 3523 924 τὴν
3550 853 3690 925 σάρ-

2077 957 2150 994 κα
2182 942 2432 1014 ἐκδοχῆς,
2474 942 2730 1013 ὁμολογεῖ
2780 942 2839 996 δὲ
2881 943 2976 997 τὸν
3005 942 3102 997 τοῦ
3158 943 3295 998 Θεοῦ
3325 946 3500 1014 Λόγον
3542 942 3691 999 εἶναι

2075 1035 2167 1088 τὸν
2212 1035 2389 1090 ταῦτα
2442 1037 2712 1105 φήσαντα.
2767 1036 2932 1107 Λέγει
2977 1036 3023 1090 δ’
3067 1032 3160 1092 οὖν
3202 1037 3387 1102 αὐτοῖς
3431 1039 3687 1109 ῥήμασιο

2082 1143 2102 1176 ι
2122 1126 2237 1197 Πρὸ
2264 1126 2375 1198 γάρ
2398 1125 2492 1179 τοῦ
2536 1126 2627 1180 τὸν
2652 1126 2859 1197 κόσμον
2888 1122 3031 1180 εἶναι
3066 1122 3136 1198 ἦν
3174 1127 3346 1196 Λόγος
3375 1129 3433 1180 ὲν
3458 1128 3537 1199 τῷ
3570 1129 3693 1182 Πα-

2083 1236 2101 1268 ι
2126 1217 2236 1289 τρί.
2273 1219 2402 1271 Ὅτε
2423 1217 2482 1271 δὲ
2504 1218 2533 1271 6
2562 1215 2965 1289 παντοκράτωρ
2988 1216 3119 1281 Θεὸς
3144 1218 3323 1272 πάντα
3342 1235 3402 1271 τε
3428 1218 3488 1272 ὲν
3518 1219 3696 1287 οὐρα-

2084 1329 2102 1360 ι
2135 1313 2248 1374 νοῖς
2290 1310 2387 1364 καὶ
2424 1310 2495 1365 τά
2535 1310 2629 1363 ἐπὶ
2672 1309 2774 1381 τῆς
2816 1310 2921 1381 γῆς
2962 1309 3185 1381 ποιῆσαι
3220 1309 3503 1381 προέθετο,
3531 1313 3696 1380 ὲνερο

2084 1422 2103 1455 ι
2131 1402 2285 1472 γείας
2313 1405 2346 1474 ἡ
2378 1402 2472 1457 τοῦ
2502 1402 2709 1475 κόσμου
2753 1402 2971 1472 γένεσις
3012 1402 3183 1456 ἐδεῖτο
3220 1403 3539 1475 δραπικῆς,
3591 1403 3694 1460 καὶ

2086 1516 2104 1549 ι
2132 1496 2221 1551 διὰ
2244 1495 2425 1562 τοῦτο,
2466 1496 2694 1569 μηδενὸς
2733 1496 2889 1561 ὄντος
2925 1496 3116 1568 ἑτέρου
3162 1496 3305 1569 πλὴν
3354 1497 3491 1551 Θεοῦ
3525 1499 3696 1569 (πάν-

2085 1606 2198 1642 ιτα
2256 1588 2367 1660 γὰρ
2428 1589 2773 1660 ὁμολογεῖται
2821 1589 2896 1660 (8)
2940 1589 3033 1642 ὑπ’
3088 1588 3254 1642 αὑτοῦ
3307 1589 3692 1662 γεγενῆσθαι),

2087 1699 2106 1732 ι
2134 1681 2257 1734 τότε
2286 1681 2499 1751 ὁΛόγος
2528 1683 2809 1753 προελθὼν
2837 1683 3049 1753 ὲγίνετο
3073 1681 3168 1736 τοῦ
3191 1684 3397 1754 κόσμου
3428 1684 3692 1756 ποιητὴς,

2088 1792 2107 1823 ί
2130 1774 2161 1827 6
2197 1773 2293 1826 καὶ
2323 1773 2588 1846 πρότερον
2625 1773 2773 1828 ἔνδον
2807 1773 3019 1846 νοητῶς
3052 1772 3357 1845 ὲτοιμάζων
3383 1775 3572 1841 αὑτὸν,
3611 1776 3696 1840 ὡς

2089 1882 2109 1916 ι
2131 1863 2371 1919 διδάσκει
2416 1866 2565 1937 ἡμᾶς
2591 1868 2620 1919 6
2643 1867 2930 1938 προφήτης
2949 1859 3232 1937 Σολομὼν,
3278 1866 3483 1921 Ἠνίκα
3519 1869 3692 1934 ἠτρί-

2090 1974 2109 2008 ι
2127 1956 2271 2027 μαζε
2312 1957 2421 2012 τὸν
2471 1957 2756 2026 οὐρανὸν,
2804 1958 3001 2027 λέγων,
3031 1959 3448 2029 συμπαρήμην
3490 1957 3690 2024 αὐτῷ·

2089 2066 2109 2101 ι
2134 2049 2250 2111 καὶ,
2280 2049 2374 2116 Ὠς
2391 2050 2688 2120 ἀσφαλεῖς
2711 2050 2893 2105 ἐτίθει
2913 2050 3112 2121 πηγὰς
3130 2049 3244 2122 τῆς
3270 2051 3374 2105 ὑπ’
3390 2052 3690 2121 οὐρανόν

2089 2159 2109 2192 ι
2129 2142 2313 2210 ἡνίκα
2346 2143 2568 2212 ισχυρὰ
2597 2144 2786 2197 ἐποίει
2822 2143 2899 2198 τὰ
2929 2142 3177 2214 θεμέλια
3212 2143 3326 2214 τῆς
3353 2144 3490 2218 τῆς,
3520 2143 3695 2215 ἤμην

2090 2251 2109 2284 ι
2135 2232 2272 2301 παρ’
2297 2232 2458 2299 αὐτῷ
2495 2232 2856 2304 ἁρμόζουσα.
2902 2234 3052 2304 Ἐγὼ
3087 2233 3252 2304 ἤμην
3276 2230 3319 2307 ᾖ
3365 2235 3695 2305 προσέχαι-

2089 2343 2108 2375 ι
2124 2340 2224 2392 ρεο
2260 2323 2447 2397 ἔχαιρε
2489 2325 2599 2398 γάρ
2638 2325 2865 2389 εἰκότως
2905 2328 2933 2380 6
2966 2327 3158 2400 Πατὴρ
3209 2328 3347 2400 μετά
3376 2330 3573 2399 σοφίας
3596 2331 3695 2384 καὶ

2089 2434 2108 2467 ι
2132 2415 2415 2487 δυνάμεως
2465 2417 2556 2472 διὰ
2612 2418 2706 2472 τοῦ
2740 2419 2917 2489 Λόγου
2972 2420 3152 2475 πάντα
3199 2421 3391 2475 ποιῶν.
3424 2441 3444 2474 ι
3502 2421 3697 2477 Ταῦτα

2082 2510 2427 2582 Μάρκελλος.
2459 2512 2524 2565 Ei
2546 2511 2623 2584 (.9)
2655 2512 2719 2586 δὴ
2751 2509 2845 2568 οὖν
2872 2516 2935 2568 ὲκ
2965 2515 3258 2588 προσώπου
3288 2516 3383 2571 τοῦ
3406 2518 3587 2587 Λόγου
3615 2521 3698 2572 εἰ·

2085 2603 2280 2675 ρῆσθαι
2316 2603 2458 2658 αὐτὰ
2489 2605 2647 2677 μόγις
2680 2605 2813 2659 ποτὲ
2848 2606 3221 2681 ὡμολόγησεν,
3262 2610 3477 2683 ἀνάγκη
3523 2611 3698 2667 αὐτὸν

2083 2696 2490 2768 παραδέξασθαι
2523 2700 2704 2752 πᾶσαν
2747 2699 2846 2772 τὴν
2883 2699 3201 2774 σύμφρασιν
3244 2703 3353 2757 τῶν
3385 2705 3693 2776 προκειμέ-

2083 2808 2190 2845 νων
2222 2791 2315 2845 ὲπὶ
2355 2791 2448 2845 τὸν
2477 2792 2643 2846 αὑτὸν
2679 2790 2776 2846 τοῦ
2808 2784 2945 2845 Θεοῦ
2971 2793 3145 2861 Λόγον
3195 2793 3590 2866 ἀναφέρεσθαι.
3632 2796 3695 2850 Ὁ

2082 2883 2194 2957 γὰρ
2220 2882 2412 2949 εἰπὼν,
2428 2884 2641 2939 Ἡνίκα
2671 2883 2950 2956 ἡτοίμαζε
2975 2886 3084 2939 τὸν
3106 2886 3389 2954 οὐρανόν,
3407 2901 3695 2957 συμπαρ-

2081 2977 2247 3047 ήμην
2281 2973 2462 3042 αὐτῷ,
2501 2977 2665 3041 αὐτὸς
2687 2977 2803 3049 (l0)
2832 2973 2901 3050 ἦν
2933 2978 2962 3031 6
2996 2977 3090 3031 καὶ
3122 2977 3205 3042 τὸ,
3242 2979 3465 3047 Κύριος
3486 2978 3696 3033 ἐκτισέ

387 3077 589 3123 montes
623 3067 989 3137 ﬁrmarentur,
1018 3077 1139 3121 ante
1164 3082 1342 3120 omnes
1371 3065 1528 3120 colles
1555 3068 1733 3136 genuit
1757 3084 1873 3132 me;
1896 3078 1971 3136 et,

2140 3085 2155 3123 ι
2191 3068 2392 3138 ἀρχὴν
2419 3068 2579 3123 ὁδῶν
2613 3070 2802 3124 αὑτοῦ
2846 3072 2934 3137 είς
2963 3069 3109 3140 ἔργα
3141 3067 3351 3152 αὐτοῦ,
3386 3071 3604 3141 φήσας·
3632 3070 3693 3122 ἓν

388 3160 522 3214 Cant
543 3168 869 3230 prmpararet
896 3157 1074 3224 caelos,
1103 3159 1149 3214 ei
1184 3159 1421 3214 aderam.
1457 3157 1615 3229 Isque
1641 3160 1780 3214 idem
1805 3171 1860 3215 et
1887 3176 1977 3216 se-

387 3253 608 3323 quentia
661 3253 927 3323 apposuit.
964 3251 1116 3319 Quod
1173 3253 1218 3309 si
1253 3251 1492 3308 Verbum
1528 3263 1647 3308 erat
1671 3252 1717 3308 is
1753 3254 1842 3322 qui
1876 3253 1978 3309 ista

389 3344 549 3409 dixit,
572 3360 592 3395 ι
622 3342 889 3413 quomodo
906 3351 1026 3396 erat
1061 3342 1205 3397 intus
1233 3341 1287 3396 in
1314 3341 1441 3409 Deo,
1466 3340 1802 3410 coingenitus
1828 3340 1978 3397 Deo?

391 3452 415 3486 ι
451 3449 614 3489 unum
628 3434 897 3490 exsisteus
915 3432 1165 3503 idemque
1185 3447 1306 3491 cum
1330 3431 1432 3487 eo?
1451 3440 1504 3486 et
1530 3441 1706 3486 tamen
1724 3432 1979 3488 secondi-

392 3548 414 3577 ι
450 3535 562 3580 tum
576 3534 630 3579 et
650 3525 887 3593 genitum
906 3523 1222 3593 proﬁtetur?
1238 3521 1372 3578 Nan:
1388 3524 1544 3578 unica
1564 3537 1816 3593 persona,
1833 3525 1977 3595 quod

392 3635 413 3666 σ
447 3616 651 3672 dictum
682 3625 766 3672 est
815 3616 1217 3671 demonstratur
1267 3613 1516 3669 universa
1543 3613 1654 3679 illa,
1679 3628 1799 3684 qua:
1833 3615 1975 3669 dicta

392 3728 412 3762 ι
448 3707 1085 3778 δυηιεοιιῳΙειιωριιοά
1109 3707 1153 3762 si
1181 3708 1395 3763 tandem
1413 3721 1537 3761 sero
1563 3705 1693 3762 licet
1717 3705 1980 3762 conﬁtea-

388 3813 478 3857 tur
502 3803 618 3857 hate
646 3802 699 3856 iu
730 3814 961 3872 persona
1003 3799 1191 3865 Verbi,
1238 3800 1380 3868 quod
1425 3800 1477 3855 in
1505 3799 1613 3855 Deo
1645 3809 1786 3865 erat,
1833 3802 1976 3856 dicta

384 3908 508 3950 esse
536 3935 554 3961 ,
597 3902 745 3948 certe
790 3893 1084 3948 violentum
1131 3892 1555 3962 deprehenditur
1602 3901 1657 3947 et
1704 3903 1974 3958 coactmn,

385 3986 531 4056 quod
567 3985 635 4039 ad
664 3999 884 4040 carnem
907 3984 1214 4041 Servatoris
1243 3984 1599 4053 referebatur,
1635 3991 1695 4050 >14
1727 3997 1782 4041 et
1811 4001 1873 4041 ea
1901 3987 1975 4041 ita

386 4079 568 4135 omnia
597 4076 785 4142 cruda,
813 4076 994 4145 inepta
1019 4086 1073 4131 et
1099 4092 1237 4131 vana
1275 4076 1710 4134 manifestantur.
1744 4077 1897 4146 Quod
1929 4080 1972 4135 si

386 4185 519 4226 caro
557 4169 862 4224 Servatoris
879 4169 1054 4223 locuta
1078 4180 1179 4237 est,
1204 4168 1463 4225 Dominus
1479 4171 1711 4225 condidit
1728 4187 1810 4226 me
1827 4172 1976 4241 prin-

383 4262 583 4333 cipium
609 4262 812 4317 uiarum
833 4276 1055 4316 suarum
1081 4261 1151 4315 ad
1187 4278 1345 4331 opera
1383 4279 1482 4317 sua
1511 4303 1527 4329 ,
1579 4272 1638 4317 ut
1665 4264 1764 4334 ipsi
1797 4265 1973 4320 visum

384 4367 471 4411 est
498 4354 839 4425 interpretari
872 4370 885 4406 :
916 4355 1035 4410 etsi
1059 4370 1192 4410 caro
1217 4365 1342 4411 ante
1363 4355 1558 4411 saecula
1586 4355 1844 4412 fundatur
1871 4375 1887 4412 :
1920 4367 1975 4413 et

2085 3158 2195 3231 γὰρ
2234 3160 2326 3213 καὶ
2361 3159 2424 3213 τὸ
2452 3159 2581 3213 αὐτὸ
2609 3159 2900 3232 πρόσωπον
2933 3158 3257 3231 ἀρχομένοις
3283 3162 3417 3231 ἡμῖν
3449 3159 3689 3232 ἐδείχθη,

2085 3249 2147 3303 τὸ
2176 3250 2353 3304 πάντα
2382 3248 2676 3315 διεξοδεῦον
2700 3251 2770 3304 τὰ
2796 3251 3155 3325 προκείμενα.
3190 3251 3363 3316 Αὐτὸς
3394 3252 3691 3325 τοιγαροῦν

2085 3340 2256 3395 εἰπὼν
2284 3381 2298 3406 ,
2331 3342 2550 3411 Κύριος
2592 3339 2799 3395 ἕκτισέ
2836 3358 2916 3412 με
2941 3341 3144 3411 ἀρχὴν
3180 3340 3338 3395 ὁδῶν
3375 3342 3572 3398 αὑτοῦ
3604 3345 3693 3408 εἰς

2084 3433 2230 3504 ἔργα
2267 3435 2476 3501 αὑτοῦ,
2514 3434 2765 3506 ἐπήγαγε
2803 3434 2885 3498 τὸ,
2921 3433 3040 3503 Πρὸ
3072 3433 3194 3487 τῶν
3221 3432 3455 3488 αἰώνων
3483 3435 3690 3506 ἐθεμέ-

2082 3527 2272 3581 λίωσέ
2306 3542 2406 3597 με*
2456 3528 2552 3582 καὶ
2594 3529 2676 3594 τὸ,
2734 3529 2840 3583 Ἑν
2866 3526 3030 3598 ἀρχῇ
3084 3526 3200 3597 πρὸ
3245 3527 3353 3582 τοῦ
3400 3527 3524 3596 τὴν
3572 3527 3694 3598 γῆν

2083 3618 2370 3688 ποιῆσαι·
2412 3620 2508 3674 καὶ
2530 3619 2612 3685 τὸ,
2666 3620 2789 3689 Πρὸ
2837 3620 2945 3675 τοῦ
2977 3620 3085 3690 ὄρη
3131 3618 3538 3689 ἑδρασθῆναι·
3576 3622 3692 3691 πρὸ

2083 3708 2153 3763 δὲ
2193 3708 2440 3764 πάντων
2468 3710 2580 3783 (11)
2613 3710 2907 3785 [βουνῶν]
2945 3711 3136 3783 γεννᾷ
3181 3729 3279 3782 με.
3322 3713 3383 3766 Ὀ
3438 3713 3608 3778 αὐτὸς
3634 3713 3691 3768 δὲ

2084 3803 2180 3857 καλ¹
2228 3803 2309 3870 τὸ,
2367 3804 2571 3860 Ἠνίκα
2606 3804 2923 3875 ἡτοίμαζεν
2949 3805 3058 3859 τὸν
3105 3804 3369 3875 οὐρανὸν
3405 3820 3691 3876 συμπαρο

2082 3895 2246 3966 ήμην
2272 3894 2455 3962 αὐτῷ,
2495 3897 2701 3968 συνῆψε
2726 3898 2821 3952 καὶ
2863 3898 2930 3953 τὰ
2960 3897 3225 3952 ἀκόλουθα
3254 3897 3489 3961 τούτοις.
3525 3898 3596 3951 El
3626 3898 3689 3969 δὴ

2082 3982 2175 4041 οὖν
2207 3987 2237 4039 6
2268 3987 2439 4056 Λόγος
2466 3982 2535 4059 ἦν
2566 3990 2595 4041 6
2616 3987 2788 4042 ταῦτα
2810 3990 3010 4060 φήσας,
3053 4006 3072 4039 ι
3105 3986 3223 4053 πῶς
3256 3987 3406 4042 ἔνδον
3435 3983 3507 4060 ἦν
3528 3989 3591 4040 ὲν
3612 3988 3691 4056 τῷ

2090 4097 2109 4130 ι
2140 4078 2259 4151 Θεῷ
2291 4080 2387 4133 καί
2418 4080 2809 4153 συναγέννητος
2841 4080 2918 4135 ὣν
2950 4081 3028 4154 τῷ
3063 4080 3205 4152 Θεῷ,
3240 4081 3302 4137 ἓν
3328 4098 3387 4137 τε
3419 4085 3520 4135 καὶ
3554 4083 3685 4136 ταῦ-

2090 4193 2107 4225 ι
2135 4173 2227 4227 τὸν
2255 4173 2518 4246 ὑπάρχων
2551 4174 2722 4247 αὐτῷ,
2748 4175 2995 4231 ἐκτίσθαι
3046 4176 3239 4231 ἑαυτὸν
3287 4175 3442 4245 ἔλεγε
3466 4176 3567 4230 καὶ
3591 4194 3685 4246 γε·

2089 4284 2108 4316 ι
2138 4264 2441 4335 γενῆσθαι;
2497 4264 2554 4318 ἒν
2602 4265 2714 4337 (12)
2764 4266 2874 4341 γὰρ
2926 4269 3040 4332 καὶ,
3091 4268 3169 4332 ὡς
3215 4268 3343 4340 ἔφη,
3382 4267 3681 4343 ἀπεδείχθη

2089 4375 2107 4407 ι
2132 4356 2424 4427 πρόσωπον
2455 4357 2517 4410 τὸ
2546 4356 2727 4410 πάντα
2759 4356 2953 4422 διεξιὸν
2980 4358 3052 4414 τά
3084 4359 3446 4431 προκείμενα.
3481 4381 3500 4413 δ
3536 4362 3602 4414 Εἰ
3628 4364 3683 4415 δὲ

385 4445 442 4502 in
471 4446 736 4517 principio
766 4444 1086 4515 priusquam
1112 4455 1312 4500 terram
1339 4447 1597 4500 conderet
1621 4485 1637 4511 ,
1686 4455 1884 4501 terram
1912 4458 1971 4503 ut

2140 4447 2178 4501 ιὶ
2201 4448 2299 4518 ὀψέ
2332 4466 2488 4509 ποτε,
2515 4449 2865 4520 ὡμολόγησεν
2895 4450 2960 4503 ὲκ
2992 4450 3288 4522 προσώπου
3328 4451 3510 4506 ταῦτα
3536 4453 3687 4525 εἰρῆ-

384 4538 499 4593 vult
521 4552 741 4594 carnem
774 4537 933 4604 dixit,
968 4551 1034 4594 eo
1060 4538 1203 4608 quod
1229 4538 1527 4603 dicebatur,
1555 4537 1719 4593 Terra
1741 4556 1817 4602 es.
1840 4550 1892 4594 et
1915 4542 1971 4595 in

2140 4559 2204 4598 ἀι
2236 4544 2332 4597 τοῦ
2379 4547 2436 4597 ὲν
2476 4543 2555 4616 τῷ
2587 4543 2708 4616 Θεῷ
2738 4545 2934 4613 Λόγου,
2972 4544 3254 4615 βεϐίασται
3294 4545 3405 4616 ἀρα
3434 4546 3590 4616 αὐτῷ
3617 4546 3687 4599 τὰ

385 4641 580 4685 terram
609 4639 861 4685 revertere
876 4628 946 4684 ’σε
968 4636 1025 4684 et
1058 4630 1100 4685 si
1133 4643 1263 4685 caro
1297 4635 1416 4683 erat
1442 4642 1562 4698 qua:
1590 4629 1746 4692 dixit,
1782 4627 1974 4685 Prius-

2075 4634 2174 4706 τῆς
2205 4635 2284 4698 εἰς
2307 4633 2403 4706 τὴν
2435 4634 2614 4706 σάρκα
2641 4634 2733 4688 τοῦ
2762 4635 3015 4706 Σωτῆρος
3043 4634 3374 4699 ἀποδόσεως.
3404 4637 3520 4691 Καὶ
3550 4638 3683 4690 πάν-

380 4736 541 4790 quam
572 4719 767 4788 faceret
814 4720 1052 4790 abyssos,
1100 4722 1407 4789 priusquam
1439 4720 1757 4774 scaturirent
1799 4720 1971 4790 fontes

2140 4767 2142 4775 .
2170 4725 2382 4797 ἁθρόως
2413 4727 2599 4779 ἐκεῖνα
2633 4725 2777 4779 ἕωλα
2812 4728 2906 4782 καὶ
2951 4726 3156 4797 μάταια
3198 4727 3291 4783 καὶ
3314 4728 3553 4799 περιττά
3586 4746 3710 4792 τες--Δ

384 4827 668 4883 aquarum,
699 4812 1009 4883 priusquam
1037 4826 1234 4866 montes
1260 4810 1623 4881 ﬁrmarentur,
1648 4822 1769 4867 ante
1791 4829 1967 4868 omnes

382 4904 542 4959 colles
590 4903 756 4974 gignit
797 4916 924 4958 me:
959 4905 1104 4973 quod
1148 4903 1237 4958 illa
1273 4918 1403 4960 caro
1441 4918 1637 4974 nempe
1687 4906 1966 4976 progenita

384 4997 560 5051 fuerat
583 5004 710 5050 ante
743 4993 1061 5070 electionem
1094 4994 1479 5065 apostolorum,
1515 5004 1574 5048 ut
1605 4994 1805 5065 placuit
1840 4997 1967 5053 huic

383 5087 629 5157 prudenti
684 5088 825 5153 viro,
889 5088 1132 5157 sequitur
1186 5099 1297 5143 tum
1344 5096 1523 5153 certe,
1558 5097 1613 5144 et
1652 5089 1702 5142 in
1738 5105 1965 5159 persona

378 5180 626 5251 ejusdem
671 5181 856 5238 carnis
900 5181 1029 5237 illud
1059 5182 1284 5247 dictum,
1335 5181 1469 5236 Cum
1522 5191 1734 5250 pararet
1784 5182 1961 5252 caelos,

2077 4818 2324 4892 φώραται
2342 4836 2355 4850 ·
2387 4819 2513 4873 εἰδὲ
2547 4821 2579 4892 ὴ
2608 4818 2745 4891 σὰρξ
2767 4819 2877 4892 (i3)
2908 4815 2976 4892 ἦν
3002 4818 3097 4873 τοῦ
3124 4819 3399 4893 Σωτῆρος,
3430 4823 3467 4893 ἡ
3495 4822 3680 4891 λέγω.

2077 4929 2147 4965 σα
2165 4912 2248 4976 τὸ,
2278 4912 2491 4981 Κύριος
2514 4911 2718 4967 ἐκτισέ
2737 4930 2814 4984 με
2843 4911 3041 4982 ἀρχὴν
3069 4911 3226 4968 ὁδῶν
3252 4914 3444 4970 αὐτοῦ
3472 4918 3564 4984 εἰς
3589 4913 3678 4983 ἕρ·

2072 5018 2151 5071 γα
2199 5002 2408 5065 αὐτοῦ,
2441 5001 2584 5057 κατά
2623 5004 2723 5075 τὴν
2779 5004 3135 5059 ἀποδοθεῖσαν
3166 5005 3313 5077 αὐτῷ
3353 5008 3672 5080 ἑρμηνείαν,

2073 5095 2170 5148 καὶ
2201 5096 2249 5148 εἱ
2274 5095 2308 5166 ἠ
2334 5093 2470 5166 σὰρξ
2523 5095 2630 5168 πρὸ
2658 5095 2751 5149 τοῦ
2772 5095 2967 5162 αἰῶνος
2992 5096 3346 5169 ὲθεμελιώθη,
3371 5100 3470 5153 καὶ
3493 5101 3553 5155 ὲν
3581 5101 3673 5168 ἀρ-

2076 5188 2146 5257 χῇ
2175 5186 2282 5258 πρὸ
2313 5185 2408 5240 τοῦ
2437 5186 2539 5259 τὴν
2572 5188 2680 5260 γῆν
2709 5190 2933 5262 ποιῆσαι
2952 5207 2966 5221 ο
3008 5190 3133 5262 (γῆν
3173 5190 3379 5263 δηλαδὴ
3407 5193 3512 5265 τὴν
3543 5195 3671 5266 σάρ-

456 5358 516 5417 iis
552 5352 651 5408 Ed.
678 5351 881 5416 Paris.,
912 5367 1034 5423 pag.
1066 5350 1191 5407 164.
1268 5350 1317 5383 ⁵⁸
1349 5350 1508 5405 Prov.
1541 5365 1659 5417 vm,
1700 5349 1807 5429 ¹29.
1899 5352 1948 5385 ⁸⁸

2155 5354 2261 5419 26,
2309 5354 2400 5410 30.
2476 5356 2524 5390 ⁸⁸
2548 5354 2686 5412 Gen.
2716 5372 2797 5422 ιιι,
2825 5356 2913 5413 19.

451 5485 527 5558 (8)
567 5486 744 5558 Vulgo
760 5488 865 5542 ὑπὸ
885 5487 1099 5544 τούτου.

428 5558 526 5638 .(9)
555 5559 727 5627 Vulgo
748 5559 829 5624 δέ,
860 5568 915 5613 et
966 5575 1091 5615 mox
1149 5559 1402 5632 εἰρῆσθαι
1448 5560 1620 5613 ταῦτα
1663 5568 1717 5615 et
1769 5561 1953 5617 πάσαν

2133 5496 2182 5567 (1
2203 5496 2250 5566 l‘)
2277 5490 2482 5567 βουνῶν
2512 5505 2624 5567 om.
2658 5492 2817 5567 codd.
2849 5489 2974 5548 Mox
3003 5491 3167 5563 vulgo
3191 5491 3490 5563 ἡτοίμασε.

2166 5561 2253 5631 12)
2277 5561 2461 5635 'Vulgo
2486 5561 2627 5635 γὰρ,
2657 5561 2754 5635 ὡς.

2166 5571 2253 5631 1‘2)
2291 5571 2461 5633 Vulgo
2535 5571 2627 5635 ἀρ,
2657 5571 2754 5627 ὡς.

2140 5571 2463 5710 $15)“!ng
2480 5578 2574 5710 gr
2587 5633 2842 5710 Σωτῆρος
2866 5641 2921 5690 et
2953 5632 3096 5690 infra
3138 5633 3245 5705 πρὸ
3271 5633 3382 5687 τῶν
3413 5632 3519 5705 ὄρη
3545 5628 3651 5701 ιδρ.

594 5695 943 5778 Ϋιιιεοῇν-[ό
969 5698 1149 5772 λόγος]
1176 5703 1205 5753 ὁ
1233 5702 1327 5778 καί
1346 5743 1376 5778 ,_
1396 5711 1465 5778 _et_
1499 5716 1618 5756 mox
1671 5701 1779 5756 τῶν
1825 5700 1960 5756 ὁδῶν
2068 5641 2784 5778 et?

378 5776 436 5821 et
464 5767 537 5822 τὰ
572 5767 749 5823 πάντα
777 5767 910 5834 διεξῖ
938 5780 994 5826 et
1020 5767 1148 5826 mox
1171 5771 1262 5824 τοῦ
1300 5770 1414 5842 [re]
1441 5772 1563 5843 ὅρη.
