1914 3111
105 161 159 190 997

104 231 152 254 κα,
168 222 208 253 ὡς
217 221 292 257 αὐτῷ
306 221 404 252 ἐδόκει.
422 220 465 247 διὰ
481 220 512 247 τὺ
523 220 660 256 εἰρῆσθαι,
678 221 723 255 Γῆ
737 219 773 253 εἷ,
791 221 840 247 καὶ
863 222 907 254 εὶς

104 267 166 302 τῆν
182 268 340 301 ἀπελεύσῃ
354 268 374 302 ·)
395 267 442 294 καὶ
461 267 540 302 εἴπερ
562 267 579 302 ἡ
603 266 671 302 σὰρξ
699 265 733 302 ἦν
748 268 764 302 ἡ
779 266 906 301 λέγουσα,

104 314 166 347 Πρὸ
181 313 234 340 τοῦ
249 314 303 346 τὰς
318 313 476 345 ἀϐύσσους
495 312 631 347 ποιῆσαι,
657 313 714 348 πρὸ
727 312 781 339 τοῦ
800 314 908 347 προελ-

104 359 171 386 θεῖν
187 359 240 392 τὰς
258 359 356 393 πηγὰς
378 359 438 385 τῶν
456 358 583 391 ὑδάτων,
601 359 657 393 πρὸ
675 358 728 385 τοῦ
747 358 799 393 ὅρη
821 358 907 392 ἑδρα-

103 405 228 440 σθῆναι.
251 405 308 440 πρὸ
325 405 359 432 δὲ
372 405 493 432 πάντων
504 405 629 437 βουνῶν
642 405 734 440 γεννᾷ
754 414 804 438 με,
819 405 862 432 διὰ
877 405 907 432 τὸ

104 459 277 487 προγεγεννη
282 451 366 486 μένην
379 449 449 478 εἶναι
463 451 548 487 αὐτὴν
561 450 638 486 [πρὸ]
654 451 705 486 τῆς
719 451 774 477 τῶν
787 450 905 477 ἀποστό-

103 497 160 524 λων
174 497 299 532 ἐκλογῆς,
313 497 351 528 ὼς
363 496 498 532 ἐδόκειτῴ
512 497 670 533 σοφωτάτῳ,
681 497 816 523 ἓπεταιὲκ
825 504 906 531 προσ‹

101 543 181 570 ώπου
203 543 253 578 τῆς
285 543 385 578 σαρκὸς
399 542 525 577 λέγεσθαι
544 543 591 569 καὶ
610 543 650 575 τὸ,
674 543 775 569 Ἠνίκα
795 542 851 577 (14)
872 542 902 576 ὴ-

104 586 222 622 τοᾲιαζέ
235 587 289 614 τὸν
302 587 441 621 οὐρανὸν,
457 587 663 622 συμπαρήμην
672 587 761 620 αὐτῷ.
772 587 840 613 Ἀλλ’
855 586 906 613 οὐκ

105 635 140 661 ἄν
153 643 194 665 τις
210 634 247 669 μὴ
271 633 325 660 τῶν
349 634 454 669 φρενῶν
468 633 568 665 ἐκστὰς
588 633 674 669 ταύτῃ
697 633 762 660 ποτὲ
784 632 906 659 σύνθοιτο

103 682 140 716 τῇ
162 680 304 717 ἑρμηνείᾳ,
326 680 531 714 ἀντιφθέγξεται
556 680 611 716 γὰρ
631 680 706 715 αὑτῷ
720 680 791 716 μέγα
806 679 904 715 βοήσας

103 728 120 753 ὁ
135 727 185 762 τῆς
197 720 325 762 ἀλη’θείας
337 727 426 761 λόγος.
444 727 599 759 ἐπιδεικνὺς
617 727 658 760 τίς
682 736 747 754 ποτε
762 725 797 763 ἦν
810 729 823 754 ὁ
838 727 904 754 ταῦ-

103 781 142 800 τα
156 772 270 805 διεξιών.
288 773 332 805 Ὠς
346 773 368 799 δ’
380 771 426 799 οὖν
439 773 532 809 ἔτερος
545 771 578 808 ἧν
594 774 608 800 ὁ
618 774 650 800 ἐκ
664 773 711 812 τοῦ
725 772 793 800 Θεοῦ
810 781 905 808 γεγεν-

104 819 223 855 νημένος
236 819 386 855 μονογενὴς
409 819 482 851 Υἱὸς,
498 819 552 852 ζῶν
571 820 618 846 καὶ
634 813 768 854 ὑφεστὼς,
794 819 831 846 ὢν

104 865 154 891 καὶ
166 865 219 900 πρὸ
233 864 286 890 τῶν
303 864 354 899 τῆς
371 865 492 900 γενητῶν
508 865 638 892 ἁπάντων
654 865 823 898 συστάσεως,
841 865 855 892 ὃ
870 866 902 901 δὴ

104 909 272 945 παρίστησιν
292 909 372 940 αὐτὸς
387 909 419 935 δι’
436 907 472 936 ὧν
484 909 549 945 ἑξῆς
563 910 660 944 ἐπάγει
675 909 762 945 λέγων
775 919 781 925 ·
802 912 902 938 Ἠνίκα

104 954 244 988 ἡτοίμαζε
262 954 316 981 τὸν
335 955 475 989 οὐρανὸν,
490 956 695 990 συμπαρήμην
707 956 787 989 αὐτῷ
799 965 805 972 ·
820 957 902 992 συνῆν

103 998 161 1034 γὰρ
173 998 238 1033 (16),
250 999 298 1025 καὶ
315 999 406 1035 παρῆν
420 999 495 1035 αὐτῷ
513 1001 578 1035 πρὶν
592 1000 639 1026 καὶ
659 1000 784 1034 γενέσθαι
798 1000 843 1027 τὸν
858 1001 903 1027 οὑ-

102 1045 198 1080 ρανὺν,
225 1046 271 1072 καὶ
291 1045 325 1072 τὰ
343 1046 471 1072 ἐπέκεινα
489 1046 617 1082 οὐρανοῦ,
639 1046 674 1073 τά
695 1055 724 1072 τε
749 1047 778 1073 ὲν
795 1047 902 1083 οὐρανῷ

103 1092 205 1118 πάντα.
221 1092 305 1118 Τοῦτο
328 1091 393 1126 γοῦν
420 1092 542 1127 ᾐνίττετο
562 1092 605 1119 διὰ
622 1092 668 1119 τοῦ
687 1093 778 1127 φάναι,
802 1093 902 1120 Ἠνίκα

103 1137 243 1171 ἡτοίμαζε
257 1138 310 1163 τὸν
321 1138 461 1172 οὐρανὸν,
479 1138 686 1173 συμπαρήμην
694 1139 783 1172 αὐτῷ.
797 1139 859 1171 Πῶς
873 1140 902 1167 δὲ

102 1183 254 1218 ἡτοίμαζεν
268 1184 282 1209 ὁ
301 1183 377 1215 Θεὸς,
396 1183 411 1218 ῆ
429 1184 492 1219 πρὶν
504 1184 629 1218 γενέσθαι
644 1184 736 1216 αὑτὸν,
749 1185 902 1220 νομοθετῶν

102 1229 155 1255 καὶ
177 1228 399 1264 διατυπούμενος,
415 1229 444 1255 ὃν
470 1229 522 1255 ἔδει
537 1230 639 1266 τρόπον
654 1231 736 1257 αὐτὸν
750 1231 900 1266 συστῆναι;

110 1275 143 1302 '0
159 1276 207 1310 μὲν
222 1273 268 1301 οὖν
280 1275 375 1311 Πατὴρ
388 1274 515 1302 διετύπου
535 1276 582 1302 καὶ
598 1276 728 1311 ἡτοίμαζε
744 1277 903 1312 διανοούμε-

102 1329 160 1352 νος,
178 1321 251 1352 ὅπως
273 1321 356 1357 ὲχρῆν
374 1321 503 1356 συστῆναι
517 1321 564 1348 τὸν
583 1321 710 1350 τοσοῦτον
726 1323 839 1359 οὐρανόν
850 1332 857 1338 '
873 1324 902 1356 ὃς

101 1367 168 1394 οὔτε
185 1367 316 1402 μεγέθους
336 1368 432 1398 ἐδεῖτο,
450 1368 497 1393 καὶ
512 1368 604 1394 ὁποίου
620 1369 769 1404 σχήματος,
794 1370 901 1405 μέτρων

102 1421 135 1439 τε
150 1413 198 1440 καὶ⁸
214 1413 304 1448 μερῶν
315 1413 433 1445 ὁπόσων,
457 1413 512 1440 τῶν
525 1414 674 1449 μελλόντων
687 1415 753 1442 εἵσω
770 1424 800 1442 τε
818 1416 900 1443 αὑτοῦ

104 1458 280 1494 περιέχεσθαι
294 1460 384 1495 χάριν,
394 1460 440 1486 καὶ
454 1460 507 1486 τῶν
519 1460 597 1492 ἐκτὸς
607 1460 715 1488 ἔσεσθαι
734 1461 817 1487 αὑτοῦ
832 1461 900 1497 (17),

103 1505 159 1530 τῶν
168 1513 197 1530 τε
208 1505 236 1530 ἐν
250 1504 324 1539 αὐτῷ
338 1504 383 1530 τὸν
403 1504 501 1539 δρόμον
517 1505 705 1540 ποιησομένων
722 1505 803 1533 ἕνεκα
815 1514 821 1521 ·
839 1507 853 1532 ὁ
867 1506 896 1533 δὲ

103 1551 161 1581 τοῖς
168 1549 215 1577 τοῦ
228 1550 333 1585 Πατρὺς
348 1549 487 1585 λογισμοῖς
501 1550 670 1582 ένατενίζων,
686 1551 733 1577 καὶ
760 1551 839 1586 μόνος
852 1552 900 1577 ἐπ-

103 1595 228 1622 οπτεύων
242 1595 276 1622 τὰ
286 1596 315 1622 ὲν
328 1595 403 1631 αὺτῴ
412 1594 492 1631 βάθη,
506 1595 540 1622 δι’
557 1595 645 1631 ἔργων
660 1595 768 1632 ἐχώρει,
783 1598 839 1629 τοῖς
853 1596 899 1624 τοῦ

103 1640 213 1676 Πατρὸς
232 1639 484 1676 ἐξυπηρετούμενος
498 1640 623 1676 νεύμασι.
643 1641 689 1667 Διὸ
703 1641 826 1668 λέλεκται
839 1651 900 1675 που,

99 1686 215 1714 Αὶνεῐτε
230 1685 285 1713 τὸν
298 1686 409 1719 Κύριον
425 1686 459 1713 ἐκ
481 1685 541 1713 τῶν
560 1686 697 1720 οὐρανῶν
707 1696 714 1702 ·
728 1688 837 1714 αἱνεῖτε
853 1689 902 1715 αὐ-

104 1732 170 1764 τὸν,
183 1732 293 1765 πάντες
303 1731 455 1766 οὶᾶγγελοι
466 1732 685 1759 αὺτοῦ.Αινεῖτε
693 1732 795 1765 αὑτὸν,
807 1732 902 1761 πᾶσαι

100 1780 134 1805 al
143 1779 284 1813 δυνάμεις
294 1778 514 1806 αὺτοῦ.Αὶνεῖτε
528 1777 631 1810 αὑτὸν,
646 1778 733 1812 ἣλιος
745 1779 794 1805 καὶ
809 1779 902 1814 σελή-

105 1833 144 1858 νη
151 1844 159 1856 ,
175 1824 284 1851 ait-site
290 1825 392 1856 αὑτὸν,
400 1823 497 1850 πάντα
507 1823 541 1850 τὰ
548 1823 656 1858 ἄστρα,
667 1823 716 1850 καὶ
726 1824 759 1850 τὸ
770 1824 843 1858 φῶς.
853 1826 902 1851 Al-

103 1871 183 1898 νεῖτε
194 1871 298 1901 αὑτὸν,
310 1871 337 1896 οἱ
349 1869 470 1903 οὐρανοὶ
478 1869 536 1896 τῶν
542 1868 687 1903 οἰζρανῶν,
700 1869 794 1896 καὶτὰ
807 1870 901 1897 ὕδατα

104 1916 162 1951 (18)
172 1916 207 1943 τὰ
215 1915 351 1950 ὑπεράνω
361 1915 419 1942 τῶν
427 1914 788 1949 οὐρανῶν.Αὶνεσάτωσαν
795 1915 828 1942 τὸ
835 1916 901 1944 ὅνο-

99 1970 146 1997 μα
158 1961 279 1996 Κυρίου,
296 1960 341 1987 ὅτι
354 1961 445 1993 αὐτὸς
456 1960 521 1987 εἷπε
532 1960 582 1987 καὶ
596 1961 797 1995 ἐγενήθησαν,
809 1962 901 1995 αὐτὸς

102 2010 285 2041 ἐνετείλατο,
300 2007 556 2041 καὶέκτίσθησαν.
574 2007 647 2043 Πλὴν
677 2007 744 2035 ἀλλὰ
763 2008 810 2035 καὶ
835 2008 900 2044 πρὶν

103 2055 232 2091 γενέσθαι
259 2054 340 2081 αὑτὸν
367 2055 413 2081 τὸν
430 2054 544 2090 οὐρανὸν
568 2054 616 2080 καὶ
640 2053 675 2080 τὰ
700 2054 830 2081 ἐπέκεινα
844 2054 899 2089 (19)

102 2101 220 2138 οὐρανοῦ
245 2101 280 2128 τά
305 2109 334 2127 τε
360 2101 390 2127 ὲν
415 2100 521 2136 οὐρανῷ
543 2100 633 2126 πάντα
651 2099 693 2132 (ἐξ
717 2100 776 2131 ἐνὸς
793 2099 848 2135 γὰρ
865 2099 899 2126 τὰ

105 2148 197 2175 πάντα
212 2146 415 2183 περιληπτικῶς
428 2145 585 2182 δεδήλωται)
599 2143 633 2181 ἧν
647 2146 661 2171 ὁ
675 2145 738 2177 Υἱὸς
755 2145 801 2172 τοῦ
818 2145 897 2177 Θεοῦ,

104 2194 154 2220 καὶ
169 2193 209 2228 τῷ
224 2192 312 2227 Πατρὶ
329 2192 386 2228 (20)
404 2192 551 2227 συμπαρῆν
575 2190 615 2217 ἔτι
636 2190 822 2226 βουλευομένῳ
836 2191 899 2226 περὶ

102 2239 154 2274 τῆς
170 2238 271 2264 τούτων
286 2237 413 2264 ἁπάντων
430 2235 597 2267 συστάσεως.
613 2235 659 2261 Διό
682 2243 775 2270 φησιν,
793 2235 898 2262 Ἡνίκα

103 2283 243 2319 ἡτοίμαζε
264 2283 317 2310 τὸν
341 2282 481 2316 οὐρανὸν,
505 2280 713 2316 συμπαρήμην
729 2280 823 2313 αὐτῷ·
838 2278 899 2313 εἷθ’,

102 2332 143 2363 ὡς
166 2330 266 2364 ἀγαθὸς
289 2329 419 2366 γραφεὺς,
435 2327 485 2360 τὰς
503 2326 674 2363 ἀρχετύπονς
701 2326 772 2358 ἰδέας
794 2327 825 2352 ὲκ
846 2326 900 2352 τῶν

104 2376 250 2412 πατρικῶν
261 2374 397 2410 λογισμῶν
407 2372 619 2409 ἀπολαμϐάνων,
631 2372 677 2398 ἐπὶ
687 2372 737 2403 τὰς
746 2370 800 2398 τῶν
810 2371 899 2407 ἔργων

106 2422 256 2458 μετέφερεν
270 2420 372 2451 οὐσίας.
392 2419 510 2446 Τοιαῦτα
525 2417 705 2450 ζωοπλαστῶν
721 2416 768 2443 καὶ
784 2417 900 2451 ὑφιστά-

107 2477 198 2502 μενος,
212 2467 291 2502 ὁποίᾳ
313 2467 345 2501 τῇ
365 2465 410 2491 τοῦ
428 2464 533 2501 Πατρὺς
554 2463 658 2498 διανοίᾳ
679 2462 901 2498 προϋποκείμενα

102 2513 191 2549 ἐώρα.
210 2512 318 2538 Τούτων
372 2511 452 2542 αὐτὸς
474 2511 578 2544 γένοιτο
592 2509 696 2545 μάρτυς
710 2508 858 2544 ἀξιόχρεως
870 2509 900 2534 ἐν

104 2558 282 2594 Εὐαγγε).ἰοις
295 2555 346 2585 ὧδε
359 2558 501 2585 διδάσκων
518 2555 617 2591 Ἀμὴν,
629 2554 711 2590 ἀμὴν
722 2554 800 2589 λέγω
816 2554 898 2589 ὑμῖν,

143 2657 174 2686 ›Ι‹
195 2653 245 2681 Ed.
260 2652 433 2687 Paris.,pag.
451 2651 513 2680 165.
559 2650 581 2666 "
596 2649 668 2677 Psal.
694 2657 807 2680 CXLVIII,
839 2648 900 2676 1-5.

141 2733 197 2770 (Μ)
212 2732 303 2770 Vulgo
328 2731 459 2767 ἡτοίμασε
482 2731 544 2762 τοὺς
571 2729 703 2766 οὐρανούς
728 2733 755 2756 et
774 2737 835 2756 mox
854 2737 897 2760 τις

104 2767 381 2810 τῶὶᾶξρειξὴὲλεστι
438 2801 450 2805 -
676 2798 877 2810 _-,

141 2798 332 2841 (ΙέἷΪΚὲιζζττρὸ
346 2801 405 2841 τῶν
415 2801 479 2834 τῆς.
496 2798 710 2841 Ιῖθςθηι1λιω,-ξῖ›ν
720 2798 767 2841 καὶ
781 2798 834 2834 πρὸ
847 2799 895 2841 τῇς

103 2850 118 2867 τ
124 2834 162 2867 (ἷὶν
169 2834 425 2873 γενητῶνᾶπάντων
435 2834 729 2873 συπάσεωὶῶν.-ὓ[.ς-
737 2834 789 2869 Mp.
804 2834 896 2869 προὼν

104 2876 155 2911 τῆς
168 2869 236 2900 τῶνῘ
250 2873 307 2911 Mox
321 2873 393 2911 vuig.
411 2871 566 2911 συστάσεως
579 2869 627 2911 div.-
645 2870 710 2911 6_§s’.

143 2905 201 2946 (16)
216 2910 269 2936 Kal
292 2906 392 2942 παρῆν
404 2906 452 2939 τῷ.
472 2906 542 2941 Lege
557 2905 642 2940 αὐτῷ.
659 2905 694 2931 Μ.

598 158 642 186 DE
663 158 935 188 ECCLESIASTICA
955 157 1155 187 THEOLOGIA
1175 158 1240 187 LIB.
1264 159 1309 187 Ill.

1703 160 1757 190 99S

921 225 945 254 Α
958 220 1066 247 aderam
1089 221 1123 247 ei.
1140 219 1176 247 At
1191 227 1272 248 nemo
1285 227 1338 248 non
1356 227 1450 248 amens
1462 220 1533 249 hanc
1548 220 1691 249 admiserit
1713 225 1758 250 in-

962 266 1184 300 terpretationem
1201 273 1207 290 :
1221 273 1319 301 magna
1337 266 1436 294 etenim
1450 274 1517 295 voce
1528 267 1688 296 reclamabit
1699 269 1757 304 ipse

959 311 1082 338 veritatis
1096 318 1198 344 sermo,
1212 317 1240 339 et
1254 312 1315 346 quis
1328 316 1388 339 erat
1401 313 1446 347 qui
1459 313 1516 340 haec
1533 313 1653 349 loquitur
1663 315 1758 342 edoce~

958 357 1009 383 bit.
1025 356 1159 390 Quocirca
1173 357 1243 393 quod
1259 358 1381 385 diversus
1393 364 1453 385 erat
1471 359 1515 386 ille
1532 360 1565 386 de
1578 360 1634 387 Deo
1647 361 1756 394 genitus

958 402 1053 434 Filius,
1069 402 1236 436 unigenitus,
1260 403 1365 436 vivens,
1389 404 1552 437 subsistens,
1581 410 1608 433 et
1621 411 1684 433 ante
1699 407 1756 434 uni-

958 448 1097 476 versitatis
1118 448 1301 476 conditionem
1320 456 1380 481 ens,
1403 449 1461 484 ipse
1477 451 1555 478 docet
1572 452 1635 479 dum
1654 452 1694 479 sic
1717 453 1755 480 ait

958 492 985 519 in
1001 492 1187 527 sequentibus,
1203 493 1270 520 Cum
1286 499 1392 528 pararet
1412 495 1499 528 calor,
1514 496 1539 523 ei
1553 497 1673 523 aderam.
1694 497 1754 525 Una

957 547 1019 567 cum
1033 547 1066 567 eo
1080 545 1150 573 erat,
1166 545 1193 568 et
1209 549 1328 576 praesens
1349 542 1386 570 illi
1402 542 1500 575 adfuit,
1518 544 1675 579 priusquam
1695 552 1753 572 cte-

957 587 1024 618 lmn,
1042 591 1069 613 ct
1088 594 1148 621 quae
1173 593 1236 615 sunt
1248 596 1329 623 supra
1346 589 1432 617 eteius
1445 591 1637 624 conderentur,
1653 597 1753 626 etquae

957 633 984 659 in
998 633 1083 660 (telis.
1104 633 1160 660 Hoc
1173 634 1274 661 etenim
1292 635 1337 661 illa
1352 635 1482 669 indicant,
1499 635 1564 664 Cum
1579 643 1686 669 pararet
1702 646 1754 665 εω-

957 677 1008 710 loa,
1019 678 1043 705 ei
1058 679 1176 706 aderam.
1195 679 1255 712 Quo
1265 686 1342 714 pacto
1353 682 1459 715 paravit
1472 682 1570 709 caelum
1587 682 1677 710 Deus?
1688 683 1753 711 Cer-

957 727 984 751 te
1007 725 1208 759 praescribendo
1239 730 1267 753 et
1287 726 1482 754 conformanda
1514 728 1606 755 mundi
1637 728 1751 762 ﬁguram

957 769 1027 804 apttd
1039 776 1079 802 se,
1093 770 1456 805 priusquamproduceretur
1469 772 1522 798 illa.
1537 772 1618 799 Pater
1627 781 1692 808 ergo
1706 774 1752 801 de-

956 815 1094 850 signabat,
1107 820 1134 843 et
1155 816 1301 851 cogitando
1324 818 1470 849 statuebat,
1485 826 1536 853 qua
1554 818 1637 854 figura
1657 820 1751 848 modo-

956 867 1009 894 que
1023 861 1121 888 coelum
1141 861 1206 889 illud
1222 863 1338 890 condere
1353 864 1444 896 vellet,
1460 865 1531 899 quod
1550 873 1600 892 nec
1613 873 1628 892 a
1644 866 1751 901 magni-

920 904 941 931 B
956 907 1048 934 tudine
1062 907 1263 941 destitueretur,
1275 913 1302 936 et
1313 909 1358 936 tali
1374 910 1467 944 figura,
1481 918 1616 944 mensura,
1633 912 1749 946 partium

954 953 1111 987 symmetria
1126 958 1271 986 constaret,
1284 962 1343 989 quae
1358 960 1385 983 et
1397 959 1458 990 apta
1469 961 1560 984 essent
1574 957 1748 991 recipiendis,

953 997 1135 1031 includendis,
1151 1004 1180 1026 et
1194 999 1343 1027 conformis
1361 1005 1473 1028 externe
1490 1002 1707 1034 advenientibus,
1722 1008 1750 1029 et

952 1045 1156 1080 proportionata
1166 1053 1276 1073 cursum
1291 1054 1339 1081 per
1350 1047 1448 1074 calum
1462 1047 1583 1075 facturis.
1600 1048 1645 1075 ille
1658 1053 1748 1075 autem

953 1089 999 1123 qui
1027 1088 1060 1116 ad
1083 1094 1196 1123 paterna
1216 1091 1332 1126 cogitata
1350 1091 1475 1119 intuitive
1501 1093 1674 1126 respiciebat,
1702 1092 1747 1128 qui

953 1135 1028 1162 solus
1041 1134 1099 1169 ejus
1117 1135 1247 1170 profunda
1266 1138 1463 1172 specularetur,
1495 1139 1528 1166 ad
1539 1146 1607 1173 opus
1620 1147 1649 1166 sc
1659 1140 1749 1166 accin-

952 1181 1009 1212 xit,
1037 1182 1077 1209 sui
1103 1184 1188 1217 patris
1215 1184 1324 1211 nutibus
1341 1185 1532 1212 inserviturus.
1562 1184 1637 1212 Unde
1648 1184 1748 1212 alicubi

952 1226 1053 1253 dictum
1065 1232 1105 1254 est
1117 1237 1125 1254 :
1136 1227 1256 1255 Laudare
1273 1229 1411 1257 Dominum
1438 1231 1470 1257 de
1483 1230 1553 1257 caelis
1567 1239 1577 1258 :
1591 1231 1698 1258 laudate
1716 1230 1749 1257 il—

952 1271 1007 1298 lum
1031 1273 1058 1299 in
1073 1274 1194 1301 excelsis.
1217 1274 1337 1302 Laudare
1351 1275 1439 1308 illum,
1457 1284 1545 1303 omnes
1565 1276 1652 1310 angeli
1665 1277 1722 1311 ejus
1737 1284 1748 1302 .'

952 1318 1061 1346 laudate
1075 1328 1144 1352 eum,
1161 1329 1248 1348 omnes
1260 1322 1367 1348 virtutes
1390 1322 1457 1357 ejus.
1479 1322 1599 1349 Laudare
1620 1331 1691 1355 eum,
1708 1323 1748 1349 sal

951 1369 974 1390 et
988 1364 1071 1397 luna;
1092 1365 1200 1393 laudare
1217 1375 1287 1399 eum,
1304 1368 1394 1394 omnia
1412 1368 1500 1394 sidera
1517 1373 1541 1394 et
1556 1368 1612 1394 lux.
1630 1366 1749 1394 Laudare

950 1417 1021 1442 eum,
1036 1410 1093 1437 caeli
1105 1412 1246 1443 calorum;
1257 1416 1282 1439 et
1302 1421 1379 1448 aqua:
1389 1422 1469 1447 supra
1484 1413 1559 1440 melos
1575 1413 1684 1440 laudent
1701 1421 1749 1440 no-

951 1463 1010 1482 men
1028 1456 1144 1483 Domini.
1163 1457 1294 1490 Quoniam
1313 1460 1367 1493 ipse
1384 1460 1452 1486 dixit
1470 1464 1494 1486 et
1513 1459 1586 1494 facta
1601 1464 1674 1493 sunt,
1694 1460 1750 1494 ipse

953 1504 983 1533 ὦ
998 1503 1131 1530 mandavit
1146 1509 1169 1531 et
1182 1510 1271 1531 creata
1284 1505 1387 1533 sunt".
1403 1504 1502 1532 Verum
1519 1506 1660 1533 enimvero
1673 1509 1750 1532 ante-

952 1542 1032 1583 quam
1053 1548 1151 1577 ctnlunt
1174 1549 1243 1577 istud
1257 1550 1345 1582 fieret,
1368 1554 1396 1578 et
1406 1558 1465 1585 quae
1480 1555 1545 1578 sunt
1560 1557 1643 1585 supra
1658 1552 1747 1578 caelos

952 1599 979 1622 et
1002 1602 1062 1630 qua:
1097 1595 1124 1622 in
1150 1595 1220 1623 ctelo
1247 1595 1321 1630 (nam
1346 1596 1438 1623 omnia
1468 1604 1516 1631 per
1531 1604 1614 1623 unum
1639 1596 1748 1624 condita

952 1648 1012 1669 esse
1037 1641 1261 1676 demonstratur),
1291 1646 1349 1668 erat
1363 1641 1446 1668 Filius
1472 1642 1529 1674 Dei,
1552 1646 1580 1669 et
1596 1649 1646 1670 suo
1670 1641 1748 1668 Patri

952 1688 1056 1720 aderat,
1082 1695 1144 1714 cum
1169 1686 1258 1714 adhuc
1288 1686 1419 1721 cogitaret
1444 1687 1477 1714 de
1492 1687 1604 1714 istorum
1626 1687 1747 1715 omnium

952 1733 1100 1760 creatione.
1116 1732 1180 1760 Ideo
1204 1732 1251 1764 ait,
1271 1731 1337 1760 Cum
1354 1738 1459 1768 pararet
1476 1732 1564 1765 cteros,
1589 1733 1614 1760 ei
1627 1733 1747 1760 aderam.

952 1780 1019 1807 Tum
1037 1787 1102 1808 vero
1129 1784 1256 1815 tanquam
1272 1780 1398 1816 egregius
1422 1780 1531 1815 quidatn
1552 1781 1641 1816 pictor
1651 1782 1748 1809 arche-

951 1830 1042 1861 typos,
1072 1826 1176 1860 species
1201 1827 1235 1853 de
1268 1830 1359 1852 mente
1387 1830 1502 1860 paterno
1530 1826 1688 1860 desumens,
1712 1827 1747 1854 ad

951 1879 1062 1907 operum
1076 1872 1243 1899 substantias
1257 1871 1447 1898 transferebat.
1460 1871 1536 1898 Talia
1550 1877 1577 1898 et
1591 1872 1626 1899 tal
1639 1874 1746 1900 tsmodi

951 1925 983 1944 ea
1007 1916 1135 1952 efﬁngens
1162 1921 1191 1944 et
1211 1916 1377 1951 producens,
1401 1916 1582 1951 qualiusmorli
1603 1917 1630 1944 in
1656 1923 1747 1946 tuente

951 1962 1039 1990 Patris
1057 1962 1271 1996 prmexsistenlia
1288 1963 1404 1990 viderat.
1428 1963 1528 1990 liorum
1541 1964 1650 1998 quidem
1669 1965 1748 1991 testis

951 2007 1003 2034 fide
1019 2007 1120 2042 dignus
1134 2008 1170 2035 sit
1185 2008 1242 2043 ipse
1257 2009 1283 2035 in
1300 2008 1447 2043 Evangelia
1464 2009 1655 2042 aiens,’Amen,
1670 2018 1746 2037 amen

950 2053 1009 2078 dico
1024 2053 1104 2085 vobis,
1117 2061 1167 2079 non
1178 2058 1260 2088 potest
1269 2052 1356 2081 Filius
1370 2063 1386 2080 a
1399 2055 1483 2089 seipso
1495 2055 1583 2089 facere
1591 2056 1745 2090 quidquam,

951 2099 1002 2125 nisi
1024 2100 1094 2132 quod
1109 2100 1204 2126 uiderit
1231 2099 1340 2126 Patrem
1357 2099 1505 2134 facientem.
1524 2101 1589 2133 Quae
1601 2106 1690 2128 autem
1701 2101 1747 2128 ille

950 2144 1127 2178 facit,eadem
1141 2152 1244 2179 quoque
1270 2145 1393 2172 similiter
1416 2149 1440 2171 et
1463 2144 1553 2171 Filius
1564 2145 1641 2179 facit.
1665 2145 1747 2173 Pater

949 2188 1042 2215 etenim
1058 2189 1145 2224 diligit
1158 2188 1271 2222 Filium,
1284 2194 1308 2216 et
1322 2191 1411 2216 omnia
1431 2190 1472 2217 illi
1492 2191 1605 2217 osrendit
1618 2199 1677 2225 qua:
1691 2191 1747 2226 ipse

951 2235 1014 2270 facit
1027 2235 1059 2262 ⁵⁸.
1068 2235 1186 2270 Hicjure
1198 2237 1295 2263 merito
1304 2237 1366 2271 quis
1377 2236 1595 2271 interrogaverit,
1612 2238 1747 2271 quomodo

952 2289 995 2315 ea,
1008 2289 1067 2316 quae
1079 2282 1160 2309 Pater
1172 2282 1254 2310 semel
1268 2282 1346 2314 fecit,
1356 2282 1452 2309 iterum
1464 2282 1551 2310 Filius
1564 2284 1659 2310 eadem
1676 2283 1747 2310 fece-

951 2328 1006 2355 rit?
1021 2328 1167 2361 Quaestioni
1188 2328 1335 2363 reSpondet
1360 2328 1405 2355 ille
1423 2329 1480 2363 ipse
1503 2329 1630 2363 inquiens
1650 2337 1658 2357 :
1681 2329 1747 2362 Qua:

952 2372 1036 2400 Pater
1046 2373 1122 2408 facit,
1133 2374 1224 2400 eadem
1241 2378 1265 2400 et
1277 2373 1364 2400 Filius
1381 2374 1505 2401 similiter
1515 2375 1591 2409 facit.
1610 2375 1746 2408 Quocirca

954 2427 1014 2454 quae
1026 2420 1091 2446 facit
1108 2419 1193 2447 Filius
1208 2419 1413 2447 similitudinem
1427 2420 1550 2448 referunt
1561 2429 1674 2456 operum
1699 2429 1746 2448 ar-

954 2466 1142 2501 chetyporum,
1169 2473 1229 2501 qua:
1251 2465 1305 2501 jam
1330 2470 1393 2493 ante
1419 2466 1445 2493 in
1469 2467 1627 2494 abscondita
1656 2466 1746 2506 Patris

954 2516 1045 2539 mente
1059 2512 1214 2539 exstabant.
1234 2511 1298 2545 Quae
1316 2520 1377 2539 cum
1395 2512 1422 2539 in
1441 2517 1531 2539 mente
1549 2518 1659 2547 paterna
1672 2512 1744 2541 indi-

953 2561 1058 2584 stanter
1070 2559 1208 2584 intueatur
1236 2557 1269 2585 ad
1286 2564 1380 2584 eorum
1389 2557 1593 2585 similitudinem
1605 2562 1743 2593 operatur.

938 2649 961 2664 ⁸³
986 2648 1064 2676 Juan.
1091 2657 1119 2681 v,
1149 2650 1191 2682 l9,
1207 2649 1253 2677 ‘20.

985 2730 1042 2762 (i7)
1055 2729 1141 2763 Vulgo
1154 2729 1269 2756 καὶτῶν
1288 2731 1327 2756 ὲν.

985 2765 1040 2797 (18)
1056 2764 1143 2800 ,γιιιεο
1155 2766 1235 2800 deest
1247 2765 1292 2797 τά,
1309 2764 1381 2800 quod
1396 2764 1452 2799 jam
1471 2765 1618 2800 supplevit.

985 2800 1040 2834 (t9)
1054 2799 1141 2833 Vulgo
1154 2799 1226 2836 [τοῦ]
1243 2799 1371 2836 οὐρανοῦ.

985 2836 1041 2869 (‘20)
1057 2834 1193 2871 Παρῆκῐτε
1210 2834 1256 2862 καὶ
1273 2834 1354 2870 συνῆν
1371 2834 1412 2861 ἔτι
1438 2834 1510 2870 Μρ.;
1531 2843 1592 2862 mox
1615 2834 1698 2871 vulgo

950 2870 1115 2904 ι,ωοπλσιγῶν
1134 2870 1180 2897 καί
1184 2890 1190 2897 .
