  <div class='ocr_page' id='page_1' title='image "/cluster/home/n/w/nwhite01/storage/ocr_20150623/24/nnc1.0046978259/661.png"; bbox 0 0 3828 6222; ppageno 0'>
   <div class='ocr_carea' id='block_1_1' title="bbox 417 303 520 360">
    <p class='ocr_par' dir='ltr' id='par_1_1' title="bbox 417 303 520 360">
     <span class='ocr_line' id='line_1_1' title="bbox 417 303 520 360; baseline -0.01 0"><span class='ocrx_word' id='word_1_1' title='bbox 417 303 520 360; x_wconf 83' lang='lat'><strong>999</strong></span> 
     </span>
    </p>
   </div>
   <div class='ocr_carea' id='block_1_2' title="bbox 1083 301 2970 366">
    <p class='ocr_par' dir='ltr' id='par_1_2' title="bbox 1083 301 2970 366">
     <span class='ocr_line' id='line_1_2' title="bbox 1083 301 2970 366; baseline 0.004 -8"><span class='ocrx_word' id='word_1_2' title='bbox 1083 303 1350 362; x_wconf 85' lang='lat' dir='ltr'><strong>EUSEBII</strong></span> <span class='ocrx_word' id='word_1_3' title='bbox 1387 301 1858 362; x_wconf 63' lang='lat' dir='ltr'><strong>CESARIENSlS</strong></span> <span class='ocrx_word' id='word_1_4' title='bbox 1893 305 2046 364; x_wconf 85' lang='lat' dir='ltr'><strong>OPP.</strong></span> <span class='ocrx_word' id='word_1_5' title='bbox 2089 305 2270 362; x_wconf 77' lang='lat' dir='ltr'><strong>PARS</strong></span> <span class='ocrx_word' id='word_1_6' title='bbox 2302 305 2397 366; x_wconf 83' lang='lat' dir='ltr'><strong>IV.</strong></span> <span class='ocrx_word' id='word_1_7' title='bbox 2435 339 2500 349; x_wconf 92' lang='lat'><strong>-</strong></span> <span class='ocrx_word' id='word_1_8' title='bbox 2543 305 2970 366; x_wconf 61' lang='lat' dir='ltr'><strong>DOGMATICA.</strong></span> 
     </span>
    </p>
   </div>
   <div class='ocr_carea' id='block_1_3' title="bbox 3551 265 3801 369">
    <p class='ocr_par' dir='ltr' id='par_1_3' title="bbox 3551 265 3801 369">
     <span class='ocr_line' id='line_1_3' title="bbox 3551 265 3801 369; baseline 0.016 -3"><span class='ocrx_word' id='word_1_9' title='bbox 3551 312 3694 369; x_wconf 64' lang='lat'><strong>£000</strong></span> 
     </span>
    </p>
   </div>
   <div class='ocr_carea' id='block_1_4' title="bbox 417 422 1988 506">
    <p class='ocr_par' dir='ltr' id='par_1_4' title="bbox 417 422 1988 492">
     <span class='ocr_line' id='line_1_4' title="bbox 417 422 1988 492; baseline 0.004 -16"><span class='ocrx_word' id='word_1_10' title='bbox 417 422 571 490; x_wconf 87' lang='lat' dir='ltr'><strong>Quod</strong></span> <span class='ocrx_word' id='word_1_11' title='bbox 610 436 740 477; x_wconf 86' lang='lat' dir='ltr'><strong>vero</strong></span> <span class='ocrx_word' id='word_1_12' title='bbox 767 423 1044 477; x_wconf 87' lang='lat' dir='ltr'><strong>lntueatur</strong></span> <span class='ocrx_word' id='word_1_13' title='bbox 1072 423 1335 492; x_wconf 82' lang='lat' dir='ltr'><strong>profunda</strong></span> <span class='ocrx_word' id='word_1_14' title='bbox 1377 424 1559 480; x_wconf 89' lang='lat' dir='ltr'><strong>Patris</strong></span> <span class='ocrx_word' id='word_1_15' title='bbox 1581 427 1686 492; x_wconf 83' lang='lat' dir='ltr'><strong>sui,</strong></span> <span class='ocrx_word' id='word_1_16' title='bbox 1721 427 1774 482; x_wconf 97' lang='lat' dir='ltr'><strong>id</strong></span> <span class='ocrx_word' id='word_1_17' title='bbox 1794 430 1988 484; x_wconf 88' lang='lat' dir='ltr'><strong>amoris</strong></span> 
     </span>
    </p>
   </div>
   <div class='ocr_carea' id='block_1_5' title="bbox 2098 422 3692 506">
    <p class='ocr_par' dir='ltr' id='par_1_5' title="bbox 2098 428 3692 506">
     <span class='ocr_line' id='line_1_5' title="bbox 2098 428 3692 506; baseline 0.007 -25"><span class='ocrx_word' id='word_1_18' title='bbox 2098 431 2168 482; x_wconf 84' lang='grc' dir='ltr'>οὐ</span> <span class='ocrx_word' id='word_1_19' title='bbox 2197 428 2447 483; x_wconf 81' lang='grc' dir='ltr'>δύναται</span> <span class='ocrx_word' id='word_1_20' title='bbox 2477 432 2511 484; x_wconf 83' lang='grc' dir='ltr'><strong>ό</strong></span> <span class='ocrx_word' id='word_1_21' title='bbox 2553 431 2688 498; x_wconf 77' lang='grc' dir='ltr'><em>Υἱὸς</em></span> <span class='ocrx_word' id='word_1_22' title='bbox 2711 432 2906 487; x_wconf 82' lang='grc' dir='ltr'><strong>ποιεῖν</strong></span> <span class='ocrx_word' id='word_1_23' title='bbox 2935 433 3048 506; x_wconf 72' lang='grc'>(21)</span> <span class='ocrx_word' id='word_1_24' title='bbox 3081 433 3264 490; x_wconf 77' lang='grc' dir='ltr'>οὐδὲν</span> <span class='ocrx_word' id='word_1_25' title='bbox 3302 433 3406 505; x_wconf 71' lang='grc' dir='ltr'><strong>ἀφ’</strong></span> <span class='ocrx_word' id='word_1_26' title='bbox 3444 433 3692 502; x_wconf 76' lang='grc' dir='ltr'>ἑαυτοῦ,</span> 
     </span>
    </p>
   </div>
   <div class='ocr_carea' id='block_1_6' title="bbox 415 514 1992 588">
    <p class='ocr_par' dir='ltr' id='par_1_6' title="bbox 415 514 1992 588">
     <span class='ocr_line' id='line_1_6' title="bbox 415 514 1992 588; baseline 0.004 -21"><span class='ocrx_word' id='word_1_27' title='bbox 415 514 627 586; x_wconf 76' lang='lat' dir='ltr'><strong>paterni</strong></span> <span class='ocrx_word' id='word_1_28' title='bbox 659 529 794 584; x_wconf 77' lang='lat' dir='ltr'><strong>opus</strong></span> <span class='ocrx_word' id='word_1_29' title='bbox 823 529 962 578; x_wconf 90' lang='lat' dir='ltr'><strong>esse,</strong></span> <span class='ocrx_word' id='word_1_30' title='bbox 997 515 1284 570; x_wconf 74' lang='lat' dir='ltr'><strong>manifeste</strong></span> <span class='ocrx_word' id='word_1_31' title='bbox 1322 517 1498 583; x_wconf 88' lang='lat' dir='ltr'><strong>docet,</strong></span> <span class='ocrx_word' id='word_1_32' title='bbox 1534 517 1784 588; x_wconf 86' lang='lat' dir='ltr'><strong>inquiens</strong></span> <span class='ocrx_word' id='word_1_33' title='bbox 1822 520 1874 572; x_wconf 94' lang='lat' dir='ltr'><strong>in</strong></span> <span class='ocrx_word' id='word_1_34' title='bbox 1905 535 1992 573; x_wconf 82' lang='lat' dir='ltr'><strong>se-</strong></span> 
     </span>
    </p>
   </div>
   <div class='ocr_carea' id='block_1_7' title="bbox 416 604 1990 678">
    <p class='ocr_par' dir='ltr' id='par_1_7' title="bbox 416 604 1990 678">
     <span class='ocr_line' id='line_1_7' title="bbox 416 604 1990 678; baseline 0.003 -18"><span class='ocrx_word' id='word_1_35' title='bbox 416 606 727 676; x_wconf 87' lang='lat' dir='ltr'><strong>quentibus,</strong></span> <span class='ocrx_word' id='word_1_36' title='bbox 781 605 926 660; x_wconf 86' lang='lat' dir='ltr'><strong>Nam</strong></span> <span class='ocrx_word' id='word_1_37' title='bbox 971 604 1136 661; x_wconf 81' lang='lat' dir='ltr'><strong>Pater</strong></span> <span class='ocrx_word' id='word_1_38' title='bbox 1186 608 1359 678; x_wconf 77' lang='lat' dir='ltr'><strong>diligit</strong></span> <span class='ocrx_word' id='word_1_39' title='bbox 1417 607 1646 675; x_wconf 83' lang='lat' dir='ltr'><strong>Filium,</strong></span> <span class='ocrx_word' id='word_1_40' title='bbox 1701 621 1752 665; x_wconf 75' lang='lat' dir='ltr'><strong>et</strong></span> <span class='ocrx_word' id='word_1_41' title='bbox 1815 611 1990 664; x_wconf 81' lang='lat' dir='ltr'><strong>omnia</strong></span> 
     </span>
    </p>
   </div>
   <div class='ocr_carea' id='block_1_8' title="bbox 415 697 1995 769">
    <p class='ocr_par' dir='ltr' id='par_1_8' title="bbox 415 697 1995 769">
     <span class='ocr_line' id='line_1_8' title="bbox 415 697 1995 769; baseline 0.003 -16"><span class='ocrx_word' id='word_1_42' title='bbox 415 699 640 753; x_wconf 71' lang='lat' dir='ltr'><strong>ostendit</strong></span> <span class='ocrx_word' id='word_1_43' title='bbox 669 698 736 754; x_wconf 78' lang='lat' dir='ltr'><strong>ei.</strong></span> <span class='ocrx_word' id='word_1_44' title='bbox 767 697 862 753; x_wconf 86' lang='lat' dir='ltr'><strong>Est</strong></span> <span class='ocrx_word' id='word_1_45' title='bbox 885 698 990 753; x_wconf 88' lang='lat' dir='ltr'><strong>hoc</strong></span> <span class='ocrx_word' id='word_1_46' title='bbox 1011 712 1141 769; x_wconf 75' lang='lat' dir='ltr'><strong>ergo</strong></span> <span class='ocrx_word' id='word_1_47' title='bbox 1171 699 1427 755; x_wconf 91' lang='lat' dir='ltr'><strong>indicium</strong></span> <span class='ocrx_word' id='word_1_48' title='bbox 1454 701 1631 756; x_wconf 90' lang='lat' dir='ltr'><strong>Patris</strong></span> <span class='ocrx_word' id='word_1_49' title='bbox 1657 701 1995 757; x_wconf 88' lang='lat' dir='ltr'><strong>ostendentis</strong></span> 
     </span>
    </p>
   </div>
   <div class='ocr_carea' id='block_1_9' title="bbox 414 791 1996 860">
    <p class='ocr_par' dir='ltr' id='par_1_9' title="bbox 414 791 1996 860">
     <span class='ocr_line' id='line_1_9' title="bbox 414 791 1996 860; baseline 0.003 -17"><span class='ocrx_word' id='word_1_50' title='bbox 414 803 511 843; x_wconf 88' lang='lat' dir='ltr'><strong>sua</strong></span> <span class='ocrx_word' id='word_1_51' title='bbox 541 806 704 860; x_wconf 85' lang='lat' dir='ltr'><strong>opera</strong></span> <span class='ocrx_word' id='word_1_52' title='bbox 731 791 1047 846; x_wconf 88' lang='lat' dir='ltr'><strong>abscondita</strong></span> <span class='ocrx_word' id='word_1_53' title='bbox 1075 809 1089 844; x_wconf 90' lang='lat'><strong>:</strong></span> <span class='ocrx_word' id='word_1_54' title='bbox 1114 807 1234 860; x_wconf 65' lang='lat' dir='ltr'><strong>quae</strong></span> <span class='ocrx_word' id='word_1_55' title='bbox 1257 793 1384 846; x_wconf 90' lang='lat' dir='ltr'><strong>dum</strong></span> <span class='ocrx_word' id='word_1_56' title='bbox 1414 793 1732 848; x_wconf 84' lang='lat' dir='ltr'><strong>abscondita</strong></span> <span class='ocrx_word' id='word_1_57' title='bbox 1757 795 1996 849; x_wconf 74' lang='lat' dir='ltr'><strong>intuetur</strong></span> 
     </span>
    </p>
   </div>
   <div class='ocr_carea' id='block_1_10' title="bbox 413 879 1993 954">
    <p class='ocr_par' dir='ltr' id='par_1_10' title="bbox 413 879 1993 954">
     <span class='ocr_line' id='line_1_10' title="bbox 413 879 1993 954; baseline 0.002 -18"><span class='ocrx_word' id='word_1_58' title='bbox 413 879 608 950; x_wconf 76' lang='lat' dir='ltr'><strong>Filius,</strong></span> <span class='ocrx_word' id='word_1_59' title='bbox 636 897 800 952; x_wconf 90' lang='lat' dir='ltr'><strong>opere</strong></span> <span class='ocrx_word' id='word_1_60' title='bbox 832 883 950 953; x_wconf 91' lang='lat' dir='ltr'><strong>ipso</strong></span> <span class='ocrx_word' id='word_1_61' title='bbox 1008 892 1358 938; x_wconf 81' lang='lat' dir='ltr'><strong>consummat</strong></span> <span class='ocrx_word' id='word_1_62' title='bbox 1404 886 1614 954; x_wconf 85' lang='lat' dir='ltr'><strong>paterni</strong></span> <span class='ocrx_word' id='word_1_63' title='bbox 1646 887 1727 939; x_wconf 88' lang='lat' dir='ltr'><strong>sui</strong></span> <span class='ocrx_word' id='word_1_64' title='bbox 1782 885 1993 940; x_wconf 84' lang='lat' dir='ltr'><strong>consilii</strong></span> 
     </span>
    </p>
   </div>
   <div class='ocr_carea' id='block_1_11' title="bbox 412 975 1991 1044">
    <p class='ocr_par' dir='ltr' id='par_1_11' title="bbox 412 975 1991 1044">
     <span class='ocr_line' id='line_1_11' title="bbox 412 975 1991 1044; baseline 0.002 -16"><span class='ocrx_word' id='word_1_65' title='bbox 412 989 598 1044; x_wconf 87' lang='lat' dir='ltr'><strong>opera.</strong></span> <span class='ocrx_word' id='word_1_66' title='bbox 628 975 709 1029; x_wconf 80' lang='lat' dir='ltr'><strong>Ad</strong></span> <span class='ocrx_word' id='word_1_67' title='bbox 736 975 879 1028; x_wconf 84' lang='lat' dir='ltr'><strong>hunc</strong></span> <span class='ocrx_word' id='word_1_68' title='bbox 913 975 1126 1029; x_wconf 89' lang='lat' dir='ltr'><strong>modum</strong></span> <span class='ocrx_word' id='word_1_69' title='bbox 1153 990 1274 1030; x_wconf 91' lang='lat' dir='ltr'><strong>cum</strong></span> <span class='ocrx_word' id='word_1_70' title='bbox 1306 977 1524 1031; x_wconf 81' lang='lat' dir='ltr'><strong>adesset</strong></span> <span class='ocrx_word' id='word_1_71' title='bbox 1570 977 1740 1038; x_wconf 86' lang='lat' dir='ltr'><strong>Patri,</strong></span> <span class='ocrx_word' id='word_1_72' title='bbox 1783 985 1838 1031; x_wconf 90' lang='lat' dir='ltr'><strong>et</strong></span> <span class='ocrx_word' id='word_1_73' title='bbox 1886 992 1991 1031; x_wconf 89' lang='lat' dir='ltr'><strong>una</strong></span> 
     </span>
    </p>
   </div>
   <div class='ocr_carea' id='block_1_12' title="bbox 412 1066 1992 1138">
    <p class='ocr_par' dir='ltr' id='par_1_12' title="bbox 412 1066 1992 1138">
     <span class='ocr_line' id='line_1_12' title="bbox 412 1066 1992 1138; baseline 0.002 -18"><span class='ocrx_word' id='word_1_74' title='bbox 412 1080 537 1120; x_wconf 91' lang='lat' dir='ltr'><strong>cum</strong></span> <span class='ocrx_word' id='word_1_75' title='bbox 568 1067 758 1121; x_wconf 92' lang='lat' dir='ltr'><strong>eodem</strong></span> <span class='ocrx_word' id='word_1_76' title='bbox 783 1066 976 1122; x_wconf 80' lang='lat' dir='ltr'><strong>fuisset</strong></span> <span class='ocrx_word' id='word_1_77' title='bbox 998 1081 1233 1137; x_wconf 88' lang='lat' dir='ltr'><strong>semper,</strong></span> <span class='ocrx_word' id='word_1_78' title='bbox 1261 1076 1374 1121; x_wconf 92' lang='lat' dir='ltr'><strong>tum</strong></span> <span class='ocrx_word' id='word_1_79' title='bbox 1399 1084 1521 1122; x_wconf 91' lang='lat' dir='ltr'><strong>cum</strong></span> <span class='ocrx_word' id='word_1_80' title='bbox 1549 1068 1748 1124; x_wconf 72' lang='lat' dir='ltr'><strong>cmlum</strong></span> <span class='ocrx_word' id='word_1_81' title='bbox 1780 1083 1992 1138; x_wconf 86' lang='lat' dir='ltr'><strong>praepa-</strong></span> 
     </span>
    </p>
   </div>
   <div class='ocr_carea' id='block_1_13' title="bbox 412 1159 1990 1229">
    <p class='ocr_par' dir='ltr' id='par_1_13' title="bbox 412 1159 1990 1229">
     <span class='ocr_line' id='line_1_13' title="bbox 412 1159 1990 1229; baseline 0.003 -17"><span class='ocrx_word' id='word_1_82' title='bbox 412 1165 580 1222; x_wconf 86' lang='lat' dir='ltr'><strong>raret,</strong></span> <span class='ocrx_word' id='word_1_83' title='bbox 609 1167 676 1212; x_wconf 74' lang='lat' dir='ltr'><strong>~et</strong></span> <span class='ocrx_word' id='word_1_84' title='bbox 703 1174 822 1226; x_wconf 69' lang='lat' dir='ltr'><strong>qua:</strong></span> <span class='ocrx_word' id='word_1_85' title='bbox 851 1159 1036 1214; x_wconf 89' lang='lat' dir='ltr'><strong>insunt</strong></span> <span class='ocrx_word' id='word_1_86' title='bbox 1077 1159 1232 1214; x_wconf 85' lang='lat' dir='ltr'><strong>caelis</strong></span> <span class='ocrx_word' id='word_1_87' title='bbox 1275 1176 1290 1214; x_wconf 86' lang='lat'><strong>:</strong></span> <span class='ocrx_word' id='word_1_88' title='bbox 1341 1161 1442 1213; x_wconf 85' lang='lat' dir='ltr'><strong>hoc</strong></span> <span class='ocrx_word' id='word_1_89' title='bbox 1490 1161 1674 1215; x_wconf 87' lang='lat' dir='ltr'><strong>docuit</strong></span> <span class='ocrx_word' id='word_1_90' title='bbox 1719 1160 1990 1229; x_wconf 76' lang='lat' dir='ltr'><strong>inquiens,</strong></span> 
     </span>
    </p>
   </div>
   <div class='ocr_carea' id='block_1_14' title="bbox 414 1245 1994 1317">
    <p class='ocr_par' dir='ltr' id='par_1_14' title="bbox 414 1245 1994 1317">
     <span class='ocr_line' id='line_1_14' title="bbox 414 1245 1994 1317; baseline 0.005 -18"><span class='ocrx_word' id='word_1_91' title='bbox 414 1245 544 1300; x_wconf 82' lang='lat' dir='ltr'><strong>Cum</strong></span> <span class='ocrx_word' id='word_1_92' title='bbox 575 1259 893 1317; x_wconf 70' lang='lat' dir='ltr'><strong>praepararet</strong></span> <span class='ocrx_word' id='word_1_93' title='bbox 936 1250 1143 1314; x_wconf 65' lang='lat' dir='ltr'><strong>calum,</strong></span> <span class='ocrx_word' id='word_1_94' title='bbox 1191 1251 1275 1304; x_wconf 79' lang='lat' dir='ltr'><strong>illi</strong></span> <span class='ocrx_word' id='word_1_95' title='bbox 1307 1251 1542 1304; x_wconf 80' lang='lat' dir='ltr'><strong>aderam.</strong></span> <span class='ocrx_word' id='word_1_96' title='bbox 1595 1251 1699 1306; x_wconf 90' lang='lat' dir='ltr'><strong>Sed</strong></span> <span class='ocrx_word' id='word_1_97' title='bbox 1747 1263 1802 1307; x_wconf 87' lang='lat' dir='ltr'><strong>et</strong></span> <span class='ocrx_word' id='word_1_98' title='bbox 1834 1252 1994 1307; x_wconf 86' lang='lat' dir='ltr'><strong>Pater</strong></span> 
     </span>
    </p>
   </div>
   <div class='ocr_carea' id='block_1_15' title="bbox 412 1338 1993 1413">
    <p class='ocr_par' dir='ltr' id='par_1_15' title="bbox 412 1338 1993 1413">
     <span class='ocr_line' id='line_1_15' title="bbox 412 1338 1993 1413; baseline 0.004 -23"><span class='ocrx_word' id='word_1_99' title='bbox 412 1338 728 1408; x_wconf 89' lang='lat' dir='ltr'><strong>priusquam</strong></span> <span class='ocrx_word' id='word_1_100' title='bbox 768 1342 1023 1394; x_wconf 85' lang='lat' dir='ltr'><strong>mundum</strong></span> <span class='ocrx_word' id='word_1_101' title='bbox 1049 1342 1328 1405; x_wconf 85' lang='lat' dir='ltr'><strong>conderet,</strong></span> <span class='ocrx_word' id='word_1_102' title='bbox 1360 1341 1414 1394; x_wconf 90' lang='lat' dir='ltr'><strong>in</strong></span> <span class='ocrx_word' id='word_1_103' title='bbox 1443 1357 1506 1395; x_wconf 90' lang='lat' dir='ltr'><strong>eo</strong></span> <span class='ocrx_word' id='word_1_104' title='bbox 1540 1343 1826 1413; x_wconf 81' lang='lat' dir='ltr'><strong>gaudebat,</strong></span> <span class='ocrx_word' id='word_1_105' title='bbox 1871 1345 1993 1397; x_wconf 89' lang='lat' dir='ltr'><strong>uni-</strong></span> 
     </span>
    </p>
   </div>
   <div class='ocr_carea' id='block_1_16' title="bbox 411 1430 1994 1503">
    <p class='ocr_par' dir='ltr' id='par_1_16' title="bbox 411 1430 1994 1503">
     <span class='ocr_line' id='line_1_16' title="bbox 411 1430 1994 1503; baseline 0.004 -21"><span class='ocrx_word' id='word_1_106' title='bbox 411 1430 651 1499; x_wconf 72' lang='lat' dir='ltr'><strong>genitum</strong></span> <span class='ocrx_word' id='word_1_107' title='bbox 689 1445 845 1484; x_wconf 80' lang='lat' dir='ltr'><strong>suum</strong></span> <span class='ocrx_word' id='word_1_108' title='bbox 876 1431 1069 1485; x_wconf 88' lang='lat' dir='ltr'><strong>Filium</strong></span> <span class='ocrx_word' id='word_1_109' title='bbox 1100 1431 1366 1486; x_wconf 86' lang='lat' dir='ltr'><strong>intuitus:</strong></span> <span class='ocrx_word' id='word_1_110' title='bbox 1403 1441 1458 1486; x_wconf 91' lang='lat' dir='ltr'><strong>et</strong></span> <span class='ocrx_word' id='word_1_111' title='bbox 1505 1441 1764 1502; x_wconf 89' lang='lat' dir='ltr'><strong>tanquam</strong></span> <span class='ocrx_word' id='word_1_112' title='bbox 1794 1435 1845 1488; x_wconf 91' lang='lat' dir='ltr'><strong>in</strong></span> <span class='ocrx_word' id='word_1_113' title='bbox 1871 1449 1994 1503; x_wconf 90' lang='lat' dir='ltr'><strong>spe-</strong></span> 
     </span>
    </p>
   </div>
   <div class='ocr_carea' id='block_1_17' title="bbox 415 1520 1994 1594">
    <p class='ocr_par' dir='ltr' id='par_1_17' title="bbox 415 1520 1994 1594">
     <span class='ocr_line' id='line_1_17' title="bbox 415 1520 1994 1594; baseline 0.005 -21"><span class='ocrx_word' id='word_1_114' title='bbox 415 1520 537 1574; x_wconf 89' lang='lat' dir='ltr'><strong>culo</strong></span> <span class='ocrx_word' id='word_1_115' title='bbox 568 1524 800 1592; x_wconf 88' lang='lat' dir='ltr'><strong>quodam</strong></span> <span class='ocrx_word' id='word_1_116' title='bbox 824 1524 1172 1592; x_wconf 78' lang='lat' dir='ltr'><strong>semetipsum</strong></span> <span class='ocrx_word' id='word_1_117' title='bbox 1205 1523 1260 1577; x_wconf 90' lang='lat' dir='ltr'><strong>in</strong></span> <span class='ocrx_word' id='word_1_118' title='bbox 1299 1524 1388 1577; x_wconf 85' lang='lat' dir='ltr'><strong>illo</strong></span> <span class='ocrx_word' id='word_1_119' title='bbox 1423 1525 1814 1594; x_wconf 86' lang='lat' dir='ltr'><strong>contemplatus</strong></span> <span class='ocrx_word' id='word_1_120' title='bbox 1846 1525 1994 1581; x_wconf 63' lang='lat' dir='ltr'><strong>laeta-</strong></span> 
     </span>
    </p>
   </div>
   <div class='ocr_carea' id='block_1_18' title="bbox 410 1616 1991 1688">
    <p class='ocr_par' dir='ltr' id='par_1_18' title="bbox 410 1616 1991 1688">
     <span class='ocr_line' id='line_1_18' title="bbox 410 1616 1991 1688; baseline -0.001 -17"><span class='ocrx_word' id='word_1_121' title='bbox 410 1623 588 1676; x_wconf 84' lang='lat' dir='ltr'><strong>batur.</strong></span> <span class='ocrx_word' id='word_1_122' title='bbox 609 1616 898 1684; x_wconf 83' lang='lat' dir='ltr'><strong>Quocirca,</strong></span> <span class='ocrx_word' id='word_1_123' title='bbox 924 1617 1098 1685; x_wconf 89' lang='lat' dir='ltr'><strong>inquit</strong></span> <span class='ocrx_word' id='word_1_124' title='bbox 1127 1617 1426 1685; x_wconf 85' lang='lat' dir='ltr'><strong>Sapientia,</strong></span> <span class='ocrx_word' id='word_1_125' title='bbox 1454 1634 1472 1667; x_wconf 90' lang='grc' dir='ltr'><strong>ι</strong></span> <span class='ocrx_word' id='word_1_126' title='bbox 1495 1617 1604 1688; x_wconf 82' lang='lat' dir='ltr'><strong>Ego</strong></span> <span class='ocrx_word' id='word_1_127' title='bbox 1635 1631 1782 1670; x_wconf 88' lang='lat' dir='ltr'><strong>eram</strong></span> <span class='ocrx_word' id='word_1_128' title='bbox 1810 1617 1860 1670; x_wconf 92' lang='lat' dir='ltr'><strong>in</strong></span> <span class='ocrx_word' id='word_1_129' title='bbox 1884 1632 1991 1686; x_wconf 89' lang='lat' dir='ltr'><strong>qua</strong></span> 
     </span>
    </p>
   </div>
   <div class='ocr_carea' id='block_1_19' title="bbox 409 1708 1990 1785">
    <p class='ocr_par' dir='ltr' id='par_1_19' title="bbox 409 1708 1990 1785">
     <span class='ocr_line' id='line_1_19' title="bbox 409 1708 1990 1785; baseline -0.001 -20"><span class='ocrx_word' id='word_1_130' title='bbox 409 1714 651 1785; x_wconf 86' lang='lat' dir='ltr'><strong>quotidie</strong></span> <span class='ocrx_word' id='word_1_131' title='bbox 681 1711 972 1780; x_wconf 74' lang='lat' dir='ltr'><strong>gaudebat.</strong></span> <span class='ocrx_word' id='word_1_132' title='bbox 1006 1728 1024 1760; x_wconf 73' lang='grc' dir='ltr'>δ</span> <span class='ocrx_word' id='word_1_133' title='bbox 1062 1708 1167 1763; x_wconf 90' lang='lat' dir='ltr'><strong>Sed</strong></span> <span class='ocrx_word' id='word_1_134' title='bbox 1196 1719 1251 1764; x_wconf 91' lang='lat' dir='ltr'><strong>et</strong></span> <span class='ocrx_word' id='word_1_135' title='bbox 1281 1709 1450 1764; x_wconf 87' lang='lat' dir='ltr'><strong>Filius</strong></span> <span class='ocrx_word' id='word_1_136' title='bbox 1494 1709 1608 1778; x_wconf 92' lang='lat' dir='ltr'><strong>ipse</strong></span> <span class='ocrx_word' id='word_1_137' title='bbox 1655 1709 1990 1764; x_wconf 63' lang='lat' dir='ltr'><strong>laetabundus</strong></span> 
     </span>
    </p>
   </div>
   <div class='ocr_carea' id='block_1_20' title="bbox 2093 518 3699 600">
    <p class='ocr_par' dir='ltr' id='par_1_20' title="bbox 2093 518 3699 600">
     <span class='ocr_line' id='line_1_20' title="bbox 2093 518 3699 600; baseline 0.008 -28"><span class='ocrx_word' id='word_1_138' title='bbox 2093 519 2203 573; x_wconf 84' lang='grc' dir='ltr'><strong>ἐὰν</strong></span> <span class='ocrx_word' id='word_1_139' title='bbox 2227 518 2314 588; x_wconf 82' lang='grc' dir='ltr'>μή</span> <span class='ocrx_word' id='word_1_140' title='bbox 2347 538 2402 574; x_wconf 87' lang='grc' dir='ltr'><strong>τι</strong></span> <span class='ocrx_word' id='word_1_141' title='bbox 2433 521 2640 592; x_wconf 78' lang='grc' dir='ltr'>βλέπῃ</span> <span class='ocrx_word' id='word_1_142' title='bbox 2663 524 2772 578; x_wconf 86' lang='grc' dir='ltr'><strong>τὸν</strong></span> <span class='ocrx_word' id='word_1_143' title='bbox 2796 526 3028 594; x_wconf 80' lang='grc' dir='ltr'><strong>Πατέρα</strong></span> <span class='ocrx_word' id='word_1_144' title='bbox 3055 527 3364 593; x_wconf 76' lang='grc' dir='ltr'>ποιοῦντα,</span> <span class='ocrx_word' id='word_1_145' title='bbox 3399 528 3440 584; x_wconf 82' lang='grc' dir='ltr'><em>ἂ</em></span> <span class='ocrx_word' id='word_1_146' title='bbox 3476 530 3589 600; x_wconf 77' lang='grc' dir='ltr'>γὰρ</span> <span class='ocrx_word' id='word_1_147' title='bbox 3621 531 3699 584; x_wconf 75' lang='grc' dir='ltr'><strong>ἂν</strong></span> 
     </span>
    </p>
   </div>
   <div class='ocr_carea' id='block_1_21' title="bbox 2093 611 3692 691">
    <p class='ocr_par' dir='ltr' id='par_1_21' title="bbox 2093 611 3692 691">
     <span class='ocr_line' id='line_1_21' title="bbox 2093 611 3692 691; baseline 0.008 -27"><span class='ocrx_word' id='word_1_148' title='bbox 2093 611 2323 679; x_wconf 78' lang='grc' dir='ltr'>ἐκεῖνος</span> <span class='ocrx_word' id='word_1_149' title='bbox 2354 613 2517 682; x_wconf 76' lang='grc' dir='ltr'>ποιῇ,</span> <span class='ocrx_word' id='word_1_150' title='bbox 2547 616 2734 670; x_wconf 82' lang='grc' dir='ltr'>ταῦτα</span> <span class='ocrx_word' id='word_1_151' title='bbox 2758 616 2882 691; x_wconf 82' lang='grc' dir='ltr'><strong>[ἂν]</strong></span> <span class='ocrx_word' id='word_1_152' title='bbox 2911 619 3009 672; x_wconf 80' lang='grc' dir='ltr'>καὶ</span> <span class='ocrx_word' id='word_1_153' title='bbox 3041 621 3258 688; x_wconf 82' lang='grc' dir='ltr'>ὁμοίως</span> <span class='ocrx_word' id='word_1_154' title='bbox 3281 625 3314 676; x_wconf 85' lang='grc' dir='ltr'><em>ὁ</em></span> <span class='ocrx_word' id='word_1_155' title='bbox 3351 623 3484 688; x_wconf 81' lang='grc' dir='ltr'><strong>Υἱὸς</strong></span> <span class='ocrx_word' id='word_1_156' title='bbox 3509 623 3692 677; x_wconf 81' lang='grc' dir='ltr'>ποιεῖ.</span> 
     </span>
    </p>
   </div>
   <div class='ocr_carea' id='block_1_22' title="bbox 2107 705 3699 778">
    <p class='ocr_par' dir='ltr' id='par_1_22' title="bbox 2107 705 3699 778">
     <span class='ocr_line' id='line_1_22' title="bbox 2107 705 3699 778; baseline 0.006 -19"><span class='ocrx_word' id='word_1_157' title='bbox 2107 705 2168 759; x_wconf 90' lang='lat'><strong>&#39;0</strong></span> <span class='ocrx_word' id='word_1_158' title='bbox 2207 707 2318 777; x_wconf 76' lang='grc' dir='ltr'><strong>γὰρ</strong></span> <span class='ocrx_word' id='word_1_159' title='bbox 2347 708 2552 777; x_wconf 80' lang='grc' dir='ltr'>Πατὴρ</span> <span class='ocrx_word' id='word_1_160' title='bbox 2573 709 2746 778; x_wconf 65' lang='grc' dir='ltr'>φιλεῖ</span> <span class='ocrx_word' id='word_1_161' title='bbox 2767 710 2875 763; x_wconf 77' lang='grc' dir='ltr'><strong>τὸν</strong></span> <span class='ocrx_word' id='word_1_162' title='bbox 2911 713 3065 773; x_wconf 77' lang='grc' dir='ltr'>Υίὸν,</span> <span class='ocrx_word' id='word_1_163' title='bbox 3102 712 3201 764; x_wconf 77' lang='grc' dir='ltr'>καὶ</span> <span class='ocrx_word' id='word_1_164' title='bbox 3228 711 3427 767; x_wconf 71' lang='grc' dir='ltr'>πάντα</span> <span class='ocrx_word' id='word_1_165' title='bbox 3449 713 3699 769; x_wconf 78' lang='grc' dir='ltr'><strong>δείκνυ·</strong></span> 
     </span>
    </p>
   </div>
   <div class='ocr_carea' id='block_1_23' title="bbox 2094 801 3694 880">
    <p class='ocr_par' dir='ltr' id='par_1_23' title="bbox 2094 801 3694 880">
     <span class='ocr_line' id='line_1_23' title="bbox 2094 801 3694 880; baseline 0.006 -26"><span class='ocrx_word' id='word_1_166' title='bbox 2094 815 2200 854; x_wconf 78' lang='grc' dir='ltr'><strong>σιν</strong></span> <span class='ocrx_word' id='word_1_167' title='bbox 2231 801 2410 867; x_wconf 84' lang='grc' dir='ltr'>αὐτῷ,</span> <span class='ocrx_word' id='word_1_168' title='bbox 2441 803 2479 856; x_wconf 79' lang='grc' dir='ltr'><em>ἁ</em></span> <span class='ocrx_word' id='word_1_169' title='bbox 2519 804 2701 870; x_wconf 82' lang='grc' dir='ltr'>αὐτὸς</span> <span class='ocrx_word' id='word_1_170' title='bbox 2743 803 2917 860; x_wconf 83' lang='grc' dir='ltr'>ποιεῖ.</span> <span class='ocrx_word' id='word_1_171' title='bbox 2961 806 3132 860; x_wconf 84' lang='grc' dir='ltr'><strong>Ἔνθα</strong></span> <span class='ocrx_word' id='word_1_172' title='bbox 3155 823 3240 871; x_wconf 84' lang='grc' dir='ltr'><strong>τις</strong></span> <span class='ocrx_word' id='word_1_173' title='bbox 3267 809 3492 872; x_wconf 71' lang='grc' dir='ltr'>εἰκότως</span> <span class='ocrx_word' id='word_1_174' title='bbox 3519 809 3694 880; x_wconf 78' lang='grc' dir='ltr'>ζητή-</span> 
     </span>
    </p>
   </div>
   <div class='ocr_carea' id='block_1_24' title="bbox 2097 899 3692 978">
    <p class='ocr_par' dir='ltr' id='par_1_24' title="bbox 2097 899 3692 978">
     <span class='ocr_line' id='line_1_24' title="bbox 2097 899 3692 978; baseline 0.009 -28"><span class='ocrx_word' id='word_1_175' title='bbox 2097 914 2240 951; x_wconf 89' lang='grc' dir='ltr'>σειεν</span> <span class='ocrx_word' id='word_1_176' title='bbox 2273 899 2338 952; x_wconf 82' lang='grc' dir='ltr'>ἂν</span> <span class='ocrx_word' id='word_1_177' title='bbox 2379 900 2496 964; x_wconf 87' lang='grc' dir='ltr'><strong>πῶς</strong></span> <span class='ocrx_word' id='word_1_178' title='bbox 2533 901 2603 954; x_wconf 74' lang='grc' dir='ltr'>τὰ</span> <span class='ocrx_word' id='word_1_179' title='bbox 2638 902 2784 968; x_wconf 77' lang='grc' dir='ltr'>ἅπαξ</span> <span class='ocrx_word' id='word_1_180' title='bbox 2834 904 2939 956; x_wconf 85' lang='grc' dir='ltr'>ὑπὸ</span> <span class='ocrx_word' id='word_1_181' title='bbox 2967 903 3061 958; x_wconf 78' lang='grc' dir='ltr'>τοῦ</span> <span class='ocrx_word' id='word_1_182' title='bbox 3110 906 3324 978; x_wconf 83' lang='grc' dir='ltr'>Πατρὸς</span> <span class='ocrx_word' id='word_1_183' title='bbox 3364 911 3634 978; x_wconf 81' lang='grc' dir='ltr'><strong>γεγονότα</strong></span> <span class='ocrx_word' id='word_1_184' title='bbox 3664 911 3692 963; x_wconf 88' lang='lat'><strong>6</strong></span> 
     </span>
    </p>
   </div>
   <div class='ocr_carea' id='block_1_25' title="bbox 2097 985 3688 1070">
    <p class='ocr_par' dir='ltr' id='par_1_25' title="bbox 2097 985 3688 1070">
     <span class='ocr_line' id='line_1_25' title="bbox 2097 985 3688 1070; baseline 0.011 -31"><span class='ocrx_word' id='word_1_185' title='bbox 2097 987 2224 1051; x_wconf 86' lang='grc' dir='ltr'>Υἱὸς</span> <span class='ocrx_word' id='word_1_186' title='bbox 2251 985 2606 1057; x_wconf 78' lang='grc' dir='ltr'>αὖθιςοποιεῖ;</span> <span class='ocrx_word' id='word_1_187' title='bbox 2653 992 2983 1048; x_wconf 82' lang='grc' dir='ltr'>Ἐπελύσατο</span> <span class='ocrx_word' id='word_1_188' title='bbox 3010 996 3056 1048; x_wconf 86' lang='grc' dir='ltr'>δ’</span> <span class='ocrx_word' id='word_1_189' title='bbox 3088 997 3249 1062; x_wconf 81' lang='grc' dir='ltr'>αὐτὸς</span> <span class='ocrx_word' id='word_1_190' title='bbox 3278 1001 3370 1053; x_wconf 84' lang='grc' dir='ltr'><strong>τὸν</strong></span> <span class='ocrx_word' id='word_1_191' title='bbox 3414 1000 3571 1070; x_wconf 83' lang='grc' dir='ltr'>λόγον</span> <span class='ocrx_word' id='word_1_192' title='bbox 3604 1005 3688 1056; x_wconf 88' lang='grc' dir='ltr'>εί-</span> 
     </span>
    </p>
   </div>
   <div class='ocr_carea' id='block_1_26' title="bbox 2096 1079 3691 1162">
    <p class='ocr_par' dir='ltr' id='par_1_26' title="bbox 2096 1079 3691 1162">
     <span class='ocr_line' id='line_1_26' title="bbox 2096 1079 3691 1162; baseline 0.011 -30"><span class='ocrx_word' id='word_1_193' title='bbox 2096 1079 2212 1133; x_wconf 87' lang='grc' dir='ltr'>πών</span> <span class='ocrx_word' id='word_1_194' title='bbox 2229 1097 2243 1110; x_wconf 66' lang='grc'>⁸</span> <span class='ocrx_word' id='word_1_195' title='bbox 2283 1084 2341 1138; x_wconf 84' lang='grc' dir='ltr'><strong>Ἃ</strong></span> <span class='ocrx_word' id='word_1_196' title='bbox 2362 1084 2473 1150; x_wconf 76' lang='grc' dir='ltr'><strong>γὰρ</strong></span> <span class='ocrx_word' id='word_1_197' title='bbox 2493 1084 2572 1137; x_wconf 79' lang='grc' dir='ltr'><strong>ἂν</strong></span> <span class='ocrx_word' id='word_1_198' title='bbox 2598 1087 2631 1137; x_wconf 83' lang='grc' dir='ltr'><em>ὀ</em></span> <span class='ocrx_word' id='word_1_199' title='bbox 2655 1086 2860 1153; x_wconf 76' lang='grc' dir='ltr'>Πατὴρ</span> <span class='ocrx_word' id='word_1_200' title='bbox 2895 1088 3070 1153; x_wconf 84' lang='grc' dir='ltr'>ποιεῖ,</span> <span class='ocrx_word' id='word_1_201' title='bbox 3099 1091 3284 1144; x_wconf 84' lang='grc' dir='ltr'>ταῦτα</span> <span class='ocrx_word' id='word_1_202' title='bbox 3311 1093 3410 1146; x_wconf 78' lang='grc' dir='ltr'>καὶ</span> <span class='ocrx_word' id='word_1_203' title='bbox 3464 1098 3498 1148; x_wconf 84' lang='grc' dir='ltr'><strong>ό</strong></span> <span class='ocrx_word' id='word_1_204' title='bbox 3550 1097 3691 1162; x_wconf 77' lang='grc' dir='ltr'><strong>Υἱὸς</strong></span> 
     </span>
    </p>
   </div>
   <div class='ocr_carea' id='block_1_27' title="bbox 2096 1171 3689 1258">
    <p class='ocr_par' dir='ltr' id='par_1_27' title="bbox 2096 1171 3689 1258">
     <span class='ocr_line' id='line_1_27' title="bbox 2096 1171 3689 1258; baseline 0.013 -36"><span class='ocrx_word' id='word_1_205' title='bbox 2096 1171 2309 1240; x_wconf 76' lang='grc' dir='ltr'>ὁμοίως</span> <span class='ocrx_word' id='word_1_206' title='bbox 2350 1173 2524 1228; x_wconf 83' lang='grc' dir='ltr'>ποιεῖ.</span> <span class='ocrx_word' id='word_1_207' title='bbox 2571 1175 2780 1228; x_wconf 74' lang='grc' dir='ltr'>Οὐκοῦν</span> <span class='ocrx_word' id='word_1_208' title='bbox 2829 1179 3081 1251; x_wconf 88' lang='grc' dir='ltr'>ὁμοίωμα</span> <span class='ocrx_word' id='word_1_209' title='bbox 3130 1184 3386 1254; x_wconf 81' lang='grc' dir='ltr'><strong>τυγχάνει</strong></span> <span class='ocrx_word' id='word_1_210' title='bbox 3431 1187 3500 1239; x_wconf 84' lang='grc' dir='ltr'>τὰ</span> <span class='ocrx_word' id='word_1_211' title='bbox 3543 1188 3689 1258; x_wconf 77' lang='grc' dir='ltr'>πρὸς</span> 
     </span>
    </p>
   </div>
   <div class='ocr_carea' id='block_1_28' title="bbox 2093 1260 3689 1351">
    <p class='ocr_par' dir='ltr' id='par_1_28' title="bbox 2093 1260 3689 1351">
     <span class='ocr_line' id='line_1_28' title="bbox 2093 1260 3689 1351; baseline 0.013 -39"><span class='ocrx_word' id='word_1_212' title='bbox 2093 1260 2188 1314; x_wconf 79' lang='grc' dir='ltr'>τοῦ</span> <span class='ocrx_word' id='word_1_213' title='bbox 2218 1263 2346 1315; x_wconf 86' lang='grc' dir='ltr'><strong>Υίοῦ</strong></span> <span class='ocrx_word' id='word_1_214' title='bbox 2369 1266 2665 1336; x_wconf 86' lang='grc' dir='ltr'>γιγνόμενα</span> <span class='ocrx_word' id='word_1_215' title='bbox 2699 1268 2875 1339; x_wconf 81' lang='grc' dir='ltr'>έργων</span> <span class='ocrx_word' id='word_1_216' title='bbox 2908 1273 3230 1343; x_wconf 82' lang='grc' dir='ltr'>ἀρχετύπων</span> <span class='ocrx_word' id='word_1_217' title='bbox 3260 1279 3319 1330; x_wconf 87' lang='grc' dir='ltr'>ὲν</span> <span class='ocrx_word' id='word_1_218' title='bbox 3347 1280 3689 1351; x_wconf 67' lang='grc' dir='ltr'>ἀπορρήτοις</span> 
     </span>
    </p>
   </div>
   <div class='ocr_carea' id='block_1_29' title="bbox 2093 1352 3686 1444">
    <p class='ocr_par' dir='ltr' id='par_1_29' title="bbox 2093 1352 3686 1444">
     <span class='ocr_line' id='line_1_29' title="bbox 2093 1352 3686 1444; baseline 0.015 -41"><span class='ocrx_word' id='word_1_219' title='bbox 2093 1352 2191 1444; x_wconf 78' lang='grc' dir='ltr'>τοῦ</span> <span class='ocrx_word' id='word_1_220' title='bbox 2232 1355 2444 1426; x_wconf 81' lang='grc' dir='ltr'>Πατρὸς</span> <span class='ocrx_word' id='word_1_221' title='bbox 2516 1357 2795 1430; x_wconf 83' lang='grc' dir='ltr'><strong>λογισμοῖς</strong></span> <span class='ocrx_word' id='word_1_222' title='bbox 2842 1368 3352 1436; x_wconf 73' lang='grc' dir='ltr'>προῡφιπαμένων,</span> <span class='ocrx_word' id='word_1_223' title='bbox 3390 1371 3425 1424; x_wconf 78' lang='grc' dir='ltr'><strong>ἃ</strong></span> <span class='ocrx_word' id='word_1_224' title='bbox 3467 1372 3530 1444; x_wconf 80' lang='grc' dir='ltr'>δὴ</span> <span class='ocrx_word' id='word_1_225' title='bbox 3567 1374 3686 1442; x_wconf 73' lang='lat'><strong>(22)</strong></span> 
     </span>
    </p>
   </div>
   <div class='ocr_carea' id='block_1_30' title="bbox 2095 1442 3686 1533">
    <p class='ocr_par' dir='ltr' id='par_1_30' title="bbox 2095 1442 3686 1533">
     <span class='ocr_line' id='line_1_30' title="bbox 2095 1442 3686 1533; baseline 0.014 -37"><span class='ocrx_word' id='word_1_226' title='bbox 2095 1442 2308 1513; x_wconf 82' lang='grc' dir='ltr'><strong>βλέπων</strong></span> <span class='ocrx_word' id='word_1_227' title='bbox 2343 1448 2544 1533; x_wconf 73' lang='grc' dir='ltr'>ἀτενῶς</span> <span class='ocrx_word' id='word_1_228' title='bbox 2567 1451 2626 1503; x_wconf 83' lang='grc' dir='ltr'>ὲν</span> <span class='ocrx_word' id='word_1_229' title='bbox 2659 1456 2724 1523; x_wconf 78' lang='grc' dir='ltr'><strong>τῇ</strong></span> <span class='ocrx_word' id='word_1_230' title='bbox 2754 1453 2849 1506; x_wconf 80' lang='grc' dir='ltr'>τοῦ</span> <span class='ocrx_word' id='word_1_231' title='bbox 2877 1457 3086 1526; x_wconf 82' lang='grc' dir='ltr'>Πατρὸς</span> <span class='ocrx_word' id='word_1_232' title='bbox 3115 1458 3228 1528; x_wconf 72' lang='lat'><strong>(25)</strong></span> <span class='ocrx_word' id='word_1_233' title='bbox 3254 1461 3464 1533; x_wconf 63' lang='grc' dir='ltr'>διανοίᾳ</span> <span class='ocrx_word' id='word_1_234' title='bbox 3490 1442 3527 1516; x_wconf 80' lang='grc' dir='ltr'><strong>ό</strong></span> <span class='ocrx_word' id='word_1_235' title='bbox 3551 1465 3686 1528; x_wconf 80' lang='grc' dir='ltr'>Υἱὸς</span> 
     </span>
    </p>
   </div>
   <div class='ocr_carea' id='block_1_31' title="bbox 2097 1531 3686 1610">
    <p class='ocr_par' dir='ltr' id='par_1_31' title="bbox 2097 1531 3686 1610">
     <span class='ocr_line' id='line_1_31' title="bbox 2097 1531 3686 1610; baseline 0.012 -24"><span class='ocrx_word' id='word_1_236' title='bbox 2097 1537 2391 1606; x_wconf 81' lang='grc' dir='ltr'>μιμήματα</span> <span class='ocrx_word' id='word_1_237' title='bbox 2429 1531 2504 1591; x_wconf 87' lang='grc' dir='ltr'>ὧν</span> <span class='ocrx_word' id='word_1_238' title='bbox 2545 1539 2692 1610; x_wconf 81' lang='grc' dir='ltr'>ἑώρα</span> <span class='ocrx_word' id='word_1_239' title='bbox 2728 1544 2934 1594; x_wconf 82' lang='grc' dir='ltr'>ἐποίει·</span> <span class='ocrx_word' id='word_1_240' title='bbox 2976 1544 3037 1596; x_wconf 84' lang='grc' dir='ltr'><strong>τὸ</strong></span> <span class='ocrx_word' id='word_1_241' title='bbox 3074 1545 3118 1597; x_wconf 87' lang='grc' dir='ltr'>δ’</span> <span class='ocrx_word' id='word_1_242' title='bbox 3150 1531 3472 1603; x_wconf 80' lang='grc' dir='ltr'>ἐποπτεύειν</span> <span class='ocrx_word' id='word_1_243' title='bbox 3515 1552 3686 1605; x_wconf 82' lang='grc' dir='ltr'>αὑτὸν</span> 
     </span>
    </p>
   </div>
   <div class='ocr_carea' id='block_1_32' title="bbox 2091 1627 3684 1715">
    <p class='ocr_par' dir='ltr' id='par_1_32' title="bbox 2091 1627 3684 1715">
     <span class='ocr_line' id='line_1_32' title="bbox 2091 1627 3684 1715; baseline 0.011 -36"><span class='ocrx_word' id='word_1_244' title='bbox 2091 1627 2160 1715; x_wconf 55' lang='grc' dir='ltr'><strong>τα</strong></span> <span class='ocrx_word' id='word_1_245' title='bbox 2203 1629 2297 1682; x_wconf 78' lang='grc' dir='ltr'>τοῦ</span> <span class='ocrx_word' id='word_1_246' title='bbox 2334 1630 2546 1701; x_wconf 87' lang='grc' dir='ltr'>Πατρὸς</span> <span class='ocrx_word' id='word_1_247' title='bbox 2592 1633 2728 1703; x_wconf 81' lang='grc' dir='ltr'>βάθη</span> <span class='ocrx_word' id='word_1_248' title='bbox 2777 1635 2878 1704; x_wconf 82' lang='grc' dir='ltr'>τῆς</span> <span class='ocrx_word' id='word_1_249' title='bbox 2921 1637 3196 1708; x_wconf 84' lang='grc' dir='ltr'><strong>πατρικῆς</strong></span> <span class='ocrx_word' id='word_1_250' title='bbox 3242 1640 3462 1712; x_wconf 79' lang='grc' dir='ltr'><strong>ἀγάπης</strong></span> <span class='ocrx_word' id='word_1_251' title='bbox 3500 1643 3684 1715; x_wconf 73' lang='grc' dir='ltr'>ἔργων</span> 
     </span>
    </p>
   </div>
   <div class='ocr_carea' id='block_1_33' title="bbox 2093 1713 3686 1803">
    <p class='ocr_par' dir='ltr' id='par_1_33' title="bbox 2093 1713 3686 1803">
     <span class='ocr_line' id='line_1_33' title="bbox 2093 1713 3686 1803; baseline 0.012 -35"><span class='ocrx_word' id='word_1_252' title='bbox 2093 1713 2232 1771; x_wconf 80' lang='grc' dir='ltr'>εἶναι</span> <span class='ocrx_word' id='word_1_253' title='bbox 2268 1719 2505 1790; x_wconf 82' lang='grc' dir='ltr'><strong>παρίστη</strong></span> <span class='ocrx_word' id='word_1_254' title='bbox 2532 1721 2837 1790; x_wconf 66' lang='grc' dir='ltr'>’διασαςρῶν</span> <span class='ocrx_word' id='word_1_255' title='bbox 2892 1723 3038 1795; x_wconf 79' lang='grc' dir='ltr'>ἑξῆς,</span> <span class='ocrx_word' id='word_1_256' title='bbox 3093 1728 3188 1780; x_wconf 77' lang='grc' dir='ltr'><strong>καὶ</strong></span> <span class='ocrx_word' id='word_1_257' title='bbox 3223 1726 3414 1797; x_wconf 87' lang='grc' dir='ltr'>λέγων,</span> <span class='ocrx_word' id='word_1_258' title='bbox 3460 1713 3540 1785; x_wconf 52' lang='grc' dir='ltr'><em>’οΫ</em></span> <span class='ocrx_word' id='word_1_259' title='bbox 3571 1736 3686 1803; x_wconf 74' lang='grc' dir='ltr'><strong>γὰρ</strong></span> 
     </span>
    </p>
   </div>
   <div class='ocr_carea' id='block_1_34' title="bbox 409 1789 1988 1890">
    <p class='ocr_par' dir='ltr' id='par_1_34' title="bbox 409 1799 1988 1876">
     <span class='ocr_line' id='line_1_34' title="bbox 409 1799 1988 1876; baseline -0.003 -17"><span class='ocrx_word' id='word_1_260' title='bbox 409 1806 604 1876; x_wconf 75' lang='lat' dir='ltr'><strong>gaudio</strong></span> <span class='ocrx_word' id='word_1_261' title='bbox 642 1801 950 1872; x_wconf 88' lang='lat' dir='ltr'><strong>replebatur</strong></span> <span class='ocrx_word' id='word_1_262' title='bbox 992 1801 1045 1855; x_wconf 90' lang='lat' dir='ltr'><strong>in</strong></span> <span class='ocrx_word' id='word_1_263' title='bbox 1096 1799 1262 1856; x_wconf 89' lang='lat' dir='ltr'><strong>Patre</strong></span> <span class='ocrx_word' id='word_1_264' title='bbox 1293 1816 1392 1856; x_wconf 92' lang='lat' dir='ltr'><strong>suo</strong></span> <span class='ocrx_word' id='word_1_265' title='bbox 1424 1800 1832 1868; x_wconf 86' lang='lat' dir='ltr'><strong>conspiciendo.</strong></span> <span class='ocrx_word' id='word_1_266' title='bbox 1879 1799 1988 1854; x_wconf 86' lang='lat' dir='ltr'><strong>Hoc</strong></span> 
     </span>
    </p>
   </div>
   <div class='ocr_carea' id='block_1_35' title="bbox 2098 1789 3686 1890">
    <p class='ocr_par' dir='ltr' id='par_1_35' title="bbox 2098 1789 3686 1890">
     <span class='ocr_line' id='line_1_35' title="bbox 2098 1789 3686 1890; baseline 0.012 -29"><span class='ocrx_word' id='word_1_267' title='bbox 2098 1809 2295 1878; x_wconf 80' lang='grc' dir='ltr'>Πατὴρ</span> <span class='ocrx_word' id='word_1_268' title='bbox 2327 1789 2501 1879; x_wconf 63' lang='grc' dir='ltr'>φιλεῖ</span> <span class='ocrx_word' id='word_1_269' title='bbox 2519 1813 2625 1866; x_wconf 78' lang='grc' dir='ltr'>τὸν</span> <span class='ocrx_word' id='word_1_270' title='bbox 2651 1789 2803 1879; x_wconf 77' lang='grc' dir='ltr'>Υὶόν,</span> <span class='ocrx_word' id='word_1_271' title='bbox 2834 1789 3150 1870; x_wconf 57' lang='grc' dir='ltr'>καὶπάντα</span> <span class='ocrx_word' id='word_1_272' title='bbox 3180 1789 3496 1876; x_wconf 60' lang='grc' dir='ltr'>δείκνυσιν</span> <span class='ocrx_word' id='word_1_273' title='bbox 3519 1789 3686 1890; x_wconf 51' lang='grc' dir='ltr'>αότίῖ)</span> 
     </span>
    </p>
   </div>
   <div class='ocr_carea' id='block_1_36' title="bbox 409 1891 1990 1967">
    <p class='ocr_par' dir='ltr' id='par_1_36' title="bbox 409 1891 1990 1967">
     <span class='ocr_line' id='line_1_36' title="bbox 409 1891 1990 1967; baseline -0.005 -15"><span class='ocrx_word' id='word_1_274' title='bbox 409 1898 675 1967; x_wconf 82' lang='lat' dir='ltr'><strong>siquidem</strong></span> <span class='ocrx_word' id='word_1_275' title='bbox 711 1896 825 1965; x_wconf 91' lang='lat' dir='ltr'><strong>ipse</strong></span> <span class='ocrx_word' id='word_1_276' title='bbox 859 1893 1075 1947; x_wconf 88' lang='lat' dir='ltr'><strong>edocuit</strong></span> <span class='ocrx_word' id='word_1_277' title='bbox 1119 1893 1390 1963; x_wconf 79' lang='lat' dir='ltr'><strong>inquiens,</strong></span> <span class='ocrx_word' id='word_1_278' title='bbox 1414 1891 1663 1947; x_wconf 73' lang='lat' dir='ltr'><strong>Ltetabar</strong></span> <span class='ocrx_word' id='word_1_279' title='bbox 1691 1902 1867 1947; x_wconf 83' lang='lat' dir='ltr'><strong>autent</strong></span> <span class='ocrx_word' id='word_1_280' title='bbox 1898 1909 1990 1962; x_wconf 84' lang='lat' dir='ltr'><strong>ego</strong></span> 
     </span>
    </p>
   </div>
   <div class='ocr_carea' id='block_1_37' title="bbox 408 1985 1991 2056">
    <p class='ocr_par' dir='ltr' id='par_1_37' title="bbox 408 1985 1991 2056">
     <span class='ocr_line' id='line_1_37' title="bbox 408 1985 1991 2056; baseline -0.003 -13"><span class='ocrx_word' id='word_1_281' title='bbox 408 2005 586 2044; x_wconf 83' lang='lat' dir='ltr'><strong>coram</strong></span> <span class='ocrx_word' id='word_1_282' title='bbox 619 1987 710 2041; x_wconf 87' lang='lat' dir='ltr'><strong>illo</strong></span> <span class='ocrx_word' id='word_1_283' title='bbox 734 1987 874 2040; x_wconf 80' lang='lat' dir='ltr'><strong>omni</strong></span> <span class='ocrx_word' id='word_1_284' title='bbox 899 1997 1148 2055; x_wconf 84' lang='lat' dir='ltr'><strong>tempore.</strong></span> <span class='ocrx_word' id='word_1_285' title='bbox 1188 1986 1413 2052; x_wconf 78' lang='lat' dir='ltr'><strong>Quando</strong></span> <span class='ocrx_word' id='word_1_286' title='bbox 1438 1985 1830 2056; x_wconf 64' lang='lat' dir='ltr'><strong>lwtabaturob</strong></span> <span class='ocrx_word' id='word_1_287' title='bbox 1855 1995 1991 2038; x_wconf 52' lang='lat' dir='ltr'><strong>con;</strong></span> 
     </span>
    </p>
   </div>
   <div class='ocr_carea' id='block_1_38' title="bbox 333 2075 1992 2146">
    <p class='ocr_par' dir='ltr' id='par_1_38' title="bbox 333 2075 1992 2146">
     <span class='ocr_line' id='line_1_38' title="bbox 333 2075 1992 2146; baseline -0.002 -12"><span class='ocrx_word' id='word_1_288' title='bbox 333 2105 338 2108; x_wconf 93' lang='grc'><strong>·</strong></span> <span class='ocrx_word' id='word_1_289' title='bbox 407 2088 736 2134; x_wconf 88' lang='lat' dir='ltr'><strong>summatum</strong></span> <span class='ocrx_word' id='word_1_290' title='bbox 758 2088 1018 2132; x_wconf 88' lang='lat' dir='ltr'><strong>terrarum</strong></span> <span class='ocrx_word' id='word_1_291' title='bbox 1033 2077 1243 2131; x_wconf 89' lang='lat' dir='ltr'><strong>orbem.</strong></span> <span class='ocrx_word' id='word_1_292' title='bbox 1270 2075 1370 2131; x_wconf 88' lang='lat' dir='ltr'><strong>Ubi</strong></span> <span class='ocrx_word' id='word_1_293' title='bbox 1395 2091 1490 2146; x_wconf 90' lang='lat' dir='ltr'><strong>per</strong></span> <span class='ocrx_word' id='word_1_294' title='bbox 1509 2085 1778 2130; x_wconf 89' lang='lat' dir='ltr'><strong>terrarum</strong></span> <span class='ocrx_word' id='word_1_295' title='bbox 1803 2075 1992 2130; x_wconf 85' lang='lat' dir='ltr'><strong>orbem</strong></span> 
     </span>
    </p>
   </div>
   <div class='ocr_carea' id='block_1_39' title="bbox 406 2167 1990 2239">
    <p class='ocr_par' dir='ltr' id='par_1_39' title="bbox 406 2167 1990 2239">
     <span class='ocr_line' id='line_1_39' title="bbox 406 2167 1990 2239; baseline 0 -15"><span class='ocrx_word' id='word_1_296' title='bbox 406 2169 760 2239; x_wconf 74' lang='lat' dir='ltr'><strong>intelligebat,</strong></span> <span class='ocrx_word' id='word_1_297' title='bbox 797 2168 1166 2222; x_wconf 88' lang='lat' dir='ltr'><strong>universitatis</strong></span> <span class='ocrx_word' id='word_1_298' title='bbox 1215 2167 1668 2237; x_wconf 72' lang='lat' dir='ltr'><strong>complexionem,</strong></span> <span class='ocrx_word' id='word_1_299' title='bbox 1721 2173 1779 2231; x_wconf 60' lang='lat'><strong>&gt;14</strong></span> <span class='ocrx_word' id='word_1_300' title='bbox 1828 2183 1990 2237; x_wconf 93' lang='lat' dir='ltr'><strong>quam</strong></span> 
     </span>
    </p>
   </div>
   <div class='ocr_carea' id='block_1_40' title="bbox 407 2259 1993 2330">
    <p class='ocr_par' dir='ltr' id='par_1_40' title="bbox 407 2259 1993 2330">
     <span class='ocr_line' id='line_1_40' title="bbox 407 2259 1993 2330; baseline -0.002 -11"><span class='ocrx_word' id='word_1_301' title='bbox 407 2267 474 2319; x_wconf 90' lang='lat' dir='ltr'><strong>de</strong></span> <span class='ocrx_word' id='word_1_302' title='bbox 497 2280 601 2318; x_wconf 90' lang='lat' dir='ltr'><strong>non</strong></span> <span class='ocrx_word' id='word_1_303' title='bbox 633 2277 752 2317; x_wconf 90' lang='lat' dir='ltr'><strong>esse</strong></span> <span class='ocrx_word' id='word_1_304' title='bbox 781 2261 847 2314; x_wconf 91' lang='lat' dir='ltr'><strong>ad</strong></span> <span class='ocrx_word' id='word_1_305' title='bbox 893 2275 1014 2315; x_wconf 85' lang='lat' dir='ltr'><strong>esse</strong></span> <span class='ocrx_word' id='word_1_306' title='bbox 1064 2260 1379 2329; x_wconf 84' lang='lat' dir='ltr'><strong>productam</strong></span> <span class='ocrx_word' id='word_1_307' title='bbox 1413 2275 1508 2330; x_wconf 82' lang='lat' dir='ltr'><strong>per</strong></span> <span class='ocrx_word' id='word_1_308' title='bbox 1537 2259 1734 2314; x_wconf 87' lang='lat' dir='ltr'><strong>Filium</strong></span> <span class='ocrx_word' id='word_1_309' title='bbox 1768 2263 1993 2316; x_wconf 88' lang='lat' dir='ltr'><strong>intuitus</strong></span> 
     </span>
    </p>
   </div>
   <div class='ocr_carea' id='block_1_41' title="bbox 407 2350 1992 2410">
    <p class='ocr_par' dir='ltr' id='par_1_41' title="bbox 407 2350 1992 2410">
     <span class='ocr_line' id='line_1_41' title="bbox 407 2350 1992 2410; baseline -0.002 0"><span class='ocrx_word' id='word_1_310' title='bbox 407 2355 784 2410; x_wconf 90' lang='lat' dir='ltr'><strong>universorum</strong></span> <span class='ocrx_word' id='word_1_311' title='bbox 823 2352 966 2406; x_wconf 88' lang='lat' dir='ltr'><strong>Deus</strong></span> <span class='ocrx_word' id='word_1_312' title='bbox 995 2352 1391 2407; x_wconf 86' lang='lat' dir='ltr'><strong>oblectabatur.</strong></span> <span class='ocrx_word' id='word_1_313' title='bbox 1448 2350 1705 2407; x_wconf 81' lang='lat' dir='ltr'><strong>Veritatis</strong></span> <span class='ocrx_word' id='word_1_314' title='bbox 1756 2354 1894 2406; x_wconf 89' lang='lat' dir='ltr'><strong>ratio</strong></span> <span class='ocrx_word' id='word_1_315' title='bbox 1927 2355 1992 2407; x_wconf 93' lang='lat' dir='ltr'><strong>de</strong></span> 
     </span>
    </p>
   </div>
   <div class='ocr_carea' id='block_1_42' title="bbox 405 2442 1988 2514">
    <p class='ocr_par' dir='ltr' id='par_1_42' title="bbox 405 2442 1988 2514">
     <span class='ocr_line' id='line_1_42' title="bbox 405 2442 1988 2514; baseline -0.003 -15"><span class='ocrx_word' id='word_1_316' title='bbox 405 2458 560 2500; x_wconf 84' lang='lat' dir='ltr'><strong>sacra</strong></span> <span class='ocrx_word' id='word_1_317' title='bbox 579 2442 858 2513; x_wconf 89' lang='lat' dir='ltr'><strong>Scriptura</strong></span> <span class='ocrx_word' id='word_1_318' title='bbox 883 2443 1116 2498; x_wconf 90' lang='lat' dir='ltr'><strong>deducta</strong></span> <span class='ocrx_word' id='word_1_319' title='bbox 1129 2443 1369 2498; x_wconf 89' lang='lat' dir='ltr'><strong>breviter</strong></span> <span class='ocrx_word' id='word_1_320' title='bbox 1394 2452 1446 2498; x_wconf 91' lang='lat' dir='ltr'><strong>et</strong></span> <span class='ocrx_word' id='word_1_321' title='bbox 1472 2458 1566 2514; x_wconf 88' lang='lat' dir='ltr'><strong>per</strong></span> <span class='ocrx_word' id='word_1_322' title='bbox 1589 2445 1988 2511; x_wconf 86' lang='lat' dir='ltr'><strong>compendium,</strong></span> 
     </span>
    </p>
   </div>
   <div class='ocr_carea' id='block_1_43' title="bbox 406 2534 1991 2591">
    <p class='ocr_par' dir='ltr' id='par_1_43' title="bbox 406 2534 1991 2591">
     <span class='ocr_line' id='line_1_43' title="bbox 406 2534 1991 2591; baseline 0.001 -1"><span class='ocrx_word' id='word_1_323' title='bbox 406 2534 510 2590; x_wconf 88' lang='lat' dir='ltr'><strong>ista</strong></span> <span class='ocrx_word' id='word_1_324' title='bbox 545 2545 648 2591; x_wconf 91' lang='lat' dir='ltr'><strong>est.</strong></span> <span class='ocrx_word' id='word_1_325' title='bbox 674 2535 766 2590; x_wconf 91' lang='lat' dir='ltr'><strong>llle</strong></span> <span class='ocrx_word' id='word_1_326' title='bbox 797 2547 977 2590; x_wconf 89' lang='lat' dir='ltr'><strong>autem</strong></span> <span class='ocrx_word' id='word_1_327' title='bbox 1016 2537 1297 2591; x_wconf 88' lang='lat' dir='ltr'><strong>desursum</strong></span> <span class='ocrx_word' id='word_1_328' title='bbox 1348 2537 1400 2588; x_wconf 91' lang='lat' dir='ltr'><strong>in</strong></span> <span class='ocrx_word' id='word_1_329' title='bbox 1439 2551 1658 2590; x_wconf 91' lang='lat' dir='ltr'><strong>carnem</strong></span> <span class='ocrx_word' id='word_1_330' title='bbox 1683 2536 1991 2591; x_wconf 87' lang='lat' dir='ltr'><strong>Servatoris</strong></span> 
     </span>
    </p>
   </div>
   <div class='ocr_carea' id='block_1_44' title="bbox 406 2625 1990 2696">
    <p class='ocr_par' dir='ltr' id='par_1_44' title="bbox 406 2625 1990 2696">
     <span class='ocr_line' id='line_1_44' title="bbox 406 2625 1990 2696; baseline 0.002 -16"><span class='ocrx_word' id='word_1_331' title='bbox 406 2625 590 2680; x_wconf 80' lang='lat' dir='ltr'><strong>intime</strong></span> <span class='ocrx_word' id='word_1_332' title='bbox 613 2627 865 2696; x_wconf 87' lang='lat' dir='ltr'><strong>positam,</strong></span> <span class='ocrx_word' id='word_1_333' title='bbox 895 2637 1074 2680; x_wconf 87' lang='lat' dir='ltr'><strong>mente</strong></span> <span class='ocrx_word' id='word_1_334' title='bbox 1102 2642 1197 2680; x_wconf 90' lang='lat' dir='ltr'><strong>sua</strong></span> <span class='ocrx_word' id='word_1_335' title='bbox 1218 2627 1473 2681; x_wconf 89' lang='lat' dir='ltr'><strong>detrusus</strong></span> <span class='ocrx_word' id='word_1_336' title='bbox 1498 2626 1653 2685; x_wconf 88' lang='lat' dir='ltr'><strong>abiit.</strong></span> <span class='ocrx_word' id='word_1_337' title='bbox 1677 2638 1990 2696; x_wconf 84' lang='lat' dir='ltr'><strong>pervertens</strong></span> 
     </span>
    </p>
   </div>
   <div class='ocr_carea' id='block_1_45' title="bbox 405 2717 1990 2788">
    <p class='ocr_par' dir='ltr' id='par_1_45' title="bbox 405 2717 1990 2788">
     <span class='ocr_line' id='line_1_45' title="bbox 405 2717 1990 2788; baseline 0.001 -16"><span class='ocrx_word' id='word_1_338' title='bbox 405 2717 566 2772; x_wconf 83' lang='lat' dir='ltr'><strong>simul</strong></span> <span class='ocrx_word' id='word_1_339' title='bbox 593 2728 648 2773; x_wconf 91' lang='lat' dir='ltr'><strong>et</strong></span> <span class='ocrx_word' id='word_1_340' title='bbox 677 2718 1124 2786; x_wconf 87' lang='lat' dir='ltr'><strong>interpretatione</strong></span> <span class='ocrx_word' id='word_1_341' title='bbox 1158 2719 1464 2788; x_wconf 88' lang='lat' dir='ltr'><strong>depravans</strong></span> <span class='ocrx_word' id='word_1_342' title='bbox 1513 2732 1698 2771; x_wconf 86' lang='lat' dir='ltr'><strong>veram</strong></span> <span class='ocrx_word' id='word_1_343' title='bbox 1728 2718 1990 2774; x_wconf 90' lang='lat' dir='ltr'><strong>divinitus</strong></span> 
     </span>
    </p>
   </div>
   <div class='ocr_carea' id='block_1_46' title="bbox 405 2807 1989 2880">
    <p class='ocr_par' dir='ltr' id='par_1_46' title="bbox 405 2807 1989 2880">
     <span class='ocr_line' id='line_1_46' title="bbox 405 2807 1989 2880; baseline 0 -15"><span class='ocrx_word' id='word_1_344' title='bbox 405 2811 680 2880; x_wconf 75' lang='lat' dir='ltr'><strong>inspirata:</strong></span> <span class='ocrx_word' id='word_1_345' title='bbox 715 2809 1012 2879; x_wconf 58' lang='lat' dir='ltr'><strong>Scriptura;</strong></span> <span class='ocrx_word' id='word_1_346' title='bbox 1043 2809 1389 2863; x_wconf 90' lang='lat' dir='ltr'><strong>sententiam.</strong></span> <span class='ocrx_word' id='word_1_347' title='bbox 1427 2808 1533 2862; x_wconf 90' lang='lat' dir='ltr'><strong>Sed</strong></span> <span class='ocrx_word' id='word_1_348' title='bbox 1567 2818 1622 2863; x_wconf 90' lang='lat' dir='ltr'><strong>et</strong></span> <span class='ocrx_word' id='word_1_349' title='bbox 1656 2810 1723 2864; x_wconf 84' lang='lat' dir='ltr'><strong>ad</strong></span> <span class='ocrx_word' id='word_1_350' title='bbox 1757 2807 1989 2865; x_wconf 89' lang='lat' dir='ltr'><strong>Verbum</strong></span> 
     </span>
    </p>
   </div>
   <div class='ocr_carea' id='block_1_47' title="bbox 405 2899 1986 2970">
    <p class='ocr_par' dir='ltr' id='par_1_47' title="bbox 405 2899 1986 2970">
     <span class='ocr_line' id='line_1_47' title="bbox 405 2899 1986 2970; baseline 0 -14"><span class='ocrx_word' id='word_1_351' title='bbox 405 2901 546 2957; x_wconf 80' lang='lat' dir='ltr'><strong>facta</strong></span> <span class='ocrx_word' id='word_1_352' title='bbox 579 2902 921 2964; x_wconf 82' lang='lat' dir='ltr'><strong>transitione,</strong></span> <span class='ocrx_word' id='word_1_353' title='bbox 956 2901 1052 2966; x_wconf 88' lang='lat' dir='ltr'><strong>ait,</strong></span> <span class='ocrx_word' id='word_1_354' title='bbox 1108 2902 1254 2954; x_wconf 91' lang='lat' dir='ltr'><strong>intus</strong></span> <span class='ocrx_word' id='word_1_355' title='bbox 1312 2899 1457 2954; x_wconf 89' lang='lat' dir='ltr'><strong>aliud</strong></span> <span class='ocrx_word' id='word_1_356' title='bbox 1502 2900 1678 2970; x_wconf 90' lang='lat' dir='ltr'><strong>ipsum</strong></span> <span class='ocrx_word' id='word_1_357' title='bbox 1713 2901 1764 2954; x_wconf 92' lang='lat' dir='ltr'><strong>in</strong></span> <span class='ocrx_word' id='word_1_358' title='bbox 1806 2901 1986 2966; x_wconf 86' lang='lat' dir='ltr'><strong>Patre,</strong></span> 
     </span>
    </p>
   </div>
   <div class='ocr_carea' id='block_1_48' title="bbox 409 2995 1986 3066">
    <p class='ocr_par' dir='ltr' id='par_1_48' title="bbox 409 2995 1986 3066">
     <span class='ocr_line' id='line_1_48' title="bbox 409 2995 1986 3066; baseline 0 -17"><span class='ocrx_word' id='word_1_359' title='bbox 409 3006 662 3066; x_wconf 88' lang='lat' dir='ltr'><strong>tanquam</strong></span> <span class='ocrx_word' id='word_1_360' title='bbox 698 2995 1058 3063; x_wconf 84' lang='lat' dir='ltr'><strong>colloquendo</strong></span> <span class='ocrx_word' id='word_1_361' title='bbox 1083 3009 1206 3047; x_wconf 91' lang='lat' dir='ltr'><strong>cum</strong></span> <span class='ocrx_word' id='word_1_362' title='bbox 1255 3008 1320 3047; x_wconf 89' lang='lat' dir='ltr'><strong>eo</strong></span> <span class='ocrx_word' id='word_1_363' title='bbox 1362 3003 1414 3046; x_wconf 90' lang='lat' dir='ltr'><strong>et</strong></span> <span class='ocrx_word' id='word_1_364' title='bbox 1453 2995 1763 3062; x_wconf 81' lang='lat' dir='ltr'><strong>cogitando,</strong></span> <span class='ocrx_word' id='word_1_365' title='bbox 1788 2995 1986 3049; x_wconf 78' lang='lat' dir='ltr'><strong>cceltnn</strong></span> 
     </span>
    </p>
   </div>
   <div class='ocr_carea' id='block_1_49' title="bbox 405 3083 1986 3154">
    <p class='ocr_par' dir='ltr' id='par_1_49' title="bbox 405 3083 1986 3154">
     <span class='ocr_line' id='line_1_49' title="bbox 405 3083 1986 3154; baseline 0 -14"><span class='ocrx_word' id='word_1_366' title='bbox 405 3100 756 3154; x_wconf 67' lang='lat' dir='ltr'><strong>praeparasse.</strong></span> <span class='ocrx_word' id='word_1_367' title='bbox 787 3083 1050 3154; x_wconf 85' lang='lat' dir='ltr'><strong>Loquitur</strong></span> <span class='ocrx_word' id='word_1_368' title='bbox 1066 3097 1246 3138; x_wconf 90' lang='lat' dir='ltr'><strong>autem</strong></span> <span class='ocrx_word' id='word_1_369' title='bbox 1268 3085 1490 3139; x_wconf 88' lang='lat' dir='ltr'><strong>disertis</strong></span> <span class='ocrx_word' id='word_1_370' title='bbox 1513 3086 1727 3140; x_wconf 84' lang='lat' dir='ltr'><strong>verbis:</strong></span> <span class='ocrx_word' id='word_1_371' title='bbox 1757 3104 1774 3135; x_wconf 80' lang='grc' dir='ltr'><strong>ι</strong></span> <span class='ocrx_word' id='word_1_372' title='bbox 1800 3084 1986 3140; x_wconf 88' lang='lat' dir='ltr'><strong>Prius-</strong></span> 
     </span>
    </p>
   </div>
   <div class='ocr_carea' id='block_1_50' title="bbox 410 3174 1988 3247">
    <p class='ocr_par' dir='ltr' id='par_1_50' title="bbox 410 3174 1988 3247">
     <span class='ocr_line' id='line_1_50' title="bbox 410 3174 1988 3247; baseline 0.001 -18"><span class='ocrx_word' id='word_1_373' title='bbox 410 3195 429 3229; x_wconf 88' lang='grc' dir='ltr'><strong>ι</strong></span> <span class='ocrx_word' id='word_1_374' title='bbox 463 3193 625 3247; x_wconf 90' lang='lat' dir='ltr'><strong>quam</strong></span> <span class='ocrx_word' id='word_1_375' title='bbox 679 3178 912 3232; x_wconf 88' lang='lat' dir='ltr'><strong>mundus</strong></span> <span class='ocrx_word' id='word_1_376' title='bbox 967 3177 1317 3240; x_wconf 85' lang='lat' dir='ltr'><strong>conderetur,</strong></span> <span class='ocrx_word' id='word_1_377' title='bbox 1359 3185 1478 3230; x_wconf 87' lang='lat' dir='ltr'><strong>erat</strong></span> <span class='ocrx_word' id='word_1_378' title='bbox 1507 3174 1744 3231; x_wconf 90' lang='lat' dir='ltr'><strong>Verbum</strong></span> <span class='ocrx_word' id='word_1_379' title='bbox 1801 3178 1852 3230; x_wconf 92' lang='lat' dir='ltr'><strong>in</strong></span> <span class='ocrx_word' id='word_1_380' title='bbox 1887 3192 1988 3230; x_wconf 90' lang='lat' dir='ltr'><strong>suo</strong></span> 
     </span>
    </p>
   </div>
   <div class='ocr_carea' id='block_1_51' title="bbox 408 3267 1987 3338">
    <p class='ocr_par' dir='ltr' id='par_1_51' title="bbox 408 3267 1987 3338">
     <span class='ocr_line' id='line_1_51' title="bbox 408 3267 1987 3338; baseline 0.001 -18"><span class='ocrx_word' id='word_1_381' title='bbox 408 3286 430 3320; x_wconf 79' lang='grc' dir='ltr'><strong>ι</strong></span> <span class='ocrx_word' id='word_1_382' title='bbox 465 3267 623 3323; x_wconf 86' lang='lat' dir='ltr'><strong>Patre</strong></span> <span class='ocrx_word' id='word_1_383' title='bbox 661 3287 674 3323; x_wconf 90' lang='lat'>:</span> <span class='ocrx_word' id='word_1_384' title='bbox 701 3285 822 3322; x_wconf 88' lang='lat' dir='ltr'><strong>cum</strong></span> <span class='ocrx_word' id='word_1_385' title='bbox 851 3283 982 3324; x_wconf 88' lang='lat' dir='ltr'><strong>vero</strong></span> <span class='ocrx_word' id='word_1_386' title='bbox 1021 3269 1162 3324; x_wconf 92' lang='lat' dir='ltr'><strong>Deus</strong></span> <span class='ocrx_word' id='word_1_387' title='bbox 1185 3268 1532 3338; x_wconf 82' lang='lat' dir='ltr'><strong>omnipotens</strong></span> <span class='ocrx_word' id='word_1_388' title='bbox 1564 3271 1746 3324; x_wconf 91' lang='lat' dir='ltr'><strong>omnia</strong></span> <span class='ocrx_word' id='word_1_389' title='bbox 1775 3285 1894 3338; x_wconf 73' lang='lat' dir='ltr'><strong>qua:</strong></span> <span class='ocrx_word' id='word_1_390' title='bbox 1933 3269 1987 3322; x_wconf 90' lang='lat' dir='ltr'><strong>in</strong></span> 
     </span>
    </p>
   </div>
   <div class='ocr_carea' id='block_1_52' title="bbox 410 3360 1988 3431">
    <p class='ocr_par' dir='ltr' id='par_1_52' title="bbox 410 3360 1988 3431">
     <span class='ocr_line' id='line_1_52' title="bbox 410 3360 1988 3431; baseline 0.001 -17"><span class='ocrx_word' id='word_1_391' title='bbox 410 3379 428 3409; x_wconf 78' lang='grc' dir='ltr'><strong>ι</strong></span> <span class='ocrx_word' id='word_1_392' title='bbox 461 3360 599 3416; x_wconf 70' lang='lat' dir='ltr'><strong>coelo</strong></span> <span class='ocrx_word' id='word_1_393' title='bbox 644 3367 698 3416; x_wconf 85' lang='lat' dir='ltr'><strong>et</strong></span> <span class='ocrx_word' id='word_1_394' title='bbox 737 3361 790 3415; x_wconf 93' lang='lat' dir='ltr'><strong>in</strong></span> <span class='ocrx_word' id='word_1_395' title='bbox 844 3363 1005 3415; x_wconf 90' lang='lat' dir='ltr'><strong>terris</strong></span> <span class='ocrx_word' id='word_1_396' title='bbox 1042 3370 1188 3425; x_wconf 87' lang='lat' dir='ltr'><strong>sunt,</strong></span> <span class='ocrx_word' id='word_1_397' title='bbox 1245 3361 1545 3431; x_wconf 89' lang='lat' dir='ltr'><strong>producere</strong></span> <span class='ocrx_word' id='word_1_398' title='bbox 1596 3363 1988 3431; x_wconf 83' lang='lat' dir='ltr'><strong>proposuisset,</strong></span> 
     </span>
    </p>
   </div>
   <div class='ocr_carea' id='block_1_53' title="bbox 409 3452 1985 3523">
    <p class='ocr_par' dir='ltr' id='par_1_53' title="bbox 409 3452 1985 3523">
     <span class='ocr_line' id='line_1_53' title="bbox 409 3452 1985 3523; baseline 0.003 -20"><span class='ocrx_word' id='word_1_399' title='bbox 409 3473 429 3504; x_wconf 76' lang='grc' dir='ltr'><strong>ι</strong></span> <span class='ocrx_word' id='word_1_400' title='bbox 465 3452 649 3506; x_wconf 89' lang='lat' dir='ltr'><strong>mundi</strong></span> <span class='ocrx_word' id='word_1_401' title='bbox 708 3453 990 3523; x_wconf 88' lang='lat' dir='ltr'><strong>productio</strong></span> <span class='ocrx_word' id='word_1_402' title='bbox 1044 3453 1348 3522; x_wconf 87' lang='lat' dir='ltr'><strong>operatrice</strong></span> <span class='ocrx_word' id='word_1_403' title='bbox 1402 3452 1638 3508; x_wconf 85' lang='lat' dir='ltr'><strong>clIicacia</strong></span> <span class='ocrx_word' id='word_1_404' title='bbox 1695 3453 1985 3522; x_wconf 78' lang='lat' dir='ltr'><strong>indigebat.</strong></span> 
     </span>
    </p>
   </div>
   <div class='ocr_carea' id='block_1_54' title="bbox 409 3544 1986 3626">
    <p class='ocr_par' dir='ltr' id='par_1_54' title="bbox 409 3544 1986 3626">
     <span class='ocr_line' id='line_1_54' title="bbox 409 3544 1986 3626; baseline 0.001 -28"><span class='ocrx_word' id='word_1_405' title='bbox 409 3565 430 3598; x_wconf 80' lang='grc' dir='ltr'><strong>ι</strong></span> <span class='ocrx_word' id='word_1_406' title='bbox 473 3544 738 3613; x_wconf 87' lang='lat' dir='ltr'><strong>Quocirca</strong></span> <span class='ocrx_word' id='word_1_407' title='bbox 762 3561 883 3600; x_wconf 89' lang='lat' dir='ltr'><strong>cum</strong></span> <span class='ocrx_word' id='word_1_408' title='bbox 911 3545 1041 3600; x_wconf 89' lang='lat' dir='ltr'><strong>nihil</strong></span> <span class='ocrx_word' id='word_1_409' title='bbox 1070 3554 1216 3600; x_wconf 92' lang='lat' dir='ltr'><strong>esset</strong></span> <span class='ocrx_word' id='word_1_410' title='bbox 1239 3545 1384 3599; x_wconf 87' lang='lat' dir='ltr'><strong>aliud</strong></span> <span class='ocrx_word' id='word_1_411' title='bbox 1408 3555 1604 3614; x_wconf 71' lang='lat' dir='ltr'><strong>prteter</strong></span> <span class='ocrx_word' id='word_1_412' title='bbox 1642 3546 1808 3626; x_wconf 49' lang='lat' dir='ltr'><strong>Deum</strong></span> <span class='ocrx_word' id='word_1_413' title='bbox 1841 3548 1986 3617; x_wconf 90' lang='lat' dir='ltr'><strong>(nam</strong></span> 
     </span>
    </p>
   </div>
   <div class='ocr_carea' id='block_1_55' title="bbox 409 3636 1986 3706">
    <p class='ocr_par' dir='ltr' id='par_1_55' title="bbox 409 3636 1986 3706">
     <span class='ocr_line' id='line_1_55' title="bbox 409 3636 1986 3706; baseline -0.001 -15"><span class='ocrx_word' id='word_1_414' title='bbox 409 3657 428 3691; x_wconf 84' lang='grc' dir='ltr'><strong>ι</strong></span> <span class='ocrx_word' id='word_1_415' title='bbox 470 3639 522 3693; x_wconf 91' lang='lat' dir='ltr'><strong>in</strong></span> <span class='ocrx_word' id='word_1_416' title='bbox 567 3638 816 3694; x_wconf 83' lang='lat' dir='ltr'><strong>confesso</strong></span> <span class='ocrx_word' id='word_1_417' title='bbox 847 3647 930 3692; x_wconf 89' lang='lat' dir='ltr'><strong>est</strong></span> <span class='ocrx_word' id='word_1_418' title='bbox 979 3638 1162 3692; x_wconf 88' lang='lat' dir='ltr'><strong>omnia</strong></span> <span class='ocrx_word' id='word_1_419' title='bbox 1214 3636 1283 3691; x_wconf 91' lang='lat' dir='ltr'><strong>ab</strong></span> <span class='ocrx_word' id='word_1_420' title='bbox 1316 3637 1408 3690; x_wconf 87' lang='lat' dir='ltr'><strong>illo</strong></span> <span class='ocrx_word' id='word_1_421' title='bbox 1442 3636 1580 3691; x_wconf 82' lang='lat' dir='ltr'><strong>facta</strong></span> <span class='ocrx_word' id='word_1_422' title='bbox 1609 3636 1827 3706; x_wconf 77' lang='lat' dir='ltr'><strong>fuisse),</strong></span> <span class='ocrx_word' id='word_1_423' title='bbox 1874 3646 1986 3690; x_wconf 90' lang='lat' dir='ltr'><strong>tum</strong></span> 
     </span>
    </p>
   </div>
   <div class='ocr_carea' id='block_1_56' title="bbox 411 3731 1987 3805">
    <p class='ocr_par' dir='ltr' id='par_1_56' title="bbox 411 3731 1987 3805">
     <span class='ocr_line' id='line_1_56' title="bbox 411 3731 1987 3805; baseline 0.001 -20"><span class='ocrx_word' id='word_1_424' title='bbox 411 3756 428 3785; x_wconf 82' lang='grc' dir='ltr'><strong>ι</strong></span> <span class='ocrx_word' id='word_1_425' title='bbox 461 3735 810 3805; x_wconf 80' lang='lat' dir='ltr'><strong>progrediens</strong></span> <span class='ocrx_word' id='word_1_426' title='bbox 845 3732 1077 3788; x_wconf 88' lang='lat' dir='ltr'><strong>Verbum</strong></span> <span class='ocrx_word' id='word_1_427' title='bbox 1105 3732 1309 3786; x_wconf 80' lang='lat' dir='ltr'><strong>factum</strong></span> <span class='ocrx_word' id='word_1_428' title='bbox 1341 3731 1440 3784; x_wconf 82' lang='lat' dir='ltr'><strong>fuit</strong></span> <span class='ocrx_word' id='word_1_429' title='bbox 1481 3732 1662 3784; x_wconf 90' lang='lat' dir='ltr'><strong>mundi</strong></span> <span class='ocrx_word' id='word_1_430' title='bbox 1695 3731 1987 3786; x_wconf 88' lang='lat' dir='ltr'><strong>conditor:</strong></span> 
     </span>
    </p>
   </div>
   <div class='ocr_carea' id='block_1_57' title="bbox 411 3821 1990 3893">
    <p class='ocr_par' dir='ltr' id='par_1_57' title="bbox 411 3821 1990 3893">
     <span class='ocr_line' id='line_1_57' title="bbox 411 3821 1990 3893; baseline 0.002 -19"><span class='ocrx_word' id='word_1_431' title='bbox 411 3846 428 3874; x_wconf 72' lang='grc' dir='ltr'><strong>ι</strong></span> <span class='ocrx_word' id='word_1_432' title='bbox 472 3841 594 3879; x_wconf 89' lang='lat' dir='ltr'><strong>cum</strong></span> <span class='ocrx_word' id='word_1_433' title='bbox 635 3825 747 3893; x_wconf 83' lang='lat' dir='ltr'><strong>jam</strong></span> <span class='ocrx_word' id='word_1_434' title='bbox 772 3835 902 3879; x_wconf 84' lang='lat' dir='ltr'><strong>ante</strong></span> <span class='ocrx_word' id='word_1_435' title='bbox 937 3824 1082 3877; x_wconf 89' lang='lat' dir='ltr'><strong>intus</strong></span> <span class='ocrx_word' id='word_1_436' title='bbox 1109 3821 1556 3878; x_wconf 80' lang='lat' dir='ltr'><strong>intellectu-aliter</strong></span> <span class='ocrx_word' id='word_1_437' title='bbox 1602 3821 1751 3876; x_wconf 91' lang='lat' dir='ltr'><strong>illum</strong></span> <span class='ocrx_word' id='word_1_438' title='bbox 1779 3837 1990 3892; x_wconf 46' lang='lat' dir='ltr'><strong>praepa‘</strong></span> 
     </span>
    </p>
   </div>
   <div class='ocr_carea' id='block_1_58' title="bbox 407 3912 1989 3985">
    <p class='ocr_par' dir='ltr' id='par_1_58' title="bbox 407 3912 1989 3985">
     <span class='ocr_line' id='line_1_58' title="bbox 407 3912 1989 3985; baseline 0.001 -19"><span class='ocrx_word' id='word_1_439' title='bbox 407 3938 426 3966; x_wconf 77' lang='grc' dir='ltr'><strong>ι</strong></span> <span class='ocrx_word' id='word_1_440' title='bbox 466 3925 635 3980; x_wconf 87' lang='lat' dir='ltr'><strong>raret,</strong></span> <span class='ocrx_word' id='word_1_441' title='bbox 661 3916 801 3985; x_wconf 91' lang='lat' dir='ltr'><strong>quod</strong></span> <span class='ocrx_word' id='word_1_442' title='bbox 824 3925 974 3969; x_wconf 90' lang='lat' dir='ltr'><strong>vates</strong></span> <span class='ocrx_word' id='word_1_443' title='bbox 1006 3914 1097 3969; x_wconf 89' lang='lat' dir='ltr'><strong>ille</strong></span> <span class='ocrx_word' id='word_1_444' title='bbox 1141 3915 1395 3969; x_wconf 85' lang='lat' dir='ltr'><strong>Salomon</strong></span> <span class='ocrx_word' id='word_1_445' title='bbox 1427 3929 1527 3968; x_wconf 90' lang='lat' dir='ltr'><strong>nos</strong></span> <span class='ocrx_word' id='word_1_446' title='bbox 1555 3914 1794 3980; x_wconf 91' lang='lat' dir='ltr'><strong>edocuit,</strong></span> <span class='ocrx_word' id='word_1_447' title='bbox 1857 3912 1989 3968; x_wconf 86' lang='lat' dir='ltr'><strong>Cum</strong></span> 
     </span>
    </p>
   </div>
   <div class='ocr_carea' id='block_1_59' title="bbox 409 4005 1990 4077">
    <p class='ocr_par' dir='ltr' id='par_1_59' title="bbox 409 4005 1990 4077">
     <span class='ocr_line' id='line_1_59' title="bbox 409 4005 1990 4077; baseline 0.001 -18"><span class='ocrx_word' id='word_1_448' title='bbox 409 4026 430 4059; x_wconf 83' lang='grc' dir='ltr'><strong>ι</strong></span> <span class='ocrx_word' id='word_1_449' title='bbox 476 4010 660 4061; x_wconf 59' lang='lat' dir='ltr'><strong>caelum</strong></span> <span class='ocrx_word' id='word_1_450' title='bbox 723 4017 1065 4077; x_wconf 78' lang='lat' dir='ltr'><strong>prcepararet,</strong></span> <span class='ocrx_word' id='word_1_451' title='bbox 1113 4007 1194 4059; x_wconf 81' lang='lat' dir='ltr'><strong>illi</strong></span> <span class='ocrx_word' id='word_1_452' title='bbox 1226 4007 1460 4060; x_wconf 83' lang='lat' dir='ltr'><strong>aderam.</strong></span> <span class='ocrx_word' id='word_1_453' title='bbox 1494 4025 1512 4057; x_wconf 68' lang='grc' dir='ltr'><strong>ι</strong></span> <span class='ocrx_word' id='word_1_454' title='bbox 1560 4005 1658 4061; x_wconf 84' lang='lat' dir='ltr'><strong>Ubi</strong></span> <span class='ocrx_word' id='word_1_455' title='bbox 1695 4007 1990 4060; x_wconf 83' lang='lat' dir='ltr'><strong>notandum</strong></span> 
     </span>
    </p>
   </div>
   <div class='ocr_carea' id='block_1_60' title="bbox 405 4098 1991 4168">
    <p class='ocr_par' dir='ltr' id='par_1_60' title="bbox 405 4098 1991 4168">
     <span class='ocr_line' id='line_1_60' title="bbox 405 4098 1991 4168; baseline 0 -18"><span class='ocrx_word' id='word_1_456' title='bbox 405 4099 635 4168; x_wconf 77' lang='lat' dir='ltr'><strong>qualiter</strong></span> <span class='ocrx_word' id='word_1_457' title='bbox 657 4108 848 4168; x_wconf 89' lang='lat' dir='ltr'><strong>sponte</strong></span> <span class='ocrx_word' id='word_1_458' title='bbox 873 4113 968 4152; x_wconf 89' lang='lat' dir='ltr'><strong>sua</strong></span> <span class='ocrx_word' id='word_1_459' title='bbox 988 4098 1304 4152; x_wconf 88' lang='lat' dir='ltr'><strong>obsurduit:</strong></span> <span class='ocrx_word' id='word_1_460' title='bbox 1341 4113 1438 4151; x_wconf 84' lang='lat' dir='ltr'><strong>nec</strong></span> <span class='ocrx_word' id='word_1_461' title='bbox 1461 4098 1679 4165; x_wconf 77' lang='lat' dir='ltr'><strong>agnovit</strong></span> <span class='ocrx_word' id='word_1_462' title='bbox 1702 4098 1864 4165; x_wconf 91' lang='lat' dir='ltr'><strong>quod,</strong></span> <span class='ocrx_word' id='word_1_463' title='bbox 1884 4113 1991 4150; x_wconf 84' lang='lat' dir='ltr'><strong>una</strong></span> 
     </span>
    </p>
   </div>
   <div class='ocr_carea' id='block_1_61' title="bbox 406 4187 1988 4257">
    <p class='ocr_par' dir='ltr' id='par_1_61' title="bbox 406 4187 1988 4257">
     <span class='ocr_line' id='line_1_61' title="bbox 406 4187 1988 4257; baseline -0.003 -14"><span class='ocrx_word' id='word_1_464' title='bbox 406 4190 644 4255; x_wconf 84' lang='lat' dir='ltr'><strong>aderam,</strong></span> <span class='ocrx_word' id='word_1_465' title='bbox 670 4203 774 4243; x_wconf 79' lang='lat' dir='ltr'><strong>vox</strong></span> <span class='ocrx_word' id='word_1_466' title='bbox 799 4189 1068 4257; x_wconf 77' lang='lat' dir='ltr'><strong>signiticet</strong></span> <span class='ocrx_word' id='word_1_467' title='bbox 1083 4188 1203 4242; x_wconf 85' lang='lat' dir='ltr'><strong>Filii</strong></span> <span class='ocrx_word' id='word_1_468' title='bbox 1229 4189 1566 4257; x_wconf 65' lang='lat' dir='ltr'><strong>praesentiam</strong></span> <span class='ocrx_word' id='word_1_469' title='bbox 1585 4188 1722 4257; x_wconf 86' lang='lat' dir='ltr'><strong>apud</strong></span> <span class='ocrx_word' id='word_1_470' title='bbox 1751 4187 1988 4241; x_wconf 88' lang='lat' dir='ltr'><strong>Patrem.</strong></span> 
     </span>
    </p>
   </div>
   <div class='ocr_carea' id='block_1_62' title="bbox 403 4279 1990 4350">
    <p class='ocr_par' dir='ltr' id='par_1_62' title="bbox 403 4279 1990 4350">
     <span class='ocr_line' id='line_1_62' title="bbox 403 4279 1990 4350; baseline -0.003 -15"><span class='ocrx_word' id='word_1_471' title='bbox 403 4279 607 4336; x_wconf 87' lang='lat' dir='ltr'><strong>Contra</strong></span> <span class='ocrx_word' id='word_1_472' title='bbox 626 4295 754 4336; x_wconf 88' lang='lat' dir='ltr'><strong>vero</strong></span> <span class='ocrx_word' id='word_1_473' title='bbox 779 4279 1112 4350; x_wconf 89' lang='lat' dir='ltr'><strong>Scripturam</strong></span> <span class='ocrx_word' id='word_1_474' title='bbox 1139 4282 1248 4348; x_wconf 87' lang='lat' dir='ltr'><strong>ipse</strong></span> <span class='ocrx_word' id='word_1_475' title='bbox 1280 4281 1484 4343; x_wconf 88' lang='lat' dir='ltr'><strong>sciscit,</strong></span> <span class='ocrx_word' id='word_1_476' title='bbox 1517 4281 1660 4350; x_wconf 91' lang='lat' dir='ltr'><strong>quod</strong></span> <span class='ocrx_word' id='word_1_477' title='bbox 1679 4280 1990 4347; x_wconf 88' lang='lat' dir='ltr'><strong>priusquam</strong></span> 
     </span>
    </p>
   </div>
   <div class='ocr_carea' id='block_1_63' title="bbox 407 4370 1992 4442">
    <p class='ocr_par' dir='ltr' id='par_1_63' title="bbox 407 4370 1992 4442">
     <span class='ocr_line' id='line_1_63' title="bbox 407 4370 1992 4442; baseline -0.004 -14"><span class='ocrx_word' id='word_1_478' title='bbox 407 4375 637 4430; x_wconf 88' lang='lat' dir='ltr'><strong>mundus</strong></span> <span class='ocrx_word' id='word_1_479' title='bbox 699 4373 1125 4442; x_wconf 86' lang='lat' dir='ltr'><strong>produceretur,</strong></span> <span class='ocrx_word' id='word_1_480' title='bbox 1178 4370 1312 4424; x_wconf 89' lang='lat' dir='ltr'><strong>nihil</strong></span> <span class='ocrx_word' id='word_1_481' title='bbox 1346 4380 1464 4426; x_wconf 88' lang='lat' dir='ltr'><strong>erat</strong></span> <span class='ocrx_word' id='word_1_482' title='bbox 1512 4371 1732 4425; x_wconf 89' lang='lat' dir='ltr'><strong>omnino</strong></span> <span class='ocrx_word' id='word_1_483' title='bbox 1797 4379 1992 4439; x_wconf 79' lang='lat' dir='ltr'><strong>praeter</strong></span> 
     </span>
    </p>
   </div>
   <div class='ocr_carea' id='block_1_64' title="bbox 2093 1899 3681 1982">
    <p class='ocr_par' dir='ltr' id='par_1_64' title="bbox 2093 1899 3681 1982">
     <span class='ocr_line' id='line_1_64' title="bbox 2093 1899 3681 1982; baseline 0.009 -28"><span class='ocrx_word' id='word_1_484' title='bbox 2093 1899 2332 1968; x_wconf 78' lang='grc' dir='ltr'>ᾶαὺτὸς</span> <span class='ocrx_word' id='word_1_485' title='bbox 2361 1903 2533 1956; x_wconf 81' lang='grc' dir='ltr'>ποιεῖ.</span> <span class='ocrx_word' id='word_1_486' title='bbox 2565 1905 2882 1970; x_wconf 85' lang='grc' dir='ltr'>Δεικνύντος</span> <span class='ocrx_word' id='word_1_487' title='bbox 2911 1907 3126 1978; x_wconf 84' lang='grc' dir='ltr'><strong>ἄρατοῦ</strong></span> <span class='ocrx_word' id='word_1_488' title='bbox 3153 1910 3366 1982; x_wconf 83' lang='grc' dir='ltr'>Πατρὸς</span> <span class='ocrx_word' id='word_1_489' title='bbox 3399 1914 3467 1966; x_wconf 82' lang='grc' dir='ltr'><strong>τὰ</strong></span> <span class='ocrx_word' id='word_1_490' title='bbox 3484 1917 3681 1969; x_wconf 76' lang='grc' dir='ltr'>ἑαυτοῦ</span> 
     </span>
    </p>
   </div>
   <div class='ocr_carea' id='block_1_65' title="bbox 2093 1990 3680 2075">
    <p class='ocr_par' dir='ltr' id='par_1_65' title="bbox 2093 1990 3680 2075">
     <span class='ocr_line' id='line_1_65' title="bbox 2093 1990 3680 2075; baseline 0.013 -34"><span class='ocrx_word' id='word_1_491' title='bbox 2093 1990 2318 2061; x_wconf 71' lang='grc' dir='ltr'>κρύφια,</span> <span class='ocrx_word' id='word_1_492' title='bbox 2348 1992 2568 2066; x_wconf 83' lang='grc' dir='ltr'>θεωρῶν</span> <span class='ocrx_word' id='word_1_493' title='bbox 2600 1997 2628 2048; x_wconf 98' lang='lat'><strong>6</strong></span> <span class='ocrx_word' id='word_1_494' title='bbox 2659 1996 2804 2061; x_wconf 82' lang='grc' dir='ltr'>Υἱὸς,</span> <span class='ocrx_word' id='word_1_495' title='bbox 2831 1998 2899 2052; x_wconf 86' lang='grc' dir='ltr'>δι’</span> <span class='ocrx_word' id='word_1_496' title='bbox 2919 1998 3094 2070; x_wconf 80' lang='grc' dir='ltr'>ἔργων</span> <span class='ocrx_word' id='word_1_497' title='bbox 3130 2001 3327 2073; x_wconf 80' lang='grc' dir='ltr'>ὑφίστη</span> <span class='ocrx_word' id='word_1_498' title='bbox 3352 2004 3424 2057; x_wconf 85' lang='grc' dir='ltr'>τὰ</span> <span class='ocrx_word' id='word_1_499' title='bbox 3449 2005 3552 2075; x_wconf 79' lang='grc' dir='ltr'>τῆς</span> <span class='ocrx_word' id='word_1_500' title='bbox 3575 2023 3680 2060; x_wconf 86' lang='grc' dir='ltr'>πα-</span> 
     </span>
    </p>
   </div>
   <div class='ocr_carea' id='block_1_66' title="bbox 2093 2082 3683 2169">
    <p class='ocr_par' dir='ltr' id='par_1_66' title="bbox 2093 2082 3683 2169">
     <span class='ocr_line' id='line_1_66' title="bbox 2093 2082 3683 2169; baseline 0.011 -35"><span class='ocrx_word' id='word_1_501' title='bbox 2093 2083 2288 2154; x_wconf 85' lang='grc' dir='ltr'>τρικῆς</span> <span class='ocrx_word' id='word_1_502' title='bbox 2315 2082 2510 2156; x_wconf 80' lang='grc' dir='ltr'>βουλῆς</span> <span class='ocrx_word' id='word_1_503' title='bbox 2540 2085 2697 2158; x_wconf 78' lang='grc' dir='ltr'>ἔργα.</span> <span class='ocrx_word' id='word_1_504' title='bbox 2725 2087 2910 2152; x_wconf 74' lang='grc' dir='ltr'>Οὕτως</span> <span class='ocrx_word' id='word_1_505' title='bbox 2943 2087 3036 2144; x_wconf 81' lang='grc' dir='ltr'>οὖν</span> <span class='ocrx_word' id='word_1_506' title='bbox 3077 2093 3249 2146; x_wconf 84' lang='grc' dir='ltr'>συνὼν</span> <span class='ocrx_word' id='word_1_507' title='bbox 3276 2095 3355 2165; x_wconf 85' lang='grc' dir='ltr'><strong>τῷ</strong></span> <span class='ocrx_word' id='word_1_508' title='bbox 3378 2096 3557 2169; x_wconf 78' lang='grc' dir='ltr'>Πατρὶ</span> <span class='ocrx_word' id='word_1_509' title='bbox 3589 2102 3683 2154; x_wconf 77' lang='grc' dir='ltr'>καὶ</span> 
     </span>
    </p>
   </div>
   <div class='ocr_carea' id='block_1_67' title="bbox 2094 2171 3682 2254">
    <p class='ocr_par' dir='ltr' id='par_1_67' title="bbox 2094 2171 3682 2254">
     <span class='ocr_line' id='line_1_67' title="bbox 2094 2171 3682 2254; baseline 0.013 -32"><span class='ocrx_word' id='word_1_510' title='bbox 2094 2171 2399 2244; x_wconf 86' lang='grc' dir='ltr'>συμπαρὼν</span> <span class='ocrx_word' id='word_1_511' title='bbox 2440 2174 2589 2245; x_wconf 77' lang='grc' dir='ltr'>αὐτῷ</span> <span class='ocrx_word' id='word_1_512' title='bbox 2622 2177 3074 2254; x_wconf 80' lang='grc' dir='ltr'>προετοιμάζοντι</span> <span class='ocrx_word' id='word_1_513' title='bbox 3102 2183 3193 2234; x_wconf 83' lang='grc' dir='ltr'><strong>τὸν</strong></span> <span class='ocrx_word' id='word_1_514' title='bbox 3226 2185 3453 2254; x_wconf 83' lang='grc' dir='ltr'>οὐρανὸν</span> <span class='ocrx_word' id='word_1_515' title='bbox 3488 2190 3584 2241; x_wconf 79' lang='grc' dir='ltr'><strong>καὶ</strong></span> <span class='ocrx_word' id='word_1_516' title='bbox 3613 2191 3682 2244; x_wconf 71' lang='grc' dir='ltr'>τὰ</span> 
     </span>
    </p>
   </div>
   <div class='ocr_carea' id='block_1_68' title="bbox 2091 2265 3684 2350">
    <p class='ocr_par' dir='ltr' id='par_1_68' title="bbox 2091 2265 3684 2350">
     <span class='ocr_line' id='line_1_68' title="bbox 2091 2265 3684 2350; baseline 0.013 -34"><span class='ocrx_word' id='word_1_517' title='bbox 2091 2265 2179 2318; x_wconf 76' lang='grc' dir='ltr'><strong>ἐπ’</strong></span> <span class='ocrx_word' id='word_1_518' title='bbox 2214 2265 2382 2337; x_wconf 79' lang='grc' dir='ltr'>αὐτῷ,</span> <span class='ocrx_word' id='word_1_519' title='bbox 2413 2268 2558 2321; x_wconf 82' lang='grc' dir='ltr'>τοῦτ’</span> <span class='ocrx_word' id='word_1_520' title='bbox 2608 2270 2874 2335; x_wconf 82' lang='grc' dir='ltr'>ἐδίδασκε,</span> <span class='ocrx_word' id='word_1_521' title='bbox 2910 2273 3084 2342; x_wconf 88' lang='grc' dir='ltr'>λέγων</span> <span class='ocrx_word' id='word_1_522' title='bbox 3106 2291 3119 2305; x_wconf 89' lang='grc'><strong>·</strong></span> <span class='ocrx_word' id='word_1_523' title='bbox 3163 2276 3371 2332; x_wconf 76' lang='grc' dir='ltr'>Ἡνίκα</span> <span class='ocrx_word' id='word_1_524' title='bbox 3405 2283 3684 2350; x_wconf 75' lang='grc' dir='ltr'><strong>ἡτοίμαζε</strong></span> 
     </span>
    </p>
   </div>
   <div class='ocr_carea' id='block_1_69' title="bbox 2091 2356 3682 2442">
    <p class='ocr_par' dir='ltr' id='par_1_69' title="bbox 2091 2356 3682 2442">
     <span class='ocr_line' id='line_1_69' title="bbox 2091 2356 3682 2442; baseline 0.013 -33"><span class='ocrx_word' id='word_1_525' title='bbox 2091 2356 2199 2410; x_wconf 76' lang='grc' dir='ltr'><strong>τὸν</strong></span> <span class='ocrx_word' id='word_1_526' title='bbox 2234 2359 2512 2424; x_wconf 78' lang='grc' dir='ltr'>οὐρανὸν,</span> <span class='ocrx_word' id='word_1_527' title='bbox 2539 2362 2949 2433; x_wconf 60' lang='lat' dir='ltr'><strong>cvm-rapi}qu</strong></span> <span class='ocrx_word' id='word_1_528' title='bbox 2975 2367 3158 2434; x_wconf 83' lang='grc' dir='ltr'>αὐτῷ,</span> <span class='ocrx_word' id='word_1_529' title='bbox 3189 2370 3374 2442; x_wconf 81' lang='grc' dir='ltr'>ἔχαιρέ</span> <span class='ocrx_word' id='word_1_530' title='bbox 3407 2389 3466 2425; x_wconf 88' lang='grc' dir='ltr'><strong>τε</strong></span> <span class='ocrx_word' id='word_1_531' title='bbox 3497 2376 3526 2427; x_wconf 90' lang='lat'><strong>6</strong></span> <span class='ocrx_word' id='word_1_532' title='bbox 3567 2376 3682 2430; x_wconf 78' lang='grc' dir='ltr'><strong>Πα-</strong></span> 
     </span>
    </p>
   </div>
   <div class='ocr_carea' id='block_1_70' title="bbox 2092 2448 3684 2529">
    <p class='ocr_par' dir='ltr' id='par_1_70' title="bbox 2092 2448 3684 2529">
     <span class='ocr_line' id='line_1_70' title="bbox 2092 2448 3684 2529; baseline 0.015 -29"><span class='ocrx_word' id='word_1_533' title='bbox 2092 2449 2194 2518; x_wconf 84' lang='grc' dir='ltr'>τὴρ</span> <span class='ocrx_word' id='word_1_534' title='bbox 2222 2448 2332 2520; x_wconf 75' lang='grc'>(24)</span> <span class='ocrx_word' id='word_1_535' title='bbox 2363 2451 2490 2522; x_wconf 83' lang='grc' dir='ltr'>πρὶν</span> <span class='ocrx_word' id='word_1_536' title='bbox 2524 2452 2556 2522; x_wconf 81' lang='grc' dir='ltr'>ἢ</span> <span class='ocrx_word' id='word_1_537' title='bbox 2592 2458 2686 2506; x_wconf 79' lang='grc' dir='ltr'><strong>καὶ</strong></span> <span class='ocrx_word' id='word_1_538' title='bbox 2715 2455 2803 2508; x_wconf 69' lang='grc' dir='ltr'><strong>τὸν</strong></span> <span class='ocrx_word' id='word_1_539' title='bbox 2839 2457 3041 2529; x_wconf 80' lang='grc' dir='ltr'>κόσμον</span> <span class='ocrx_word' id='word_1_540' title='bbox 3075 2462 3346 2529; x_wconf 85' lang='grc' dir='ltr'>γενέσθαι,</span> <span class='ocrx_word' id='word_1_541' title='bbox 3390 2467 3471 2528; x_wconf 88' lang='grc' dir='ltr'><strong>είς</strong></span> <span class='ocrx_word' id='word_1_542' title='bbox 3519 2468 3684 2524; x_wconf 66' lang='grc' dir='ltr'>αὐτὸν</span> 
     </span>
    </p>
   </div>
   <div class='ocr_carea' id='block_1_71' title="bbox 2091 2539 3686 2627">
    <p class='ocr_par' dir='ltr' id='par_1_71' title="bbox 2091 2539 3686 2627">
     <span class='ocr_line' id='line_1_71' title="bbox 2091 2539 3686 2627; baseline 0.013 -37"><span class='ocrx_word' id='word_1_543' title='bbox 2091 2539 2310 2610; x_wconf 73' lang='grc' dir='ltr'>ἀφορῶν</span> <span class='ocrx_word' id='word_1_544' title='bbox 2328 2542 2416 2594; x_wconf 85' lang='grc' dir='ltr'><strong>τὸν</strong></span> <span class='ocrx_word' id='word_1_545' title='bbox 2441 2543 2632 2597; x_wconf 78' lang='grc' dir='ltr'>ἑαυτοῦ</span> <span class='ocrx_word' id='word_1_546' title='bbox 2657 2549 2920 2619; x_wconf 84' lang='grc' dir='ltr'>μονογενῆ</span> <span class='ocrx_word' id='word_1_547' title='bbox 2940 2551 3086 2615; x_wconf 82' lang='grc' dir='ltr'>Υίὸν,</span> <span class='ocrx_word' id='word_1_548' title='bbox 3106 2554 3199 2605; x_wconf 72' lang='grc' dir='ltr'>καὶ</span> <span class='ocrx_word' id='word_1_549' title='bbox 3217 2555 3366 2608; x_wconf 80' lang='grc' dir='ltr'>ὥσπε</span> <span class='ocrx_word' id='word_1_550' title='bbox 3373 2575 3406 2627; x_wconf 89' lang='grc' dir='ltr'>ρ</span> <span class='ocrx_word' id='word_1_551' title='bbox 3436 2561 3497 2611; x_wconf 87' lang='grc' dir='ltr'>ὲν</span> <span class='ocrx_word' id='word_1_552' title='bbox 3513 2561 3686 2612; x_wconf 72' lang='grc' dir='ltr'>εἰκόνι</span> 
     </span>
    </p>
   </div>
   <div class='ocr_carea' id='block_1_72' title="bbox 2091 2631 3682 2720">
    <p class='ocr_par' dir='ltr' id='par_1_72' title="bbox 2091 2631 3682 2720">
     <span class='ocr_line' id='line_1_72' title="bbox 2091 2631 3682 2720; baseline 0.015 -38"><span class='ocrx_word' id='word_1_553' title='bbox 2091 2631 2282 2685; x_wconf 69' lang='grc' dir='ltr'>ἑαυτὸν</span> <span class='ocrx_word' id='word_1_554' title='bbox 2331 2635 2779 2707; x_wconf 76' lang='grc' dir='ltr'>ὲνοπτριζόμενος</span> <span class='ocrx_word' id='word_1_555' title='bbox 2820 2641 2877 2693; x_wconf 84' lang='grc' dir='ltr'>ὲν</span> <span class='ocrx_word' id='word_1_556' title='bbox 2911 2642 3080 2713; x_wconf 82' lang='grc' dir='ltr'>αὐτῷ.</span> <span class='ocrx_word' id='word_1_557' title='bbox 3105 2647 3197 2699; x_wconf 90' lang='grc' dir='ltr'>Διό</span> <span class='ocrx_word' id='word_1_558' title='bbox 3230 2665 3393 2717; x_wconf 75' lang='grc' dir='ltr'>φησιν</span> <span class='ocrx_word' id='word_1_559' title='bbox 3422 2651 3455 2720; x_wconf 83' lang='grc' dir='ltr'>ὴ</span> <span class='ocrx_word' id='word_1_560' title='bbox 3487 2651 3682 2720; x_wconf 65' lang='grc' dir='ltr'>Σοφία,</span> 
     </span>
    </p>
   </div>
   <div class='ocr_carea' id='block_1_73' title="bbox 2098 2723 3685 2812">
    <p class='ocr_par' dir='ltr' id='par_1_73' title="bbox 2098 2723 3685 2812">
     <span class='ocr_line' id='line_1_73' title="bbox 2098 2723 3685 2812; baseline 0.015 -38"><span class='ocrx_word' id='word_1_561' title='bbox 2098 2741 2116 2774; x_wconf 82' lang='grc' dir='ltr'><strong>ι</strong></span> <span class='ocrx_word' id='word_1_562' title='bbox 2141 2724 2280 2792; x_wconf 86' lang='grc' dir='ltr'>Ἐγὼ</span> <span class='ocrx_word' id='word_1_563' title='bbox 2294 2726 2326 2796; x_wconf 77' lang='grc' dir='ltr'><strong>ἡ</strong></span> <span class='ocrx_word' id='word_1_564' title='bbox 2335 2723 2485 2801; x_wconf 86' lang='grc' dir='ltr'>μηνῇ</span> <span class='ocrx_word' id='word_1_565' title='bbox 2504 2731 2832 2802; x_wconf 84' lang='grc' dir='ltr'>προσέχαιρε</span> <span class='ocrx_word' id='word_1_566' title='bbox 2855 2734 2967 2805; x_wconf 77' lang='lat'><strong>(‘25)</strong></span> <span class='ocrx_word' id='word_1_567' title='bbox 2986 2738 3106 2790; x_wconf 77' lang='grc' dir='ltr'>καθ’</span> <span class='ocrx_word' id='word_1_568' title='bbox 3121 2740 3352 2812; x_wconf 82' lang='grc' dir='ltr'>ἡμέραν.</span> <span class='ocrx_word' id='word_1_569' title='bbox 3367 2761 3386 2794; x_wconf 78' lang='grc' dir='ltr'><strong>ι</strong></span> <span class='ocrx_word' id='word_1_570' title='bbox 3408 2743 3574 2797; x_wconf 79' lang='grc' dir='ltr'>Ἀλλὰ</span> <span class='ocrx_word' id='word_1_571' title='bbox 3588 2746 3685 2798; x_wconf 83' lang='grc' dir='ltr'>καὶ</span> 
     </span>
    </p>
   </div>
   <div class='ocr_carea' id='block_1_74' title="bbox 2091 2816 3683 2907">
    <p class='ocr_par' dir='ltr' id='par_1_74' title="bbox 2091 2816 3683 2907">
     <span class='ocr_line' id='line_1_74' title="bbox 2091 2816 3683 2907; baseline 0.015 -40"><span class='ocrx_word' id='word_1_572' title='bbox 2091 2817 2119 2868; x_wconf 88' lang='lat'><strong>6</strong></span> <span class='ocrx_word' id='word_1_573' title='bbox 2146 2816 2272 2880; x_wconf 85' lang='grc' dir='ltr'>Υἱὸς</span> <span class='ocrx_word' id='word_1_574' title='bbox 2287 2821 2624 2892; x_wconf 81' lang='grc' dir='ltr'>εὐφροσύνης</span> <span class='ocrx_word' id='word_1_575' title='bbox 2657 2826 2980 2898; x_wconf 79' lang='grc' dir='ltr'><strong>ἐπληροῦτο,</strong></span> <span class='ocrx_word' id='word_1_576' title='bbox 3010 2831 3176 2898; x_wconf 83' lang='grc' dir='ltr'>γαννύ</span> <span class='ocrx_word' id='word_1_577' title='bbox 3186 2850 3346 2902; x_wconf 86' lang='grc' dir='ltr'>μενος</span> <span class='ocrx_word' id='word_1_578' title='bbox 3374 2836 3470 2888; x_wconf 71' lang='grc' dir='ltr'>ἐπὶ</span> <span class='ocrx_word' id='word_1_579' title='bbox 3488 2839 3553 2907; x_wconf 80' lang='grc' dir='ltr'>τῇ</span> <span class='ocrx_word' id='word_1_580' title='bbox 3586 2837 3683 2890; x_wconf 72' lang='grc' dir='ltr'>τοῦ</span> 
     </span>
    </p>
   </div>
   <div class='ocr_carea' id='block_1_75' title="bbox 2091 2907 3732 2997">
    <p class='ocr_par' dir='ltr' id='par_1_75' title="bbox 2091 2907 3732 2997">
     <span class='ocr_line' id='line_1_75' title="bbox 2091 2907 3732 2997; baseline 0.015 -38"><span class='ocrx_word' id='word_1_581' title='bbox 2091 2907 2305 2978; x_wconf 85' lang='grc' dir='ltr'>Πατρὸς</span> <span class='ocrx_word' id='word_1_582' title='bbox 2360 2910 2478 2982; x_wconf 72' lang='grc' dir='ltr'>θέᾳ.</span> <span class='ocrx_word' id='word_1_583' title='bbox 2536 2914 2707 2968; x_wconf 82' lang='grc' dir='ltr'>Τοῦτο</span> <span class='ocrx_word' id='word_1_584' title='bbox 2764 2918 2894 2986; x_wconf 85' lang='grc' dir='ltr'>γοῦν</span> <span class='ocrx_word' id='word_1_585' title='bbox 2943 2921 3107 2985; x_wconf 81' lang='grc' dir='ltr'>αὐτὸς</span> <span class='ocrx_word' id='word_1_586' title='bbox 3163 2923 3404 2979; x_wconf 81' lang='grc' dir='ltr'>διδάσκει</span> <span class='ocrx_word' id='word_1_587' title='bbox 3462 2927 3680 2997; x_wconf 82' lang='grc' dir='ltr'>λέγων·</span> <span class='ocrx_word' id='word_1_588' title='bbox 3725 2959 3732 2964; x_wconf 66' lang='grc' dir='ltr'>ν</span> 
     </span>
    </p>
   </div>
   <div class='ocr_carea' id='block_1_76' title="bbox 2090 3002 3684 3089">
    <p class='ocr_par' dir='ltr' id='par_1_76' title="bbox 2090 3002 3684 3089">
     <span class='ocr_line' id='line_1_76' title="bbox 2090 3002 3684 3089; baseline 0.015 -38"><span class='ocrx_word' id='word_1_589' title='bbox 2090 3002 2521 3072; x_wconf 70' lang='grc' dir='ltr'>Ηύφραινόμην</span> <span class='ocrx_word' id='word_1_590' title='bbox 2542 3005 2610 3059; x_wconf 81' lang='grc' dir='ltr'>δὲ</span> <span class='ocrx_word' id='word_1_591' title='bbox 2631 3008 2889 3064; x_wconf 81' lang='grc' dir='ltr'>ἐνώπιον</span> <span class='ocrx_word' id='word_1_592' title='bbox 2909 3015 3098 3068; x_wconf 83' lang='grc' dir='ltr'>αὑτοῦ</span> <span class='ocrx_word' id='word_1_593' title='bbox 3125 3015 3196 3067; x_wconf 81' lang='grc' dir='ltr'><strong>ἐν</strong></span> <span class='ocrx_word' id='word_1_594' title='bbox 3250 3020 3430 3072; x_wconf 76' lang='grc' dir='ltr'>παντὶ</span> <span class='ocrx_word' id='word_1_595' title='bbox 3459 3021 3646 3089; x_wconf 78' lang='grc' dir='ltr'>καιρῷ</span> <span class='ocrx_word' id='word_1_596' title='bbox 3674 3039 3684 3054; x_wconf 65' lang='grc' dir='ltr'><strong>ι</strong></span> 
     </span>
    </p>
   </div>
   <div class='ocr_carea' id='block_1_77' title="bbox 2091 3092 3686 3176">
    <p class='ocr_par' dir='ltr' id='par_1_77' title="bbox 2091 3092 3686 3176">
     <span class='ocr_line' id='line_1_77' title="bbox 2091 3092 3686 3176; baseline 0.015 -33"><span class='ocrx_word' id='word_1_597' title='bbox 2091 3092 2181 3144; x_wconf 80' lang='grc' dir='ltr'><strong>ὅτε</strong></span> <span class='ocrx_word' id='word_1_598' title='bbox 2224 3094 2553 3165; x_wconf 83' lang='grc' dir='ltr'>ηὐφραίνετο</span> <span class='ocrx_word' id='word_1_599' title='bbox 2590 3098 2691 3170; x_wconf 81' lang='grc' dir='ltr'>τὴν</span> <span class='ocrx_word' id='word_1_600' title='bbox 2734 3103 3056 3176; x_wconf 74' lang='grc' dir='ltr'>οἰκουμένην</span> <span class='ocrx_word' id='word_1_601' title='bbox 3098 3106 3455 3172; x_wconf 65' lang='grc' dir='ltr'>συντελέσαςδ</span> <span class='ocrx_word' id='word_1_602' title='bbox 3501 3114 3686 3166; x_wconf 64' lang='grc' dir='ltr'>οἰκου-</span> 
     </span>
    </p>
   </div>
   <div class='ocr_carea' id='block_1_78' title="bbox 2097 3185 3681 3270">
    <p class='ocr_par' dir='ltr' id='par_1_78' title="bbox 2097 3185 3681 3270">
     <span class='ocr_line' id='line_1_78' title="bbox 2097 3185 3681 3270; baseline 0.015 -34"><span class='ocrx_word' id='word_1_603' title='bbox 2097 3185 2262 3256; x_wconf 85' lang='grc' dir='ltr'>μένης</span> <span class='ocrx_word' id='word_1_604' title='bbox 2289 3187 2524 3242; x_wconf 76' lang='grc' dir='ltr'>ἐνταῦθα</span> <span class='ocrx_word' id='word_1_605' title='bbox 2545 3192 2838 3263; x_wconf 81' lang='grc' dir='ltr'>νοουμένης</span> <span class='ocrx_word' id='word_1_606' title='bbox 2866 3194 2966 3265; x_wconf 83' lang='grc' dir='ltr'><strong>τῆς</strong></span> <span class='ocrx_word' id='word_1_607' title='bbox 2992 3195 3100 3249; x_wconf 88' lang='grc' dir='ltr'><strong>τῶν</strong></span> <span class='ocrx_word' id='word_1_608' title='bbox 3121 3201 3393 3270; x_wconf 83' lang='grc' dir='ltr'>γεννητῶν</span> <span class='ocrx_word' id='word_1_609' title='bbox 3418 3205 3681 3260; x_wconf 76' lang='grc' dir='ltr'>ἁπάντων</span> 
     </span>
    </p>
   </div>
   <div class='ocr_carea' id='block_1_79' title="bbox 2096 3278 3683 3360">
    <p class='ocr_par' dir='ltr' id='par_1_79' title="bbox 2096 3278 3683 3360">
     <span class='ocr_line' id='line_1_79' title="bbox 2096 3278 3683 3360; baseline 0.016 -33"><span class='ocrx_word' id='word_1_610' title='bbox 2096 3278 2559 3349; x_wconf 84' lang='grc' dir='ltr'>συμπληρώσεως,</span> <span class='ocrx_word' id='word_1_611' title='bbox 2591 3279 2659 3356; x_wconf 79' lang='grc' dir='ltr'>ἧς</span> <span class='ocrx_word' id='word_1_612' title='bbox 2685 3286 2750 3338; x_wconf 79' lang='grc' dir='ltr'>ἐκ</span> <span class='ocrx_word' id='word_1_613' title='bbox 2781 3286 2874 3342; x_wconf 80' lang='grc' dir='ltr'>τοῦ</span> <span class='ocrx_word' id='word_1_614' title='bbox 2911 3289 2984 3360; x_wconf 80' lang='grc' dir='ltr'><strong>μὴ</strong></span> <span class='ocrx_word' id='word_1_615' title='bbox 3017 3289 3170 3353; x_wconf 77' lang='grc' dir='ltr'>ὄντος</span> <span class='ocrx_word' id='word_1_616' title='bbox 3204 3295 3284 3357; x_wconf 83' lang='grc' dir='ltr'><strong>εἰς</strong></span> <span class='ocrx_word' id='word_1_617' title='bbox 3309 3294 3371 3346; x_wconf 82' lang='grc' dir='ltr'>τὸ</span> <span class='ocrx_word' id='word_1_618' title='bbox 3416 3292 3559 3350; x_wconf 79' lang='grc' dir='ltr'>εἶναι</span> <span class='ocrx_word' id='word_1_619' title='bbox 3591 3300 3683 3354; x_wconf 76' lang='grc' dir='ltr'>διὰ</span> 
     </span>
    </p>
   </div>
   <div class='ocr_carea' id='block_1_80' title="bbox 2093 3367 3682 3455">
    <p class='ocr_par' dir='ltr' id='par_1_80' title="bbox 2093 3367 3682 3455">
     <span class='ocr_line' id='line_1_80' title="bbox 2093 3367 3682 3455; baseline 0.014 -36"><span class='ocrx_word' id='word_1_620' title='bbox 2093 3367 2188 3420; x_wconf 81' lang='grc' dir='ltr'><strong>τοῦ</strong></span> <span class='ocrx_word' id='word_1_621' title='bbox 2233 3369 2362 3422; x_wconf 86' lang='grc' dir='ltr'><strong>Υἱοῦ</strong></span> <span class='ocrx_word' id='word_1_622' title='bbox 2393 3373 2795 3445; x_wconf 83' lang='grc' dir='ltr'>προαγομένης,</span> <span class='ocrx_word' id='word_1_623' title='bbox 2843 3379 2871 3430; x_wconf 91' lang='lat'><strong>6</strong></span> <span class='ocrx_word' id='word_1_624' title='bbox 2911 3377 3018 3431; x_wconf 89' lang='grc' dir='ltr'><strong>τῶν</strong></span> <span class='ocrx_word' id='word_1_625' title='bbox 3055 3380 3312 3434; x_wconf 83' lang='grc' dir='ltr'>ἁπάντων</span> <span class='ocrx_word' id='word_1_626' title='bbox 3343 3384 3682 3455; x_wconf 74' lang='grc' dir='ltr'>ηὐφραίνετο</span> 
     </span>
    </p>
   </div>
   <div class='ocr_carea' id='block_1_81' title="bbox 2094 3459 3681 3546">
    <p class='ocr_par' dir='ltr' id='par_1_81' title="bbox 2094 3459 3681 3546">
     <span class='ocr_line' id='line_1_81' title="bbox 2094 3459 3681 3546; baseline 0.013 -35"><span class='ocrx_word' id='word_1_627' title='bbox 2094 3459 2246 3524; x_wconf 83' lang='grc' dir='ltr'>Θεός.</span> <span class='ocrx_word' id='word_1_628' title='bbox 2298 3461 2354 3514; x_wconf 87' lang='lat'><strong>&#39;0</strong></span> <span class='ocrx_word' id='word_1_629' title='bbox 2396 3464 2496 3533; x_wconf 85' lang='grc' dir='ltr'><strong>μὲν</strong></span> <span class='ocrx_word' id='word_1_630' title='bbox 2524 3459 2616 3518; x_wconf 82' lang='grc' dir='ltr'><strong>οὖν</strong></span> <span class='ocrx_word' id='word_1_631' title='bbox 2650 3465 2855 3538; x_wconf 85' lang='grc' dir='ltr'>ἀληθὴς</span> <span class='ocrx_word' id='word_1_632' title='bbox 2896 3467 3071 3537; x_wconf 83' lang='grc' dir='ltr'>λόγος,</span> <span class='ocrx_word' id='word_1_633' title='bbox 3105 3471 3182 3535; x_wconf 86' lang='grc' dir='ltr'>ὡς</span> <span class='ocrx_word' id='word_1_634' title='bbox 3215 3475 3271 3526; x_wconf 78' lang='grc' dir='ltr'>ἐν</span> <span class='ocrx_word' id='word_1_635' title='bbox 3319 3473 3550 3546; x_wconf 85' lang='grc' dir='ltr'>βραχέσι</span> <span class='ocrx_word' id='word_1_636' title='bbox 3586 3481 3681 3532; x_wconf 75' lang='grc' dir='ltr'>καὶ</span> 
     </span>
    </p>
   </div>
   <div class='ocr_carea' id='block_1_82' title="bbox 2095 3554 3679 3638">
    <p class='ocr_par' dir='ltr' id='par_1_82' title="bbox 2095 3554 3679 3638">
     <span class='ocr_line' id='line_1_82' title="bbox 2095 3554 3679 3638; baseline 0.011 -33"><span class='ocrx_word' id='word_1_637' title='bbox 2095 3554 2153 3605; x_wconf 84' lang='grc' dir='ltr'>ὲν</span> <span class='ocrx_word' id='word_1_638' title='bbox 2181 3555 2424 3626; x_wconf 80' lang='grc' dir='ltr'>ὲπιτόμῳ</span> <span class='ocrx_word' id='word_1_639' title='bbox 2457 3556 2836 3629; x_wconf 77' lang='grc' dir='ltr'>διηγήσει(26)</span> <span class='ocrx_word' id='word_1_640' title='bbox 2872 3564 3273 3634; x_wconf 86' lang='grc' dir='ltr'>παριστάμενος</span> <span class='ocrx_word' id='word_1_641' title='bbox 3298 3568 3363 3619; x_wconf 82' lang='grc' dir='ltr'>ἐκ</span> <span class='ocrx_word' id='word_1_642' title='bbox 3399 3568 3503 3638; x_wconf 85' lang='grc' dir='ltr'>τῆς</span> <span class='ocrx_word' id='word_1_643' title='bbox 3529 3569 3679 3634; x_wconf 82' lang='grc' dir='ltr'>Θείας</span> 
     </span>
    </p>
   </div>
   <div class='ocr_carea' id='block_1_83' title="bbox 2096 3643 3676 3732">
    <p class='ocr_par' dir='ltr' id='par_1_83' title="bbox 2096 3643 3676 3732">
     <span class='ocr_line' id='line_1_83' title="bbox 2096 3643 3676 3732; baseline 0.013 -37"><span class='ocrx_word' id='word_1_644' title='bbox 2096 3643 2338 3716; x_wconf 83' lang='grc' dir='ltr'>Γραφῆς,</span> <span class='ocrx_word' id='word_1_645' title='bbox 2367 3647 2604 3710; x_wconf 81' lang='grc' dir='ltr'>τοιοῦτός</span> <span class='ocrx_word' id='word_1_646' title='bbox 2639 3665 2723 3713; x_wconf 87' lang='grc' dir='ltr'><strong>τις</strong></span> <span class='ocrx_word' id='word_1_647' title='bbox 2747 3650 2813 3703; x_wconf 85' lang='grc' dir='ltr'><strong>ἂν</strong></span> <span class='ocrx_word' id='word_1_648' title='bbox 2843 3652 2955 3723; x_wconf 72' lang='grc' dir='ltr'>εἴη’</span> <span class='ocrx_word' id='word_1_649' title='bbox 2990 3655 3018 3705; x_wconf 94' lang='lat'><strong>6</strong></span> <span class='ocrx_word' id='word_1_650' title='bbox 3049 3653 3093 3706; x_wconf 83' lang='lat'><em>6’</em></span> <span class='ocrx_word' id='word_1_651' title='bbox 3122 3655 3327 3709; x_wconf 83' lang='grc' dir='ltr'>ἄνωθεν</span> <span class='ocrx_word' id='word_1_652' title='bbox 3360 3663 3676 3732; x_wconf 78' lang='grc' dir='ltr'>κατωφερό-</span> 
     </span>
    </p>
   </div>
   <div class='ocr_carea' id='block_1_84' title="bbox 2099 3736 3676 3820">
    <p class='ocr_par' dir='ltr' id='par_1_84' title="bbox 2099 3736 3676 3820">
     <span class='ocr_line' id='line_1_84' title="bbox 2099 3736 3676 3820; baseline 0.012 -35"><span class='ocrx_word' id='word_1_653' title='bbox 2099 3751 2277 3805; x_wconf 88' lang='grc' dir='ltr'>μενος,</span> <span class='ocrx_word' id='word_1_654' title='bbox 2306 3736 2398 3788; x_wconf 75' lang='grc' dir='ltr'><strong>ἐπὶ</strong></span> <span class='ocrx_word' id='word_1_655' title='bbox 2416 3737 2513 3808; x_wconf 85' lang='grc' dir='ltr'>τὴν</span> <span class='ocrx_word' id='word_1_656' title='bbox 2535 3740 2714 3810; x_wconf 82' lang='grc' dir='ltr'>σάρκα</span> <span class='ocrx_word' id='word_1_657' title='bbox 2739 3742 2834 3794; x_wconf 84' lang='grc' dir='ltr'>τοῦ</span> <span class='ocrx_word' id='word_1_658' title='bbox 2867 3744 3019 3814; x_wconf 86' lang='grc' dir='ltr'><strong>Σωτῆ</strong></span> <span class='ocrx_word' id='word_1_659' title='bbox 3029 3762 3119 3814; x_wconf 85' lang='grc' dir='ltr'><strong>ρος</strong></span> <span class='ocrx_word' id='word_1_660' title='bbox 3140 3747 3294 3818; x_wconf 86' lang='grc' dir='ltr'>ήμῶν</span> <span class='ocrx_word' id='word_1_661' title='bbox 3314 3749 3413 3820; x_wconf 82' lang='grc' dir='ltr'><strong>τὴν</strong></span> <span class='ocrx_word' id='word_1_662' title='bbox 3438 3751 3676 3806; x_wconf 81' lang='grc' dir='ltr'>διάνοιαν</span> 
     </span>
    </p>
   </div>
   <div class='ocr_carea' id='block_1_85' title="bbox 2095 3824 3672 3914">
    <p class='ocr_par' dir='ltr' id='par_1_85' title="bbox 2095 3824 3672 3914">
     <span class='ocr_line' id='line_1_85' title="bbox 2095 3824 3672 3914; baseline 0.012 -37"><span class='ocrx_word' id='word_1_663' title='bbox 2095 3824 2369 3892; x_wconf 78' lang='grc' dir='ltr'>ἐξώκειλε,</span> <span class='ocrx_word' id='word_1_664' title='bbox 2396 3831 2760 3900; x_wconf 81' lang='grc' dir='ltr'>παρατρέπων</span> <span class='ocrx_word' id='word_1_665' title='bbox 2792 3834 2885 3887; x_wconf 76' lang='grc' dir='ltr'><strong>καὶ</strong></span> <span class='ocrx_word' id='word_1_666' title='bbox 2919 3838 3353 3908; x_wconf 84' lang='grc' dir='ltr'>παρερμηνεύων</span> <span class='ocrx_word' id='word_1_667' title='bbox 3379 3841 3475 3894; x_wconf 80' lang='grc' dir='ltr'><strong>τὸν</strong></span> <span class='ocrx_word' id='word_1_668' title='bbox 3501 3843 3672 3914; x_wconf 75' lang='grc' dir='ltr'>ἁληθῆ</span> 
     </span>
    </p>
   </div>
   <div class='ocr_carea' id='block_1_86' title="bbox 2095 3916 3674 3996">
    <p class='ocr_par' dir='ltr' id='par_1_86' title="bbox 2095 3916 3674 3996">
     <span class='ocr_line' id='line_1_86' title="bbox 2095 3916 3674 3996; baseline 0.012 -27"><span class='ocrx_word' id='word_1_669' title='bbox 2095 3916 2220 3971; x_wconf 78' lang='grc' dir='ltr'>νοῦν</span> <span class='ocrx_word' id='word_1_670' title='bbox 2235 3917 2334 3989; x_wconf 85' lang='grc' dir='ltr'>τῆς</span> <span class='ocrx_word' id='word_1_671' title='bbox 2367 3919 2723 3976; x_wconf 80' lang='grc' dir='ltr'>θεοπνεύστου</span> <span class='ocrx_word' id='word_1_672' title='bbox 2749 3925 2788 3975; x_wconf 90' lang='grc' dir='ltr'><strong>Γ</strong></span> <span class='ocrx_word' id='word_1_673' title='bbox 2793 3926 2990 3996; x_wconf 80' lang='grc' dir='ltr'>ραφῆς.</span> <span class='ocrx_word' id='word_1_674' title='bbox 3020 3930 3180 3983; x_wconf 77' lang='grc' dir='ltr'>Ἀλλὰ</span> <span class='ocrx_word' id='word_1_675' title='bbox 3215 3934 3306 3984; x_wconf 74' lang='grc' dir='ltr'><strong>καὶ</strong></span> <span class='ocrx_word' id='word_1_676' title='bbox 3336 3933 3432 3984; x_wconf 72' lang='grc' dir='ltr'><strong>ἐπὶ</strong></span> <span class='ocrx_word' id='word_1_677' title='bbox 3460 3934 3553 3986; x_wconf 82' lang='grc' dir='ltr'><strong>τὸν</strong></span> <span class='ocrx_word' id='word_1_678' title='bbox 3577 3936 3674 3988; x_wconf 74' lang='grc' dir='ltr'><strong>Λό-</strong></span> 
     </span>
    </p>
   </div>
   <div class='ocr_carea' id='block_1_87' title="bbox 2095 4009 3674 4094">
    <p class='ocr_par' dir='ltr' id='par_1_87' title="bbox 2095 4009 3674 4094">
     <span class='ocr_line' id='line_1_87' title="bbox 2095 4009 3674 4094; baseline 0.011 -35"><span class='ocrx_word' id='word_1_679' title='bbox 2095 4023 2190 4076; x_wconf 87' lang='grc' dir='ltr'>γον</span> <span class='ocrx_word' id='word_1_680' title='bbox 2227 4009 2488 4078; x_wconf 80' lang='grc' dir='ltr'>μεταϐὰς,</span> <span class='ocrx_word' id='word_1_681' title='bbox 2534 4013 2696 4066; x_wconf 83' lang='grc' dir='ltr'>αὐτὸν</span> <span class='ocrx_word' id='word_1_682' title='bbox 2728 4011 2864 4068; x_wconf 80' lang='grc' dir='ltr'>εἶναι</span> <span class='ocrx_word' id='word_1_683' title='bbox 2899 4034 3032 4086; x_wconf 86' lang='grc' dir='ltr'>φησι</span> <span class='ocrx_word' id='word_1_684' title='bbox 3059 4019 3150 4071; x_wconf 79' lang='grc' dir='ltr'>τὸν</span> <span class='ocrx_word' id='word_1_685' title='bbox 3191 4019 3337 4073; x_wconf 80' lang='grc' dir='ltr'>ἔνδον</span> <span class='ocrx_word' id='word_1_686' title='bbox 3372 4024 3431 4074; x_wconf 84' lang='grc' dir='ltr'><strong>ὲν</strong></span> <span class='ocrx_word' id='word_1_687' title='bbox 3459 4023 3540 4094; x_wconf 79' lang='grc' dir='ltr'><strong>τῷ</strong></span> <span class='ocrx_word' id='word_1_688' title='bbox 3568 4025 3674 4078; x_wconf 82' lang='grc' dir='ltr'><strong>Πα-</strong></span> 
     </span>
    </p>
   </div>
   <div class='ocr_carea' id='block_1_88' title="bbox 2095 4097 3672 4179">
    <p class='ocr_par' dir='ltr' id='par_1_88' title="bbox 2095 4097 3672 4179">
     <span class='ocr_line' id='line_1_88' title="bbox 2095 4097 3672 4179; baseline 0.012 -32"><span class='ocrx_word' id='word_1_689' title='bbox 2095 4097 2204 4167; x_wconf 79' lang='grc' dir='ltr'>τρὶ,</span> <span class='ocrx_word' id='word_1_690' title='bbox 2241 4097 2314 4161; x_wconf 88' lang='grc' dir='ltr'>ὡς</span> <span class='ocrx_word' id='word_1_691' title='bbox 2349 4101 2406 4151; x_wconf 84' lang='grc' dir='ltr'>ὲν</span> <span class='ocrx_word' id='word_1_692' title='bbox 2445 4100 2776 4173; x_wconf 85' lang='grc' dir='ltr'>διαλογισμῷ</span> <span class='ocrx_word' id='word_1_693' title='bbox 2819 4105 2912 4158; x_wconf 72' lang='grc' dir='ltr'><strong>καὶ</strong></span> <span class='ocrx_word' id='word_1_694' title='bbox 2946 4108 3004 4158; x_wconf 84' lang='grc' dir='ltr'>ὲν</span> <span class='ocrx_word' id='word_1_695' title='bbox 3043 4105 3295 4179; x_wconf 80' lang='grc' dir='ltr'>θυμήσει,</span> <span class='ocrx_word' id='word_1_696' title='bbox 3328 4110 3422 4162; x_wconf 87' lang='grc' dir='ltr'><strong>τὸν</strong></span> <span class='ocrx_word' id='word_1_697' title='bbox 3447 4113 3672 4179; x_wconf 72' lang='grc' dir='ltr'>οὐρανὸν</span> 
     </span>
    </p>
   </div>
   <div class='ocr_carea' id='block_1_89' title="bbox 2097 4187 3672 4275">
    <p class='ocr_par' dir='ltr' id='par_1_89' title="bbox 2097 4187 3672 4275">
     <span class='ocr_line' id='line_1_89' title="bbox 2097 4187 3672 4275; baseline 0.013 -38"><span class='ocrx_word' id='word_1_698' title='bbox 2097 4187 2452 4256; x_wconf 78' lang='grc' dir='ltr'>ήτοιμακότα.</span> <span class='ocrx_word' id='word_1_699' title='bbox 2484 4190 2674 4260; x_wconf 88' lang='grc' dir='ltr'>Ἔλεγε</span> <span class='ocrx_word' id='word_1_700' title='bbox 2701 4192 2831 4261; x_wconf 85' lang='grc' dir='ltr'>γοῦν</span> <span class='ocrx_word' id='word_1_701' title='bbox 2862 4195 3046 4259; x_wconf 86' lang='grc' dir='ltr'>αὺτοῖς</span> <span class='ocrx_word' id='word_1_702' title='bbox 3074 4199 3282 4267; x_wconf 72' lang='grc' dir='ltr'>ῥήμασι</span> <span class='ocrx_word' id='word_1_703' title='bbox 3327 4201 3464 4271; x_wconf 72' lang='grc'>(27)·</span> <span class='ocrx_word' id='word_1_704' title='bbox 3521 4222 3543 4253; x_wconf 80' lang='grc' dir='ltr'><strong>ι</strong></span> <span class='ocrx_word' id='word_1_705' title='bbox 3569 4205 3672 4275; x_wconf 84' lang='grc' dir='ltr'><strong>Πρὸ</strong></span> 
     </span>
    </p>
   </div>
   <div class='ocr_carea' id='block_1_90' title="bbox 2103 4278 3671 4363">
    <p class='ocr_par' dir='ltr' id='par_1_90' title="bbox 2103 4278 3671 4363">
     <span class='ocr_line' id='line_1_90' title="bbox 2103 4278 3671 4363; baseline 0.012 -34"><span class='ocrx_word' id='word_1_706' title='bbox 2103 4296 2121 4328; x_wconf 76' lang='grc' dir='ltr'><strong>ι</strong></span> <span class='ocrx_word' id='word_1_707' title='bbox 2156 4278 2264 4349; x_wconf 85' lang='grc' dir='ltr'><strong>γὰρ</strong></span> <span class='ocrx_word' id='word_1_708' title='bbox 2297 4279 2389 4332; x_wconf 83' lang='grc' dir='ltr'>τοῦ</span> <span class='ocrx_word' id='word_1_709' title='bbox 2433 4282 2522 4334; x_wconf 84' lang='grc' dir='ltr'><strong>τὸν</strong></span> <span class='ocrx_word' id='word_1_710' title='bbox 2563 4283 2766 4352; x_wconf 87' lang='grc' dir='ltr'>κόσμον</span> <span class='ocrx_word' id='word_1_711' title='bbox 2806 4285 3048 4358; x_wconf 86' lang='grc' dir='ltr'>ποιῆσαι,</span> <span class='ocrx_word' id='word_1_712' title='bbox 3099 4285 3166 4361; x_wconf 82' lang='grc' dir='ltr'>ἦν</span> <span class='ocrx_word' id='word_1_713' title='bbox 3207 4293 3236 4344; x_wconf 90' lang='lat'><strong>6</strong></span> <span class='ocrx_word' id='word_1_714' title='bbox 3275 4292 3449 4360; x_wconf 78' lang='grc' dir='ltr'>Λόγος</span> <span class='ocrx_word' id='word_1_715' title='bbox 3496 4295 3556 4346; x_wconf 83' lang='grc' dir='ltr'>ὲν</span> <span class='ocrx_word' id='word_1_716' title='bbox 3603 4295 3671 4363; x_wconf 74' lang='grc' dir='ltr'>τῷ</span> 
     </span>
    </p>
   </div>
   <div class='ocr_carea' id='block_1_91' title="bbox 2103 4371 3671 4449">
    <p class='ocr_par' dir='ltr' id='par_1_91' title="bbox 2103 4371 3671 4449">
     <span class='ocr_line' id='line_1_91' title="bbox 2103 4371 3671 4449; baseline 0.011 -29"><span class='ocrx_word' id='word_1_717' title='bbox 2103 4388 2120 4420; x_wconf 84' lang='grc' dir='ltr'><strong>ι</strong></span> <span class='ocrx_word' id='word_1_718' title='bbox 2150 4371 2346 4441; x_wconf 83' lang='grc' dir='ltr'>Πατρί.</span> <span class='ocrx_word' id='word_1_719' title='bbox 2378 4374 2504 4425; x_wconf 82' lang='grc' dir='ltr'><strong>Ὅτε</strong></span> <span class='ocrx_word' id='word_1_720' title='bbox 2525 4373 2581 4427; x_wconf 80' lang='grc' dir='ltr'>δὲ</span> <span class='ocrx_word' id='word_1_721' title='bbox 2603 4377 2631 4428; x_wconf 93' lang='lat'><strong>6</strong></span> <span class='ocrx_word' id='word_1_722' title='bbox 2647 4379 3040 4449; x_wconf 82' lang='grc' dir='ltr'>παντοκράτωρ</span> <span class='ocrx_word' id='word_1_723' title='bbox 3051 4379 3182 4445; x_wconf 87' lang='grc' dir='ltr'>Θεὸς</span> <span class='ocrx_word' id='word_1_724' title='bbox 3204 4383 3381 4434; x_wconf 84' lang='grc' dir='ltr'>πάντα</span> <span class='ocrx_word' id='word_1_725' title='bbox 3404 4384 3476 4436; x_wconf 80' lang='grc' dir='ltr'>τὰ</span> <span class='ocrx_word' id='word_1_726' title='bbox 3499 4386 3558 4437; x_wconf 81' lang='grc' dir='ltr'>ἐν</span> <span class='ocrx_word' id='word_1_727' title='bbox 3584 4387 3671 4437; x_wconf 75' lang='grc' dir='ltr'>οὐ·-</span> 
     </span>
    </p>
   </div>
   <div class='ocr_carea' id='block_1_92' title="bbox 404 4461 1988 4548">
    <p class='ocr_par' dir='ltr' id='par_1_92' title="bbox 404 4461 1988 4532">
     <span class='ocr_line' id='line_1_92' title="bbox 404 4461 1988 4532; baseline -0.003 -14"><span class='ocrx_word' id='word_1_728' title='bbox 404 4463 598 4520; x_wconf 83' lang='lat' dir='ltr'><strong>Deum.</strong></span> <span class='ocrx_word' id='word_1_729' title='bbox 646 4464 817 4532; x_wconf 90' lang='lat' dir='ltr'><strong>Quam</strong></span> <span class='ocrx_word' id='word_1_730' title='bbox 863 4479 1051 4519; x_wconf 89' lang='lat' dir='ltr'><strong>vocem</strong></span> <span class='ocrx_word' id='word_1_731' title='bbox 1095 4463 1344 4518; x_wconf 91' lang='lat' dir='ltr'><strong>emittere</strong></span> <span class='ocrx_word' id='word_1_732' title='bbox 1401 4477 1504 4516; x_wconf 93' lang='lat' dir='ltr'><strong>non</strong></span> <span class='ocrx_word' id='word_1_733' title='bbox 1535 4461 1837 4526; x_wconf 82' lang='lat' dir='ltr'><strong>exhorruit,</strong></span> <span class='ocrx_word' id='word_1_734' title='bbox 1867 4477 1988 4515; x_wconf 78' lang='lat' dir='ltr'><strong>cum</strong></span> 
     </span>
    </p>
   </div>
   <div class='ocr_carea' id='block_1_93' title="bbox 2098 4461 3670 4548">
    <p class='ocr_par' dir='ltr' id='par_1_93' title="bbox 2103 4467 3670 4548">
     <span class='ocr_line' id='line_1_93' title="bbox 2103 4467 3670 4548; baseline 0.011 -35"><span class='ocrx_word' id='word_1_735' title='bbox 2103 4479 2124 4513; x_wconf 83' lang='grc' dir='ltr'><strong>ι</strong></span> <span class='ocrx_word' id='word_1_736' title='bbox 2159 4468 2338 4535; x_wconf 86' lang='grc' dir='ltr'>ρανοῖς</span> <span class='ocrx_word' id='word_1_737' title='bbox 2365 4467 2458 4519; x_wconf 72' lang='grc' dir='ltr'>καὶ</span> <span class='ocrx_word' id='word_1_738' title='bbox 2481 4467 2548 4521; x_wconf 83' lang='grc' dir='ltr'>τὰ</span> <span class='ocrx_word' id='word_1_739' title='bbox 2578 4470 2671 4521; x_wconf 75' lang='grc' dir='ltr'><strong>ἐπὶ</strong></span> <span class='ocrx_word' id='word_1_740' title='bbox 2695 4471 2792 4541; x_wconf 83' lang='grc' dir='ltr'>τῆς</span> <span class='ocrx_word' id='word_1_741' title='bbox 2822 4477 2926 4542; x_wconf 79' lang='grc' dir='ltr'>γῆς</span> <span class='ocrx_word' id='word_1_742' title='bbox 2955 4469 3184 4543; x_wconf 73' lang='grc' dir='ltr'><strong>ποιῆσαι¹</strong></span> <span class='ocrx_word' id='word_1_743' title='bbox 3208 4474 3491 4546; x_wconf 84' lang='grc' dir='ltr'>προέθετο,</span> <span class='ocrx_word' id='word_1_744' title='bbox 3527 4478 3670 4548; x_wconf 76' lang='grc' dir='ltr'>ἐνερ-</span> 
     </span>
    </p>
   </div>
   <div class='ocr_carea' id='block_1_94' title="bbox 407 4548 1985 4624">
    <p class='ocr_par' dir='ltr' id='par_1_94' title="bbox 407 4548 1985 4624">
     <span class='ocr_line' id='line_1_94' title="bbox 407 4548 1985 4624; baseline -0.003 -14"><span class='ocrx_word' id='word_1_745' title='bbox 407 4566 585 4611; x_wconf 90' lang='lat' dir='ltr'><strong>tamen</strong></span> <span class='ocrx_word' id='word_1_746' title='bbox 617 4556 704 4610; x_wconf 89' lang='lat' dir='ltr'><strong>illa</strong></span> <span class='ocrx_word' id='word_1_747' title='bbox 731 4548 898 4610; x_wconf 83' lang='lat' dir='ltr'><strong>Filius</strong></span> <span class='ocrx_word' id='word_1_748' title='bbox 944 4557 1262 4624; x_wconf 83' lang='lat' dir='ltr'><strong>abnegetnr.</strong></span> <span class='ocrx_word' id='word_1_749' title='bbox 1293 4551 1400 4607; x_wconf 86' lang='lat' dir='ltr'><strong>Nec</strong></span> <span class='ocrx_word' id='word_1_750' title='bbox 1432 4567 1707 4606; x_wconf 85' lang='lat' dir='ltr'><strong>sacrarum</strong></span> <span class='ocrx_word' id='word_1_751' title='bbox 1750 4550 1985 4607; x_wconf 86' lang='lat' dir='ltr'><strong>Littera-</strong></span> 
     </span>
    </p>
   </div>
   <div class='ocr_carea' id='block_1_95' title="bbox 406 4644 1985 4714">
    <p class='ocr_par' dir='ltr' id='par_1_95' title="bbox 406 4644 1985 4714">
     <span class='ocr_line' id='line_1_95' title="bbox 406 4644 1985 4714; baseline -0.003 -11"><span class='ocrx_word' id='word_1_752' title='bbox 406 4663 526 4703; x_wconf 87' lang='lat' dir='ltr'><strong>rum</strong></span> <span class='ocrx_word' id='word_1_753' title='bbox 559 4648 875 4702; x_wconf 90' lang='lat' dir='ltr'><strong>verecundia</strong></span> <span class='ocrx_word' id='word_1_754' title='bbox 908 4655 1086 4701; x_wconf 89' lang='lat' dir='ltr'><strong>motus</strong></span> <span class='ocrx_word' id='word_1_755' title='bbox 1117 4656 1220 4712; x_wconf 92' lang='lat' dir='ltr'><strong>est,</strong></span> <span class='ocrx_word' id='word_1_756' title='bbox 1245 4661 1364 4714; x_wconf 78' lang='lat' dir='ltr'><strong>quae</strong></span> <span class='ocrx_word' id='word_1_757' title='bbox 1383 4653 1667 4707; x_wconf 89' lang='lat' dir='ltr'><strong>testantur,</strong></span> <span class='ocrx_word' id='word_1_758' title='bbox 1693 4644 1836 4713; x_wconf 89' lang='lat' dir='ltr'><strong>quod</strong></span> <span class='ocrx_word' id='word_1_759' title='bbox 1855 4654 1985 4699; x_wconf 87' lang='lat' dir='ltr'><strong>ante</strong></span> 
     </span>
    </p>
   </div>
   <div class='ocr_carea' id='block_1_96' title="bbox 303 4733 1980 4808">
    <p class='ocr_par' dir='ltr' id='par_1_96' title="bbox 303 4733 1980 4808">
     <span class='ocr_line' id='line_1_96' title="bbox 303 4733 1980 4808; baseline -0.006 -10"><span class='ocrx_word' id='word_1_760' title='bbox 303 4795 310 4798; x_wconf 94' lang='lat'>_</span> <span class='ocrx_word' id='word_1_761' title='bbox 407 4739 591 4794; x_wconf 89' lang='lat' dir='ltr'><strong>mundi</strong></span> <span class='ocrx_word' id='word_1_762' title='bbox 624 4739 1030 4807; x_wconf 87' lang='lat' dir='ltr'><strong>productionem</strong></span> <span class='ocrx_word' id='word_1_763' title='bbox 1060 4738 1173 4808; x_wconf 91' lang='lat' dir='ltr'><strong>ipse</strong></span> <span class='ocrx_word' id='word_1_764' title='bbox 1200 4737 1344 4794; x_wconf 83' lang='lat' dir='ltr'><strong>solus</strong></span> <span class='ocrx_word' id='word_1_765' title='bbox 1378 4737 1591 4791; x_wconf 90' lang='lat' dir='ltr'><strong>adesset</strong></span> <span class='ocrx_word' id='word_1_766' title='bbox 1619 4734 1790 4789; x_wconf 90' lang='lat' dir='ltr'><strong>Patri.</strong></span> <span class='ocrx_word' id='word_1_767' title='bbox 1823 4733 1980 4800; x_wconf 85' lang='lat' dir='ltr'><strong>Nam,</strong></span> 
     </span>
    </p>
   </div>
   <div class='ocr_carea' id='block_1_97' title="bbox 405 4826 1982 4901">
    <p class='ocr_par' dir='ltr' id='par_1_97' title="bbox 405 4826 1982 4901">
     <span class='ocr_line' id='line_1_97' title="bbox 405 4826 1982 4901; baseline -0.002 -16"><span class='ocrx_word' id='word_1_768' title='bbox 405 4848 524 4885; x_wconf 84' lang='lat' dir='ltr'><strong>cum</strong></span> <span class='ocrx_word' id='word_1_769' title='bbox 556 4832 728 4896; x_wconf 66' lang='lat' dir='ltr'><strong>caelos,</strong></span> <span class='ocrx_word' id='word_1_770' title='bbox 779 4832 972 4901; x_wconf 89' lang='lat' dir='ltr'><strong>inquit,</strong></span> <span class='ocrx_word' id='word_1_771' title='bbox 1027 4832 1275 4900; x_wconf 81' lang='lat' dir='ltr'><strong>parabat,</strong></span> <span class='ocrx_word' id='word_1_772' title='bbox 1308 4833 1524 4883; x_wconf 85' lang='lat' dir='ltr'><strong>aderam</strong></span> <span class='ocrx_word' id='word_1_773' title='bbox 1569 4829 1636 4882; x_wconf 86' lang='lat' dir='ltr'><strong>ei.</strong></span> <span class='ocrx_word' id='word_1_774' title='bbox 1667 4826 1982 4896; x_wconf 60' lang='lat' dir='ltr'><strong>Prwpositio</strong></span> 
     </span>
    </p>
   </div>
   <div class='ocr_carea' id='block_1_98' title="bbox 405 4906 1982 4992">
    <p class='ocr_par' dir='ltr' id='par_1_98' title="bbox 405 4906 1982 4992">
     <span class='ocr_line' id='line_1_98' title="bbox 405 4906 1982 4992; baseline -0.003 -15"><span class='ocrx_word' id='word_1_775' title='bbox 405 4925 548 4978; x_wconf 89' lang='lat' dir='ltr'><strong>enim</strong></span> <span class='ocrx_word' id='word_1_776' title='bbox 572 4939 713 4989; x_wconf 84' lang='lat' dir='ltr'><strong>cum,</strong></span> <span class='ocrx_word' id='word_1_777' title='bbox 743 4924 808 4977; x_wconf 88' lang='lat' dir='ltr'><strong>ad</strong></span> <span class='ocrx_word' id='word_1_778' title='bbox 837 4923 1176 4992; x_wconf 69' lang='lat' dir='ltr'><strong>praesentiam</strong></span> <span class='ocrx_word' id='word_1_779' title='bbox 1215 4906 1444 4987; x_wconf 67' lang='lat' dir='ltr'><strong>anneita,</strong></span> <span class='ocrx_word' id='word_1_780' title='bbox 1477 4921 1636 4974; x_wconf 91' lang='lat' dir='ltr'><strong>unius</strong></span> <span class='ocrx_word' id='word_1_781' title='bbox 1656 4933 1777 4973; x_wconf 92' lang='lat' dir='ltr'><strong>cum</strong></span> <span class='ocrx_word' id='word_1_782' title='bbox 1811 4919 1982 4974; x_wconf 90' lang='lat' dir='ltr'><strong>altero</strong></span> 
     </span>
    </p>
   </div>
   <div class='ocr_carea' id='block_1_99' title="bbox 406 5009 1983 5086">
    <p class='ocr_par' dir='ltr' id='par_1_99' title="bbox 406 5009 1983 5086">
     <span class='ocr_line' id='line_1_99' title="bbox 406 5009 1983 5086; baseline -0.003 -15"><span class='ocrx_word' id='word_1_783' title='bbox 406 5031 510 5071; x_wconf 87' lang='lat' dir='ltr'><strong>una</strong></span> <span class='ocrx_word' id='word_1_784' title='bbox 551 5015 894 5086; x_wconf 66' lang='lat' dir='ltr'><strong>praesentiam</strong></span> <span class='ocrx_word' id='word_1_785' title='bbox 925 5014 1214 5084; x_wconf 74' lang='lat' dir='ltr'><strong>significat.</strong></span> <span class='ocrx_word' id='word_1_786' title='bbox 1243 5012 1358 5068; x_wconf 83' lang='lat' dir='ltr'><strong>Non</strong></span> <span class='ocrx_word' id='word_1_787' title='bbox 1381 5013 1459 5068; x_wconf 88' lang='lat' dir='ltr'><strong>ait</strong></span> <span class='ocrx_word' id='word_1_788' title='bbox 1488 5025 1618 5081; x_wconf 78' lang='lat' dir='ltr'><strong>ergo</strong></span> <span class='ocrx_word' id='word_1_789' title='bbox 1662 5009 1983 5081; x_wconf 80' lang='lat' dir='ltr'><strong>simpliciter</strong></span> 
     </span>
    </p>
   </div>
   <div class='ocr_carea' id='block_1_100' title="bbox 470 5107 1206 5178">
    <p class='ocr_par' dir='ltr' id='par_1_100' title="bbox 470 5107 1206 5178">
     <span class='ocr_line' id='line_1_100' title="bbox 470 5107 1206 5178; baseline 0 -15"><span class='ocrx_word' id='word_1_790' title='bbox 470 5114 528 5172; x_wconf 56' lang='lat' dir='ltr'><strong><em>id</em></strong></span> <span class='ocrx_word' id='word_1_791' title='bbox 563 5109 662 5164; x_wconf 87' lang='lat' dir='ltr'><strong>Ed.</strong></span> <span class='ocrx_word' id='word_1_792' title='bbox 692 5107 893 5176; x_wconf 88' lang='lat' dir='ltr'><strong>Paris.,</strong></span> <span class='ocrx_word' id='word_1_793' title='bbox 920 5123 1046 5178; x_wconf 78' lang='lat' dir='ltr'><strong>pag.</strong></span> <span class='ocrx_word' id='word_1_794' title='bbox 1075 5107 1206 5164; x_wconf 79' lang='lat'><em>166.</em></span> 
     </span>
    </p>
   </div>
   <div class='ocr_carea' id='block_1_101' title="bbox 477 5291 1978 5367">
    <p class='ocr_par' dir='ltr' id='par_1_101' title="bbox 477 5291 1978 5367">
     <span class='ocr_line' id='line_1_101' title="bbox 477 5291 1978 5367; baseline 0 -20"><span class='ocrx_word' id='word_1_795' title='bbox 477 5291 590 5367; x_wconf 74' lang='lat'><strong>(9|)</strong></span> <span class='ocrx_word' id='word_1_796' title='bbox 618 5291 795 5367; x_wconf 67' lang='lat' dir='ltr'><strong>Vulgo</strong></span> <span class='ocrx_word' id='word_1_797' title='bbox 827 5293 979 5367; x_wconf 67' lang='grc' dir='ltr'>οόδὲν</span> <span class='ocrx_word' id='word_1_798' title='bbox 1023 5294 1117 5367; x_wconf 65' lang='grc' dir='ltr'><strong>αφ’</strong></span> <span class='ocrx_word' id='word_1_799' title='bbox 1145 5291 1340 5346; x_wconf 79' lang='grc' dir='ltr'>ἑαυτοῦ</span> <span class='ocrx_word' id='word_1_800' title='bbox 1386 5301 1441 5347; x_wconf 91' lang='lat' dir='ltr'><strong>et</strong></span> <span class='ocrx_word' id='word_1_801' title='bbox 1475 5308 1599 5348; x_wconf 59' lang='lat' dir='ltr'><strong>mos</strong></span> <span class='ocrx_word' id='word_1_802' title='bbox 1661 5291 1836 5346; x_wconf 79' lang='grc' dir='ltr'>ταῦτα</span> <span class='ocrx_word' id='word_1_803' title='bbox 1865 5292 1978 5367; x_wconf 83' lang='grc' dir='ltr'><strong>[ἂν]</strong></span> 
     </span>
    </p>
   </div>
   <div class='ocr_carea' id='block_1_102' title="bbox 406 5362 1308 5434">
    <p class='ocr_par' dir='ltr' id='par_1_102' title="bbox 406 5362 1308 5434">
     <span class='ocr_line' id='line_1_102' title="bbox 406 5362 1308 5434; baseline -0.003 -16"><span class='ocrx_word' id='word_1_804' title='bbox 406 5363 498 5418; x_wconf 82' lang='grc' dir='ltr'><strong>καί</strong></span> <span class='ocrx_word' id='word_1_805' title='bbox 512 5433 519 5434; x_wconf 14' lang='lat'><em>7</em></span> <span class='ocrx_word' id='word_1_806' title='bbox 531 5362 585 5417; x_wconf 90' lang='lat' dir='ltr'><strong>et</strong></span> <span class='ocrx_word' id='word_1_807' title='bbox 619 5362 770 5434; x_wconf 65' lang='grc' dir='ltr'>αρτᾦ</span> <span class='ocrx_word' id='word_1_808' title='bbox 807 5363 981 5434; x_wconf 83' lang='grc' dir='ltr'>πάντα</span> <span class='ocrx_word' id='word_1_809' title='bbox 996 5433 1004 5434; x_wconf 17' lang='lat'><em>7</em></span> <span class='ocrx_word' id='word_1_810' title='bbox 1021 5363 1308 5434; x_wconf 81' lang='grc' dir='ltr'>δείκνυσιν.</span> 
     </span>
    </p>
   </div>
   <div class='ocr_carea' id='block_1_103' title="bbox 481 5431 1985 5503">
    <p class='ocr_par' dir='ltr' id='par_1_103' title="bbox 481 5431 1985 5503">
     <span class='ocr_line' id='line_1_103' title="bbox 481 5431 1985 5503; baseline -0.001 -17"><span class='ocrx_word' id='word_1_811' title='bbox 481 5433 590 5502; x_wconf 67' lang='lat'><strong>(22)</strong></span> <span class='ocrx_word' id='word_1_812' title='bbox 625 5431 803 5503; x_wconf 55' lang='lat' dir='ltr'><strong>Vul&#39;go</strong></span> <span class='ocrx_word' id='word_1_813' title='bbox 864 5434 903 5487; x_wconf 76' lang='grc' dir='ltr'><strong><em>ἄ</em></strong></span> <span class='ocrx_word' id='word_1_814' title='bbox 946 5433 1014 5487; x_wconf 81' lang='grc' dir='ltr'>δὲ</span> <span class='ocrx_word' id='word_1_815' title='bbox 1060 5433 1322 5498; x_wconf 76' lang='grc' dir='ltr'>βλέπειν</span> <span class='ocrx_word' id='word_1_816' title='bbox 1367 5433 1597 5500; x_wconf 81' lang='grc' dir='ltr'>ἀτενές.</span> <span class='ocrx_word' id='word_1_817' title='bbox 1639 5431 1985 5503; x_wconf 86' lang='lat' dir='ltr'><strong>Quantopere</strong></span> 
     </span>
    </p>
   </div>
   <div class='ocr_carea' id='block_1_104' title="bbox 405 5502 1985 5572">
    <p class='ocr_par' dir='ltr' id='par_1_104' title="bbox 405 5502 1985 5572">
     <span class='ocr_line' id='line_1_104' title="bbox 405 5502 1985 5572; baseline -0.001 -17"><span class='ocrx_word' id='word_1_818' title='bbox 405 5504 472 5555; x_wconf 89' lang='lat' dir='ltr'><strong>de</strong></span> <span class='ocrx_word' id='word_1_819' title='bbox 506 5504 672 5572; x_wconf 77' lang='lat' dir='ltr'><strong>istius</strong></span> <span class='ocrx_word' id='word_1_820' title='bbox 719 5502 822 5558; x_wconf 80' lang='lat' dir='ltr'><strong>lOci</strong></span> <span class='ocrx_word' id='word_1_821' title='bbox 875 5505 1320 5572; x_wconf 85' lang='lat' dir='ltr'><strong>interpretatione</strong></span> <span class='ocrx_word' id='word_1_822' title='bbox 1355 5504 1630 5572; x_wconf 74' lang='lat' dir='ltr'><strong>digladiati</strong></span> <span class='ocrx_word' id='word_1_823' title='bbox 1671 5502 1813 5558; x_wconf 56' lang='lat' dir='ltr'><strong>‘sunt</strong></span> <span class='ocrx_word' id='word_1_824' title='bbox 1878 5503 1985 5556; x_wconf 86' lang='lat' dir='ltr'><strong>Ca-</strong></span> 
     </span>
    </p>
   </div>
   <div class='ocr_carea' id='block_1_105' title="bbox 408 5571 1987 5644">
    <p class='ocr_par' dir='ltr' id='par_1_105' title="bbox 408 5571 1987 5644">
     <span class='ocr_line' id='line_1_105' title="bbox 408 5571 1987 5644; baseline -0.001 -20"><span class='ocrx_word' id='word_1_825' title='bbox 408 5571 594 5644; x_wconf 67' lang='lat' dir='ltr'><strong>tliolici</strong></span> <span class='ocrx_word' id='word_1_826' title='bbox 655 5583 709 5627; x_wconf 92' lang='lat' dir='ltr'><strong>et</strong></span> <span class='ocrx_word' id='word_1_827' title='bbox 757 5574 966 5638; x_wconf 81' lang='lat' dir='ltr'><strong>Ariani,</strong></span> <span class='ocrx_word' id='word_1_828' title='bbox 1024 5571 1159 5628; x_wconf 89' lang='lat' dir='ltr'><strong>vide</strong></span> <span class='ocrx_word' id='word_1_829' title='bbox 1204 5574 1342 5644; x_wconf 88' lang='lat' dir='ltr'><strong>apud</strong></span> <span class='ocrx_word' id='word_1_830' title='bbox 1397 5571 1875 5644; x_wconf 14' lang='lat' dir='ltr'><strong>P.7Maldonatnm,</strong></span> <span class='ocrx_word' id='word_1_831' title='bbox 1931 5581 1987 5624; x_wconf 91' lang='lat' dir='ltr'><strong>et</strong></span> 
     </span>
    </p>
   </div>
   <div class='ocr_carea' id='block_1_106' title="bbox 409 5641 1406 5711">
    <p class='ocr_par' dir='ltr' id='par_1_106' title="bbox 409 5641 1406 5711">
     <span class='ocr_line' id='line_1_106' title="bbox 409 5641 1406 5711; baseline 0.007 -18"><span class='ocrx_word' id='word_1_832' title='bbox 409 5641 534 5711; x_wconf 77' lang='lat' dir='ltr'><strong>hinc</strong></span> <span class='ocrx_word' id='word_1_833' title='bbox 605 5644 885 5711; x_wconf 82' lang='lat' dir='ltr'><strong>apparebit</strong></span> <span class='ocrx_word' id='word_1_834' title='bbox 949 5641 1254 5700; x_wconf 67' lang='lat' dir='ltr'><strong>Eusebium&#39;</strong></span> <span class='ocrx_word' id='word_1_835' title='bbox 1318 5644 1406 5700; x_wconf 83' lang='lat' dir='ltr'><strong>hic</strong></span> 
     </span>
    </p>
   </div>
   <div class='ocr_carea' id='block_1_107' title="bbox 1483 5642 1984 5716">
    <p class='ocr_par' dir='ltr' id='par_1_107' title="bbox 1483 5642 1984 5716">
     <span class='ocr_line' id='line_1_107' title="bbox 1483 5642 1984 5716; baseline -0.004 -20"><span class='ocrx_word' id='word_1_836' title='bbox 1483 5642 1757 5716; x_wconf 84' lang='grc' dir='ltr'>λαθραίως</span> <span class='ocrx_word' id='word_1_837' title='bbox 1825 5644 1984 5712; x_wconf 86' lang='grc' dir='ltr'>ἀρια-</span> 
     </span>
    </p>
   </div>
   <div class='ocr_carea' id='block_1_108' title="bbox 409 5709 699 5775">
    <p class='ocr_par' dir='ltr' id='par_1_108' title="bbox 409 5709 699 5775">
     <span class='ocr_line' id='line_1_108' title="bbox 409 5709 699 5775; baseline 0.014 -13"><span class='ocrx_word' id='word_1_838' title='bbox 409 5709 595 5775; x_wconf 79' lang='grc' dir='ltr'>νίζειν.</span> <span class='ocrx_word' id='word_1_839' title='bbox 627 5709 699 5766; x_wconf 64' lang='grc' dir='ltr'><strong>ιιι</strong></span> 
     </span>
    </p>
   </div>
   <div class='ocr_carea' id='block_1_109' title="bbox 2101 4556 3668 4638">
    <p class='ocr_par' dir='ltr' id='par_1_109' title="bbox 2101 4556 3668 4638">
     <span class='ocr_line' id='line_1_109' title="bbox 2101 4556 3668 4638; baseline 0.008 -32"><span class='ocrx_word' id='word_1_840' title='bbox 2101 4573 2119 4606; x_wconf 85' lang='grc' dir='ltr'><strong>ι</strong></span> <span class='ocrx_word' id='word_1_841' title='bbox 2156 4556 2310 4624; x_wconf 88' lang='grc' dir='ltr'>γείας</span> <span class='ocrx_word' id='word_1_842' title='bbox 2341 4560 2374 4628; x_wconf 78' lang='grc' dir='ltr'><strong>ἡ</strong></span> <span class='ocrx_word' id='word_1_843' title='bbox 2405 4558 2498 4611; x_wconf 83' lang='grc' dir='ltr'>τοῦ</span> <span class='ocrx_word' id='word_1_844' title='bbox 2535 4560 2743 4632; x_wconf 86' lang='grc' dir='ltr'>κόσμου</span> <span class='ocrx_word' id='word_1_845' title='bbox 2771 4563 2983 4630; x_wconf 89' lang='grc' dir='ltr'>γένεσις</span> <span class='ocrx_word' id='word_1_846' title='bbox 3025 4563 3196 4617; x_wconf 79' lang='grc' dir='ltr'>ἐδεῖτο</span> <span class='ocrx_word' id='word_1_847' title='bbox 3226 4565 3554 4638; x_wconf 80' lang='grc' dir='ltr'>δραστικῆς.</span> <span class='ocrx_word' id='word_1_848' title='bbox 3584 4569 3668 4619; x_wconf 77' lang='grc' dir='ltr'>καὶ</span> 
     </span>
    </p>
   </div>
   <div class='ocr_carea' id='block_1_110' title="bbox 2097 4647 3666 4731">
    <p class='ocr_par' dir='ltr' id='par_1_110' title="bbox 2097 4647 3666 4731">
     <span class='ocr_line' id='line_1_110' title="bbox 2097 4647 3666 4731; baseline 0.01 -32"><span class='ocrx_word' id='word_1_849' title='bbox 2097 4665 2117 4698; x_wconf 82' lang='grc' dir='ltr'><strong>ι</strong></span> <span class='ocrx_word' id='word_1_850' title='bbox 2153 4647 2242 4702; x_wconf 80' lang='grc' dir='ltr'>διὰ</span> <span class='ocrx_word' id='word_1_851' title='bbox 2265 4649 2441 4716; x_wconf 82' lang='grc' dir='ltr'>τοῦτο,</span> <span class='ocrx_word' id='word_1_852' title='bbox 2475 4653 2701 4724; x_wconf 83' lang='grc' dir='ltr'>μηδενὸς</span> <span class='ocrx_word' id='word_1_853' title='bbox 2725 4654 2875 4718; x_wconf 78' lang='grc' dir='ltr'>ὄντος</span> <span class='ocrx_word' id='word_1_854' title='bbox 2899 4656 3086 4730; x_wconf 81' lang='grc' dir='ltr'>ἐτέρου</span> <span class='ocrx_word' id='word_1_855' title='bbox 3123 4658 3260 4730; x_wconf 83' lang='grc' dir='ltr'>πλὴν</span> <span class='ocrx_word' id='word_1_856' title='bbox 3290 4660 3429 4713; x_wconf 78' lang='grc' dir='ltr'>Θεοῦ</span> <span class='ocrx_word' id='word_1_857' title='bbox 3476 4663 3666 4731; x_wconf 75' lang='grc' dir='ltr'>(πάντα</span> 
     </span>
    </p>
   </div>
   <div class='ocr_carea' id='block_1_111' title="bbox 2097 4736 3666 4821">
    <p class='ocr_par' dir='ltr' id='par_1_111' title="bbox 2097 4736 3666 4821">
     <span class='ocr_line' id='line_1_111' title="bbox 2097 4736 3666 4821; baseline 0.01 -34"><span class='ocrx_word' id='word_1_858' title='bbox 2097 4754 2116 4786; x_wconf 81' lang='grc' dir='ltr'><strong>ι</strong></span> <span class='ocrx_word' id='word_1_859' title='bbox 2157 4736 2265 4808; x_wconf 83' lang='grc' dir='ltr'><strong>γὰρ</strong></span> <span class='ocrx_word' id='word_1_860' title='bbox 2313 4741 2654 4810; x_wconf 83' lang='grc' dir='ltr'>ὁμολογεῖται</span> <span class='ocrx_word' id='word_1_861' title='bbox 2697 4745 2789 4796; x_wconf 87' lang='grc' dir='ltr'>ὑπ’</span> <span class='ocrx_word' id='word_1_862' title='bbox 2838 4746 3000 4800; x_wconf 78' lang='grc' dir='ltr'>αὑτοῦ</span> <span class='ocrx_word' id='word_1_863' title='bbox 3052 4748 3426 4821; x_wconf 81' lang='grc' dir='ltr'>γεγενῆσθαι),</span> <span class='ocrx_word' id='word_1_864' title='bbox 3477 4752 3600 4803; x_wconf 82' lang='grc' dir='ltr'>τότε</span> <span class='ocrx_word' id='word_1_865' title='bbox 3643 4754 3666 4802; x_wconf 89' lang='lat'><strong>6</strong></span> 
     </span>
    </p>
   </div>
   <div class='ocr_carea' id='block_1_112' title="bbox 2092 4829 3665 4910">
    <p class='ocr_par' dir='ltr' id='par_1_112' title="bbox 2092 4829 3665 4910">
     <span class='ocr_line' id='line_1_112' title="bbox 2092 4829 3665 4910; baseline 0.009 -32"><span class='ocrx_word' id='word_1_866' title='bbox 2092 4845 2111 4878; x_wconf 83' lang='grc' dir='ltr'><strong>ι</strong></span> <span class='ocrx_word' id='word_1_867' title='bbox 2153 4829 2324 4898; x_wconf 88' lang='grc' dir='ltr'>Λόγος</span> <span class='ocrx_word' id='word_1_868' title='bbox 2358 4832 2638 4903; x_wconf 87' lang='grc' dir='ltr'>προελθὼν</span> <span class='ocrx_word' id='word_1_869' title='bbox 2677 4835 2886 4904; x_wconf 82' lang='grc' dir='ltr'>ἐγίνετο</span> <span class='ocrx_word' id='word_1_870' title='bbox 2932 4837 3160 4910; x_wconf 81' lang='grc' dir='ltr'>ποιητὴς</span> <span class='ocrx_word' id='word_1_871' title='bbox 3191 4838 3285 4892; x_wconf 84' lang='grc' dir='ltr'>τοῦ</span> <span class='ocrx_word' id='word_1_872' title='bbox 3317 4841 3551 4910; x_wconf 85' lang='grc' dir='ltr'>κόσμου,</span> <span class='ocrx_word' id='word_1_873' title='bbox 3583 4841 3665 4895; x_wconf 81' lang='grc' dir='ltr'>καὶ</span> 
     </span>
    </p>
   </div>
   <div class='ocr_carea' id='block_1_113' title="bbox 2091 4924 3664 5000">
    <p class='ocr_par' dir='ltr' id='par_1_113' title="bbox 2091 4924 3664 5000">
     <span class='ocr_line' id='line_1_113' title="bbox 2091 4924 3664 5000; baseline 0.008 -27"><span class='ocrx_word' id='word_1_874' title='bbox 2091 4939 2110 4972; x_wconf 85' lang='grc' dir='ltr'><strong>ι</strong></span> <span class='ocrx_word' id='word_1_875' title='bbox 2151 4924 2414 4994; x_wconf 87' lang='grc' dir='ltr'>πρότερον</span> <span class='ocrx_word' id='word_1_876' title='bbox 2426 4924 2571 4979; x_wconf 77' lang='grc' dir='ltr'>ἔνδον</span> <span class='ocrx_word' id='word_1_877' title='bbox 2584 4928 2788 4999; x_wconf 77' lang='grc' dir='ltr'>νοητῶς</span> <span class='ocrx_word' id='word_1_878' title='bbox 2801 4930 3104 5000; x_wconf 78' lang='grc' dir='ltr'>ὲτοιμάζων</span> <span class='ocrx_word' id='word_1_879' title='bbox 3124 4932 3310 4996; x_wconf 81' lang='grc' dir='ltr'>αὐτὸν,</span> <span class='ocrx_word' id='word_1_880' title='bbox 3337 4932 3412 4994; x_wconf 80' lang='grc' dir='ltr'>ὡς</span> <span class='ocrx_word' id='word_1_881' title='bbox 3435 4934 3664 4988; x_wconf 70' lang='grc' dir='ltr'>διδάσκει</span> 
     </span>
    </p>
   </div>
   <div class='ocr_carea' id='block_1_114' title="bbox 2089 5015 3663 5093">
    <p class='ocr_par' dir='ltr' id='par_1_114' title="bbox 2089 5015 3663 5093">
     <span class='ocr_line' id='line_1_114' title="bbox 2089 5015 3663 5093; baseline 0.01 -29"><span class='ocrx_word' id='word_1_882' title='bbox 2089 5029 2109 5064; x_wconf 80' lang='grc' dir='ltr'><strong>ι</strong></span> <span class='ocrx_word' id='word_1_883' title='bbox 2150 5015 2298 5084; x_wconf 81' lang='grc' dir='ltr'>ἡμᾶς</span> <span class='ocrx_word' id='word_1_884' title='bbox 2328 5017 2357 5068; x_wconf 89' lang='lat'><strong>6</strong></span> <span class='ocrx_word' id='word_1_885' title='bbox 2390 5017 2676 5089; x_wconf 82' lang='grc' dir='ltr'>προφήτης</span> <span class='ocrx_word' id='word_1_886' title='bbox 2723 5019 2995 5090; x_wconf 86' lang='grc' dir='ltr'>Σολομὼν,</span> <span class='ocrx_word' id='word_1_887' title='bbox 3034 5021 3235 5077; x_wconf 78' lang='grc' dir='ltr'>Ἠνίκα</span> <span class='ocrx_word' id='word_1_888' title='bbox 3265 5023 3546 5093; x_wconf 73' lang='grc' dir='ltr'>ἡτοίμαᾷ</span> <span class='ocrx_word' id='word_1_889' title='bbox 3569 5026 3663 5079; x_wconf 74' lang='grc' dir='ltr'><strong>τὸν</strong></span> 
     </span>
    </p>
   </div>
   <div class='ocr_carea' id='block_1_115' title="bbox 2158 5295 3652 5371">
    <p class='ocr_par' dir='ltr' id='par_1_115' title="bbox 2158 5295 3652 5371">
     <span class='ocr_line' id='line_1_115' title="bbox 2158 5295 3652 5371; baseline 0.001 -22"><span class='ocrx_word' id='word_1_890' title='bbox 2158 5295 2465 5371; x_wconf 72' lang='lat' dir='ltr'><strong>l2_5)_Vt_tlgo</strong></span> <span class='ocrx_word' id='word_1_891' title='bbox 2516 5297 2726 5371; x_wconf 71' lang='grc' dir='ltr'>διανοίᾳ</span> <span class='ocrx_word' id='word_1_892' title='bbox 2764 5299 3083 5370; x_wconf 79' lang='grc' dir='ltr'>μιμήματα.</span> <span class='ocrx_word' id='word_1_893' title='bbox 3121 5297 3243 5356; x_wconf 77' lang='lat' dir='ltr'><strong>Mox</strong></span> <span class='ocrx_word' id='word_1_894' title='bbox 3280 5298 3442 5368; x_wconf 76' lang='lat' dir='ltr'><strong>Vulgo</strong></span> <span class='ocrx_word' id='word_1_895' title='bbox 3489 5298 3652 5371; x_wconf 68' lang='grc' dir='ltr'>ἔργων</span> 
     </span>
    </p>
   </div>
   <div class='ocr_carea' id='block_1_116' title="bbox 2087 5367 2584 5438">
    <p class='ocr_par' dir='ltr' id='par_1_116' title="bbox 2087 5367 2584 5438">
     <span class='ocr_line' id='line_1_116' title="bbox 2087 5367 2584 5438; baseline 0 -18"><span class='ocrx_word' id='word_1_896' title='bbox 2087 5375 2142 5420; x_wconf 82' lang='lat' dir='ltr'><strong>et</strong></span> <span class='ocrx_word' id='word_1_897' title='bbox 2165 5367 2325 5438; x_wconf 76' lang='grc' dir='ltr'>αὐτῷ</span> <span class='ocrx_word' id='word_1_898' title='bbox 2343 5369 2372 5420; x_wconf 86' lang='lat'><strong>6</strong></span> <span class='ocrx_word' id='word_1_899' title='bbox 2405 5368 2584 5430; x_wconf 79' lang='grc' dir='ltr'>αὐτός.</span> 
     </span>
    </p>
   </div>
   <div class='ocr_carea' id='block_1_117' title="bbox 2159 5437 2844 5510">
    <p class='ocr_par' dir='ltr' id='par_1_117' title="bbox 2159 5437 2844 5510">
     <span class='ocr_line' id='line_1_117' title="bbox 2159 5437 2844 5510; baseline -0.003 -18"><span class='ocrx_word' id='word_1_900' title='bbox 2159 5437 2482 5510; x_wconf 53' lang='grc' dir='ltr'><strong>(24))ζυιεο</strong></span> <span class='ocrx_word' id='word_1_901' title='bbox 2506 5439 2637 5510; x_wconf 78' lang='grc' dir='ltr'>πρὶν</span> <span class='ocrx_word' id='word_1_902' title='bbox 2671 5437 2704 5508; x_wconf 76' lang='grc' dir='ltr'>ἢ</span> <span class='ocrx_word' id='word_1_903' title='bbox 2734 5437 2844 5492; x_wconf 87' lang='grc' dir='ltr'>τόν.</span> 
     </span>
    </p>
   </div>
   <div class='ocr_carea' id='block_1_118' title="bbox 2164 5505 2676 5580">
    <p class='ocr_par' dir='ltr' id='par_1_118' title="bbox 2164 5505 2676 5580">
     <span class='ocr_line' id='line_1_118' title="bbox 2164 5505 2676 5580; baseline 0 0"><span class='ocrx_word' id='word_1_904' title='bbox 2164 5505 2278 5580; x_wconf 70' lang='grc'>(25)</span> <span class='ocrx_word' id='word_1_905' title='bbox 2311 5505 2483 5580; x_wconf 71' lang='lat' dir='ltr'><strong>Vulso</strong></span> <span class='ocrx_word' id='word_1_906' title='bbox 2522 5505 2676 5580; x_wconf 50' lang='lat'><strong>15966-</strong></span> 
     </span>
    </p>
   </div>
   <div class='ocr_carea' id='block_1_119' title="bbox 2169 5579 2753 5652">
    <p class='ocr_par' dir='ltr' id='par_1_119' title="bbox 2169 5579 2753 5652">
     <span class='ocr_line' id='line_1_119' title="bbox 2169 5579 2753 5652; baseline 0.003 -20"><span class='ocrx_word' id='word_1_907' title='bbox 2169 5579 2259 5652; x_wconf 56' lang='grc' dir='ltr'><strong>(ἓξ</strong></span> <span class='ocrx_word' id='word_1_908' title='bbox 2289 5579 2453 5652; x_wconf 72' lang='lat' dir='ltr'><strong>Vulgo</strong></span> <span class='ocrx_word' id='word_1_909' title='bbox 2483 5579 2753 5652; x_wconf 83' lang='grc' dir='ltr'>παρισαμ.</span> 
     </span>
    </p>
   </div>
   <div class='ocr_carea' id='block_1_120' title="bbox 2165 5649 2697 5721">
    <p class='ocr_par' dir='ltr' id='par_1_120' title="bbox 2165 5649 2697 5721">
     <span class='ocr_line' id='line_1_120' title="bbox 2165 5649 2697 5721; baseline 0.008 -19"><span class='ocrx_word' id='word_1_910' title='bbox 2165 5650 2279 5721; x_wconf 70' lang='lat'><strong>(27)</strong></span> <span class='ocrx_word' id='word_1_911' title='bbox 2301 5649 2384 5706; x_wconf 83' lang='lat' dir='ltr'><strong>cr.</strong></span> <span class='ocrx_word' id='word_1_912' title='bbox 2414 5664 2468 5720; x_wconf 88' lang='lat' dir='ltr'><strong>p.</strong></span> <span class='ocrx_word' id='word_1_913' title='bbox 2505 5649 2604 5706; x_wconf 80' lang='lat' dir='ltr'><strong>l63</strong></span> <span class='ocrx_word' id='word_1_914' title='bbox 2630 5653 2697 5706; x_wconf 77' lang='grc' dir='ltr'><strong>Α.</strong></span> 
     </span>
    </p>
   </div>
  </div>
