3828 6222
198 375 339 434 1001

1132 371 1220 429 DE
1255 364 1796 430 ECCLESIASTICA
1833 365 2223 428 TIIEOLOGIA
2263 373 2387 426 LIB.
2432 373 2516 428 Ill.

3300 367 3441 434 Π)οΞ

201 507 224 544 ι
259 488 538 556 οὐρανὸν,
584 487 988 556 συμπαρήμην
1029 486 1207 551 αὐτῷ,
1261 486 1497 554 λέγων.»
1553 487 1639 538 Ἐν
1687 481 1767 550 οἷς

1875 502 1927 540 se
1952 485 2186 551 siluisse,
2212 489 2304 541 sed
2337 503 2440 542 una
2474 503 2593 542 cum
2625 485 2787 542 Patre
2816 486 3000 542 fuissm
3034 486 3092 541 Et
3124 487 3282 544 Pater
3335 509 3444 546 non

195 582 463 652 προσήκει
495 579 888 646 ἐπισκέψασθαι
920 578 1036 631 τίνα
1069 579 1268 648 τρόπον
1301 577 1648 645 ἐθελοκωιξῶν
1671 577 1765 630 τοῦ

200 671 302 740 μὲν
325 670 735 739 Συμπαρήμην
773 671 870 722 οὐκ
900 669 1104 721 ἀκούει⁸
1137 669 1165 720 ὃ
1200 670 1451 738 σημαίνει
1481 669 1592 738 (28)
1621 669 1770 742 διαρ-

199 761 370 833 ρήδην
413 761 708 832 παρουσίαν
744 760 836 815 τοῦ
872 761 999 814 Υίοῦ
1041 760 1116 831 τῷ
1153 761 1344 830 Πατρί.
1391 761 1768 830 ’Λποφαίνεται

195 851 258 906 δὲ
288 855 352 923 τῇ
382 853 569 926 Γραφῇ
598 853 872 916 ἐναντίως,
905 854 1104 926 μηδένα
1135 849 1271 906 εἶναι
1297 852 1481 925 ἕτερον
1500 853 1609 923 (Ξ9)
1633 853 1769 924 πλὴν

193 942 293 994 τοῦ
316 942 450 995 Θεοῦ
477 944 604 1021 πρὶν
624 943 874 1010 γενέσθαι
901 944 970 998 τὰ
994 944 1279 1015 γενόμενα,
1311 945 1403 998 καὶ
1444 945 1541 997 οὐκ
1585 942 1769 1014 ἔφριξε

195 1035 401 1106 ταύτην
433 1036 588 1103 ἀφεὶς
620 1035 718 1106 τὴν
750 1035 929 1108 φωνὴν
961 1037 1258 1108 ἀρνητικὴν
1287 1033 1450 1091 οὖσαν
1480 1037 1573 1090 τοῦ
1616 1039 1768 1104 Υίοῦ,

195 1125 320 1178 οὐδὲ
351 1125 447 1196 τὴν
493 1123 643 1177 Θείαν
688 1125 909 1196 Γραφὴν
958 1125 1337 1198 ὶδυσσωπήθη,
1385 1127 1769 1199 μαρτυροῦσαν

196 1216 308 1289 πρὸ
334 1219 431 1288 τῆς
462 1217 556 1270 τοῦ
584 1216 812 1288 οὐρανοῦ
838 1217 1066 1282 κτίσεως
1098 1215 1257 1288 μόνον
1284 1219 1442 1272 αὐτὸν
1469 1221 1770 1291 συμπαρεῖ-

196 1326 288 1364 ναι
333 1309 412 1379 τῷ
449 1310 642 1382 Πατρὶ,
694 1310 893 1364 Ἠνίκα
941 1310 1071 1381 γὰρ,
1099 1311 1282 1381 φησὶν,
1336 1309 1606 1380 ἡτοίμαζε
1666 1311 1772 1364 τὸν

196 1400 478 1468 οὐρανὸν,
496 1399 904 1470 συμπαρήμην
939 1400 1118 1466 αὐτῷ.
1149 1400 1210 1453 Ἡ
1236 1401 1343 1471 γὰρ
1374 1399 1495 1453 σὺν
1519 1387 1772 1471 πρόθεσις

195 1492 279 1562 τῷ
318 1495 568 1563 παρεῖναι
613 1492 982 1563 προσκειμένη
1046 1493 1144 1564 τὴν
1195 1492 1336 1546 κατὰ
1393 1479 1454 1544 τὸ
1497 1479 1630 1545 αὐτὸ
1677 1495 1772 1546 σὺν

199 1575 376 1654 ἑτέρῳ
425 1583 724 1654 παρουσίαν
772 1584 940 1654 δηλοῖ.
980 1584 1089 1654 Οὐχ
1132 1583 1316 1648 ἁπλῶς
1361 1580 1453 1637 οὖν
1497 1585 1771 1654 παρεῖναι,

198 1673 339 1727 ἀλλὰ
384 1676 746 1744 συμπαρεῖναι
789 1675 978 1728 ἐαυτὸν
1033 1674 1111 1744 τῷ
1159 1661 1333 1747 Πατρί
1366 1674 1628 1738 διδάσκει,
1679 1673 1773 1726 καὶ

197 1768 229 1820 ὁ
258 1767 448 1837 Πατὴρ
479 1765 536 1818 δὲ
564 1767 661 1836 οὐχ
690 1766 872 1830 ἁπλῶς
907 1766 1143 1838 ἔχαιρεν,
1180 1767 1316 1820 ἀλλὰ
1357 1767 1679 1838 προσέχαιρε
1705 1767 1771 1836 τῇ

199 1857 474 1929 παρουσίᾳ
499 1856 592 1909 τοῦ
622 1857 770 1910 Υἱοῦ.
797 1859 886 1911 Διό
916 1876 1100 1928 φησιν,
1142 1857 1290 1928 Ἐγὼ
1319 1854 1480 1927 ἥμην
1501 1852 1538 1928 ᾗ
1562 1842 1774 1924 προσέ-

199 1966 369 2019 χαιρε
402 1951 527 2002 καθ’
549 1947 795 2017 ἡμέραν.
828 1968 847 2001 ι
882 1950 954 2002 Τὸ
983 1949 1038 2002 δέ
1068 1950 1162 2003 καὶ
1190 1950 1574 2020 εὐφραίνεσθαι
1615 1933 1775 2002 αὐτὸν

199 2039 430 2094 ἐνώπιον
453 2040 546 2094 τοῦ
581 2041 810 2112 Πατρὸς,
845 2040 960 2104 πῶς
992 2041 1056 2094 ἂν
1105 2042 1360 2113 ἁρμόσειε
1397 2040 1470 2112 μὴ
1504 2039 1774 2110 ὐφεστῶτι

198 2131 396 2203 Λόγῳ;
446 2135 502 2186 ἐν
554 2131 703 2202 αὐτῷ
738 2131 794 2184 δὲ
839 2131 916 2202 τῷ
967 2131 1084 2202 Θεῷ
1125 2132 1236 2184 ὄντι
1281 2119 1374 2184 καὶ
1429 2130 1775 2202 σημαπικῶς

198 2224 532 2296 ἐνεργοῦντι,
569 2223 825 2294 ἄντικρυς
866 2221 960 2276 τοῦ
1007 2221 1391 2294 εὐφραίνεσθαι
1431 2221 1526 2274 καὶ
1563 2219 1655 2274 τοῦ
1690 2224 1775 2274 ἐν-

198 2303 371 2369 ώπιον
395 2313 556 2370 αὐτοῦ
571 2314 668 2386 τὴν
684 2315 980 2368 ὑπόστασιν
1011 2315 1175 2368 αὐτοῦ
1193 2311 1596 2386 παριστώντων.
1618 2311 1775 2365 Ἀλλὰ

197 2402 408 2456 τούτων
436 2401 747 2474 Μάρκελλος
786 2403 976 2456 οὐδένα
1007 2403 1161 2472 λόγον
1195 2403 1560 2474 ποιησάμενος
1591 2400 1776 2455 ἀθετεί

203 2493 305 2564 μὲν
322 2494 412 2547 τὸν
430 2494 578 2551 Υἱόν.
600 2514 619 2546 ι
645 2494 816 2562 Λόγον
841 2494 901 2547 δέ
931 2511 1092 2565 φησιν
1115 2493 1260 2547 ἔνδον
1285 2493 1413 2548 ὄντα
1438 2496 1494 2546 ἐν
1517 2493 1592 2564 τῷ
1608 2492 1736 2564 Θεῷ
1755 2533 1771 2557 ,

200 2586 336 2639 ποτέ
382 2586 480 2657 μὲν
509 2582 754 2658 ἐνεργείᾳ
785 2587 1045 2658 δραστίκῇ
1073 2585 1338 2658 προϊέναι,
1368 2575 1497 2639 ποτέ
1533 2587 1590 2639 δέ
1628 2585 1776 2638 ἔνδον

202 2671 345 2729 εἶναι
387 2676 444 2728 ἐν
487 2674 633 2746 αὐτῷ
674 2676 749 2748 μὴ
792 2674 1139 2748 ἐνεργοῦντα,
1181 2677 1274 2729 καί¹
1311 2677 1406 2746 οὐχ
1447 2678 1567 2747 ὁρᾷ,
1603 2677 1683 2729 ὅτι
1715 2663 1777 2728 τὸ

202 2763 385 2833 λέγειν
412 2759 551 2818 εἷναί
575 2782 628 2818 τι
654 2764 804 2828 ἐντὸς
835 2764 928 2818 καὶ
960 2763 1116 2828 ἐκτὸς
1145 2765 1234 2818 τοῦ
1267 2763 1400 2817 Θεοῦ
1441 2763 1690 2817 σύνθετόν
1722 2780 1774 2816 τι

203 2856 516 2911 ὗποτίθεται
563 2857 656 2910 καὶ
689 2855 996 2927 σωματικὸν
1029 2857 1227 2919 πάθος·
1261 2857 1398 2926 ὅπερ
1433 2855 1495 2908 οὐ
1535 2855 1690 2926 θέμις
1722 2843 1777 2907 ἐ-

203 2949 270 3000 πὶ
294 2946 404 3016 (50)
442 2947 544 3018 τῆς
584 2947 876 3017 ἁγεννήτου
909 2947 1001 2999 καὶ
1037 2945 1327 3016 ἀσωμάτου
1356 2944 1567 3013 φύσεως
1600 2960 1778 3016 παρα-

203 3040 474 3111 δέχεσθαι.
506 3037 629 3101 Πῶς
657 3039 714 3091 δέ
743 3040 835 3091 καὶ
866 3036 1140 3110 προελθὼν
1169 3039 1197 3090 ό
1229 3037 1397 3105 Λόγος
1420 3037 1528 3107 (SI)
1572 3037 1778 3106 ἐγίνετο

202 3131 299 3186 τοῦ
329 3132 531 3202 κόσμου
565 3131 822 3201 ποιητής;
851 3119 1054 3200 πότερα
1076 3128 1288 3201 γλώττῃ
1311 3129 1406 3182 καλ⁷
1428 3130 1577 3198 φωνῇ
1600 3145 1614 3193 ;
1641 3128 1773 3182 πάν-

203 3242 314 3289 τως
341 3225 508 3298 δήπου
536 3225 629 3276 καὶ
668 3211 929 3291 διαλέκτῳ
959 3221 1304 3293 χρησαμένου
1338 3219 1434 3273 τοῦ
1476 3219 1610 3273 Θεοῦ
1631 3237 1645 3250 ο
1679 3221 1772 3273 καὶ

203 3317 311 3370 τίνι
337 3317 402 3370 ἂν
435 3315 672 3387 διελέχθη
700 3315 924 3386 μηδενὸς
963 3314 1148 3385 ἐτέρου
1186 3313 1434 3375 συνόντος
1475 3309 1770 3381 (52)αὐτῷ;

203 3407 370 3462 τίνιδ*
393 3408 457 3463 ἂν
495 3411 588 3462 καὶ
621 3408 861 3479 ὡμίλησε
899 3408 970 3478 μὴ
1018 3407 1280 3478 παρόντος
1301 3406 1474 3469 τινός;
1501 3406 1614 3474 (55)
1656 3404 1770 3456 ἀλλ’

204 3499 367 3562 αὐτὸς
405 3499 580 3570 ἐαυτῷ
621 3486 955 3570 προσωμίλει
999 3499 1147 3568 φωνῇ
1190 3498 1284 3549 καὶ
1329 3494 1586 3566 διαλέκτῳ
1628 3493 1744 3565 χρώ

207 3607 388 3662 μενος,
414 3590 488 3654 ὡς
507 3590 704 3644 καὶτὸν
727 3589 896 3658 Λόγον
919 3588 976 3656 ἐξ
1006 3588 1167 3642 αὐτοῦ
1197 3585 1497 3659 προελθεῖν.
1523 3585 1632 3638 Καὶ
1656 3583 1771 3646 πῶς

202 3682 329 3754 οὐχὶ
361 3683 454 3735 καὶ
477 3681 624 3735 ἔνδον
653 3682 804 3746 liv-ro;
835 3683 892 3734 ἐν
917 3679 1066 3751 αὐτῷ
1091 3678 1182 3732 τοῦ
1208 3679 1379 3748 Λόγου
1400 3677 1659 3748 δραστικῇ
1681 3675 1774 3726 δυ-

1867 579 2133 651 gaudebat
2165 578 2362 644 solum,
2399 579 2492 635 sed
2528 578 2885 634 adlzetabatur
2923 581 2974 634 in
3023 584 3305 648 praesentia
3347 583 3438 637 Εἰς

1869 671 1944 724 lii.
1970 670 2062 726 Ait
2091 685 2238 739 ergo,
2271 669 2383 740 Ego
2417 687 2560 725 eram
2584 673 2638 726 in
2659 688 2760 741 qua
2796 671 3150 725 delectabatur
3189 675 3439 742 quotidie.

1868 763 2122 817 Adlzetari
2153 778 2281 818 vero
2305 762 2537 818 Verbum
2565 764 2618 817 in
2655 763 2935 833 praesentia
2963 763 3138 820 Patris
3167 765 3256 834 qui
3293 766 3443 820 dixe;

1871 855 1960 918 rit,
1996 855 2039 909 si
2076 855 2312 909 Verbum
2369 871 2473 908 non
2505 865 2744 909 exstaret
2788 855 2840 908 in
2886 855 2993 908 Deo
3022 855 3341 919 subsistens,
3387 865 3442 910 et

1870 945 2225 1016 significatiVe
2266 947 2532 1015 operans?
2589 947 2661 1000 ita
2719 946 2972 1016 gaudere,
3012 956 3068 1000 et
3095 961 3276 1000 coram
3326 947 3438 1012 illo,-

1869 1037 2271 1092 subsistentiam
2315 1037 2480 1108 ipsius
2507 1036 2682 1092 docet.
2714 1035 2807 1091 llis
2834 1047 3012 1090 tamen
3040 1037 3260 1105 insuper
3301 1037 3444 1092 Mar-

1871 1128 2043 1184 cellus
2071 1129 2267 1184 habitis
2301 1127 2496 1184 Filium
2529 1120 2784 1183 refutatu
2810 1125 3045 1182 Verbum
3071 1143 3222 1190 ,vero
3269 1129 3442 1198 inquit

1877 1239 1896 1274 ι
1929 1223 2075 1279 intus
2095 1223 2233 1294 apud
2260 1223 2425 1280 Deum
2442 1223 2708 1279 interdum
2727 1223 2991 1293 prodiisse
3011 1238 3104 1292 per
3128 1220 3440 1276 tacultatem

1877 1335 1895 1368 ι
1930 1332 2080 1370 suam
2113 1317 2470 1384 operatrlcem
2505 1357 2521 1380 ,
2571 1317 2842 1372 interdum
2878 1317 3020 1369 intus
3067 1313 3443 1384 conquievisse

1878 1421 1896 1454 ι
1935 1407 2185 1460 otiosum.
2223 1424 2241 1458 ι
2288 1403 2395 1461 Nec
2434 1405 2665 1460 advertit
2689 1405 2831 1475 quod
2866 1405 2957 1473 qui
3001 1402 3169 1469 dicat,
3215 1409 3272 1466 >I<
3323 1418 3444 1456 esse

1872 1496 2072 1564 aliquid
2099 1497 2240 1550 intra
2273 1505 2329 1552 et
2356 1505 2509 1552 extra
2544 1495 3113 1562 Deum,compositum
3149 1493 3277 1563 quid
3316 1507 3443 1559 sup-

1875 1588 2047 1659 ponit,
2073 1595 2127 1642 et
2148 1587 2482 1658 corporalem
2511 1588 2838 1658 passionem,
2866 1585 3007 1654 quod
3038 1585 3140 1638 nisi
3173 1584 3336 1654 impie
3375 1585 3442 1636 de

1875 1689 2068 1733 natura
2122 1679 2442 1749 incorporea
2495 1693 2599 1732 non
2654 1678 2974 1732 admittitur.-
3031 1676 3101 1729 At
3146 1676 3442 1744 procedens

1877 1769 2004 1824 illud
2043 1768 2271 1824 Verbum
2302 1770 2570 1838 quomodo
2595 1769 2755 1825 (lebat
2785 1778 2999 1824 creator
3030 1765 3250 1821 mundi?
3305 1765 3440 1819 Num

1807 1836 1848 1890 Β
1877 1861 2052 1930 lingua
2074 1871 2128 1915 et
2143 1836 2496 1930 voce‘l'quasi
2529 1862 2667 1916 Deus
2701 1861 2928 1916 dialecto
2955 1868 3211 1915 uteretur.
3234 1859 3303 1912 At
3325 1857 3440 1912 cui-

1876 1967 2000 2006 nam
2029 1951 2450 2019 colloqueretur,
2500 1967 2622 2007 cum
2671 1953 2883 2006 adesset
2919 1965 3076 2005 nemo
3108 1945 3286 2003 alius?
3318 1963 3439 2001 cum

1874 2052 1983 2114 Quo
2023 2041 2469 2110 coM'ersaretur,
2513 2055 2774 2112 pra'sente
2817 2041 3002 2096 nullo?
3039 2040 3142 2095 Sed
3169 2055 3234 2094 eo
3284 2039 3442 2092 modo

1875 2148 2058 2190 secum
2092 2132 2518 2201 colloquebatur,
2551 2147 2682 2186 voce
2711 2141 2762 2186 et
2793 2131 3019 2185 dialecto
3050 2143 3199 2194 usus,
3228 2137 3284 2182 ut
3312 2126 3442 2181 Ver-

1873 2221 1998 2276 bum
2038 2237 2103 2276 ex
2129 2223 2246 2290 ipso
2268 2221 2702 2292 progrederetur.
2737 2221 2803 2275 Et
2830 2221 2922 2289 qui
2949 2220 3161 2274 tandem
3196 2231 3300 2271 non
3326 2215 3442 2270 haec

1875 2329 1971 2382 pro
2013 2313 2166 2367 libito
2206 2312 2492 2376 ell‘ecisset,
2545 2327 2640 2382 per
2691 2309 3002 2366 facultatem
3063 2309 3439 2378 operatricem,

1875 2420 1997 2460 cum
2019 2406 2159 2460 intus
2188 2405 2240 2467 in
2285 2404 2403 2474 ipso
2431 2413 2575 2458 esset
2604 2404 2837 2459 Verbum
2863 2419 2880 2468 ;
2914 2418 3034 2458 cum
3064 2401 3144 2456 vel
3174 2402 3312 2456 inter
3351 2401 3442 2455 bo-

1874 2497 2051 2550 mines
2108 2495 2344 2549 artiﬁces
2395 2495 2639 2564 plerique
2681 2493 2896 2548 silentio
2947 2491 3231 2560 perﬁciunt
3277 2505 3438 2560 opera

1874 2600 2002 2653 sua;
2030 2587 2137 2642 imo
2161 2595 2270 2641 tum
2305 2587 2386 2642 vel
2411 2585 2778 2641 ellicacissime
2797 2595 3108 2654 operantur,
3139 2600 3257 2639 cum
3282 2585 3440 2638 nemo‘

1875 2691 1996 2732 cum
2045 2677 2177 2746 ipsis
2221 2692 2458 2748 praesens
2493 2679 2628 2732 adsit
2658 2677 2842 2744 ?Quid
2879 2677 3100 2747 impedit
3151 2675 3440 2746 quominus

1875 2766 2018 2822 Deus
2045 2767 2109 2822 ad
2142 2772 2284 2824 hunc
2315 2769 2528 2824 modum
2562 2769 2874 2838 produxerit
2913 2769 3159 2823 universa
3185 2807 3201 2833 ,
3238 2782 3359 2821 cum
3383 2767 3440 2822 iu

1875 2873 1936 2915 se
1950 2860 2173 2915 haberet
2200 2861 2399 2932 logun?
2433 2861 2503 2915 At
2537 2859 2624 2914 ille
2662 2868 2714 2914 et
2741 2860 3026 2929 imaginem
3057 2858 3306 2930 proponit
3333 2868 3443 2912 sta—

1877 2951 2061 3017 tuarii,
2105 2952 2181 3005 ita
2218 2967 2340 3007 cum
2389 2967 2488 3006 suo
2532 2951 2710 3005 animo
2757 2964 3034 3006 sermones
3067 2951 3299 3006 serentis
3326 2993 3341 3016 ,
3384 2961 3441 3005 et

1877 3043 2113 3114 seipsum
2146 3043 2502 3114 alloqueutis:
2542 3061 2559 3095 ‹
2595 3043 2708 3113 Age
2748 3042 3027 3107 faciamus,
3055 3059 3151 3111 age
3181 3042 3445 3113 ﬁngamus

1877 3143 2168 3188 statuam»
2195 3133 2327 3189 Nam
2345 3136 2410 3189 ad
2436 3135 2595 3190 istum
2625 3135 2838 3189 modum
2863 3136 3174 3205 contingunt
3204 3133 3441 3188 universi

1877 3227 2210 3282 conditorem
2243 3225 2408 3280 Deum
2437 3225 2576 3296 apud
2604 3225 2841 3279 animum
2881 3232 3036 3280 suum
3065 3226 3288 3292 dixisse,
3321 3223 3434 3279 Fu:

1877 3320 2077 3372 ciamus
2101 3317 2357 3371 hominem
2383 3305 2454 3382 ",
2488 3327 2546 3372 ut
2567 3317 2764 3384 saepius
2795 3327 3067 3372 ostensum
3096 3326 3178 3372 est
3211 3317 3265 3371 in
3295 3331 3434 3386 prae-

1876 3408 2215 3472 cedentibus,
2255 3409 2393 3462 unde
2425 3407 2556 3462 satis
2585 3408 2775 3477 opinor
2807 3404 3152 3477 patefactum,
3183 3407 3437 3477 abnegari

1875 3499 1944 3553 ab
1999 3497 2090 3552 illo
2123 3496 2317 3581 Filium
2355 3497 2470 3552 Dei.
2515 3496 2668 3566 Sapit
2708 3497 2851 3552 enim
2902 3497 3057 3565 plane
3108 3497 3440 3553 Judaismum"

1875 3598 2168 3664 allirmara,
2223 3597 2366 3664 quod
2419 3597 2578 3655 Deus.
2610 3597 2701 3666 qui
2734 3598 2966 3652 habebat
3011 3599 3154 3652 intus
3202 3596 3439 3652 Verbum

1873 3704 2054 3754 suum,
2107 3688 2456 3757 semetipsum
2490 3688 2753 3744 allocutus
2789 3688 2861 3742 sit
2896 3689 2959 3742 ad
2988 3688 3147 3742 istum
3200 3687 3435 3742 modum.

204 3772 369 3844 νὰμει
412 3773 564 3828 ταῦθ’
603 3773 747 3845 ἆπερ
781 3772 1028 3826 ἐϐούλετο
1059 3771 1308 3841 συνίστη;
1349 3769 1469 3822 ἐπεὶ
1508 3767 1602 3820 καὶ
1645 3765 1771 3856 παρ’

1875 3775 1982 3840 Sed
2017 3785 2197 3840 dicere
2227 3786 2404 3855 ipsum
2457 3800 2576 3842 esse
2623 3786 2840 3840 Patrem
2865 3783 3022 3840 Verbi
3046 3787 3182 3853 ejus,
3216 3786 3358 3856 quod
3384 3785 3437 3838 in

202 3861 514 3934 ἀνθρώποις
540 3865 590 3917 oi
616 3863 852 3916 πλεῖστοι
876 3861 984 3915 τῶν
1028 3859 1374 3932 δημιουργῶν
1404 3857 1498 3910 καὶ
1529 3853 1749 3908 σιωπῶν

1875 3887 1991 3954 ipso
2043 3897 2160 3940 erat
2187 3926 2202 3951 ,
2241 3897 2294 3941 et
2323 3887 2521 3943 Filium
2551 3889 2669 3958 ejus
2725 3905 2866 3954 esse,
2919 3889 3060 3955 quod
3099 3887 3153 3941 in
3183 3887 3300 3956 ipso
3321 3898 3441 3942 erat

202 3970 298 4016 τες
323 3953 390 4006 τὰ
417 3953 623 4008 ἐαυτῶν
647 3953 955 4006 ἐκτελοῦσιν
979 3951 1136 4022 ἔργα,
1172 3951 1266 4003 καλ⁵
1303 3947 1532 4019 μάλιστα
1551 3945 1660 4014 (54)
1687 3943 1776 3994 ὅτε

208 4042 402 4114 μηδεὶς
425 4045 606 4107 αὐτοῖς
651 4043 881 4114 παρέστι
912 4039 1330 4112 δημιουργοῦσιο
1366 4037 1417 4090 τί
1443 4031 1532 4090 οὖν
1572 4033 1774 4087 ἐκώλυε

203 4133 303 4186 καὶ
329 4133 422 4186 τὸν
445 4133 574 4186 Θεὸν
595 4133 736 4188 οὓτω
760 4149 875 4196 πως
899 4131 968 4186 τὰ
995 4130 1171 4184 πάντα
1199 4125 1564 4198 συστήσασθαι
1586 4123 1776 4193 ἔχοντα

202 4211 265 4280 ὲν
294 4224 442 4296 αὐτῷ
479 4224 568 4279 τὸν
609 4225 801 4293 λόγονς
840 4226 869 4276 ό
908 4223 964 4276 δέ
1018 4221 1113 4275 καὶ
1173 4217 1483 4273 ὑποτίθεται
1559 4213 1742 4268 εἰκόνα
1820 4213 2256 4284 ἀνδριαντοποιοῦ
2326 4217 2504 4286 ἐαυτῷ
2565 4217 3082 4290 προσδιαλεγομένου
3155 4217 3245 4269 καὶ
3306 4213 3443 4286 πρὸς

201 4308 398 4375 ἐαυτὸν
441 4319 758 4388 φάσκοντος,
791 4336 809 4368 ι
836 4319 970 4385 Ἀγε
991 4315 1324 4386 ποιήσωμεν,
1367 4310 1466 4378 ἄγε
1490 4308 1783 4377 πλάσωμεν
1799 4305 2107 4377 ἀνδριάνταο
2137 4329 2154 4362 ι
2183 4309 2324 4362 οὐτω
2347 4311 2456 4382 γάρ
2483 4327 2612 4380 φασι
2643 4311 2736 4363 καὶ
2767 4310 2858 4362 τὸν
2880 4309 2987 4362 τῶν
3016 4308 3151 4362 ὅλων
3174 4307 3445 4376 δεσπότην·

197 4413 336 4465 Θεὸν
365 4411 498 4482 πρὸς
530 4409 720 4463 ἐαυτὸν
751 4406 1029 4478 εἰρηκέναι
1063 4405 1123 4457 τὸ
1169 4401 1516 4470 Ποιήσωμεν
1551 4397 1887 4465 ἄνθρωπον,
1946 4398 2022 4463 ὡς
2065 4401 2323 4466 πολλάκις
2374 4403 2472 4474 ἤδη
2519 4402 2762 4473 παρέστη
2795 4401 2884 4454 διὰ
2935 4401 3043 4453 τῶν
3109 4398 3443 4470 ἔμπροσθεν,

197 4507 268 4560 δι’
296 4499 371 4560 ὧν
402 4502 555 4577 οἶμαι
578 4505 677 4576 τὴν
703 4504 782 4567 είς
813 4503 904 4556 τὸν
928 4501 1052 4554 Υἱὸν
1097 4498 1186 4552 τοῦ
1239 4496 1372 4550 Θεοῦ
1407 4496 1634 4565 ἄρνησιν
1681 4490 1844 4545 αὐτοῦ
1881 4495 2285 4566 γεγυμνῶσθαι.
2325 4497 2398 4557 Τὸ
2445 4497 2542 4567 μὲν
2568 4495 2674 4566 γὰρ
2721 4495 2882 4548 αὐτὸν
2923 4492 3061 4564 πρὸς
3098 4491 3290 4544 ἐαυτὸν
3332 4491 3448 4577 διαέ

198 4599 456 4670 λέγεσθαι
499 4598 592 4653 τὸν
633 4598 763 4652 Θεὸν
802 4596 944 4649 ἔνδον
986 4593 1174 4664 ἔχοντα
1206 4591 1299 4644 τὸν
1349 4589 1542 4642 ἐαυτοῦ
1569 4587 1735 4656 Λόγον
1775 4587 2002 4656 φάσκειν
2044 4589 2330 4644 Ἰουδαϊκοῦ
2372 4607 2516 4653 τινος
2550 4590 2635 4661 εἴη
2684 4589 2750 4642 ἂν
2801 4589 3145 4659 φρονήματος
3200 4586 3347 4656 (55)·
3384 4587 3448 4639 τὸ

197 4693 260 4746 δὲ
285 4693 449 4746 αὐτὸν
473 4689 612 4747 εἶναι
645 4691 740 4746 τοῦ
773 4691 830 4744 ἐν
859 4689 1008 4761 αὐτῷ
1029 4687 1199 4755 Λόγου
1227 4685 1466 4756 Πατέρα,
1519 4686 1611 4736 καὶ
1649 4682 1774 4734 Υἱὸν
1810 4681 1974 4736 αὐτοῦ
2035 4685 2126 4737 τὸν
2179 4689 2236 4739 ἐν
2273 4685 2422 4756 αὐτῷ
2445 4685 2633 4754 Λόγον,
2670 4684 2769 4754 τῆς
2811 4682 3095 4734 Σαδελλίου
3131 4680 3448 4748 κακοδοξίας

198 4781 268 4856 ἦν
299 4784 604 4856 γνώρισμα.

1872 3986 2130 4058 Verbum,
2156 3989 2522 4060 planissimum
2569 4000 2652 4048 est
2689 3991 2942 4046 iudicium
2975 3988 3290 4046 Sabelliante
3315 4002 3439 4058 pra-

1869 4079 2074 4134 vitatis.

945 4877 1118 4928 Φ.Δ.

2513 4865 2666 4920 CAP.
2700 4865 2787 4918 IV.

848 4877 1004 4930 ΚΕΦ.
1047 4877 1084 4926 Δ
1106 4915 1118 4925 .

224 4973 396 5037 Oxo);-
417 4969 766 5039 Μάρκελλος
803 4966 890 5038 μὴ
929 4966 1159 5030 συνιεὶς
1195 4965 1301 5029 τὰς
1338 4963 1598 5033 Γραφὰς,
1618 4965 1762 5031 μίαν·

2513 4877 2666 4920 UAI’.
2700 4877 2787 4918 IV.

1875 4963 2140 5032 Quomodo
2158 4959 2468 5022 Marcellus,-
2493 4956 2795 5026 Scripturas
2823 4966 2922 5010 non
2956 4953 3267 5024 intelligens,
3286 4960 3447 5005 unum

273 5156 333 5214 vlt
373 5151 472 5205 Ed.
498 5150 693 5214 Paris.,
725 5165 843 5220 pag.-
870 5149 991 5203 I67.
1033 5147 1078 5180 "
1115 5146 1251 5203 Gen.
1284 5162 1320 5213 I,
1362 5145 1452 5198 26.-

2073 5362 2244 5438 Vulgo
2271 5363 2391 5438 αλλ’
2406 5360 2574 5426 οὕτως
2598 5363 2640 5415 ἐ.
2673 5375 2771 5432 πρ.-

1941 5434 2056 5507 (54)
2082 5434 2254 5507 Vulgo
2281 5434 2392 5488 ὅτι.

1935 5494 2052 5576 (355
2079 5494 2414 5576 Inﬁchap.
2445 5503 2480 5576 ξ)
2506 5501 2759 5576 intricata
2795 5510 2938 5576 sunt.
2970 5498 3206 5576 Legend.
3234 5494 3444 5576 forsan,

1869 5566 2728 5646 Ἱ¹όδέ,ἀύτὸνμεῖναίᾼλέγεινηκα)
2758 5570 2852 5646 τοῦ
2876 5572 2932 5623 ἐν
2961 5566 3108 5646 αὐτῴ
3134 5567 3306 5646 Λόγου
3331 5566 3442 5646 [lay

1873 5634 2313 5719 τέραίκαὶ-Ϊίὸν
2343 5634 2634 5719 αὐτοῦτοῦ
2673 5641 2908 5719 Πατρὸς,
2941 5641 3034 5694 τὸν
3154 5635 3302 5716 αὐτῷ
3334 5634 3445 5719 Λόις

202 5710 574 5781 δίποδήτ
805 5710 812 5711 “
862 5710 904 5713 ”
1388 5710 1399 5727 ’
1622 5710 1635 5726 ’

1875 5710 2460 5789 γονοξὸοὺοιιὶυε-ειιὶιη
2484 5711 2680 5766 Filium
2711 5723 2774 5789 et_
2796 5710 3034 5789 Iiatrpm,
3059 5710 3298 5789 diversis
3344 5713 3446 5756 uel

273 5779 389 5870 (δέ)
409 5779 590 5866 Vulgo
618 5813 727 5852 om.
756 5796 923 5868 αὐτῷ.

1878 5779 2132 5855 ininibus,
2161 5787 2404 5841 eamdem
2431 5797 2718 5853 personam
2744 5781 3026 5839 delirabat.
3057 5779 3124 5836 Μ.

448 5886 717 5951 Parnm“
756 5890 873 5954 Gn.
921 5889 1040 5950 XX
1055 5889 1148 5949 IV.
1900 5950 1906 5955 .
2965 5871 3048 5931 32’

275 5377 387 5450 (9-8)
432 5378 762 5450 Δωρῤήδην
786 5376 1176 5450 Δπαρουσίαν.
1224 5373 1410 5442 Forte,
1467 5371 1758 5444 διαρρήδην

203 5447 404 5521 cum
423 5447 754 5521 παρουσίαν.
785 5447 855 5521 ιι.

274 5517 402 5590 (2θῖ
416 5517 587 5590 Χυίεο
619 5519 760 5590 πλὴν
789 5517 946 5590 Θεοῦ.

298 5589 387 5660 1:90)
416 5587 580 5660 Vulgo
607 5587 824 5660 τῆςκαὶ
855 5589 1038 5657 ἀσωμ.
1071 5604 1129 5656 φ.
1163 5640 1177 5660 _,

295 5655 388 5729 5|)
416 5655 582 5729 Vulgo
607 5655 822 5727 ἐγένετο
851 5669 904 5713 et
942 5655 1334 5729 ιιιοχπότερον
1375 5656 1462 5727 γλ.
1513 5674 1568 5710 κ.
1611 5672 1668 5726 φ.
1707 5672 1767 5710 π.
