3828 6222
1083 305 1352 363 EUSEBII
1388 304 1865 365 CESARIEINSIS
1903 305 2055 363 OPP.
2097 307 2274 363 PARS
2309 309 2399 364 ιν.
2440 340 2508 349 -
2547 309 2967 366 DOGMATICA.

3509 321 3648 376 ιοοι

483 429 813 492 eamdemque
833 424 1064 493 deﬁnivit
1084 439 1192 479 esse
1206 423 1550 478 substantiam
1569 422 1769 491 Patris,
1785 434 1832 478 et
1853 421 1954 476 Fili

2152 419 2304 497 εἶναι
2347 425 2577 491 ὡρίζετο
2610 429 2955 481 ὑπόστασιν
2987 429 3216 497 Πατρός
3248 431 3346 484 καὶ
3376 433 3511 488 Υιοῦ
3549 438 3650 488 καὶ

485 512 532 554 st
569 498 793 568 Spiritus
817 499 1003 550 sancti.

483 588 939 659 Quemadmodum
964 585 1213 642 etdicere
1239 585 1338 639 tria
1357 601 1496 648 esse,
1523 583 1759 651 Patrem,
1797 594 1850 640 et
1881 585 1973 640 Fi-

415 683 541 737 lium
563 689 616 736 et
641 679 896 748 Spiritum
919 685 1183 739 sanctum,
1208 674 1423 729 Sabellii
1441 683 1522 728 est
1554 692 1568 728 :
1591 674 1732 742 quod
1752 673 1974 727 Marcel-

415 775 495 828 lus
516 771 730 841 scriptis
746 770 855 825 suis
878 768 1088 824 censuit
1118 785 1130 821 :
1159 785 1176 818 ι
1201 765 1532 835 Impossibile
1550 766 1814 836 siquidem
1842 775 1974 828 tres,

417 887 436 919 ι
467 880 585 936 quae
627 871 749 919 sunt
785 862 1126 932 hypostases,
1158 858 1351 914 unitati
1388 857 1620 923 aduniri,
1677 859 1722 912 si
1765 872 1868 911 non
1916 858 1971 912 in

416 979 434 1011 (
476 957 665 1030 primis
704 969 734 1008 a
767 954 994 1008 monade
1047 952 1284 1007 Trinitas
1325 950 1656 1004 exordiatur.
1691 948 1785 1003 Illa
1828 949 1970 1002 enim

415 1073 432 1105 ι
472 1058 530 1117 ›Ῑ‹
567 1057 781 1105 sanctus
806 1045 1078 1101 Paulusin
1119 1044 1401 1098 monadem
1441 1041 1782 1110 recapitulari
1816 1041 1970 1105 dixit,

413 1165 432 1197 ι
463 1158 580 1213 qua:
615 1141 923 1208 neutiquam
956 1138 1019 1190 ad
1052 1137 1144 1190 Dei
1177 1137 1433 1189 unitatem
1475 1143 1740 1202 spectant.
1777 1132 1968 1188 Unita-

413 1255 434 1287 ι
471 1246 576 1289 tem
603 1233 744 1287 enim
779 1231 868 1284 Dei
903 1229 1033 1294 sola,
1059 1228 1290 1281 Verbum
1317 1236 1370 1279 et
1399 1227 1633 1294 Spiritus
1669 1235 1962 1294 spectant.»

410 1325 534 1380 Haec
563 1323 614 1378 in
649 1321 996 1389 sequentibus
1049 1318 1368 1370 confirmare
1423 1318 1629 1379 nititur,
1675 1316 1964 1383 inquiens:

413 1433 432 1465 s
469 1413 525 1467 Si
558 1412 758 1466 idcirco
787 1410 1030 1463 videatur
1057 1408 1286 1461 Verbum
1323 1408 1388 1460 de
1427 1405 1585 1460 Patre
1615 1407 1962 1476 processisse,

2150 495 2322 562 ἁγίου
2356 497 2720 564 Πνεύματος.

2159 585 2246 648 Ὦς
2264 583 2328 638 αῦ
2347 586 2506 640 πάλιν
2527 588 2732 658 καὶβϐ)
2749 589 2808 641 τὺ
2825 589 3100 657 λέγειν,τὰ
3114 591 3240 662 τρία
3259 588 3416 656 εἶναι,
3438 595 3528 648 τὸν
3549 594 3653 649 Πα-

2075 676 2210 747 τέρα
2239 678 2446 732 καὶτὸν
2484 680 2608 732 Υἰὸν
2647 681 2739 733 καὶ
2781 681 2841 734 τὸ
2884 682 3036 749 ἅγιον
3075 681 3296 754 Πνεῦμα
3323 700 3338 714 ’
3362 686 3650 739 Σαόελλίου

2074 767 2182 839 γὰρ
2225 770 2316 821 καὶ
2361 769 2533 824 τοῦτο.
2576 774 2640 825 Ὃ
2679 772 2735 825 δέ
2773 773 2868 826 καὶ
2911 773 3043 826 αὐτὸ
3076 775 3392 846 Μάρκελλος
3433 772 3539 831 ὧδέ
3574 795 3651 848 πη

2075 859 2399 929 ἀπεφαίνετο
2441 863 2663 935 γράφων
2681 881 2693 893 ο
2742 883 2761 916 ι
2787 864 3071 917 Ἀδύνατον
3099 867 3206 937 γὰρ
3230 872 3377 937 τρεῖς
3415 871 3653 923 ὑποστάς

2078 968 2096 1000 ι
2129 967 2241 1014 σεις
2279 951 2461 1015 οὔσας,
2506 953 2752 1006 ἐνοῦσθαι
2807 955 3027 1024 μονάδι,
3085 958 3133 1008 εἰ
3188 957 3263 1027 μὴ
3307 959 3573 1030 πρότερον
3614 964 3648 1030 ἡ

2077 1058 2094 1090 ι
2127 1041 2293 1111 Τριὰς
2322 1042 2420 1113 τὴν
2449 1045 2622 1114 ἀρχὴν
2641 1045 2746 1098 ἀπὸ
2768 1047 2987 1116 μονάδος
3027 1048 3136 1118 ἔχοι
3157 1067 3169 1079 ·
3196 1053 3379 1104 ἐκεῖνα
3403 1053 3512 1123 γὰρ
3536 1055 3647 1123 (57)

2027 1127 2040 1143 ⁹
2077 1149 2093 1180 ι
2124 1131 2651 1200 ἀνακεφαλαιοῦσθαι
2689 1134 2855 1206 ἔφησε
2900 1138 3085 1207 μονάδι
3116 1143 3143 1192 ὁ
3175 1141 3315 1212 ἱερὸς
3341 1143 3573 1209 Παῦλος,
3610 1146 3646 1199 ἃ.

2073 1241 2092 1273 ι
2129 1225 2291 1294 μηδὲν
2334 1228 2400 1296 τῇ
2443 1227 2652 1296 ἐνότητι
2691 1227 2769 1296 τῷ
2798 1227 2916 1300 Θεῷ
2957 1228 3222 1302 διαφέρει.
3261 1233 3501 1302 Ἑνότητι
3535 1235 3645 1306 γὰρ

2074 1333 2091 1364 ‹
2123 1316 2357 1382 ὁΛόγος,
2399 1317 2491 1368 καὶ
2528 1317 2588 1368 τὸ
2614 1317 2856 1388 Πνεῦμα,
2894 1317 2974 1388 τῷ
3011 1319 3128 1389 Θεῷ
3161 1320 3403 1392 διαφέρει
3449 1323 3639 1392 μόνα.»

2065 1403 2195 1460 Εἶτα
2213 1410 2461 1478 πειρᾶται
2480 1408 2634 1461 τοῦτο
2649 1410 3072 1473 κατασκευάζειν
3087 1411 3214 1481 ἑξῆς
3232 1411 3433 1482 προῖὼν
3451 1416 3544 1466 καὶ
3559 1415 3646 1467 λέ-

409 1523 428 1556 s
471 1514 524 1558 et
553 1502 616 1554 ad
645 1515 742 1556 nos
769 1501 1077 1562 advenisse;
1103 1497 1335 1566 Spiritus
1362 1506 1538 1549 autem
1566 1508 1800 1559 sanctus,
1823 1499 1954 1564 quod

2067 1515 2193 1566 γων·
2241 1517 2258 1548 ι
2288 1499 2349 1550 El
2385 1498 2561 1551 τοίνυν
2587 1501 2615 1551 ό
2658 1499 2828 1568 Λόγος
2849 1500 3089 1569 φαίνοιτο
3112 1501 3171 1565 ἐξ
3201 1504 3364 1555 αὑτοῦ
3404 1503 3497 1556 τοῦ
3530 1506 3644 1557 Πα-

410 1614 428 1645 ι
462 1603 516 1648 et
543 1593 719 1647 fassus
753 1600 835 1644 est
863 1589 1124 1651 Asterius,
1175 1601 1204 1640 a
1245 1586 1402 1640 Patre
1431 1587 1722 1654 egreditur.
1754 1585 1962 1641 Rursus

409 1708 428 1739 ι
462 1699 639 1742 autem
677 1685 741 1738 de
766 1682 966 1751 Spiritu
999 1680 1258 1734 Servator
1285 1679 1378 1742 ait,
1416 1678 1567 1743 Quod
1597 1695 1699 1730 non
1723 1678 1961 1748 loquetur

2068 1608 2086 1640 s
2114 1590 2238 1659 τρὸς
2261 1589 2487 1654 ἐξελθὼν
2509 1593 2600 1644 καὶ
2622 1591 2756 1664 πρὸς
2785 1595 2930 1664 ἡμᾶς
2954 1593 3244 1665 ἐληλυθὼς,
3261 1595 3322 1646 τὸ
3339 1595 3394 1647 δέ
3416 1596 3642 1666 Πνεῦμα

2068 1700 2086 1733 ι
2118 1682 2180 1734 τὸ
2222 1683 2394 1749 ἅγιον,
2436 1683 2510 1746 ὼς
2543 1684 2637 1736 κα1¹
2667 1685 2940 1756 Ἀστέριος
2977 1685 3318 1757 ὡμολόγησε,
3353 1688 3506 1758 παρὰ
3545 1687 3637 1740 τοῦ

408 1797 425 1828 (
465 1778 528 1830 de
573 1775 764 1842 seipso,
797 1772 886 1826 sed
935 1782 1251 1837 quacunque
1285 1767 1462 1817 audiet
1515 1765 1754 1832 loquetur
1804 1780 1886 1827 ea,
1913 1773 1954 1816 et

2069 1789 2087 1820 ‹
2113 1773 2325 1844 Πατρός
2348 1773 2720 1844 ἐκπορεύεταιο
2740 1770 2893 1838 αὖθίς
2911 1792 2973 1827 τε
2994 1777 3021 1827 ὁ
3035 1777 3222 1846 Σωτήρ
3249 1793 3378 1847 φησι
3403 1777 3638 1847 περὶτοῦ

407 1887 424 1917 ι
455 1881 570 1938 qua:
599 1873 813 1918 ventura
841 1869 960 1913 sunt
998 1857 1332 1911 annuntiabit
1362 1857 1524 1908 vobis.
1560 1855 1660 1908 Ille
1692 1872 1768 1908 me
1799 1854 1961 1923 glori-

406 1978 424 2010 ι
465 1956 664 2026 ﬁcabit,
696 1953 944 2023 quoniam
987 1950 1050 2002 de
1096 1965 1176 2001 me
1217 1959 1405 2012 sumet,
1437 1958 1484 2000 et
1513 1947 1958 2000 annuntiabitvo—

404 2068 422 2100 ‹
457 2049 534 2102 bis
565 2047 630 2099 ⁶⁰.
668 2044 781 2099 Non
815 2043 902 2098 hic
927 2050 1072 2095 certe
1109 2040 1325 2109 quidem
1363 2047 1548 2108 aperte
1591 2048 1645 2092 et
1681 2039 1960 2106 perspicue

405 2157 422 2188 ι
457 2145 674 2206 apparet
694 2149 880 2188 monas
906 2129 1082 2183 Verbo
1108 2127 1359 2181 inell‘abili
1377 2137 1595 2181 extensa
1621 2127 1686 2178 ad
1711 2125 1956 2191 triadem,

405 2248 422 2280 ι
472 2226 779 2294 neutiquam
827 2237 953 2277 vero
1001 2220 1279 2274 divisionis
1341 2219 1566 2287 patiens.
1609 2217 1666 2272 Si
1718 2218 1862 2270 enim
1893 2219 1959 2271 de

403 2338 421 2369 ι
455 2317 613 2371 Patre
653 2315 888 2369 Verbum
937 2309 1119 2380 egredi
1158 2309 1209 2361 in
1262 2308 1506 2362 confesso
1532 2317 1804 2376 ponatur:
1848 2317 1956 2360 tum

401 2429 420 2460 s
455 2417 512 2462 et
538 2405 772 2476 Spiritus
823 2403 887 2456 de
913 2402 1104 2457 eodem
1149 2401 1310 2454 Patre
1355 2399 1680 2469 egrediatur.
1707 2398 1845 2452 Etsi
1892 2398 1959 2453 de

399 2517 420 2550 ι
457 2498 662 2568 Spiritu
705 2495 958 2564 loquatur
1002 2491 1304 2546 Servator:
1355 2489 1454 2542 Ille
1493 2489 1556 2543 de
1599 2506 1678 2543 me
1707 2497 1872 2543 sumet
1910 2499 1957 2543 et

401 2607 422 2644 ι
455 2588 785 2644 annuntiabit
831 2586 995 2649 vobis,
1045 2595 1191 2638 certe
1225 2598 1329 2636 non
1378 2592 1461 2636 est
1514 2581 1566 2634 in
1600 2582 1820 2649 proclivi
1882 2580 1956 2634 ita

399 2703 420 2736 α
455 2683 710 2754 positum,
739 2679 832 2733 sed
857 2687 1033 2731 tamen
1059 2674 1432 2729 absconditum
1467 2673 1730 2740 quoddam
1761 2682 1956 2742 myste-

397 2793 419 2825 s
451 2774 584 2826 rium
621 2770 906 2824 revelatur.
935 2767 1066 2819 Nam
1091 2765 1190 2820 nisi
1227 2779 1433 2828 monas,
1463 2762 1804 2817 indivisibilis
1834 2778 1955 2816 cum

399 2887 418 2918 ι
457 2867 547 2930 sit,
586 2864 638 2917 in
685 2862 908 2916 triadem
961 2859 1298 2920 dilataretur,
1343 2855 1612 2925 quomodo
1641 2856 1706 2909 de
1753 2853 1954 2924 Spiritu

398 2979 416 3011 ι
449 2956 852 3014 concedendum
913 2962 995 3007 est
1050 2952 1317 3004 interdum
1377 2948 1715 3003 Servatorem
1775 2948 1953 3016 loqui,

397 3071 416 3103 ι
461 3050 599 3119 quod
635 3046 890 3114 procedat
912 3059 942 3096 e
966 3042 1156 3106 Patre;
1188 3041 1451 3094 interdum
1482 3055 1629 3104 vero,
1656 3039 1754 3092 Ille
1779 3039 1842 3094 de
1874 3057 1954 3093 me

2068 1882 2085 1913 ι
2099 1864 2239 1916 Πνεύ
2248 1881 2434 1934 ματος,
2455 1865 2574 1916 Ὅτι
2591 1867 2700 1918 οὐκ
2719 1866 2819 1934 ἀφ’
2841 1866 3055 1919 ἑαυτοῦ
3070 1865 3350 1932 λαλήσει,
3368 1868 3505 1921 ἀλλ’
3523 1867 3637 1921 ὅσα

2067 1974 2085 2005 ι
2110 1957 2376 2020 ἀκούσει,
2410 1956 2694 2023 λαλήσει·
2740 1958 2839 2010 καὶ
2881 1957 2954 2011 τὰ
2990 1959 3283 2027 ἐρχόμενα
3323 1959 3642 2028 ἀναγγελεῖ

2068 2065 2086 2096 ‹
2114 2047 2267 2115 ὑμῖν.
2302 2047 2561 2112 Ἐκεῖνός
2577 2065 2652 2116 με
2675 2047 2940 2112 δοξάσει,
2958 2049 3046 2102 ὅτι
3065 2051 3132 2102 ἐκ
3158 2049 3262 2103 τοῦ
3285 2050 3430 2118 ἐμοῦ
3445 2049 3634 2118 λήψε-

2067 2156 2084 2187 ι
2121 2154 2212 2189 ται
2232 2139 2327 2191 καὶ
2355 2139 2668 2208 ἀναγγελεῖ
2687 2139 2843 2208 ὑμῖν.
2868 2140 2941 2192 Οὐ
2961 2139 3146 2207 σαφῶς
3170 2141 3262 2192 καὶ
3281 2140 3534 2211 φανερῶς
3555 2142 3634 2193 ἐν-

2066 2248 2084 2279 (
2123 2227 2295 2282 ταῦθα
2320 2230 2430 2300 (58)
2459 2232 2751 2303 ἀπορρήτῳ
2772 2231 2927 2301 Λόγῳ
2952 2232 2983 2300 ἡ
3017 2229 3184 2300 μονὰς
3208 2231 3476 2299 φαίνεται,
3500 2231 3634 2283 πλα-

2065 2338 2083 2371 t
2119 2321 2382 2392 τυνομένη
2419 2322 2516 2392 μὲν
2557 2325 2638 2386 εἰς
2670 2323 2882 2392 τρίαδα,
2910 2323 3233 2393 διαιρεῖσθαι
3268 2323 3324 2375 δὲ
3367 2324 3632 2394 μηδαμῶς

2065 2433 2084 2463 ι
2123 2414 2485 2485 ὑπομένουσα.
2531 2416 2594 2468 Εἰ
2629 2414 2736 2486 γὰρ
2782 2418 2809 2468 ό
2843 2416 2941 2485 μέν
2970 2416 3138 2484 Λόγος
3180 2417 3244 2468 ἐκ
3285 2415 3378 2468 τοῦ
3420 2417 3633 2487 Πατρὸς

2064 2521 2082 2554 ‹
2121 2506 2493 2575 ἐκπορεύεται,
2522 2506 2582 2558 τὸ
2606 2507 2662 2558 δὲ
2688 2506 2910 2578 Πνεῦμα
2935 2508 3027 2559 καὶ
3049 2507 3177 2560 αὐτὸ
3203 2507 3543 2577 ὁμολογεῖται
3571 2510 3632 2560 ὲκ

2064 2612 2081 2644 ι
2117 2594 2208 2646 τοῦ
2240 2595 2450 2665 Πατρὸς
2483 2595 2894 2666 ἐκπορεύεσθαι,
2923 2593 3076 2660 αὖθις
3099 2615 3156 2650 τε
3182 2598 3308 2668 περὶ
3335 2597 3429 2650 τοῦ
3462 2597 3632 2651 Πνεῦ-

2063 2701 2082 2733 ‹
2124 2702 2290 2752 ματος
2315 2685 2405 2738 τὸν
2434 2685 2656 2755 Σωτῆρα
2677 2687 2853 2754 λέγειν
2874 2703 2887 2716 °
2939 2687 3202 2753 Ἐκεῖνος
3234 2689 3300 2741 ἐκ
3338 2688 3444 2741 τοῦ
3483 2688 3631 2756 ἐμοῦ

2063 2793 2081 2824 ι
2109 2775 2362 2845 λήψεται
2384 2777 2480 2828 καὶ
2501 2777 2820 2846 ἀναγγελεῖ
2837 2778 2996 2847 ὑμῖν,
3013 2779 3074 2831 ού
3097 2779 3204 2850 γὰρ
3229 2779 3490 2849 πρόδηλόν
3515 2783 3630 2834 ἐστι

2064 2885 2080 2918 ι
2120 2867 2496 2938 κεκρυμμένον
2531 2869 3002 2923 ἀνακαλύπτεσθαί
3042 2888 3095 2922 τι
3143 2871 3457 2941 μυστήριον.
3505 2871 3626 2933 Πῶς

2063 2977 2082 3011 ι
2113 2960 2240 3031 γὰρ,
2272 2963 2319 3013 εἰ
2346 2960 2418 3030 μὴ
2446 2961 2477 3030 ἡ
2505 2960 2668 3030 μονὰς
2692 2962 2992 3032 ἀδιαίρετος
3012 2959 3145 3016 οὖσα
3172 2965 3251 3024 εἰς
3275 2963 3468 3034 τριάδα
3497 2963 3626 3016 πλα-

2063 3071 2081 3102 s
2111 3052 2337 3118 τύνοιτο,
2376 3055 2605 3124 ἐγχωρεῖ
2642 3054 2802 3106 αὑτὸν
2841 3055 2968 3123 περὶ
3001 3053 3093 3105 τοῦ
3145 3053 3457 3122 Πνεῦματός
3499 3070 3624 3106 ποτε

397 3155 416 3186 ι
455 3137 697 3203 accipiet,
739 3141 788 3186 et
833 3130 1162 3183 annuntiabit
1207 3129 1350 3181 vobis
1381 3145 1401 3193 ;
1433 3137 1594 3196 atque
1656 3127 1847 3181 iterum
1899 3129 1952 3182 in

2067 3159 2081 3192 1
2123 3141 2220 3211 μὲν
2255 3141 2428 3209 λέγειν
2461 3142 2541 3193 ὅτι
2579 3145 2642 3194 ἐκ
2685 3142 2778 3193 τοῦ
2833 3141 3042 3212 Πατρὸς
3087 3142 3463 3212 ἐκπορεύεται,
3500 3143 3624 3195 ποτέ

397 3246 417 3278 ι
457 3225 746 3296 discipulos
801 3223 1028 3291 spirare,
1075 3230 1130 3275 et
1177 3221 1380 3286 dicere,
1431 3219 1662 3288 Accipite
1695 3217 1950 3289 Spiritum

396 3337 416 3370 ι
461 3327 700 3370 sanctum
731 3314 888 3367 “'6'?
921 3314 1049 3368 Nam
1089 3312 1134 3366 si
1164 3327 1193 3366 e
1219 3311 1379 3365 Patre
1404 3313 1662 3379 procedit,
1688 3314 1954 3379 quomodo

394 3432 414 3463 ι
455 3413 554 3465 hoc
584 3423 611 3461 a
634 3408 768 3462 Filio
787 3405 1142 3459 ministerium
1171 3404 1415 3471 accipere
1437 3417 1530 3471 per
1543 3403 1954 3471 promissionem

393 3521 413 3553 ι
451 3496 930 3570 poterit?Nccesse
961 3504 1044 3548 est
1068 3493 1293 3555 enim,si
1323 3492 1438 3545 dum
1463 3491 1589 3555 sint,
1621 3503 1678 3544 ut
1711 3493 1953 3546 Asterius

394 3614 413 3645 ι
449 3592 678 3654 dicebat,
709 3589 892 3643 divisze
948 3599 1206 3656 personae,
1244 3594 1304 3637 ut.
1336 3584 1418 3638 vel
1456 3583 1708 3652 Spiritus,
1749 3583 1840 3652 qui
1888 3585 1954 3637 de

394 3704 412 3735 (
451 3684 608 3738 Patre
641 3681 905 3751 procedit,
933 3695 1038 3733 non
1065 3677 1302 3746 indigeat
1333 3691 1360 3729 a
1385 3675 1522 3730 Filio
1555 3674 1834 3728 iunctione
1861 3674 1956 3729 de-

393 3796 411 3828 ‹
442 3777 612 3844 legata
653 3774 830 3842 aliqua
862 3770 1008 3842 (nam
1048 3770 1188 3837 quod
1209 3771 1273 3823 de
1301 3767 1460 3821 Patre
1484 3766 1727 3836 procedit
1778 3766 1954 3819 omni-

392 3887 410 3917 ι
447 3881 515 3920 no
541 3863 843 3918 necessario
877 3860 1171 3931 perfectum
1229 3869 1331 3922 est,
1386 3873 1486 3913 nee
1525 3858 1686 3912 ullius
1728 3856 1952 3910 alterius

393 3976 411 4005 ι
455 3957 656 4024 indiget
705 3953 961 4020 auxilio);
993 3962 1085 4004 aut
1117 3951 1161 4005 si
1214 3952 1278 4005 de
1323 3950 1456 4003 Filio
1493 3949 1768 4017 procedat,
1797 3957 1851 4001 et
1883 3945 1950 3998 ab

392 4067 410 4097 ι
450 4048 540 4100 illo
563 4054 759 4106 sumat,
791 4053 843 4097 et
884 4043 1110 4112 gratiam
1150 4041 1215 4095 de
1247 4041 1389 4094 illius
1421 4041 1718 4093 ministerio
1755 4052 1949 4107 suppe-

391 4158 410 4188 ι
435 4139 588 4202 ditet,
625 4152 728 4191 n0n
756 4139 866 4206 jam
899 4147 954 4190 ut
985 4137 1048 4188 de
1069 4135 1228 4188 Patre
1260 4133 1650 4203 progrediatur.
1684 4150 1703 4182 s
1734 4129 1800 4183 Et
1831 4138 1949 4198 post

384 4231 490 4283 alia
515 4228 812 4284 subiniert:
839 4250 855 4278 1
883 4229 937 4282 Si
966 4226 1309 4292 Evangeliutn
1331 4224 1641 4292 dixitqnod,
1667 4222 1755 4275 ubi
1779 4222 1946 4288 inspi-

388 4339 409 4371 s
443 4329 654 4374 raverat
681 4323 731 4374 in
762 4321 1074 4388 discipulos,
1093 4319 1247 4380 dixit,
1287 4317 1514 4383 Accipite
1553 4312 1802 4382 Spiritum
1825 4329 1947 4365 san-

2063 3250 2081 3281 (
2111 3231 2166 3284 δέ
2212 3231 2420 3300 λέγειν,
2465 3231 2716 3298 Ἐκεῖνος
2763 3233 2832 3286 ἐκ
2873 3233 2979 3285 τοῦ
3025 3232 3170 3300 ἐμοῦ
3218 3232 3478 3301 λήψεται
3528 3233 3624 3287 καὶ

2063 3341 2081 3372 ι
2114 3321 2430 3390 ἀναγγελεῖ
2455 3323 2615 3390 ὑμῖν.
2644 3321 2806 3387 Αὖθίς
2822 3341 2879 3375 τε
2896 3325 3282 3393 ἐμφυσήσαντα
3315 3327 3426 3388 τοῖς
3453 3325 3622 3396 μαθη-

2061 3431 2080 3463 ‹
2112 3415 2253 3474 ταῖς,
2275 3411 2490 3466 Λάϐετε
2516 3413 2753 3482 Πνεῦμα
2785 3413 2975 3482 ἅγιον,
3011 3415 3320 3485 εἰρηκέναι;
3361 3415 3486 3480 Πῶς
3517 3427 3623 3487 γαρ

2061 3522 2079 3554 ι
2122 3504 2170 3554 εἰ
2211 3504 2274 3554 ἐκ
2311 3502 2402 3554 τοῦ
2434 3503 2645 3575 Πατρὸς
2679 3502 3032 3576 ἐκπορεύεται
3067 3507 3215 3576 παρὰ
3238 3505 3332 3558 τοῦ
3364 3506 3496 3559 Υἱοῦ
3525 3507 3621 3577 τὴν

2061 3616 2078 3648 (
2117 3597 2387 3650 διακονίαν
2417 3597 2620 3668 ταύτην
2646 3598 2910 3652 διακονεῖν
2943 3599 3373 3668 ἐπαγγέλλεται;
3409 3601 3621 3670 ἀνάγκη

2060 3707 2079 3738 ι
2117 3688 2224 3759 γὰρ
2247 3690 2294 3741 εἰ
2320 3689 2412 3743 δύο
2427 3689 2796 3760 διαιρούμενα,
2818 3690 2892 3753 ὡς
2923 3691 3195 3763 Ἀστέριος
3212 3693 3620 3764 ἐφη,πρόσωπα

2059 3797 2078 3828 ι
2118 3779 2225 3849 εἴη,
2263 3779 2295 3849 ἢ
2340 3780 2400 3832 τὸ
2443 3780 2665 3850 Πνεῦμα
2705 3783 2768 3834 ἐκ
2814 3781 2897 3833 τοῦ
2941 3783 3152 3853 Πατρὸς
3195 3785 3619 3855 ἐκπορευόμενον

2059 3887 2077 3918 ‹
2122 3869 2195 3939 μὴ
2225 3869 2428 3922 δεῖσθαι
2461 3870 2561 3940 τῆς
2589 3871 2738 3942 παρὰ
2774 3871 2868 3924 τοῦ
2899 3873 3027 3925 Υἱοῦ
3061 3873 3334 3936 διακονίας
3360 3879 3492 3944 (πᾶν
3515 3876 3621 3945 γὰρ

2058 3973 2077 4004 ι
2117 3956 2180 4007 ἐκ
2215 3956 2423 4026 Πατρός
2442 3957 2872 4030 ἐκπορευόμενον
2894 3961 3095 4013 τέλειον
3112 3958 3501 4035 εἶναιάνάγκη,
3519 3982 3620 4034 μη-

2057 4065 2074 4094 (
2116 4046 2299 4116 δαμῶς
2315 4048 2705 4119 προσδεόμενον
2727 4051 2822 4121 τῆς
2839 4054 2968 4123 παρ’
2987 4054 3171 4124 ἐτέρου
3191 4054 3488 4125 βοηθείας),
3510 4057 3618 4126 (591

2057 4153 2075 4184 ι
2106 4137 2138 4206 ἢ
2175 4139 2221 4188 εἰ
2244 4138 2391 4208 παρὰ
2424 4136 2516 4190 τοῦ
2550 4138 2679 4191 Υἱοῦ
2725 4140 3018 4210 λαμϐάνει,
3053 4144 3143 4196 καὶ
3177 4145 3240 4195 ἐκ
3269 4145 3366 4214 τῆς
3416 4148 3620 4202 ἐκείνου

2057 4246 2074 4276 ι
2114 4226 2388 4297 δυνάμεως
2426 4229 2693 4301 διακονοίη
2731 4230 2828 4303 τὴν
2861 4233 3017 4304 χάριν
3057 4237 3251 4304 μηκέτι
3281 4237 3345 4288 ἐκ
3374 4237 3467 4289 τοῦ
3510 4240 3619 4291 Πα-

2056 4337 2074 4367 s
2109 4319 2234 4388 τρὸς
2246 4319 2653 4390 ἐκπορεύεσθαι.
2682 4341 2700 4372 1
2723 4324 2830 4375 Καὶ
2847 4325 2963 4394 μεθ’
2983 4326 3141 4397 ἕτερα
3158 4328 3350 4396 ἐπάγει
3367 4329 3502 4400 (40)·
3521 4349 3539 4380 ι
3561 4332 3623 4384 Εἰ

389 4432 406 4462 ι
447 4423 612 4476 ctum,
644 4421 792 4482 patet
821 4412 961 4479 quod
994 4410 1059 4463 de
1088 4408 1261 4463 Verbo
1286 4407 1657 4476 progrediatur
1690 4404 1944 4473 Spiritus.

2067 4408 2162 4460 1δέ
2211 4409 2271 4460 τὸ
2317 4409 2642 4477 Εὑαγγέλιον
2685 4411 2766 4462 ὅτι
2811 4413 3129 4485 ἐμφυσήσας
3174 4419 3287 4478 τοῖς
3331 4419 3619 4488 μαθηταῖς,

387 4524 406 4554 α
444 4505 724 4571 Quomodo
777 4505 963 4573 igitur,
1014 4503 1057 4556 si
1113 4501 1179 4555 de
1223 4498 1402 4552 Verbo
1444 4498 1707 4566 procedit,
1762 4511 1947 4548 rursus

387 4617 404 4648 ι
441 4583 580 4650 idem
618 4605 671 4650 et
702 4599 766 4650 de
804 4595 965 4664 Patre
997 4589 1408 4662 progrediatur?
1446 4608 1463 4639 1
1497 4589 1749 4656 Adjungit
1796 4586 1948 4639 dein-

381 4701 538 4755 ceps:
563 4707 581 4739 ι
611 4687 783 4740 Minus
809 4702 937 4754 ergo
964 4695 1127 4746 recte,
1161 4684 1336 4736 minus
1369 4682 1755 4734 convenienter
1783 4678 1941 4738 dixit,

385 4800 404 4831 ι
445 4791 552 4834 tres
602 4794 722 4833 esse
768 4779 1083 4848 hypostases
1121 4793 1134 4828 ι
1184 4789 1283 4829 nec
1328 4773 1457 4826 illud
1509 4786 1612 4825 una
1653 4771 1790 4834 vice,
1847 4769 1941 4823 sed

2061 4517 2078 4548 ‹
2116 4498 2333 4552 Λάϐετε
2382 4502 2622 4571 Πνεῦμα
2672 4503 2859 4572 ἅγιον,
2896 4504 3086 4574 ἔφησε,
3134 4506 3375 4575 δηλονότι
3420 4510 3485 4562 ἐκ
3529 4509 3620 4561 τοῦ

2060 4607 2078 4639 ι
2119 4591 2288 4659 Λόγου
2315 4592 2374 4643 τὸ
2397 4592 2616 4662 Πνεῦμα
2645 4592 2830 4663 ἐξῆλθε
2848 4610 2860 4623 ·
2894 4594 3007 4656 πῶς
3033 4591 3145 4658 οῦν,
3168 4597 3216 4647 εξ
3242 4598 3306 4648 ἐκ
3331 4596 3424 4649 τοῦ
3451 4599 3620 4666 Λόγου

2057 4698 2076 4728 ‹
2113 4680 2170 4732 τὸ
2185 4679 2404 4750 Πνεῦμα
2427 4682 2679 4752 προῆλθε,
2695 4683 2854 4736 πάλιν
2877 4685 2936 4736 τὸ
2956 4684 3085 4737 αὐτὸ
3109 4687 3173 4736 ἐκ
3191 4685 3282 4737 τοῦ
3300 4688 3515 4756 Πατρὺς
3538 4690 3624 4741 in.

2057 4789 2075 4820 ι
2115 4771 2452 4842 πορεύεται.»
2473 4773 2579 4824 Καὶ
2595 4774 2914 4845 προστίθησι
2932 4774 3244 4844 μεθ’ἐτερα·
3279 4777 3422 4829 «Οὐκ
3450 4777 3624 4849 ὀρθῶς

454 4963 513 5021 ἦ(
541 4956 639 5011 Ed.
669 4911 867 5023 Paris.,
912 4971 1033 5026 pag.
1071 4955 1192 5010 168.
1266 4955 1310 4985 ⁸⁸
1342 4953 1497 5008 Joan.
1527 4967 1638 5019 xvr,
1665 4953 1750 5018 15,
1781 4955 1872 5008 id.
1946 4959 1954 4988 ⁴

2085 4954 2240 5010 Joan.
2276 4970 2366 5016 xx,
2395 4953 2486 5009 22.

450 5117 562 5188 (36)
591 5121 662 5171 To
702 5117 921 5188 λέγειν,
965 5117 1039 5171 τὰ
1074 5117 1207 5188 τρία
1258 5115 1429 5188 εἶναι.
1473 5113 1738 5188 liimirum
1776 5135 1939 5174 unum

2113 5118 2223 5189 (38)
2284 5114 2613 5190 Ἀπορῤήτφ
2671 5115 2866 5190 Λόγῳ.
2929 5113 3128 5190 Forte,
3185 5117 3488 5190 ἀπορρήτῳ
3567 5121 3623 5173 δὲ

378 5185 551 5258 atque
567 5185 815 5258 eumdem
842 5188 1030 5258 Deum.
1072 5185 1187 5258 Νῦν
1217 5185 1336 5258 μὲν,
1375 5187 1450 5258 ᾡς
1480 5185 1718 5258 Πατέρα,
1755 5189 1848 5242 νῦν
1884 5191 1942 5244 δὲ

2067 5185 2290 5258 1όγῳύι
2319 5200 2512 5258 sensus
2544 5187 2635 5246 sit,
2671 5201 2776 5239 non
2815 5187 2902 5258 bic
2923 5187 3140 5258 quidem
3186 5185 3473 5258 apei-(e'ei
3510 5205 3622 5242 ma-

374 5258 449 5320 ὡς
477 5257 633 5310 Υἱόν·
652 5255 747 5310 νῦν
784 5257 952 5319 δὲ,(1›ς
978 5255 1200 5326 Πνεῦμα
1222 5254 1386 5324 ἅγιον
1399 5254 1743 5326 διαλέγεσθαι
1763 5298 1778 5317 .
1808 5261 1948 5313 dixit

378 5326 677 5401 Sabellius,
719 5339 778 5381 ut
813 5327 998 5394 Basil.,
1035 5325 1261 5396 epiistola
1297 5327 1388 5380 64.
1424 5325 1496 5379 Μ.
1530 5352 1601 5366 -—
1631 5327 1750 5383 Mox
1787 5330 1948 5401 vulgo

373 5397 537 5468 ἀπειε
561 5397 824 5468 .γράφων.

445 5466 559 5536 (57)
584 5465 1202 5536 Ἄνακεφαλαιοῦσθαι.
1223 5465 1423 5534 Opinor
1443 5468 1663 5537 respicit
1685 5469 1879 5536 Ephes.
1901 5485 1940 5531 1,

381 5531 470 5604 10,
539 5531 626 5588 11111
681 5531 871 5604 Apost.
928 5538 1004 5589 ait
1055 5539 1233 5591 Omnia
1270 5531 1664 5604 _recoliigentla
1717 5531 1837 5594 esse
1887 5540 1939 5592 in
1980 5563 1984 5568 ·

375 5603 612 5682 (iniusto,
668 5603 744 5660 τά
785 5607 855 5659 ἐν
910 5607 1386 5682 τοῖσοῄρανοῖς,
1428 5603 1538 5682 ,καὶ
1588 5609 1803 5682 εει-ἐπὶ
1831 5607 1943 5682 τῆς

377 5676 513 5739 γῆς,
556 5689 676 5740 qua:
708 5687 853 5729 certe
898 5676 1293 5729 sanctissimam
1350 5681 1607 5732 unitatem
1655 5678 1940 5732 Trinitatis

381 5758 486 5796 non
510 5744 880 5809 respiciebant.
903 5745 972 5798 bl.
1004 5775 1074 5785 --
1097 5747 1228 5800 Dein
1269 5747 1426 5815 vulgo
1453 5747 1621 5816 aytov.
1649 5751 1743 5802 καὶ
1789 5750 1933 5802 Ἀστ.

2049 5255 2264 5322 niieste,
2294 5256 2388 5310 sed
2423 5255 2673 5308 abstruso
2703 5255 2936 5322 quodam
2968 5255 3232 5323 loquendi
3260 5258 3422 5312 modo
3443 5260 3623 5311 unitas

2048 5331 2261 5382 videtur
2297 5327 2349 5380 in
2388 5324 2708 5396 Trinitatem
2756 5324 3000 5396 dilatata.
3053 5326 3106 5378 Id
3138 5328 3284 5396 enim
3333 5333 3617 5396 sequentia

2051 5402 2263 5460 docent,
2300 5395 2421 5463 οὐχὶ
2457 5393 2721 5464 πρόδηλόν
2779 5395 2917 5455 ἐστι,
2973 5406 3078 5465 etc.
3125 5395 3254 5465 Qua:
3293 5393 3620 5465 sequuntur,

2051 5466 2362 5585 GIFBi'Iorutn
2388 5479 2641 5585 ﬁrrorem
2671 5465 2738 5518 de
2761 5464 3116 5532 processione
3168 5464 3409 5532 Spiritus
3448 5467 3619 5522 sancti

2055 5553 2113 5585 re
2141 5553 2169 5585 (θ
2215 5545 2328 5585 unt.
2446 5575 2459 5585 .

2055 5536 2328 5590 refellunt.
2388 5536 2459 5587 Μ.

2122 5607 2233 5677 (59)
2261 5606 2429 5677 Παρὰ
2463 5601 2568 5677 τοῦ
2601 5601 3079 5677 Υὶοῦλαμϐάνοι.
3118 5603 3274 5677 Deest
3311 5615 3371 5661 et
3395 5606 3477 5662 sic
3493 5605 3619 5677 ἤμεε

2049 5673 2242 5729 ἐκτοῦ
2277 5673 2424 5728 Υἱοῦ.
2466 5673 2534 5726 Μ.
2568 5701 2638 5713 -—
2671 5674 2757 5740 (El
2783 5676 2911 5743 add.
2948 5689 3011 5724 ex
3051 5675 3232 5743 codd.)

2118 5745 2230 5817 (£0)
2260 5744 2424 5813 Vulgo
2447 5743 2572 5812 ἐφη,
2606 5753 2658 5798 et
2680 5737 2813 5798 'tnox
2835 5737 2972 5795 εἶναι
3006 5742 3194 5812 φῆσαι.
