3828 6222
173 340 330 398 ςοοε

1054 324 1169 395 ’ΠΙ
1208 336 1745 397 εεειεειΑετιοΑ
1785 339 2178 399 THEOLOGIA
2211 338 2345 398 LIB.
2385 341 2476 399 111.

3291 342 3432 398 ιθιιο

183 474 207 507 s
234 450 334 511 οὖν
359 456 479 511 οὐδὲ
503 459 887 531 προσηκόντως
903 459 1093 531 εἴρηκε
1114 461 1262 529 τρεῖς
1281 459 1606 522 ὑποστάσεις
1627 454 1759 513 εἶναι

1873 477 1893 512 ι
1938 461 2158 516 iterum.
2196 480 2215 512 ι
2244 460 2351 517 Per
2394 462 2510 518 haec
2546 470 2601 517 et
2652 459 2736 516 bis
2789 458 2986 514 similia
3050 458 3137 513 vir
3193 459 3431 526 prudens

180 563 206 600 ί
218 548 403 619 φήσας
420 549 519 620 οὐχ
536 550 702 615 ἅπαξ,
714 550 847 604 ἀλλὰ
861 551 956 605 καὶ
969 549 1121 603 δεύτε
1129 567 1233 622 ρον.
1250 569 1267 600 ι
1279 550 1375 603 Διὰ
1386 550 1443 603 δὲ
1455 550 1657 604 τούτων
1675 551 1767 603 καὶ

174 635 295 687 τῶν
320 634 530 701 τούτοις
556 639 755 708 ὁμοίων
791 642 820 693 6
836 637 1139 708 σοφώτατος
1155 641 1407 710 πειρᾶται
1428 643 1768 694 κατασκευά-

178 723 303 789 ζειν
331 725 427 779 ἕνα
455 729 550 782 καὶ
575 729 667 782 τὸν
696 731 855 784 αὑτὸν
882 726 1019 784 εἶναι
1051 730 1159 800 (41)
1189 730 1406 802 Πατέρα
1425 730 1518 783 καὶ
1536 730 1624 782 τὸν
1641 730 1766 783 Υἱὸν

178 817 283 871 καί
303 819 453 887 ἆγιον
468 819 710 890 Πνεῦμα,
730 821 895 891 τριῶν
915 820 1191 892 ὀνομάτων
1211 821 1351 876 κατὰ
1376 822 1504 893 μιᾶς
1526 821 1765 876 ὑποστά-

183 922 328 970 σεως
344 909 627 979 κειμένων.
648 910 781 964 Ούδὲ
801 911 908 982 γὰρ
923 912 981 964 ἐν
1013 911 1221 974 τούτοις
1239 912 1490 981 συνῆκεν,
1507 913 1653 975 ὅπως
1671 913 1766 967 καὶ¹

178 999 213 1052 6
251 999 375 1063 Υἱὸς
407 999 519 1069 (42)
536 1001 599 1053 ἐκ
624 1001 717 1054 τοῦ
746 1002 956 1074 Πατρὸς
989 1001 1379 1075 ἐκπορεύεσθαι
1404 1003 1640 1075 λέγεται,
1670 1005 1764 1059 καὶ

178 1090 245 1145 τὸ
273 1091 425 1160 ἅγιον
452 1092 675 1164 Πνεῦμα
710 1093 930 1164 ὁμοίως,
962 1093 1083 1147 οὐδὲ
1108 1095 1297 1164 νοῆσαι
1331 1094 1610 1166 δεδύνηται
1645 1086 1765 1159 πῶς

178 1185 317 1256 περὶ
341 1184 434 1238 τοῦ
460 1185 616 1254 ἁγίου
640 1186 955 1257 Πνεύματος
978 1182 1128 1239 εἶπεν
1152 1189 1181 1239 6
1207 1187 1398 1259 Σωτὴρ
1425 1187 1507 1253 τὸ,
1542 1189 1642 1243 Ἐκ
1657 1190 1763 1243 τοῦ

173 1276 330 1349 ἐμοῦ
362 1276 620 1345 λήψεται
656 1277 754 1331 καὶ
800 1277 1120 1346 ἀναγγελεῖ
1146 1278 1307 1348 ὑμῖν,
1343 1279 1463 1333 οὐδέ
1508 1298 1623 1344 πως
1653 1284 1766 1345 τοῖς

175 1369 347 1425 αὐτοῦ
374 1368 639 1442 μαθηταῖς
667 1373 985 1443 ἐμφυσήσεις
1015 1370 1127 1441 (45)
1178 1370 1280 1441 ἔφη
1303 1387 1316 1400 ·
1354 1368 1572 1424 Λάϐετε
1594 1369 1765 1440 ἅγιον

175 1463 426 1533 Πνεῦμα
442 1481 454 1494 ·
485 1464 513 1516 ὃ
535 1463 601 1536 δὴ
631 1467 743 1527 τοῖς
763 1462 1000 1526 εὐσεϐῶς
1025 1461 1286 1533 θεωροῦσι
1316 1461 1504 1533 ῥᾳδίαν
1528 1460 1636 1526 ἕξει
1662 1461 1762 1533 τὴν

175 1553 357 1619 λύσιν,
390 1557 439 1609 εί
464 1555 739 1624 λογίσαιτό
764 1572 866 1619 τις,
891 1555 965 1618 ὡς
985 1556 1013 1607 6
1035 1554 1163 1617 Υἱὸς
1194 1553 1280 1606 ἀεὶ
1305 1553 1478 1606 συνὼν
1503 1555 1599 1607 καὶ
1621 1572 1683 1606 συ
1692 1573 1760 1625 μ-

176 1645 374 1718 παρὼν
409 1645 486 1717 τῷ
527 1647 702 1717 Πατρλ⁴
741 1647 871 1698 εἴσω
919 1661 1044 1704 που.
1087 1643 1276 1714 ῶσπερ
1322 1645 1380 1696 ἐν
1416 1643 1629 1706 ἀδύτοις
1668 1645 1762 1698 καὶ

176 1736 403 1800 ἁσάτοις
438 1736 537 1807 τῆς
574 1736 847 1807 πατρικῆς
873 1736 1146 1807 βασιλείας
1180 1734 1474 1803 ἐτύγχανεν
1501 1733 1596 1796 ὣν,
1640 1730 1760 1787 εἶτα

175 1828 238 1883 δὲ
278 1828 372 1882 ἐπὶ
405 1828 646 1900 σωτηρίᾳ
688 1828 780 1882 τοῦ
816 1829 921 1882 τῶν
953 1826 1250 1901 ἀνθρώπων
1272 1827 1461 1896 γένους
1493 1824 1630 1896 πρὸς
1663 1824 1756 1879 τοῦ
1788 1855 1833 1914 Β

177 1919 398 1988 Πατρός
427 1919 861 1991 ἐκπεμπόμενος,
909 1921 972 1973 ἐκ
1001 1919 1096 1972 τοῦ
1137 1919 1349 1990 Πατρὺς
1382 1917 1758 1988 ἐξεληλυθέναι

176 2012 374 2066 ἑαυτὸν
404 2011 588 2081 ἔλεγεν
618 2012 731 2083 (44)
754 2029 768 2041 ·
800 2012 828 2065 ὃ
862 2012 925 2083 δὴ
950 2013 1044 2066 καὶ
1072 2011 1295 2083 ἑτέρωθι
1327 2010 1415 2064 διὰ
1446 2010 1759 2082 παραϐολῆς

174 2103 367 2175 ἐδήλου
393 2103 520 2175 περὶ
540 2102 731 2156 ἐαυτοῦ
759 2103 951 2172 λέγων,
991 2102 1279 2171 Ἐξῆλθεν
1303 2106 1336 2156 ό
1364 2103 1626 2171 σπείρων
1653 2100 1759 2156 τοῦ

175 2193 441 2262 σπεῖραι.
476 2193 647 2248 Πόθεν
671 2194 779 2267 γὰρ
817 2186 1038 2264 ἐξῆλθεν
1066 2193 1099 2265 ἢ
1144 2195 1208 2248 ἐκ
1242 2194 1348 2247 τῶν
1371 2193 1638 2247 ἐνδοτάτω
1666 2192 1761 2263 βα-

180 2287 399 2341 σιλείων
443 2287 539 2359 τῆς
567 2289 837 2360 πατρικῆς
868 2288 1146 2360 θεότητος;
1177 2288 1331 2343 Κατὰ
1380 2287 1435 2341 δὲ
1466 2287 1559 2340 τὸν
1599 2287 1761 2344 αὑτὸν

178 2375 363 2445 λόγον,
383 2376 553 2430 καὶτὸ
573 2377 725 2446 ἆγιον
740 2375 964 2449 Πνεῦμα
986 2377 1256 2448 παρεστὸς
1272 2378 1356 2435 ἀεὶ
1369 2376 1445 2447 τῷ
1466 2375 1638 2451 θρόνῳ
1662 2377 1758 2434 τοῦ

176 2466 339 2534 Θεοῦ,
365 2469 486 2525 ἐπεὶ
511 2470 603 2523 καὶ
622 2471 828 2540 μυρίαι
847 2470 1132 2543 μυριάδες
1167 2472 1621 2539 παρεστήκασιν
1652 2471 1761 2523 αὐ-

178 2559 285 2626 τῷ,
344 2560 485 2615 κατὰ
532 2562 623 2616 τὸν
658 2561 874 2636 Δανιὴλ,
919 2560 1276 2616 ἀπεστέλλετο
1321 2562 1414 2615 κα)⁵
1447 2561 1599 2623 αὐτὸ,
1630 2561 1762 2615 ποτὲ

182 2649 284 2722 μὲν
318 2649 375 2705 ἐν
411 2647 540 2704 εἴδει
582 2650 906 2724 περιστερᾶς
933 2650 1024 2702 ἐπὶ
1047 2649 1137 2702 τὸν
1167 2649 1292 2703 Υίὸν
1320 2649 1414 2702 τοῦ
1448 2648 1758 2721 ἀνθρώπου,

180 2740 317 2794 ποτέ
354 2740 410 2793 δὲ
439 2740 523 2811 ἐφ’
548 2740 775 2795 ἕκαστον
803 2740 912 2794 τῶν
941 2740 1232 2813 προφητῶν
1260 2742 1355 2795 καὶ
1388 2740 1499 2793 τῶν
1528 2740 1759 2794 ἀποστό-

177 2829 290 2884 λων
308 2847 321 2860 ·
346 2829 427 2882 διδ
462 2832 526 2883 ἐκ
558 2830 652 2884 τοῦ
671 2830 881 2902 Πατρδς
904 2831 1295 2904 ἐκπορεύεσθαι
1326 2832 1418 2885 καὶ
1447 2831 1579 2885 αὐτὸ
1610 2832 1762 2903 είρη-

178 2937 293 2979 ται.
339 2921 449 2974 Καὶ
476 2920 529 2974 τί
557 2920 888 2993 θαυμάζεις;
927 2921 1085 2975 ὁπότε
1118 2922 1211 2975 καὶ
1237 2922 1364 2993 περὶ
1392 2920 1484 2974 τοῦ
1516 2920 1761 2974 διαϐόλου

177 3011 451 3078 λέλεκται,
494 3012 605 3068 Καὶ
645 3012 905 3083 ἐξῆλθεν
945 3014 978 3066 ὁ
1016 3012 1294 3080 διάϐολος
1323 3011 1483 3080 παρὰ
1506 3012 1614 3066 τοῦ
1639 3015 1760 3066 Κυ-

171 3103 349 3176 ρίου·
395 3106 490 3158 καὶ
529 3105 777 3174 δεύτερον
825 3103 986 3158 πάλιν
1042 3102 1277 3175 εἴρηται,
1313 3101 1560 3171 Ἐξῆλθε
1605 3100 1674 3154 δὲ
1727 3103 1761 3155 ὁ

1868 552 1920 606 id
1971 554 2103 622 agit,
2132 563 2190 607 ut
2229 553 2370 608 idem
2401 562 2603 607 statuat
2625 566 2745 607 esse
2772 550 3009 614 Patrem,
3036 558 3091 605 et
3111 549 3327 615 Filium,
3371 561 3429 603 et

1871 647 1930 709 ἧς
1966 642 2222 712 Spiritum
2269 655 2514 697 sanctum
2557 659 2572 696 :
2612 656 2825 709 nempe,
2850 642 2998 695 utde
3024 656 3127 694 una
3151 641 3426 710 hypostasi

1867 735 1967 788 tria
2010 736 2223 789 nomina
2269 734 2647 804 pradicentur.
2710 731 2821 787 Nec
2868 732 3102 786 advertit
3142 733 3283 802 quod
3340 732 3428 786 hic

1864 823 2034 884 Filius
2061 826 2128 882 de
2172 824 2330 881 Patre
2354 841 2452 880 suo
2487 840 2804 896 progressus
2828 824 3028 880 dicitur
3074 834 3129 879 et
3181 825 3430 879 similiter

1865 926 2084 971 sanctus
2110 917 2375 987 Spiritus;
2413 932 2510 971 nec
2531 917 2747 984 assequi
2771 916 2961 986 potuit,
2989 920 3259 984 quomodo
3291 915 3431 969 dixit

1865 1010 1932 1064 de
1968 1008 2168 1078 Spiritu
2202 1016 2389 1063 sancto
2417 1009 2691 1072 Servalor,
2725 1005 2801 1061 De
2822 1022 2932 1060 meo
2959 1016 3186 1062 assumet
3240 1017 3289 1061 et
3327 1024 3429 1059 an-

1864 1101 2123 1154 uunliabit
2166 1099 2342 1164 vobis;
2394 1114 2493 1154 nec
2538 1098 2680 1168 quod
2721 1099 2774 1152 in
2812 1099 3099 1167 discipulos
3133 1098 3431 1168 inspirabat

1863 1193 2067 1257 dicens,
2088 1192 2319 1260 Accipite
2339 1190 2596 1259 Spiritum
2617 1190 2878 1246 sanctum.
2906 1191 3034 1257 Quae
3056 1190 3263 1245 facilem
3288 1190 3428 1258 apud

1861 1283 1979 1352 pios
2024 1283 2344 1339 solutionem
2390 1284 2688 1346 invenient,
2725 1284 2769 1336 si
2820 1284 2909 1351 qui
2952 1283 3118 1337 velint
3152 1283 3428 1336 reminisci

1861 1372 2002 1441 quod
2025 1371 2214 1436 Filius,
2244 1387 2457 1443 semper
2496 1387 2618 1426 cum
2652 1372 2812 1428 Patre
2844 1388 2940 1427 suo
2978 1387 3217 1443 praesens
3246 1380 3299 1427 et
3324 1389 3429 1426 una

1861 1463 2150 1527 exsistens,
2177 1464 2324 1518 intus
2351 1472 2466 1517 erat
2500 1463 2641 1531 apud
2687 1462 2857 1530 illum,
2885 1463 3046 1518 veluti
3076 1465 3128 1518 in
3158 1463 3334 1535 adytis
3375 1472 3433 1518 et

1861 1551 2155 1608 inaccessis
2199 1552 2408 1621 paterni
2434 1551 2599 1619 «regni
2626 1552 2994 1619 receptaculis.
3025 1552 3227 1607 Deinde
3252 1552 3319 1607 ad
3343 1566 3431 1606 su-

1860 1642 2026 1697 lutem
2065 1643 2299 1698 humano
2326 1644 2508 1712 generi
2549 1643 2963 1712 procurandam,
3008 1644 3264 1698 emissum
3311 1659 3370 1699 se
3397 1661 3429 1699 a

1860 1735 2022 1790 Patre
2046 1734 2263 1790 venisse
2292 1735 2422 1790 dicit
2460 1753 2474 1788 :
2522 1735 2664 1804 quod
2703 1744 2759 1788 et
2785 1734 2908 1788 alibi
2937 1736 2989 1789 in
3026 1736 3276 1803 parabola
3303 1738 3433 1791 fecit

1862 1825 2201 1881 manifestum
2242 1824 2545 1895 :Egressus
2593 1835 2668 1878 est
2714 1826 2997 1879 seminator
3043 1825 3112 1878 ad
3159 1827 3428 1881 seminan-

1859 1918 1985 1973 dum
2008 1904 2090 1971 ⁶³ξ
2126 1917 2268 1971 unde
2315 1918 2460 1971 enim
2488 1931 2737 1985 egressus
2771 1924 2936 1983 esset,
2984 1917 3086 1972 nisi
3132 1932 3196 1972 ex
3223 1918 3430 1972 intimis

1861 2012 2019 2080 regiae
2049 2011 2411 2081 penetralibus
2436 2020 2672 2078 pateram
2697 2009 3031 2065 divinitatis?
3056 2010 3137 2063 Ad
3176 2010 3423 2066 eumdem

1858 2103 2094 2166 modum,
2126 2113 2180 2158 et
2219 2103 2454 2173 Spiritus
2484 2112 2704 2158 sanctus
2730 2117 2946 2173 semper
2986 2112 3039 2156 et
3066 2107 3320 2159 continuo
3349 2119 3432 2157 as

1858 2194 2005 2249 sistit
2044 2194 2236 2250 throno
2283 2194 2398 2261 Dei,
2466 2209 2587 2248 cum
2636 2194 2802 2248 decies
2869 2202 3087 2251 centena
3130 2193 3296 2247 millia
3348 2195 3431 2246 illi

1857 2292 2028 2340 aslent
2050 2285 2115 2350 “,
2144 2286 2436 2341 secundum
2462 2284 2755 2340 Danielem.
2782 2284 2974 2341 Missus
3001 2299 3162 2354 porro
3183 2295 3267 2339 est
3292 2286 3392 2340 iste
3411 2326 3427 2351 ,

1859 2390 2002 2430 nunc
2040 2374 2097 2430 in
2147 2376 2318 2445 ﬁgura
2366 2374 2631 2429 columba:
2684 2389 2847 2444 super
2896 2375 3091 2430 Filium
3145 2376 3427 2443 hominis;

1859 2481 2004 2521 nunc
2032 2481 2195 2537 super
2225 2481 2657 2536 unumquemque
2703 2468 3088 2536 prophetarum
3117 2477 3172 2524 et
3208 2481 3428 2538 aposto-

1859 2555 2034 2613 lorum
2068 2575 2083 2611 :
2112 2558 2255 2613 unde
2281 2566 2336 2612 et
2369 2556 2455 2612 ille
2489 2571 2701 2627 quoque
2722 2558 2920 2613 dicitur
2945 2563 3010 2614 de
3039 2559 3198 2615 Patre
3219 2575 3435 2630 proces-

1858 2648 2019 2702 sisse.
2052 2647 2190 2713 Quid
2220 2648 2438 2703 mireris
2487 2658 2691 2715 autem,
2743 2663 2864 2703 cum
2895 2648 2979 2703 vel
3011 2648 3076 2704 de
3105 2651 3324 2705 diabolo
3349 2651 3432 2705 di-
3474 2713 3480 2720 _

1858 2751 2016 2795 catur
2049 2754 2064 2793 :
2089 2737 2159 2798 Et
2183 2755 2419 2809 egressus
2442 2749 2516 2793 est
2540 2739 2779 2795 diabolus
2809 2757 2841 2794 a
2866 2740 2971 2795 Deo
3011 2740 3089 2806 ⁶⁸;
3120 2750 3175 2797 et
3201 2742 3426 2797 iterum:

1858 2829 2117 2899 Egressus
2143 2840 2217 2884 est
2239 2828 2480 2885 diabolus
2498 2830 2702 2885 “‘iSed
2731 2840 2783 2885 et
2810 2832 3067 2901 scriptum
3098 2831 3335 2887 invenies
3363 2836 3432 2888 de

1857 2921 2080 2976 Acbabo
2109 2921 2315 2975 dictum
2344 2943 2357 2974 :
2394 2919 2463 2974 Et
2493 2923 2649 2976 exivit
2687 2923 2902 2990 spiritus
2932 2938 3175 2988 nequam,
3216 2933 3263 2976 et
3291 2927 3429 2979 stetit

1859 3029 2037 3072 coram
2064 3012 2309 3078 Domino,
2336 3022 2386 3067 et
2405 3014 2537 3067 dixit
2556 3026 2575 3065 :
2617 3013 2729 3084 Ego
2756 3015 3010 3083 decipiam
3041 3015 3192 3068 illum
3215 3017 3279 3072 ".
3322 3017 3429 3072 Sed

1859 3106 1926 3160 de
1954 3105 2106 3161 hisce
2140 3104 2423 3175 spiritibus
2453 3104 2517 3158 ad
2554 3107 2885 3175 oppositum,
2924 3109 3195 3175 quomodo
3220 3108 3432 3163 dicatur

178 3196 457 3265 διάϐολος
483 3198 597 3252 ἀπὸ
617 3198 730 3253 τοῦ
755 3199 996 3266 Κυρίου.
1026 3195 1221 3269 Ε’ύροις
1250 3196 1306 3248 δὲ
1331 3195 1397 3248 ἂν
1424 3195 1516 3247 καὶ
1544 3196 1638 3248 ἐπὶ
1661 3194 1755 3251 τοῦ

1864 3193 2063 3249 exiisse
2089 3208 2205 3259 eos,
2231 3208 2335 3248 non
2369 3193 2423 3248 in
2452 3194 2704 3263 praesenti
2742 3195 3070 3251 laboramus.
3114 3195 3433 3268 Unigeuitus

192 3292 402 3364 ’Δχαὰὸ
450 3288 550 3345 εἶτ’
599 3290 714 3362 (45)
762 3291 1012 3362 ἐπιφέρει
1058 3289 1092 3360 ἡ
1136 3287 1348 3359 Γραφή·
1379 3286 1491 3339 Καὶ
1532 3284 1755 3355 ἐξῆλθε

178 3384 417 3454 πνεῦμα
445 3383 731 3453 πονηρὸν,
770 3381 871 3437 καὶ
899 3382 1048 3451 ἔστη
1088 3378 1345 3435 ἐνώπιον
1382 3378 1604 3447 Κυρίου
1654 3377 1754 3430 καὶ

176 3475 377 3532 εἶπεν
420 3475 560 3545 Ἐγὼ
586 3473 873 3542 ἀπατήσω
888 3472 1091 3529 αὐτόν.
1140 3469 1299 3529 Ἀλλὰ
1332 3469 1504 3527 ταῦτα
1538 3469 1635 3540 μὲν
1669 3470 1755 3523 ἐν·

180 3567 338 3626 αντία
370 3567 673 3639 πνεύματα,
707 3567 853 3629 ὅπως
874 3564 930 3618 δέ
960 3563 1056 3618 καὶ
1083 3563 1204 3619 τίνα
1225 3561 1420 3637 τρόπον
1442 3559 1674 3632 εἴρηται,
1692 3559 1754 3612 οὐ

176 3660 277 3716 νῦν
332 3658 522 3730 καιρὸς
574 3657 1080 3729 πολυπραγμονεῖνο
1120 3656 1150 3708 6
1194 3652 1250 3712 δὲ
1303 3650 1595 3723 μονογενὴς
1628 3650 1756 3714 Υἱὸς

179 3748 277 3810 τοῦ
326 3749 460 3804 Θεοῦ
508 3751 573 3803 ὲκ
614 3748 708 3807 τοῦ
736 3748 949 3826 Πατρὸς
982 3744 1357 3818 ἐξεληλυθέναι
1394 3741 1581 3796 ἑαυτὸν
1610 3741 1760 3795 διδά-

182 3859 329 3906 σκει,
353 3842 441 3897 διὰ
473 3843 534 3893 τὸ
566 3845 799 3899 συνεῖναι
838 3838 986 3911 αὐτῷ
1014 3839 1265 3903 πάντοτε,
1293 3836 1384 3890 καὶ
1425 3833 1486 3891 τὸ
1519 3832 1671 3900 ἆγιον
1702 3831 1761 3886 δὲ

182 3932 410 4005 Πνεῦμα
430 3932 626 4007 ὁμοίως
648 3933 830 4004 ἕτερον
858 3931 1102 4001 ὑπάρχον
1134 3928 1286 3999 παρὰ
1303 3925 1395 3980 τὸν
1419 3923 1566 3976 Υίόν.
1605 3924 1670 3977 "0
1696 3921 1760 3993 δὴ

1857 3299 1990 3340 vero
2012 3283 2107 3339 Dei
2141 3284 2310 3340 Filius
2350 3299 2409 3339 se
2450 3285 2518 3338 de
2544 3283 2706 3340 Patre
2735 3286 2937 3341 exiisse
2976 3287 3154 3354 docet,
3185 3302 3250 3344 eo
3288 3290 3432 3359 quod

1860 3377 2002 3446 apud
2052 3391 2173 3431 eum
2221 3385 2339 3431 erat
2385 3389 2633 3444 semper;
2674 3385 2729 3431 et
2779 3377 2857 3432 sic
2891 3378 3094 3446 pariter
3145 3379 3210 3434 de
3246 3393 3433 3434 sancto

1862 3466 2094 3535 Spiritu,
2157 3467 2248 3537 qui
2287 3476 2468 3522 tamen
2525 3468 2663 3521 alius
2709 3476 2791 3523 est
2821 3482 2849 3521 a
2891 3467 3052 3526 Filio.
3099 3467 3249 3536 Quod
3299 3473 3433 3523 satis

1862 3560 2005 3613 clare
2035 3558 2294 3613 Servator
2321 3559 2495 3626 docet,
2526 3558 2807 3627 inquiens:
2830 3560 2903 3612 De
2925 3576 3036 3614 meo
3060 3570 3227 3616 sumet
3256 3571 3303 3615 et
3335 3579 3434 3616 au-

1864 3650 2124 3703 uuntiabit
2163 3650 2327 3706 vobis.
2368 3651 2528 3705 Certe
2559 3648 2686 3708 hinc
2717 3648 2946 3706 emcitur
2973 3667 3077 3706 nou
3118 3668 3239 3709 esse
3267 3671 3432 3709 unum

1866 3752 2028 3810 atque
2058 3744 2307 3797 eumdem
2358 3741 2555 3801 Filium
2600 3752 2655 3798 et
2691 3752 2936 3796 sanctum
2968 3741 3247 3811 Spiritum.
3296 3745 3431 3800 Nam

1864 3832 2007 3903 quod
2031 3847 2061 3886 a
2097 3847 2369 3902 quoquam
2399 3832 2690 3902 quidquam
2731 3832 2980 3902 percipit,
3007 3834 3277 3889 diversum
3304 3837 3434 3904 quid

1866 3922 2185 3992 intelligitur
2206 3940 2234 3976 a
2261 3923 2521 3993 largiente
2549 3939 2691 3978 esse.

182 4026 373 4096 σαφῶς
415 4026 574 4092 αὐτὸς
622 4028 651 4083 ό
693 4026 881 4095 Σωτὴρ
922 4021 1219 4095 παρίστησι
1264 4019 1468 4088 λέγων·
1526 4017 1622 4069 Ἐκ
1682 4015 1790 4070 τοῦ
1847 4014 1993 4084 ἐμοῦ
2067 4014 2327 4085 λήψεται
2380 4015 2479 4072 καὶ
2536 4017 2857 4087 ἀναγγελεῖ
2920 4017 3081 4087 ὑμῖν.
3141 4019 3433 4089 Ἀντικρυς

178 4124 293 4197 γὰρ
336 4122 741 4195 παραστατικὸν
800 4122 867 4176 ἂν
913 4119 998 4192 εἴη
1035 4119 1195 4172 τοῦτο
1249 4116 1344 4171 τοῦ
1395 4113 1471 4186 μὴ
1506 4108 1644 4167 εἶναι
1696 4111 1755 4166 ἓν
1794 4113 1890 4166 καὶ
1939 4112 2135 4173 ταύτὴν
2176 4114 2267 4174 τὸν
2314 4112 2445 4171 Υίὸν
2481 4114 2585 4169 καὶ.
2627 4112 2689 4167 τὸ
2742 4112 2898 4184 ἆγιον
2933 4112 3160 4185 Πνεῦμα
3182 4130 3196 4145 ·
3236 4114 3300 4167 τὸ
3321 4115 3433 4184 γὰρ

176 4216 314 4291 παρ’
356 4214 543 4286 ἐτέρου
584 4210 880 4284 λαμϐάνον,
914 4226 969 4263 τι
1000 4207 1183 4280 ἕτερον
1217 4202 1369 4277 παρὰ
1409 4202 1502 4256 τὸν
1550 4200 1760 4259 διδόντα
1796 4204 2017 4258 νοεῖται.

829 4302 987 4358 ΚΕΦ.
1022 4300 1101 4357 E'.

253 4405 452 4471 Ὅπως
500 4403 534 4457 6
578 4399 780 4470 Σωτὴρ
985 4395 1092 4532 Eoi}
1125 4395 1298 4465 ἁγίου
1337 4392 1684 4461 Πνεύματος

951 4483 989 4520 α
1030 4482 1124 4519 εν.

951 4482 1124 4520 αδεν.

247 4564 362 4621 Καὶ
390 4565 474 4621 ὅτι
506 4562 617 4635 (46)
651 4561 836 4632 ἕτερόν
871 4563 987 4614 ἐστι
1026 4555 1088 4610 τὸ
1125 4552 1351 4627 Πνεῦμα
1376 4552 1439 4608 τὸ
1467 4552 1622 4624 ἅγιον
1655 4545 1753 4604 τοῦ

177 4656 314 4711 Υῑοῦ
350 4655 641 4729 διαρρήδην
678 4655 773 4707 καὶ
815 4646 1466 4729 διαφόρωςλευκοτάτοις
1515 4642 1757 4729 ῥήμασιν

180 4746 292 4819 (47)
326 4722 489 4809 αὐτός
565 4722 753 4816 Σωτὴρ
780 4743 875 4797 καὶ
903 4722 1109 4813 Κύριος
1128 4736 1291 4810 ἡμῶν
1327 4732 1551 4819 ἔδειξεν,
1586 4732 1644 4784 ἐν
1675 4722 1757 4792 οἷς

179 4818 318 4905 πρὸς
342 4836 466 4898 τοὺς
497 4832 663 4888 αὐτοῦ
691 4831 937 4905 μαθητὰς
952 4830 1157 4898 ἔλεγεν,
1208 4826 1340 4880 Ἐὰν
1362 4818 1631 4893 ἀγαπᾶτέ
1655 4835 1756 4889 με,

176 4927 287 4994 τὰς
311 4927 564 4994 ἐντολὰς
594 4927 700 4993 τὰς
719 4925 865 4997 ἐμὰς
889 4922 1180 4991 τηρήσετε
1200 4938 1214 4952 ·
1257 4917 1357 4973 καὶ
1392 4914 1508 4987 ἐγὼ
1539 4909 1760 4982 ἐρωτή-

177 5036 268 5076 σω
314 5019 423 5074 τὸν
448 5017 699 5089 Πατέρα,
754 5017 854 5072 καὶ
897 5015 1090 5070 ἄλλον
1142 5009 1537 5083 Παράκλητον
1577 5002 1760 5056 δώσει

1777 4312 1829 4371 D

2405 4300 2463 4359 ᾖ
2476 4299 2534 4358 ›Ῑ‹
2567 4293 2719 4350 CAP.
2765 4293 2832 4350 V.

1985 4402 2256 4470 Quomodo
2292 4404 2357 4459 de
2387 4417 2567 4460 sancto
2602 4404 2805 4470 Spiritu
2833 4401 3085 4461 Seruator
3102 4405 3304 4460 docuit.

1928 4537 2087 4594 Certe
2116 4538 2260 4608 quod
2284 4538 2534 4594 diversus
2578 4539 2645 4594 sit
2676 4552 2706 4593 a
2728 4536 2865 4593 Filio
2916 4549 2972 4594 et
3018 4539 3159 4594 alius
3199 4538 3435 4608 Spiritus

1859 4640 2099 4697 sanctus,
2131 4644 2387 4701 expresse
2418 4641 2473 4685 et
2495 4629 2817 4686 clarissimis
2836 4628 3017 4685 verbis
3043 4630 3200 4686 docet
3232 4631 3432 4687 Serva-

1862 4731 1946 4777 tor
1976 4732 2029 4776 et
2060 4722 2317 4776 Dominus
2345 4732 2551 4789 noster,
2587 4722 2677 4776 ubi
2733 4721 2813 4777 sic
2845 4721 3136 4790 discipulos
3186 4720 3381 4777 aﬁ'atur
3413 4740 3429 4778 :

1865 4812 1927 4869 Si
1946 4813 2166 4883 diligitis
2183 4829 2285 4879 me,
2313 4815 2564 4867 mandata
2587 4830 2699 4868 mea
2717 4815 3039 4876 custodietis,
3061 4824 3109 4868 et
3128 4830 3220 4885 ego
3242 4817 3433 4884 rogabo

1864 4902 2100 4968 Patrem,
2129 4914 2179 4958 et
2210 4905 2375 4958 alium
2421 4902 2761 4959 Paraclelum
2795 4905 2942 4958 dabit
2965 4905 3131 4971 vobis,
3158 4913 3214 4959 ut
3250 4905 3319 4958 sit
3342 4920 3431 4958 υο-

1865 4998 2060 5051 biscum
2101 4998 2155 5050 in
2184 4996 2398 5062 secula,
2422 4994 2678 5064 Spiritum
2725 4997 2982 5061 ueritatis,
3017 5011 3170 5069 quem
3206 4997 3434 5050 mundus

252 5165 314 5224 »14
358 5159 454 5214 Ed.
488 5158 687 5221 Paris.,
715 5175 768 5229 p.
803 5155 1070 5229 1691170.
1145 5154 1190 5185 ⁸³
1214 5151 1379 5206 Marc.
1412 5162 1489 5215 tv,
1515 5144 1570 5200 3.
1651 5142 1701 5174 ⁸⁵
1733 5140 1759 5195 ῐ

1864 5179 1870 5195 .
1904 5155 2003 5206 vn,
2036 5139 2122 5197 10.
2199 5140 2244 5172 ⁸⁵
2271 5139 2407 5195 Luc.
2432 5154 2507 5204 IV,
2532 5139 2621 5196 15.
2700 5138 2748 5172 ⁸⁸
2776 5138 2879 5207 Job
2901 5154 2960 5205 ιι,
2991 5137 3046 5193 7.
3119 5138 3163 5171 ⁸⁷
3192 5137 3257 5193 Ill
3299 5137 3433 5207 Reg.

178 5229 492 5297 xxn,21;ll
522 5229 700 5284 Paral.
719 5227 893 5292 'xvnt,
921 5227 1031 5282 20.
1088 5292 1092 5296 Α

251 5362 365 5433 (ιι)
391 5362 563 5429 Vulgo
592 5358 734 5433 [xui]
767 5358 1006 5432 Πατέρα.

274 5432 363 5502 42)
396 5433 564 5503 vulgo
595 5436 659 5503 ἐκ
691 5432 862 5503 Πατρ.
1051 5497 1066 5503 _
1100 5496 1153 5503 __
1212 5496 1232 5503 -
1269 5497 1281 5503 _
1310 5495 1320 5503 .
1360 5496 1406 5503 _
1486 5456 1487 5459 “

229 5494 365 5630 £5)
397 5494 568 5571 Vulgo
602 5501 756 5571 ἔλεγε
786 5494 842 5555 εἰ
887 5513 1008 5553 mox
1051 5496 1173 5552 λάε.
1212 5495 1322 5569 [τὸ]
1360 5496 1428 5550 Il.
1464 5496 1526 5549 τὸ
1569 5494 1750 5563 ἅγιονο

249 5612 364 5714 ἷίι)
395 5639 615 5714 νιιικοδ
646 5640 704 5696 δέ
717 5658 745 5714 :7
776 5637 1089 5714 mox_vu_lgo
1116 5638 1580 5714 «apstetﬁigagtv.
1711 5654 1751 5714 η

251 5643 342 5714 (ﬂ
395 5641 562 5710 Vulgo
586 5642 615 5695 δ
646 5641 733 5705 δέ;
776 5656 896 5694 mox
925 5641 1089 5707 vulgo
1116 5641 1572 5709 παρειστήκασιν.
1746 5654 1751 5661 ’

251 5641 364 5783 (65;
404 5713 525 5788 ξιτ*
572 5711 834 5781 ἐπιφέρει
888 5712 927 5778 ἢ
964 5707 1198 5788 ραφή.
1248 5705 1356 5788 Pro
1409 5705 1518 5760 ἐνθ’
1563 5704 1753 5788 ἐπιφέ-

183 5781 286 5856 ρει,
337 5781 600 5853 Spiritum
649 5793 919 5848 sanctum,
969 5781 1093 5836 hinc
1142 5787 1384 5849 apparet,
1426 5791 1533 5846 quo
1569 5781 1622 5831 in
1655 5791 1754 5830 uu-

1860 5364 2016 5405 mero
2038 5349 2235 5405 habent
2275 5342 2559 5407 Eusebius,
2589 5343 2843 5397 nimirum
2876 5342 3021 5397 inter
3059 5354 3238 5395 meras
3280 5354 3442 5394 crea-

1861 5431 2027 5474 turas.
2080 5415 2235 5473 Εἶναι
2285 5413 2436 5467 Υίόν.
2514 5412 2974 5475 llescribenclum,
3034 5411 3097 5464 τό
3141 5409 3302 5464 τοῦτο
3367 5410 3442 5481 pi;

1858 5464 2232 5545 ενῖιῖι
2267 5464 2484 5538 τοῦτόν.
2513 5464 2924 5539 Hii-:tiddidi
2960 5464 3094 5537 Icum
3129 5482 3290 5536 codd.
3346 5464 3443 5534 τοῦ

1856 5573 1981 5630 p03t
2003 5559 2187 5630 τοῦτο.

1927 5631 2039 5697 (46)
2068 5629 2237 5698 Vulgo
2269 5640 2379 5680 om.
2404 5641 2490 5698 ys.

1929 5688 2042 5771 (ιτ)
2070 5688 2256 5771 Ανύἑός
2284 5700 2316 5752 ό
2338 5688 2679 5771 Σώτὴρᾷριαὶ
2721 5697 2952 5771 Κύριος.
2990 5692 3144 5750 Deest
3171 5688 3324 5748 διδάσ
3346 5708 3453 5752 usu.

1858 5768 1946 5828 vel
1980 5770 2298 5842 παρίστησι,
2326 5782 2414 5822 aut
2453 5769 2626 5824 simile
2649 5770 2800 5838 quid.
2828 5768 2897 5821 Μ.
