3828 6222
420 367 558 428 1007

1083 367 1354 426 EUSEBII
1389 367 1863 424 CASSARIENSIS
1901 368 2052 425 OPP.
2096 369 2276 424 PARS
2316 361 2406 424 ιν.
2445 398 2514 409 -
2553 366 2975 423 DOGMATICA.

3518 368 3663 422 1008

419 505 523 542 non
543 496 707 556 potest
742 503 923 553 capere
948 486 1014 540 ⁸⁸.
1055 486 1215 540 Vides
1253 497 1312 541 ut
1349 485 1610 555 Spiritum
1640 495 1796 542 vocet
1825 487 1988 541 alimn

2093 487 2251 556 ὑμῖν,
2277 487 2378 540 ἵνα
2407 479 2449 556 ᾖ
2475 485 2602 554 μεθ’
2625 484 2790 554 ὑμῶν
2821 487 2909 550 είς
2937 483 3044 538 τὸν
3073 483 3281 547 αἰῶνα,
3321 484 3386 536 τὸ
3419 484 3667 552 Πνεῦμα

417 577 748 632 Paracletum
785 587 838 629 et
865 577 1134 630 diversum
1167 594 1193 629 a
1236 594 1312 630 se.
1356 577 1506 641 Quod
1535 579 1578 631 si
1602 575 1799 632 amavit
1826 579 1986 634 disci-

422 669 571 737 pulos
591 677 644 722 et
673 668 826 734 dixit,
860 668 1088 734 Accipite
1112 667 1368 738 Spiritum
1405 679 1664 731 sanctum,
1691 667 1735 698 ⁸⁸
1777 669 1866 722 hic
1892 683 1984 721 ne-

416 761 560 817 scire
590 776 688 815 uos
735 775 837 813 non
871 768 1102 829 oportet,
1152 760 1293 829 quod
1328 757 1535 813 alllatus
1568 759 1660 814 ille
1701 762 1984 814 mundatu-

419 868 515 908 ης
555 862 671 908 erat
694 849 1086 921 quodammodo
1119 851 1331 906 animos
1359 849 1748 919 apostolorum,
1793 860 1850 904 ut
1873 852 1982 919 apti

419 945 500 1000 sic
531 954 586 999 et
614 943 859 1013 dispositi
905 953 1088 998 essent
1148 941 1215 997 ad
1251 941 1514 1010 Spiritum
1559 952 1807 998 sanctum
1847 943 1985 997 reci-

417 1033 694 1103 piendum.
727 1030 912 1102 Neque
956 1031 1098 1086 enim
1127 1032 1324 1086 dicitur
1370 1033 1422 1085 in
1453 1029 1645 1085 faciem
1667 1046 1854 1085 eorum
1899 1032 1982 1084 in-

416 1122 686 1187 suﬂlasse;
755 1136 852 1175 nec
906 1120 1048 1190 quod
1094 1120 1422 1190 spiraculum
1475 1121 1618 1185 vitae,
1671 1132 1729 1174 ut
1778 1120 1985 1174 Adamo

420 1215 690 1283 quondam
713 1213 854 1268 Deus
884 1212 1246 1280 inspiraverat
1283 1212 1362 1266 eis
1395 1211 1446 1265 in
1481 1209 1695 1274 laciem,
1725 1221 1818 1264 aut
1843 1209 1983 1280 quod

417 1305 676 1374 Spiritum
715 1316 960 1358 sanctum
1013 1320 1028 1356 :
1073 1303 1168 1357 sed
1202 1302 1498 1370 inspirasse
1549 1302 1602 1357 in
1640 1302 1826 1372 primis
1853 1303 1985 1356 dici-

418 1407 538 1462 tur;
575 1405 629 1449 et
659 1405 770 1449 tum
801 1394 1053 1462 deinceps
1080 1393 1298 1459 dixisse,
1327 1394 1551 1459 Accipite
1586 1392 1840 1462 Spiritum
1862 1411 1980 1446 san-

418 1499 580 1542 ctum.
617 1485 756 1539 Dare
785 1494 963 1538 autem
991 1484 1250 1554 Spiritum
1283 1484 1565 1539 manifeste
1604 1483 1780 1549 docet,
1809 1484 1986 1538 diver-

420 1595 542 1635 sum
571 1593 691 1634 esse
721 1579 893 1648 ipsum
928 1591 958 1630 a
1007 1577 1151 1630 dato.
1210 1575 1324 1631 Non
1356 1586 1473 1630 erat
1511 1590 1640 1644 ergo
1683 1575 1822 1630 idem
1853 1575 1986 1628 dans

421 1653 478 1730 et
501 1673 706 1728 datum.
743 1670 847 1724 Sed
875 1669 966 1740 qui
988 1668 1315 1739 largiebatur
1347 1667 1602 1722 Servator
1626 1677 1761 1728 erat,
1803 1667 1982 1720 datum

419 1778 550 1818 vero
576 1772 792 1817 sanctus
828 1759 1060 1828 Spiritus
1092 1776 1106 1812 :
1139 1757 1467 1826 accipientes
1507 1756 1734 1824 apostoli
1786 1778 1796 1810 :
1833 1754 1983 1809 allia-

2089 574 2200 643 τῆς
2233 563 2538 642 ἀληθείας,
2585 573 2616 627 ὃ
2671 574 2705 627 6
2755 573 2983 640 κόσμος
3038 575 3110 627 οὐ
3154 572 3403 626 δύναται
3435 571 3664 626 λαϐεῖν.

2103 667 2264 737 Ὁρᾷς
2305 667 2452 728 ὅπως
2489 665 2550 718 τὸ
2584 665 2813 736 Πνεῦμα
2839 665 2899 717 τὸ
2927 663 3281 736 Παράκλητον
3318 664 3506 734 ἕτερον
3530 660 3669 718 εἷναί

2091 774 2222 828 φησι
2271 759 2360 810 καὶ
2409 757 2538 810 ἄλλο
2586 757 2716 826 παρ’
2751 754 2970 810 ἑαυτόν·
3014 758 3063 809 εἰ
3099 756 3155 809 δὲ
3203 756 3528 826 ἐμφυσήσας
3558 758 3671 819 τοῖς

2094 849 2359 920 μαθηταῖς
2382 845 2498 902 είπε
2521 865 2533 878 °
2559 847 2778 903 Λάϐετε
2805 848 3048 916 Πνεῦμα
3067 847 3254 916 ἅγιον,
3281 847 3340 898 οὐ
3370 845 3477 917 χρὴ
3506 845 3672 913 ἀγνο-

2091 943 2190 1006 εῖν,
2214 941 2289 1004 ὡς
2317 941 2378 994 τὸ
2400 941 2498 1011 μὲν
2526 940 2830 1011 ἐμφύσημα
2853 939 3182 1011 καθαρτικόν
3209 957 3323 1002 πως
3344 934 3413 1009 ἦν
3438 937 3543 1008 τῆς
3566 936 3673 988 τῶν

2091 1033 2400 1086 ἀποστόλων
2467 1033 2662 1102 ψυχῆς,
2723 1031 3058 1102 ἐπιτηδείους
3099 1031 3294 1092 αὐτοὺς
3339 1029 3452 1099 (48)
3489 1046 3673 1098 παρα-

2093 1121 2357 1186 σκευάζον
2381 1122 2481 1191 τῆς
2504 1121 2596 1174 τοῦ
2622 1120 2777 1188 ἁγίου
2801 1121 3116 1192 Πνεῦματος
3143 1120 3430 1191 ὑποδοχῆς.
3461 1121 3538 1171 οὐ
3563 1118 3675 1188 γὰρ

2091 1214 2171 1276 είς
2209 1211 2270 1265 τὸ
2304 1213 2592 1284 πρόσωπον
2625 1212 2803 1266 αὐτῶν
2843 1213 3160 1283 ἐμφυσῆσαι
3185 1212 3421 1281 λέγεται,
3456 1211 3568 1264 οὐδ’
3589 1211 3673 1263 ὅτι

2091 1303 2258 1374 πνοὴν
2297 1303 2465 1374 ζωῆς,-
2490 1304 2598 1356 οὑδ’
2634 1305 2716 1357 ὅτι
2739 1303 2849 1374 (49)
2878 1304 3102 1374 Πνεῦμα
3138 1305 3311 1372 ἆγιον,
3343 1303 3418 1366 ὠς
3455 1302 3550 1354 ἐπὶ
3576 1301 3672 1354 τοῦ

2105 1393 2272 1462 Ἀδὰμ
2304 1393 2732 1464 ἀναγέγραπται,
2767 1395 2848 1447 ὃτι
2899 1393 3230 1464 ἐνεφύσησεν
3271 1396 3300 1446 6
3340 1393 3474 1456 Θεὸς
3493 1395 3576 1455 είς
3613 1391 3675 1444 τὸ

2093 1484 2377 1553 πρόσωπον
2410 1485 2573 1538 αὐτοῦ
2612 1485 2722 1556 (50)
2775 1485 2939 1557 πνοὴν
2989 1485 3152 1554 ζωῆς,
3207 1484 3322 1538 ἀλλ’
3355 1484 3675 1554 ἐμφυσῆσαι

2095 1575 2190 1645 μὲν
2244 1577 2456 1646 εἴρηται
2500 1577 2782 1647 πρότερον,
2822 1575 3013 1630 ἔπειτα
3051 1579 3246 1639 εἰπεῖν,
3289 1575 3512 1630 Λάϐετε
3557 1575 3673 1646 (51)

2091 1669 2331 1739 Πνεῦμα
2358 1670 2554 1740 ἅγιον·
2593 1671 2654 1723 τὸ
2681 1671 2738 1724 δὲ
2769 1670 2963 1724 διδόναι
2993 1671 3150 1723 αὐτὸν
3173 1670 3234 1724 τὸ
3259 1670 3481 1741 Πνεῦμα
3511 1669 3675 1724 πάλιν

2091 1761 2174 1813 ἐτε
2185 1778 2278 1831 ρον
2294 1763 2455 1815 αὐτὸν
2479 1763 2713 1834 παρίστη
2742 1761 2834 1814 τοῦ
2860 1762 3151 1832 διδομένου.
3192 1761 3302 1831 (52)
3329 1761 3443 1814 Οὐκ
3472 1761 3539 1814 ἂν
3563 1759 3675 1829 γὰρ

421 1865 510 1911 tus
539 1852 1050 1916 mundilicatorium,
1079 1860 1136 1903 ut
1162 1850 1296 1914 dixi,
1333 1849 1698 1918 apostolorum
1721 1863 1733 1901 :
1755 1858 1848 1902 aut
1877 1849 1984 1903 sal-

2091 1851 2116 1902 6
2153 1850 2315 1913 αῦτὸς
2365 1846 2434 1921 ἦν
2488 1853 2517 1904 6
2565 1851 2760 1917 διδοὺς,
2784 1853 2877 1904 καὶ
2925 1852 2986 1903 τὸ
3016 1851 3309 1922 διδόμενον·
3341 1851 3460 1905 ἀλλ’
3498 1854 3527 1904 6
3577 1851 3676 1921 μὲν

423 1956 532 2002 tem
581 1944 914 2012 operativum
970 1940 1475 1995 communicationis
1519 1939 1750 2006 Spiritus
1785 1941 1982 2004 sancti,

420 2049 546 2090 nam
581 2033 788 2088 Ull'OViS
816 2032 973 2086 modo
1003 2031 1174 2100 possis
1213 2030 1579 2098 interpretari.
1612 2031 1717 2084 Sed
1745 2030 1868 2084 hinc
1893 2047 1986 2099 ap-

419 2135 574 2196 paret
633 2124 792 2177 alium
827 2123 894 2176 ab
932 2121 1021 2176 illo
1046 2135 1165 2176 esse
1193 2130 1437 2174 sanctum
1480 2119 1740 2188 Spiritum
1770 2138 1782 2172 :
1809 2121 1898 2173 ubi
1934 2129 1988 2174 et

420 2217 474 2271 in
497 2215 722 2284 adjectis
746 2225 928 2283 postea
985 2213 1241 2267 scribitur
1268 2229 1280 2263 :
1309 2210 1368 2266 Si
1399 2215 1516 2280 quis
1545 2228 1624 2264 me
1651 2211 1842 2281 diligit,
1879 2228 1988 2265 ser-

418 2303 556 2359 vabit
587 2319 727 2358 meos
759 2319 1040 2356 sermones.
1081 2301 1150 2354 Et
1186 2299 1346 2354 Pater
1384 2318 1524 2354 meus
1565 2302 1741 2370 diliget
1772 2319 1908 2362 eum.
1939 2312 1987 2356 et

419 2399 490 2451 ad
522 2395 670 2450 illum
701 2396 981 2457 veniemus,
1014 2404 1061 2448 et
1098 2394 1418 2447 mansionem
1450 2395 1589 2462 apud
1634 2394 1780 2446 illum
1825 2394 1989 2463 facie-

420 2506 536 2542 mus
561 2489 627 2541 7°.
665 2486 871 2554 Quibus
923 2485 1025 2540 ista
1072 2484 1340 2538 subnectit
1378 2501 1390 2536 :
1423 2483 1651 2538 Locutus
1685 2503 1797 2539 sum
1826 2489 1988 2552 vobis,

421 2577 561 2646 apud
592 2592 678 2631 vos
728 2591 964 2640 manens,
1005 2573 1095 2628 sed
1131 2572 1439 2627 Paracletus
1475 2574 1564 2628 ille
1602 2573 1834 2642 Spiritus
1870 2593 1992 2629 san-

421 2677 555 2732 ctus,
584 2681 735 2735 quem
760 2666 1013 2717 missurus
1033 2672 1106 2717 est
1139 2660 1296 2716 Pater
1322 2665 1375 2716 in
1403 2665 1608 2718 nomine
1630 2681 1764 2731 meo,
1790 2667 1879 2720 ille
1901 2684 1990 2721 vos

423 2758 621 2811 docebit
667 2759 865 2818 omnia,
912 2765 961 2808 et
1008 2765 1237 2824 suggeret
1278 2755 1420 2808 vobis
1449 2759 1619 2810 omnia
1649 2758 1990 2826 qutelocutus

421 2865 539 2903 sum
588 2848 818 2904 vobis".
875 2852 933 2909 ᾖ
978 2845 1145 2898 Audis
1177 2855 1234 2898 ut
1278 2845 1330 2898 in
1365 2862 1590 2901 numero
1633 2848 1992 2903 multitudinis

423 2939 693 3009 loquatur,
713 2934 981 2991 Veniemus
1005 2945 1050 2988 et
1070 2936 1391 2990 mansionem
1409 2938 1547 3005 apud
1570 2955 1685 2991 eum
1717 2939 1990 3007 faciemus,

425 3031 490 3081 de
521 3041 580 3080 se
630 3027 732 3081 huc
781 3026 990 3080 locutus
1042 3035 1096 3080 et
1133 3025 1201 3080 de
1232 3024 1413 3081 Patre.
1454 3027 1530 3083 De
1561 3028 1766 3097 Spiritu
1813 3041 1990 3083 autem

426 3126 638 3182 sancto,
679 3127 928 3184 tauquam
969 3116 1036 3170 de
1077 3115 1182 3168 alio
1225 3115 1485 3185 loquitur,
1533 3115 1629 3172 Ille
1668 3134 1754 3172 vos
1792 3119 1992 3173 docebit

426 3210 620 3262 omnia.
665 3206 810 3261 Talis
845 3207 985 3260 modi
1031 3219 1086 3262 et
1149 3206 1280 3260 illud
1305 3217 1421 3260 erat
1463 3227 1476 3261 :
1513 3206 1726 3278 Rogabo
1755 3207 1991 3278 Patrem,
2020 3200 2063 3256 C

424 3312 472 3354 et
503 3300 667 3352 alium
697 3296 1031 3352 l’aracletum
1065 3298 1209 3352 dabit
1241 3299 1403 3363 vobis,
1439 3311 1491 3352 ut
1536 3301 1580 3353 is
1627 3301 1695 3354 sit
1732 3303 1993 3356 vobiscum

423 3391 482 3444 in
505 3399 778 3453 retentum,
807 3388 1057 3458 Spiritum
1109 3389 1358 3444 veritatis.
1399 3390 1708 3446 Paraclctus
1740 3392 1901 3462 igitur
1929 3394 1996 3447 ab

424 3485 545 3552 ipso
572 3493 689 3538 erat
717 3483 871 3536 alius.
910 3480 1042 3536 Nam
1077 3482 1143 3535 de
1163 3496 1228 3536 eo
1257 3481 1494 3550 loquitur
1521 3483 1584 3535 ad
1619 3484 1763 3552 hunc
1793 3483 1992 3538 dictum

426 3575 664 3629 modum.
697 3571 826 3627 .lure
866 3571 1068 3640 optimo
1096 3571 1257 3640 igitur
1284 3572 1509 3632 addidit.
1555 3583 1608 3626 et
1642 3574 1740 3626 ista
1776 3574 1991 3628 dicens:

425 3664 558 3719 11αέ
582 3665 724 3718 vobis
754 3663 955 3716 locutus
977 3677 1089 3715 sum
1115 3661 1286 3714 adhuc
1309 3677 1521 3715 manens
1552 3663 1811 3715 vobiscum
1836 3678 1853 3714 :
1883 3661 1993 3714 Ρα-

425 3756 656 3808 racletus
684 3765 854 3806 autem
882 3751 970 3805 ille
993 3768 1170 3816 nempe
1191 3749 1421 3818 Spiritus
1449 3763 1682 3813 sanctus,
1704 3768 1856 3822 quem
1884 3751 1993 3804 Pa-

427 3855 508 3899 ter
535 3845 698 3898 mittet
747 3843 805 3896 in
831 3843 1036 3896 nomine
1072 3857 1205 3905 meo,
1240 3840 1328 3894 ille
1353 3857 1441 3894 vos
1479 3841 1676 3894 docebit
1716 3843 1913 3904 omnia,
1943 3851 1992 3894 et

426 3946 661 4006 suggeret
705 3936 850 3988 vobis
885 3933 1080 3995 omnia,
1125 3947 1443 4001 quazcunque
1488 3948 1580 4000 ego
1617 3931 1820 3987 locutus
1855 3951 1990 3988 sum.

429 4029 539 4097 Ego
567 4027 730 4090 enim,
765 4026 957 4095 inquit,
989 4025 1248 4082 hactenus
1274 4024 1376 4078 ista
1419 4023 1571 4078 vobis
1609 4024 1820 4080 locutus
1851 4041 1990 4090 sum,

427 4127 484 4172 at
513 4116 748 4187 Spiritus
777 4114 864 4170 ille
893 4115 1138 4170 veritatis
1177 4130 1334 4184 quem
1392 4115 1655 4170 missurus
1700 4127 1783 4171 est
1812 4115 1990 4182 Pater,

427 4211 476 4265 is
506 4223 600 4262 vos
634 4217 744 4261 tum
773 4206 988 4262 doeebit
1032 4206 1117 4260 illa
1147 4205 1325 4260 omnia
1366 4221 1485 4274 qua:
1537 4222 1678 4262 nunc
1715 4224 1818 4262 non
1851 4210 1992 4263 didi-

427 4300 599 4365 cistis,
653 4309 934 4369 propterea
973 4299 1114 4367 quod
1146 4299 1596 4366 comprehendere
1627 4314 1690 4354 ea
1737 4317 1842 4355 non
1871 4317 1992 4371 pos-

426 4389 568 4446 sitis.
602 4391 690 4445 llle
731 4405 852 4445 cum
892 4388 1120 4453 venerit,
1164 4387 1476 4443 Paracletus
1525 4391 1763 4458 inquam,
1817 4393 1991 4446 adim-

426 4501 593 4573 plebit
622 4499 944 4562 doctrinam,
970 4497 1022 4550 in
1056 4495 1367 4551 memoriam
1391 4495 1542 4551 vobis
1571 4513 1673 4552 uua
1709 4515 1989 4564 revocans,

2089 1939 2342 2008 παρέχων
2366 1935 2433 2010 ἦν
2461 1943 2489 1993 6
2539 1940 2750 2013 Σωτὴρ,
2782 1941 2891 2011 (55)
2921 1941 2981 1994 τὸ
3012 1941 3069 1994 δὲ
3095 1941 3372 2012 διδόμενον
3417 1941 3483 1994 τὸ
3517 1943 3673 2010 ἆγιον

2088 2029 2332 2101 Πνεῦμα,
2375 2034 2423 2084 οἱ
2456 2032 2512 2085 δὲ
2544 2031 2910 2103 λαμϐάνοντες
2953 2034 3003 2085 oi
3034 2032 3341 2095 ἀπόστολοι,
3385 2031 3446 2085 τὸ
3483 2032 3543 2084 δὲ
3576 2033 3676 2102 ἐμ-

2089 2122 2314 2192 φύσημα
2345 2122 2693 2194 καθαρτικὸν,
2721 2123 2797 2186 ὡς
2827 2124 2983 2195 ἔφην,
3010 2124 3117 2176 τῶν
3148 2124 3485 2187 ἀποστόλων,
3520 2124 3556 2194 ἢ
3581 2125 3674 2176 καὶ

2087 2214 2434 2284 ἐνεργητικὸν
2485 2215 2582 2285 τῆς
2625 2215 2962 2284 μεταδόσεως
3001 2214 3094 2268 τοῦ
3147 2216 3301 2284 ἁγίου
3333 2215 3672 2286 Πνεῦματος,

2089 2305 2364 2376 ἑκατέρως
2396 2305 2504 2376 γὰρ
2533 2308 2670 2358 νοεῖν
2698 2305 2938 2359 δυνατόν.
2969 2306 3116 2376 Πλὴν
3143 2308 3207 2359 ἐκ
3227 2305 3434 2360 τούτων
3458 2306 3673 2360 δείκνυ-

2055 2441 2058 2448 .
2087 2415 2177 2450 ται
2207 2397 2392 2468 ἓτερον
2419 2397 2659 2469 ὑπάρχον
2690 2399 2820 2471 παρ’
2848 2399 3006 2451 αὑτὸν
3033 2399 3095 2452 τὸ
3128 2399 3282 2468 ἆγιον
3316 2398 3566 2470 Πνεῦμα,
3601 2400 3677 2464 ὡς

2090 2489 2183 2540 καὶ
2204 2486 2292 2540 διὰ
2313 2487 2418 2541 τῶν
2436 2489 2863 2560 ἐπιφερομένων,
2883 2489 2948 2542 δι’
2966 2485 3040 2544 ὧν
3069 2489 3230 2542 πάλιν
3257 2490 3676 2561 ἀναγέγραπται

2092 2585 2290 2654 φήσας,
2333 2581 2466 2635 Ἐάν
2509 2600 2600 2649 τις
2639 2581 2841 2652 ἀγαπᾷ
2873 2600 2970 2651 με,
2994 2582 3101 2636 τὸν
3127 2583 3313 2652 λόγον
3343 2599 3467 2651 μου
3497 2582 3677 2651 τηρή-

2091 2690 2208 2737 σει,
2242 2675 2340 2728 καὶ
2387 2677 2418 2728 ὀ
2445 2673 2644 2743 Πατήρ
2668 2693 2788 2744 μου
2821 2675 3118 2744 ἀγαπήσει
3148 2675 3365 2736 αὑτὸν,
3396 2675 3496 2728 καὶ
3524 2675 3676 2743 πρὸς

2091 2771 2276 2822 αὑτὸν
2305 2769 2694 2836 ἐλευσόμεθα,
2723 2767 2821 2820 καὶ
2843 2767 3044 2836 μονὴν
3071 2767 3207 2836 παρ’
3229 2765 3390 2832 αὐτῷ
3421 2768 3677 2835 ,ποιησό-

2086 2864 2255 2930 μεθα.
2317 2854 2411 2923 Οἷς
2450 2858 2734 2931 ἐπιφέρειο
2770 2858 2960 2912 Ταῦτα
2999 2857 3312 2925 λελάληκα
3347 2858 3492 2927 ὑμῖν
3541 2857 3678 2928 παρ’

2091 2950 2232 3020 ὑμῖν
2249 2949 2466 3020 μένων,
2495 2952 2526 3004 6
2542 2949 2609 3002 δὲ
2631 2949 3009 3018 Παράλλητος
3039 2949 3104 3002 τὸ
3124 2950 3364 3020 Πνεῦμα
3389 2951 3458 3004 τὸ
3481 2951 3678 3020 ἅγιον,

2093 3043 2125 3097 ὃ
2158 3043 2379 3113 πέμψει
2419 3044 2450 3096 6
2475 3041 2677 3110 Πατήρ
2713 3059 2833 3112 μου
2866 3042 2936 3095 ἐν
2968 3041 3048 3108 τῷ
3082 3044 3327 3111 ὀνόματί
3345 3061 3488 3112 μου,
3520 3043 3678 3097 ἐκεῖ·

2095 3152 2202 3202 νος
2261 3133 2418 3204 ὑμᾶς
2467 3132 2694 3198 διδάξει
2752 3133 2948 3186 πάντα
3001 3133 3100 3187 καί
3147 3133 3488 3203 ὑπομνήσει
3521 3133 3681 3204 ὑμᾶς

2095 3227 2290 3281 πάντα
2321 3226 2439 3280 ὅσα
2462 3222 2636 3280 εἷπον
2656 3225 2816 3295 ὑμῖν.
2867 3225 3108 3288 Ἀκούεις
3148 3227 3296 3289 ὅπως
3326 3225 3682 3296 πληθυντικῷ

2095 3319 2358 3390 κέχρηται
2384 3318 2570 3389 τρόπῳ
2602 3317 2712 3388 (54)
2756 3316 2838 3381 τὸ,
2875 3317 3296 3385 Ἐλευσόμεθα,
3348 3315 3451 3369 καὶ
3473 3316 3678 3386 μονὴν

2095 3409 2229 3477 παρ’
2249 3406 2408 3473 αὐτῷ
2431 3410 2816 3476 ποιησόμεθα,
2855 3409 2982 3477 περὶ
3011 3407 3174 3460 αὐτοῦ
3206 3407 3302 3460 καὶ
3330 3407 3424 3460 τοῦ
3463 3408 3679 3478 Πατρὸς

2095 3501 2292 3570 φήσας,
2327 3501 2422 3553 καὶ
2457 3499 2531 3563 ὡς
2558 3500 2685 3571 περὶ
2715 3498 2806 3551 τοῦ
2837 3498 2993 3566 ἁγίου
3027 3497 3344 3568 Πνεῦματος
3384 3497 3678 3562 διαλαλῶν,

2094 3595 2170 3655 ὡς
2218 3591 2345 3662 περὶ
2396 3591 2584 3661 ἐτέρου
2629 3589 2782 3658 ἔλεγε
2833 3588 2914 3653 τὸ,
2962 3587 3215 3653 Ἐκεῖνος
3253 3585 3408 3655 ὑμᾶς
3449 3587 3674 3652 διδάξει

2095 3682 2308 3736 πάντα.
2341 3681 2594 3734 Τοιοῦτον
2628 3680 2683 3733 δὲ
2711 3675 2780 3750 ἦν
2825 3680 2917 3732 καὶ⁵
2949 3679 3030 3742 τὸ,
3073 3677 3222 3748 Ἐγὼ
3252 3675 3536 3745 ἐρωτήσω
3571 3678 3678 3730 τὸν

2093 3771 2324 3841 Πατέρα
2343 3771 2440 3825 καὶ
2453 3769 3048 3837 ἄλλονηαράκλητον
3060 3767 3238 3820 δώσει
3252 3766 3413 3835 ὑμῖν,
3429 3767 3532 3818 ἵνα
3546 3766 3673 3835 μεθ’

2093 3863 2263 3934 ὑμῶν
2290 3860 2328 3934 ἦ
2359 3867 2445 3929 εὶς
2479 3864 2588 3916 τὸν
2623 3860 2824 3926 αίῶνα,
2860 3861 2924 3914 τό
2955 3859 3194 3928 Πνεῦμα
3225 3861 3335 3926 τῆς
3363 3861 3670 3926 ἀληθείας.

2095 3957 2302 4010 Οὐκοῦν
2325 3957 2509 4028 ἔτερος
2539 3951 2606 4026 ἦν
2642 3955 2770 4025 παρ’
2805 3953 2967 4007 αὑτὸν
2991 3956 3020 4006 6
3052 3951 3429 4023 Παράκλητος,
3462 3952 3590 4022 περὶ
3615 3943 3674 4004 οὗ

2091 4049 2162 4102 τὰ
2199 4047 2434 4102 τοσαῦτα
2456 4047 2748 4100 ἐδίδασκεν.
2781 4045 3021 4108 Εἰκότως
3052 4040 3144 4098 οὖν
3169 4039 3326 4106 αὖθις
3363 4043 3669 4115 προσετίθει

2093 4141 2266 4211 λέγων
2285 4158 2296 4171 ·
2319 4140 2509 4194 Ταῦτα
2522 4139 2839 4205 λελάληκα
2869 4136 3011 4206 ὑμῖν
3044 4139 3180 4204 παρ’
3216 4135 3360 4204 ὑμῖν
3387 4136 3612 4204 μένων,
3641 4141 3668 4189 6

2093 4231 2161 4286 δὲ
2198 4231 2606 4300 Παράκλητος,
2647 4229 2712 4282 τὸ
2749 4229 2994 4298 Πνεῦμα
3034 4228 3100 4281 τὸ
3137 4227 3664 4297 ἅγιον,ὃπέμψειό

2092 4322 2296 4391 Πατήρ
2309 4341 2429 4391 μου
2446 4322 2514 4374 ἐν
2529 4319 2607 4384 τῷ
2627 4321 2872 4390 ὀνόματί
2879 4339 3020 4390 μου,
3035 4319 3264 4384 ἐκεῖνος
3278 4317 3433 4387 ὑμᾶς
3449 4318 3666 4383 διδάξει

2093 4414 2308 4476 πάντα,
2353 4415 2450 4466 καὶ
2500 4413 2840 4481 ὑπομνήσει
2899 4410 3055 4480 ὑμᾶς
3102 4409 3297 4464 πάντα
3322 4410 3441 4463 ὅσα
3479 4407 3663 4464 εἷπον.

2110 4501 2252 4571 Ἐγὼ
2288 4503 2383 4572 μὲν
2411 4502 2517 4574 γὰρ
2545 4501 2680 4564 τέως
2703 4500 2856 4554 ταῦθ’
2881 4502 3008 4572 ὑμῖν
3029 4500 3320 4571 λελάληκα,
3355 4500 3514 4570 φησὶ,
3542 4499 3666 4554 τὸδὲ

425 4560 546 4666 qua:
575 4609 719 4649 nunc
743 4608 772 4645 a
795 4605 880 4645 me
901 4590 1169 4643 dicuntur.
1192 4605 1212 4640 ι
1237 4586 1301 4641 Ει
1322 4587 1434 4656 ipse
1459 4603 1615 4656 quem
1643 4604 1742 4658 ego
1762 4592 1986 4656 mittam,

2097 4560 2322 4664 Πνεῦμα
2381 4560 2498 4663 της.
2539 4560 2812 4662 ἀληθείας,
2854 4592 2883 4645 6
2919 4560 3169 4645 διαὶαὺτὸ
3193 4560 3452 4660 πέμφειδ
3483 4593 3666 4661 Πατήρ

425 4687 500 4742 ita
536 4683 821 4749 subiulert,
868 4679 1183 4735 Paracletus
1213 4694 1242 4730 a
1273 4676 1432 4732 Patre
1483 4694 1621 4744 meo,
1639 4679 1875 4750 Spiritus
1909 4683 1988 4736 ni-

425 4779 618 4832 mirum
648 4774 737 4830 ille
758 4772 1018 4835 veritatis,
1046 4785 1204 4840 quem
1227 4783 1325 4838 ego
1350 4770 1555 4824 mittam
1577 4771 1724 4826 vobis
1751 4787 1783 4827 a
1804 4771 1988 4839 Patre,

422 4867 514 4937 qui
545 4882 574 4919 a
604 4864 760 4918 l’atre
786 4863 1078 4933 egreditur,
1111 4859 1196 4914 ille
1222 4859 1520 4928 perbibebit
1545 4863 1612 4914 de
1637 4877 1718 4916 me
1753 4866 1991 4918 testimo-

426 4958 627 5010 nium.»
654 4955 709 5008 lu
737 4955 934 5025 quibus
959 4951 1234 5013 omnibus,
1261 4948 1312 5002 id
1340 4962 1528 5017 aperte
1557 4953 1816 5018 declarat,
1840 4955 1986 5008 illutn

425 5065 583 5116 quem
615 5047 878 5102 missurus
905 5053 1043 5108 erat,
1075 5051 1130 5096 et
1155 5040 1245 5109 qui
1269 5039 1332 5093 de
1356 5040 1470 5109 ipso
1497 5043 1857 5098 testimonium
1878 5059 1993 5113 per-

496 5240 554 5298 vis
589 5232 685 5287 Ed.
718 5229 917 5296 Paris.,
946 5245 1068 5301 pag.
1119 5231 1242 5286 l7l.
1271 5232 1316 5264 ⁸³
1337 5230 1492 5288 Joau.
1526 5249 1634 5298 xn',
1664 5231 1848 5286 15-17.

495 5457 608 5525 (ιε)
639 5455 804 5525 Vulgo
839 5453 1211 5526 ἀποσκευάζον
1247 5462 1301 5508 el
1327 5468 1448 5526 mox
1480 5455 1771 5526 ἀποδοχῆς.

497 5523 609 5608 (ιιι)
635 5523 764 5579 "Oti
783 5523 1023 5608 Πνεῦμα
1049 5523 1236 5608 ἅγιον,
1269 5539 1365 5608 vos
1397 5525 1548 5592 ἆγιον
1579 5523 1865 5608 hic'redun
1884 5523 1981 5602 lat.

427 5593 687 5665 Spiritum
723 5595 864 5665 enim
896 5605 1036 5659 νιωδ,
1060 5593 1460 5665 non_Sp_iritum
1483 5604 1727 5648 sanctum
1753 5594 1986 5665 inspira-

423 5661 504 5722 vit
535 5666 674 5719 Deus
705 5665 757 5716 in
783 5663 975 5717 faciem
1006 5661 1218 5718 Adami.
1238 5661 1577 5729 M.-Addidi
1603 5681 1633 5720 e
1651 5665 1774 5721 cod.
1792 5661 1987 5729 ἔδειξε.

503 5735 610 5803 150)
637 5733 806 5803 Υιιιεο
830 5731 1070 5803 Ilva-91w

506 5800 613 5874 (Si!)
643 5800 809 5870 Vulgo
833 5802 892 5852 τὸ
918 5802 1012 5852 Πν.
1034 5801 1093 5852 τὸ
1121 5803 1292 5870 ἂγιον.

2097 4703 2218 4756 μου,
2272 4685 2449 4738 πάντα
2495 4687 2640 4756 ὑμᾶς
2671 4685 2887 4749 διδάξει,
2929 4685 3028 4737 ὅσα
3070 4683 3164 4737 νῦν
3217 4684 3276 4736 οὐ
3313 4683 3665 4754 μεμαθήκατε

2091 4776 2180 4830 διὰ
2219 4777 2278 4830 τὺ
2305 4777 2378 4848 μὴ
2406 4781 2602 4848 χωρεῖν
2628 4780 2790 4848 ὑμᾶς.
2823 4777 2962 4830 Ἀλλ’
2993 4779 3196 4839 ἐκεῖνος
3230 4774 3421 4837 ἐλθὼν,
3448 4775 3593 4841 λέγω
3618 4774 3665 4828 δὲ

2089 4868 2119 4920 6
2161 4868 2538 4940 Παράκλητος,
2577 4869 2958 4940 ἀναπληρώσει
2987 4870 3084 4936 τὴν
3127 4867 3500 4927 διδασκαλίαν,
3535 4865 3665 4935 μετὰ

2095 4959 2189 5011 τοῦ
2235 4960 2331 5013 καὶ
2375 4961 2483 5014 τῶν
2516 4960 2609 5013 νῦν
2641 4961 2947 5030 λεγομένων
2988 4961 3080 5013 ὑπ’
3110 4958 3242 5030 ἐμοῦ
3285 4961 3506 5029 μνήμην
3546 4960 3663 5026 ὑμῖν

2095 5048 2206 5120 (55)
2240 5053 2556 5122 ἐμποιῆσαι.
2592 5053 2700 5105 Καὶ
2725 5048 2880 5115 αὖθις
2905 5053 3120 5120 ἐπάγει*
3153 5071 3171 5102 ι
3204 5051 3375 5104 Ὅταν
3396 5049 3454 5102 δὲ
3484 5048 3664 5122 ἐλθῃὸ

1948 5233 1992 5264 ⁸⁸
2016 5231 2176 5287 .loau.
2201 5243 2293 5294 xx,
2317 5226 2408 5280 22.
2481 5227 2529 5259 ’⁸
2549 5225 2702 5282 Joan.
2735 5243 2846 5294 xw,
2871 5227 2962 5282 25.
3039 5227 3084 5257 "
3121 5225 3255 5280 ibid.
3280 5223 3374 5291 25,
3399 5223 3493 5278 26.

2107 5470 2122 5484 ο
2156 5452 2270 5523 (52)
2298 5451 2466 5520 Vulgo
2497 5448 2691 5523 obitoth
2721 5450 2822 5523 οὐκ
2851 5450 3033 5523 αὑτός.

2158 5456 2250 5523 (52
2298 5456 2466 5520 Vulgo
2497 5456 2689 5504 οὐκοῦν
2721 5456 2822 5504 οὐκ
2851 5456 3033 5512 αὐτὸς.

2158 5456 2270 5592 (53;
2307 5523 2470 5589 Vulgo
2492 5521 2554 5574 τὺ
2583 5520 2771 5592 δὲνδιδ.
2811 5537 2872 5572 π.
2903 5519 2963 5592 τδ
2996 5519 3088 5588 ἆγ.
3120 5529 3176 5573 et
3209 5531 3331 5571 mox
3362 5513 3654 5587 ἑκατέρων,

2087 5593 2226 5650 inira
2252 5589 2422 5660 vulgo
2443 5607 2552 5644 Otii.
2581 5591 2674 5643 καὶ
2698 5589 2980 5661 61topv.b.
3018 5607 3078 5642 π.

2187 5662 2273 5731 54)
2301 5658 2469 5730 Vtilgo
2488 5661 2574 5722 τό,
2607 5674 2659 5712 et
2693 5658 2830 5713 infra
2863 5659 2926 5712 τὸ
2959 5658 3239 5779 ἐρωτίησω.

2191 5732 2278 5779 .‘iﬁi
2317 5732 2484 5779 νιιιιιο
2511 5731 2818 5779 ἐμποιήσας
2847 5741 2901 5779 et
2924 5729 3064 5779 infra
3098 5727 3126 5779 Β
3165 5726 3239 5779 ἐπς

2317 5726 2484 5804 Vulgo
2511 5731 2818 5802 ἐμποιήσας
2847 5741 2901 5788 et
2924 5726 3064 5785 infra
3096 5726 3309 5799 βλέπει.
