3828 6222
170 325 322 393 1009

1107 331 1196 387 DE
1238 331 1777 392 ECCLESIASTICA
1818 327 2212 390 THEOLOGIA
2250 328 2375 383 LIB.
2420 326 2501 385 111.

3295 329 3389 385 ιρι
3400 322 3434 381 0

169 463 194 495 ι
235 442 611 514 Παράκλητος,
632 442 690 498 ὃν
707 444 817 513 ἐγὼ
848 444 1049 516 πέμψω
1075 446 1201 517 ὑμῖν
1219 446 1368 517 παρὰ
1394 446 1489 500 τοῦ
1520 448 1734 520 Πατρὺς

1862 446 2131 502 hibiturus
2172 454 2311 511 erat,
2359 446 2525 499 alium
2574 452 2629 498 et
2683 441 2996 499 distinctum
3050 443 3119 500 ab
3146 442 3262 513 ipso
3288 461 3431 502 esse.

169 553 191 585 ι
228 533 295 587 τὸ
329 533 555 604 Πνεῦμα
586 534 690 604 τῆς
726 534 1003 607 ἀληθείας,
1034 535 1062 589 ὃ
1095 537 1245 608 παρὰ
1288 536 1381 590 τοῦ
1417 538 1629 610 Πατρὸς
1665 541 1755 592 ἐκ-

169 644 192 676 (
228 625 539 695 πορεύεται,
572 628 778 691 ἐκεῖνος
810 629 1147 700 μαρτυρήσει
1174 631 1303 701 περὶ
1336 629 1494 700 ἐμοῦ,
1532 650 1551 682 ι
1580 629 1646 683 δι’
1680 624 1755 684 ὧν

158 715 426 769 ἁπάντων
469 714 655 784 σαφῶς
701 717 1030 788 παρίστησιν
1068 719 1275 771 ἐκεῖνον
1322 716 1412 770 τὸν
1452 718 1543 771 ὐπ’
1587 718 1753 772 αὑτοῦ

160 807 541 877 πεμπόμενον,
575 808 668 860 καὶ
695 806 787 861 τὸν
819 807 1079 878 μέλλοντα
1112 809 1239 881 περὶ
1266 809 1431 864 αὐτοῦ
1459 813 1754 884 μαρτυρεῖν

158 897 354 969 ἕτερον
388 893 528 951 εἶναι
563 899 690 968 παρ’
712 898 923 952 ἑαυτόν.
964 898 1417 972 Ἐπεξεργάζεται
1447 902 1504 955 δὲ
1540 902 1633 955 τὸν
1663 902 1754 956 λό-

157 1002 261 1053 γον
294 985 375 1039 έτι
401 986 622 1054 μᾶλλον,
658 989 754 1041 καὶ
784 986 854 1040 δι’
878 980 952 1041 ὧν
998 989 1260 1058 ἐπιλέγει,
1301 991 1417 1044 ἀλλ’
1456 990 1605 1065 Ἐγὼ
1637 991 1753 1061 τὴν

157 1077 457 1144 ἀλήθειαν
479 1078 635 1147 λέγω
668 1078 830 1147 ὑμῖν,
860 1079 1149 1150 συμφέρει
1182 1081 1325 1151 ὑμῖν
1357 1082 1459 1138 ἵνα
1490 1082 1606 1154 ἐγὼ
1638 1084 1752 1141 ἀπ-

157 1167 338 1236 έλθω,
370 1169 478 1223 ἐὰν
504 1169 614 1239 γὰρ
639 1169 726 1239 μὴ
752 1169 1012 1235 ἀπέλθω,
1037 1174 1069 1226 ὁ
1094 1173 1489 1243 Παράκλητος
1519 1176 1629 1229 οὐκ
1654 1175 1751 1244 έρ-

158 1276 330 1329 χεται
351 1260 500 1328 πρὸς
528 1258 700 1330 ὑμᾶς.
751 1261 892 1315 Ἐὰν
918 1261 985 1315 δὲ
1006 1262 1295 1332 πορευθῶ,
1328 1263 1541 1334 πέμψω
1566 1266 1752 1319 αὑτὸν

158 1350 317 1419 πρὸς
341 1350 515 1421 ὑμᾶς.
565 1352 843 1405 Ἀπελθεῖν
868 1355 923 1407 δὲ
954 1355 1151 1413 ἑαυτὸν,
1167 1354 1340 1424 λέγων
1376 1356 1436 1409 ἐν
1457 1356 1667 1421 τούτοις
1689 1373 1750 1410 τε

156 1442 224 1497 τὸ
267 1443 438 1507 πάθος
482 1442 673 1525 ἐαυτοῦ
703 1445 964 1516 ἐσήμαινε
1005 1448 1098 1499 καὶ
1128 1445 1224 1522 τὴν
1258 1446 1396 1516 μετὰ
1422 1447 1584 1501 τοῦτο
1614 1449 1750 1519 πρὸς

157 1533 256 1587 τὸν
294 1534 509 1607 Πατέρα
544 1534 748 1590 ἄνοδον.
781 1536 878 1599 Τίς
908 1533 1002 1590 οὖν
1037 1537 1207 1602 οὕτως
1240 1538 1464 1608 ἠλίθιος,
1501 1539 1577 1605 ὡς
1613 1539 1750 1610 μετὰ

156 1627 432 1682 τοσαύτας
464 1628 647 1699 φωνὰς
684 1628 781 1683 ἕνα
816 1627 911 1682 καὶ
942 1627 1033 1682 τὸν
1067 1629 1228 1687 αὑτὸν
1259 1626 1399 1683 εἶναι
1426 1631 1612 1701 φάναι.
1644 1630 1749 1684 Τὸν

156 1717 337 1771 ταῦτα
366 1718 591 1788 λέγοντα
613 1721 707 1773 καὶ
732 1719 825 1773 τδν
854 1720 981 1790 περὶ
1002 1714 1063 1780 οὗ
1094 1720 1245 1774 ταῦτ’
1274 1721 1478 1790 ἔλεγεν,
1531 1721 1747 1776 ἁκούων

1859 538 2176 594 Sermonem
2219 550 2350 592 vero
2393 535 2569 591 adhuc
2610 533 2840 603 amplius
2877 535 3241 605 promovendo
3275 551 3433 607 pera-

1855 629 1952 702 git,
1976 630 2101 685 dum
2134 626 2402 685 subinfert
2426 647 2441 683 ι
2470 627 2580 698 Ego
2602 628 2871 682 veritatem
2900 627 3043 683 vobis
3075 628 3213 695 dico,
3239 630 3435 684 condu-

1854 721 1924 775 cit
1952 721 2092 775 vobis
2130 729 2188 775 ut
2227 737 2319 792 ego
2363 721 2570 775 abeam.
2616 717 2757 775 Nam
2785 719 2833 774 si
2851 736 2944 789 ego
2973 735 3075 776 non
3100 720 3299 787 abiero,
3321 717 3433 775 Pa-

1854 812 2082 867 racletus
2111 811 2200 867 ille
2229 828 2330 866 non
2356 813 2520 868 veniet
2541 812 2610 866 ad
2630 828 2755 877 vos;
2778 813 2918 883 quod
2938 813 2985 867 si
3010 828 3282 881 recessero,
3310 827 3430 868 eum

1853 919 1946 973 ego
1982 902 2052 957 ad
2080 918 2167 956 eos
2198 902 2404 955 mittam
2427 903 2494 955 ".
2535 901 2669 957 Cum
2706 916 2765 959 se
2808 900 3078 957 abiturum
3119 901 3279 969 dixit,
3306 916 3430 972 pas-

1854 994 2058 1049 sionem
2093 1008 2243 1048 suam
2270 993 2356 1048 hic
2400 992 2698 1048 insinuavit
2730 1009 2745 1045 :
2775 1000 2831 1047 et
2857 1000 2980 1063 post
3017 992 3163 1048 illam
3196 993 3430 1049 reditum

1854 1101 2011 1141 suum
2040 1086 2104 1141 ad
2140 1084 2378 1140 Patrem.
2418 1085 2549 1153 Quis
2598 1084 2711 1155 jam
2758 1085 2893 1141 adeo
2938 1084 3150 1151 delirat,
3206 1094 3263 1141 ut
3306 1094 3431 1157 post

1855 1188 1933 1234 tot
1974 1193 2134 1234 voces
2165 1188 2233 1239 et.
2270 1187 2452 1234 tantas
2482 1194 2647 1233 unum
2687 1178 3045 1246 eumdemque
3074 1184 3228 1247 putet
3275 1176 3425 1232 illum

1853 1282 1993 1334 esse,
2047 1268 2141 1336 qui
2193 1268 2292 1321 ista
2348 1266 2605 1336 loquitur,
2645 1275 2699 1321 et
2728 1266 2879 1339 illum
2938 1266 3006 1323 de
3033 1281 3140 1337 quo
3177 1266 3429 1341 dicuntur

1853 1359 1976 1424 ista,
2012 1357 2279 1428 praecipue
2311 1372 2433 1412 cum
2466 1357 2613 1412 illum
2653 1359 2826 1427 ipsum
2867 1357 3086 1414 disertis
3119 1357 3302 1414 verbis
3343 1357 3428 1413 di-

1851 1461 2062 1506 centem
2109 1450 2316 1517 audiat,
2369 1463 2430 1505 se
2481 1449 2663 1505 dicere
2713 1449 3024 1515 veritatem,
3055 1456 3110 1503 et
3137 1447 3424 1504 veritatem

1844 1541 2019 1609 illam,
2055 1557 2175 1612 quas
2203 1549 2366 1609 esset,
2417 1549 2796 1610 exponentem,
2837 1540 3093 1596 nimirum
3125 1540 3268 1610 quod
3320 1537 3424 1595 nisi

1851 1633 2031 1689 abiret
2066 1635 2202 1705 ipse,
2241 1632 2555 1691 Paracletus
2590 1648 2694 1689 non
2736 1634 2968 1688 veniret.
3001 1632 3152 1700 Quod
3192 1631 3235 1687 si
3259 1645 3426 1701 oppo-

1852 1733 2012 1778 natur
2039 1725 2240 1779 dictum
2268 1739 2390 1780 esse
2413 1724 2705 1789 interdum,
2735 1723 2951 1779 Patrem
2977 1725 3267 1780 missurum
3302 1739 3422 1781 esse

158 1809 333 1863 αὐτοῦ
365 1811 549 1881 σαφῶς
580 1811 950 1883 διοριζομένου
972 1812 1068 1885 τὴν
1092 1813 1349 1884 ἀλήθειαν
1374 1813 1623 1883 φάσκειν,
1652 1815 1741 1868 καὶ

1848 1822 2094 1869 sanctum
2138 1814 2397 1885 Spiritum
2434 1833 2450 1871 :
2481 1816 2747 1871 interdum
2787 1830 2918 1871 vero
2965 1817 3271 1885 ipsummet,
3311 1832 3420 1872 non

156 1899 247 1963 τίς
284 1901 318 1970 ἡ
344 1901 568 1972 ἀλήθεια
598 1902 968 1974 παριστῶντος
1007 1904 1082 1968 ὼς
1109 1906 1157 1957 εἰ
1197 1904 1270 1975 μὴ
1301 1903 1528 1958 ἀπέλθοι
1560 1906 1743 1971 αὐτὸς,

160 1991 243 2064 μὴ
270 1993 336 2046 ἂν
377 1995 505 2047 ποτέ
532 1994 674 2062 ἕξειν
705 1995 766 2048 τὸ
806 1995 959 2064 ἅγιον
1005 1997 1249 2069 Πνεῦμα.
1289 1999 1353 2052 El
1390 1998 1447 2052 δέ
1488 2016 1618 2053 ποτε
1647 2000 1746 2071 μὲν

154 2084 255 2139 τὸν
308 2087 525 2158 Πατέρα
569 2087 806 2160 πέμψειν
846 2088 906 2147 τὸ
952 2070 1187 2160 Πνεῦμα⁸
1215 2074 1277 2143 τὺ
1318 2090 1493 2159 ἅγιον,
1525 2070 1657 2145 ποτέ
1688 2091 1745 2145 δὲ

154 2177 355 2231 ἑαυτὸν
381 2177 688 2251 διορίζεται,
711 2182 812 2236 οὐκ
830 2182 1045 2237 ἐναντία
1070 2181 1305 2254 δήπουθε
1325 2183 1583 2238 διδάσκει·
1609 2185 1744 2238 πάν-

156 2284 231 2321 τα
280 2268 391 2341 γὰρ
427 2272 527 2324 ὅσα
569 2272 635 2326 ἂν
670 2272 840 2346 βλέπῃ
870 2274 960 2328 τὸν
992 2273 1210 2346 Πατέρα
1253 2266 1529 2340 ποιοῦντα,
1571 2275 1747 2330 ταῦτα

155 2360 363 2430 ὁμοίως
397 2364 489 2416 καὶ
527 2367 556 2418 ὁ
588 2365 715 2429 Υίὸς
746 2368 916 2419 ποιεῖ’
958 2366 1051 2419 καὶ
1084 2364 1266 2429 καθὼς
1295 2365 1505 2431 ἀκούει,
1549 2365 1741 2439 κρίνει.

160 2454 280 2525 (56)
306 2456 396 2509 Διὸ
421 2459 486 2527 τῇ
507 2455 601 2511 τοῦ
624 2458 834 2529 Πατρὸς
863 2458 1060 2530 κρίσει,
1081 2457 1170 2510 ὅτε
1193 2458 1287 2512 καὶ
1312 2456 1556 2529 βούλεται
1585 2460 1612 2512 ὁ
1635 2461 1746 2513 Πα-

156 2542 287 2614 τὴρ.
307 2545 603 2615 τηνικαῦτα
624 2547 653 2598 ὁ
676 2546 802 2611 Υἱὸς
827 2548 919 2601 καὶ
939 2548 1004 2601 δι’
1031 2547 1192 2601 αὑτοῦ
1222 2550 1249 2601 ὁ
1274 2545 1461 2618 Σωτὴρ
1485 2546 1746 2600 ἀποστέλ-

157 2635 246 2688 λει
266 2636 380 2699 τοῖς
408 2635 520 2707 (57)
543 2636 707 2691 αὐτοῦ
737 2637 1006 2710 μαθηταῖς
1035 2639 1096 2692 τὸ
1114 2637 1336 2709 Πνεῦμα
1366 2638 1463 2709 τῆς
1489 2637 1745 2710 ἀληθείας

158 2723 226 2778 τδ
256 2723 636 2796 Παράκλητον,
659 2725 796 2797 πρὸς
829 2726 891 2779 τὸ
927 2725 1262 2799 παρακαλεῖν
1286 2727 1483 2790 αὐτοὺς
1511 2728 1605 2781 καὶ
1637 2744 1743 2781 πα-

165 2814 528 2886 ραμυθεῖσθαι
576 2817 659 2886 ἐφ’
683 2810 764 2880 οἷς
788 2817 1152 2889 κηρύττοντες
1189 2816 1250 2870 τὸ
1278 2817 1609 2887 Εὐαγγέλιον
1637 2818 1743 2872 ὑπὸ

160 2904 272 2957 τῶν
293 2903 624 2959 ἐλαυνόντων
648 2907 843 2970 αὐτοὺς
869 2907 1124 2979 ἔπασχον.
1153 2908 1228 2961 Οὐ
1258 2907 1416 2976 μόνον
1437 2907 1493 2962 δὲ
1517 2908 1654 2981 πρὸς
1683 2911 1743 2964 τὸ

1848 1908 1962 1978 ipse
1985 1909 2087 1964 sibi
2129 1908 2217 1962 hic
2258 1907 2531 1964 contraria
2561 1909 2737 1964 docet.
2768 1907 2959 1965 Omnia
2994 1910 3137 1965 enim
3171 1926 3290 1979 qua:
3334 1911 3419 1965 vi—

1847 1999 1989 2054 derit
2035 1999 2249 2055 Patrem
2308 1998 2615 2066 facientem,
2657 2000 2846 2055 eadem
2884 2000 3136 2056 similiter
3173 2011 3225 2056 et
3253 2001 3421 2058 Filius

1851 2095 1910 2154 >14
1948 2088 2113 2146 facit:
2152 2099 2206 2146 et
2229 2091 2681 2161 quemadmodum
2716 2090 2892 2157 audit,
2920 2091 2990 2145 ita
3008 2092 3232 2163 judicat.
3274 2094 3422 2160 Quo-

1847 2182 1991 2238 circa
2031 2184 2330 2239 secundum
2373 2177 2634 2252 judicium
2686 2182 2889 2249 Patris,
2921 2195 2976 2239 et
3010 2183 3170 2240 Pater
3205 2187 3420 2255 quando

1844 2273 1979 2338 vult,
2007 2284 2062 2328 et
2093 2284 2204 2328 tum
2229 2289 2349 2343 cum
2385 2273 2514 2329 velit
2537 2272 2709 2330 Filius
2742 2273 3002 2330 Servator
3033 2285 3217 2331 noster
3247 2294 3261 2330 :
3291 2279 3419 2332 mit-

1847 2362 1909 2417 tit
1938 2362 2003 2416 ad
2039 2362 2327 2430 discipulos
2347 2377 2476 2417 suos
2508 2364 2755 2432 spiritum
2786 2363 3031 2420 veritatis
3059 2362 3418 2436 Paracletum,

1845 2451 1936 2521 qui
1970 2452 2283 2527 παρακάλῃ,
2336 2451 2389 2508 id
2417 2460 2499 2507 est
2537 2453 2868 2518 consoletur,
2914 2454 3200 2521 confortet,
3240 2465 3295 2513 et
3319 2459 3419 2513 ad-

1846 2542 2092 2598 ltortetur
2129 2557 2225 2599 eos
2263 2546 2330 2599 ad
2358 2545 2631 2616 patienter
2664 2544 3025 2601 suﬂ'ereudum
3062 2545 3115 2602 in
3144 2547 3420 2620 Evangelii

1844 2632 2278 2699 annuntiatione,
2312 2642 2535 2705 propter
2556 2648 2715 2702 quam
2753 2643 2909 2705 erant
2945 2636 3274 2706 exagitandi.
3310 2637 3422 2694 Nec

1842 2722 1911 2775 ad
1941 2720 2062 2778 illos
2102 2723 2445 2780 solummodo
2473 2723 2857 2788 consolandos,
2912 2724 3003 2781 sed
3059 2725 3420 2783 instituendos

1842 2814 2063 2886 insuper
2096 2814 2150 2871 iu
2183 2816 2330 2871 omni
2367 2817 2591 2872 veritate
2634 2815 2754 2870 novi
2798 2814 3040 2881 foederis,
3077 2832 3236 2889 quam
3281 2820 3419 2874 reci-

1842 2922 1970 2978 pere
1999 2923 2030 2963 a
2079 2907 2322 2963 doctrina
2365 2906 2672 2964 Servatoris
2705 2924 2810 2964 non
2843 2918 2952 2963 tum
2986 2919 3256 2978 poterant,
3292 2927 3416 2967 cum

162 2998 502 3068 παρακαλεῖν
521 3000 734 3064 αὐτοὺς,
763 2999 897 3067 ἀλλὰ
932 3000 1028 3055 καὶ
1062 3000 1198 3073 πρὸς
1222 3001 1282 3054 τὺ
1302 3001 1513 3069 διδάξαι
1544 3003 1738 3068 αὐτοὺς

1848 3000 1983 3055 inter
2008 2999 2153 3071 ipsos
2200 3009 2531 3064 versaretur,
2571 3015 2637 3055 eo
2665 3000 2806 3070 quod
2829 2999 3065 3056 Jutlaicte
3095 3003 3418 3077 paedagogia:

162 3092 344 3143 πᾶσαν
376 3090 476 3162 τὴν
520 3090 776 3161 ἀλήθειαν
827 3091 927 3160 τῆς
964 3093 1160 3164 καινῆς
1205 3092 1491 3164 διαθήκης,
1530 3094 1598 3166 ἢν
1643 3096 1745 3149 οὐκ

163 3179 403 3252 ἐχώρουν
421 3181 530 3254 (58)
579 3182 685 3236 ὑπὸ
708 3183 802 3237 τοῦ
838 3184 1088 3256 Σωτῆρος
1119 3184 1483 3249 διδάσκεσθαι,
1509 3188 1743 3258 ὁπηνίκα

160 3272 337 3327 ταῦτα
350 3273 532 3340 αὐτοῖς
547 3275 739 3347 ὡμίλει
752 3274 840 3330 διὰ
856 3275 917 3329 τὸ
933 3274 1011 3330 ἐτι
1025 3278 1090 3347 τῇ
1108 3277 1370 3349 Ἰουδαϊκῇ
1389 3277 1744 3334 δεδουλῶσθαι

161 3365 378 3436 ἀγωγῇ.
401 3366 584 3420 Ταῦτα
609 3368 667 3420 δὲ
695 3368 876 3441 ἔργοις
898 3369 1137 3442 ἐπλήρου
1166 3370 1305 3441 μετὰ
1330 3371 1426 3440 τὴν
1450 3371 1512 3422 ἐκ
1535 3370 1743 3444 νεκρῶν

160 3455 458 3511 ἀνάστασιν
486 3459 672 3525 αὐτοῦ,
705 3462 824 3533 μεθ’
854 3462 920 3534 ἢν
943 3460 1110 3515 είπὼν
1148 3464 1215 3541 τῇ
1255 3461 1464 3534 Μαρίᾳ,
1498 3461 1594 3528 Μή
1622 3480 1743 3533 μου

160 3546 378 3614 ἅπτου,
404 3551 568 3605 οὔπω
580 3554 689 3623 γὰρ
705 3554 1043 3621 ἀναϐέϐηκα
1063 3552 1212 3621 πρὸς
1232 3553 1341 3608 τὸν
1355 3553 1584 3622 Πατέρα
1596 3573 1740 3624 μου.

161 3641 505 3697 Μπὰταῦτα
537 3646 671 3717 (58’)
713 3646 808 3701 ἅτε
842 3647 906 3721 δὴ
946 3647 1289 3719 ἁνεληλυθὼς
1325 3648 1460 3720 πρὸς
1494 3647 1585 3700 τὸν
1626 3648 1742 3701 Πα-

158 3733 316 3804 τέρα,
338 3738 448 3799 τοῖς
474 3736 739 3807 μαθηταῖς
754 3737 931 3810 ὤφθη,
949 3740 1044 3797 τοῦ
1077 3741 1234 3809 ἁγίου
1259 3738 1399 3793 Πνεύ
1409 3755 1578 3810 ματος
1609 3739 1744 3791 ἀπε-

161 3824 460 3896 σταλμένου
496 3829 590 3881 καὶ
606 3830 852 3895 συνόντος
869 3831 1050 3898 αὐτοῦ,
1071 3830 1286 3902 ἐτοιμοῦ
1314 3848 1374 3883 τε
1398 3828 1743 3902 παρεστῶτος

158 3916 244 3978 εἰς
261 3915 416 3985 (58”⁹)
446 3916 512 3988 ἣν
538 3918 795 3980 τέτακται
840 3921 1135 3987 διακονίαν,
1169 3922 1257 3974 ὅτε
1274 3921 1367 3976 καὶ⁸
1384 3918 1618 3990 ἅψασθαι
1641 3920 1740 3972 αὺ-

155 4006 255 4061 τοῦ
282 4009 584 4080 ἐπιτρέπει.
634 4009 769 4064 Τότε
812 4011 920 4084 γὰρ
953 4012 1136 4075 αὐτοῖς
1160 4010 1460 4081 ἐνεφύσησε
1500 4010 1594 4063 καὶ
1621 4009 1743 4062 τότε

160 4099 332 4171 μέρος
350 4117 403 4153 τι
427 4103 762 4173 χαρίσματος
791 4103 885 4157 τοῦ
919 4103 1076 4173 ἁγίου
1107 4102 1424 4174 Πνεύματος
1453 4103 1654 4165 αὐτοῖς,
1682 4101 1743 4153 τὸ

154 4191 263 4261 τῆς
312 4192 556 4260 ἀφέσεως
617 4194 725 4247 τῶν
766 4194 1180 4266 ἁμαρτημάτων
1222 4192 1500 4266 ποιητικὸν
1533 4192 1736 4246 ἐδίδου·

154 4280 453 4353 διαιρέσεις
488 4283 597 4355 γὰρ
641 4285 993 4356 χαρισμάτων
1034 4284 1169 4339 εἰσὶν
1205 4278 1280 4338 ὧν
1313 4285 1377 4336 ἐκ
1409 4282 1606 4354 μέρους
1641 4281 1740 4350 μὲν

1845 3090 2191 3146 inservirent.
2246 3088 2372 3146 Haec
2423 3089 2600 3160 reipsa
2645 3090 2957 3160 adimplevit
3016 3100 3138 3159 post
3183 3108 3336 3149 suam
3385 3112 3415 3148 a

1842 3183 2074 3238 mortuis
2113 3182 2587 3247 resurrectionem,
2620 3197 2745 3237 cum
2791 3183 2973 3239 Maria
3014 3185 3240 3253 diceret,
3285 3184 3417 3246 Noli

1844 3290 1924 3327 me
1960 3282 2196 3344 tangere,
2242 3274 2476 3328 nondum
2496 3276 2636 3328 enim
2658 3277 2870 3331 ascendi
2893 3278 2961 3329 ad
2985 3274 3205 3333 Patrem
3243 3296 3414 3335 meum
3518 3352 3522 3357 η

1841 3373 1889 3417 et
1920 3362 2135 3417 Patrem
2183 3374 2408 3418 vestrum
2429 3364 2498 3419 ⁷³.
2552 3363 2817 3433 Deinceps
2852 3382 2978 3421 vero
3031 3377 3286 3439 tanquam
3321 3371 3417 3441 qui

1843 3456 2164 3509 ascenderat
2195 3455 2260 3509 ad
2298 3454 2538 3520 Patrem,
2571 3456 2721 3512 visus
2768 3466 2852 3513 est
2877 3448 3155 3529 discipulis
3191 3463 3326 3529 suis,
3359 3464 3413 3523 in

1845 3544 2100 3599 missione
2122 3543 2358 3615 Spiritus
2381 3547 2579 3610 sancti,
2605 3556 2660 3601 et
2689 3562 2811 3602 cum
2845 3549 2912 3603 iis
2949 3551 3284 3616 versabatur,
3320 3567 3419 3622 paup

1842 3645 2130 3705 ratumque
2157 3651 2216 3692 se
2245 3636 2512 3703 exhibuit,
2547 3638 2636 3708 qui
2675 3637 2727 3694 in
2755 3638 2874 3694 Filii
2923 3638 3198 3697 iunctione
3226 3658 3414 3699 recen-

1840 3737 2072 3792 seretur,
2120 3729 2335 3798 quando
2384 3738 2437 3784 et
2472 3730 2619 3801 tangi
2673 3744 2734 3786 se
2776 3732 2845 3786 ab
2885 3732 2990 3789 iiiis
3045 3734 3412 3803 permittebat.

1840 3816 1992 3872 Tunc
2032 3818 2162 3886 ipsis
2198 3816 2487 3895 insumavit
2522 3838 2536 3874 :
2570 3830 2627 3874 et
2675 3829 2804 3878 tunc
2843 3822 3077 3893 Spiritus
3104 3825 3420 3895 portionem

1842 3908 1908 3963 iis
1939 3908 2255 3978 impertivit,
2276 3892 2403 3964 cum
2448 3909 2755 3968 facultatem
2787 3892 3046 3970 tribueret
3075 3892 3296 3984 peccata
3325 3933 3408 3971 re-

1841 4000 2109 4055 mittendi.
2160 4001 2298 4056 Sunt
2328 4003 2526 4057 etenim
2566 4003 2858 4085 divisiones
2885 4006 3180 4076 gratiarum
3219 4025 3233 4061 :
3276 4024 3413 4078 qua-

1842 4108 1959 4147 rum
1986 4103 2193 4163 partem
2229 4103 2341 4153 tum
2381 4094 2448 4150 iis
2477 4096 2791 4166 impertivit,
2814 4113 2937 4156 cum
2969 4113 3089 4153 eum
3130 4100 3196 4155 iis
3223 4114 3411 4156 versa-

1839 4193 2029 4241 retur:
2077 4194 2197 4255 post
2246 4185 2360 4241 haec
2390 4185 2579 4256 majori
2622 4187 2792 4249 multo
2820 4200 2875 4243 et
2915 4190 3218 4259 perfectiori
3261 4202 3412 4261 pote-

1841 4284 1982 4329 state
2006 4273 2317 4344 adimplevit
2341 4292 2357 4329 :
2381 4275 2448 4330 de
2472 4292 2575 4347 qua
2602 4277 2818 4335 dicebat
2853 4280 2916 4334 iis
2942 4282 2995 4334 in
3032 4281 3258 4336 Actibus
3274 4297 3413 4351 .apo-

157 4372 342 4437 αὐτοῖς
366 4374 636 4445 ἐδωρεῖτο,
671 4376 791 4430 τότε
819 4376 990 4431 συνὼν
1020 4377 1112 4431 καὶ
1132 4374 1320 4450 παρὼν
1353 4377 1534 4438 αὐτοῖς
1579 4373 1735 4434 Μετὰ

1848 4364 2068 4429 itolicis,
2114 4363 2218 4418 Vos
2254 4366 2513 4434 recipietis
2565 4378 2867 4436 potestatem
2900 4385 2964 4422 ea:
3009 4368 3136 4435 alto,
3175 4385 3413 4438 superve-

154 4463 215 4517 δὲ
245 4462 416 4522 ταῦτα
447 4464 691 4534 μείζονος
720 4468 915 4532 αὐτοὺς
953 4467 1048 4522 καὶ
1080 4460 1190 4538 (59)
1223 4466 1552 4538 τελειοτέρας
1574 4463 1737 4517 δυνά-

159 4570 308 4626 μεως
355 4556 626 4629 ἐπλήροψ
664 4559 792 4631 περὶ
825 4555 893 4632 ἧς
920 4562 978 4614 ἐν
1016 4562 1136 4625 ταῖς
1181 4559 1420 4631 Πράξεσι
1461 4556 1570 4610 τῶν
1602 4556 1738 4612 ἀπο·

158 4649 363 4704 στόλων
394 4651 527 4722 πρὸς
555 4653 749 4717 αὐτοὺς
771 4652 897 4724 ἔφη,
938 4650 1133 4722 ’Υμεῖς
1155 4651 1225 4704 δὲ
1245 4650 1314 4715 ἐξ
1335 4650 1535 4720 ὕψους
1557 4647 1738 4701 6137a-

151 4756 261 4809 μιν
294 4740 655 4807 ἐπελθόντος
699 4743 804 4798 τοῦ
841 4744 1011 4813 ἁγίου
1052 4745 1394 4812 Πνεύματος
1432 4740 1526 4809 ἐφ’
1556 4739 1731 4808 ὑμᾶς,

155 4831 249 4885 ὅτε
277 4831 372 4884 καὶ
397 4832 769 4905 βαπτήσεσθαι
795 4834 989 4899 αὐτοὺς
1022 4837 1078 4888 ἐν
1103 4834 1379 4903 Πνεύματι
1405 4831 1545 4901 ἁγίῳ
1564 4831 1735 4898 ἐπηγ-

160 4922 402 4991 γέλλετο,
431 4924 459 4976 ὃ
495 4925 559 4996 δὴ
599 4925 692 4978 καὶ
720 4926 850 4980 αὐτὸ
876 4925 1178 4998 ἐπληροῦτο
1219 4923 1357 4997 μετὰ
1397 4922 1493 4999 τὴν
1536 4918 1734 4989 ἀνάλη-

157 5013 252 5083 ψιν
298 5014 464 5069 αὐτοῦ
511 5014 622 5088 (60)
657 5015 797 5070 κατὰ
825 5017 924 5089 τὴν
970 5018 1181 5090 ἡμέραν
1223 5017 1324 5088 τῆς
1356 5012 1734 5084 Πεντηκοστῆς

1839 4456 2011 4517 niente
2042 4457 2098 4509 in
2125 4472 2213 4511 vos
2244 4455 2448 4526 Spiritu
2492 4468 2673 4512 sancto
2703 4458 2768 4513 ".
2792 4458 3017 4526 Quando
3038 4469 3095 4514 et
3132 4461 3413 4528 baptizan-

1839 4548 1935 4602 dos
1978 4547 2195 4602 eosdem
2252 4549 2303 4602 in
2351 4547 2553 4616 Spiritu
2594 4560 2784 4606 sancto
2831 4552 3197 4618 promittebat.
3257 4550 3411 4619 Quod

1837 4638 2014 4709 ipsum
2063 4651 2182 4710 post
2218 4644 2591 4697 ascensionem
2630 4659 2784 4699 suam
2827 4643 3171 4714 implebatur,
3222 4644 3275 4700 in
3324 4645 3412 4702 die

1840 4729 2207 4795 Pentecostes,
2254 4733 2418 4788 misso
2445 4749 2610 4802 super
2656 4749 2769 4801 eos,
2800 4737 3251 4805 quemadmodum
3290 4738 3407 4792 edi-

1840 4832 1995 4878 xerat
2030 4825 2164 4894 ipse,
2197 4823 2402 4894 Spiritu
2431 4835 2637 4884 sancto.
2679 4827 2814 4882 Cum
2842 4843 2973 4884 vero
2996 4828 3146 4884 locus
3169 4833 3271 4884 iste
3294 4844 3412 4883 mae

1834 4914 1939 4984 jori
1975 4916 2238 4972 adhuc'et
2278 4918 2557 4988 perspicua
2608 4919 2781 4990 magis
2807 4929 2966 4988 egeat
3004 4920 3406 4986 dilucidattone,

1842 5022 1946 5063 non
1978 5017 2062 5063 est
2088 5022 2445 5079 opportunum
2487 5014 2538 5067 in
2567 5014 2817 5082 praesenti
2847 5014 2899 5066 in
2919 5027 3038 5067 eam
3097 5012 3410 5067 incumbere

233 5197 293 5256 ᾖ
328 5191 422 5247 Ed.
466 5192 664 5256 Paris.,
700 5209 821 5266 pag.
859 5194 979 5250 172.
1013 5196 1058 5228 τ’
1076 5194 1230 5251 Joan.
1265 5212 1379 5259 xvt,
1409 5195 1461 5250 7.
1534 5196 1581 5228 ⁷³
1612 5195 1741 5252 Joan

1848 5214 1891 5262 ι,
1922 5199 2007 5253 l7.
2070 5200 2116 5231 ⁷⁸
2140 5202 2258 5256 Act.
2288 5217 2328 5266 ι,
2353 5200 2406 5256 8.

385 5353 481 5431 Διῤ
508 5353 585 5422 τῇ
623 5353 731 5408 τοῦ
758 5353 985 5423 Πατρός
1016 5355 1229 5431 κρίσειζ
1284 5357 1577 5431 Sequentia
1621 5358 1736 5431 [ubi

157 5420 333 5498 ilo-levi
370 5422 460 5476 καί
493 5420 627 5498 post~
653 5442 833 5498 τηνικ.
881 5420 1012 5498 pm.
1034 5420 1229 5498 eodm]
1264 5420 1387 5498 sie.-
1423 5420 1641 5497 Opinor;
1662 5430 1737 5484 le—

1904 5364 2065 5436 (58")
2079 5364 2262 5436 _Yulgp
2283 5363 2429 5436 Υἱύν.

1905 5428 2057 5508 (759)7'
2078 5428 2267 5508 Vulgo
2298 5435 2566 5501 τελειωτ.,
2609 5445 2680 5508 et_
2713 5448 2836 5488 mox
2887 5433 3062 5508 aper;
3093 5431 3248 5508 λ-ήψ.-
3277 5428 3408 5486 Dein

155 5493 827 5582 Eclldﬂkfﬂthg'I'ITdXG‘l
875 5493 943 5548 δι’
987 5495 1150 5553 αὐτοῦ
1190 5493 1229 5551 ὅ
1260 5497 1388 5562 Υἱὸς
1415 5493 1521 5582 κάι
1546 5498 1733 5572 Σωτὴρ

1848 5493 2398 5582 νιιίεᾶἐπηγῆείλετο,
2429 5493 2571 5575 quod
2606 5505 2796 5561 saltem
2831 5493 2953 5559 esse
2981 5493 3211 5559 debebat
3232 5502 3407 5573 ἐπηγ-

154 5562 500 5618 ἀπηστέλλει.
536 5563 608 5618 Μ.

234 5631 352 5703 (57)
390 5633 553 5703 _V_ttlgo
576 5635 793 5688 ἑαυτοῦ.

390 5701 554 5780 Vingo
585 5704 708 5780 διάζ
717 5715 770 5757 et
794 5719 926 5757 mox.
946 5706 1011 5758 ἐκ
1040 5705 1148 5759 τῶν
1176 5706 1402 5780 νεκρῶν.

229 5770 372 5843 (58‘)
413 5770 578 5845 Vulgo
601 5772 663 5838 δὴ
684 5772 797 5828 ἆτε.

1833 5577 2068 5643 γείλατο.

1904 5648 2016 5769 (ξο)
2061 5644 2227 5717 Vulgo
2278 5648 2435 5717 μετὰ,
2485 5654 2539 5700 et
2576 5660 2695 5700 mox
2748 5640 3027 5707 ὑπεξιέναι
3083 5648 3136 5697 et
3189 5639 3316 5697 ἐπεὶ
3350 5638 3412 5696 δὲ

1904 5732 1940 5769 ιο
1974 5757 1989 5769 .

1836 5732 1989 5789 μηδέ.
