3810 6218
422 329 554 396 lo“

1087 334 1357 399 EUSEBII
1395 336 1881 404 CESARIENSIS
1918 342 2068 404 OPP.
2111 338 2291 403 PARS
2329 345 2423 404 IV.
2461 376 2531 389 --
2568 338 2990 405 DOGHATICA.

3533 346 3671 402 1οη

418 454 913 527 interpretationem
965 479 978 515 :
1027 463 1227 533 quippe
1272 479 1395 519 cum
1454 464 1544 522 hic
1600 466 1730 523 mihi
1764 470 1982 526 minime

2088 468 2479 532 ἀποσταλέντος
2520 469 2706 531 αὑτοῖς
2748 467 2843 522 ¹ἑοίί
2876 467 3032 535 ἁγίου
3064 468 3379 538 Πνεύματος
3412 470 3534 531 ταῖς
3574 470 3668 523 αὑ-

415 551 724 620 propositus
745 549 818 606 sit
847 567 1058 622 scopas;
1088 554 1180 607 sed
1216 563 1274 608 ut
1299 555 1549 610 edaceam
1575 556 1842 614 diversum
1868 574 1991 615 esse

417 636 678 706 Spiritum
711 639 857 694 illum
881 639 1218 697 Paracletum
1253 656 1282 695 a
1320 641 1474 698 Filio.
1503 646 1653 713 Ωιιοά
1686 648 1992 720 multiplici-

420 741 505 786 ter
540 732 841 801 praestitum
893 743 977 789 est
1026 750 1057 789 e
1094 737 1252 792 dictis
1312 740 1637 807 Servatoris,
1692 757 1813 795 eum
1870 742 1989 797 aliis

423 833 533 876 tum
573 824 663 887 iis,
686 825 777 879 ubi
810 826 965 889 dixit,
1001 827 1171 884 Multa
1192 831 1355 886 habeo
1390 833 1527 888 vobis
1555 835 1741 895 dicere,
1774 836 1863 887 sed
1886 852 1988 890 non

414 916 633 979 potestis
661 916 833 970 adhuc
877 931 1087 985 portare
1126 937 1144 975 :
1179 924 1268 976 sed
1305 940 1422 978 cum
1454 926 1720 979 advenerit
1758 924 1987 994 Spiritus

414 1006 668 1069 ueritatis,
716 1006 805 1061 ille
846 1025 935 1063 vos
981 1011 1213 1065 edocebit
1268 1030 1472 1067 omnem
1521 1015 1811 1071 veritatem.
1859 1015 1987 1069 Non

416 1094 555 1147 enim
590 1094 831 1166 loquetur
866 1115 898 1151 a
944 1101 1137 1169 seipso,
1182 1105 1272 1156 sed
1310 1119 1371 1157 ea
1419 1120 1536 1172 qua:
1577 1105 1836 1159 audiverit
1873 1119 1895 1157 :
1934 1116 1986 1159 et

416 1202 534 1253 qua:
553 1200 766 1241 ventura
790 1200 913 1243 sunt
947 1193 1283 1247 annuntiabit
1307 1195 1464 1247 vobis.
1500 1193 1599 1248 Ille
1620 1212 1701 1248 me
1719 1196 1989 1265 gloriﬁca-

417 1277 490 1328 oit
519 1280 791 1345 'qunniam
811 1281 874 1335 de
900 1292 1011 1337 meo
1035 1284 1278 1351 accipiet.
1312 1295 1359 1337 et
1388 1287 1718 1339 annuntiabit
1742 1288 1880 1341 vobis
1912 1289 1981 1342 ".

420 1370 481 1428 ἧι
537 1367 592 1421 In
648 1369 842 1437 quibus
896 1372 1070 1427 denuo
1121 1375 1429 1443 pollicetur,
1476 1375 1591 1430 fore
1637 1386 1696 1430 ut
1739 1377 1984 1450 discipuli

416 1459 609 1528 ipsius,
634 1461 719 1515 illa
753 1478 848 1533 per
875 1463 1109 1533 Spiritus
1154 1468 1518 1537 magisterium
1548 1469 1837 1536 discerem,
1863 1485 1984 1539 quae

414 1555 484 1608 ab
524 1556 641 1624 ipso
680 1573 784 1611 non
836 1559 1151 1615 didicerant.
1189 1561 1265 1615 Ita
1309 1570 1558 1631 tanquam
1591 1558 1658 1617 de
1698 1563 1979 1631 distincto,

415 1646 653 1716 loquitur
688 1648 840 1713 illud,
870 1648 1002 1706 Cum
1037 1655 1225 1707 venerit
1255 1653 1385 1718 ille;
1417 1664 1472 1711 et
1515 1653 1639 1708 illttd
1662 1695 1678 1721 ,
1710 1654 1851 1709 Nam
1882 1673 1981 1710 nou

414 1739 480 1790 de
515 1739 685 1809 seipso
710 1739 951 1811 loquetur
976 1760 997 1809 ;
1027 1753 1077 1798 et
1120 1744 1273 1811 illud,
1311 1745 1412 1801 Ille
1444 1765 1524 1802 me
1551 1748 1901 1819 glori/icabit;
1926 1756 1981 1802 et

2088 559 2184 613 τοῦ
2224 561 2428 628 φωναῖς
2462 558 2789 622 ἀκολούθως.
2838 558 3087 621 Πλείονος
3121 557 3178 611 δὲ
3211 557 3540 630 ἐξεργασίας
3583 560 3674 612 καὶ

2089 651 2387 723 σαφηνείας
2410 650 2676 721 δεομένων
2712 651 2821 704 τῶν
2849 650 2992 704 κατὰ
3020 650 3111 704 τὸν
3138 644 3320 715 τόπον,
3348 646 3410 705 οὑ
3442 650 3540 704 νῦν
3578 650 3674 703 ἐπ-

2086 741 2284 808 εξιέναι
2314 743 2503 815 καιρὸς
2533 746 2598 815 τῇ
2628 744 2729 814 τῆς
2758 743 3056 808 ἐξετάσεως
3078 742 3350 814 ἀκριϐείᾳ,
3382 742 3506 795 ἐπεὶ
3540 742 3672 813 μηδὲ

2083 833 2381 906 τοῦθ’ήμῖν
2408 835 2711 906 πρόκειται,
2751 835 3102 906 Παραστῆναι
3124 821 3168 888 δ⁴
3197 834 3366 905 ἐχρῆν
3395 834 3586 904 ἕτερον
3606 830 3675 886 εἴ·

2085 941 2173 978 ναι
2201 925 2295 978 τοῦ
2321 924 2449 978 Υἱοῦ
2474 924 2534 977 τὸ
2558 924 2905 995 παράκλητον
2934 924 3175 994 Πνεῦμα,
3201 923 3228 976 6
3249 923 3313 994 δὴ
3337 927 3432 976 καὶ
3453 918 3668 976 ἀπεδεί-

2085 1018 2188 1088 χθη
2230 1018 2522 1089 διαφόρως,
2581 1017 2648 1069 δι’
2690 1012 2764 1069 ὧν
2813 1015 2975 1080 αὑτὸς
3026 1016 3344 1069 ἐπαίδευσεν
3390 1017 3419 1067 ό
3457 1015 3665 1085 Σωτὴρ,

2084 1109 2222 1180 πρός
2253 1126 2313 1163 τε
2343 1110 2455 1173 τοῖς
2495 1110 2673 1173 ἄλλοις
2717 1106 2811 1162 καὶ
2857 1110 2917 1161 ἐν
2948 1102 3029 1171 οἷς
3065 1108 3270 1176 ἔλεγεν,
3301 1108 3431 1160 Ἔτι
3468 1108 3669 1161 πολλὰ

2081 1204 2199 1268 ἔχω
2252 1199 2454 1269 λέγειν
2500 1199 2661 1268 ύμῖν,
2714 1199 2852 1253 ἀλλ’
2897 1200 2969 1253 οὐ
3027 1198 3291 1253 δύνασθε
3339 1196 3668 1262 βαστάζειν

2083 1291 2232 1358 ἀρτι,
2282 1290 2428 1344 ὅταν
2472 1289 2540 1342 δὲ
2583 1290 2731 1357 ἔλθῃ
2789 1289 2854 1343 τὸ
2905 1286 3147 1358 Πνεῦμα
3204 1282 3313 1356 τῆς
3355 1288 3662 1355 ἀληθείας,
3750 1290 3759 1305 '

2082 1380 2430 1451 διηγήσεται
2477 1380 2619 1449 ὑμῖν
2673 1380 2788 1448 τὴν
2832 1381 3123 1448 ἀλήθειαν
3163 1378 3391 1435 πᾶσαν.
3435 1379 3519 1433 Οὐ
3558 1378 3666 1449 τὰρ

2082 1470 2182 1539 ἀφ’
2218 1469 2433 1524 ἑαυτοῦ
2469 1469 2750 1537 λαλήσει,
2783 1469 2920 1524 ἀλλ’
2959 1470 3076 1523 ὅσα
3113 1470 3347 1537 ἀκούσῃ
3372 1488 3385 1502 -
3434 1468 3537 1524 καὶ
3596 1470 3667 1523 τὰ

2081 1562 2371 1631 ἐρχόμενα
2407 1561 2726 1632 ἀναγεγελεῖ
2759 1561 2923 1631 ὑμῖν·
2981 1561 3210 1628 ἐκεῖνος
3259 1560 3366 1630 ἐμὲ
3393 1560 3662 1627 δοξάσει,

2081 1653 2171 1708 ὅτι
2210 1655 2280 1708 ἐκ
2320 1653 2424 1708 τοῦ
2465 1654 2610 1723 ἐμοῦ
2641 1654 2928 1723 λήψεται,
2979 1654 3079 1708 καὶ
3126 1653 3451 1722 ἀναγγελεῖ
3498 1653 3660 1722 ὑμῖν.

2083 1746 2175 1799 Ἐν
2207 1740 2288 1809 οἷς
2312 1745 2473 1799 πάλιν
2499 1743 2535 1799 ἃ
2575 1746 2649 1816 μὴ
2680 1745 2842 1809 αὑτὸς
2867 1743 3094 1811 ἐδίδαξε,
3123 1743 3295 1796 ταῦτα
3325 1743 3663 1815 μαθήσεσθαι

416 1828 593 1884 adhuc
628 1830 776 1897 illud,
808 1832 882 1886 De
928 1851 1038 1889 meo
1079 1847 1264 1894 sumet.
1308 1838 1541 1895 Maxima
1583 1842 1724 1896 enim
1764 1848 1983 1896 essetet

2088 1838 2209 1901 τοὺς
2237 1836 2403 1891 αὑτοῦ
2434 1836 2682 1908 μαθητὰς
2710 1836 2814 1890 ὑπὸ
2842 1836 2935 1889 τοῦ
2963 1836 3119 1904 ἁγίου
3150 1835 3464 1906 Πνεύματος
3489 1837 3664 1903 ἐπαγ-

414 1920 698 1977 diﬂiculter
752 1924 1035 1981 admodum
1100 1931 1337 1985 sananda
1396 1931 1650 1999 l'atuitas,
1699 1934 1981 2004 imaginari

416 2012 758 2068 Servatorem
812 2016 877 2070 de
928 2019 1105 2088 seipso
1140 2021 1253 2075 haec
1304 2022 1523 2079 dixisse.
1580 2025 1713 2081 Cum
1748 2027 1815 2081 ab
1860 2027 1983 2083 istis

415 2102 712 2158 clarissime
762 2106 1161 2164 manifestatum
1198 2126 1227 2165 a
1273 2113 1561 2168 Serratore
1595 2114 1685 2179 sit,
1722 2113 1981 2183 Spiritum

414 2201 658 2247 sanctum
689 2210 718 2248 a
748 2208 806 2250 se
844 2197 1186 2254 distributum
1216 2210 1270 2256 et
1299 2202 1572 2259 diversum
1602 2220 1742 2261 esse.
1767 2205 1983 2261 Honore

413 2292 561 2339 certe
589 2301 710 2340 eum
742 2295 796 2341 et
832 2287 1025 2359 gloria,
1054 2300 1108 2345 et
1141 2293 1296 2348 donis
1338 2295 1664 2351 excellenter
1691 2306 1978 2352 ornatum:

413 2378 510 2433 sed
538 2389 593 2433 et
634 2377 891 2449 majorem
920 2386 1494 2456 tranScendentemque
1537 2388 1697 2444 docet
1737 2404 1857 2445 esse
1886 2404 1980 2444 su-

415 2484 511 2538 pra
554 2484 767 2527 omnem
798 2473 1216 2531 intellectualem
1264 2486 1319 2532 et
1366 2478 1680 2535 rationalem
1726 2482 1979 2535 substan-

414 2561 545 2616 tiam
579 2581 593 2617 :
624 2565 761 2620 unde
794 2567 845 2621 in
879 2567 1131 2622 unionem
1183 2579 1548 2625 sacrosanctae
1573 2580 1629 2626 et
1660 2572 1981 2627 beatissima:

415 2652 695 2710 Trinitatis
742 2659 1035 2715 assumitur
1065 2680 1079 2714 :
1111 2660 1343 2729 seipsum
1378 2676 1507 2718 vero
1536 2663 1755 2717 minime
1790 2678 1980 2734 super-

414 2757 654 2810 gressum
685 2746 862 2810 docet,
887 2748 975 2801 ubi
1008 2748 1102 2813 ait,
1132 2748 1256 2803 Non
1293 2742 1427 2804 énim
1452 2766 1484 2803 a
1521 2752 1689 2821 seipso
1719 2752 1978 2822 loquetur,

411 2834 506 2886 sed
524 2844 840 2904 qua'cuuque
861 2840 1118 2894 audiverit
1150 2840 1412 2913 loquetur.
1440 2840 1510 2896 At
1548 2844 1668 2912 quis
1698 2843 1787 2899 ille
1812 2859 1842 2898 a
1873 2860 1981 2914 quo

416 2925 530 2977 haec
557 2925 742 2981 audiet
769 2927 792 2980 ?
822 2928 999 2992 docet,
1032 2931 1074 2982 A
1111 2948 1191 2985 me
1229 2932 1467 3002 accipiet,
1495 2933 1765 3003 inquiens,
1797 2944 1847 2990 et
1883 2952 1980 2989 an-

414 3017 680 3069 nuntiabit
712 3019 853 3072 vobis
877 3033 897 3080 ;
920 3035 948 3071 a
982 3035 1088 3084 me,
1135 3022 1385 3076 nimirum
1436 3024 1712 3081 thesauro.
1750 3019 1893 3079 Nam
1926 3026 1981 3079 in

413 3103 507 3156 illo
549 3115 670 3159 sunt
719 3108 970 3162 reconditi
1012 3126 1186 3164 omnes
1224 3111 1455 3166 thesauri
1495 3115 1762 3182 sapientiae
1798 3120 1846 3168 et
1894 3131 1981 3170 co-

2082 1927 2349 1994 γέλλεταν
2410 1927 2486 1990 ὡς
2515 1927 2643 1999 περὶ
2687 1926 2876 1997 ἐτέρου
2925 1925 3097 1995 λέγων
3144 1926 3225 1989 τὸ,
3280 1927 3466 1979 Ὅταν
3509 1927 3661 1994 ἔλθῃ

2078 2018 2329 2085 ἐκεῖνος,
2371 2019 2464 2072 καὶ
2488 2018 2568 2082 τὸ,
2621 2020 2702 2073 Οὐ
2733 2018 2843 2087 γὰρ
2872 2018 2973 2086 ἀφ’
2998 2017 3218 2071 ἑαυτοῦ
3249 2017 3534 2083 λαλήσει,
3566 2016 3662 2070 καὶ

2080 2110 2163 2174 τὲ,
2181 2108 2446 2176 Ἐκεῖνος
2476 2108 2581 2179 ἐμὲ
2610 2106 2877 2173 δοξάσει,
2902 2107 2997 2161 καὶ
3019 2108 3098 2160 ἑτι
3128 2107 3210 2171 τὸ,
3252 2108 3345 2160 Ἐκ
3375 2107 3483 2161 τοῦ
3513 2105 3662 2176 ἐμοῦ

2080 2202 2343 2271 λήψεται
2362 2218 2376 2231 ο
2420 2200 2593 2254 ταῦτα
2622 2199 2732 2271 γὰρ
2764 2200 2943 2253 πάντα
2987 2198 3390 2269 ὑπολαμϐάνειν
3421 2199 3513 2252 τὸν
3545 2201 3660 2252 Σω-

2081 2292 2223 2362 τῆρα
2256 2293 2417 2347 αὑτὸν
2451 2292 2578 2363 περὶ
2610 2291 2803 2345 ἑαυτοῦ
2846 2291 3043 2360 λέγειν,
3073 2290 3220 2362 δεινὴ
3250 2291 3346 2344 καὶ
3379 2290 3494 2361 (6|)
3534 2292 3661 2344 δυσ-

2080 2384 2412 2455 θεράπευτος
2453 2381 2725 2454 συνήθεια.
2770 2381 2931 2435 Ἀλλὰ
2972 2382 3079 2453 γάρ
3108 2382 3295 2451 σαφῶς
3333 2382 3425 2436 διὰ
3454 2381 3661 2436 τούτων

2079 2475 2241 2539 αὐτὸς
2264 2478 2293 2529 6
2325 2476 2514 2548 Σωτὴρ
2550 2472 2611 2529 τὸ
2640 2472 2866 2544 Πνεῦμα
2894 2473 2956 2528 τὸ
2991 2474 3146 2542 ᾶγιον
3172 2475 3360 2546 ἕτερον
3391 2475 3662 2546 ὑπάρχειν

2081 2568 2210 2639 παρ’
2257 2568 2446 2622 ἐαυτὸν
2489 2566 2716 2632 ἐδίδαξε,
2761 2568 2893 2638 τιμῇ
2946 2567 3043 2638 μὲν
3083 2567 3179 2620 καὶ
3223 2565 3349 2638 δόξῃ
3384 2569 3481 2622 κα)⁸
3529 2585 3663 2638 πρε-

2082 2660 2281 2723 σὸείοις
2310 2658 2573 2731 ὑπερέχον
2605 2659 2699 2713 καὶ
2739 2658 2983 2731 κρεῖττον
3027 2659 3122 2712 καὶ
3159 2659 3430 2730 ἀνώτερον
3480 2661 3663 2730 πάσης

2078 2749 2180 2820 τῆς
2220 2750 2411 2820 νοερᾶς
2457 2750 2553 2802 καὶ
2590 2748 2815 2820 λογικῆς
2863 2749 3127 2820 τυγχάνον
3169 2750 3389 2813 οὐσίας’
3437 2751 3520 2804 διὸ
3570 2753 3663 2805 καὶ

2081 2840 2559 2913 συμπαρείληπται
2604 2842 2671 2911 τῇ
2731 2839 2860 2912 ἁγίᾳ
2922 2839 3015 2894 καὶ
3072 2840 3448 2913 τρισμακαρίᾳ
3495 2841 3663 2913 Τριὰ-

2079 2935 2149 2989 δι’
2177 2934 2286 3005 (62)
2318 2933 2653 3006 ὑποϐεϐηκός
2688 2938 2751 3002 γε
2789 2933 2897 3003 μὴν
2938 2924 3075 2986 εἶναι
3123 2932 3310 2986 αὑτοῦ.
3344 2934 3408 2986 Ὃ
3433 2932 3498 3005 δὴ
3524 2950 3663 3005 παρα

2082 3025 2201 3097 ίστη
2259 3022 2448 3088 εἰπὼν,
2503 3025 2587 3077 Οὐ
2636 3021 2746 3093 γὰρ
2779 3021 2881 3090 ἀφ’
2934 3012 3152 3075 ἑαυτοῦ
3192 3020 3474 3086 λαλήσει,
3523 3020 3662 3076 ἀλλ’

2081 3117 2200 3171 ὅσα
2231 3116 2341 3186 (65)
2374 3116 2621 3171 ἀκούσει
2654 3112 2934 3179 λαλήσει.
2975 3113 3131 3184 Παρὰ
3160 3112 3305 3175 τίνος
3330 3112 3387 3165 δὲ
3412 3112 3659 3174 ἀκούσει,

414 3196 663 3263 gnitionis
684 3199 750 3254 ⁷⁸.
778 3198 868 3253 Ille
897 3200 1014 3255 ideo
1037 3201 1197 3255 Veluti
1229 3202 1397 3258 Filius
1418 3203 1738 3274 unigenitus,
1765 3221 1794 3259 a
1821 3202 1982 3262 Patre

2088 3184 2335 3278 διασαφεί
2363 3208 2534 3276 λέγων
2555 3212 2568 3238 ⁵
2609 3209 2709 3261 Ἐκ
2737 3206 2841 3261 τοῦ
2867 3205 3012 3275 ἐμοῦ
3041 3193 3321 3275 λήψεται·
3347 3204 3449 3259 καὶ
3486 3206 3664 3274 ἀναγ-

416 3287 669 3357 accipiet,
699 3304 727 3342 a
756 3289 918 3347 Patre
950 3294 1148 3350 audiet.
1183 3294 1418 3364 Spiritus
1463 3304 1642 3350 autem
1667 3305 1886 3353 sanctus
1913 3294 1981 3354 ab

424 3378 514 3432 illo
547 3391 766 3450 accepta
823 3381 1066 3453 largitur.
1108 3384 1231 3441 Ideo
1259 3387 1358 3452 ait,
1388 3385 1468 3441 De
1512 3405 1625 3444 meo
1674 3390 1904 3460 recipiet,
1932 3400 1981 3445 et

419 3471 750 3525 annuutiabit
797 3473 959 3528 vobis.
994 3473 1254 3542 Quocirca
1284 3485 1339 3532 et
1384 3478 1523 3534 Deus
1554 3478 1646 3548 qui
1688 3488 1772 3534 est
1820 3497 1984 3550 super

413 3562 616 3626 omnia,
644 3560 875 3633 Spiritus
896 3566 1090 3620 dicitur
1117 3562 1595 3636 tquemadmodum
1626 3570 1740 3637 ipse
1766 3585 1863 3625 nos
1888 3571 1983 3626 do-

415 3651 529 3707 cuit
582 3652 859 3719 Servator,
895 3655 1035 3711 Deus
1063 3652 1291 3726 Spiritus
1335 3668 1447 3725 est,
1489 3660 1738 3730 inquiens
1762 3703 1777 3725 ,
1808 3672 1855 3716 et
1895 3663 1983 3733 qui

411 3744 639 3799 adorant
672 3762 809 3811 eum,
836 3748 891 3801 in
920 3750 1109 3816 spiritu
1138 3759 1184 3802 et
1226 3752 1442 3806 veritate
1475 3755 1698 3807 adorare
1718 3754 1979 3808 debent".

414 3834 638 3923 Eritque
670 3839 939 3893 veraciter
959 3840 1190 3895 Sanctus
1215 3842 1299 3897 ille
1324 3852 1669 3911 sanctorum;
1707 3854 1761 3899 et
1784 3845 1836 3899 in
1859 3860 1985 3898 sau-

412 3925 520 3979 ctis
566 3930 936 3996 acquiescens.
973 3930 1077 3986 Sed
1124 3942 1177 3987 et
1211 3932 1379 3989 Filius
1404 3936 1519 3998 Dei.
1562 3950 1683 3990 cum
1719 3936 1857 3991 Deus
1892 3936 1982 3999 sit,

416 4018 653 4084 Spiritus
682 4028 766 4074 est
795 4039 808 4076 :
843 4029 896 4075 et
923 4020 1155 4091 Spiritus
1177 4035 1483 4081 sanctorum
1510 4032 1753 4087 sanctus.
1785 4027 1830 4081 si
1866 4042 1982 4080 mo-

416 4110 486 4162 do
512 4109 583 4163 sit
623 4110 797 4181 imago
832 4111 1115 4168 invisibilis
1145 4116 1259 4170 Dei.
1283 4117 1544 4183 Quocirca
1576 4118 1779 4171 dictum
1806 4126 1892 4171 est
1920 4117 1986 4171 de

417 4198 529 4262 illo,
560 4197 813 4255 Dominus
845 4199 1071 4269 Spiritus
1097 4216 1170 4259 est
1188 4206 1255 4272 7";
1279 4216 1352 4273 et,
1372 4207 1769 4275 Spiritus/aciei
1791 4216 1986 4262 nostra:

415 4289 659 4344 Christus
697 4292 1027 4349 Dominus".
1055 4296 1344 4351 Enimvero
1386 4311 1506 4352 cum
1532 4314 1559 4351 ξι
1589 4297 1745 4353 Patre
1770 4309 1824 4353 et
1849 4287 1986 4354 Filio

416 4382 488 4435 sit
512 4379 754 4438 diversus
783 4383 1014 4454 Spiritus
1051 4397 1300 4452 sanctus,
1342 4388 1536 4442 idioma
1581 4389 1747 4457 ipsius
1787 4389 1988 4444 indicat

417 4472 695 4536 Servator,
712 4484 910 4529 vocans
936 4489 1057 4530 eum
1081 4474 1435 4531 Paracletum.
1460 4476 1665 4534 Nomen
1694 4492 1981 4533 commune

415 4563 731 4632 proprietati
752 4565 1142 4636 applicansper
1169 4568 1656 4622 denominationem
1685 4565 1975 4632 Paracleti,

415 4656 537 4705 cum
577 4661 630 4707 et
654 4653 908 4723 angelicae
929 4657 1090 4710 etiam
1127 4665 1417 4725 potestates
1455 4658 1677 4728 spiritus
1701 4658 1843 4713 sint:
1875 4655 1980 4723 Qui

413 4742 544 4811 facit
579 4744 791 4814 angelos
819 4763 961 4809 suos;
1016 4747 1086 4800 ita
1117 4748 1314 4801 dicitur
1336 4749 1504 4812 enim,
1531 4749 1747 4817 spiritus
1775 4748 1845 4803 ⁸ο.
1878 4749 1984 4804 Sed

415 4834 627 4887 illorum
662 4834 838 4889 nullus
880 4835 1100 4906 Spiritui
1134 4836 1411 4893 Paracleto
1463 4838 1825 4906 aquuandus
1860 4842 1980 4893 est':

415 4929 556 4979 unde
584 4926 673 4981 ille
713 4928 861 4984 solus
906 4928 1161 4999 Spiritus,
1199 4930 1538 4985 sanctissima
1586 4939 1640 4983 et
1671 4930 1983 4985 beatissima

414 5008 682 5074 Trinitate
725 5022 1223 5090 comprehenditur.
1281 5022 1463 5091 Neque
1502 5021 1657 5075 aliter
1704 5020 1981 5085 Servatdr,

2080 3300 2244 3370 γελεῖ
2282 3299 2443 3364 ὑμῖν.
2507 3298 2738 3353 Ἐκ·τοῦ
2787 3299 2923 3370 ἐμοῦ
2964 3294 3164 3369 δηλαδὴ
3213 3295 3512 3369 θησαυροῦ.
3560 3298 3665 3350 Ἐν

2080 3389 2238 3456 αὑτῷ
2284 3388 2395 3459 γάρ
2442 3392 2561 3445 εισι
2607 3388 2829 3457 πάντες
2876 3392 2930 3444 ol
2963 3388 3253 3457 θησαυροὶ
3286 3387 3397 3455 τῆς
3440 3389 3665 3457 σοφίας

2081 3482 2180 3535 καὶ
2211 3481 2484 3551 γνώσεως
2528 3481 2881 3552 ἀπόκρυφοι.
2913 3481 3083 3545 Αὑτὸς
3124 3480 3221 3551 μὲν
3250 3475 3363 3541 οὗν,
3399 3481 3497 3533 ἁτε
3533 3479 3663 3543 Υίδς

2086 3572 2397 3645 μονογενὴς,
2426 3573 2576 3645 παρὰ
2601 3573 2694 3627 τοῦ
2720 3574 2933 3646 Πατρὸς
2960 3572 3245 3643 λαμϐάνει,
3270 3572 3366 3626 καὶ
3388 3571 3541 3643 παρὰ
3568 3571 3662 3625 τοῦ

2084 3654 2298 3737 Πατρδς
2342 3664 2551 3730 ἀκούει,
2601 3665 2662 3719 τὸ
2687 3665 2742 3719 δὲ
2770 3665 2994 3736 Πνεῦμα
3029 3664 3091 3718 τὸ
3121 3663 3275 3733 ἁγιον
3325 3664 3459 3735 παρ’
3495 3662 3660 3716 αὑτοῦ

2084 3759 2417 3828 χορηγεῖται·
2457 3756 2539 3809 διό
2574 3774 2759 3828 φησιν,
2806 3758 2903 3813 Ἐκ
2936 3756 3041 3811 τοῦ
3079 3754 3224 3825 ἐμοῦ
3261 3753 3662 3822 Juvenum

2081 3846 2402 3917 ἀναγγελεῖ
2432 3847 2590 3917 ὑμῖν.
2622 3847 2851 3917 Λέγεται
2885 3848 2984 3919 μὲν
3009 3843 3102 3900 οὖν
3128 3837 3222 3900 καὶ
3253 3847 3281 3899 6
3319 3846 3415 3899 ἐπὶ
3445 3846 3662 3899 πάντων

2083 3939 2215 4003 Θεὸς
2265 3938 2507 4011 Πνεῦμα,
2540 3939 2616 4004 ὡς
2663 3940 2824 4004 αὑτὸς
2862 3939 3098 4004 ἐδίδαξεν
3138 3938 3168 3991 6
3214 3938 3430 4010 Σωτὴρ,
3472 3937 3658 3998 είπὼν,

2083 4029 2325 4101 Πνεῦμα
2362 4033 2395 4085 ό
2440 4029 2603 4098 Θεὸς,
2640 4030 2739 4086 καί
2771 4030 2913 4098 τοὺς
2943 4029 3442 4099 προσκυνοῦντας
3477 4028 3662 4083 αὐτὸν

2084 4122 2155 4175 ἐν
2199 4123 2489 4191 πνεύματι
2528 4122 2626 4176 καί
2678 4123 2931 4191 ἀληθεία
2968 4122 3065 4176 δεῖ
3104 4121 3501 4191 προσκυνεῖν.
3556 4120 3662 4174 Καὶ

2086 4210 2237 4265 ἔσται
2270 4211 2485 4283 ἀληθῶς
2509 4213 2698 4281 ’Ἄγιος
2724 4212 2893 4281 ἁγίων
2913 4212 3075 4275 αὑτὸς
3105 4212 3199 4265 καὶ
3227 4213 3283 4265 ἐν
3312 4210 3493 4277 ἁγίοις
3534 4210 3659 4263 ἁνα-

2088 4303 2413 4373 παυόμενοςι
2458 4304 2617 4358 Ἀλλὰ
2656 4305 2751 4359 καὶ
2787 4306 2816 4358 6
2847 4304 2974 4370 Υἱὸς
3005 4306 3116 4379 (64)
3146 4306 3239 4359 τοῦ
3272 4305 3409 4359 Θεοῦ
3440 4304 3660 4376 Πνεῦμα

2087 4390 2163 4444 ὣν
2191 4394 2466 4462 τυγχάνει,
2497 4393 2593 4448 κατ⁹
2621 4396 2843 4467 Πνεῦμα
2887 4397 2982 4451 καὶ
3013 4398 3174 4462 αὑτὸς
3204 4396 3377 4465 ἁγίων
3408 4397 3586 4465 ἅγιον,
3614 4396 3659 4449 εί

2088 4476 2153 4553 δὴ
2188 4482 2351 4537 εἰκών
2394 4485 2509 4538 ἐστι
2537 4484 2631 4539 τοῦ
2677 4487 2928 4554 ἀοράτου.
2955 4488 3047 4541 Διὸ
3078 4488 3172 4542 καὶ
3209 4488 3338 4558 περὶ
3366 4485 3537 4539 αὑτοῦ
3580 4485 3659 4538 ll-

2083 4575 2287 4642 λεκται,
2318 4577 2380 4629 ’0
2413 4575 2481 4630 δὲ
2503 4573 2718 4646 Κύριος
2741 4577 2808 4632 τὸ
2830 4577 3071 4649 Πνεῦμα
3095 4579 3246 4632 ἐστι’
3274 4577 3393 4639 καὶ,
3424 4576 3660 4646 Πνεῦμα

2085 4664 2198 4735 πρὸ
2222 4665 2543 4734 προσώπου
2586 4668 2755 4739 ήμῶν
2796 4671 3048 4738 Χριστὸς
3086 4670 3318 4737 Κύριος.
3362 4666 3525 4721 Ἀλλὰ
3562 4667 3659 4736 γάρ

2090 4758 2179 4811 τοῦ
2211 4760 2365 4827 ἁγίου
2398 4748 2713 4832 Πνεὺματος
2743 4754 2928 4833 ἐτέρου
2962 4761 3115 4825 ὄντος
3140 4760 3291 4832 παρὰ
3323 4760 3416 4813 τὸν
3449 4761 3659 4830 Πατέρα

2088 4849 2182 4902 καὶ
2210 4848 2300 4903 τὸν
2333 4851 2481 4915 Υἰὺν,
2509 4843 2571 4906 τὸ
2602 4852 2798 4924 ἰδίωμα
2823 4852 3092 4921 παριστὰς
3121 4854 3151 4905 6
3182 4851 3373 4923 Σωτὴρ
3398 4850 3658 4920 κέκληκεν

2087 4932 2219 4993 αὑτὸ
2257 4941 2671 5010 Παράκλητον,
2703 4940 2763 4996 τὸ
2786 4944 2961 4997 κοινὸν
2994 4943 3092 5013 τῆς
3132 4941 3453 5012 ὁμωνυμίας
3472 4940 3657 5010 ἀτρορί⁸

2088 5029 2197 5092 ζων
2223 5029 2310 5085 διὰ
2336 5031 2439 5101 τῆς
2467 5032 2561 5086 τοῦ
2591 5032 2949 5104 Παρακλήτου
2993 5031 3383 5104 προσηγορίας,
3418 5032 3544 5084 ἐπεὶ
3574 5032 3659 5083 καὶ

490 5143 551 5211 >11
586 5137 686 5198 Ed.
722 5135 919 5211 Paris”
970 5152 1113 5211 pag:
1138 5139 1262 5211 175.
1337 5137 1385 5211 '_'
1421 5136 1576 5192 Juau.
1628 5151 1740 5201 xw,
1776 5134 1960 5190 12-”.

2126 5140 2336 5197 Coloss.
2362 5158 2423 5207 ιι,
2455 5143 2509 5201 5.
2596 5145 2641 5178 "
2672 5146 2829 5201 Joan.
2860 5160 2934 5211 ιν,
2963 5144 3055 5198 24.
3130 5144 3179 5176 ⁷⁸
3205 5142 3249 5198 ll
3286 5143 3415 5198 Cor.
3459 5141 3652 5207 111,17.

417 5200 465 5240 ’⁸
494 5212 523 5261 'l
539 5210 699 5264 breu.
724 5222 801 5273 ιν,
835 5200 926 5263 20⁷.
972 5200 1235 5287 ’δ”Ηριιικ
1282 5223 1321 5270 ι,
1350 5206 1402 5262 7.

486 5372 601 5442 (61)
630 5370 1120 5442 Δυσθεράπευτος
1138 5378 1448 5442 humecta.
1487 5367 1661 5424 Semel
1683 5379 1860 5442 atque
1889 5369 1995 5442 ite-

415 5451 541 5512 rum,
566 5439 639 5495 ita
663 5440 936 5512 scripturn
969 5441 1147 5511 reperi
1189 5440 1244 5494 in
1268 5439 1479 5504 codice,
1514 5454 1611 5509 pro
1643 5439 1864 5511 εὐήθεια
1888 5439 1991 5512 [sic

416 5507 525 5576 Mp.
560 5524 687 5566 cum
715 5508 841 5635 εἶσὶ).
886 5508 958 5564 Μ.

487 5580 600 5635 (tm
644 5580 779 5634 ’Υπο
818 5583 958 5635 εσηκ

487 5580 600 5651 ((2)
644 5577 1051 5646 ’Υποϐεϐηκόᾳ
1086 5579 1200 5634 lmo
1238 5577 1634 5651 ὑπερϐεϐηκὸς,
1666 5579 1780 5634 vult
1810 5578 1987 5649 Spiri-

426 5665 530 5703 ιιιιιι
562 5659 813 5704 sanctum
844 5653 1106 5718 majorem
1139 5651 1287 5718 omni
1318 5651 1422 5703 alia
1462 5661 1731 5712 creatura.
1762 5660 1870 5704 Non
1907 5659 1987 5703 ta-

437 5735 538 5790 uan
565 5717 977 5790 maioreutFilio
996 5720 1119 5789 quia
1144 5720 1208 5775 tle
1228 5717 1363 5774 Filio
1387 5720 1600 5790 accipit.
1637 5719 1706 5774 Μ.
1724 5719 1983 5775 —Delevi

427 5789 518 5860 οὑχ
547 5796 671 5842 ante
696 5787 856 5840 ὑποδ.

2168 5364 2514 5451 (65).γιιιεο·
2547 5362 2769 5451 ἁκοὺει;
2822 5375 2948 5416 mox
3004 5359 3161 5432 vulgo
3221 5359 3416 5429 σοφίας
3466 5359 3655 5412 ἁποκεο

2097 5457 2247 5512 κρυμ
2321 5455 2403 5491 νοι
2431 5441 2525 5490 καὶ
2554 5441 2825 5503 γνώσεως.
3407 5498 3422 5510 .

2155 5441 2449 5589 ιδέίέφοεξ
2476 5504 2651 5589 ,θεοῦ
2707 5498 3195 5589 Πνεῦμα-,ΕΓΒἒῖ
3221 5497 3651 5589 ,ετςεςεξιετιιειξε

2099 5567 2185 5632 τοῦ
2213 5567 2370 5649 Θεοῦ,
2400 5574 2654 5649 Θεὸς-ὣν,
2683 5567 2939 5649 τυγχάνει
2972 5569 3192 5649 Πνεῦμα
3218 5568 3312 5623 καὶ
3332 5567 3498 5649 αὑτρς
3513 5567 3652 5649 ξείνιον

2090 5649 2197 5702 τῶν
2227 5636 2416 5716 ἁγίων,
2437 5648 2485 5699 εἰ
2512 5636 2911 5716 δέᾲείκώνῖστι
2936 5638 3030 5691 τοῦ
3060 5636 3288 5716 ἀοράτου
3327 5636 3654 5716 Θεοὺηι-

2082 5718 2209 5771 Mox
2249 5707 2428 5781 vulgo,
2469 5714 2600 5769 εἰδὲ
2640 5713 2824 5774 εἰκών,
2850 5724 2905 5764 et
2937 5724 3084 5781 mox,
3114 5707 3408 5781 Πνεὺματα
3447 5707 3650 5776 λέγεται

2091 5789 2281 5842 ἀποστ.
2307 5779 2509 5851 διαταξ.
2548 5796 2602 5842 et
2624 5785 2721 5856 τῆς
2751 5781 2913 5838 αὑτοῦ
2944 5779 3226 5849 παλιγγεν.
