3810 6218
218 290 360 351 1015
925 390 929 392 _
1126 301 1214 361 DE
1251 304 1799 369 ECCLESIASTICA
1834 313 2229 374 TIIEOLOGIA
2264 318 2393 377 LIB.
2436 321 2522 379 ΠΙ.
2763 335 2772 351 τ
3320 336 3456 392 1014

212 413 275 466 αι
317 409 605 480 ἁγγαλικαὶ
641 411 900 485 δυνάμεις
946 411 1055 468 εἷεν
1101 417 1170 471 ἂν
1204 419 1492 491 πνεύματα
1514 440 1529 456 ο
1556 468 1559 473 ,
1589 424 1643 478 ὀ
1681 425 1781 498 γὰρ

1892 444 2012 485 cum
2063 434 2383 503 mysterium
2424 435 2554 492 illud
2600 441 3019 509 regenerationis
3059 446 3110 499 in
3147 446 3283 515 ipso,
3325 465 3456 519 apo-

212 501 401 558 ποιῶν
443 502 584 569 τοὺς
628 503 923 581 ἀγγέλους
969 507 1155 563 αὑτοῦ
1203 513 1511 581 πνεύματα
1557 515 1781 586 εἴρηται.

1889 523 2044 578 stolis
2075 501 2379 593 mandaret,
2409 528 2478 582 iis
2512 530 2605 600 qui
2642 501 2708 587 de
2755 535 3004 603 gentibus
3041 501 3323 598 crederent
3360 501 3458 600 Ian-

226 597 367 652 Ἀλλ“
383 596 534 651 οὐδὲν
555 596 758 652 τούτων
783 598 1090 665 ἐξισοῦσθαι
1109 601 1333 657 δύναται
1355 604 1431 675 τῷ
1452 606 1781 681 Παρακλήτῳ

1890 596 2721 690 nuntiandum,tradidit,qnam
2757 596 2830 677 wut
2880 596 3317 696 baptizarent'in
3361 651 3460 690 uo.

212 688 493 759 Πνεῦματι
513 706 526 719 ·
564 690 643 743 διὸ
674 692 740 761 τῇ
774 690 906 762 ἁγίᾳ⁵
938 692 1033 746 καὶ
1066 697 1442 768 τρισμακαρίᾳ
1474 699 1660 769 Τριάδι
1691 701 1781 770 μό-

1887 703 2028 758 mine
2062 704 2261 772 Patris,
2305 717 2360 763 et
2397 709 2542 773 Filii,
2580 688 2641 767 et
2692 712 2927 783 Spiritus
2952 688 3169 775 Isancti.
3207 728 3264 786 >14
3296 723 3458 780 Patre

217 797 303 833 ,ιον
334 779 494 832 τοῦτο
534 780 1037 852 συμπαρείληπται,
1071 784 1173 836 οὐκ
1203 784 1378 848 ἄλλως
1409 786 1503 840 τοῦ
1538 787 1781 860 Σωτῆρος

1885 795 2221 865 principante
2243 813 2273 852 a
2299 800 2476 869 seipso
2506 809 2561 857 et
2589 779 2814 873 gratiam
2852 807 3128 878 largiente,
3164 812 3298 869 Filio
3333 831 3457 870 vero

209 875 323 937 τοῖς
368 872 683 936 ἀποστόλοις
732 874 895 927 αὐτοῦ
944 874 1333 949 διαταξαμένου
1375 879 1436 932 τὸ
1484 882 1781 951 μυστήριον

1888 901 2007 939 eam
2039 888 2266 957 gratiam
2298 891 2713 949 administrante
2747 913 2760 949 :
2793 895 2979 954 Gratia
3012 903 3148 955 enim
3182 913 3231 956 et
3265 907 3456 959 veritas

210 964 312 1032 τῆς
361 965 778 1034 παλιγγενεσίας
820 967 983 1020 πᾶσιν
1035 971 1146 1032 τοῖς
1191 967 1251 1032 ἐξ
1297 969 1467 1022 ὲθνῶν
1496 972 1576 1035 είς
1621 971 1781 1025 αὐτὸν

1884 992 1976 1045 per
2014 977 2195 1032 Iesum
2238 979 2501 1036 Christum
2527 985 2592 1039 δι.
2630 986 2831 1055 Spiritu
2867 1000 3043 1046 autem
3079 1004 3266 1050 sancto
3294 996 3456 1050 nimi-

210 1054 529 1110 πιστεύουσι
581 1057 950 1128 παραδιδόναι,
988 1059 1020 1129 ἧ
1057 1060 1418 1129 βαπτίζοντας
1460 1065 1654 1128 αὐτοὺς
1704 1066 1781 1128 είς

1883 1081 1999 1119 rum
2055 1067 2144 1120 illo
2177 1068 2451 1125 Paracleto
2487 1088 2604 1127 eam
2656 1078 2967 1142 exliibente,
2994 1084 3288 1138 secundum
3331 1101 3459 1155 gra-

209 1149 274 1201 τὸ
315 1149 483 1220 ὄνομα
533 1149 628 1203 τοῦ
672 1151 881 1219 Πατρὸς
921 1153 1013 1204 καὶ
1054 1151 1152 1205 τοῦ
1187 1152 1318 1206 Υίοῦ
1355 1154 1449 1207 καὶ
1490 1154 1584 1207 τοῦ
1632 1157 1781 1225 ἁγίου

1886 1157 2077 1211 tiarum
2107 1161 2175 1215 ab
2211 1162 2328 1231 ipso
2370 1165 2680 1221 divisiones.
2714 1168 2815 1223 Uni
2860 1173 3061 1227 etenim
3098 1176 3255 1230 alicui
3299 1149 3459 1232 datur

211 1236 556 1310 Πνεῦματος·
584 1240 676 1295 τοῦ
709 1243 806 1313 μὲν
832 1244 1045 1315 Πατρὸς
1065 1243 1446 1310 αὑθεντοῦντος
1472 1248 1561 1300 καὶ
1588 1247 1781 1320 δωρου-

1890 1247 2122 1304 Verbum
2164 1255 2442 1322 sapientia;
2476 1273 2490 1308 :
2529 1259 2618 1312 alii
2677 1259 2906 1316 Verbum
2958 1265 3342 1334 intelligentiae,
3373 1285 3447 1324 se-

128 1378 135 1385 .
212 1331 377 1401 μένου
403 1331 500 1403 τὴν
535 1333 713 1402 χάριν,
757 1333 848 1388 τοῦ
887 1335 942 1389 δὲ
973 1336 1100 1389 Υἱοῦ
1135 1336 1306 1409 ταύτῃ
1339 1337 1781 1411 διακονουμένου·

1889 1343 2121 1397 eundum
2176 1347 2423 1401 eumdem
2459 1347 2716 1415 Spiritum
2752 1370 2765 1406 :
2808 1353 2959 1409 alteri
3001 1356 3131 1412 ﬁdes
3165 1358 3216 1412 in
3267 1362 3453 1416 eodem

222 1422 288 1475 Ἡ
313 1423 425 1492 γὰρ
454 1422 623 1492 χάρις
650 1424 745 1477 καὶ
788 1425 826 1493 ἡ
870 1424 1119 1493 ἀλήθεια
1161 1427 1258 1481 διὰ
1308 1428 1501 1495 Ἰησοῦ
1529 1429 1781 1497 Χριστοῦ

1893 1431 2097 1501 Spiritu
2133 1446 2226 1492 :et
2258 1453 2377 1507 quae
2418 1441 2620 1511 reliqua
2669 1445 2736 1498 ad
2780 1445 2939 1499 istum
2985 1448 3200 1503 modum
3239 1451 3455 1509 enume-

206 1513 468 1581 ἐγένετο,
501 1513 595 1567 τοῦ
628 1514 684 1567 δὲ
715 1516 870 1585 ἁγίου
897 1515 1228 1588 Πνεὺματος,
1253 1518 1454 1589 δηλαδὴ
1482 1519 1575 1572 τοῦ
1603 1523 1786 1591 Παρα-
1893 1534 2106 1581 rantur.

208 1605 433 1677 κλήτου,
464 1606 626 1661 αὐτοῦ
656 1607 805 1674 ὄντος
842 1610 936 1664 τοῦ
980 1611 1380 1682 χορηγουμένου
1428 1613 1567 1666 κατὰ
1626 1614 1725 1677 τὰς
1787 1618 1844 1668 ἐν
1884 1617 2030 1689 αὐτῷ
2076 1620 2365 1693 διαιρέσεις
2409 1624 2515 1678 τῶν
2548 1627 2920 1699 χαρισμάτωνο
2966 1621 3010 1696 ᾦ
3068 1633 3165 1702 μὲν
3212 1635 3318 1705 γὰρ
3369 1637 3455 1690 διὰ

207 1695 306 1749 τοῦ
350 1698 663 1769 Πνεῦματος
694 1701 893 1754 δίδοται
942 1701 1096 1769 λόγος
1125 1702 1337 1771 σοφίας,
1364 1703 1510 1774 ἄλλῳ
1539 1704 1595 1756 δὲ
1625 1704 1793 1774 Λόγος
1832 1709 2085 1775 γνώσεως
2124 1711 2265 1764 κατὰ
2317 1714 2377 1767 τὸ
2439 1695 2570 1770 αὐτὸ
2604 1695 2847 1791 Πνεῦμω
2879 1722 3049 1795 ἑτέρῳ
3069 1695 3258 1790 ’πίστις
3289 1695 3348 1780 εν
3380 1729 3456 1799 τῷ

212 1787 364 1858 αὐτῷ
429 1790 726 1862 Πνεῦματι,
792 1793 886 1845 καὶ
954 1793 1021 1846 τὰ
1069 1794 1278 1858 τούτοις
1335 1793 1793 1866 κατηριθμημένα
1828 1801 2047 1870 ὁμοίιος.

850 1885 1005 1938 ΚΕΦ.
1056 1889 1145 1952 εἷ’.
1818 1896 1862 1953 Β
2532 1902 2681 1957 CAP.
2728 1904 2810 1958 Vl.

573 1914 584 1927 ο
850 1896 1005 1938 λιιι).
1056 1896 1145 1952 εἶ’.

208 1970 415 2036 Ὀπως
436 1971 819 2071 τῃεκξιλησία
842 1974 971 2041 περὶ
990 1973 1219 2052 ηατρός
1238 1975 1484 2071 κέιξὲΐίοῦ
1500 1976 1597 2030 καὶ
1613 1976 1781 2046 ἁγίου

2532 1902 2681 1957 CAP.
2728 1904 2810 1958 Vl.

1889 1983 2018 2050 Quae
2044 1988 2112 2041 sit
2141 1986 2644 2055 Ecclesiazlraditio,
2671 1998 2733 2048 de
2751 1993 2930 2064 Patre,
2955 2008 3000 2051 et
3027 1996 3168 2053 Filio
3184 2010 3230 2054 et
3249 2002 3455 2071 Spiritu

457 2043 799 2111 Πνεύματος
832 2044 1037 2111 φρονεῖ
1036 2062 1074 2095 ν
1110 2045 1535 2113 παραδίδωσιν.
1661 2043 1672 2046 ’

1893 2043 1928 2050 ’⁷
2561 2043 2759 2118 sancto.

279 2131 353 2184 Τὸ
384 2133 483 2203 μὲν
505 2127 597 2186 οὖν
625 2132 776 2200 ἅγιον
810 2134 1034 2204 Πνεῦμα
1068 2136 1246 2206 μόνοις
1276 2138 1451 2205 ἁγίοις
1481 2138 1781 2209 ἐμφιλοχω-

1960 2146 2192 2205 Sanctus
2221 2166 2351 2223 ergo
2395 2152 2664 2222 Spiritus,
2692 2167 2912 2213 sanctos
2949 2159 3096 2216 solos
3126 2162 3454 2226 inhabitans,

209 2227 327 2297 ρεῖν
372 2224 602 2293 πέφυκε,
652 2224 740 2277 διὰ
772 2224 865 2278 τοῦ
908 2225 1037 2278 Υίοῦ
1087 2228 1509 2301 χορηγούμενον,
1553 2224 1633 2293 οἷς
1666 2230 1732 2283 ἂν
1758 2232 1787 2283 ό

205 2314 403 2385 Πατὴρ
435 2315 691 2386 κρίνειεν.
733 2316 843 2368 Καὶ
874 2316 1018 2369 τοῦτ’
1059 2317 1123 2371 ἂν
1167 2319 1250 2389 εἴη
1289 2318 1447 2389 ἔργον
1492 2318 1678 2383 αὐτοῦ,
1725 2319 1788 2373 τὸ

208 2407 420 2470 πάντας
455 2406 722 2476 ἁγιάζειν,
770 2402 852 2471 οἷς
886 2409 952 2462 ἂν
985 2409 1101 2473 ἑνός
1132 2427 1274 2473 τινος
1313 2410 1344 2481 ἢ
1392 2409 1485 2463 καὶ
1528 2411 1786 2464 πλειόνων

209 2495 475 2567 μεταδιδῶ
504 2496 612 2550 τῶν
643 2499 700 2550 ἐν
729 2498 877 2567 αὐτῷ
910 2492 1284 2570 χαρισμάτων,
1318 2501 1393 2563 ὡς
1433 2501 1527 2553 καὶ
1572 2503 1785 2573 προφή-

204 2603 310 2651 τας
341 2587 435 2642 καὶ
464 2588 791 2652 ἀποστόλους
823 2590 916 2643 καὶ
951 2592 1130 2643 πᾶσαν
1156 2589 1375 2660 θεοφιλῆ
1410 2590 1607 2661 ψυχὴν,
1639 2592 1786 2655 εἰκὸς

204 2679 264 2732 δὲ
292 2679 384 2732 καὶ
409 2679 506 2741 τὰς
527 2679 806 2750 κρείττους
835 2681 930 2734 καὶ
953 2681 1102 2745 θείας
1129 2682 1384 2753 δυνάμεις
1405 2683 1504 2753 τῆς
1533 2683 1592 2748 ἐξ
1621 2684 1784 2738 αὑτοῦ

210 2772 647 2843 μεταλαμϐάνειν
685 2772 994 2843 ἁγιότητος·
1029 2775 1057 2825 ὁ
1081 2774 1137 2826 δὲ
1168 2774 1291 2837 Υἱὸς
1328 2775 1489 2844 μόνος
1544 2779 1780 2847 πατρικῇ

207 2861 425 2933 θεότητι
463 2864 822 2934 τετιμημένος
859 2866 1138 2935 ποιητικὸς
1178 2866 1244 2919 ἂν
1272 2866 1361 2937 εἴη
1394 2868 1489 2919 καὶ
1527 2866 1786 2938 δημιουρ-

206 2953 362 3021 γικὸς
390 2953 489 3024 τῆς
522 2954 630 3006 τῶν
662 2955 904 3024 γενητῶν
938 2956 1211 3019 ἁπάντων,
1247 2956 1455 3027 ὁρατῶν
1483 2974 1543 3009 τε
1575 2958 1669 3010 καὶ
1691 2958 1785 3010 ἁο-

208 3045 389 3118 ράτων
424 3044 516 3098 καὶ
559 3045 622 3116 δὴ
654 3045 765 3116 (65)
806 3046 900 3100 καὶ
934 3048 1103 3127 αὐτῆς
1148 3048 1245 3118 τῆς
1290 3047 1382 3101 τοῦ
1416 3048 1783 3120 Παρακλήτου

208 3135 351 3189 Πνεύ
359 3153 524 3207 ματος
546 3138 829 3209 ὑπάρξεως
848 3154 861 3168 ·
898 3138 1099 3192 Πάντα
1116 3138 1223 3207 γὰρ
1237 3139 1308 3192 δι’
1330 3140 1513 3195 αὐτοῦ
1528 3140 1782 3210 ἐγένετο,

1887 2252 1978 2305 per
2010 2239 2203 2296 Filium
2241 2245 2548 2313 impertitur
2587 2248 2671 2312 iis,
2695 2264 2828 2316 quos
2856 2249 3016 2307 Pater
3055 2256 3453 2324 approbaverit.

1886 2326 2033 2396 Opus
2061 2329 2176 2398 ejus
2205 2328 2477 2401 proprium
2514 2344 2594 2391 est
2621 2337 2964 2395 san’ctiﬁcare
3005 2356 3214 2397 omnes.
3250 2344 3457 2411 Quibus

1886 2415 2107 2487 singulis
2138 2436 2299 2474 unum
2326 2422 2560 2493 aliquod,
2593 2426 2674 2481 vel
2698 2428 2858 2482 etiam
2887 2430 3038 2498 plura
3067 2432 3329 2487 interdum
3358 2450 3457 2488 sua

1885 2508 2207 2564 charismata
2242 2512 2523 2583 elargitur.
2570 2518 2718 2572 Adeo
2767 2529 2825 2574 ut
2862 2523 3153 2591 propheta»,
3204 2526 3455 2593 apostoli,

1884 2599 2061 2654 omnis
2092 2602 2271 2656 anima
2313 2603 2420 2659 Deo
2444 2605 2605 2661 chara
2634 2625 2647 2661 :
2674 2609 2925 2666 fortassis
2961 2624 3016 2669 et
3054 2616 3247 2671 divina:
3277 2616 3379 2673 illa:
3404 2625 3459 2675 es

1884 2692 2294 2748 excellentiores
2343 2709 2658 2766 potestates,
2705 2703 2845 2758 illius
2875 2705 3160 2775 participes
3199 2708 3331 2763 llaut
3363 2723 3459 2777 per

1885 2796 2005 2835 eum
2045 2786 2433 2843 sanctiﬁmlazz
2469 2791 2615 2845 solus
2663 2804 2841 2848 autem
2882 2794 3052 2850 Filius
3091 2812 3312 2868 paterna
3344 2803 3458 2858 dei-

1890 2880 1996 2927 tate
2024 2872 2341 2941 honoratus,
2367 2890 2623 2948 operatus
2667 2881 2830 2937 fuerit
2863 2896 2917 2940 et
2946 2890 3281 2956 produxerit,
3324 2893 3454 2948 sub-

1885 2963 2124 3018 sistentia
2165 2977 2345 3021 creata
2388 2972 2597 3035 omnia,
2634 2973 2904 3041 visibilis,
2944 2977 3251 3045 invisibilia,
3297 2989 3458 3050 atque

1886 3055 2021 3109 adeo
2056 3056 2230 3125 ipsum
2276 3074 2490 3130 quoque
2537 3062 2797 3132 Spiritum
2844 3066 3183 3125 Paracletum
3220 3090 3232 3125 :
3264 3070 3491 3127 Omnia»

1885 3149 2043 3211 enim,
2083 3149 2276 3219 inquit,
2306 3169 2398 3221 per
2419 3155 2591 3223 ipsum
2636 3156 2777 3225 facta
2814 3170 2958 3225 sunt,
3006 3172 3053 3216 et
3088 3164 3200 3217 sine
3234 3165 3345 3233 ipso
3374 3167 3457 3229 [a-

207 3226 307 3280 καὶ
337 3228 515 3296 χωρὶς
551 3229 737 3283 αὐτοῦ
779 3228 1016 3299 ἐγένετο
1048 3229 1189 3284 οὐδὲ
1218 3230 1306 3283 ἓν·
1337 3232 1451 3295 καὶ,
1499 3234 1602 3288 Ἐν
1626 3231 1781 3298 αὐτῷ

1888 3248 2026 3291 ctum
2052 3248 2129 3293 est
2167 3242 2299 3295 nihil
2327 3246 2394 3296 θ’.
2422 3245 2509 3309 Et,
2536 3245 2600 3300 lu
2625 3248 2737 3316 ipso
2762 3251 2973 3305 condita
2994 3262 3114 3306 sunt
3138 3226 3315 3308 omnia
3341 3226 3458 3324 qua:

204 3317 454 3387 ἐκτίσθη
493 3321 567 3375 τὰ
606 3321 822 3384 πάντα,
857 3321 930 3375 τὰ
964 3322 1034 3374 ἐν
1069 3322 1193 3388 τοῖς
1234 3324 1528 3391 οὐρανοῖς,
1584 3325 1682 3380 καὶ
1715 3325 1789 3380 τὰ

204 3409 308 3464 ἐπὶ
344 3409 453 3478 τῆς
493 3411 621 3481 τῆς,
653 3412 772 3467 εἴτε
802 3412 1002 3482 ὁρατὰ,
1034 3414 1154 3468 εἴτε
1187 3415 1428 3482 ἀόρατα.
1487 3417 1546 3469 '0
1578 3416 1633 3470 δὲ
1659 3417 1788 3470 ἑπέ-

204 3520 363 3556 κεινα
401 3503 508 3556 τῶν
552 3503 688 3557 ὅλων
718 3504 849 3568 Θεὸς
890 3507 985 3559 καὶ
1024 3506 1214 3577 Πατὴρ
1259 3506 1352 3559 τοῦ
1399 3508 1602 3579 Κυρίου
1630 3508 1787 3579 ἡμῶν

218 3594 397 3666 Ἰησοῦ
432 3596 689 3665 Χριστοῦ,
719 3598 952 3669 ἁῤῥητόν
996 3616 1048 3651 τι
1096 3597 1171 3651 ὣν
1201 3599 1424 3667 ἀγαθὸν,
1457 3599 1549 3653 καὶ
1587 3601 1788 3665 παντὸς

204 3688 468 3760 λογισμοῦ
494 3691 586 3744 καὶ
613 3692 849 3755 διανοίας
878 3692 1060 3762 φωνῆς
1093 3710 1151 3745 τε
1197 3695 1376 3763 πάσης
1420 3694 1513 3747 καὶ
1546 3693 1785 3764 ἐνθυμή-

208 3798 350 3847 σεως
386 3785 648 3854 κρεῖττον,
678 3785 814 3855 ὁμοῦ
854 3787 961 3840 τῶν
993 3788 1208 3841 πάντων
1239 3787 1340 3840 ὅσα
1374 3788 1503 3840 ποτε
1534 3787 1663 3840 ὅντα
1693 3788 1787 3841 καὶ

204 3875 365 3927 ὁποῖα
393 3874 646 3944 τυγχάνει
678 3874 842 3929 αὐτοῦ
871 3894 931 3930 τε
956 3877 1049 3930 τοῦ
1079 3878 1234 3946 ἁγίου
1258 3878 1589 3948 Πνεῦματος,
1614 3893 1784 3949 προσ-

205 3965 290 4020 ἑτι
324 3966 381 4020 δὲ
408 3967 500 4019 καὶ
524 3966 616 4020 τοῦ
643 3968 962 4037 μονογενοῦς
985 3969 1137 4031 Υἱοῦ,
1164 3969 1568 4041 καθηγούμενος
1594 3969 1787 4040 μόνος,

205 4056 432 4122 εἰκότως
457 4060 485 4112 ό
525 4059 618 4113 ἐπὶ
653 4060 889 4121 πάντων,
920 4061 1013 4114 καὶ
1039 4061 1129 4115 διὰ
1157 4062 1393 4125 πάντων,
1437 4063 1531 4116 καὶ
1564 4065 1622 4115 ὲν
1648 4063 1785 4115 πᾶσι

205 4149 341 4214 Θεὸς
365 4152 669 4222 ἀνείρηται,
702 4154 853 4224 παρὰ
883 4155 962 4225 τῷ
990 4156 1295 4226 Ἀποστόλῳ
1322 4156 1501 4226 φάντι,
1534 4151 1640 4222 Εἷς
1664 4156 1784 4210 Κύ-

194 4258 351 4309 ριος,
378 4245 488 4311 μία
523 4244 746 4307 πίστις,
787 4243 856 4298 ἐν
883 4245 1216 4315 βάπτισμα,
1257 4243 1345 4312 εἷς
1396 4249 1540 4311 Θεὸς
1573 4246 1779 4315 Πατὴρ

204 4329 448 4385 πάντων
474 4335 506 4387 ό
542 4332 640 4386 ἐπὶ
668 4334 910 4389 πάντων
930 4336 1029 4390 καὶ
1056 4336 1153 4390 διὰ
1174 4336 1415 4390 πάντων
1442 4337 1539 4389 καὶ
1569 4337 1639 4390 ἐν
1658 4335 1772 4407 (66)

205 4421 378 4478 πᾶσι.
407 4425 518 4478 Καὶ
550 4424 709 4496 μόνος
743 4428 840 4497 μὲν
869 4428 1032 4492 αὐτὸς
1062 4422 1142 4491 εἷς
1186 4428 1317 4491 Θεὸς
1355 4428 1449 4481 καὶ
1475 4427 1662 4499 Πατὴρ
1686 4427 1783 4481 τοῦ

1889 3341 2008 3385 sunt
2041 3334 2095 3386 in
2123 3333 2284 3399 cretis,
2309 3345 2358 3390 et
2396 3353 2516 3407 qua:
2550 3356 2709 3407 super
2742 3354 2956 3410 terram,
2980 3345 3085 3399 sive
3105 3345 3352 3414 visibilia,
3379 3348 3455 3402 si-

1888 3437 1945 3475 ve
1973 3424 2257 3479 invisibilia
2274 3426 2339 3479 ⁸³.
2371 3420 2513 3484 Deus
2552 3440 2728 3487 autem
2755 3433 2844 3489 ille
2878 3450 3040 3504 super
3060 3438 3265 3503 omnia,
3299 3438 3459 3494 Pater

1890 3511 2099 3567 Domini
2137 3517 2305 3570 nostri
2353 3516 2480 3573 Jesn
2526 3518 2750 3584 Christi,
2800 3537 2921 3576 cum
2978 3525 3050 3578 sit
3097 3525 3458 3583 inenarrabile

1888 3602 2156 3671 quoddam
2207 3607 2426 3673 bonum,
2451 3624 2665 3664 omnem
2717 3627 3051 3681 exsuperans
3094 3616 3459 3673 ratiocinatio-

1888 3709 2032 3760 nem,
2057 3696 2461 3767 cogitationem,
2496 3716 2683 3756 vocem
2733 3718 2951 3758 onmem
2989 3706 3456 3776 disquisitionem-

1887 3801 2012 3854 que.
2042 3786 2293 3843 Omnium
2344 3807 2523 3847 rerum
2572 3806 2836 3866 quotquot
2867 3799 3078 3853 demum
3110 3799 3245 3866 illae,
3276 3809 3332 3856 et
3362 3817 3457 3857 cu-

1880 3876 2330 3950 jusmodicunqne
2380 3884 2621 3953 l‘ueriut,
2677 3888 2861 3956 ipsius'
2923 3890 3145 3961 insuper
3219 3892 3456 3962 Spiritus

1886 3978 2125 4036 sanctus,
2155 3979 2210 4025 et
2250 3971 2366 4027 Filii
2393 3975 2618 4031 ulterius
2644 3968 2931 4049 unigeniti,‘
2962 3980 3070 4036 dux
3111 3991 3167 4037 et
3206 3985 3458 4055 princeps

1886 4068 1988 4125 est,
2014 4076 2112 4116 nec
2152 4062 2345 4133 injuria
2377 4066 2560 4133 solus;
2584 4081 2706 4122 cum
2737 4069 2899 4139 super
2916 4074 3120 4135 omnia,
3154 4081 3207 4128 et
3235 4088 3328 4141 per
3347 4091 3459 4130 om-

1886 4152 2008 4216 nia,
2040 4161 2096 4206 et
2123 4154 2174 4207 in
2209 4157 2458 4211 omnibus
2504 4160 2642 4214 Deus
2689 4163 3011 4229 praedicetur
3055 4163 3124 4218 ab
3177 4164 3452 4234 Apostolo.

1885 4245 1973 4299 ubi
2010 4247 2107 4308 ait,
2140 4245 2289 4300 Unus
2316 4246 2595 4314 Dominus,
2636 4268 2741 4307 una
2774 4248 2927 4321 ﬁdes,
2957 4270 3119 4308 unum
3149 4255 3405 4323 baptisma
3434 4273 3455 4319 ;

1883 4353 2018 4391 unus
2045 4336 2206 4401 Deus,
2242 4337 2407 4394 Pater
2438 4344 2689 4408 omnium,
2728 4346 2841 4415 qui"
2870 4337 3137 4416 est‘super
3175 4349 3374 4404 omnia.
3407 4359 3456 4402 et

1882 4446 1974 4497 per
1996 4431 2194 4495 omnia,
2225 4440 2273 4485 et
2305 4433 2361 4485 in
2388 4435 2630 4490 omnibus
2680 4436 2907 4493 Deus";
2926 4435 3084 4494 Solus
3125 4439 3339 4508 quidem
3367 4439 3458 4493 ille

204 4515 414 4585 Κυρίου
449 4515 604 4586 ἡμῶν
662 4516 836 4588 Ἰησοῦ
880 4518 1117 4590 Χριστοῦ
1156 4519 1482 4591 χρηματίζοι
1530 4518 1618 4583 ἂν,
1658 4520 1687 4572 ό
1725 4517 1781 4571 δὲ

1890 4519 2053 4582 Deus.
2078 4534 2131 4575 et
2164 4520 2324 4578 Pater
2357 4522 2568 4577 Domini
2612 4530 2670 4588 Et
2705 4526 2871 4580 nostri
2897 4524 3024 4581 Jesu
3074 4528 3272 4583 Christi
3302 4527 3449 4580 dica-

206 4605 335 4669 Υἱὸς
372 4607 662 4679 μονογενὴς
691 4608 844 4672 Θεὸς,
879 4611 907 4661 ό
943 4608 1018 4663 ὢν
1063 4613 1144 4673 είς
1174 4610 1266 4663 τὸν
1311 4610 1508 4663 κόλπον
1536 4609 1631 4664 τοῦ
1667 4610 1781 4663 Πα-

203 4697 352 4769 τρὸς,
406 4699 467 4752 τὸ
500 4698 557 4752 δὲ
602 4699 950 4773 παράκλητον
992 4701 1236 4771 Πνεῦμα,
1287 4701 1411 4754 οὔτε
1457 4702 1611 4765 Θεὸς,
1657 4699 1781 4754 οὔτε

204 4790 354 4854 Υίόςο
403 4790 524 4844 ἐπεὶ
565 4791 640 4862 μὴ
680 4793 744 4846 ὲκ
784 4792 881 4845 τοῦ
925 4794 1139 4863 Πατρὸς
1188 4794 1391 4864 ὁμοίως
1419 4791 1499 4862 τῷ
1532 4790 1647 4861 Υἱῷ
1687 4792 1783 4844 καὶ

204 4881 336 4936 αὐτὸ
359 4881 456 4952 τὴν
490 4881 703 4951 γένεσιν
735 4883 977 4954 εἴληφεν,
1009 4884 1067 4937 ἓν
1100 4884 1157 4937 δέ
1189 4903 1240 4938 τι
1267 4884 1375 4937 τῶν
1406 4882 1494 4937 διὰ
1521 4882 1616 4935 τοῦ
1646 4881 1777 4934 Υίοῦ

204 4972 511 5043 γενομένων
556 4974 833 5045 τυγχάνει,
883 4977 964 5029 ὅτι
1002 4976 1113 5047 (67)
1146 4976 1210 5047 δὴ
1244 4974 1440 5028 πάντα
1482 4973 1557 5026 δι’
1588 4972 1775 5027 αὐτοῦ

1887 4619 1976 4664 tur
2005 4629 2019 4666 :
2050 4611 2219 4668 Filius
2248 4616 2556 4685 unigenitus
2588 4616 2853 4686 Deus.qui
2878 4625 2995 4672 erat
3020 4618 3071 4672 in
3103 4619 3221 4672 sinu
3256 4617 3453 4673 Patris.

1880 4703 1951 4758 At
1974 4703 2207 4773 Spiritus
2250 4704 2570 4762 Paracletus
2594 4747 2609 4772 ,
2641 4723 2816 4778 neque
2855 4709 3017 4776 Dens,
3059 4725 3231 4778 neque
3264 4709 3453 4765 Filius.

1881 4789 2144 4856 Quoniam
2175 4809 2281 4848 non
2319 4796 2386 4850 de
2424 4794 2582 4849 Patre
2632 4784 2852 4865 perinde
2888 4808 3049 4868 atque
3078 4799 3248 4854 Filius
3291 4814 3456 4870 gene-

1881 4879 1982 4931 sim
2039 4884 2270 4951 accepit,
2301 4893 2356 4938 et
2390 4901 2529 4940 unus
2557 4902 2624 4942 ex
2670 4902 2857 4942 eorum
2887 4904 3051 4945 censu
3080 4898 3196 4954 est,
3231 4893 3320 4961 qui
3359 4906 3455 4960 per

1884 4968 2075 5025 Filium
2143 4974 2514 5032 condebantur
2564 4995 2577 5032 :
2629 4979 3062 5050 quandoquidem
3126 4984 3302 5036 omnia
3364 4999 3457 5051 per

289 5133 349 5192 >11
380 5127 479 5184 Ed.
512 5128 704 5194 Paris..
734 5146 855 5203 pag.
892 5132 1013 5187 174.
1075 5133 1196 5188 175.
1273 5133 1317 5165 ⁸⁸
1345 5130 1499 5188 Joan,
1526 5146 1563 5199 ι,
1587 5130 1673 5185 Π,
1751 5130 1781 5162 ιε

1883 5128 1942 5186 (1.
1971 5130 2026 5185 3.
2105 5128 2154 5163 ⁸³
2184 5129 2390 5188 Coloss.
2423 5134 2574 5201 t,16.
2647 5133 2695 5168 ⁸⁵
2721 5134 2919 5206 Ephes.
2949 5136 3099 5203 tv,5,
3138 5136 3193 5192 6.

275 5306 406 5390 (ρει
416 5309 526 5364 Καὶ
552 5310 739 5380 αὐτῆς
759 5310 874 5390 τῇςΔ
888 5314 996 5390 τοῦ
1023 5315 1417 5385 Παρακλήτου
1436 5321 1780 5390 Πνεύματος

202 5376 537 5453 ὑπάρξεως,
567 5376 757 5450 aperte
785 5376 1046 5453 Spiritum
1092 5376 1363 5449 sant-tuin.
1420 5390 1471 5442 in
1523 5376 1646 5445 albo
1690 5376 1778 5444 re:

205 5452 358 5513 ponit
387 5458 786 5529 creaturarum,
813 5467 1072 5529 __eumgue
1111 5470 1138 5506 a
1165 5455 1309 5529 Filio
1348 5459 1573 5529 perinde
1615 5471 1780 5529 atque

204 5529 402 5596 caetera
439 5521 760 5596 productum
795 5521 1245 5596 disertisverbis
1280 5521 1492 5596 scribit,
1534 5521 1780 5596 quod'et

204 5588 389 5672 statim
464 5588 847 5672 idasp‘bemus‘
879 5594 1093 5672 repetit.
1157 5595 1231 5648 Τὸ
1298 5595 1380 5672 δὲ-
1421 5588 1780 5672 Παράκλητον

205 5656 431 5739 “(super
450 5656 761 5739 εότεθεός,
793 5660 914 5739 abre
942 5656 1099 5739 Tiég,
1128 5673 1260 5739 etc,"
1290 5667 1381 5735 qui
1419 5682 1487 5723 eo
1508 5656 1776 5739 'majoiem

205 5732 424 5795 quidem
448 5727 644 5785 Filium
677 5734 889 5802 statuit,
917 5735 1009 5789 sed
1031 5727 1282 5792 eumdem
1308 5727 1484 5806 ipsum
1515 5727 1776 5798 minorem

1876 5322 2059 5385 Patre,
2097 5330 2156 5376 ut
2189 5322 2491 5377 mirandum
2539 5322 2611 5378 sit
2640 5321 2926 5378 Socratem
2957 5321 3092 5377 adeo
3127 5321 3451 5391 desipuisse.

1874 5393 1967 5461 qui
2006 5394 2119 5446 haec
2173 5395 2375 5462 scripta
2417 5394 2754 5461 produxerit,
2803 5402 2863 5446 ut
2913 5392 3211 5447 Eusebium
3249 5393 3450 5446 immu-

1876 5477 1999 5514 nem
2051 5465 2310 5531 probaret
2360 5462 2428 5517 ab
2476 5463 2782 5518 Arianismo
2816 5480 2830 5516 :
2860 5471 2917 5517 et
2952 5473 3130 5516 tamen
3168 5476 3334 5516 ausus
3367 5473 3454 5517 est

1872 5531 2237 5603 oAIIatttpilou,
2267 5533 2366 5588 has
2393 5533 2489 5603 sui
2512 5534 2695 5603 ipsius
2747 5531 3117 5603 blasphemiae
3169 5531 3452 5589 catholica:

1876 5601 2132 5657 Ecclesiae
2157 5603 2450 5657 ascribere.
2476 5601 2549 5660 M.

1951 5670 2065 5743 (66)
2091 5672 2258 5743 Vulgo
2287 5674 2422 5726 πᾶσι
2441 5672 2595 5739 Θεός.

1949 5741 2058 5813 (67)
2098 5741 2263 5813 Vulgo
2291 5743 2368 5809 δέ,
2397 5754 2452 5800 et
2482 5761 2603 5802 mox
2626 5744 2747 5800 ὅλον
2774 5746 2867 5801 τοῦ
2899 5747 2957 5800 Σ.
