3810 6218
347 260 490 329 tals

1027 255 1296 312 EUSEBII
1335 255 1818 314 CESARIENSIS
1854 253 1935 312 ΟΡ

2057 252 2230 312 PARS
2267 249 2355 308 IV.
2396 287 2466 297 —
2503 249 2930 312 DOGMATICA.

3469 253 3638 310 ιοισ

349 381 520 445 ipsum
551 377 693 447 facta
722 386 865 442 sunt,
891 387 938 431 et
965 378 1078 432 sine
1109 378 1221 444 ipso
1257 384 1455 446 factum
1478 387 1555 434 est
1576 378 1724 433 nihil.
1747 379 1922 447 Atque

2058 378 2276 448 γένετο,
2304 381 2402 435 καὶ
2435 380 2610 450 χωρὶς
2642 379 2826 435 αὑτοῦ
2857 372 3099 448 ἐγένετο
3132 373 3273 428 οὐδὲ
3296 373 3387 430 ἐν.
3418 377 3639 432 Tanta.

352 471 453 525 ista
477 470 689 539 quidem
722 468 788 522 ad
815 469 957 522 hunc
1005 469 1222 523 modum
1259 479 1463 524 sanctae
1489 479 1616 525 sunt
1645 477 1700 524 et
1729 469 1920 523 catho-

2025 470 2122 538 μὲν
2183 465 2277 523 οὖν
2347 473 2446 542 τῆς
2510 469 2800 541 καθολικῆς
2888 464 2988 522 καὶ
3055 465 3217 532 ἁγίας
3276 466 3636 537 Ἐκκλησίας

351 561 467 616 licae
520 559 771 614 Ecclesiae
820 559 1036 623 tradita,
1100 573 1336 628 voceque
1384 560 1567 614 divina
1607 561 1921 629 consignata

2057 560 2123 613 »δὲ
2154 579 2230 630 πη
2264 560 2351 615 διὰ
2370 561 2477 615 τῶν
2505 561 2664 613 θείων
2695 561 2886 628 φωνῶν
2913 555 3264 634 παραδίδοται
3290 556 3378 610 τὰ·
3395 560 3636 630 μυστή-

352 650 626 718 mysteria.
684 647 968 704 Marcellus
1013 664 1145 704 vero
1193 650 1526 718 permiscens
1571 651 1775 716 omnia,
1820 649 1922 704 ali-

352 739 568 809 quando
590 739 642 794 in
665 741 990 808 profundum
1009 755 1065 796 se
1083 741 1552 796 Sabellianismum
1580 743 1920 811 praecipitat:

351 829 638 900 aliquando
676 830 828 886 Pauli
869 832 1013 886 illius
1040 847 1070 886 a
1115 834 1419 889 Samosatis
1463 833 1710 889 haeresim
1761 848 1923 890 reno-

350 935 481 976 vare
505 921 639 985 vult,
674 922 963 992 aliquando
985 921 1203 985 Iudaeus
1235 934 1443 978 tantum
1480 939 1587 979 non
1623 926 1926 996 deprehen-

353 1013 539 1067 ditur:
573 1029 732 1067 unam
768 1016 964 1070 etenim
1009 1015 1322 1086 hypostasin
1368 1017 1806 1087 tripersonatam,
1849 1018 1924 1072 uti

353 1113 412 1160 et
441 1105 782 1159 triuominem
821 1106 1146 1171 introducit,
1177 1108 1424 1163 eumdem
1476 1109 1750 1167 allirmans
1806 1123 1928 1171 esse

356 1196 548 1260 Deum,
579 1205 633 1249 et
681 1196 734 1250 in
787 1195 896 1254 Deo
951 1197 1206 1262 Verbum,
1240 1211 1295 1253 et
1346 1198 1615 1268 Spiritum
1658 1209 1925 1254 sanctum.

354 1283 745 1356 Transgressus
791 1287 915 1340 inde
962 1288 1024 1340 ad
1082 1288 1320 1357 Apostoli
1359 1290 1424 1342 de
1467 1290 1680 1344 Christo
1721 1291 1929 1345 theolo—

355 1378 530 1446 giam,
562 1377 798 1432 diversas
852 1379 939 1432 hic
975 1373 1195 1432 adhibet
1248 1380 1745 1449 interpretationes.
1793 1379 1926 1434 Nam

355 1483 478 1527 cum
508 1469 737 1521 exertim
769 1469 1056 1536 Apostolus
1085 1469 1278 1524 Filium
1312 1469 1430 1533 Dei,
1457 1471 1620 1526 Deum
1650 1473 1927 1541 praedicet,

356 1567 416 1609 ut
440 1558 528 1612 ubi
555 1560 647 1621 ait,
677 1557 779 1624 Qui
804 1569 880 1613 est
907 1560 1081 1630 imago
1106 1560 1201 1614 Dei
1224 1561 1525 1628 invisibilis,
1554 1564 1929 1632 primogenitus

357 1648 526 1704 omnis
559 1659 832 1713 creaturae,
849 1650 1092 1720 quoniam
1118 1652 1173 1704 in
1195 1651 1284 1705 illo
1312 1662 1488 1706 creata
1517 1663 1636 1707 sunt
1663 1654 1922 1721 universa,

2024 671 2136 725 pta'
2172 653 2489 726 Μάρκελλος
2521 653 2576 706 δὲ
2626 654 2805 707 πάντα
2839 645 3037 723 φύρας,
3071 649 3201 702 ποτὲ
3221 649 3346 721 ’μὲν
3392 653 3480 715 εις
3520 652 3634 704 αὺ-

2024 743 2113 795 τὸν
2135 743 2256 796 ὅλον
2287 744 2377 797 τὸν
2403 742 2693 797 Σαϐελλίου
2724 741 2882 811 βυθον
2912 739 3102 812 χωρεῖ,
3133 739 3264 792 ποτὲ
3295 739 3351 792 δὲ
3388 740 3629 793 Παύλου

2027 833 2121 886 τοῦ
2163 835 2524 905 Σαμοσατέως
2552 832 2907 888 ἀνανεοῦσθαι
2944 830 3201 904 πειρᾶται
3239 829 3338 902 τὴν
3367 833 3626 904 αἵρεσιν,

2029 925 2159 980 ποτὲ
2207 925 2264 978 δὲ
2319 926 2567 989 Ἰουδαῖος
2607 923 2681 976 ὢν
2732 923 2991 995 ἄντικρυς
3033 921 3416 991 ἁπελέγχεται·
3477 923 3627 994 μίαν

2031 1016 2138 1087 γὰρ
2182 1017 2478 1070 ὑπόστασιν
2515 1017 2898 1088 τριπρόσωπον
2930 1013 3120 1087 ὥσπερ
3161 1015 3257 1068 καὶ
3294 1013 3627 1086 τριώνυμου

2030 1109 2264 1178 εἰσάγει,
2298 1110 2390 1162 τὸν
2429 1110 2592 1163 αὐτὸν
2626 1105 2764 1162 εἶναι
2792 1109 2965 1176 λέγων
3003 1107 3093 1162 τὸν
3123 1108 3257 1161 Θεὸν
3298 1108 3393 1162 καὶ
3422 1107 3523 1161 τὸν
3558 1111 3625 1162 ἐν

2028 1199 2177 1270 αὐτῷ
2209 1200 2379 1268 Λόγον
2411 1200 2588 1255 καὶτὸ
2619 1199 2772 1268 ἅγιον
2799 1198 3042 1271 Πνεῦμα.
3078 1195 3192 1253 Εἶτ’
3230 1199 3484 1253 ἐντεῦθεν
3518 1217 3626 1269 με-

2029 1290 2200 1355 ταϐὰς
2227 1291 2317 1343 ἐπὶ
2341 1291 2440 1354 τὰς
2471 1291 2832 1355 ἀποστολικὰς
2875 1292 3001 1360 περὶ
3031 1290 3127 1344 τοῦ
3161 1290 3396 1362 Χριστοῦ
3423 1290 3624 1344 θεολοο

2029 1379 2174 1448 γίας,
2237 1379 2399 1433 πάλιν
2439 1379 2548 1450 (68)
2593 1379 2935 1450 διαστρόφοις
2975 1379 3236 1451 κέχρηται
3266 1379 3620 1451 ἑρμηνείαις.

2032 1470 2137 1523 Τοῦ
2178 1469 2290 1542 γὰρ
2320 1470 2464 1524 θείου
2507 1471 2829 1535 Ἀποστόλου
2885 1463 3260 1538 θεολογοῦντος
3308 1471 3625 1542 διάρρηδην

2031 1559 2123 1612 τὸν
2147 1558 2275 1613 Υἱὸν
2300 1558 2395 1622 τοῦ
2423 1557 2555 1611 Θεοῦ
2584 1559 2675 1610 καὶ
2695 1557 3082 1626 λέγοντος,”ος
3105 1558 3275 1610 ἐστιν
3302 1556 3484 1610 εἰκὼν
3506 1556 3624 1610 τσῦ

2035 1651 2185 1706 Θεοῦ
2227 1651 2336 1704 τοῦ
2383 1650 2660 1719 ἀοράτου,
2695 1652 3068 1719 πρωτότοκος
3096 1654 3300 1717 πάσης
3331 1649 3622 1713 κτίσεως,

359 1753 476 1799 tum
504 1754 565 1791 ea
595 1754 711 1807 qua:
744 1739 797 1790 in
843 1739 981 1792 uelis
1026 1749 1169 1804 sunt,
1203 1750 1312 1794 tum
1348 1758 1463 1811 qua:
1485 1758 1641 1808 super
1681 1755 1876 1798 terram

2057 1742 2116 1794 ῖτι
2145 1741 2214 1795 ἐν
2235 1740 2395 1806 αὐτῷ
2425 1742 2672 1811 ἐκτίσθη
2698 1741 2770 1795 τὰ
2797 1741 3011 1804 πάντα,
3052 1739 3126 1795 τά
3149 1758 3212 1794 τε
3239 1741 3309 1793 ἐν
3339 1739 3466 1803 τοῖς
3515 1741 3626 1792 οὐ·

358 1829 463 1891 sive
487 1829 729 1895 visibilia,
765 1847 853 1884 seu
880 1832 1196 1885 invisibilia:
1220 1833 1326 1886 sive
1355 1833 1548 1898 throni,
1576 1850 1666 1886 seu
1689 1836 1930 1889 domina-

2022 1832 2252 1900 ρανοῖς,
2287 1833 2386 1890 καὶ
2428 1832 2500 1886 τὰ
2525 1833 2625 1886 ἐπὶ
2652 1831 2763 1901 τῆς
2800 1831 2934 1903 γῆς,
2961 1833 3081 1886 εἶτε
3129 1829 3330 1900 ὁρατὰ,
3359 1831 3486 1884 εἶτε
3517 1830 3626 1883 ἀό-

360 1920 546 1987 tiones,
591 1921 696 1973 sire
735 1921 1060 1990 principatus
1085 1963 1099 1989 ,
1130 1939 1224 1977 seu
1263 1933 1561 1989 potestates,
1608 1925 1786 1980 omnia
1838 1942 1931 1994 per

2057 1941 2196 1988 ματα,
2235 1925 2358 1978 εἴτε
2406 1927 2628 1994 θρόνοι,
2667 1926 2788 1979 εἴτε
2820 1925 3184 2003 κυριότητες,
3233 1925 3352 1977 εἴτε
3409 1924 3625 1992 ἀρχαὶ,

360 2011 557 2076 ipsum,
585 2019 634 2064 et
673 2011 726 2064 in
753 2016 863 2078 ipso
895 2013 1103 2066 condita
1130 2021 1254 2067 sunt
1288 2029 1306 2066 :
1328 2023 1376 2068 et
1412 2015 1520 2081 ipse
1557 2024 1630 2069 est
1669 2025 1788 2070 ante
1815 2033 1928 2071 om-

362 2101 475 2170 nia,
497 2109 545 2154 et
574 2102 752 2155 omnia
781 2103 835 2154 in
865 2102 976 2170 ipso
1001 2105 1340 2158 constiterunt
1369 2105 1435 2157 ".

999 2289 1151 2346 CAP.
1197 2293 1304 2348 VII.

365 2373 641 2446 Quomodo
666 2376 1194 2456 Marcellus_carnem
1233 2396 1483 2440 asseveret
1509 2402 1620 2441 esse
1652 2387 1933 2456 imaginem

936 2450 1034 2505 Dei
1071 2454 1368 2510 invisibilis.

433 2535 532 2591 Vir
565 2538 813 2610 egregius
847 2540 951 2595 iste
1001 2546 1217 2599 demum
1265 2545 1331 2599 ad
1388 2560 1604 2600 carnem
1654 2546 1930 2615 dejeetus,

366 2625 534 2695 ipsam
563 2627 794 2684 aﬂirmat
832 2631 1117 2702 imaginem
1150 2635 1437 2690 invisibilis
1462 2650 1585 2691 esse
1625 2635 1717 2691 Dei
1754 2652 1769 2690 :
1811 2652 1933 2692 cum

367 2729 548 2774 tamen
580 2722 722 2789 quod
753 2738 858 2776 non
891 2724 1162 2792 observat,
1206 2726 1382 2780 forma
1419 2727 1735 2792 masculina,
1766 2729 1854 2798 qui
1883 2736 1937 2783 et

369 2827 475 2867 non
508 2829 623 2881 qua:
664 2822 747 2869 est
783 2815 959 2885 imago
988 2815 1261 2871 eﬂ‘eratur.
1288 2817 1381 2872 Ille
1409 2831 1587 2872 autem
1627 2819 1934 2882 articulum,

365 2904 457 2972 ὃς,
497 2907 651 2961 carni
689 2907 1009 2962 attributum
1058 2909 1336 2964 declarare
1379 2909 1490 2974 ait,
1516 2910 1660 2978 quod
1712 2912 1827 2980 ipsa
1867 2910 1938 2966 sit

2030 2017 2150 2069 εἴτε
2192 2015 2489 2080 ἐξουσίαι,
2536 2015 2733 2068 πάντα
2785 2014 2861 2067 δι’
2903 2013 3109 2076 αὐτοῦ,
3155 2013 3253 2067 καὶ
3295 2015 3384 2079 εὶς
3425 2013 3628 2066 αὐτὸν

2031 2112 2321 2173 ἔκτισται,
2369 2112 2467 2166 καὶ
2513 2113 2696 2177 αὑτός
2737 2110 2868 2164 ἐστι
2921 2108 3032 2181 πρὸ
3084 2109 3343 2171 πάντων,
3394 2105 3498 2160 καὶ
3545 2104 3625 2169 τὰ

2034 2200 2228 2256 πάντα
2255 2201 2324 2255 ἐν
2349 2200 2509 2266 αὐτῷ
2539 2202 2940 2266 συνέστηκεν.
2971 2185 2979 2189 ’

2689 2293 2846 2345 ΚΕΦ.
2887 2291 2959 2345 Z'.

2035 2388 2234 2450 Ὅπως
2280 2384 2634 2452 Μάρκελλος
2659 2381 2774 2449 τὴν
2804 2381 3010 2452 εικόνα
3035 2379 3140 2433 τοῦ
3188 2379 3335 2452 Θεοῦ
3364 2377 3472 2432 τοῦ
3517 2377 3625 2436 dc:

2218 2448 2405 2525 ράτοὺ
2436 2453 2550 2521 τὴν
2572 2452 2768 2520 σάρκα
2795 2449 2946 2508 εἶναι
2977 2448 3392 2520 διεϐεϐαιοῦτο.

2117 2549 2175 2602 '0
2205 2546 2516 2617 θαυμαστὸς
2556 2538 2712 2608 οὗτος
2750 2541 2905 2607 αὖθις
2939 2544 3028 2596 ἐπὶ
3061 2544 3159 2614 τὴν
3203 2543 3382 2613 σάρκα
3410 2538 3621 2614 πεσὼν,

2037 2640 2208 2711 αὐτὴν
2267 2633 2406 2691 εἶναι
2454 2637 2816 2707 ἀποφαίνεται
2857 2637 2956 2706 τὴν
3003 2635 3186 2690 εικόνα
3237 2633 3333 2708 tofi
3380 2633 3621 2709 ἀοράτου

2036 2731 2192 2797 Θεοῦ,
2209 2731 2309 2794 οὐκ
2324 2728 2536 2785 ἀκούων
2559 2729 2633 2792 ὡς
2655 2727 2926 2799 ἀρσενικῷ
2953 2727 3257 2799 χαρακτῆρι
3273 2725 3624 2797 ἐξενήνεκται

2037 2821 2118 2884 τὸ,
2149 2820 2210 2883 ὃς
2243 2821 2391 2871 ἐστιν
2423 2816 2604 2871 εἰκών.
2639 2816 2711 2873 Τὸ
2749 2816 2858 2886 γὰρ
2892 2815 2958 2882 ὃς
2990 2817 3090 2877 οὐκ
3119 2813 3213 2868 οἷδ’
3256 2816 3405 2877 ὅπως
3447 2815 3622 2890 ὲφαρέ

2042 2913 2211 2982 μόσας
2241 2913 2307 2981 τῇ
2348 2910 2513 2980 σαρκὶ⁸
2545 2907 2747 2979 ταύτην
2775 2906 2878 2978 ἔφη
2904 2905 3192 2978 δηλοῦσθαι
3223 2906 3298 2968 ὡς
3327 2904 3498 2975 αὐτῆς
3528 2905 3622 2970 οὔτ

369 2997 457 3064 illa
492 2999 667 3068 imago
694 2999 977 3054 invisibilis
1015 2999 1108 3054 Dei
1143 3016 1158 3053 :
1188 3001 1319 3056 illud
1347 3017 1561 3071 quoque
1585 3003 1693 3069 ipse
1714 3010 1789 3056 est
1820 3013 1935 3057 ante

2057 3021 2140 3075 mg
2171 3005 2268 3075 τῆς
2293 3002 2498 3065 εἰκόνος
2522 3000 2616 3054 τοῦ
2636 2998 2772 3053 Θεοῦ
2799 2998 2893 3052 τοῦ
2919 2999 3174 3070 ἀοράτου.
3199 2999 3307 3051 Καὶ
3333 2996 3516 3060 πάλιν,

370 3091 548 3154 omnia
568 3090 634 3144 de
670 3104 832 3145 carne
869 3090 1068 3146 dictum
1096 3092 1205 3147 ait:
1247 3068 1418 3163 neque
1465 3068 1652 3162 puduit
1697 3109 1820 3149 eum
1853 3094 1935 3150 di-

2057 3097 2223 3162 ῑὺτός
2253 3096 2384 3149 ἐστι
2420 3093 2532 3162 πρὸ
2555 3091 2798 3146 πάντων
2819 3092 2946 3163 περὶ
2978 3091 3078 3161 τῆς
3112 3089 3313 3162 σαρκός
3338 3106 3506 3160 φησιν
3537 3091 3617 3148 sie

370 3193 524 3244 cere,
563 3181 692 3248 ipse,
718 3183 786 3235 de
830 3195 1010 3238 carne.
1041 3181 1145 3237 Sed
1189 3194 1244 3239 et
1287 3194 1502 3254 propter
1551 3200 1770 3241 carnem
1815 3187 1940 3241 uni-

371 3287 541 3334 versa:
561 3284 823 3328 creaturae
845 3277 1254 3347 primogenitum
1287 3291 1534 3333 vocatum
1559 3281 1634 3334 ait
1659 3301 1672 3334 :
1710 3298 1728 3332 ι
1766 3279 1943 3337 Manet

378 3380 398 3432 ᾳ
444 3373 623 3419 autem
655 3365 1082 3432 immutabiliter,
1105 3367 1298 3436 inquit,
1323 3371 1391 3425 de
1413 3386 1596 3436 carne,
1623 3371 1804 3428 omnia
1832 3382 1940 3428 tam

377 3473 398 3516 ᾳ
440 3454 491 3508 in
522 3456 674 3511 caelis
697 3472 858 3526 quam
888 3459 940 3511 in
973 3467 1136 3529 terra,
1165 3461 1279 3515 sive
1312 3461 1562 3533 visibilis,
1593 3469 1652 3529 >14
1678 3479 1772 3520 seu
1808 3465 1945 3520 invi—

377 3565 398 3610 ι
444 3548 616 3602 sibilia
643 3559 825 3604 creata
854 3567 866 3603 :
900 3568 918 3614 ι
948 3564 1047 3606 nec
1081 3551 1277 3622 refugit
1303 3553 1482 3608 dicere
1511 3555 1752 3620 thronos,
1781 3557 1946 3611 domi-

374 3640 654 3709 nationes,
699 3641 1068 3710 principatus,
1131 3653 1421 3713 potestates
1462 3661 1558 3716 per
1629 3657 1684 3702 et
1724 3657 1947 3718 propter

373 3747 594 3790 carnem
646 3733 953 3795 Servatoris
1019 3737 1349 3790 creationem
1414 3753 1565 3792 suam
1621 3739 1672 3792 in
1728 3738 1945 3794 Christo

372 3833 712 3886 consecutos.
773 3824 905 3877 Cum
973 3838 1103 3877 vero
1171 3827 1446 3896 superiore
1510 3827 1646 3882 libro
1709 3827 1944 3887 Marcelli

375 3916 536 3969 verba
587 3914 656 3970 de
703 3915 863 3969 rebus
909 3916 1027 3970 istis
1069 3918 1361 3983 posuerim,
1405 3934 1470 3973 ne
1500 3930 1777 3974 excrescat
1807 3921 1946 3975 ultra

376 4007 818 4078 modum-oratio,
853 4015 1138 4064 contentus
1163 4021 1260 4061 ero
1290 4007 1398 4062 illic
1417 4023 1479 4063 ea
1516 4009 1825 4066 exhibuisse
1865 4021 1947 4066 te-

375 4095 650 4149 stimonia.
685 4095 856 4160 Quam
906 4110 1036 4150 vero
1067 4095 1142 4152 sit
1187 4097 1434 4164 distorta,
1475 4107 1532 4153 et
1559 4099 1822 4156 violenter
1857 4117 1948 4156 co-

377 4195 496 4242 acta
521 4188 633 4260 haec
659 4188 785 4242 dicti
830 4189 1107 4258 apostolici
1138 4191 1526 4260 interpretatio,
1562 4207 1666 4248 non
1702 4204 1803 4258 est,
1831 4195 1948 4263 opi-

377 4289 496 4343 nor,
525 4290 658 4348 opus
692 4285 751 4330 ut
785 4277 1027 4347 pluribus
1065 4279 1242 4336 adhuc
1281 4293 1598 4349 persequar,
1624 4295 1744 4336 cum
1784 4297 1946 4352 quam

2043 3185 2258 3259 ρῆσθαι·
2305 3185 2406 3238 οὐκ
2452 3181 2765 3252 αἰδούμενος
2805 3181 2866 3234 τὸ
2911 3180 3093 3246 αὐτὸς
3143 3181 3236 3232 ἐπὶ
3277 3179 3377 3249 τῆς
3420 3178 3619 3249 σαρκὸς

2043 3274 2426 3346 ἐκλαμϐάνειν.
2450 3273 2561 3326 Καὶ
2584 3272 2674 3326 τὸν
2701 3271 3044 3347 πρωτότοκον
3072 3270 3251 3339 πάσης
3275 3267 3508 3330 κτίσεως
3533 3267 3620 3331 διὰ

2041 3366 2138 3438 τὴν
2167 3365 2343 3436 σάρκα
2363 3363 2660 3434 κεκλῆσθαι
2683 3361 2851 3429 λέγει,
2881 3379 2900 3412 ι
2935 3361 3214 3431 Ἐπιμένει
3238 3358 3349 3430 (69)
3380 3375 3439 3411 τε
3473 3358 3617 3410 ἀδια-

2050 3477 2069 3513 t
2109 3457 2358 3530 τρέπτως
2391 3457 2448 3508 ἐν
2473 3458 2537 3526 τῇ
2569 3455 2732 3524 σαρκὶ
2757 3455 2980 3523 φάσκων
3008 3451 3077 3504 τὰ
3118 3453 3176 3504 ἐν
3200 3453 3312 3514 τοῖς
3349 3451 3616 3520 οὐρανοῖς,

2049 3567 2069 3606 ς
2105 3549 2198 3602 καὶ
2233 3547 2305 3600 τὰ
2345 3547 2451 3600 est}:
2481 3550 2582 3618 τῆς
2608 3546 2712 3616 γῆς
2740 3544 3007 3607 ἐκτίσθαι,
3039 3544 3106 3596 τά
3141 3559 3199 3595 τε
3225 3542 3398 3612 ὁρατά
3428 3542 3522 3594 καὶ
3553 3541 3618 3592 τά

2049 3657 2070 3696 t
2102 3640 2324 3711 ἀόρατα.
2341 3657 2359 3690 ›
2383 3638 2518 3703 Οὐδὲ
2535 3637 2883 3709 διατρέπεται
2900 3635 3140 3706 θρόνους,
3160 3635 3254 3686 καὶ
3272 3633 3616 3704 κυριότητας,

2044 3733 2136 3786 καὶ
2182 3729 2376 3802 ἀρχὰς,
2426 3729 2520 3782 καὶ
2560 3729 2808 3796 ἐξουσίας
2853 3727 2939 3787 διὰ
2990 3726 3090 3796 τῆς
3121 3725 3324 3795 σαρκὸς
3367 3723 3462 3776 τοῦ
3509 3724 3619 3774 Σω-

2043 3827 2226 3898 τῆρος·
2280 3825 2473 3894 λέγων,
2524 3825 2622 3896 τῆς
2671 3825 2729 3877 ὲν
2782 3821 3003 3895 Χριστῷ
3053 3821 3285 3882 κτίσεως
3335 3818 3614 3888 ἠξιῶσθαι.

2048 3917 2190 3988 Ἤδη
2217 3917 2274 3970 δὲ
2293 3917 2382 3970 διὰ
2408 3917 2505 3987 τῆς
2533 3916 2639 3988 πρὸ
2660 3914 2853 3974 τούτου
2877 3913 3094 3984 γραφῆς
3125 3910 3226 3974 τὰς
3258 3911 3386 3982 περὶ
3418 3909 3620 3963 τούτων

2045 4008 2138 4064 τοῦ
2171 4006 2491 4079 Μαρκέλλου
2527 4006 2710 4076 φωνὰς
2755 4004 3153 4078 παραθέμενος,
3200 4002 3361 4070 λόγου
3408 4017 3619 4072 συμμει-

2046 4101 2204 4173 τρίας
2230 4098 2563 4169 φειδόμενος,
2593 4100 2659 4169 τῇ
2689 4097 2799 4167 (70)
2825 4095 3004 4150 αὐτῶν
3034 4095 3256 4148 ἐκείνων
3292 4093 3620 4164 ἀρκεσθήσο-

2051 4203 2148 4258 μαι
2172 4185 2462 4258 μαρτυρίᾳ.
2510 4185 2596 4248 Ὡς
2633 4185 2691 4238 δὲ
2733 4185 3055 4256 διάστροφος
3096 4184 3190 4236 καὶ
3229 4182 3552 4253 βεϐιασμένη
3582 4185 3617 4253 ἡ

2049 4276 2270 4348 τοιαύτη
2301 4265 2555 4346 τυγχάνει
2593 4278 2692 4348 τῆς
2740 4275 3104 4343 ἁποστολικῆς
3127 4271 3325 4338 λέξεως
3349 4273 3614 4344 διήγησις,

377 4367 449 4421 sit
476 4367 564 4434 illa
593 4368 875 4444 impudens
900 4369 1304 4439 interpretatio,
1328 4377 1524 4449 cuique
1573 4375 1705 4438 satis
1736 4375 1935 4446 innate.

2057 4367 2112 4439 οὗ
2160 4385 2249 4438 μοι
2283 4367 2391 4434 δεῖν
2439 4367 2676 4438 ἠγοῦμαι
2723 4365 3068 4435 κατασκευῆς
3115 4365 3379 4428 πλείονος,
3431 4363 3518 4417 διά
3559 4364 3618 4417 τὸ

377 4467 510 4514 scat.

960 4633 1188 4689 CAPUT
1223 4633 1354 4689 Vlll.

380 4724 655 4799 Quomodo
695 4728 833 4782 idem
883 4739 1085 4783 astruat
1126 4747 1338 4851 omnem
1379 4730 1674 4786 Servatoris
1708 4732 1946 4800 prodesse

1091 4816 1141 4851 nt
1163 4818 1197 4851 ιι
1227 4839 1242 4851 .

1091 4816 1242 4853 ntmt.

448 4885 808 4942 Nihilominus
856 4888 948 4956 qui
1000 4889 1066 4944 de
1118 4905 1283 4944 carne
1333 4890 1635 4945 Servatoris
1687 4890 1796 4960 egit
1838 4898 1945 4944 tam

380 4979 586 5043 multis,
620 4978 763 5032 illam
816 4979 972 5035 nobis
1011 4995 1116 5035 non
1160 4992 1445 5035 conservat
1492 4990 1694 5035 sartam
1727 4991 1944 5035 tectam.

381 5069 686 5138 Optandum
739 5083 907 5135 esset,
955 5081 1011 5124 ut
1043 5071 1126 5126 vel
1158 5072 1243 5126 hic
1285 5073 1472 5126 saltem
1508 5073 1596 5141 pie
1624 5086 1812 5140 sapere
1849 5087 1946 5126 vo-

382 5162 586 5230 luisset.
641 5162 708 5213 At
736 5177 879 5224 nunc
921 5169 1264 5232 posteaquam
1309 5165 1490 5218 omnia
1521 5163 1589 5218 de
1625 5177 1788 5218 carne
1853 5161 1948 5219 de-

458 5330 516 5386 >I<
548 5324 644 5378 Ed.
671 5323 870 5403 Paris.,
897 5340 1019 5396 pag.
1048 5327 1172 5389 176.
1213 5328 1256 5361 ⁸³
1277 5328 1482 5388 Coloss.
1518 5344 1555 5395 ι,
1594 5329 1783 5409 15-17.

452 5463 561 5536 (68)
595 5464 767 5536 .‘fulso
799 5464 1093 5536 διαφόροις-

452 5531 559 5600 (69)
595 5531 761 5601 Vulgo
793 5535 870 5587 δέ.

478 5603 564 5670 70)
602 5601 655 5656 lu
685 5605 839 5656 codd;
866 5601 1049 5656 αὐτοῦ.

479 5672 566 5746 71)
609 5673 772 5742 Vulgo
817 5673 970 5736 παντὶ
996 5673 1079 5746 τό,

2051 4459 2146 4513 καὶ
2189 4459 2300 4529 (71)
2347 4458 2508 4512 παντὶ
2543 4457 2620 4531 τῷ
2653 4457 2976 4530 κατάφωρον
3003 4454 3141 4510 εἶναι
3182 4456 3243 4509 τὸ
3274 4457 3486 4519 ἀναιδὲς
3523 4457 3617 4527 τῆς

2047 4551 2360 4630 ἑρμηνείας.
3225 4575 3228 4578 ~

2697 4640 2854 4692 ΚΕΦ.
2897 4640 2978 4692 H'.

2051 4736 2241 4797 Ὅπως
2287 4736 2320 4786 0'
2364 4732 2547 4796 αὐτὸς
2584 4730 2777 4799 μηδὲν
2821 4729 3074 4798 ὠφελεῖν
3117 4728 3233 4796 τὴν
3271 4726 3473 4795 σάρκα
3517 4725 3612 4780 τοῦ

2499 4800 2771 4868 Σωτῆρος
2802 4801 3162 4868 ἀπεφαίνετο

2127 4893 2271 4965 Πλὴν
2289 4893 2526 4969 τοσαῦτα
2549 4893 2796 4969 περὶτῆς
2822 4893 3023 4964 σαρκὸς
3042 4891 3134 4943 τοῦ
3157 4889 3410 4960 Σωτῆρος
3434 4885 3608 4952 εἰπὼν,

2055 4985 2162 5038 οὐδ’
2192 4985 2358 5056 αὐτὴν
2392 4987 2521 5056 ἡμῖν
2550 4985 2806 5052 φυλάττει
2836 4983 2999 5037 σώαψ
3036 4983 3111 5046 ὡς
3143 4982 3254 5035 εἴθε
3280 4982 3391 5051 γὰρ
3417 4979 3514 5033 κᾶν
3539 4980 3610 5041 εἰς

2055 5074 2221 5144 αὐτὴν
2258 5076 2348 5138 τὸν
2398 5075 2594 5144 ειῦσεὸἦ
2642 5074 2878 5144 διετήρει
2923 5071 3200 5142 λογισμόν·
3254 5072 3374 5125 νυνὶ
3419 5069 3524 5138 (79.)
3559 5067 3610 5118 δὲ

2063 5168 2197 5234 μετὰ
2225 5169 2402 5220 πάντα
2421 5168 2489 5220 τὰ
2513 5185 2577 5219 πε
2589 5169 2639 5237 pi.
2669 5169 2836 5237 αὐτῆς
2869 5165 3015 5235 αὐτῷ
3048 5164 3345 5234 λελεγμένα
3369 5163 3499 5233 (75),
3530 5162 3609 5215 ἐπὶ

2116 5462 2206 5530 (72
2235 5461 2404 5533 Vulgo
2428 5463 2485 5516 δὲ
2518 5462 2712 5515 πάντα.

2113 5527 2226 5615 (75ξ
2255 5524 2422 5602 νυῖξο
2456 5533 2556 5607 ,ἐπὶ
2583 5525 3231 5615 σωτηρίᾳιτιῖξνῼαξιὶινωνλ
3245 5524 3392 5615 ξξιίδ
3420 5531 3604 5586 consul:

2039 5593 2321 5672 legendum
2345 5593 2462 5659 esse
2495 5593 2788 5671 συντελεέᾲ.
2805 5593 2896 5652 ’Μ.
2927 5597 3008 5669 [ct'
3029 5598 3106 5652 sic
3132 5593 3336 5666 codd.].
