3810 6218
130 263 287 330 1017

1077 272 1162 328 DE
1193 275 1728 336 ECCLESIASTICA
1767 281 2164 341 THEOLOGIA
2199 285 2329 348 LIB.
2369 289 2460 346 Ill.

3253 297 3394 356 1018

132 381 425 453 συντελείᾳ
449 382 554 435 τῶν
581 383 806 446 αίὼνων,
845 388 1011 457 αὐτὴν
1041 388 1242 460 ἔρημον
1271 393 1364 446 τοῦ
1391 393 1549 464 λόγου
1584 397 1707 452 ἀπο-

1821 400 2147 468 plaedicavit,
2186 401 2598 472 relinquendam
2629 405 2775 462 illam
2813 409 3270 478 tandemsnudam,
3295 426 3394 467 va-

131 470 396 539 φαίνεται
419 472 642 542 γράφων
663 463 854 538 οὕτως·
890 495 907 526 ι
940 478 1002 528 Εἰ
1028 474 1118 533 οὖν
1145 481 1400 551 ὁμολογεῖ
1416 484 1512 555 τὴν
1539 481 1717 558 σάρκα

139 578 167 612 ς
214 560 376 630 μηδὲν
406 560 632 630 ὠφελεῖν
660 564 840 628 αὑτὸν,
888 566 1002 630 πῶς
1035 569 1268 642 ἐγχωρεί
1303 572 1400 644 τὴν
1434 576 1498 629 ὲκ
1523 577 1626 647 γῆς
1657 596 1716 632 τε

79 679 84 682 ·
138 666 170 701 ι
211 667 399 716 ουσαν,
429 652 524 705 καὶ
555 653 719 723 μηδὲν
735 655 1065 725 ὠφελοῦσαν,
1095 665 1186 716 καὶ
1204 666 1260 717 ὲν
1292 669 1404 730 τοῖς
1437 669 1716 736 μέλλουσιν

137 761 166 792 σ
204 743 416 810 αίῶσιν,
441 747 516 811 ὡς
543 747 688 818 αὐτῷ
712 747 1112 817 λυσιτελοῦσαν,
1143 759 1379 819 συνεῖναι
1402 758 1480 831 τῷ
1501 760 1676 832 Λόγῳ.
1693 781 1710 813 ι

795 1013 950 1074 ΚΕΦ.
994 1011 1070 1065 9'.

168 1105 348 1167 οπως
385 1102 966 1172 καταλειφθήσεσθαι
1008 1105 1078 1158 ἐν
1112 1105 1192 1172 τῷ
1230 1106 1336 1161 τοῦ
1364 1109 1590 1172 παντὸς
1620 1108 1716 1162 τέ-

207 1176 304 1226 λει
333 1172 450 1247 τῂν
473 1173 671 1247 σάρκα.
708 1174 812 1227 τοῦ
852 1173 1124 1243 Σωτῆρος
1194 1177 1300 1230 τοῦ
1335 1180 1527 1246 Λόγου
1579 1179 1715 1247 ἐρη-

204 1260 327 1310 μυν
349 1243 573 1312 ἐτόλμα
613 1242 820 1314 λέγειν.

206 1333 322 1386 Καὶ
344 1333 588 1403 δευτεροῖ
606 1334 667 1387 τὸ
685 1335 816 1388 αὐτὸ
843 1337 902 1389 ὲν
929 1336 1100 1408 ἑτέρῳ
1120 1338 1363 1407 φάσκωνο
1399 1360 1418 1391 ι
1453 1343 1514 1394 Et
1539 1342 1716 1395 τοίνυν

130 1442 155 1477 s
196 1426 260 1477 ὲν
297 1425 376 1496 τῷ
418 1425 595 1498 καιρῷ
635 1427 734 1498 τῆς
777 1430 1273 1495 ἀποκαταστάσεως
1320 1433 1574 1487 ἁπάντων
1622 1434 1717 1488 καὶ

130 1535 155 1565 ι
196 1517 371 1588 αὐτὴν
396 1518 494 1588 τὴν
538 1519 712 1582 κτίσιν
745 1520 810 1572 ὲκ
855 1521 956 1590 τῆς
996 1521 1237 1586 δουλείας
1269 1526 1348 1586 είς
1377 1525 1476 1594 τὴν
1505 1524 1717 1577 ἐλευθε-

131 1625 154 1654 ‹
198 1606 324 1677 ρίαν
384 1607 888 1679 μεταϐληθήσεσθαι
927 1610 956 1661 ό
1002 1609 1215 1674 Παῦλος
1244 1611 1374 1682 ἔφη,
1406 1612 1555 1681 λέγει
1605 1612 1714 1684 γὰρ

133 1717 152 1746 ι
188 1696 278 1750 ὃτι
302 1697 394 1749 καὶ
413 1697 566 1766 αὑτὴ
603 1699 643 1766 ἠ
682 1700 874 1777 κτίσις
895 1699 1432 1777 ἐλευθερωθήσεται
1458 1704 1574 1758 ἀπὸ
1606 1703 1715 1771 τῆς

133 1806 154 1837 ι
188 1786 468 1855 δουλείας
493 1789 602 1857 τῆς
621 1789 845 1859 φθορᾶς
872 1793 958 1856 εὶς
979 1792 1091 1859 τὴν
1113 1794 1458 1866 ἐλευθερίαν
1483 1794 1594 1863 τῆς
1619 1794 1717 1847 δό-

131 1900 152 1930 s
199 1879 317 1948 εης
347 1881 466 1936 τῶν
493 1881 719 1936 τέκνων
741 1885 846 1938 τοῦ
885 1886 1063 1939 Θεοῦ’
1105 1885 1220 1949 πῶς
1251 1885 1330 1939 ἔτι
1351 1886 1447 1957 τὴν
1472 1885 1566 1940 τοῦ
1595 1885 1714 1939 δού-

129 1990 151 2024 s
187 1971 288 2024 λου
320 1973 553 2044 μορφὴν,
580 1974 646 2044 ἢν
675 1974 965 2045 ἀνείληφεν
1004 1977 1032 2028 ὁ
1065 1976 1257 2044 Λόγος,
1293 1977 1505 2049 μορφὴν
1547 1973 1714 2037 οὖσαν

130 2083 150 2113 ι
191 2063 406 2127 δούλου,
435 2067 676 2120 συνεῖναι
699 2065 778 2138 τῷ
804 2066 962 2137 Λόγῳ
988 2068 1056 2119 δι’
1080 2067 1268 2139 αὐτὴν,
1295 2068 1490 2136 γένοιτ’
1520 2067 1584 2123 ἂν
1622 2069 1713 2123 δυ-

130 2176 149 2210 ι
189 2155 354 2209 νατόν
372 2173 387 2221 ;
422 2175 441 2208 ι

797 2251 954 2308 ΚΕΦ,
984 2253 1039 2305 I'.

130 2343 350 2415 Ὅποῒα
374 2349 433 2398 ai
461 2345 607 2400 θεῖαι
631 2345 863 2415 Γραφαὶ
887 2345 1020 2415 περὶ
1047 2346 1158 2414 τῆς
1186 2347 1414 2414 σαρκὸς
1441 2347 1546 2400 τοῦ
1592 2351 1710 2400 Σων

198 2413 384 2483 τῆρος
409 2413 787 2480 διδάσκουσι,
834 2416 932 2470 καὶ
958 2413 1044 2481 ὡς
1071 2413 1142 2470 τὰ
1175 2413 1418 2471 ἐναντιά
1440 2418 1707 2486 Μάρκελ-

199 2489 316 2550 λος
346 2487 603 2554 ἐφρόνει.

209 2574 374 2644 Ὁρᾷς
408 2575 597 2638 ὁποίας
637 2575 897 2646 προέσθαι
945 2575 1127 2645 φωνὰς
1174 2576 1314 2630 κατά
1350 2580 1448 2648 τῆς
1507 2577 1708 2650 σαρκὸς

114 2665 220 2718 τοῦ
269 2667 523 2737 Σωτῆρος
551 2667 705 2738 ἡμῶν
738 2667 1097 2738 τετόλμηκεν·
1146 2669 1246 2722 οὐκ
1279 2670 1598 2742 ἐπιστήσας,
1633 2671 1708 2735 ὡς

117 2760 223 2812 καὶ
257 2759 366 2830 πρὸ
394 2758 492 2828 τῆς
507 2760 586 2821 είς
603 2759 865 2829 οὐρανοὺς
890 2759 1213 2830 ἀναλήψεως
1243 2760 1322 2813 ἔτι
1345 2756 1510 2814 οὖσαν
1539 2762 1707 2832 αὐτὴν

113 2852 220 2904 ἐπὶ
249 2851 353 2920 γῆς
383 2851 486 2920 πρὸ
518 2849 612 2903 τοῦ
656 2850 861 2914 πάθους
895 2849 1068 2914 οὕτως
1095 2851 1345 2917 ἐδόξασεν
1381 2855 1437 2904 ὲν
1462 2853 1539 2924 τῷ
1569 2852 1706 2924 ὄρει,

111 2943 305 3012 τρισὶν
331 2945 443 3004 τοῖς
467 2942 739 3012 ὲκκρίτοις
767 2942 932 2996 αὑτοῦ
970 2945 1241 3015 μαθηταῖς
1273 2945 1475 3015 μόνοις,
1523 2945 1708 2998 εἰκόνα

111 3033 340 3096 δεικνὺς
400 3033 501 3103 τῆς
550 3033 824 3104 βασιλείας
887 3034 1082 3098 αὐτοῦ,
1141 3034 1216 3098 ὡς
1263 3035 1599 3107 ὲξαστράψαι
1645 3036 1707 3088 τὸ

1818 506 1997 554 cnam,
2021 500 2076 546 et
2107 491 2273 547 verbo
2307 508 2406 548 suo
2441 495 2754 552 destitutam
2786 498 3014 554 allirmat
3057 501 3110 554 in
3143 502 3248 558 line
3294 519 3396 559 sa!-

1817 581 1944 637 culi.
1979 581 2178 638 Scribit
2214 584 2356 638 enim
2386 583 2476 658 [Ιῖ.
2503 586 2633 652 CIV,
2677 591 2800 646 coll.
2838 605 2894 660 ι).
2930 592 3022 657 51,
3047 590 3113 665 C]
3142 613 3156 648 :
3196 612 3216 646 ι
3238 592 3392 660 Quod

1823 690 1842 723 ι
1886 673 1932 728 si
1971 689 2099 728 vero
2138 675 2343 730 scribat
2375 692 2597 732 carnem
2638 695 2790 736 suam
2822 685 3081 752 prodesse
3115 685 3268 750 nihil,
3297 685 3392 755 qui

1821 781 1840 815 ι
1889 774 2065 832 potest
2094 765 2208 820 ﬁeri
2238 773 2295 821 ut
2315 770 2672 839 scripserit,si
2703 773 2786 826 illa
2819 789 2938 844 quae
2963 776 3029 831 de
3052 785 3194 830 terra
3217 786 3322 841 est,
3339 785 3395 832 et

1822 873 1842 907 ι
1887 856 2017 912 nihil
2049 859 2297 927 prodest,
2331 861 2381 914 in
2432 860 2612 916 futuro
2661 865 3061 934 sazculo,quasi
3105 867 3390 938 profutura

1823 964 1841 999 ι
1887 949 2143 1015 multum,
2172 966 2292 1006 cum
2318 952 2493 1008 Verbo
2521 957 2724 1010 versari
2749 957 3028 1012 debeatis

2472 1046 2623 1106 CAP,
2675 1047 2762 1101 IX.

1817 1131 1970 1197 Quod
2018 1149 2178 1208 ausus
2224 1145 2296 1188 est
2341 1137 2545 1208 dicere,
2593 1155 2804 1190 carnem
2855 1137 3187 1208 Serualoris,
3217 1138 3390 1196 Verbo

2135 1206 2516 1262 destitueudam
2541 1224 2648 1260 esse
2676 1211 2728 1264 in
2753 1208 2857 1276 ﬁne
2879 1209 3080 1266 sreculi.

1886 1294 2038 1362 Quod
2072 1296 2244 1366 ipsum
2275 1303 2452 1354 denuo
2504 1299 2763 1364 inculcat,
2800 1300 2929 1355 alibi
2963 1301 3212 1372 inquiens
3244 1319 3300 1356 ιι
3327 1301 3387 1360 Si

1821 1402 1839 1435 ι
1887 1385 2052 1454 igitur
2086 1385 2140 1440 in
2178 1395 2421 1456 tempore
2459 1387 2550 1441 illo
2587 1391 2995 1446 reslaurationis
3031 1392 3292 1458 omnium,
3333 1402 3390 1448 et

1821 1491 1838 1523 ι
1887 1474 2169 1541 ipsammet
2224 1485 2551 1539 creaturam,
2590 1477 2655 1532 de
2696 1479 2956 1534 servitute
2985 1479 3038 1533 in
3079 1479 3384 1535 libertatem

1822 1583 1841 1616 ‹
1890 1567 2318 1621 transferendam
2360 1582 2480 1622 esse
2510 1570 2690 1625 docuit
2725 1569 2924 1625 Paulus
2952 1569 3048 1644 (ait
3072 1573 3214 1626 enim
3245 1573 3386 1640 quod

1822 1673 1842 1708 ι
1888 1665 1943 1710 et
1965 1657 2077 1725 ipsa
2105 1668 2346 1712 creatura
2371 1661 2678 1714 liberabitur
2696 1679 2726 1716 a
2743 1664 2987 1718 seruitute
3013 1665 3384 1733 corruptionis,

1747 1744 1786 1798 Β
1821 1766 1839 1798 ι
1889 1748 1943 1799 in
1976 1745 2265 1801 libertatem
2295 1760 2494 1803 asserta
2516 1750 2699 1821 gloria:
2725 1751 2958 1820 ﬁliorum
2989 1752 3084 1806 Dei
3102 1754 3168 1822 ⁸⁸)
3199 1769 3214 1819 ;
3247 1769 3384 1822 quo-

1821 1858 1840 1890 ι
1888 1839 2044 1893 modo
2087 1842 2260 1896 adhuc
2285 1842 2531 1907 ulterius,
2576 1843 2661 1897 illa
2708 1845 2850 1899 servi
2873 1844 3066 1909 forma,
3103 1860 3263 1916 quam
3298 1862 3385 1901 asa

1819 1948 1837 1982 ι
1886 1931 2114 2000 sumpsit
2141 1937 2200 1995 ᾖ
2234 1931 2488 2000 Verbum,
2517 1949 2638 1989 cum
2692 1937 2762 1991 sit
2799 1936 2972 1992 forma
3000 1939 3166 2004 servi,
3208 1953 3304 2008 per
3326 1951 3385 1996 se

1818 2037 1837 2072 ι
1885 2020 2076 2089 ipsam,
2114 2036 2238 2076 cum
2271 2023 2448 2080 Verbo
2475 2027 2776 2083 consistere
2807 2028 3092 2098 poterit?»

2472 2285 2625 2343 CAP.
2664 2287 2732 2344 Χ.

1811 2365 1943 2440 Qua:
1971 2367 2038 2421 de
2061 2385 2217 2457 carae
2247 2369 2539 2457 Ser'vatoris
2564 2374 2853 2457 Scriptura:
2886 2380 3107 2457 doceant
3126 2397 3144 2437 :
3164 2393 3213 2438 et
3241 2385 3382 2457 quod

2126 2440 2414 2496 Marcellus
2435 2456 2620 2499 contra
2655 2440 2776 2502 illas
2815 2453 3061 2504 senserit.

1881 2594 2047 2652 Vides
2080 2597 2134 2651 in
2169 2613 2302 2666 quas
2332 2615 2493 2656 voces
2522 2603 2777 2673 irruperit
2809 2607 2898 2662 ille
2929 2619 3124 2666 contra
3159 2625 3381 2668 carnem

1812 2686 2118 2740 bervatoris
2145 2704 2159 2740 :
2197 2689 2426 2742 nescivit
2455 2700 2656 2757 autem,
2684 2695 2827 2762 quod
2859 2704 2984 2750 ante
3005 2696 3152 2750 illam
3187 2699 3238 2753 in
3269 2712 3384 2754 cm-

1810 2775 1890 2828 los
1925 2779 2374 2848 assumptionem,
2427 2791 2483 2836 et
2533 2792 2662 2837 ante
2697 2787 3004 2854 passionem
3057 2804 3211 2843 suam
3256 2805 3380 2844 cum

1807 2867 1984 2923 adhuc
2044 2869 2097 2921 in
2159 2878 2301 2924 terra
2368 2884 2701 2945 versaretur,
2759 2877 2904 2933 illam
2950 2879 3274 2950 gloriﬁcavit
3327 2884 3382 2938 in

1809 2965 2011 3009 monte.
2045 2955 2144 3010 Ubi
2169 2958 2300 3011 solis
2339 2961 2554 3017 selectis
2587 2965 2759 3020 tribus
2787 2967 3062 3037 discipulis
3092 2970 3381 3040 imaginem

1807 3045 1888 3098 sui
1913 3047 2062 3112 regni
2094 3054 2536 3116 repraesentavit:
2570 3064 2629 3108 ut
2661 3055 3030 3125 resplenderet
3052 3060 3170 3128 ejus
3191 3061 3378 3128 facies,

118 3126 420 3198 πρόσωπον
449 3124 610 3179 αὐτοῦ
631 3166 646 3190 ,
693 3126 784 3178 καὶ
809 3127 983 3195 φωτὸς
1012 3127 1377 3198 μαρμαρυγὰς
1407 3127 1701 3198 ἐκλάμψαι.

1817 3143 1865 3188 et
1890 3135 2029 3191 lucis
2057 3114 2264 3207 fulgore
2301 3143 2573 3207 radiaret;
2614 3114 2785 3203 Facta
2823 3159 2897 3204 est
2937 3153 3054 3221 ejus
3081 3114 3274 3221 'facies,
3305 3157 3384 3208 ait

135 3216 408 3285 Ἐγένετο
424 3218 551 3287 γὰρ,
567 3218 727 3289 φησὶν
755 3219 786 3289 ἡ
812 3217 931 3273 θεία
957 3219 1167 3288 Γραφὴ,
1185 3218 1251 3272 τὸ
1269 3220 1591 3286 πρόσωπον
1608 3223 1712 3274 αὺ-

117 3306 231 3359 τοῦ
260 3308 341 3371 ὠς
374 3310 405 3360 ό
442 3307 630 3375 ἣλιος·
649 3308 748 3362 καὶ
774 3309 845 3362 τὰ
877 3307 1074 3378 ἱμάτια
1103 3310 1289 3364 αὑτοῦ
1314 3314 1503 3365 λευκὰ
1534 3312 1614 3378 ὡς
1644 3312 1710 3366 τὸ

119 3397 274 3465 φῶςυ
314 3397 426 3452 ἀλλ’
450 3399 568 3452 οὐδὲ
588 3401 764 3463 συνεὶς
787 3401 968 3454 ὁποῖον
991 3401 1148 3472 σῶμα
1166 3403 1403 3473 Χριστοῦ
1425 3403 1582 3472 δόξης
1597 3403 1706 3474 (74)

118 3489 151 3539 ὁ
181 3487 328 3551 θεῖος
361 3489 680 3553 Ἀπόστολος
707 3491 802 3543 καὶ
830 3490 905 3554 ὼς
938 3492 1032 3545 κα)⁸
1067 3491 1133 3544 τὰ
1183 3494 1427 3565 ἡμέτερα
1482 3493 1708 3565 σώματα

123 3577 428 3650 σύμμορφα
453 3579 671 3634 ἔσεσθαι
693 3581 884 3653 ἐκείνῳ
909 3582 986 3654 τῷ
1008 3583 1219 3655 σώματι
1246 3585 1491 3638 ἐδίδασκε
1513 3586 1704 3655 λέγων,

127 3669 238 3736 Ὃς
270 3669 382 3740 (75)
420 3673 900 3742 μετεσχημάτισε
942 3675 1006 3728 τὸ
1059 3675 1233 3745 σῶμα
1268 3676 1378 3745 τῆς
1427 3677 1707 3732 ταπεινώ-

117 3775 280 3827 σεως
313 3761 477 3830 ἡμῶν
507 3765 861 3834 σύμμορφον
886 3766 966 3832 τῷ
991 3766 1218 3837 σώματι
1247 3767 1353 3836 τῆς
1383 3769 1564 3838 δόξης
1603 3774 1706 3824 αὺ-

117 3852 265 3907 τοῦ·
304 3853 418 3906 ὰλλ’
463 3855 585 3908 οὐδὲ
629 3860 828 3928 νοήσας
871 3858 976 3910 τίνι
1008 3859 1196 3930 τρόπῳ
1230 3861 1705 3932 καταποθήσεσθαι

117 3944 180 3996 τδ
212 3944 404 4016 θνητὸν
440 3947 544 3999 ὑπὸ
577 3947 676 4017 τῆς
709 3947 854 4018 ζωῆς
883 3949 994 4019 (76)
1019 3988 1033 4011 ν
1063 3949 1270 4021 ἔγραφε
1301 3951 1544 4021 φάσκωνν
1587 3954 1703 4022 Ἐφ’

115 4029 167 4101 ᾧ
192 4038 267 4090 οὐ
297 4035 968 4105 θέλομενεκδύσασθαι,
1011 4041 1122 4111 (77)
1158 4041 1258 4095 ἵνα
1285 4043 1597 4112 καταποθῇ
1637 4045 1703 4096 τὸ

115 4126 347 4194 θνητόν
374 4129 491 4184 ὑπὸ
527 4129 636 4198 τῆς
668 4128 853 4199 ζωῆςο
883 4131 1091 4185 τούτων
1140 4133 1369 4204 ἀμαθῶς
1420 4134 1578 4204 ἔχων,
1613 4136 1703 4188 τὸν

118 4219 226 4296 μὲν
263 4220 438 4286 Λόγον
463 4222 868 4276 διαϐεϐαιοῦται
901 4223 957 4276 ἒν
988 4228 1081 4277 καὶ
1108 4225 1302 4278 ταύτὸν
1337 4225 1450 4296 (78)
1487 4225 1703 4296 μέλλειν

112 4293 404 4379 γίγνεσθαι
447 4312 525 4383 τῷ
559 4312 697 4384 Θεῷ,
743 4314 933 4386 ὥσπερ
971 4317 1064 4368 καὶ
1109 4293 1374 4387 πρότερον
1400 4293 1498 4390 ἦν,
1517 4319 1616 4390 τὴν
1645 4319 1703 4371 δὲ

1811 3241 1963 3281 sacra
1997 3227 2299 3299 Scriptura,
2332 3235 2468 3289 sicut
2497 3236 2574 3290 sol
2604 3251 2624 3289 :
2669 3251 2718 3294 et
2759 3243 3066 3299 uestimenta
3099 3248 3212 3315 ejus
3259 3248 3383 3303 alba

1810 3319 1946 3372 sicut
1974 3321 2066 3374 nia:
2090 3320 2158 3376 ⁸⁷.
2190 3322 2300 3378 Nec
2345 3327 2607 3383 intellexit
2646 3331 2934 3401 qualenam
2965 3351 3164 3406 corpus
3197 3339 3384 3408 gloria

1809 3405 2011 3461 Christi
2043 3409 2181 3464 dixit
2209 3413 2536 3481 Apostolus:
2591 3431 2703 3482 aut,
2733 3424 2875 3490 quod
2917 3405 3101 3480 nostra
3151 3405 3380 3496 corpora

1808 3497 1988 3553 futura
2028 3503 2137 3556 sint
2163 3506 2461 3562 conlormia
2511 3511 2630 3580 ejus
2661 3516 2897 3582 corpori,
2946 3517 2997 3570 id
3042 3522 3183 3587 quod
3222 3521 3382 3576 docet

1809 3589 1952 3644 idem
1982 3593 2195 3652 divinus
2221 3597 2321 3663 vir,
2354 3599 2606 3671 inquiens
2639 3621 2653 3658 :
2687 3603 2793 3670 Qui
2819 3610 3220 3676 transformabit
3257 3629 3379 3667 cor-

1808 3695 1905 3748 pus
1940 3681 2037 3735 hoc
2065 3683 2385 3742 humilitatis
2420 3701 2634 3758 nostra,
2664 3706 2719 3748 ut
2752 3697 3020 3767 conforme
3044 3700 3140 3769 ﬁat
3171 3704 3381 3772 corpori

1806 3770 1992 3838 gloria:
2019 3774 2185 3840 ipsius
2229 3776 2296 3834 ⁸⁸.
2357 3777 2467 3835 Nec
2513 3786 2766 3852 cognovit
2819 3801 2926 3856 qtto
2972 3791 3187 3844 tandem
3221 3770 3381 3860 pacto

1808 3863 2188 3920 ascribendum
2223 3871 2328 3924 erit
2366 3875 2596 3932 mortale
2648 3876 2792 3931 istud
2839 3879 2908 3934 ab
2947 3881 3377 3950 immortalitate,

1808 3965 1866 4008 ut
1900 3957 1978 4009 ait
2011 3958 2172 4026 idem,
2205 3959 2470 4020 Nolumus
2507 3967 2601 4020 illo
2631 3971 2921 4038 exspoliari
2947 3990 2966 4036 ;
2997 3975 3088 4027 sed
3139 3992 3382 4046 superue-

1804 4047 1948 4113 s'liri,
1973 4059 2026 4100 ut
2052 4050 2394 4107 absorbeatur
2414 4057 2510 4110 hoc
2527 4061 2752 4115 mortale
2783 4079 2816 4115 a
2842 4066 2945 4117 vita
2979 4065 3044 4118 ⁸³.
3071 4063 3199 4122 Ηωο
3227 4067 3381 4138 igno—

1808 4150 1932 4190 rans
1985 4141 2187 4206 omnia,
2245 4141 2480 4199 Verbum
2531 4148 2746 4216 quidem
2801 4167 3112 4208 mansurum
3169 4157 3377 4210 unitum

1806 4226 1939 4292 Deo,
1979 4231 2072 4296 ait,
2107 4241 2168 4286 ut
2189 4234 2317 4289 olim
2352 4247 2471 4290 erat
2510 4257 2525 4293 :
2571 4254 2789 4296 carnem
2840 4257 2973 4298 vero
3011 4261 3039 4297 a
3078 4244 3256 4302 Verbo
3281 4249 3376 4304 deo

1808 4319 2075 4387 relictam,
2106 4325 2289 4378 nescio
2318 4329 2467 4396 quid,
2509 4341 2605 4384 aut
2647 4332 2737 4386 ubi
2790 4333 3050 4390 futuram.
3079 4338 3215 4391 Audi
3249 4355 3379 4394 vero

115 4405 326 4473 σάρκα,
357 4405 804 4473 καταλειφθεῖσαν
838 4406 942 4459 ὑπὸ
964 4406 1057 4459 τοῦ
1096 4407 1292 4476 Λόγου,
1321 4409 1421 4466 οὐκ
1455 4405 1550 4462 οἷδ’
1597 4410 1626 4463 ὅ
1650 4428 1702 4464 τι

1817 4419 1866 4462 ut
1928 4410 2180 4480 loquatur
2227 4414 2317 4486 [Ιί.
2358 4418 2582 4493 CVIII]:
2637 4441 2657 4473 ι
2705 4422 2856 4489 Quod
2893 4426 2937 4479 si
2974 4428 3244 4495 quispiam
3311 4431 3379 4484 de

113 4495 255 4562 ποτὲ
311 4495 655 4566 γενήσεσθαι.
715 4498 1048 4558 Ἑπάκουσον
1101 4497 1145 4550 δ’
1189 4494 1282 4551 οὖν
1338 4500 1486 4562 ὅπως
1531 4499 1706 4554 ταῦτά

1817 4518 1835 4550 ι
1883 4515 2044 4554 carne
2094 4505 2195 4560 hac
2231 4509 2548 4582 interroget,
2583 4529 2702 4582 qum
2752 4517 2804 4568 in
2842 4515 3016 4573 Verbo
3049 4494 3132 4574 est
3161 4522 3380 4575 immor-

113 4602 290 4655 φησιν
312 4602 325 4615 ⁸
363 4605 381 4637 ι
424 4587 484 4638 Ei
513 4586 568 4639 δέ
600 4605 682 4650 τις,
724 4589 851 4659 περὶ
892 4589 988 4658 τῆς
1024 4589 1227 4659 σαρκὸς
1263 4590 1467 4663 ταύτης
1510 4591 1610 4664 τῆς
1646 4593 1704 4644 ὲν

119 4699 136 4730 ι
183 4677 266 4748 τῷ
299 4677 455 4748 Λόγῳ
483 4678 747 4733 ἀθανάτου
778 4679 1066 4752 γεγονυίας
1112 4681 1450 4745 πυνθάνοιτο,
1506 4683 1558 4740 τί
1599 4700 1694 4751 φα-

118 4791 138 4820 (
181 4786 286 4840 μεν
330 4769 442 4840 (79)
483 4771 620 4840 πρὸς
676 4773 836 4829 αὐτόν
866 4789 879 4836 ;
906 4773 988 4824 ὅτι
1035 4773 1384 4844 δογματίζειν
1415 4774 1515 4845 μὲν
1544 4777 1705 4846 ἡμεῖς

117 4881 136 4912 ι
185 4861 318 4932 περὶ
349 4862 455 4932 τῶν
490 4861 563 4934 μὴ
589 4863 833 4935 ἀκριϐῶς
887 4865 1016 4934 περὶ
1046 4863 1154 4918 τῶν
1183 4864 1342 4917 θεῖων
1383 4865 1706 4938 μεμαθήκα-

1818 4609 1836 4640 ι
1889 4593 2030 4656 talis,
2061 4597 2190 4663 quid
2240 4601 2562 4668 sentiamus,
2595 4605 2859 4674 dicemus,
2900 4611 3044 4678 quod
3082 4621 3231 4666 certo
3262 4621 3379 4666 sta-

1817 4702 1836 4734 ι
1885 4695 2033 4739 tuere
2061 4687 2115 4740 in
2152 4699 2324 4743 tutum
2352 4693 2684 4751 arbitramur
2718 4699 2784 4752 de
2834 4699 3010 4767 rebus,
3053 4715 3188 4770 quas
3222 4716 3253 4756 e
3293 4720 3379 4757 sa-

1820 4795 1838 4827 ‹
1886 4779 1998 4834 cris
2030 4779 2225 4836 litteris
2257 4799 2362 4838 non
2413 4800 2602 4841 sumus
2645 4789 2812 4843 docti.
2849 4790 3127 4856 Quomodo
3155 4795 3259 4848 hac
3289 4810 3376 4849 vra

1817 4885 1835 4918 ι
1887 4868 2137 4924 insistent
2172 4872 2268 4937 illi,
2299 4873 2391 4944 qui
2436 4875 2663 4930 aliorum
2714 4879 2965 4948 dogmata
3016 4885 3379 4961 subvertunti

195 5047 256 5104 >14
293 5041 388 5095 Ed.
432 5041 626 5102 Parin.
658 5059 778 5113 pag.
863 5045 982 5099 I77.
1017 5047 1062 5076 “
1097 5045 1252 5100 Rom.
1289 5061 1406 5110 vm,
1446 5047 1538 5102 “2|.
1612 5048 1657 5079 ⁸⁷
1687 5049 1876 5105 Matth.
1908 5067 2039 5120 xvlt,
2080 5054 2136 5110 2.
2212 5055 2258 5087 ⁸⁸
2282 5057 2477 5129 Philip.
2510 5077 2591 5128 tu,
2619 5061 2711 5117 21.
2785 5063 2829 5095 ⁸³
2858 5063 2896 5117 II
2926 5063 3053 5120 Cor.
3071 5082 3122 5130 v,
3145 5065 3203 5144 4.‘

343 5220 512 5302 Vulgo
545 5221 725 5296 [Θεοῦ]
759 5226 936 5302 δόξης.
998 5229 1361 5302 Μρ.Χριστοῦ
1401 5235 1449 5288 δ.
1480 5247 1534 5292 et
1580 5238 1700 5293 dein

119 5288 420 5378 pnite
457 5288 915 5378 μετεσχημάτισῇ

194 5360 310 5442 ςἸξί)
342 5360 1076 5442 ⁸Μετεσχηῂάτισε.,Ιροιιιιει
1122 5379 1204 5423 est
1243 5369 1434 5442 Philip.
1478 5390 1556 5438 Ill,
1605 5377 1696 5441 2i,
1751 5399 1758 5407 -

120 5433 214 5484 ubi
248 5431 448 5504 legitur
477 5431 1007 5504 μετασχηματίσει,
1053 5455 1160 5503 quo
1186 5445 1344 5495 modo
1367 5431 1587 5498 omnino
1617 5431 1694 5500 le;

121 5501 380 5573 pendunt,
432 5513 489 5555 et
555 5501 840 5573 hic—apud
914 5501 1202 5563 Eusebium
1263 5513 1566 5568 atltlemlnm
1627 5532 1691 5570 ex

120 5570 400 5649 Apostolo,
455 5575 596 5649 quod
654 5570 747 5629 hic
790 5577 958 5649 deest,
1005 5581 1092 5645 εἰς
1110 5579 1176 5632 τὸ
1231 5583 1508 5649 γενέσθαι
1547 5587 1692 5639 αὐτὸ

122 5640 504 5715 σύμμορφον.
540 5643 592 5695 In
628 5647 874 5713 sequenti
931 5640 1358 5715 loco’Aposinli,
1400 5657 1437 5706 ll
1473 5656 1597 5709 Cor.
1638 5675 1692 5713 ν.

123 5710 178 5775 ει,
242 5723 324 5765 est
390 5712 632 5768 delectus
675 5710 1032 5785 {legendum
1085 5710 1508 5790 ἐκδύσασθαι,
1557 5710 1694 5781 (illi

1808 5239 2255 5296 ἐπενδύσασθαι
2281 5243 2399 5297 ἵνα.
2431 5242 2502 5299 Μ.

1879 5310 1990 5384 L76)
2023 5310 2204 5384 _V_"|80_
2222 5312 2448 5384 ἔγραψε·

1875 5379 1986 5450 (77)
2021 5379 2272 5450 Μρξάλλ⁶
2292 5379 2714 5444 ’ἐπενδύσασθαι.

1875 5450 1986 5524 l
2018 5450 2187 5524 Eulgo
2223 5454 2422 5524 μένειν.

1875 5520 1985 5590 (79)
2009 5520 2399 5612 Πρόςταὺτόν.
2422 5526 2740 5612 ᾙῘοιρθεει
2774 5528 3028 5612 ἐροῦμεν,
3074 5528 3260 5612 statim
3301 5530 3380 5593 Ιρτ

1800 5587 1982 5669 gerem
2008 5587 2151 5661 περὶί
2169 5587 2278 5669 ὧν,
2306 5596 2380 5667 μὴ
2410 5597 2656 5669 ἀκριϐῶς
2677 5599 2742 5652 ἐκ
2760 5587 2870 5654 τῶν
2898 5587 3080 5664 θείων,
3111 5609 3164 5653 et
3197 5587 3374 5654 tamen

1802 5659 1985 5748 paulo.
2011 5659 2132 5748 post
2181 5659 2379 5722 eodcm'
2430 5659 2590 5728 n.on
2637 5659 2838 5748 legitur
2896 5673 3021 5747 περὶ
3067 5659 3176 5742 ’τῆς
3224 5669 3375 5747 θείᾶς

1804 5729 2046 5814 Γραφῆς.
2073 5729 2145 5787 Μ.
