3810 6218
445 282 593 345 1019

1128 287 1395 344 EUSEBII
1430 286 1907 373 casanmusns
1945 287 2101 345 ore.
2139 283 2319 341 psus
2354 284 2443 340 tv.
2482 316 2553 328 —
2589 250 3005 357 Decangos.

3558 286 3705 341 £020

454 415 478 452 ς
520 399 602 455 Ad
634 399 756 453 illos
781 412 911 453 vero
934 398 1024 469 qui
1050 409 1296 453 exactam
1321 399 1388 453 de
1416 401 1577 455 rebus
1607 400 1726 455 istis
1757 400 2014 452 rationem

2134 413 2149 447 ι
2197 411 2296 467 μεν
2328 393 2582 466 Γραφῶν,
2633 394 2734 446 οὐκ
2765 393 3006 464 ἀσφαλὲς
3044 389 3181 448 εἶναι
3207 392 3522 465 νομίζομεν.
3572 396 3705 459 Πῶς

453 509 477 544 e
525 509 554 545 ο
585 491 740 545 uoltis
762 490 1013 560 exigunt,
1044 491 1339 559 inquimus,
1370 491 1513 559 quod
1537 501 1727 545 sancto
1762 489 2019 557 Apostolo

453 599 478 635 ι
523 583 1010 651 obtemperaudum
1049 582 1253 637 scimus
1293 597 1437 648 esse,
1469 582 1561 650 qui
1606 581 1863 651 mysteria
1896 582 2020 634 abs—

452 689 476 724 ο
522 673 763 736 condita,
806 673 873 726 ad
926 672 1074 726 illum
1125 673 1364 737 modum,
1409 687 1569 742 quem
1639 673 1753 741 ipse
1805 673 2017 735 statuit,

454 784 476 818 ι
524 767 816 820 scrutanda
867 765 1053 819 docuit
1093 782 1107 819 :
1161 762 1409 817 Videmus
1451 765 1588 817 enim
1627 781 1786 826 nunc,
1824 764 2017 832 inquit,

456 873 478 905 ι
522 864 775 923 tanquam
821 869 915 921 per
945 854 1212 921 speculum
1259 854 1313 905 in
1357 852 1678 920 anigmate:
1730 864 1852 904 tunc
1902 867 2018 904 vero

455 964 477 996 ι
523 945 660 1014 [acie
696 945 767 1013 ad
796 945 988 1013 [aciem
1022 944 1090 1007 “,
1130 954 1186 997 et
1214 948 1271 1006 »Β
1311 958 1430 1012 quae
1475 955 1791 1013 sequuntur.
1823 940 1898 995 Ne
1937 957 2020 996 me

455 1053 480 1090 s
522 1037 823 1104 interroges
851 1051 1001 1104 ergo,
1031 1038 1097 1090 de
1126 1036 1287 1088 rebus
1313 1049 1434 1103 qua:
1456 1050 1562 1088 non
1589 1043 1807 1087 exstant
1836 1041 2021 1100 aperte

456 1143 480 1179 ι
527 1127 738 1180 traditae
765 1127 817 1178 in
851 1125 1152 1194 Scripturis
1205 1126 1375 1179 sacris
1412 1143 1424 1178 :
1464 1126 1609 1181 unde
1651 1133 1856 1179 certmn
1889 1123 2019 1191 quid

456 1233 480 1270 ε
523 1226 761 1270 statuere
810 1231 911 1269 non
961 1231 1180 1285 possum
1228 1217 1292 1268 de
1341 1230 1524 1280 carne,
1572 1214 1725 1281 cujus
1753 1215 2018 1284 particeps

456 1322 480 1357 ι
523 1316 647 1361 erat
682 1305 945 1359 Verbum.
990 1305 1091 1370 Qui
1135 1314 1315 1358 autem
1366 1303 1568 1357 fatetur
1613 1318 1672 1358 se
1719 1319 1822 1356 non
1865 1317 2020 1371 posse

458 1414 479 1449 ι
527 1397 593 1450 de
645 1396 947 1464 Scripturis
996 1398 1341 1464 respondere,
1396 1395 1557 1448 simul
1604 1395 1923 1458 confitetur,
1961 1409 2020 1448 se

456 1504 479 1540 ι
527 1488 660 1541 nihil
690 1488 822 1542 certi
855 1489 921 1543 de
958 1485 1252 1557 Scripturis
1285 1488 1561 1542 didicisse.
1590 1506 1609 1538 ι
1640 1485 2017 1552 Huiuscemodi

454 1578 546 1633 ille
580 1580 646 1633 de
672 1580 776 1634 hac
803 1595 965 1634 carne
998 1580 1155 1634 scivit
1188 1598 1202 1633 :
1234 1595 1337 1633 non
1364 1591 1582 1648 accepta
1607 1581 1674 1633 de
1700 1579 2016 1645 Scripturis,

452 1684 560 1723 non
615 1669 684 1723 ab
728 1670 850 1724 aliis
898 1680 1183 1738 occupata,
1223 1685 1327 1724 non
1357 1685 1388 1724 e
1422 1671 1714 1724 traditione
1764 1670 2019 1724 Ecclesia:

2128 505 2148 539 ι
2189 486 2299 559 γὰρ
2314 487 2474 540 τοῦτο
2497 487 2757 557 πράττειν
2771 486 2995 539 δυνατὸν
3023 488 3134 549 τοῖς
3156 486 3250 539 καὶ
3265 484 3337 539 τά
3359 486 3564 558 ἐτέρων
3586 488 3703 554 (8οὶ

2127 596 2147 630 ι
2184 578 2550 648 ἀνατρέπουσι
2570 577 2842 648 δόγματα;
2885 575 3021 628 Ἀλλ’
3045 575 3277 646 ἐροῦμεν
3304 577 3439 648 πρὸς
3457 578 3590 642 τοὺς
3615 579 3705 631 τὸν

2127 688 2147 721 ι
2181 669 2382 742 ἀκριϐῆ
2420 669 2545 741 περὶ
2574 668 2763 722 τούτου
2789 668 2979 739 μαθεῖν
3001 666 3126 739 παρ’
3155 667 3309 738 ἡμῶν
3341 668 3707 739 βουλομένους

2127 780 2145 813 ι
2183 761 2474 829 λόγον,ὃτι,
2498 760 2805 831 πειθόμενοι
2820 759 2896 830 τῷ
2918 758 3046 830 ἱερῷ
3073 759 3401 829 Ἀποστόλῳ,
3419 761 3606 830 ἴσμεν,
3624 760 3708 812 ὅτι

2129 871 2148 904 ι
2191 851 2365 915 οὕτως
2412 854 2561 922 ἡμᾶς
2613 853 2745 923 όρᾷν
2794 851 2863 903 τά
2914 850 3379 921 ἀποκεκρυμμένα
3424 852 3710 921 μυστήρια

2128 962 2146 994 ι
2188 944 2474 1014 προσήκει,
2522 942 2599 1005 ὡς
2645 943 2807 1005 αὐτὸς
2854 940 2990 1011 ἔφη·
3043 940 3358 1010 Βλέπομεν
3403 941 3517 1010 γὰρ
3547 943 3708 1010 ἄρτι,

2127 1051 2146 1085 ι
2182 1033 2333 1102 φησὶ,
2361 1031 2435 1086 δι’
2462 1032 2782 1100 εὶσόπτρου
2798 1033 2867 1085 ἐν
2886 1032 3185 1100 αἰνίγματι
3204 1047 3217 1061 ·
3248 1032 3382 1084 τότε
3412 1030 3483 1083 δὲ
3513 1032 3712 1098 πρόσ-

2126 1140 2146 1172 t
2186 1135 2348 1176 ωπον
2397 1123 2546 1190 πρὸς
2596 1124 2939 1190 πρόσωπον,
3001 1124 3096 1175 καὶ
3128 1122 3196 1176 τὰ
3228 1122 3389 1191 ἐξῆςο
3436 1123 3585 1177 ὥστε
3632 1122 3709 1193 μή

2125 1230 2145 1263 ι
2191 1229 2292 1281 μου
2322 1212 2592 1266 πυνθάνου
2622 1213 2750 1282 περὶ
2778 1204 2852 1264 ὧν
2880 1211 3068 1280 σαφῶς
3091 1210 3243 1284 παρὰ
3268 1212 3369 1281 τῆς
3390 1211 3545 1275 θείας
3570 1212 3714 1282 Γραο

2128 1320 2147 1353 ι
2184 1303 2290 1373 φῆς
2314 1304 2387 1375 μὴ
2421 1304 2715 1374 μεμάθηκα
2738 1320 2752 1333 ·
2781 1302 2871 1355 ὃιά
2899 1302 3060 1356 τοῦτο
3089 1303 3266 1356 τοίνυν
3298 1303 3420 1356 οὐδὲ
3449 1303 3586 1374 περὶ
3606 1306 3715 1374 τῆς

2126 1412 2145 1446 ι
2184 1394 2331 1459 θείας
2363 1395 2479 1466 (81⁷
2507 1395 2726 1465 Γραφῆς
2754 1393 2968 1464 ἐκείνης
2998 1395 3097 1461 τῆς
3136 1394 3215 1464 τῷ
3251 1395 3410 1465 Λόγῳ
3438 1412 3717 1464 κοινωνη-

2126 1504 2145 1536 ι
2187 1487 2358 1556 σάσης
2387 1486 2587 1557 σαρκὸς
2612 1485 2796 1553 σαφῶς
2843 1487 3016 1538 εἰπεῖν
3044 1485 3364 1556 δυνήσομαι.
3398 1483 3517 1539 Εἶθ’
3541 1488 3573 1539 ὁ
3606 1504 3716 1556 μη·

2127 1594 2148 1628 ι
2185 1577 2274 1629 δέν
2301 1576 2479 1644 λέγειν
2520 1576 2779 1630 δύνασθαι
2824 1576 3121 1646 ὁμολογῶν,
3159 1576 3295 1647 μηδέ
3323 1576 3716 1647 μεμαθηκέναι

2128 1686 2148 1720 ‹
2187 1686 2238 1722 τι
2266 1668 2373 1722 ἀπὸ
2412 1669 2515 1739 τῆς
2554 1669 2594 1720 Γ
2599 1668 2798 1740 ραφῆς.
2839 1686 2858 1719 s
2894 1666 3135 1722 Τοιαῦτα
3178 1669 3308 1739 περὶ
3352 1669 3457 1738 τῆς
3499 1669 3715 1740 σαρκὸς

453 1759 663 1824 doctus,
691 1762 791 1815 sibi
821 1776 947 1815 vero
976 1762 1209 1815 conﬁcta
1239 1780 1252 1815 :
1282 1771 1337 1816 et
1368 1763 1436 1815 de
1467 1778 1564 1817 suo
1590 1764 1821 1817 cerebro
1848 1778 2014 1816 exco-

2134 1761 2454 1832 ὶπεφήνατο,
2471 1731 2719 1813 socians
2735 1731 2840 1828 τῆς
2868 1758 3089 1830 Γραφῆς
3117 1731 3298 1813 λαϐὰίν
3323 1731 3434 1813 οὔτ’
3456 1761 3555 1829 ἀφ’
3575 1731 3716 1813 ’ἐτέ-

451 1860 622 1918 gttata
648 1867 661 1904 :
698 1854 1066 1920 peregrinum,
1092 1862 1146 1907 et
1176 1854 1409 1907 alienum
1430 1869 1458 1906 a
1481 1855 1705 1908 veritate
1728 1855 1976 1925 genimen
2001 1873 2014 1910 ι

456 1955 555 1995 nec
583 1954 703 1995 erat
730 1942 803 1996 illi
833 1944 883 1995 in
920 1944 1103 1996 animo
1135 1943 1412 2012 Scriptura
1454 1946 1728 2015 inquiens,
1760 1945 1842 1998 Ne
1866 1947 2017 2016 adje-

452 2034 583 2087 ceris
608 2034 677 2086 ad
713 2051 979 2088 sermones
1017 2037 1151 2104 ejus,
1177 2051 1240 2088 ne
1265 2045 1312 2088 te
1343 2046 1615 2104 coarguat.
1646 2046 1693 2090 et
1723 2038 1776 2090 in
1806 2042 2020 2091 mendae

449 2130 532 2178 cio
570 2128 977 2195 deprehemlaris
1013 2129 1080 2180 ".
1139 2127 1224 2189 Et,
1272 2126 1361 2183 Va:
1403 2129 1470 2182 iis
1505 2129 1595 2198 qui
1630 2131 1693 2183 de
1729 2146 1825 2182 suo
1862 2131 2018 2182 corde

449 2217 759 2282 prapltctaut
783 2218 850 2270 θ’.
885 2217 1095 2274 Intuere
1125 2227 1305 2273 autem
1341 2229 1540 2289 quanta
1567 2235 1627 2275 se
1652 2221 2018 2275 circumduxit

450 2306 751 2375 inpietate.
783 2307 883 2373 Qui
917 2311 1063 2362 enim
1118 2311 1427 2364 universam
1474 2311 1618 2365 illam
1659 2312 2015 2382 theologicam

452 2398 714 2450 rationem
742 2399 807 2453 de
838 2398 976 2453 Filio
1016 2400 1294 2469 unigenito
1324 2403 1737 2470 prmexsislente
1782 2404 1848 2456 ad
1894 2418 2018 2458 car-

451 2501 573 2539 nem
602 2486 816 2553 dejecit,
856 2500 911 2540 et.
958 2497 1167 2541 tantum
1216 2505 1321 2543 non
1370 2488 1615 2543 lauream
1659 2490 1734 2544 illi
1776 2490 2016 2545 victorias

449 2577 731 2646 praemium
770 2578 951 2632 verbis
995 2578 1372 2635 disertissimis
1432 2579 1827 2648 superinduxit.
1883 2579 2015 2634 Nam

449 2670 498 2725 is
536 2672 626 2740 qui
667 2672 825 2735 dixit,
863 2671 955 2725 Dei
986 2671 1219 2726 Verbum
1261 2688 1358 2740 per
1405 2674 1859 2727 resurrectionem
1888 2688 2016 2742 pro-

448 2779 676 2820 curasse
705 2765 1162 2819 immortalitatem
1201 2766 1449 2819 humanae
1476 2766 1649 2831 carni,
1673 2775 1728 2819 et
1758 2774 2014 2834 tanquam

448 2871 651 2911 corona
712 2856 1025 2909 redimitum
1084 2856 1151 2908 ad
1213 2855 1306 2910 Dei
1374 2856 1620 2910 dextram
1676 2857 2016 2911 ascendendo

448 2947 797 3002 consedisse:
833 2948 974 3002 idem
1009 2948 1125 3016 ipse
1154 2948 1230 3000 ait
1253 2947 1395 3001 illam
1441 2949 1654 3001 inanem
1699 2956 1753 3002 ct
1792 2961 2011 3001 vacuam

447 3037 686 3091 futuram
732 3039 784 3092 in
828 3038 937 3095 line
977 3036 1159 3090 Inundi
1193 3054 1207 3091 :
1236 3038 1360 3090 dum
1390 3035 1629 3091 Verbum
1658 3036 1845 3091 adunit
1883 3038 2013 3101 Deo,

2124 1867 2229 1922 ρων
2253 1850 2362 1922 (82)
2381 1850 2733 1923 παραλαϐών·
2759 1850 2869 1905 οὒτ’
2886 1849 2998 1904 ἀπὸ
3015 1850 3117 1920 τῆς
3143 1851 3470 1922 Ἐκκλησίας
3492 1852 3712 1922 μαθὼν.

2119 1940 2294 2012 ἐαυτῷ
2320 1942 2378 1995 δὲ
2401 1942 2718 2006 ἀναπλάσας
2745 1943 2838 1995 καὶ
2865 1943 2964 2012 τῆς
2985 1943 3191 2007 οίκείας
3206 1943 3562 2015 ἐνθυμήσεως
3590 1945 3714 1998 ἐπι-

2118 2033 2315 2101 νοήσας
2367 2032 2514 2097 ξένον
2564 2034 2658 2087 καὶ
2704 2033 2804 2105 τῆς
2836 2033 3095 2105 ἀληθείας
3123 2034 3401 2105 ἀλλότριον
3429 2035 3712 2106 γέννημα,

2123 2124 2286 2195 μηδὲν
2332 2126 2390 2177 ἐν
2438 2122 2513 2195 νῷ
2585 2123 2764 2179 λαϐὼν
2812 2125 2913 2196 τὴν
2962 2124 3227 2195 λέγουσαν
3277 2127 3505 2197 Γραφήν
3540 2144 3555 2157 ·
3610 2129 3712 2193 Μὴ

2121 2212 2391 2282 προσθῇς
2407 2214 2530 2282 τοῖς
2553 2217 2758 2285 λόγοις
2787 2217 2995 2280 αὐτοῦ,
3004 2216 3237 2286 μήποτε
3250 2217 3471 2286 ἐλέγξῃ
3485 2232 3583 2272 σε·
3614 2218 3716 2271 καί

2118 2304 2354 2374 ψευδὴς
2381 2305 2525 2375 γένῃ
2545 2323 2559 2336 ·
2591 2308 2706 2371 καὶ,
2733 2308 2876 2362 Οὐαὶ
2904 2308 3028 2374 τοῖς
3047 2311 3540 2378 προφητεύουσιν
3590 2310 3714 2364 ἀπὸ

2118 2395 2369 2463 καρδίας
2398 2397 2618 2451 αὐτῶν.
2658 2399 2800 2469 Ὅρα
2853 2398 2898 2453 δ’
2927 2395 3022 2454 οὖν
3064 2400 3165 2472 ὅσῃ
3212 2398 3502 2470 ὃυσσεὸείᾳ
3545 2416 3716 2468 περι-

2119 2486 2430 2542 πέπτωκεν.
2472 2489 2531 2542 '0
2561 2489 2669 2560 γὰρ
2703 2489 2803 2560 τὴν
2826 2492 3006 2543 πᾶσαν
3039 2492 3168 2561 περὶ
3194 2489 3288 2543 τοῦ
3313 2490 3714 2560 προῦπάρχον-

2117 2592 2209 2640 τος
2250 2577 2569 2648 μονογενοῦς
2594 2577 2725 2632 Υἱοῦ
2752 2578 3048 2648 θεολογίαν,
3072 2580 3164 2633 ἐπὶ
3190 2580 3287 2651 τὴν
3315 2582 3499 2651 σάρκα
3528 2598 3713 2634 κατα-

2118 2666 2316 2733 ὗαλὼν,
2345 2670 2528 2733 αὐτοῖς
2547 2687 2606 2723 τε
2644 2672 2851 2742 ῥήμασι
2872 2672 3029 2743 νίκης
3061 2671 3321 2741 στέφανον
3360 2671 3533 2743 αὐτὴν
3576 2675 3716 2725 ava-

2117 2759 2406 2831 γορεύσας,
2432 2760 2605 2825 οὕτως
2650 2762 2783 2834 ἔφη’
2813 2763 2903 2816 τὸν
2930 2763 3025 2816 τοῦ
3056 2763 3191 2817 Θεοῦ
3237 2765 3411 2832 Λόγον
3453 2765 3559 2835 τὴν
3622 2765 3716 2817 ἄν-

2118 2850 2397 2924 θρωπίνην
2439 2853 2621 2925 σάρκα
2664 2854 2753 2907 διὰ
2785 2855 2885 2925 τῆς
2916 2855 3265 2918 ἀναστάσεως
3295 2856 3567 2909 ἀθάνατον
3612 2873 3709 2924 γε·

2115 2942 2300 2997 νέσθαι
2350 2945 2841 3015 παρεσκευακέναι,
2878 2948 2970 3000 καὶ
3001 2947 3190 3019 ὥσπερ
3213 2940 3335 3001 τινὰ
3385 2949 3501 3019 (83)
3539 2949 3713 3017 νίκην

2117 3034 2380 3104 στέφανον
2426 3035 2830 3107 ἀναδησάμενον
2856 3040 2913 3092 ἐν
2943 3037 3094 3110 δεξιᾷ
3124 3037 3221 3091 τοῦ
3274 3040 3494 3110 Πατρὸς
3523 3040 3707 3093 καθέ-

448 3142 671 3181 carnem
716 3141 845 3180 vero
893 3136 1106 3195 separat
1146 3128 1212 3182 ab
1242 3127 1497 3195 operibus
1525 3126 1681 3180 Verbi
1710 3144 1725 3179 :
1770 3135 1824 3181 et
1855 3127 2014 3181 relin-

2134 3126 2329 3191 ζεσθαι,
2362 3120 2517 3192 οὗτος
2544 3128 2706 3192 αὑτός
2732 3146 2894 3201 φησιν
2920 3130 3087 3201 αὐτὴν
3122 3130 3327 3203 ἔρημον
3353 3131 3588 3185 ἔσεσθαι
3619 3132 3715 3185 καὶ

447 3220 568 3288 quit
614 3219 798 3272 nescio
846 3218 932 3273 ubi
968 3219 1282 3272 destitutam
1323 3217 1728 3272 :immortalem
1774 3228 1921 3274 certe
1963 3228 2014 3274 et

2134 3225 2361 3297 ipcpav-hv
2388 3227 2446 3279 ἐν
2471 3225 2549 3297 τῷ
2579 3227 2674 3280 τοῦ
2695 3229 2892 3292 παντὸς
2910 3229 3054 3282 τέλει
3077 3247 3091 3259 ’
3127 3229 3262 3283 ἑνῶν
3298 3230 3397 3300 μὲν
3419 3231 3513 3284 τὸν
3531 3231 3715 3299 Λόγον

447 3309 910 3376 iucorruptibilem
938 3326 953 3362 :
988 3309 1278 3362 inanimcm
1305 3323 1451 3372 vero,
1477 3316 1532 3362 et
1557 3307 1812 3364 destituta
1841 3309 2014 3364 Verbo

2134 3315 2199 3386 τῷ
2223 3316 2362 3388 Θεῷ,
2388 3316 2486 3389 τὴν
2518 3318 2575 3372 δὲ
2609 3319 2788 3390 σάρκα
2816 3320 3065 3392 χωρίζων
3096 3321 3195 3391 τῆς
3216 3320 3308 3374 τοῦ
3331 3321 3507 3389 Λόγου
3550 3322 3715 3392 ἐνερ-

451 3402 523 3457 ab
550 3400 697 3456 omni
727 3415 891 3470 opere
915 3400 1219 3454 feriantem.
1249 3399 1379 3466 Quae
1415 3400 1529 3469 ipsa
1561 3399 1629 3454 de
1665 3415 1770 3454 non
1806 3400 2018 3455 intelle-

448 3494 554 3548 ctis
580 3492 987 3560 Scripturarum
1021 3490 1346 3545 lectionibus
1388 3490 1633 3545 stabilire
1661 3490 1843 3544 voluit.
1880 3490 2015 3545 Nam

447 3599 572 3639 cum
601 3584 862 3638 Serrator
892 3582 958 3636 ad
984 3596 1099 3647 eos,
1126 3582 1218 3651 qui
1253 3595 1358 3635 non
1386 3582 1676 3650 capiebant
1703 3596 2013 3637 sermonem

445 3690 628 3740 suum,
666 3676 733 3728 de
753 3687 917 3728 carne
942 3688 1035 3728 sua
1063 3683 1117 3725 et
1140 3673 1401 3742 sanguine
1443 3673 1802 3726 disserentem
1862 3674 2011 3727 dice-

447 3779 551 3835 ret,
572 3768 801 3822 Haecine
816 3783 899 3820 vos
923 3766 1293 3821 scandalizat?
1312 3764 1373 3819 Si
1400 3779 1521 3833 ergo
1545 3763 1781 3818 videritis
1812 3762 1859 3815 F
1864 3765 2014 3817 ilium

445 3861 671 3914 hominis
706 3860 1069 3913 ascendentem
1096 3857 1184 3911 ubi
1210 3864 1326 3910 erat
1356 3857 1520 3922 prius.
1549 3855 1775 3921 Spiritus
1802 3866 1897 3914 est.
1922 3857 2012 3925 qui

446 3951 714 4018 vivi/ient:
759 3966 883 4002 caro
936 3966 1039 4001 non
1090 3949 1297 4014 prodest
1334 3947 1641 4016 quidquam.
1685 3945 1855 3999 Verba
1895 3963 2013 4015 quia

446 4059 541 4111 ego
563 4045 767 4096 locutus
797 4057 910 4094 sum
934 4040 1076 4095 vobis
1106 4041 1320 4106 spiritus
1349 4050 1395 4091 et
1425 4041 1528 4091 vita
1555 4049 1675 4091 sunt
1699 4039 1790 4093 "'.

2123 3412 2297 3480 γείας,
2328 3412 2422 3466 καὶ
2461 3413 2778 3469 καταλιπὼν
2816 3415 3005 3486 αὐτὴν,
3034 3417 3136 3469 οὐκ
3168 3412 3264 3469 οἶδ’
3295 3416 3464 3489 ὅπως,
3495 3415 3713 3471 ἀθάνα-

2117 3514 2210 3551 τον
2258 3499 2358 3570 μὲν
2400 3500 2495 3553 καὶ
2539 3500 2840 3573 ἄφθαρτον,
2875 3502 3080 3573 ἄψυχον
3109 3503 3164 3557 δὲ
3206 3505 3298 3557 καὶ
3338 3506 3710 3577 ἁνενέργητον

2120 3587 2227 3641 ὑπὸ
2254 3586 2348 3642 τοῦ
2381 3589 2575 3657 Λόγου.
2625 3592 2736 3644 Καὶ
2772 3592 2946 3645 ταῦτα
2988 3593 3046 3644 δέ
3095 3593 3255 3647 πάλιν
3291 3596 3354 3647 ἐκ
3391 3595 3502 3648 τῶν
3542 3594 3711 3649 Θεέων

2116 3680 2581 3751 ἀναγνωσμάτων,
2613 3681 2650 3735 ἀ
2702 3682 2777 3755 μὴ
2811 3684 3057 3756 νενόηκε,
3115 3688 3368 3757 συνιστᾷν
3419 3689 3705 3757 πειρᾶται.

2117 3768 2224 3822 Τοῦ
2263 3770 2371 3841 γὰρ
2408 3771 2663 3845 Σωτῆρος
2722 3775 2878 3846 ἡμῶν
2931 3778 3067 3849 πρὸς
3122 3778 3247 3842 τοὺς
3288 3778 3362 3849 μὴ
3416 3779 3707 3841 συνιέντας

2116 3859 2216 3925 τὰς
2246 3862 2374 3932 περὶ
2405 3862 2505 3932 τῆς
2530 3864 2732 3935 σαρκὸς
2758 3867 2852 3919 καὶ
2879 3866 2974 3920 τοῦ
3006 3869 3237 3938 αἵματος
3260 3869 3425 3922 αὑτοῦ
3444 3869 3704 3923 διδασκα-

2120 3952 2240 4015 λίας
2260 3954 2569 4024 εἰρηκότος·
2613 3956 2793 4011 Τοῦτο
2816 3956 2973 4026 ὑμᾶς
2998 3958 3417 4025 σκανδαλίζειδ
3450 3960 3565 4014 ἐὰν
3590 3955 3708 4015 οὖν

2120 4040 2374 4109 θεωρῆτε
2416 4043 2525 4097 τὸν
2578 4045 2717 4099 Υἱὸν
2747 4046 2855 4101 τοῦ
2888 4048 3201 4115 ἀνθρώπου
3258 4051 3703 4113 ἀναϐαίνοντα,

446 4131 600 4185 ὅπου
630 4130 709 4198 ἦν
730 4130 795 4182 τὸ
812 4130 1119 4197 πρότερον,
1133 4127 1196 4181 τὸ
1217 4126 1455 4195 11νεῦμὰ
1469 4127 1598 4179 ἐστι
1619 4125 1684 4178 τὸ
1703 4125 2043 4193 ζωοποιοῦν,
2083 4129 2121 4196 ἠ
2142 4128 2298 4198 σὰρξ
2354 4132 2464 4185 οὐκ
2485 4131 2706 4203 ὠφελεῖ
2745 4135 2943 4190 οὐδέν·
2965 4138 3291 4208 τὰκρἠματα
3311 4141 3350 4193 ἂ
3380 4139 3499 4209 ἐγὼ
3522 4140 3703 4195 λελά-

445 4228 605 4290 ληκα
624 4220 784 4291 ὑμῖν,
815 4220 1049 4288 πνευμά
1070 4221 1199 4272 ἐστι
1225 4219 1320 4272 καὶ
1348 4216 1456 4287 ζωή
1488 4219 1638 4271 ἐστι.

1092 4307 1243 4362 CAP.
1287 4306 1371 4361 XI.

448 4402 601 4468 Quod
632 4417 804 4455 vocem
830 4398 1181 4465 evangelicum
1215 4414 1314 4450 non
1342 4396 1661 4468 intelligens,
1692 4400 1827 4453 dixit
1853 4416 2006 4453 scan-

517 4471 807 4535 -dult2.are,
838 4482 884 4524 et
916 4470 1048 4522 nihil
1074 4470 1318 4537 prodesse
1342 4484 1557 4520 carnem
1593 4467 1910 4523 Seruatoris.

516 4629 748 4684 Sensum
787 4627 1072 4679 verborum
1115 4639 1218 4677 non
1254 4624 1683 4692 apprehendens,
1727 4624 2009 4678 existima-

444 4722 523 4777 vit
546 4720 695 4775 illum
726 4719 813 4773 hic
844 4717 1067 4785 rcjicere
1112 4721 1170 4778 ὦ
1225 4730 1441 4769 carnem
1474 4730 1632 4782 quam
1654 4723 2017 4784 assumpserat

444 4816 512 4869 de
563 4822 751 4867 sancta
807 4808 1048 4877 Virgine.
1101 4813 1278 4877 Atque
1328 4808 1524 4861 exinde
1581 4806 1849 4863 coniicere
1896 4808 2012 4861 vult

445 4904 602 4970 illud,
639 4910 760 4972 post
804 4900 989 4955 mundi
1041 4898 1565 4954 consummationem
1611 4895 2009 4962 DeitVerbum,

444 4996 603 5068 plane
634 4993 890 5048 nudatam
922 4993 1069 5046 onmi
1099 4990 1410 5058 operatione
1454 5003 1673 5043 carnem
1720 5004 1872 5043 suam
1917 4992 2013 5043 de-

2752 4314 2910 4369 ΚΕΦ.
2959 4317 3059 4368 IA'.

2121 4401 2315 4473 Ὄξτως
2330 4400 2415 4473 μὴ
2442 4400 2674 4473 νοήσας
2696 4402 2812 4470 τὴν
2827 4404 3237 4473 Αεῠαγτελικὴν
3274 4404 3489 4473 φωνὴν
3510 4421 3698 4460 σκαν-

2187 4470 2446 4545 ᾷαλίζειν
2466 4471 2581 4545 ἕξη
2618 4471 2733 4540 τὴν
2757 4470 2964 4541 σάρκα
2979 4470 3085 4527 τοῦ
3113 4470 3410 4544 Σωτῆρος,
3436 4470 3557 4529 ﬁxa)
3580 4493 3699 4545 μη-

2187 4541 2294 4593 δὲν
2312 4541 2584 4610 ὠφελεῖν.

2190 4629 2302 4700 (84)
2332 4630 2446 4683 Οὐκ
2476 4632 2777 4701 ἐπιστήσας
2796 4633 2862 4702 τῇ
2883 4631 3090 4701 διανοίᾳ
3115 4631 3208 4683 τοῦ
3225 4630 3407 4699 λόγου,
3425 4630 3695 4685 ὑπέλαϐεν

2120 4720 2283 4774 αὐτὸν
2310 4720 2521 4774 ἀθετεῖν
2550 4720 2649 4792 τὴν
2674 4722 2873 4794 σάρκα,
2904 4723 2970 4793 ἣν
2994 4721 3281 4793 ἀνείληφεν
3317 4725 3385 4775 ἐκ
3413 4726 3515 4794 τῆς
3538 4724 3695 4791 ἁγίας

2116 4812 2415 4885 Παρθένου.
2461 4808 2573 4866 Εἶτ’
2606 4815 2671 4867 ἐκ
2706 4814 2894 4867 τούτου
2945 4816 3193 4884 πειρᾶται
3235 4815 3690 4878 κατασκευάζειν,

2113 4899 2190 4962 ὡς
2216 4901 2354 4967 μετά
2385 4900 2483 4971 τὴν
2517 4900 2820 4955 συντέλειαν
2842 4901 2935 4954 τοῦ
2960 4901 3179 4965 παντὸς.
3210 4902 3420 4974 ἔρημον
3441 4904 3543 4973 τῆς
3564 4906 3693 4957 ἐαυ-

2114 4989 2208 5042 τοῦ
2242 4991 2519 5062 ἐνεργείας
2542 4994 2600 5044 ἐν
2615 4991 2691 5062 τῷ
2715 4991 2834 5063 Θεῷ
2848 4993 3018 5062 Λόγος
3037 4992 3353 5062 καταλείψει
3377 4995 3478 5065 τὴν
3496 4996 3690 5065 σάρκα.

521 5091 580 5150 ᾖ(
608 5085 705 5140 Ed.
733 5083 927 5148 Paris.,
964 5097 1085 5153 pag.
1108 5081 1230 5136 178.
1261 5081 1383 5137 N9.
1458 5082 1505 5114 ”
1532 5080 1550 5135 1
1583 5081 1709 5137 Cor.
1741 5096 1862 5141 xm.
1899 5081 1984 5140 12.

2134 5083 2302 5138 Eccli.
2344 5099 2440 5149 vn,
2478 5084 2567 5151 14,
2610 5084 2695 5139 15.
2770 5086 2816 5117 ⁸⁸
2864 5084 2964 5140 lsa.
3001 5102 3081 5153 Ix,
3113 5086 3201 5143 l5.
3286 5088 3357 5119 "'
3394 5086 3555 5143 Joan.
3592 5103 3684 5154 ην

441 5156 613 5212 ϐὶσϐι

515 5319 628 5391 (80)
673 5318 1094 5391 Ἀνατρέπουσι
1128 5313 1409 5391 δόγματα.
1432 5313 1630 5391 Asterii
1663 5313 1932 5391 nimirum
1956 5323 2010 5369 et

445 5383 795 5450 Arianorum,
825 5383 960 5455 unos
993 5384 1280 5439 Marcellus
1322 5385 1682 5455 oppugnabat.
1736 5383 1858 5438 Ideo
1890 5386 2009 5438 sine

444 5460 665 5515 disertis
696 5453 991 5526 Scriptura:
1028 5456 1229 5521 verbis,
1250 5524 1256 5526 Α
1281 5456 1350 5526 ad
1382 5453 1603 5526 illorum
1657 5455 2007 5526 quaestionem

446 5544 551 5582 non
594 5523 977 5590 responsurum
1009 5538 1068 5579 se
1098 5525 1192 5579 ait.
1230 5524 1309 5578 Ad
1346 5523 1482 5577 alios
1515 5538 1644 5577 vero
1678 5524 1782 5594 qui~
1806 5524 2012 5594 simpli-

444 5600 601 5662 citer,
641 5611 739 5649 nec
765 5595 1054 5666 ἐριστικῶς
1099 5596 1455 5666 interrogent,
1485 5592 2010 5666 sedicturum._lta_-

444 5682 550 5735 que
582 5680 679 5735 pro
700 5662 834 5737 πρὸς
856 5664 1000 5737 τοὺς,
1033 5667 1262 5737 lugerem
1286 5663 1444 5737 Δπρὸς
1489 5662 1702 5728 ἄλλους,
1746 5664 1827 5718 rel
1870 5663 2010 5717 ἐκεί-

443 5731 596 5801 νους,
620 5731 754 5799 τοὺς
775 5735 865 5789 τὸν
893 5731 1114 5806 ἀκριῦῆζ
1146 5745 1249 5789 etc.
1285 5731 1355 5788 Μ.

2187 5314 2297 5387 (81)
2328 5314 2496 5387 Vulso
2518 5318 2737 5387 γραφῆς
2755 5316 2989 5387 ἐκείνηςο

2187 5385 2299 5458 (ὃξ.)
2332 5383 2501 5458 Vulgo
2526 5383 2831 5458 προλαϐὼν,
2864 5383 3067 5458 et'mos
3087 5383 3161 5458 μὴ
3194 5384 3479 5458 προσθείς.

2208 5454 2297 5520 85)
2325 5455 2518 5522 Νίκην
2538 5454 2863 5523 στέφανον.
2893 5456 3047 5524 Esset
3074 5454 3258 5524 νίκης.
3294 5455 3367 5510 Il.

2208 5460 2297 5520 85)
2325 5460 2518 5522 Νίκην
2538 5460 2863 5523 στέφανον.
2893 5460 3047 5510 Esset.
3074 5460 3258 5524 νίκης.
3294 5460 3367 5510 Il.

2185 5460 2297 5595 £84)
2360 5527 2483 5579 Οὐκ
2526 5524 2862 5591 ἐπιστήσας
2917 5523 3037 5595 τῇ.Δ
3073 5525 3265 5595 Annon
3317 5527 3524 5581 rectius
3591 5526 3682 5595 τὴν

2114 5593 2373 5667 διάνοιαν,
2393 5604 2497 5667 _aut
2547 5597 2613 5667 τῇ
2653 5595 2861 5667 διανοίᾳ
2895 5595 2988 5667 τὴν
3027 5593 3208 5667 λόγον,
3257 5595 3332 5649 ita
3374 5594 3680 5667 enimabbi

2115 5663 2516 5789 lioquitprﬁ’ost
2542 5663 2702 5734 ἁγίας
2722 5663 2899 5722 addidi
2918 5664 3223 5736 Παρθένου,
3242 5666 3387 5735 quod
3404 5664 3679 5723 manifeste

2150 5750 2272 5789 cera
2306 5777 2320 5789 .
2421 5775 2435 5789 .

2150 5745 2320 5790 uerat.
2364 5745 2435 5789 Μ.
