3810 6218
166 321 319 384 ιω(

1086 326 1174 383 DE
1212 326 1753 384 ECCLESIASTlCA
1795 326 2192 384 THEOLOGIA
2236 328 2363 384 LIB.
2400 328 2489 386 lli.

3279 317 3420 392 ton

164 447 337 518 Λέγει
352 446 482 516 γοῦν
497 424 678 510 αὐτοῖς
708 449 936 520 ῥήμαοί⁸
966 468 984 500 ι
1007 448 1143 521 Περὶ
1164 448 1273 521 γὰρ
1303 451 1402 522 τῆς
1431 450 1652 521 σαρκὸς,
1675 450 1743 521 ἦν

1851 451 2182 505 relicturum.
2214 449 2387 504 Verba
2420 452 2538 520 ejus
2597 459 2724 505 sunt
2773 448 2867 521 [Ιὶ.
2898 449 3030 513 (λιν,
3069 448 3194 505 coll.
3231 465 3289 521 p.
3328 452 3420 517 51,

173 556 199 593 ι
233 540 373 612 ἔχων
393 540 588 610 ὡμίλει
608 544 720 603 τοῖς
749 542 1035 613 μαθηταῖς,
1053 541 1194 595 οὕτω
1214 542 1382 610 λέγει·
1405 543 1581 597 Τοῦτο
1594 540 1750 612 ὑμᾶς

174 646 199 686 ι
231 632 612 694 σκανδαλίζει
632 651 650 699 ;
674 633 783 688 ἐὰν
800 631 917 690 οὖν
945 633 1108 703 ἴδητε
1130 636 1238 689 τὸν
1256 634 1392 688 Υὶὸν
1409 635 1515 690 τοῦ
1528 635 1750 704 ἀνθρώ-

174 738 201 778 s
237 739 357 778 που
387 726 660 789 ἀπιόντα,
691 726 844 779 ὅπου
872 721 950 797 ἦν
969 725 1034 779 τὸ
1062 727 1385 796 septies-por;
1411 726 1477 780 τὸ
1505 729 1751 795 Πνεῦμα

172 831 199 867 ι
238 813 521 879 ζωοποιεῖ,
542 814 582 881 ἡ
621 814 777 883 σὰρξ
801 815 910 884 (85)
938 815 1117 869 οὐδὲν
1134 815 1368 885 ὠφελεῖ.
1393 817 1455 868 Et
1478 812 1570 869 οὖν
1617 817 1748 887 ὁμο-

176 926 198 957 s
239 905 390 974 λογεί
435 905 533 977 τὴν
590 905 766 977 σάρκα
802 907 970 977 μηδὲν
999 906 1107 976 (86)
1136 907 1366 975 ὠφελεῖν
1389 908 1550 961 αὐτὸν
1572 947 1587 971 ,
1632 908 1750 972 πῶς

178 1015 202 1049 s
245 999 478 1068 ἐγχωρεί
496 996 593 1068 τὴν
619 999 682 1049 ἐκ
713 999 816 1067 γῆς
845 1013 905 1048 τε
938 992 1100 1049 οὖσαν
1133 998 1226 1050 καὶ
1256 997 1419 1067 μηδὲν
1440 996 1749 1066 ὠφελοῦσαν

175 1105 199 1138 s
248 1088 344 1142 καὶ
374 1089 431 1141 ὲν
454 1090 567 1150 τοῖς
596 1087 879 1157 μέλλουσιν
908 1086 1020 1159 (87)
1052 1087 1243 1140 αἰῶσιν
1274 1086 1425 1158 αὐτῷ
1446 1086 1752 1142 λυσιτελοῦ-

176 1199 199 1232 ιι
242 1197 363 1246 σαν,
386 1183 619 1234 συνεῖναι
646 1178 724 1250 τῷ
762 1180 954 1251 Λόγῳ;
991 1198 1009 1230 ι
1052 1179 1215 1251 Ὁρᾷς
1240 1182 1338 1252 ὅσῃ
1369 1180 1629 1252 κέχρηται
1655 1177 1748 1234 τοῦ

170 1273 532 1341 εὐαγγελικοῦ
563 1273 720 1341 λόγου
746 1272 1065 1343 διαστροφῇ,
1092 1272 1182 1326 διὰ
1205 1273 1264 1326 τὸ
1283 1274 1355 1344 μὴ
1389 1274 1623 1327 συνιέναι
1654 1272 1749 1328 τοῦ

170 1365 352 1433 Λόγου
377 1364 476 1436 τὴν
515 1365 778 1436 σωτήριον
808 1363 1014 1436 φωνὴν,
1041 1366 1190 1429 ὅπως
1238 1366 1486 1436 εἴρηται,
1527 1366 1622 1421 καὶ
1662 1366 1750 1421 διὰ

169 1454 338 1509 ποίαν
368 1454 568 1508 αἰτίαν.
1350 1448 1369 1469 ⁹

828 1640 983 1693 ΚΕΦ.
1036 1634 1136 1693 IB'.

397 1726 705 1797 Ἐρμηνεία
726 1729 838 1798 τῆς
873 1730 1267 1800 ωαγτελικῆς
1294 1729 1536 1799 λέξεως.

1849 542 1891 597 C
1920 540 1939 614 ]
1973 555 1990 594 :
2020 561 2038 593 ι
2068 543 2140 596 De
2163 556 2328 597 carne
2346 557 2509 611 quam
2538 542 2794 607 habebat,
2814 557 2936 596 cum
2956 552 3267 596 versaretur
3295 556 3418 598 cum

1855 651 1874 685 ι
1921 633 2198 702 discipulis
2221 635 2353 696 suis,
2381 633 2454 686 ita
2488 633 2763 701 loquitur:
2794 632 2907 686 Hoc
2933 649 3022 687 vos
3047 634 3378 688 scandalizat
3397 635 3424 688 Ρ

1856 743 1875 777 ι
1919 727 1965 780 si
1996 742 2118 795 ergo
2148 726 2387 779 videritis
2421 724 2625 779 Filium
2666 716 2899 787 hominis
2924 726 3294 779 ascendentem
3328 725 3421 780 ulti

1821 821 1876 872 ἰ
1920 830 2032 874 erat
2077 821 2261 887 prius?
2290 817 2523 887 Spiritus
2566 826 2639 870 est
2689 819 2780 887 qui
2830 817 3106 885 viviﬁcat:
3156 831 3282 869 caro
3317 832 3424 870 non

1857 933 1875 966 ι
1920 916 2130 983 prodest
2151 915 2457 982 quidquam.
2493 911 2548 965 Si
2580 925 2709 980 ergo
2741 925 2893 964 suam
2922 924 3143 965 carnem
3168 925 3273 963 non
3298 924 3427 978 pro-

1856 1004 1895 1058 ι’
1919 1008 2076 1061 desse
2109 1006 2401 1074 quidquam
2438 1002 2692 1067 fateatur,
2738 1001 3010 1070 quomodo
3060 1000 3176 1055 ﬁeri
3220 1009 3419 1069 potest,

1855 1115 1875 1149 ι
1920 1107 1979 1151 ut
2008 1111 2127 1166 quae
2155 1106 2363 1162 sumpta
2393 1096 2463 1148 sit
2495 1094 2560 1148 de
2598 1104 2738 1147 terra
2775 1102 2829 1146 et
2861 1091 2995 1145 nihil
3038 1092 3213 1160 prosit
3245 1106 3261 1156 ;
3295 1098 3423 1143 tan-

1857 1207 1876 1241 ι
1923 1203 2084 1257 quam
2117 1202 2236 1257 qua:
2265 1186 2520 1254 prodesse
2554 1192 2789 1251 poterat,
2844 1181 3080 1236 aﬂ‘utura
3132 1178 3314 1234 Verbo
3347 1178 3424 1235 sit

1855 1299 1874 1332 ι
1921 1279 1975 1332 iu
2018 1278 2199 1333 futuro
2227 1277 2444 1332 saculo.
2480 1294 2499 1329 ι
2544 1275 2685 1329 Ecce
2737 1288 2897 1343 quam
2943 1286 3196 1341 perverse
3224 1277 3423 1322 tractet

1849 1385 2155 1426 sermonem
2181 1369 2584 1438 evangelicum:
2639 1380 2705 1419 eo
2737 1365 2882 1435 quod
2928 1366 3222 1418 salutarem
3257 1360 3423 1416 Verbi

1847 1478 2037 1517 vocem
2093 1475 2195 1514 non
2241 1460 2507 1530 percipiat
2553 1466 2742 1513 recte:
2791 1470 2890 1511 nec
2926 1456 2980 1509 in
3024 1470 3184 1525 quem
3235 1455 3420 1524 linem,

1850 1563 1943 1611 aut
1969 1553 2039 1610 ob
2071 1542 2233 1623 quam
2264 1565 2481 1606 causam
2515 1557 2832 1618 usurpetur,
2860 1547 3144 1618 intelligat.

2474 1641 2624 1698 CAP.
2685 1639 2802 1695 Xll.

2054 1785 2061 1791 .
2166 1736 2492 1805 Euangelica:
2539 1735 2678 1788 uocis
2718 1733 3103 1802 interpretatio.

259 1816 419 1871 Ἀλλὰ
557 1792 639 1889 ήγε
674 1792 958 1876 ἀναλαϐὼν
1115 1792 1740 1897 εὐαξγελικὴνσΓραφὴν,

1922 1829 2002 1884 Tu
2051 1836 2252 1891 autem,
2292 1792 2508 1894 recepto
2542 1823 2817 1893 Evangelii
2858 1792 3189 1883 iestimunio,
3229 1819 3426 1877 Serva-

168 1902 276 1961 θέα
309 1909 405 1979 τὴν
420 1910 600 1964 πᾶσαν
628 1911 722 1964 τοῦ
754 1913 1003 1984 Σωτῆρος
1024 1914 1178 1986 ἡμῶν
1212 1916 1576 1982 διδασκαλίαν,
1598 1920 1745 1983 ὅπως

164 2003 237 2055 οὐ
272 2003 399 2073 περὶ
424 1998 487 2074 ἧς
515 1996 768 2074 ἀνείληφε
800 2007 1000 2079 σαρκὸς
1041 2007 1336 2078 διελέγετο,
1384 2013 1512 2082 περὶ
1552 2011 1609 2065 δὲ
1649 2010 1742 2065 τοῦ

172 2092 442 2163 μυστικοῦ
478 2093 725 2166 σώματός
748 2113 808 2149 τε
839 2097 932 2150 καὶ
964 2098 1212 2167 αἵματος.
1258 2100 1473 2171 Ἐπειδὴ
1497 2100 1604 2171 γὰρ
1631 2103 1744 2163 τοῖς

168 2183 339 2237 πέντε
364 2184 549 2256 ἄρτοις
570 2185 762 2257 ἔθρεψε
799 2187 867 2241 τὰ
893 2187 1093 2259 πλήθη,
1131 2189 1271 2259 μέγα
1298 2189 1356 2242 δὲ
1381 2189 1561 2260 θαῦμα
1588 2189 1744 2244 τοῦτο

169 2274 420 2346 παρέσχε
457 2279 570 2341 τοῖς
598 2278 918 2349 ἑωρακόσιν,
985 2280 1248 2333 Ἰουδαίων
1301 2281 1357 2334 δὲ
1395 2282 1443 2334 οἱ
1498 2281 1741 2335 πλεῖστοι

170 2363 602 2430 ὲξευτελίζοντες
616 2368 678 2420 τὸ
698 2369 936 2437 γεγονὸς,
954 2368 1136 2438 ἔλεγον
1153 2371 1319 2442 αὐτῷ’
1348 2372 1408 2425 Τί
1426 2367 1539 2427 οὖν
1554 2372 1746 2438 ποιεῖς

165 2456 259 2510 σὺ
289 2458 562 2526 σημεῖον,
617 2460 719 2515 ἵνα
763 2461 979 2530 ἴδωμεν
1012 2462 1111 2516 καὶ
1143 2463 1590 2533 πιστεύσωμεν;
1626 2459 1747 2518 εἶτα

167 2549 515 2620 παρέϐαλλον
536 2552 595 2606 τὸ
624 2553 797 2623 μάννα
821 2554 881 2607 τὸ
907 2556 965 2608 ἐν
993 2558 1058 2626 τῇ
1093 2556 1306 2627 ἐρήμῳ,
1354 2555 1598 2624 λέγοντες
1616 2573 1631 2588 ο
1676 2558 1745 2633 pi

167 2640 428 2709 πατέρες
470 2641 639 2712 ἡμῶν
684 2643 752 2698 τὸ
783 2645 984 2715 μάννα
1029 2647 1254 2716 ἔφαγον
1293 2646 1365 2700 ἐν
1404 2646 1480 2714 τῇ
1510 2646 1742 2716 ἐρήμῳ,

168 2731 370 2797 καθώς
415 2733 544 2786 ἐστι
585 2737 1005 2806 τετραμμένον,
1043 2739 1258 2807 Ἀρτον
1286 2738 1356 2792 ἐκ
1410 2738 1517 2792 τοῦ
1566 2741 1743 2807 οὐρα-

165 2823 287 2877 νοῦ
329 2822 438 2895 (88)
485 2825 742 2882 δέδωκεν
767 2828 971 2894 αὐτοῖς
992 2830 1237 2900 φαγεῖνο
1300 2831 1437 2901 πρὸς
1498 2830 1667 2883 ταῦτα
1714 2830 1744 2883 ὁ

168 2912 370 2983 Σωτὴρ
405 2916 735 2988 ἁπεκρίνατο
757 2934 770 2948 ·
825 2919 1023 2989 Ἀμὴν,
1076 2919 1236 2989 ἀμὴν
1266 2919 1421 2990 λέγω
1456 2918 1617 2988 ὑμῖν,
1671 2922 1743 2974 οὐ

167 3004 439 3074 Μωῠσῆς
458 3007 682 3062 ἔδωκεν
707 3010 850 3078 ὑμῖν
888 3010 995 3063 τὸν
1032 3010 1214 3080 ἄρτον
1233 3011 1301 3064 ἐκ
1322 3011 1429 3065 τοῦ
1452 3012 1711 3081 οὐρανοῦ
1725 3051 1742 3077 ,

168 3095 317 3151 δυ’
355 3101 389 3152 ὀ
429 3099 629 3168 Πατήρ
665 3120 783 3170 μου
820 3101 1067 3156 δίδωσιν
1092 3102 1234 3171 ὑμῖν
1274 3101 1381 3155 τὸν
1413 3103 1594 3171 ἄρτον
1637 3103 1745 3158 τὸν

169 3188 474 3256 ἀληθινὸν
492 3191 560 3245 ἐκ
580 3191 689 3246 τοῦ
718 3193 996 3260 οὐρανοῦ.
1018 3190 1128 3247 Εἶτ’
1150 3194 1397 3266 ἐπιφέρει
1418 3210 1431 3225 ·
1470 3192 1609 3263 Ἐγώ
1630 3197 1747 3264 εἰμι

170 3283 211 3334 ό
230 3279 415 3349 ἄρτος
430 3281 539 3350 τῆς
576 3280 747 3350 ζωῆς.
784 3284 894 3337 Καὶ
920 3284 1108 3338 πάλιν·
1143 3282 1282 3352 Ἐγώ
1311 3286 1428 3351 εἰμι
1451 3287 1484 3338 ό
1509 3284 1684 3353 ἄρτος
1713 3288 1747 3340 ό

170 3371 440 3437 καταϐὰς
461 3372 530 3426 ἐκ
549 3374 654 3428 τοῦ
680 3376 960 3443 οὐρανοῦ.
996 3371 1105 3428 Καὶ
1136 3371 1290 3440 αὖθις
1314 3393 1328 3408 ·
1361 3377 1425 3429 '0
1459 3375 1526 3429 δὲ
1567 3377 1746 3442 ἄρτος

171 3458 252 3514 ὃν
268 3460 384 3530 ἐγὼ
405 3461 596 3531 δώσω,
613 3465 677 3518 τὸ
699 3465 870 3536 σῶμά
894 3484 1014 3535 μου
1040 3467 1193 3520 ἐστί.
1210 3467 1317 3521 Καὶ
1334 3467 1495 3521 πάλιν
1529 3465 1750 3539 προστί-

173 3552 355 3625 θησιν·
395 3556 598 3626 Ἀμὴν,
622 3559 784 3627 ἀμὴν
801 3558 954 3629 λέγω
970 3559 1129 3629 ὑμῖν,
1149 3560 1256 3614 ἐὰν
1275 3559 1361 3629 μὴ
1391 3559 1621 3629 φάγητε
1634 3557 1750 3627 τὴν

170 3646 377 3713 σάρκα
396 3647 499 3702 τοῦ
528 3648 666 3702 Υίοῦ
676 3650 780 3703 τοῦ
810 3649 1142 3717 ἀνθρώπου,
1158 3650 1258 3703 καὶ
1286 3653 1459 3718 πίητε
1477 3650 1663 3704 αὐτοῦ
1680 3650 1747 3705 τὸ

171 3730 343 3805 αἷμα,
356 3740 467 3793 οὐκ
477 3737 643 3806 ἔχετε
661 3739 813 3802 ζωὴν
827 3741 897 3795 ἐν
912 3734 1164 3808 ἑαυτοῖς.
1184 3743 1245 3794 '0
1258 3741 1489 3812 τρώγων
1497 3760 1616 3811 μου
1634 3742 1749 3810 τὴν

171 3828 398 3897 σάρκα,
424 3833 523 3884 καὶ
563 3832 752 3885 πίνων
768 3849 888 3900 μου
904 3831 968 3885 τὸ
987 3828 1149 3901 αἷμα,
1170 3834 1295 3903 ἔχει
1317 3832 1469 3902 ζωὴν
1486 3834 1746 3899 αἰώνιον,

174 3921 279 3974 καὶ
303 3921 417 3991 ἐγὼ
435 3922 760 4001 ἀναστήσω
786 3923 976 3978 αὐτὸν
1001 3926 1071 3978 ἐν
1096 3924 1171 3994 τῇ
1204 3925 1438 3995 ἐσχάτῃ
1457 3927 1648 3995 ἡμέρᾳ
1666 3943 1681 3957 ·
1708 3928 1746 3995 ἠ

176 4013 294 4083 τὰρ
321 4012 478 4080 σάρξ
502 4032 622 4083 μου
662 4015 898 4083 ἀληθής
929 4016 1058 4069 ἐστι
1096 4015 1348 4085 βρῶσις,
1384 4018 1481 4071 καὶ
1508 4018 1575 4071 τὸ
1606 4013 1750 4086 αἷμά

168 4119 297 4174 μου
317 4104 551 4172 ἀληθής
570 4106 698 4159 ἐστι
723 4109 929 4172 πόσις·
957 4111 989 4161 ό
1018 4107 1252 4177 τρώγων
1267 4125 1387 4177 μου
1417 4107 1531 4176 τὴν
1551 4108 1750 4175 σάρκα

1850 1921 1983 1975 toris
2004 1918 2299 1972 doctrinam
2343 1924 2488 1969 recte
2516 1913 2797 1983 percipies.
2835 1911 2949 1967 Non
2980 1912 3124 1965 enim
3165 1912 3425 1979 loqueba-

1849 2024 1938 2070 tur
1968 2016 2035 2068 de
2064 2026 2227 2066 carne
2255 2025 2318 2064 ea
2351 2022 2510 2078 quam
2541 2012 2926 2070 assumpserat,
2967 2006 3060 2058 sed
3100 2003 3165 2057 de
3197 2013 3425 2070 corpore

1848 2116 1903 2161 et
1947 2105 2206 2174 sanguine
2254 2116 2353 2157 suo
2399 2099 2648 2170 mystico.
2715 2096 2849 2152 Nam
2899 2110 3022 2151 cum
3072 2096 3138 2149 de
3184 2095 3425 2163 quinque

1848 2196 2078 2268 panibus
2111 2193 2501 2247 multitudinem
2546 2191 2688 2246 illam
2730 2203 2975 2258 magnam
3014 2195 3336 2250 saturasset,
3369 2192 3426 2240 et

1845 2290 2090 2344 videntes
2119 2287 2221 2342 hoc
2252 2282 2512 2338 miraculo
2543 2280 2863 2338 reddidisset
2886 2276 3145 2332 attonitos
3170 2293 3184 2329 :
3216 2289 3281 2329 ac
3312 2273 3428 2344 ple-

1848 2382 2001 2450 rique
2028 2379 2195 2433 Judaei
2224 2376 2423 2431 factum
2458 2373 2588 2427 illud
2619 2370 2960 2425 viliiacerent
2982 2408 2998 2432 ,
3045 2369 3425 2434 dicerentque,

1850 2474 1928 2529 Tu
1955 2488 2075 2541 ergo
2104 2470 2365 2538 quodnam
2389 2468 2595 2535 signum
2641 2462 2797 2531 facis,
2826 2470 2882 2515 ut
2918 2460 3189 2515 videamus
3227 2467 3283 2512 et:
3313 2470 3427 2509 cre-

1847 2567 2033 2619 damus
2056 2561 2149 2615 "?
2210 2571 2403 2613 manna
2456 2556 2707 2623 deinceps
2765 2552 3105 2621 allegarent,
3166 2550 3308 2618 quod
3372 2550 3426 2604 in

1849 2659 2061 2714 deserto
2112 2655 2211 2708 fuit
2247 2671 2260 2707 :
2300 2650 2488 2704 Patres
2548 2648 2749 2715 nostri,
2797 2645 3062 2709 dicentes,
3117 2659 3316 2696 manna
3365 2641 3426 2695 in

1849 2751 2051 2802 deserto
2081 2743 2434 2798 comederunt.
2453 2737 2890 2809 quemadmodum
2915 2736 3166 2803 scriptum
3204 2741 3283 2786 est
3326 2731 3422 2799 ”',

1850 2839 2050 2894 Panem
2079 2838 2142 2888 de
2175 2834 2300 2887 coelo
2336 2832 2479 2885 dedit
2505 2832 2569 2886 iis
2592 2828 2962 2882 comedendum
2987 2824 3176 2893 “;hic
3207 2835 3430 2891 respou-

1850 2930 1939 2984 det
1997 2928 2255 2981 Servator
2288 2937 2305 2976 :
2338 2924 2523 2988 Amen,
2563 2938 2713 2974 amen
2744 2921 2859 2972 dico
2891 2918 3034 2972 vobis
3057 2958 3072 2980 ,
3096 2932 3201 2969 non
3252 2916 3426 2971 Mus!

1850 3021 1991 3076 dedit
2036 3018 2180 3073 vobis
2213 3032 2398 3082 panem
2445 3015 2509 3067 de
2548 3011 2693 3074 creto,
2749 3012 2839 3064 sed
2888 3007 3050 3063 Pater
3090 3024 3234 3060 meus
3282 3006 3425 3061 deait

1852 3110 1993 3166 vobis
2015 3123 2200 3177 panem
2232 3120 2407 3159 verum
2456 3103 2520 3156 de
2566 3101 2692 3155 caelo
2715 3101 2782 3153 ".
2812 3098 2880 3153 Et
2914 3099 3081 3163 addit,
3141 3097 3256 3166 Ego
3305 3112 3421 3151 sum

1847 3202 2000 3271 panis
2035 3200 2155 3253 vitae
2180 3196 2262 3263 ";
2295 3203 2368 3259 et,
2402 3192 2514 3263 Ego
2549 3210 2665 3247 sum
2700 3192 2850 3261 panis
2895 3189 2986 3261 qui
3033 3189 3098 3242 de
3162 3189 3288 3241 creto
3331 3187 3425 3240 de-

1847 3291 2025 3347 scendi
2071 3289 2114 3322 ⁹⁷
2153 3304 2168 3353 ;
2201 3296 2275 3354 et,
2326 3285 2489 3338 Panis
2520 3301 2671 3355 quem
2709 3300 2800 3352 ego
2849 3283 2984 3335 dabo
3030 3283 3195 3346 vobis,
3238 3298 3428 3350 corpus

1845 3399 2014 3438 meum
2060 3390 2136 3435 est
2187 3380 2255 3435 ".
2306 3379 2371 3433 Et
2414 3379 2562 3432 addit
2605 3376 2797 3429 iterum
2836 3393 2849 3428 :
2887 3376 3073 3438 Amen,
3105 3390 3258 3426 amen
3305 3373 3425 3426 dico

1846 3475 2012 3536 vobis,
2039 3470 2138 3525 nisi
2165 3469 2499 3523 comederitis
2524 3482 2737 3519 carnem
2769 3465 2900 3517 Filii
2937 3465 3199 3530 hominis,
3229 3474 3277 3517 et
3300 3480 3428 3518 san-

1845 3568 2049 3637 guinem
2074 3560 2185 3631 ejus
2205 3560 2460 3624 biberitis,
2494 3574 2595 3611 non
2619 3557 2873 3610 habebitis
2895 3557 3053 3610 vitam
3083 3556 3137 3608 iu
3152 3555 3431 3609 vobismet-

1845 3656 1994 3723 ipsis.
2056 3653 2160 3719 Qui
2200 3651 2304 3704 edit
2361 3665 2573 3703 carnem
2615 3662 2814 3710 meum,
2850 3655 2897 3699 et
2944 3645 3069 3698 bibit
3119 3644 3428 3713 sanguinem

1847 3762 2042 3807 meum,
2077 3744 2229 3796 habet
2254 3742 2410 3795 vitam
2443 3750 2712 3804 teternam,
2736 3746 2783 3790 et
2810 3754 2900 3805 ego
2926 3736 3245 3790 resuscitubo
3275 3735 3427 3788 illum

1845 3840 1900 3891 in
1939 3837 2221 3890 novissimo
2260 3834 2367 3886 die.
2409 3830 2546 3885 Caro
2587 3831 2725 3883 enim
2777 3845 2890 3882 mea
2923 3845 3073 3881 verus
3118 3835 3197 3882 est
3250 3828 3424 3892 cibus,

1851 3934 1909 3992 »Β
1939 3939 1982 3981 et
2004 3929 2216 3995 sanguis
2244 3940 2387 3977 meus
2416 3938 2566 3975 verus
2598 3930 2672 3973 est
2705 3929 2858 3987 potus
2887 3932 2905 3970 :
2931 3920 3022 3989 qui
3049 3918 3275 3973 comedit
3304 3934 3426 3971 car-

1847 4037 1960 4074 nem
1983 4035 2171 4083 meum,
2198 4028 2244 4069 et
2269 4016 2391 4068 bibit
2432 4013 2742 4082 sanguinem
2777 4029 2970 4074 meum,
3018 4011 3074 4063 in
3113 4026 3193 4064 me
3226 4020 3426 4075 manet,

1846 4119 1893 4163 et
1923 4126 2017 4178 ego
2037 4109 2090 4160 in
2121 4108 2213 4160 illo
2253 4106 2321 4160 θ’.
2366 4105 2489 4158 lla-c
2537 4114 2590 4156 at
2622 4105 2707 4157 his
2747 4104 2944 4157 similia
2980 4104 3247 4172 quaedam,
3303 4115 3428 4155 cum

177 4199 283 4251 καὶ
317 4199 510 4251 πίνων
532 4215 653 4266 μου
694 4197 761 4251 τὸ
806 4194 967 4267 αἷμα,
1001 4199 1072 4252 ἐν
1107 4199 1237 4268 ἐμοὶ
1258 4198 1445 4269 μένει,
1488 4198 1647 4269 κάγὼ
1681 4200 1747 4252 ἐν

1851 4200 2073 4270 mystice
2124 4207 2563 4267 persequeretur,
2608 4195 2827 4263 quidam
2879 4195 2944 4248 de
2985 4193 3260 4259 discipulis
3309 4190 3429 4257 ejus

172 4288 361 4354 αὐτῷ.
405 4288 591 4343 Ταῦτα
636 4290 730 4343 καὶ
778 4289 845 4343 τὰ
886 4289 1107 4343 τοιαῦτα
1158 4291 1559 4363 μυστικώτερΟν
1586 4289 1747 4345 αὐτοῦ

1851 4293 2148 4345 dixerunt:
2189 4291 2363 4343 Durus
2410 4298 2484 4342 est
2534 4289 2619 4341 Itic
2678 4303 2886 4351 sermo;
2942 4287 3057 4357 quis
3104 4293 3269 4352 potest
3309 4298 3430 4337 eum

173 4382 644 4448 διεξιόντος,τινὲς
671 4381 780 4435 τῶν
808 4382 971 4435 αὐτοῦ
997 4382 1251 4453 μαθητῶν
1279 4379 1452 4441 εἷπον,
1478 4383 1747 4451 Σκληρός

1851 4384 2038 4437 audire
2072 4384 2132 4436 “t
2172 4382 2380 4447 Quibus
2412 4381 2489 4435 sic
2521 4383 2797 4448 respondit
2824 4379 3101 4440 Svrvator,
3141 4377 3389 4441 inquiens
3410 4414 3427 4431 .

175 4471 352 4525 ἐστιν
383 4473 415 4525 ό
447 4472 647 4541 λόγος,
693 4472 783 4537 τίς
809 4471 1056 4524 δύναται
1083 4471 1267 4525 αὑτοῦ
1293 4472 1569 4535 ἀκούειν;
1617 4470 1747 4544 πρὸς

1858 4472 1968 4526 Hoc
1992 4491 2076 4528 vos
2105 4474 2477 4526 scandalizat?
2503 4475 2549 4525 si
2588 4472 2824 4526 uideritis
2861 4487 2981 4538 ergo
3020 4468 3219 4521 Filium
3262 4469 3431 4520 homi-

175 4561 275 4626 οὓς
310 4563 642 4633 ἁπεκρίνατο
669 4565 697 4616 ὁ
725 4563 911 4635 Σωτὴρ
944 4562 1117 4631 λέγων
1140 4576 1156 4593 ³
1182 4563 1360 4617 Τοῦτο
1388 4560 1544 4632 ὑμᾶς
1565 4580 1752 4616 σκαν-

176 4652 435 4715 δαλίζεις
463 4655 571 4707 ἐὰν
589 4654 700 4708 οὖν
721 4653 973 4721 θεωρῆτε
998 4653 1106 4706 τὸν
1138 4654 1274 4707 Υἱὸν
1300 4654 1406 4707 τοῦ
1442 4652 1752 4722 ἀνθρώπου

176 4747 602 4811 ἀναϐαίνοντα,
635 4745 787 4800 ὅπου
813 4743 891 4815 ἦν
924 4744 991 4798 τὸ
1030 4745 1362 4813 πρότερον;
1404 4744 1472 4797 Τὸ
1521 4742 1757 4813 πνεῦμά

176 4836 312 4889 ἐστι
344 4834 409 4888 τὸ
444 4834 781 4898 ζωοποιοῦν,
821 4837 859 4904 ’ἡ
878 4834 1034 4903 σὰρξ
1062 4836 1173 4889 οὐκ
1198 4833 1419 4903 ὠφελεῖ
1432 4833 1610 4888 οὐδέν
1630 4850 1644 4863 '
1684 4833 1757 4887 τὰ

169 4927 414 4996 ῥήματα
457 4926 495 4980 ἆ
536 4926 849 4994 λελάληκα
879 4925 1042 4995 ὑμῖν,
1076 4925 1311 4995 πνεῦμά
1345 4926 1476 4977 ἐστι
1515 4925 1612 4977 καὶ
1643 4922 1753 4991 ζωή

175 5020 332 5073 ἐστι.
359 5020 435 5072 Δι’
460 5014 534 5073 ὧν
574 5020 854 5073 ἐπαίδευεν
879 5021 1072 5083 αὐτοὺς
1104 5019 1488 5090 πνευματικῶς
1537 5017 1755 5071 ἀκούειν

177 5111 290 5163 τῶν
317 5113 447 5182 περὶ
476 5111 575 5182 τῆς
603 5111 803 5183 σαρκὸς
830 5111 924 5165 καὶ
953 5110 1046 5164 τοῦ
1069 5111 1296 5181 αἵματος
1318 5110 1480 5164 αὐτοῦ
1506 5109 1756 5179 λελεγμέ-

178 5218 308 5257 νων’
350 5201 425 5273 μὴ
452 5201 561 5274 γὰρ
586 5201 682 5273 τὴν
717 5200 916 5274 σάρκα,
946 5201 1013 5273 ἢν
1041 5201 1375 5274 περίκειμαι,
1401 5202 1657 5274 νομίσητέ
1684 5218 1752 5274 με

1858 4567 1940 4620 nis
1975 4568 2340 4618 ascendentem
2364 4565 2451 4616 ubi
2479 4567 2624 4631 prius
2660 4565 2802 4633 fuit?
2834 4561 3059 4629 Spiritus
3086 4572 3158 4613 est
3184 4560 3274 4630 qui
3298 4562 3429 4613 vivi-

1853 4659 1998 4726 ﬁcm,
2027 4673 2148 4709 caro
2181 4673 2283 4708 non
2302 4656 2509 4722 prodest
2531 4657 2843 4724 quidquam.
2892 4651 3057 4706 Verba
3084 4669 3200 4718 quat
3221 4653 3429 4706 locutus

1854 4764 1969 4800 sum
2009 4748 2153 4800 vobis
2180 4747 2400 4813 spiritus
2442 4755 2564 4798 sunt
2590 4757 2636 4798 et
2668 4747 2772 4798 vita
2797 4748 2839 4798 ¹.
2877 4745 3086 4810 Quibus
3109 4758 3205 4797 eos
3235 4744 3430 4799 ducere

1854 4838 2044 4903 voluit,
2072 4838 2424 4906 spiritualiter
2450 4837 2794 4902 intelligenda
2837 4850 2958 4890 esse
2984 4850 3111 4905 qua:
3154 4836 3220 4888 tle
3261 4849 3430 4889 carne

1858 4937 1911 4980 et
1937 4931 2208 4999 sanguine
2241 4930 2579 4984 audiverunt.
2629 4928 2807 4981 Nolite
2837 4939 3028 4996 putare
3079 4942 3299 4982 carnem
3343 4940 3431 4980 me

1854 5021 2039 5075 dicere
2073 5037 2233 5089 quant
2261 5021 2588 5076 circumfero
2620 5038 2636 5074 :
2665 5022 2819 5090 quasi
2850 5020 2995 5073 illam
3018 5035 3113 5075 vos
3144 5020 3431 5075 comedere

1854 5122 2107 5181 oporteat
2146 5130 2161 5167 :
2215 5127 2313 5167 nec
2358 5114 2668 5168 existimate
2704 5128 2789 5166 me
2838 5113 2988 5167 vobis
3034 5113 3329 5181 praecipere
3372 5118 3432 5164 ut

1854 5196 2165 5260 sensibilem
2206 5215 2260 5259 et
2307 5204 2642 5274 corporalem
2695 5205 2893 5261 bibatis
2930 5203 3246 5274 sanguinem
3287 5215 3429 5256 ετο-

254 5414 314 5473 ›Ῑ‹
350 5408 449 5464 Ed.
470 5408 681 5481 Parim,
712 5424 832 5481 pag.
864 5408 988 5464 180.
1061 5409 1108 5441 ”
1134 5407 1290 5481 Joan.
1317 5425 1406 5481 sit,
1438 5409 1541 5481 50.7
1597 5409 1668 5442 ”‘
1697 5410 1865 5465 Exod.
1900 5426 2010 5468 xw.
2055 5410 2144 5465 14.
2212 5412 2259 5443 ’⁵
2289 5410 2445 5467 Joau.
2475 5426 2547 5480 Vl,
2577 5410 2667 5466 5L
2708 5411 2753 5443 "
2779 5409 2907 5466 ibid.
2932 5407 3022 5464 32.
3090 5405 3137 5440 "
3165 5403 3298 5462 ibid.
3333 5401 3453 5458 55.’

180 5476 228 5513 ”
262 5481 396 5535 ibid.
422 5480 514 5537 48.

166 5656 173 5661 '
408 5642 574 5718 fulgo
606 5645 789 5718 μηδέν.

260 5713 372 5783 (86)
407 5713 677 5783 Ὠφελεῖν
693 5717 896 5770 αὐτόν.
925 5715 1062 5778 Lege
1092 5716 1293 5781 αὐτοῖς,
1332 5717 1414 5769 vel
1439 5716 1618 5779 αὐτός.
1658 5714 1723 5771 M.

260 5717 352 5778 (86
407 5717 674 5783 Ὠφελεῖν
693 5717 896 5770 αὐτόν.
925 5717 1062 5778 Lege
1092 5717 1293 5781 αὐτοῖς,
1332 5717 1414 5769 vel
1439 5717 1618 5779 αὐτός.
1658 5717 1723 5771 M.

260 5717 376 5855 (87}
419 5783 638 5841 Αίῶσιν
664 5786 842 5853 αὐτῷ»
886 5786 942 5843 lu
1004 5803 1247 5858 margine
1295 5786 1572 5855 ὡσαύτως,
1631 5802 1753 5843 vera

613 5480 658 5513 ⁸⁸
686 5479 913 5535 ἱὺὶιίῶἳ.
986 5481 1032 5513 ⁸⁸
1059 5481 1187 5537 ibid.
1214 5479 1285 5536 54
1312 5479 1401 5535 57.
1478 5482 1495 5513 ¹
1532 5480 1661 5537 ibid.
1692 5483 1780 5537 61.

1856 5482 1877 5512 ²
1910 5482 2040 5537 ibid.
2091 5482 2282 5538 62-64.

1864 5645 2025 5699 lectio
2051 5652 2151 5705 est,
2177 5641 2253 5704 ὼς
2275 5639 2424 5711 αὐτῷ
2454 5638 2556 5712 [sic
2586 5639 2752 5712 p416
2776 5636 2840 5711 C]
2868 5632 3274 5703 λυσιτελοῦσαν,
3307 5640 3430 5689 tau-

1862 5731 2022 5784 quam
2045 5729 2164 5780 quae
2192 5711 2478 5784 prodesset
2505 5713 2625 5779 ipsi.
2660 5711 2727 5764 Μ.

1933 5786 2046 5857 (88)
2084 5785 2247 5853 Vulgo
2280 5782 2497 5836 ἔδωκεν.
