3810 6218
129 330 288 398 1025

1095 329 1184 388 DE
1215 333 1751 390 ECCLESIASTICA
1784 331 2182 388 TllEOLOGIA
2220 334 2348 388 LIB.
2391 334 2481 390 Ill.

3229 323 3400 392 '1026

120 452 342 525 γράφει
387 449 592 518 λέγων’
638 467 657 500 ι
706 446 805 501 Διά
851 441 1009 500 τοῦτο
1061 447 1171 518 γάρ
1222 463 1310 518 μοι
1360 447 1510 500 δοκεῖ
1553 449 1648 502 καὶ
1697 469 1704 497 t

1836 467 1854 498 ι
1902 459 2093 516 potens
2123 458 2178 502 et
2207 449 2463 502 Dominus
2493 449 2558 502 ad
2585 448 2729 502 illum
2760 447 2979 515 dixisse,
3015 448 3153 505 Sede
3191 467 3223 503 a
3267 451 3399 504 dea:-

131 561 162 598 α
201 542 598 614 παντοκράτωρ
631 539 785 603 Θεὸς,
813 541 842 593 ό
886 539 996 610 (91)
1040 539 1309 609 δεσπότης
1331 580 1346 602 ,
1382 539 1518 611 πρὸς
1559 531 1722 593 αὑτὸν

135 652 162 685 ι
197 633 396 702 λέγειν.
423 630 621 686 Κάθου
637 630 704 684 ἐκ
720 628 936 693 δεξιῶν
959 645 1098 698 μου,
1118 628 1228 694 ἕως
1247 628 1354 699 (92)
1372 627 1448 682 ἂν
1468 625 1549 682 θῶ
1578 628 1722 695 τοὺς

132 743 161 776 e
201 725 455 793 ἐχθρούς
483 738 597 777 σου
636 721 970 775 ὑποπόδιον
1004 719 1122 773 τῶν
1147 719 1350 774 ποδῶν
1381 737 1530 774 σουο
1565 724 1720 793 ἐνερ-

131 835 154 866 ι
197 816 326 886 γείᾳ
349 815 483 886 μόνῃ
515 814 602 868 διά
627 813 726 884 τὴν
754 812 1103 883 ἀνθρωπίνην
1136 811 1316 881 σάρκα
1340 811 1594 884 χωρίζειν
1620 815 1719 867 αὐ-

131 927 154 957 α
198 907 295 960 τὸν
322 905 490 959 δοκῶν
514 923 528 935 ·
573 905 671 958 καὶ
704 903 894 974 ὥσπερ
921 903 1032 974 (95)
1081 901 1329 974 εἴρηται,
1364 902 1486 956 τινὰ
1529 904 1719 973 χρόνον

130 1019 153 1048 e
196 999 397 1070 ὁρίζων
441 996 588 1068 αὐτῷ
636 998 735 1069 τῆς
781 999 836 1049 ὲν
879 996 1028 1068 δεξιᾷ
1063 996 1367 1068 καθέδρας,
1412 996 1554 1050 οὕτω
1585 997 1718 1066 φησί

128 1104 151 1134 ε
191 1085 330 1154 πρὸς
361 1085 522 1138 αὐτόν
545 1101 559 1113 ·
597 1085 752 1150 Ἕως
778 1081 853 1138 ἂν
879 1085 957 1138 θῶ
988 1085 1130 1151 τοὺς
1146 1087 1398 1155 ἐχθρούς
1431 1104 1546 1140 σου
1569 1089 1718 1138 ὐπο-

126 1193 149 1225 «
187 1175 405 1227 πόδιον
436 1173 557 1227 τῶν
590 1172 793 1227 ποδῶν
835 1190 974 1228 σου.
1006 1175 1174 1228 Τοῦτο
1201 1175 1258 1228 δὲ
1287 1175 1348 1228 τὸ
1380 1175 1715 1247 προφητικὸν

125 1284 150 1314 ι
187 1265 285 1318 τοῦ
317 1265 479 1317 Δαόὶδ
509 1265 670 1336 ῥητὸν
701 1266 1032 1338 σαφέστερον
1061 1269 1193 1338 ἡμῖν
1228 1267 1546 1338 ἑρμηνεύων
1577 1270 1604 1321 0
1642 1269 1716 1320 ίε-

125 1377 149 1410 e
191 1359 288 1430 ρὸς
332 1358 678 1423 Ἀπόστολος,
724 1358 865 1412 οὕτω
905 1378 1020 1424 πως
1075 1360 1214 1432 ἔφη·
1247 1361 1347 1415 Δεῖ
1375 1363 1484 1430 γὰρ
1527 1363 1716 1415 αὑτὸν

125 1466 150 1497 ‹
186 1449 578 1514 βασιλεύειν,
625 1448 734 1514 ἕως
770 1447 846 1501 ἂν
892 1447 968 1518 θῇ
1030 1449 1172 1515 τοὺς
1229 1451 1481 1518 ἐχθροὺς
1527 1451 1714 1504 αὑτοῦ

127 1558 148 1589 ε
185 1537 522 1593 ὑποπόδιον
572 1539 690 1593 τῶν
735 1539 937 1594 ποδῶν
975 1542 1182 1599 αὑτοῦ.
1210 1543 1418 1595 Οὐκοῦν
1447 1543 1570 1614 ὅρον
1594 1543 1718 1596 τινὰ

126 1652 147 1681 ι
191 1633 340 1702 ἔχειν
373 1635 516 1688 δοκεῖ
560 1637 593 1706 ἡ
641 1638 758 1688 κατ’
807 1634 1109 1706 ἀνθρωπονι
1141 1635 1308 1688 αὑτοῦ
1344 1635 1624 1705 οἰκονομία
1653 1654 1713 1688 τε

126 1745 148 1776 ‹
187 1729 284 1779 καὶ
329 1726 592 1798 βασιλεία.
643 1729 752 1782 Καὶ
799 1728 914 1798 μεθ’
961 1728 1127 1799 έτερα
1172 1727 1447 1796 ἐπιλέγει·
1495 1730 1588 1781 καὶ
1626 1728 1713 1782 διὰ

1835 559 1852 590 ι
1902 541 2001 592 tris
2059 540 2210 605 meis,
2261 541 2639 608 donecpouum
2686 540 2929 594 inimicos
2960 552 3076 595 tuos
3118 542 3400 596 scabellum

1834 651 1852 683 ι
1899 634 2085 698 pedum
2112 643 2342 684 tuorum.
2374 631 2600 700 Propter
2629 647 2845 687 carnem
2878 633 3165 687 humanam
3193 644 3398 689 tantum

1833 743 1851 776 ι
1899 725 2216 791 operatione.
2244 725 2390 778 ἰΙΙιιιιι
2422 724 2634 778 videtur
2662 742 2938 795 separare,
2978 736 3066 794 et,
3097 738 3154 781 ut
3199 729 3398 784 dictum

1831 833 1851 864 ε
1898 826 2001 884 est,
2047 826 2282 883 tempore
2319 814 2467 869 illum
2498 816 2971 885 circumscribere,
3008 821 3246 888 quat'idiu
3280 837 3400 876 ses-

1833 924 1851 956 ι
1896 921 2057 960 surus
2124 908 2228 960 eia
2271 909 2480 962 dextris
2537 907 2714 962 fuerat
2749 927 2760 962 :
2800 911 2919 963 ideo
2978 912 3172 981 inquit,
3225 913 3401 970 Donec

1831 1016 1849 1048 ι
1895 1013 2083 1064 ponam
2135 1000 2374 1051 inimicos
2428 1010 2544 1053 tuos
2601 1001 2880 1054 scubellum
2931 1007 3119 1072 pedum
3165 1015 3398 1062 tuorum.

1831 1105 1848 1137 ι
1897 1087 2045 1152 Quod
2090 1090 2458 1158 prapbeticum
2507 1091 2725 1147 Davidis
2761 1096 3166 1162 testimonium,
3212 1096 3404 1150 diluci-

1828 1197 1846 1230 ι
1897 1180 2014 1233 dius
2045 1180 2334 1248 explicavit
2366 1185 2554 1235 beatus
2591 1185 2880 1252 Apostolus
2911 1186 3162 1252 inquiens
3188 1204 3201 1239 :
3228 1185 3400 1253 Opor-

1829 1288 1850 1321 ι
1903 1280 1972 1323 tet
2003 1273 2190 1325 etenim
2222 1272 2372 1326 illum
2403 1275 2658 1342 imperare
2685 1276 2848 1329 donec
2887 1279 3116 1345 posuerit
3157 1279 3400 1333 inimicos

1829 1380 1846 1412 ι
1894 1363 2009 1428 eius
2043 1365 2324 1418 scabellum
2376 1367 2564 1432 pedum
2610 1369 2796 1436 ipsius.
2825 1364 2901 1422 Ita
2933 1370 3162 1425 termino
3190 1371 3401 1426 videtnr

1827 1472 1845 1504 ι
1893 1457 2291 1520 circumscribi,
2325 1458 2467 1512 illius
2490 1460 2784 1512 secundum
2815 1460 3086 1514 hominem
3114 1461 3397 1531 dispensa-

1827 1563 1844 1595 ι
1894 1546 1988 1612 tio,
2031 1558 2191 1615 atque
2215 1565 2497 1618 regnum.)
2532 1549 2594 1603 Et
2635 1560 2750 1620 post
2781 1551 2882 1605 alia
2928 1553 3238 1607 subnectit:
3278 1573 3296 1604 ι
3330 1553 3398 1606 Ει
3473 1586 3480 1596 ι

1827 1652 1844 1685 ι
1893 1645 2174 1706 propterea
2233 1642 2597 1707 apostoiorum
2662 1644 2851 1706 Actus,
2899 1641 2966 1697 de
3015 1644 3233 1698 homine
3289 1644 3395 1698 isto

1827 1742 1844 1773 ι
1895 1741 2055 1794 quem
2112 1729 2404 1796 assumpsit
2467 1729 2557 1782 Dei
2624 1729 2899 1794 Veibum,
2955 1740 3009 1785 et
3062 1745 3393 1802 assumptqu

127 1838 147 1867 ι
191 1818 352 1872 τοῦτο
377 1821 433 1873 αἱ
459 1819 693 1890 Πράξεις
716 1820 824 1871 τῶν
868 1819 1178 1872 ἀποστόλων
1214 1820 1341 1890 περὶ
1371 1819 1464 1871 τοῦ
1511 1819 1704 1892 ἀνθρώ

1827 1834 1847 1866 ‹
1899 1820 2180 1872 constituit
2225 1835 2253 1872 a
2292 1820 2384 1874 Dei
2433 1822 2661 1885 dextris,
2705 1823 2774 1875 ita
2817 1822 3100 1878 referunt:
3135 1829 3193 1888 ὦ
3224 1823 3390 1889 Quem

128 1929 148 1958 ι
190 1927 296 1962 που
345 1910 569 1973 τούτου,
604 1911 662 1964 ὃν
695 1913 985 1984 ἀνείληφεν
1030 1914 1058 1964 0
1105 1911 1199 1964 τοῦ
1236 1912 1369 1964 Θεοῦ
1414 1913 1584 1980 Λόγος
1618 1914 1712 1964 καὶ

124 2017 145 2050 e
186 2001 497 2073 ἀνειληφὼς
531 2005 588 2056 ὲν
637 2003 787 2074 δεξιᾷ
830 2002 923 2056 τοῦ
960 2002 1176 2074 Πατρὸς
1225 2002 1538 2066 καθέζεται,
1575 2002 1715 2057 οὕτω

126 2113 145 2145 ι
188 2094 521 2160 διδάσκουσι,
572 2096 846 2166 λέγουσαι,
880 2099 989 2150 Ὃν
1035 2095 1132 2150 δεῖ
1171 2097 1431 2164 οὐρανὸν
1459 2095 1576 2165 μὲν
1614 2097 1712 2151 δέ*

127 2206 148 2237 c
194 2185 415 2250 ξασθαι
453 2186 601 2258 (94),
647 2187 785 2257 ἄχρι
835 2189 1068 2256 χρόνων
1127 2185 1712 2254 ἀποκαταστάσεωςί

126 2297 147 2328 ι
186 2276 288 2330 καὶ
316 2270 475 2330 αὗται
509 2277 694 2350 ὥσπερ
724 2279 846 2348 ὅρον
877 2276 1000 2330 τινὰ
1023 2277 1114 2330 καὶ⁹
1142 2276 1478 2349 προθεσμίαν
1505 2277 1716 2349 ὁρίζου-

124 2392 144 2422 ι
183 2388 298 2425 σαι.
346 2387 366 2422 ι
413 2366 508 2434 Οἷς
559 2370 676 2441 μεθ’
722 2370 886 2442 ἕτερα
929 2369 1204 2438 ἐπιλέγει·
1261 2387 1278 2419 ι
1328 2370 1452 2432 Πῶς
1493 2368 1601 2440 (95)
1634 2369 1714 2422 ἔτι

124 2482 143 2514 ι
185 2462 291 2534 τὴν
313 2463 407 2515 τοῦ
439 2461 624 2515 δούλου
655 2461 866 2533 μορφὴν
891 2461 956 2532 ἥν
979 2461 1264 2532 ἀνείληφεν
1295 2462 1322 2513 0
1350 2461 1541 2528 Λόγος,
1577 2477 1712 2530 μορ-

126 2571 148 2604 ε
192 2554 303 2626 φὴν
336 2549 498 2607 οὖσαν
530 2553 713 2606 δούλου
733 2595 745 2617 ,
785 2556 1022 2606 συνεῖναι
1055 2553 1132 2624 τῷ
1157 2554 1333 2624 Λόγῳ,
1373 2554 1598 2607 δυνατὸν
1621 2554 1713 2622 γέ-

126 2661 148 2696 (
188 2647 320 2699 νοιτ’
342 2645 440 2710 av;
475 2644 669 2714 Σαφῶς
693 2644 822 2713 γοῦν
850 2646 944 2698 καὶ
973 2645 1268 2716 διαρρήδην
1296 2648 1352 2699 έν
1387 2645 1577 2718 βραχεῖ
1601 2662 1707 2698 τινι

126 2755 149 2788 c
189 2737 370 2808 χρόνῳ
403 2736 509 2789 τῶν
539 2754 599 2788 τε
629 2735 1080 2807 παρεληλυθότων
1126 2737 1219 2789 καὶ
1267 2737 1374 2790 τῶν
1407 2736 1707 2806 μελλόντων

126 2845 149 2878 e
185 2827 398 2882 αἰώνων
423 2828 520 2900 τὴν
552 2828 693 2881 κατά
723 2827 902 2899 σάρκα
943 2827 1254 2898 οἰκονομίαν
1285 2827 1379 2880 τοῦ
1430 2828 1604 2896 Λόγου
1638 2827 1706 2880 δι’

130 2930 151 2968 t
185 2920 331 2990 ἡμᾶς
354 2919 676 2990 γεγενῆσθαι
704 2918 1126 2991 συμϐεϐηκέναι,
1150 2919 1244 2972 καὶ
1265 2918 1490 2989 ταύτην,
1518 2916 1704 2989 ὥσπερ

1823 1929 1841 1959 ι
1889 1921 2089 1974 oportet
2123 1912 2309 1965 mlum
2340 1929 2525 1982 capere
2573 1930 2734 1982 usque
2777 1915 2846 1967 ad
2884 1925 3087 1982 tempus
3121 1927 3391 1969 restaura-

1820 2021 1838 2053 ι
1888 2005 2096 2059 tionis:
2131 2005 2201 2057 ita
2263 2015 2472 2073 tempus
2519 2005 2665 2058 velut
2713 2005 3044 2060 decircinant
3072 2007 3121 2060 ei
3161 2008 3390 2061 circnm-

1821 2112 1840 2144 ι
1888 2097 2174 2164 scriptum.
2206 2115 2224 2147 ι
2261 2094 2472 2161 Quibus
2497 2095 2735 2164 postalia
2767 2097 3024 2150 annectit.
3063 2113 3082 2146 ε
3115 2095 3393 2162 Quomodo

1818 2203 1836 2235 ι
1883 2192 2058 2252 potest
2094 2185 2206 2239 fieri
2233 2196 2286 2239 ut
2322 2187 2494 2239 forma
2542 2185 2683 2238 servi
2727 2200 2888 2252 quam
2936 2184 3232 2254 assumpsit
3259 2183 3394 2238 Ver-

1820 2292 1839 2325 ‹
1887 2275 2230 2340 bum,forma
2285 2278 2427 2330 servi
2468 2292 2591 2330 cum
2634 2277 2862 2330 exsistat
2901 2292 3022 2330 cum
3077 2275 3252 2331 Verbo
3299 2293 3390 2334 co-

1820 2386 1840 2418 ι
1897 2369 2160 2420 uniatnr?
2189 2367 2373 2438 Itaque
2399 2382 2494 2436 pro
2524 2354 2841 2422 brevissimo
2873 2371 3100 2437 quodam
3153 2379 3390 2437 tempore

1819 2476 1836 2508 ε
1883 2459 2157 2527 praeterito
2187 2474 2379 2528 nempe
2422 2460 2514 2513 illo
2553 2468 2606 2512 et
2646 2458 2860 2524 futuro,
2910 2460 3240 2528 dispensatio
3276 2460 3392 2514 haec

1818 2569 1838 2604 ‹
1883 2553 2176 2606 secundum
2217 2567 2436 2606 carnem
2484 2551 2640 2606 Verbi
2694 2549 2981 2606 manifeste
3029 2560 3082 2604 et
3128 2565 3390 2617 expresse

1819 2661 1838 2695 ι
1893 2643 2182 2712 adimpleta
2223 2644 2451 2712 contigit
2495 2653 2714 2712 propter
2754 2658 2852 2697 nos
2888 2658 3050 2712 quam
3083 2643 3158 2696 uti
3186 2640 3390 2712 princi-

1818 2749 1838 2783 ι
1887 2735 2034 2802 pinm
2083 2733 2270 2787 habuit
2301 2733 2374 2787 ita
2414 2734 2573 2787 tinem
2601 2734 2907 2787 habituram
2935 2773 2949 2797 ,
2991 2732 3148 2786 docet
3175 2732 3388 2787 divinus

1819 2841 1838 2874 ι
1885 2821 2104 2888 Paulus,
2151 2825 2233 2878 his
2290 2826 2511 2878 totidem
2553 2839 2687 2893 pene
2723 2824 2904 2879 verbis
2957 2824 3196 2878 :Deinde
3242 2825 3385 2892 linis,

1821 2933 1841 2967 ι
1885 2931 2003 2972 mm
2029 2914 2305 2969 tradiderit
2333 2932 2546 2985 regnum
2571 2914 2680 2968 Deo
2699 2928 2745 2968 et
2775 2916 2927 2968 Patri
2966 2933 3061 2970 suo
3087 2918 3128 2974 ’.
3156 2936 3175 2968 ι

129 3029 150 3061 c
191 3012 392 3083 ἀρχὴν,
458 3013 599 3065 οὕτω
629 3013 735 3066 ’καὶ
777 3013 928 3076 τέλος
969 3013 1110 3083 ἔχειν
1158 3016 1186 3067 0
1249 3012 1536 3077 θεσπέσιος
1606 3013 1794 3086 εἴρηκε
1863 3010 2110 3075 Παῦλος·
2178 3009 2320 3064 οὕτω
2380 3027 2498 3074 πως
2568 3011 2772 3065 εἰπών’
2833 3009 2978 3066 Εἶτα
3035 3015 3112 3066 ’τὸ
3190 3013 3385 3092 τέλος,

132 3117 152 3150 ο
191 3099 338 3152 ὅταν
369 3100 668 3169 παραδιδῶ
701 3102 812 3170 τὴν
839 3103 1168 3166 ,βασιλείαν
1193 3102 1272 3168 τῷ
1309 3103 1428 3168 Θεῷ
1462 3103 1559 3157 καὶ
1591 3102 1794 3170 Πατρι.
1830 3119 1853 3152 ι

773 3199 928 3251 ΚΕΦ.
958 3197 1054 3250 1Δ’.

138 3277 492 3358 Ἐέηγήσεις
535 3288 644 3358 τῆς
686 3290 912 3376 ὑγιοῦςΙ
961 3290 1235 3354 διανοίας
1280 3289 1402 3341 τῶν
1440 3283 1708 3359 ἀναγνῶ-ε

791 3376 1054 3429 σματων.

195 3449 296 3503 Διά
322 3467 586 3504 τοσουτων
617 3451 933 3523 Μάρκελλος
966 3453 1060 3504 καὶ
1086 3446 1146 3504 τὸ
1175 3451 1346 3520 σῶμα
1370 3449 1480 3518 τῆς
1521 3449 1708 3518 δόξης

122 3541 234 3594 τοῦ
270 3541 405 3595 Υὶοῦ
435 3542 688 3614 ἠγνόησε,
720 3543 812 3594 καὶ
839 3541 935 3614 τὴν
969 3542 1320 3614 ἀτελεύτητον
1347 3541 1512 3594 αὐτοῦ
1549 3541 1704 3612 βασι-

124 3635 278 3688 λείαν
315 3637 556 3708 ἀρνεῖται
602 3636 702 3688 οὐκ
744 3638 1066 3708 ἐπιστήσας,
1095 3637 1171 3699 ὡς
1210 3635 1353 3689 κατά
1402 3652 1525 3689 τινα
1585 3652 1707 3687 συν-

123 3721 320 3794 ήθειαν
348 3723 448 3794 τῆς
470 3725 694 3796 Γραφῆς
727 3723 1032 3788 ἰδιάζουσαν
1054 3723 1116 3776 τὸ
1142 3723 1253 3790 ἕως
1283 3722 1706 3795 παραλαμϐάνε-

126 3815 251 3868 σθαι
277 3816 461 3869 εἴωθεν
484 3833 497 3846 ·
533 3817 672 3870 οὕτω
697 3817 826 3885 γοῦν
859 3819 886 3870 ὁ
911 3816 1100 3887 Σωτὴρ
1145 3819 1256 3880 τοῖς
1286 3815 1556 3886 μαθηταῖς
1591 3814 1706 3867 ἐλε-

121 3921 224 3974 γεν
247 3925 260 3938 ’
307 3907 460 3962 Ἰδοὺ
519 3907 633 3976 ἐγὼ
671 3909 797 3977 μεθ’
833 3906 998 3977 ὑμῶν
1039 3909 1154 3976 ειμι
1208 3907 1410 3972 πάσας
1457 3906 1700 3974 ἡμέρας,

123 3997 239 4062 ἕως
261 3995 372 4065 τῆς
401 3998 754 4064 συντελείας
773 3997 880 4051 τοῦ
917 3995 1029 4066 (96)
1052 3995 1265 4062 αἰῶνος
1284 4013 1299 4027 ο
1327 3996 1430 4050 οὐκ
1463 3994 1706 4067 ἀναιρῶν

123 4088 190 4141 τὸ
237 4088 550 4142 συνέσεσθαι
600 4090 780 4153 αὐτοῖς
829 4089 922 4143 καὶ
972 4089 1109 4160 μετά
1144 4089 1244 4160 τὴν
1273 4087 1601 4151 συντέλειαν,
1628 4086 1704 4139 δι-

124 4179 344 4233 δάσκων
383 4179 428 4232 δ’
464 4182 545 4234 ὅτι
584 4180 680 4232 καὶ
712 4181 804 4234 νῦν
832 4179 1102 4250 μενέσται
1139 4180 1237 4232 σὺν
1269 4179 1450 4240 αὐτοῖς
1480 4177 1584 4240 ἓως
1606 4177 1704 4247 τῆς

127 4271 470 4336 συντελείας,
517 4271 828 4325 ἐπισκοπῶν
869 4272 961 4324 καὶ
1002 4270 1282 4340 φυλάττων
1330 4269 1537 4331 πάντας
1578 4269 1704 4329 τοὺς

124 4361 278 4434 αὐτῷ
311 4362 782 4435 μαθητευομένους
800 4381 814 4394 ·
843 4365 943 4417 καὶ
971 4363 1108 4433 μετά
1150 4361 1250 4431 τὴν
1292 4359 1602 4414 συντέλειαν
1625 4358 1707 4422 δὲ,

125 4454 452 4527 κρειττόνως
485 4457 666 4518 αὐτοῖς
701 4456 973 4522 συνέσται,
1003 4455 1293 4518 κοινωνοὺς
1329 4454 1528 4514 αὐτοὺς
1571 4453 1704 4504 ἀπο-

2425 3195 2576 3252 CAP.
2631 3196 2772 3252 XIV.

1980 3276 2254 3357 Expositio
2273 3289 2387 3341 sani
2415 3305 2600 3343 sensus
2623 3290 2859 3343 locorum
2890 3289 3204 3361 Scriptum.

1879 3444 1982 3500 Per
2016 3459 2130 3500 nrec
2163 3447 2342 3500 omnia
2390 3455 2469 3500 tot
2505 3456 2562 3500 et
2607 3447 2731 3500 talia
2779 3446 3063 3503 Marcellus
3109 3450 3380 3520 ignoravit

1803 3551 1994 3605 corpus
2026 3537 2212 3606 giaria:
2235 3535 2388 3603 Filii,
2422 3548 2475 3593 et
2501 3539 2975 3597 iudeterminabile
3015 3543 3129 3610 ejus
3157 3561 3387 3614 regnum

1806 3639 2067 3700 pernegat
2135 3632 2373 3684 futurum
2422 3651 2439 3686 :-
2482 3634 2702 3694 minime
2757 3636 2993 3690 animum
3058 3639 3382 3707 advertens,

1803 3722 1946 3790 quod
1991 3723 2286 3776 secundum
2319 3726 2590 3795 propriam
2618 3729 2905 3795 quamdam
2939 3729 3229 3799 Scriptum
3256 3749 3394 3788 con-r

1803 3814 2161 3876 suetudinem,
2193 3815 2320 3868 illud
2350 3817 2512 3871 donec
2553 3818 2722 3872 soleat
2763 3822 2955 3887 accipi.
3015 3821 3090 3876 Ita
3125 3821 3391 3878 Servator

1803 3903 2098 3973 discipulos
2137 3905 2452 3974 alloquitur,
2519 3907 2794 3964 Vobiscum
2849 3929 2964 3965 sum
3018 3928 3192 3968 omnes
3248 3917 3386 3980 dies,

1802 4010 1964 4064 usque
2005 3997 2074 4049 ad
2114 4002 2614 4054 consummationem
2669 4004 2853 4056 swruii
2880 4005 2900 4035 "
2932 4021 2954 4060 z»
2972 4020 3147 4074 neque
3202 4014 3391 4063 tamen

1803 4097 1964 4156 negat
2003 4103 2062 4142 se
2113 4089 2178 4144 iis
2230 4089 2522 4144 aﬂuturum
2567 4103 2688 4162 post
2739 4095 2896 4150 tinem
2952 4099 3136 4153 mundi
3173 4122 3184 4154 :
3226 4101 3385 4155 docet

1804 4190 1986 4234 autem
2016 4183 2159 4250 quod
2201 4183 2254 4237 in
2295 4185 2547 4253 praesenti
2574 4187 2776 4240 saeculo
2803 4203 2907 4242 non
2947 4188 3160 4246 deseret
3191 4206 3286 4246 eos
3313 4193 3390 4246 ad

1805 4286 1975 4342 usque
2012 4277 2540 4330 consummationem
2577 4295 2597 4332 :-
2620 4279 2712 4332 sed
2761 4281 2906 4348 quod
2951 4296 3139 4337 omnes
3175 4283 3274 4352 ipsi
3327 4284 3388 4337 iu

1804 4362 2140 4432 disciplinam
2167 4367 2392 4422 traditos
2439 4380 2734 4425 curaturus
2749 4372 2820 4422 sit
2856 4381 2912 4425 et
2938 4371 3340 4440 gubernaturus
3363 4391 3385 4427 >

1803 4464 1859 4507 et
1908 4465 2030 4524 post
2063 4461 2588 4515 consummationem
2633 4465 2791 4517 modo
2830 4463 3060 4528 quodam
3106 4464 3380 4518 excellen-

123 4549 335 4617 φαίνων
378 4548 477 4617 τῆς
527 4548 690 4602 αὐτοῦ
741 4547 1036 4618 βασιλείας.
1092 4546 1278 4609 Οὕτως
1324 4541 1428 4599 οὖν
1485 4545 1580 4597 καὶ
1620 4543 1700 4607 τὸ,

1825 4546 1932 4599 iori
1962 4547 2032 4600 sit
2065 4547 2167 4602 illis
2210 4547 2512 4604 aﬂ'ul'urus:
2569 4561 2624 4605 et
2662 4553 2950 4621 participes
2992 4567 3084 4606 eos
3138 4551 3391 4608 facturus

122 4638 325 4697 Κάθου
344 4641 412 4693 ἐκ
429 4639 640 4704 δεξιῶν
657 4657 796 4709 μου,
819 4639 927 4706 ἓως
947 4639 1059 4710 (97)
1082 4638 1158 4691 ἂν
1182 4637 1262 4692 θῶ
1288 4635 1428 4701 τοὺς
1450 4635 1700 4704 ἐχθρούς

1825 4635 1955 4703 'egni
1989 4637 2091 4690 sui.
2133 4636 2209 4691 Ita
2233 4647 2289 4692 et
2313 4639 2440 4694 illud
2473 4643 2711 4711 capitur,
2739 4644 2874 4696 Sede
2907 4660 2940 4696 α
2971 4643 3168 4703 dextris
3208 4645 3332 4697 meis
3362 4659 3388 4697 ,ι

121 4750 244 4788 σου
281 4734 608 4787 ὑποπόδιον
646 4733 764 4786 τῶν
797 4733 998 4787 ποδῶν
1033 4747 1180 4786 σουσ
1213 4732 1311 4784 καὶ
1340 4731 1432 4795 τὸ,
1473 4731 1582 4782 “Or
1609 4728 1704 4780 δεῖ

1825 4729 1966 4783 ionec
1998 4747 2190 4799 ponam
2233 4732 2472 4786 inimicos
2527 4743 2646 4787 tuos
2689 4734 2972 4787 scabellum
3012 4735 3204 4804 pedum
3259 4745 3388 4788 tuo--~

120 4823 388 4892 οὐρανὸν
401 4824 518 4893 μὲν
540 4824 826 4889 δέξασθαι
853 4825 991 4894 ἄχρι
1018 4827 1252 4893 χρόνων
1282 4818 1698 4876 ἀποκαταστὰ-

1825 4833 1922 4872 ‘um
1960 4821 2002 4874 ⁸.
2039 4819 2105 4874 Ει
2140 4823 2301 4888 illud,
2347 4823 2512 4888 Quem
2547 4817 2751 4892 Oportet
2793 4826 2947 4879 caelos
2995 4841 3180 4894 capere
3217 4838 3394 4896 usque

111 4931 301 5006 μεως,
330 4917 428 4986 οὐχ
445 4916 520 4979 ὡς
546 4917 741 4987 μηκέτι
765 4917 1024 4988 ἐσομένου
1059 4917 1196 4986 μετά
1220 4916 1392 4969 ταῦτα
1431 4915 1697 4976 λέλεκται,

1825 4913 1875 4964 Id
1907 4915 2347 4968 restaurationem
2369 4916 2600 4968 omnium
2629 4917 2680 4983 °,-
2704 4917 2848 4985 quod
2874 4933 2980 4971 non
3001 4917 3197 4970 dicitur
3225 4920 3390 4986 quasi”

123 5007 241 5060 ἀλλ’
276 5007 352 5070 ὡς
385 5007 666 5078 μέλλοντος
710 5009 850 5062 κατά
891 5009 984 5062 τὸν
1028 5009 1126 5079 τῆς
1165 5007 1470 5069 συντελείας
1513 5005 1701 5075 καιρὸν

1825 5014 1992 5057 »οειοιι
2047 5020 2152 5059 non
2205 5020 2329 5061 eum
2378 5018 2653 5077 caperent.
2711 5007 2817 5062 Sed
2862 5009 3003 5078 quod
3054 5010 3108 5062 in
3164 5010 3270 5063 line
3315 5011 3391 5062 de

121 5099 496 5155 διανίστασθαι
522 5102 629 5156 ἀπὸ
661 5103 755 5155 τοῦ
785 5102 972 5174 θρόνου
1001 5102 1099 5155 τοῦ
1126 5100 1431 5172 πατρικοῦ,
1461 5101 1554 5153 καὶ
1581 5099 1703 5151 δευυ

1825 5109 2031 5153 »διετιιο
2079 5099 2216 5154 solio
2269 5110 2388 5156 erat
2427 5111 2793 5168 surrecturus,
2843 5111 2898 5158 et
2961 5102 3258 5156 secundum
3315 5103 3394 5154 de

195 5285 258 5345 at
287 5279 385 5336 Ed.
408 5279 605 5349 Paris.,
635 5299 755 5357 pag.
782 5284 903 5340 £82.
982 5277 1046 5338 τι
1072 5285 1197 5340 Cor.
1218 5299 1308 5349 xv,
1335 5281 1424 5336 24.
1499 5281 1521 5313 ⁷
1551 5281 1744 5338 Matth.
1779 5299 1976 5350 xxvm,
2020 5283 2118 5339 20.-
2187 5287 2378 5344 'Psal.
2426 5303 2538 5355 cxx,
2567 5290 2619 5345 1.
2690 5292 2712 5323 ⁸
2741 5291 2866 5345 Act.
2893 5303 2976 5354 Ill,
3005 5289 3093 5344 2i.

200 5439 316 5519 (9‘!)
362 5442 686 5519 Δεσπότης.
747 5441 862 5519 Non
933 5442 1272 5519 simpliciter,
1335 5445 1429 5519 sed
1489 5443 1695 5519 Christi

1825 5456 2154 5519 uintempus
2182 5457 2342 5502 vocat
2390 5447 2576 5502 statim
2621 5448 2842 5519 ὃρον.-
2873 5447 3004 5504 Dedi
3031 5448 3174 5518 quod
3209 5459 3291 5504 est
3326 5450 3390 5504 in!

126 5511 415 5582 Dominum
460 5517 757 5569 secundum
812 5511 1126 5582 hominem;
1192 5530 1322 5581 ergo
1377 5516 1530 5571 deest
1591 5516 1688 5570 αὐ-
1806 5518 1965 5571 codd.
2000 5511 2073 5570 Ml

437 5651 450 5660 _
698 5653 721 5660 _
1110 5578 1120 5582 ⁷
1255 5578 1265 5581 ⁷

1878 5585 1992 5660 (94)
2021 5587 2189 5660 Vulso
2220 5586 2432 5660 ἕωςχρο

343 5649 521 5726 Χιιιεο
553 5667 661 5726 om.
691 5653 776 5706 ἄν.
898 5724 906 5726 4
1054 5723 1079 5726 _
1229 5724 1238 5726 _
1358 5723 1389 5726 η

1875 5649 1990 5726 (95)
2023 5649 2292 5726 Μρῖὲστι.

198 5721 314 5801 (93)
343 5722 565 5801 ’ςῼσπερ
585 5725 809 5801 εζρῃται
848 5724 1002 5801 τίνα.
1042 5723 1198 5801 Certe
1227 5724 1301 5801 ita
1339 5723 1542 5801 dictum
1585 5734 1694 5801 est,

2021 5721 2193 5801 yulgo
2223 5729 2429 5801 κόσμου
2444 5745 2464 5801 5
2488 5727 2598 5801 jam
2625 5728 2733 5801 Mp.
2751 5746 2900 5788 corr.

127 5793 227 5847 sed
255 5793 463 5860 malim,
500 5796 643 5863 quod
681 5797 732 5848 iu
771 5796 1014 5864 litargine
1049 5794 1244 5862 fuerat,
1277 5795 1460 5867 ῥητόν·
1509 5796 1698 5851 delini-

1875 5793 1987 5871 (97)
2021 5793 2188 5870 Vulgo
2215 5799 2280 5855 ἂν
2315 5793 2458 5872 [καὶ]
2481 5793 2583 5857 θῶ.
