3810 6218
385 313 523 369 102⁸1

1059 309 1324 365 EUSEBII
1361 307 1836 364 CESARIENSIS
1873 307 1949 363 ΟΡ

2065 307 2245 363 PARS
2283 308 2374 364 ιν.
2415 339 2484 350 —-
2523 307 2944 364 DOGMATICA.

3493 95 3759 384 ,αεὶ

380 431 520 485 emlo
571 428 882 484 descensum
957 441 1112 481 suum
1167 425 1453 480 facturus:
1489 425 1556 480 de
1601 427 1720 495 (quo
1774 425 1949 492 inquit

2064 423 2212 494 πέραν
2250 422 2518 476 ποιεῖσθαι
2557 423 2782 477 κάθοδον
2831 425 2896 477 ὲκ
2937 421 3029 476 τοῦ
3057 421 3288 495 οὐρανοῦ
3315 462 3330 485 ,
3359 421 3493 491 περὶ
3513 415 3577 492 ἧς
3598 424 3625 474 ό

378 519 667 589 Apostolus
695 538 707 572 :
743 519 808 572 Et
854 518 965 586 ipse
991 517 1242 571 Dominus
1276 519 1332 571 in
1373 517 1699 581 celeusmate,
1745 517 1800 570 in
1833 533 1952 570 voce

379 611 702 680 archangeli,
733 612 788 664 in
821 613 945 664 tuba
977 609 1070 663 Dei
1093 610 1363 662 descendet
1395 610 1458 662 de
1484 609 1641 672 caelo,
1683 619 1731 661 et
1759 610 1951 661 mortui

378 706 434 757 in
475 701 687 756 Christo
731 709 1004 770 resurgent
1039 701 1368 769 primi:tum
1411 716 1501 752 nos
1529 701 1617 767 qui
1659 701 1853 752 erimus
1895 700 1950 750 in

377 796 502 848 rivis
530 793 784 855 derelicti,
809 810 913 844 una
942 809 1059 844 cum
1091 791 1197 844 illis
1241 793 1503 860 rapientur
1532 793 1588 844 in
1630 791 1850 844 nubibus
1881 791 1951 842 ad

377 887 581 938 obviam
605 885 833 937 eundum
865 883 1088 936 Domino
1112 886 1164 936 in
1201 900 1338 948 aere,
1371 895 1415 936 et
1447 884 1522 935 ita
1557 883 1695 934 omni
1727 892 1952 950 tempore

375 993 494 1028 cum
535 975 761 1029 Domino
792 977 986 1028 erimus
1022 976 1087 1030 “’.
1116 982 1173 1038 »14
1200 973 1572 1043 Oportetet'go
1603 976 1948 1028 Servatorem

380 1068 430 1118 in
466 1067 619 1121 caelis
653 1083 870 1122 manere
893 1107 911 1134 ,
947 1079 1000 1121 et
1031 1068 1315 1120 considere
1350 1082 1377 1118 a
1410 1067 1616 1120 dextris
1648 1067 1738 1121 Dei
1775 1066 1951 1120 Patris

383 1160 635 1227 usquead
665 1161 824 1213 linem
854 1177 866 1213 :
902 1161 952 1212 in
983 1161 1098 1228 ipso
1123 1171 1302 1214 autem
1327 1160 1431 1213 line
1453 1161 1691 1212 omnium
1716 1163 1950 1214 secundo

383 1248 618 1318 gloriose
647 1251 978 1304 adventurus
1013 1261 1228 1304 sanctos
1255 1267 1380 1304 suos
1405 1251 1470 1303 ad
1501 1266 1558 1304 se
1589 1262 1847 1315 assutnet,
1892 1261 1951 1304 ut

381 1343 528 1395 oumi
561 1352 800 1411 tempore
829 1344 937 1396 sint
980 1359 1101 1396 cum
1147 1344 1264 1412 ipso
1299 1362 1311 1397 :
1353 1360 1454 1397 non
1490 1345 1554 1398 ad
1585 1354 1794 1410 tempus
1819 1344 1950 1397 deli-

383 1433 580 1498 nitum,
638 1438 730 1490 sed
781 1435 1033 1489 szrculum
1087 1425 1581 1500 indeterminabile;
1641 1438 1717 1489 ait
1770 1435 1944 1497 enim,

383 1523 604 1592 Semper
642 1542 758 1579 cum
808 1525 1032 1578 Domino
1076 1525 1244 1593 futuri
1291 1542 1494 1578 sumus.
1553 1525 1814 1590 Quocirca
1873 1525 1946 1578 illi

381 1618 552 1670 sancti
582 1633 702 1670 cum
733 1619 848 1686 ipso
879 1618 1066 1683 futuri,
1097 1633 1261 1688 regno
1294 1619 1462 1686 ipsius
1493 1619 1545 1672 in
1583 1634 1750 1687 regno
1782 1619 1948 1673 catio-

381 1720 502 1758 rutn
526 1705 891 1775 perfruentur.
921 1707 991 1759 At
1021 1709 1267 1777 egregius
1301 1709 1399 1762 iste
1447 1711 1530 1762 vir
1559 1709 1625 1762 de
1661 1711 1947 1763 Set-Vatore

382 1797 583 1850 dictum
641 1807 917 1862 autumat,
956 1811 1205 1866 oportere
1257 1816 1378 1853 eum
1426 1802 1722 1869 imperare,
1781 1817 1948 1870 usque

382 1887 508 1941 dum
561 1890 802 1955 posuerit
852 1889 1100 1945 inimicos
1157 1889 1452 1944 scabellum
1505 1891 1727 1958 pedibus
1787 1892 1942 1946 suis:

380 1987 686 2049 postremus
729 1990 904 2036 autem
955 1982 1208 2036 inimicus
1252 1982 1617 2051 subjiciendus
1659 1997 1802 2037 mors
1842 1994 1943 2037 est.

383 2067 472 2134 Et,
525 2067 656 2122 Cum
706 2087 822 2125 vero
869 2072 968 2140 ipsi
1015 2073 1360 2143 subiicientur
1387 2074 1583 2136 omnia,
1614 2082 1723 2126 tum
1765 2083 1813 2127 et
1839 2076 1946 2141 ipse

381 2159 687 2228 subjicietur
703 2164 770 2226 ei,
794 2165 883 2232 qui
917 2164 1136 2231 subjecit
1164 2164 1338 2216 omnia
1356 2164 1449 2216 sub
1470 2165 1684 2233 pedibus
1713 2165 1827 2234 ejus
1844 2206 1857 2227 ,
1890 2176 1944 2218 ut

381 2251 449 2304 sit
473 2252 611 2305 Deus
631 2254 811 2308 omnia
833 2255 886 2308 in
906 2258 1144 2308 omnibus
1174 2257 1248 2313 “z
1276 2271 1404 2310 usus
1427 2272 1522 2310 sua
1561 2259 1946 2312 consuetudine

383 2340 500 2396 inec
527 2344 786 2411 depravat
816 2361 829 2398 :
861 2347 1043 2400 nescio
1072 2346 1212 2398 enim
1253 2362 1359 2414 quo
1390 2360 1547 2416 pacto
1567 2387 1583 2411 ,
1628 2349 1948 2416 subjicietur

383 2433 553 2489 Filius
601 2436 772 2500 Patri,
828 2452 945 2506 pro,
987 2439 1201 2492 unietur
1259 2440 1366 2494 Deo
1411 2440 1669 2507 Verbum,
1717 2442 1944 2508 accepit.

384 2525 548 2592 Quasi
582 2528 696 2581 dari
725 2539 902 2597 posset
949 2539 1156 2598 tempus
1200 2531 1413 2598 quando
1446 2533 1518 2585 illi
1555 2548 1660 2587 non
1699 2534 1952 2589 adunire-

387 2627 494 2672 tur.
535 2619 686 2684 Quod
718 2621 761 2674 si
798 2618 1032 2674 Verbum
1057 2632 1174 2677 erat
1210 2625 1276 2678 ab
1304 2634 1506 2679 azterno
1537 2626 1588 2678 in
1619 2623 1728 2679 Deo
1753 2627 1956 2681 subsis-

384 2719 531 2776 tens,
565 2713 834 2782 quomodo
884 2713 1015 2767 dicit
1060 2725 1187 2770 tunc
1221 2716 1330 2771 Deo
1371 2726 1426 2772 et
1455 2716 1602 2770 Patri
1657 2715 1953 2784 subjectum

384 2800 622 2871 futurum
649 2805 810 2858 eum?

2065 516 2384 579 Ἀπόστολος
2413 516 2652 569 διδάσκει
2676 517 2870 585 λέγων,
2905 518 3033 570 Ὀτι
3055 514 3237 580 αὐτὸς
3263 517 3296 567 ό
3325 515 3540 581 Κύριος
3562 514 3626 566 ἐν

2050 609 2429 676 κελεύσματι,
2469 609 2539 662 ὲν
2574 608 2739 677 φωνῇ
2794 608 3193 678 ἀρχαγγέλου,
3229 604 3329 658 καὶ
3369 606 3442 657 ἐν
3482 602 3629 657 σὰλο

2051 713 2211 770 πιγγι
2244 701 2390 755 Θεοῦ
2422 701 2815 767 καταϐήσεται
2847 701 2949 754 ἀπ’
2984 697 3262 766 οὐρανοῦ,
3298 695 3399 748 καὶ
3445 701 3505 747 οὶ
3542 713 3628 748 re-

2050 796 2177 862 κροὶ
2202 795 2272 848 ἐν
2296 793 2526 862 Χριστῷ
2551 793 2999 860 ἀναστήσονται
3025 791 3136 858 (98)
3161 787 3398 857 πρῶτοι·
3429 789 3631 840 ἔπειτα

2050 882 2216 950 ἡμεῖς
2251 885 2304 935 οἱ
2337 883 2563 948 ζῶντες,
2597 886 2650 936 οἱ
2685 885 3159 951 περιλειπόμενοι
3184 921 3198 944 ,
3227 879 3346 947 ἅμα
3377 878 3502 931 σὺν
3532 880 3633 930 αὑ-

2049 972 2172 1038 τοῖς
2209 974 2672 1042 ἁρπαγησόμεθα
2716 975 2785 1026 ἐν
2828 974 3110 1042 νεφέλαις
3149 974 3235 1035 εὶς
3285 968 3633 1036 ἀπάντησιν

2050 1066 2153 1118 τοῦ
2186 1067 2405 1131 Κυρίου
2436 1069 2522 1131 εἰς
2546 1067 2744 1134 ἀέρας,
2775 1066 2873 1119 καὶ
2897 1067 3049 1119 οὕτω
3075 1065 3331 1117 πάντοτε
3363 1063 3490 1115 σὺν
3518 1065 3630 1115 Κυο

2041 1158 2153 1225 ρίῳ
2181 1158 2456 1227 ἐσόμεθα.
2487 1162 2576 1210 Δεῖ
2600 1161 2778 1211 τοίνυν
2818 1159 2907 1211 τὸν
2953 1159 3186 1228 Σωτῆρα
3225 1158 3406 1228 μένειν
3445 1157 3507 1210 ὲν
3546 1157 3634 1208 οὑ-

2053 1250 2217 1323 ρανῷ,
2250 1252 2343 1302 καὶ
2372 1249 2692 1312 καθέζεσθαι
2726 1250 2782 1300 ἐν
2814 1247 2960 1319 δεξιᾷ
2990 1248 3082 1300 τοῦ
3113 1247 3326 1318 Πατρὸς
3346 1287 3360 1308 ,
3391 1246 3501 1309 ἕως
3538 1246 3634 1314 τῆς

2052 1342 2376 1403 συντελείας,
2400 1341 2539 1394 κατὰ
2560 1341 2614 1394 δὲ
2634 1342 2801 1411 αὐτὴν
2828 1341 2925 1412 τὴν
2949 1340 3256 1393 συντέλειαν
3285 1337 3377 1391 τοῦ
3406 1337 3632 1399 παντὸς,

2047 1435 2145 1505 τὴν
2185 1434 2392 1500 ἔνδοξον
2442 1435 2536 1486 κοιλ⁸
2582 1434 2840 1505 δευτέραν
2872 1433 3034 1487 αὑτοῦ
3067 1433 3367 1503 παρουσίαν
3398 1431 3636 1499 ποιησά-

2052 1543 2230 1596 μενος,
2258 1528 2384 1590 τοὺς
2433 1525 2619 1594 ἁγίους
2652 1525 2816 1580 αὑτοῦ
2859 1524 3242 1596 παραλήψεται
3290 1525 3370 1586 εἰς
3400 1523 3463 1575 τὸ
3499 1522 3635 1575 πάν-

2047 1633 2167 1669 τοτε
2200 1617 2346 1688 αὑτῷ
2382 1622 2652 1670 συνεῖναι·
2693 1618 2814 1687 οὐχὶ
2863 1617 3023 1688 μέχρι
3067 1617 3214 1679 τινὸς
3253 1617 3448 1687 χρόνου
3472 1654 3487 1677 ,
3522 1614 3636 1666 ἀλλ’

2051 1712 2130 1773 εἰς
2160 1710 2382 1780 ἄπειρον
2415 1711 2588 1764 αἰῶνα
2609 1728 2622 1741 ·
2660 1711 2823 1762 Οὕτω
2865 1710 2974 1781 γάρ
3016 1727 3149 1780 φησι
3174 1748 3188 1771 ,
3225 1707 3490 1760 Πάντοτε
3517 1706 3639 1760 σὺν

2052 1804 2246 1870 Κικυοίῳ
2278 1803 2552 1870 ἐσόμεθα.
2589 1803 2796 1856 Οὐκοῦν
2849 1805 2898 1856 οἱ
2945 1802 3088 1869 ἆγιοι
3140 1801 3371 1854 πὰντοτε
3419 1798 3639 1852 συνεσό-

2056 1912 2205 1964 μενοι
2251 1895 2420 1966 αὐτῷ.
2451 1895 2551 1965 τῆς
2600 1895 2764 1948 αὑτοῦ
2816 1894 3090 1965 βασιλείας
3139 1891 3546 1946 ἀπολαύσουσιν
3581 1893 3640 1942 ὲν

2050 1985 2116 2053 τῇ
2162 1983 2575 2056 κατηγγελμένῃ
2622 1984 2728 2036 τῶν
2781 1983 3024 2055 οὐρανῶν
3085 1983 3350 2054 βασιλείᾳ.
3414 1981 3559 2034 Ἀλλ’
3611 1982 3638 2032 ὁ

2051 2076 2293 2140 γενναῖος
2326 2074 2498 2128 ταῦτα
2532 2075 2645 2146 (99)
2671 2076 2745 2146 μὴ
2779 2075 2978 2138 συνεὶς,
3010 2073 3101 2128 τοῦ
3128 2074 3272 2126 θείου
3312 2071 3638 2126 Ἀποστόλου

2054 2166 2179 2236 περὶ
2201 2165 2293 2217 τοῦ
2325 2166 2474 2236 Σωτῆ
2485 2184 2574 2237 ρος
2601 2167 2760 2238 ἡμῶν
2789 2167 3069 2238 εἰρηκότος
3091 2165 3170 2226 τὸ,
3190 2165 3292 2219 Δεῖ
3307 2166 3418 2234 γὰρ
3449 2167 3642 2220 αὑτὸν

2045 2256 2422 2320 βασιλεύειν,
2455 2257 2628 2326 ἄχρις
2661 2255 2732 2314 οὗ
2771 2257 2846 2327 θῇ
2883 2258 3023 2325 τοὺς
3055 2258 3308 2327 ἐχθροὺς
3339 2257 3463 2311 ὑπὸ
3498 2259 3642 2324 τοὺς

2053 2347 2242 2413 πόδας
2272 2350 2457 2404 αὐτοῦ
2481 2367 2494 2380 °
2527 2351 2785 2420 ἔσχατος
2810 2352 3021 2420 ἐχθρὸς
3060 2349 3434 2418 καταργεῖται
3477 2355 3512 2404 ό
3539 2351 3641 2404 θάσ-

2052 2455 2264 2506 νατος·
2303 2443 2396 2494 καὶ
2442 2443 2633 2505 πάλιν,
2686 2445 2872 2497 Ὅταν
2915 2443 2984 2498 δὲ
3028 2446 3190 2512 αὐτῷ
3238 2443 3519 2513 ὑποταγῇ
3570 2445 3646 2496 τὰ

2055 2531 2270 2594 πάντα,
2316 2535 2448 2587 τότε
2488 2533 2586 2587 καὶ
2627 2537 2809 2601 αὐτὸς
2837 2535 3278 2605 ὑποταγήσεται
3306 2536 3388 2600 τῷ
3418 2532 3645 2588 ὑποτά-

2057 2622 2171 2686 ξαν
2185 2639 2238 2675 τι
2263 2623 2421 2689 αὐτῷ
2445 2625 2514 2678 τὰ
2542 2625 2756 2688 πάντα,
2790 2628 2890 2679 ἵνα
2920 2622 2960 2697 ᾖ
2991 2631 3022 2680 ό
3068 2627 3212 2693 Θεὸς
3239 2627 3313 2680 τὰ
3345 2624 3547 2679 πάντα
3575 2625 3647 2677 ἐν

2057 2713 2240 2778 πᾶσι,
2269 2718 2334 2786 τῇ
2371 2716 2447 2787 (1)
2484 2718 2700 2788 συνήθει
2742 2717 2914 2791 ταύτῃ
2957 2719 3251 2789 διαστροφῇ
3295 2717 3646 2789 χρησάμενος

2059 2811 2152 2864 καὶ
2197 2809 2369 2864 ταῦτα
2409 2808 2853 2883 παρερμηνεὺειο
2904 2809 3004 2861 οὑκ
3040 2804 3133 2860 οἷδ’
3177 2809 3326 2872 ὅπως
3373 2807 3460 2870 τι,
3506 2808 3644 2860 ὑπο-

383 2897 719 2967 ταγήσεσθαι
745 2898 822 2970 τῷ
845 2901 1019 2974 Πατρὶ
1053 2903 1144 2957 τὸν
1167 2903 1316 2966 Υἰὸν,
1344 2904 1465 2956 ἀντὶ
1506 2902 1598 2956 τοῦ
1643 2903 2008 2975 ὲνωθήσεσθαι
2051 2903 2132 2975 τῷ
2161 2905 2278 2976 Θεῷ
2304 2906 2394 2958 τὸν
2440 2907 2611 2974 Λόγον
2647 2905 2920 2971 ἐξακοὺων
2945 2921 2959 2933 ο
3003 2905 3098 2956 καὶ
3167 2903 3298 2956 πότε
3341 2902 3454 2974 γὰρ
3492 2902 3647 2971 αὐτῷ

383 2987 488 3039 οὐκ
517 2981 584 3057 ἦν
615 2989 928 3058 ἡνωμένος;
961 2995 1009 3044 εἰ
1040 2992 1104 3064 δὴ
1153 2993 1322 3061 Λόγος
1354 2988 1421 3063 ἦν
1445 3036 1459 3061 ,
1527 2992 1712 3056 ἀῖδίως
1763 2993 1840 3065 (2)
1902 2993 2160 3065 ὑπάρχων
2190 2996 2247 3047 ὲν
2290 2995 2370 3064 τῷ
2402 2993 2541 3064 Θεῷ.
2584 2993 2708 3057 Πῶς
2745 2989 2836 3047 οὖν
2873 2992 2994 3046 τότε
3034 2993 3198 3063 φησὶν
3233 2994 3646 3063 ὑποταγήσεται

384 3079 463 3152 τῷ
498 3080 617 3153 Θεῷ
655 3082 750 3136 καὶ
785 3083 991 3154 Πατρίς

1015 3177 1165 3232 CAP.
1205 3177 1323 3233 XV.

389 3265 632 3332 Qualiter
684 3268 902 3334 dicitur,
952 3270 1126 3342 omnia
1167 3269 1310 3342 Filio
1342 3272 1702 3342 subjicientur.
1752 3282 1799 3328 et
1846 3273 1954 3342 ipse

915 3340 1228 3408 subjicietur
1258 3339 1434 3396 Patri.

455 3424 856 3481 advertendum
884 3439 967 3484 est
996 3445 1125 3484 vero
1163 3434 1431 3499 quomodo
1473 3433 1618 3488 dicat
1643 3432 1953 3500 Apostolus,

387 3517 570 3572 omnia
596 3519 892 3584 subjectum
935 3522 998 3574 iri
1026 3520 1162 3577 Filio
1192 3533 1287 3578 :et
1310 3525 1544 3592 qualiter
1583 3541 1677 3594 per
1711 3525 1954 3579 eamdem

389 3607 781 3676 subjectionem
843 3610 1240 3677 subjiciendum
1302 3611 1449 3665 Patri
1504 3612 1698 3666 Filium
1759 3613 1952 3666 dicat:

391 3695 680 3768 Postquam
723 3716 840 3754 vero
877 3702 1052 3755 omnia
1087 3704 1315 3772 subjecta
1361 3705 1439 3758 illi
1483 3705 1705 3772 fuerint,
1751 3715 1858 3756 tum
1905 3713 1954 3757 et

388 3790 500 3858 ipse
531 3787 705 3843 Filius
732 3791 1042 3858 subjicietur
1071 3793 1242 3858 Patri,
1272 3795 1361 3863 qui
1385 3795 1484 3860 ipsi
1515 3795 1727 3858 subjecit
1759 3796 1953 3847 omnia:

391 3888 449 3932 ut
494 3879 633 3933 Deus
683 3882 751 3933 sit
790 3883 964 3935 omnia
1009 3885 1060 3936 in
1096 3887 1334 3938 omnibus
1378 3885 1440 3938 “.
1478 3885 1628 3948 Illud,
1673 3885 1847 3937 omnia
1900 3886 1956 3937 in

390 3972 653 4034 omnibus,
683 3989 788 4026 non
815 3974 1082 4041 intelligit.
1107 3973 1224 4030 Non
1254 3978 1397 4030 enim
1423 3978 1518 4039 ait,
1543 3977 1709 4032 Deum
1742 3979 1792 4031 in
1818 3977 1956 4032 Filio

391 4059 631 4114 futurum
663 4065 862 4127 omnia,
913 4068 1006 4119 sed
1040 4066 1093 4118 in
1116 4069 1390 4132 omnibus;
1437 4070 1578 4137 quod
1609 4070 1778 4135 magis
1808 4069 1957 4123 vide-

392 4160 481 4206 tur
553 4154 896 4209 conlitionem
973 4162 1259 4226 quamdam
1326 4171 1380 4214 et
1436 4164 1954 4216 consummationem

387 4245 629 4299 omnium
681 4246 1006 4316 signiﬁcare,
1044 4249 1088 4302 si
1126 4251 1262 4304 Deus
1299 4252 1372 4304 sit
1417 4252 1627 4305 futurus
1671 4254 1851 4306 omnia
1901 4253 1955 4306 in

389 4337 641 4390 omnibus
667 4355 680 4390 :
707 4339 1094 4407 subjectinnem
1125 4355 1250 4393 vero
1274 4340 1393 4393 Filii
1424 4342 1676 4395 unionem
1704 4340 1955 4408 intelligit

394 4425 580 4491 Verbi,
611 4437 663 4483 et
695 4429 1104 4498 interpretatur,
1131 4436 1188 4494 >14
1214 4433 1303 4500 qui
1358 4447 1500 4484 unus
1538 4440 1594 4485 et
1641 4431 1780 4484 idem
1833 4446 1954 4483 cum

2693 3177 2851 3231 ΚΕΦ.
2893 3167 2996 3229 ῙΕ’.

2057 3267 2258 3335 Ὀπως
2287 3268 2512 3336 εἴρηται
2537 3265 2610 3320 τὰ
2654 3265 2850 3318 πάντα
2877 3263 3366 3334 ὑποταγήσεσθαι
3408 3263 3490 3328 τῷ
3532 3262 3646 3330 Υἱῷ

2127 3341 2226 3392 καὶ
2253 3335 2441 3392 αὐτὸν
2470 3335 2550 3401 τῷ
2586 3336 2789 3404 Πατρί.

2127 3431 2246 3502 Χρὴ
2276 3430 2330 3482 δὲ
2357 3429 2645 3500 ἐπιστῆσαι
2683 3427 2775 3480 τὸν
2804 3427 2955 3490 νοῦν,
2991 3426 3066 3489 ὼς
3095 3427 3188 3481 καὶ
3231 3425 3381 3496 αὑτῷ
3417 3425 3498 3496 τῷ
3525 3425 3646 3496 Υίῷ

2055 3523 2124 3578 τὰ
2168 3521 2343 3574 πάντα
2381 3519 2819 3590 ὑποταγήσεσθαι
2851 3521 2879 3572 ὁ
2916 3517 3232 3580 Ἀπόστολος
3262 3518 3388 3587 ἔφη,
3431 3517 3528 3570 καὶ
3566 3520 3642 3579 ὡς

2055 3618 2120 3684 τῇ
2149 3615 2283 3684 αὑτῇ
2313 3613 2678 3683 ὑποταγῇχαὶ
2701 3611 2860 3665 αὑτὸν
2890 3609 3329 3680 ὑποταγήσεσθαι
3351 3609 3430 3679 τῷ
3464 3610 3642 3680 Πατρὶ

2055 3706 2294 3758 διδάσκει
2322 3705 2514 3772 λέγων,
2544 3705 2720 3754 Ὅταν
2750 3701 2818 3755 δὲ
2840 3701 2910 3754 τὰ
2933 3699 3131 3754 πάντα
3157 3699 3316 3765 αὑτῷ
3339 3700 3638 3770 ὑποταγῇ,

2055 3797 2188 3848 τότε
2222 3793 2320 3847 καὶ
2353 3791 2535 3858 αὐτὸς
2567 3795 2600 3845 ό
2643 3789 2773 3856 Υἱὸς
2819 3790 3263 3859 ὑποταγήσεται
3304 3789 3386 3855 τῷ
3423 3791 3641 3845 ὑποτά-

2057 3885 2225 3950 ξαντι
2257 3883 2415 3950 αὐτῷ
2449 3884 2520 3937 τὰ
2550 3881 2772 3936 πάντα·
2807 3883 2906 3936 ἵνα
2931 3877 2972 3952 ᾗ
3003 3885 3036 3935 ό
3070 3881 3215 3947 Θεὸς
3240 3880 3312 3934 τὰ
3346 3881 3549 3936 πάντα
3572 3883 3642 3936 ἐν

2057 3977 2263 4031 πᾶσιν.
2290 3972 2419 4029 Εἶτα
2447 3973 2541 4027 τοῦ
2573 3975 2671 4045 μὲν
2702 3973 2896 4028 πάντα
2923 3974 2990 4027 ἐν
3005 3973 3196 4027 πᾶσιν
3217 3975 3316 4026 οὑκ
3343 3973 3558 4026 ἀκούει·
3577 3975 3638 4027 οὐ

2055 4069 2164 4139 γὰρ
2206 4070 2263 4120 ὲν
2305 4067 2382 4138 τῷ
2414 4067 2528 4137 ru};
2569 4083 2700 4137 φησι
2726 4066 2798 4120 τὰ
2835 4065 3028 4118 πάντα
3077 4066 3294 4120 ἔσεσθαι
3344 4067 3437 4119 τὸν
3481 4066 3637 4131 Θεὸν,

2057 4161 2170 4213 ἀλλ’
2201 4161 2272 4212 ἐν
2302 4158 2490 4213 πᾶσιν
2513 4176 2525 4187 ·
2581 4160 2718 4228 ὅπερ
2760 4159 2957 4228 μᾶλλον
3009 4157 3185 4221 ἔδοξεν
3224 4157 3290 4211 ἂν
3340 4161 3638 4228 συνάφειάν

2057 4269 2175 4305 τινα
2221 4253 2436 4305 πάντων
2484 4251 2579 4306 καὶ
2622 4248 2814 4303 ἕνωσιν
2853 4250 3176 4319 σημαίνειν,
3232 4251 3280 4303 εἰ
3326 4249 3509 4304 πάντα
3560 4252 3636 4318 (5)

2059 4343 2238 4414 μέλλοι
2289 4346 2318 4396 ὁ
2358 4343 2490 4406 Θεὸς
2535 4344 2591 4394 ἐν
2625 4343 2789 4394 πᾶσιν
2817 4337 2976 4394 εἶναι.
3011 4340 3122 4410 Τὴν
3161 4341 3204 4393 δ’
3235 4342 3520 4413 ὑποταγὴν
3545 4343 3638 4396 τοῦ

2055 4433 2186 4486 Υἱοῦ
2219 4434 2411 4486 ἕνωσιν
2441 4433 2731 4504 ἐρμηνεὺει
2759 4431 2852 4484 τοῦ
2901 4431 3096 4505 Λόγου,
3125 4431 3181 4483 ἓν
3212 4433 3302 4485 καὶ
3331 4434 3409 4502 (4)
3437 4435 3635 4486 ταύτὸν

388 4517 550 4573 Patre
575 4519 784 4574 futurus
818 4531 950 4583 erat,
998 4523 1071 4574 uti
1115 4534 1169 4576 et
1213 4524 1361 4591 prius
1398 4523 1593 4576 fuerat.
1626 4523 1776 4598 Quod
1807 4521 1852 4576 si
1878 4521 1949 4573 ita

2064 4527 2416 4598 γενησομένου
2454 4527 2532 4596 τῷ
2560 4526 2734 4596 Πατρὶ
2761 4524 2884 4578 καθ’
2917 4524 2953 4578 ἃ
2998 4526 3092 4577 καὶ
3123 4527 3390 4595 πρότερον
3435 4520 3528 4596 ἦν,
3562 4527 3637 4588 ὡς

385 4609 515 4663 velit
541 4609 933 4678 subiectionem
983 4611 1131 4666 Patri
1161 4629 1281 4667 esse
1311 4630 1430 4668 cum
1481 4614 1638 4667 Patre
1673 4613 1948 4675 unionem,

385 4705 694 4760 necessario
716 4714 770 4758 et
809 4705 895 4759 illa
941 4706 1180 4760 omnium
1223 4706 1486 4774 subjectio
1529 4705 1666 4758 Filio
1695 4707 1946 4758 unionem

385 4809 508 4848 cum
565 4795 704 4848 Filio
747 4797 977 4852 similem
1030 4798 1402 4867 significabit:
1437 4807 1494 4851 ut
1554 4812 1726 4864 neque
1780 4795 1948 4850 Filius

383 4887 561 4942 adhuc
593 4886 823 4954 amplius
843 4902 936 4956 per
964 4903 1024 4942 se
1048 4890 1122 4944 sit
1156 4911 1166 4944 :
1194 4890 1286 4943 sed
1320 4904 1418 4943 nec
1462 4887 1562 4957 ipsi
1609 4885 1945 4956 subjicienda

383 4976 760 5031 selvandorum
800 4978 1087 5032 multitudo
1113 4994 1209 5046 per
1235 4995 1292 5034 se
1327 4980 1609 5043 subsistat,
1654 4987 1747 5031 aut
1789 4993 1942 5030 suam

381 5068 652 5137 propriam
677 5068 846 5123 vitam
875 5069 1020 5148 vivat
1043 5088 1058 5125 :
1089 5070 1184 5126 sed
1212 5081 1270 5124 ut
1302 5070 1396 5124 ﬁat
1431 5069 1678 5126 conlusio
1706 5079 1758 5124 et
1786 5068 1946 5122 conli-

2053 4619 2213 4681 αὑτὸς
2238 4619 2360 4687 ἔφη.
2398 4619 2461 4670 Ei
2491 4617 2670 4672 τοίνυν
2702 4618 2894 4671 ἓνωσιν
2923 4613 3059 4670 εἶναι
3091 4617 3190 4686 τὴν
3225 4618 3509 4686 ὑποταγὴν
3539 4618 3636 4687 τὴν

2051 4705 2187 4776 πρὸς
2213 4706 2302 4759 τὸν
2327 4707 2546 4774 Πατέρα
2579 4705 2838 4775 ὁρίζεται,
2867 4705 3158 4758 ἀκόλουθον
3185 4703 3250 4757 ἂν
3296 4704 3382 4774 εἴη
3410 4705 3508 4759 καὶ
3540 4706 3634 4774 τὴν

2051 4798 2266 4851 πάντων
2293 4798 2426 4868 πρὸς
2451 4799 2542 4851 τὸν
2571 4799 2698 4852 Υἱὸν
2737 4797 3015 4868 ὑποταγὴν
3059 4796 3136 4866 (5)
3161 4797 3261 4865 τὴν
3294 4797 3467 4865 αὐτὴν
3499 4798 3634 4868 sctit:

2051 4889 2212 4940 αὑτὸν
2255 4889 2448 4941 ἕνωσιν
2491 4888 2774 4958 σημαίνειν
2797 4927 2812 4951 ,
2849 4887 2924 4950 ὡς
2975 4887 3165 4957 μηκέτ’
3201 4883 3339 4942 εἶναι
3373 4887 3468 4941 τὸν
3507 4888 3634 4940 Υἰδν

2050 4979 2172 5032 καθ’
2214 4981 2434 5043 ἑαυτὸν,
2467 4981 2603 5050 μηδὲ
2644 4979 2712 5032 τὰ
2756 4979 3210 5048 ὑποταγησόμενα
3261 4977 3412 5048 αὑτῷ
3452 4977 3635 5049 πλήθη

2049 5070 2157 5124 τῶν
2185 5070 2503 5142 σωζομένων
2541 5071 2674 5148 ἰδίαν
2707 5070 2966 5142 ζήσεσθαι
2999 5068 3142 5141 ζωὴν
3162 5107 3176 5132 ,
3212 5069 3546 5140 συναλοιφὴν
3575 5071 3634 5123 δέ

451 5250 511 5310 s11
537 5244 636 5300 Ed.
665 5241 1006 5317 Paris.,pag.
1045 5245 1168 5302 184.
1243 5245 1287 5276 ⁸⁸
1311 5244 1330 5300 ι
1357 5243 1560 5330 Τὴοεε.
1587 5259 1660 5310 tv,
1700 5241 1789 5310 {5,
1830 5241 1919 5298 ll).

2073 5243 2240 5300 lCor.
2278 5238 2470 5312 “,28.
2500 5248 2543 5280 ¹¹
2572 5247 2703 5304 ibid.

447 5443 560 5516 (98)
583 5444 691 5516 ΜΡ.
728 5445 962 5516 πρῶτον.

443 5513 560 5654 ἔξω)
583 5513 747 5585 vulgo
775 5513 912 5587 φησι
936 5518 1135 5581 συνείς.

446 5585 520 5654 7|)
555 5588 674 5637 0m.
730 5588 872 5654 vnlg.
907 5587 1135 5654 διαστρολ

471 5585 524 5664 |)_
555 5588 674 5637 0m.
730 5585 872 5664 vulg.
907 5587 1225 5662 διαστροφῇ,
1282 5590 1408 5648 hinc
1469 5589 1572 5662 Mp.
1627 5608 1716 5664 γρ.
1773 5609 1939 5664 συνη-

373 5652 490 5725 θείᾳ
513 5654 627 5725 lo_e_o
647 5652 892 5725 συνήθει.

443 5720 517 5793 β)
559 5720 727 5794 Vulso
757 5720 1017 5797 ὑπάρχων
1041 5723 1127 5798 ἦν.

2138 5452 2170 5505 5
2228 5452 2398 5521 Vulgo
2428 5452 2632 5524 μέλλει.

2113 5452 2194 5590 (4)
2215 5524 2440 5576 Ταὺτὸν
2453 5521 2880 5592 γενησομένου,
2908 5535 3103 5592 nempe
3125 5521 3323 5592 λόγου,
3337 5519 3409 5573 de
3423 5515 3626 5592 quod}.

2043 5585 2311 5670 xitluvulgo
2327 5585 2710 5670 γενησόμενον,
2733 5593 2889 5670 male.
3003 5585 3212 5670 {die};
3240 5591 3402 5670 vulgo
3432 5585 3550 5643 καθ’
3569 5585 3620 5670 ᾖ.

2115 5661 2365 5786 (5)“Thr
2416 5662 2610 5731 αὐτὴν
2671 5661 2820 5731 πρὸς
2883 5662 3092 5716 αὑτόν.
3167 5662 3381 5715 Mallem
3448 5661 3620 5712 τοιαύ-

2046 5749 2165 5786 την.
2208 5776 2220 5786 .
2263 5771 2276 5785 .
