3810 6218
115 301 269 358 1029

1039 299 1127 354 DE
1166 299 1702 358 ECCLESIASTICA
1741 296 2136 355 'i'ﬂEOLOGlA
2169 295 2299 352 LIB.
2340 295 2432 352 111.

3227 296 3367 354 1050

113 434 247 472 "uia
278 419 370 472 καὶ
402 418 662 489 σύγχυσιν
690 418 936 486 γίνεσθαι
973 419 1080 471 τῶν
1111 419 1268 483 δλων,
1305 419 1479 473 ἓνκαὶ
1509 420 1679 472 ταύτὸ·

1805 419 1879 472 tio
1909 419 1960 472 in
1993 431 2051 472 se
2072 415 2230 471 simul
2273 416 2510 471 omnium
2555 429 2719 468 :cum
2778 413 2946 470 Filius
2997 422 3054 470 et
3109 423 3370 486 quotquot

115 510 504 581 γενησομένων
537 509 629 562 τοῦ
652 510 780 562 Υίοῦ
811 512 905 563 καὶ
936 511 1044 562 τῶν
1071 509 1272 564 λοιπῶν
1298 511 1570 574 ἁπάντων,
1606 514 1700 564 καὶ

115 601 186 653 οὐ
213 600 393 670 μόνον,
413 599 547 654 ἀλλὰ
573 602 666 653 καὶ
681 599 844 654 αὐτοῦ
860 600 954 653 τοῦ
971 601 1102 654 Θεοῦ
1124 602 1177 671 (6
1182 620 1220 670 ).
1240 603 1302 654 El
1318 605 1426 674 γὰρ
1440 603 1507 656 τὰ
1526 602 1701 656 πάντα

115 691 205 762 τῷ
236 691 350 762 Υἱῷ
371 732 384 756 ,
420 693 448 745 6
473 692 528 745 δὲ
563 692 686 757 Υἱὸς
720 691 798 763 τῷ
832 694 1002 764 Πατρὶ
1026 733 1040 755 ,
1082 695 1139 746 ὲν
1176 693 1254 763 τῷ
1302 693 1699 747 ὑποτάσσεσθαι

117 782 360 846 ἑνοῦται,
378 784 480 854 ὅρα
507 783 560 835 τί
583 800 646 835 συ
655 783 866 853 μὸαίνει
900 785 963 836 ὲκ
987 783 1080 836 τοῦ
1103 784 1283 852 λόγου.
1330 784 1488 844 Ἀλλ’,
1513 784 1700 855 ῶσπερ

116 874 224 942 οὐχ
257 872 446 926 ἕνωσιν
474 877 502 926 ό
539 873 856 938 ’Δπόστολος
871 873 1060 944 ἐδήλου
1087 873 1698 943 λέγων,”Υποταγήο·ε-

117 964 268 1016 σθαι
299 960 376 1026 τῷ
433 960 541 1028 Υίῷ
581 962 654 1016 τὰ
704 963 932 1026 πάντα,
967 964 1100 1017 ἀλλὰ
1130 965 1227 1034 τὴν
1259 964 1318 1030 ὲξ
1351 964 1696 1017 αὐθεκουσίου

117 1055 499 1126 προαιρέσεως
529 1055 773 1126 ὑπακοὴν
805 1057 897 1109 καὶ
929 1056 1024 1127 τὴν
1054 1055 1208 1122 δόξαν
1242 1058 1335 1109 καὶ
1371 1055 1468 1127 τὴν
1511 1056 1696 1126 τιμὴν,

117 1145 193 1215 ἢν
225 1143 495 1198 ἀποδώσει
523 1146 670 1217 αὐτῷ
699 1146 766 1199 τὰ
800 1148 995 1208 πάντα,
1036 1141 1122 1198 οἷα
1152 1147 1384 1217 Σωτῆρι,
1413 1147 1508 1199 καὶ
1550 1146 1700 1215 βασι-

117 1235 209 1288 λεῖ
236 1235 342 1288 τῶν
371 1235 502 1288 ὅλων
518 1253 532 1265 ’
549 1236 638 1289 τὸν
661 1238 819 1290 αὐτὸν
834 1237 1032 1309 τρόπον
1057 1236 1225 1290 καὶτὸ
1251 1237 1410 1290 αὐτὸν
1429 1237 1700 1306 ὑποταγή-

122 1328 317 1380 σεσθαι
351 1328 426 1398 τῷ
456 1329 627 1400 Πατρὶ
649 1330 799 1382 οὐδὲν
815 1331 996 1402 ἕτερον
1023 1332 1383 1402 (7),σημαίνοι
1414 1332 1498 1391 ἂν,
1539 1329 1570 1401 ἦ
1599 1333 1697 1400 τὴν

117 1419 284 1485 δόξαν
297 1421 390 1472 καὶ
404 1419 501 1491 τὴν
514 1421 674 1491 τιμὴν
693 1422 852 1473 καὶτὸ
868 1422 1028 1485 σέϐας
1042 1425 1137 1493 τήν
1149 1441 1206 1474 τε
1229 1423 1696 1493 μεγαλοπρέπειαν

115 1513 226 1580 τήν
245 1528 304 1563 τε
331 1509 680 1565 αὐθεκούσιον
701 1512 966 1583 ὑπακοὴν,
996 1515 1062 1583 ἣν
1101 1515 1195 1566 καὶ
1239 1513 1398 1575 αὐτὸς
1429 1511 1695 1566 ἀποδώσει

112 1602 200 1672 τῷ
221 1602 340 1672 Θεῷ
371 1601 467 1654 καὶ
494 1602 669 1673 Πατρὶ
689 1644 704 1667 ,
753 1603 969 1656 ἐπειδὰν
1002 1605 1127 1666 τοὺς
1151 1605 1355 1666 πάντας
1387 1603 1568 1667 ἀξίους
1599 1602 1696 1672 τῆς

114 1696 396 1766 πατρικῆς
417 1695 668 1764 θεότητος
688 1689 822 1747 εἶναι
845 1695 1255 1764 παρασκευάσῃ.
1276 1694 1424 1755 Τέως
1443 1693 1540 1763 μὲν
1564 1691 1691 1759 γὰρ,

109 1783 193 1846 ὡς
223 1785 310 1836 ὅτε
342 1785 440 1838 οὐκ
469 1783 605 1847 ἄξιοι
631 1782 830 1853 ταύτης
870 1783 992 1846 εἰσὶ,
1041 1782 1324 1853 προλαϐὼν
1375 1780 1553 1843 αὐτὸς,
1605 1774 1693 1832 οἷά
1726 1766 1765 1820 Β

114 1889 206 1933 et;
238 1873 414 1936 κοινὸς
442 1873 697 1925 ἁπάντων
737 1871 946 1942 Σωτὴρ,
979 1871 1331 1941 διορθωτικὴν
1355 1870 1460 1923 τῶν
1490 1867 1690 1922 ἀτελῶν

115 1966 215 2018 καί
250 1966 652 2036 θεραπευτικὴν
667 1964 772 2018 τῶν
790 1964 1077 2035 θεραπείας
1117 1965 1384 2034 δεομένων
1418 1961 1691 2032 βασιλείαν

110 2058 413 2128 βασιλεύει,
464 2059 588 2120 τοὺς
632 2058 731 2124 τὴς
769 2057 1042 2125 βασιλείας
1077 2056 1306 2128 ἐχθροὺς
1332 2057 1556 2125 ὑπάγων
1581 2061 1692 2121 τοῖς

105 2149 283 2202 αὐτοῦ
333 2149 516 2202 ποσίν
555 2148 584 2200 ὃ
627 2149 691 2219 δὴ
737 2149 1062 2219 παρίστησιν
1109 2149 1136 2199 6
1182 2149 1405 2216 φάσκων
1440 2149 1688 2218 Ψαλμὸς,

104 2237 304 2294 Εἶπεν
337 2243 369 2293 ὀ
397 2241 611 2306 Κύριος
635 2237 715 2302 τῷ
746 2239 940 2306 Κυρίῳ
961 2256 1079 2305 μου
1100 2277 1114 2301 ,
1146 2237 1340 2291 Κάθου
1376 2239 1444 2290 ἐκ
1479 2237 1692 2301 δεξιῶν

97 2347 253 2399 ⁴μου,
285 2329 397 2394 ἕως
428 2324 612 2384 ἀν’θω
633 2329 775 2392 τοὺς
795 2329 1044 2396 ἐχθρούς
1075 2346 1190 2382 σου
1219 2328 1550 2382 ὑποπόδιον
1573 2328 1691 2381 τῶν

103 2421 318 2476 ποδῶν
344 2437 480 2486 σου,
520 2421 607 2473 ὅτε
641 2420 766 2482 τοὺς
796 2420 894 2488 μὲν
922 2420 1148 2490 ἐχθροὺς
1178 2421 1283 2473 ὑπὸ
1312 2420 1479 2482 πόδας
1519 2419 1685 2484 θέσει,

98 2515 240 2576 τοὺς
269 2512 327 2566 δὲ
355 2513 454 2582 τῆς
484 2511 648 2564 αὐτοῦ
698 2511 968 2580 βασιλείας
1015 2512 1196 2576 ἀξίους
1249 2515 1306 2565 ἐν
1351 2511 1687 2581 ἀτελευτήτῳ

101 2604 226 2675 ζωῇ
261 2606 608 2676 καταστήσει.
645 2603 955 2673 Τηνικαῦτα
990 2604 1099 2675 γὰρ
1151 2603 1241 2656 καὶ⁸
1275 2602 1350 2675 (8)
1397 2605 1424 2656 ὁ
1473 2603 1688 2658 πάντων

102 2695 310 2766 ἐχθρὸς
361 2695 586 2758 θάνατος
623 2695 845 2765 ἔσχατος
890 2696 1404 2767 καταργηθήσεται⁹
1465 2695 1688 2766 μηδενὸς

99 2787 220 2858 γὰρ
262 2787 581 2858 θνήσκοντος
624 2788 735 2850 ἔτι,
775 2788 833 2840 ὲν
865 2787 1067 2858 αἰωνίῳ
1115 2786 1170 2839 δὲ
1213 2786 1323 2856 ζωῇ
1372 2785 1687 2858 ζησομένων

99 2879 232 2930 τότε
260 2878 369 2932 τῶν
401 2879 498 2948 τῆς
527 2878 796 2948 βασιλείας
831 2878 1016 2943 ἀξίων,
1046 2878 1136 2930 τὸν
1170 2878 1398 2932 θάνατον
1426 2881 1686 2950 ἀργήσειν

103 2969 291 3032 εἰκὸς,
325 2970 514 3040 μηκέτ’
569 2969 760 3039 ἔχοντα
791 2969 882 3032 οὓς
925 2968 1282 3022 θανατώσειεν
1324 2970 1421 3036 (9).
1457 2965 1558 3022 Ὧν
1585 2963 1686 3022 ὧδε

1802 519 1926 564 sunt
1948 508 2112 562 futuri
2144 507 2410 570 homines,
2450 522 2612 560 uiiuin
2651 506 2818 561 futuri
2857 507 2965 560 sint
3009 515 3169 574 alque
3199 507 3366 572 idem,

1802 618 1901 656 nec
1924 617 2111 656 eorum
2150 599 2520 654 tantummodo
2548 599 2598 652 in
2625 613 2826 663 unum;
2860 599 2953 652 sed
2991 607 3046 652 et
3079 597 3170 651 Dei
3208 598 3366 652 simul

1800 693 1978 746 lutura
2011 693 2078 747 sil
2121 692 2358 747 coalitio.
2402 691 2479 744 lia
2521 692 2664 744 enim
2697 703 2916 743 necesse
2952 697 3056 754 est,
3099 689 3366 757 siquidem

1801 787 1982 840 omnia
2037 785 2204 848 Filio,
2275 784 2442 837 Filius
2491 793 2668 836 autem
2706 782 2875 845 Patri,
2932 781 2986 835 iii
3027 782 3366 850 subjicienda

1801 880 2057 932 uniatitur
2098 896 2112 932 :
2151 878 2249 932 hoc
2289 878 2433 932 etiim
2475 875 2542 930 de
2583 876 2770 946 positis
2819 886 3198 942 conseqm‘tur.
3259 873 3366 930 Sed

1801 968 2256 1036 quemadmodum
2295 969 2548 1020 unionem
2593 983 2697 1018 non
2749 967 3008 1019 indicavit
3053 966 3362 1032 Apostolus,

1802 1059 2068 1126 inquiens,
2119 1058 2307 1110 Omnia
2350 1056 2493 1110 Filio
2537 1056 2901 1125 subjicientur.
2958 1055 3062 1111 Sed
3112 1057 3368 1109 obedien-

1803 1151 1925 1203 tiam
1966 1151 2131 1202 voluit
2164 1151 2229 1204 de
2255 1152 2420 1204 libera
2452 1151 2830 1218 procedentem
2862 1150 3132 1204 voluntate
3165 1158 3220 1204 et
3253 1148 3364 1218 glo-

1801 1242 1932 1293 riam
1963 1250 2016 1293 et
2040 1242 2319 1303 honorem,
2351 1256 2508 1307 quem
2538 1240 2910 1294 referebantci
2936 1241 3137 1304 omnia,
3175 1251 3363 1308 utpote

1799 1330 2073 1383 Servatori
2111 1341 2163 1385 et
2192 1335 2301 1399 regi
2328 1333 2563 1384 omnium
2601 1332 2704 1387 :ad
2731 1333 2977 1385 eumdem
3023 1333 3274 1396 modum,
3308 1341 3363 1386 et

1799 1423 1944 1476 illiilli
1973 1422 2271 1489 subjectum
2321 1423 2384 1476 iri
2418 1423 2560 1476 Patri
2597 1439 2693 1477 suo
2720 1424 2852 1478 nihil
2881 1424 3026 1476 aliud
3067 1425 3358 1494 signiﬁcat,

1797 1529 1954 1582 quam
1980 1514 2202 1584 gloriam
2237 1525 2289 1568 et
2323 1515 2581 1570 honorem
2621 1529 2674 1570 et
2701 1519 3130 1580 venerationem,
3160 1527 3214 1571 et
3247 1533 3363 1570 ina-

1798 1608 2188 1675 gnilii-entiain,
2245 1617 2299 1661 et
2330 1607 2682 1661 voluntariam
2729 1609 3137 1675 sobjectionein,
3198 1623 3358 1678 quam

1800 1699 2104 1752 redditurus
2137 1707 2222 1753 est
2272 1699 2384 1766 ipse
2428 1701 2535 1753 Deo
2572 1709 2624 1753 et
2676 1699 2855 1762 Patri,
2908 1715 3028 1753 cuin
3083 1701 3361 1754 universos

1793 1785 2030 1840 effecerit
2063 1788 2252 1856 dignos
2285 1788 2567 1842 divinitate
2599 1804 2694 1842 sua
2727 1800 2967 1854 paterna.
3009 1787 3186 1857 Usque
3215 1790 3357 1842 enim

1794 1880 1917 1931 dum
1953 1879 2109 1945 hujus
2148 1895 2252 1931 non
2288 1889 2413 1933 sunt
2442 1881 2618 1948 digni,
2661 1882 2958 1949 aiiiicipans
2993 1881 3144 1949 ipse;
3191 1880 3358 1934 veluti

1793 1971 2095 2023 communis
2125 1971 2343 2038 quidam
2371 1972 2609 2023 omnium
2642 1971 2915 2032 Servatur.
2943 1988 3162 2040 regnum
3188 1973 3357 2025 admi-

1793 2059 2010 2125 nistrat,
2045 2074 2151 2128 quo
2192 2061 2490 2129 imperfecti
2534 2072 2976 2117 consummentur
3001 2074 3054 2116 et
3081 2063 3357 2118 curatione

1793 2148 2094 2219 indigentes
2127 2163 2412 2216 curentur,
2459 2152 2754 2218 subjiciens
2804 2155 2904 2207 sub
2963 2153 3191 2222 pedibus
3242 2154 3356 2208 suis

1792 2239 1973 2292 hostes
2003 2239 2156 2294 istius
2184 2243 2332 2310 regni
2370 2242 2471 2294 sui.
2501 2242 2653 2308 Quod
2684 2254 2736 2296 et
2781 2243 3028 2298 Psalmus
3077 2244 3356 2312 indicavit,

1791 2327 2035 2396 inquiens
2055 2328 2226 2386 .Dixi’t
2254 2329 2508 2383 Dominus
2539 2331 2760 2384 Domino
2789 2350 2920 2398 meo,
2950 2332 3079 2388 Sede
3099 2351 3130 2386 α
3159 2335 3357 2389 dextris

1790 2420 1949 2483 meis,
1987 2421 2146 2474 donec
2184 2438 2403 2489 posuero
2437 2424 2672 2477 inimicos
2706 2436 2819 2477 tuos
2848 2426 3132 2478 scabellum
3170 2427 3358 2494 pedum

1792 2519 2001 2561 tuorum
2036 2511 2098 2562 ¹³.
2137 2510 2362 2578 Quando
2397 2513 2646 2568 inimicos
2673 2516 2943 2582 positurus
2974 2528 3058 2571 est
3083 2528 3180 2572 sub
3207 2508 3358 2588 pedi—

1790 2597 1890 2652 bus
1915 2592 2068 2653 suis:
2101 2617 2197 2655 suo
2219 2613 2399 2655 autem
2431 2618 2597 2671 regno
2625 2604 2837 2673 dignos,
2880 2606 2932 2660 in
2965 2611 3073 2661 vita
3103 2609 3356 2665 intermi-

1789 2689 1955 2742 nabili
2011 2692 2409 2745 constitiiturus
2443 2711 2454 2744 :
2491 2703 2601 2746 tum
2632 2704 2682 2748 et
2732 2696 2972 2749 omnium
3014 2698 3354 2752 inimicorum

1789 2795 1937 2834 mors
1983 2791 2286 2849 postremus
2327 2783 2662 2852 sulijicietur.
2718 2783 2851 2839 Cum
2884 2788 3025 2840 enini
3074 2803 3231 2842 nemo
3287 2791 3358 2844 sit

1787 2871 2040 2940 deinceps
2091 2874 2408 2936 ruoriturus,
2445 2876 2540 2928 sed
2584 2876 2636 2928 in
2677 2877 2784 2930 vita
2822 2877 3207 2934 interniinabili
3240 2895 3357 2935 oni-

1789 2978 1886 3017 nes
1926 2963 2144 3027 victuri,
2183 2975 2290 3016 tum
2338 2976 2565 3019 mortem
2620 2968 2842 3022 omnino
2885 2969 3202 3024 abolendam
3228 3014 3243 3039 ,
3296 2973 3351 3026 in

102 3059 593 3127 εὐτρεπισθέντων,
610 3059 687 3130 τῷ
708 3059 821 3129 Υίῷ
843 3057 933 3111 τοῦ
955 3057 1088 3111 Θεοῦ
1121 3060 1384 3130 σωτήριον
1411 3059 1679 3130 ὑποταγὴν

1790 3054 1964 3124 dignis
1991 3055 2078 3110 illo
2107 3071 2295 3125 regno,
2324 3069 2474 3111 recte
2513 3059 2617 3113 dici
2660 3059 2893 3124 videtur,
2925 3077 3046 3115 cum
3087 3079 3244 3117 nemo
3281 3067 3356 3120 sit

103 3150 312 3211 πάντες
331 3152 378 3202 οί
395 3149 538 3218 ἅγιοι
557 3151 1006 3219 ὐποταγήσονται,
1026 3149 1174 3222 αὐτῷ
1192 3149 1302 3220 ζωῇ
1327 3149 1424 3219 μὲν
1446 3150 1560 3204 ὄντι
1587 3150 1683 3222 ζη-

104 3240 327 3312 σόμενοι
348 3241 596 3304 αἰωνίως·
619 3243 778 3313 σοφίᾳ
813 3243 868 3295 δὲ
890 3242 1021 3304 δντι,
1041 3243 1194 3310 σοφοὶ
1222 3243 1516 3312 γενόμενοι·
1542 3242 1683 3313 λόγῳ

100 3331 163 3384 δὲ
202 3331 350 3396 δντι,
400 3331 568 3401 λόγιοι
615 3334 1090 3404 ἁπεργασθέντες·
1133 3333 1273 3387 οὑτω
1305 3333 1361 3385 δὲ
1403 3335 1498 3387 καὶ
1543 3336 1679 3406 Χρι-

104 3423 226 3476 στοὶ
245 3424 585 3494 γενήσονται,
605 3426 872 3496 πνεύματι
892 3425 990 3495 τῆς
1006 3425 1169 3478 αὐτοῦ
1187 3426 1412 3488 εὐωδίας
1434 3425 1684 3496 χρισθέν-

100 3528 198 3574 τες
221 3528 235 3541 ·
272 3513 554 3582 φωστῆρες
576 3530 635 3565 τε
666 3513 1138 3585 ἀναδειχθήσονται
1177 3513 1271 3566 τοῦ
1305 3514 1424 3568 νέου
1465 3514 1676 3578 αἰῶνος

102 3599 167 3664 ἐξ
184 3601 350 3654 αὐτοῦ
377 3601 445 3654 τὰ
467 3602 620 3670 φῶτα
641 3603 873 3674 χορηγοὺ
883 3621 1032 3674 μενοι
1053 3605 1146 3658 καὶ
1171 3606 1276 3657 υἱοὶ
1301 3605 1357 3657 δὲ
1379 3604 1513 3658 Θεοῦ
1539 3605 1682 3658 ἔσον-

101 3713 218 3757 ται,
253 3694 332 3764 τῷ
372 3696 470 3765 τῆς
506 3695 777 3760 υἱοθεσίας
816 3695 1086 3765 πνεύματι
1133 3696 1534 3766 κοσμηθέντες,
1585 3697 1679 3750 καὶ

100 3786 215 3839 τῶν
246 3786 446 3840 λοιπῶν
476 3788 534 3838 ὲν
566 3785 711 3855 αὐτῴ
753 3787 1032 3856 δυνάμεων
1063 3787 1406 3857 μεθέξουσιν,
1442 3787 1490 3838 οἱ
1529 3787 1678 3858 αὐτῷ

103 3879 610 3948 ὑποταγησόμενοι,
645 3879 720 3942 ὡς
765 3879 859 3932 καὶ
888 3878 1130 3941 δικαίους
1175 3877 1426 3948 γενέσθαι
1468 3880 1532 3930 ὲκ
1579 3879 1679 3948 τῆς

100 3971 274 4023 αὐτοῦ
307 3970 670 4042 δικαιοσύνης,
704 3973 798 4025 καὶ
839 3971 1026 4038 ἁγίους
1068 3972 1132 4024 ὲκ
1175 3973 1274 4042 τῆς
1323 3970 1482 4023 αὑτοῦ
1511 3972 1677 4038 ἁγιω-

103 4061 294 4131 σύνης.
335 4061 486 4114 Ἐπεὶ
509 4061 564 4113 δὲ
591 4064 685 4115 καὶ
705 4062 835 4126 Θεὸς
862 4057 929 4133 ἦν
957 4063 984 4114 6
1009 4061 1198 4128 Λόγος,
1227 4059 1346 4112 οὐδὲ
1369 4059 1468 4129 τῆς
1497 4058 1678 4132 θεότησ

99 4167 193 4213 τος
220 4151 403 4212 αὐτοῖς
433 4149 705 4220 φθονήσει·
734 4149 874 4203 ὥστε
900 4149 1263 4220 ἐπαληθεῦσαι
1284 4150 1373 4202 τὸν
1415 4148 1674 4201 Ἀπόστο-

97 4239 214 4301 λον,
241 4241 667 4308 Κληρονόμους
701 4240 818 4309 μὲν
849 4240 1015 4304 Θεοῦ,
1041 4237 1574 4309 συγκληρονόμους
1608 4237 1676 4292 δὲ

97 4329 360 4399 λριστοῦ
406 4330 728 4401 γενήσεσθαι
765 4330 890 4393 τοὺς
923 4331 1109 4398 ἁγίους
1142 4330 1499 4400 προφήσαντα
1539 4328 1670 4399 (10).

1786 3146 2003 3201 futurus
2057 3164 2218 3218 quem
2258 3150 2456 3205 alliciat
2485 3163 2672 3207 morte.
2712 3154 2916 3220 Quibus
2950 3156 3015 3209 ad
3053 3157 3196 3210 hunc
3235 3173 3354 3211 mo-

1783 3239 1908 3292 dum
1960 3241 2250 3310 adaptatis,
2293 3243 2428 3297 Filio
2459 3245 2672 3312 quidem
2705 3246 2798 3300 Dei
2841 3249 3011 3301 sancti
3039 3264 3227 3303 omnes
3256 3264 3354 3318 per

1783 3333 2074 3389 salutarem
2121 3335 2503 3403 subjectiouem
2553 3337 2927 3406 subjicientur,
2994 3352 3261 3409 quatenus
3304 3342 3351 3396 is

1781 3427 1890 3479 vita
1910 3436 2010 3492 est,
2035 3429 2200 3481 vitam
2228 3429 2282 3481 in
2313 3444 2377 3484 eo
2406 3430 2596 3484 victuri
2644 3430 3002 3485 immortalem
3033 3449 3048 3484 :
3081 3440 3352 3502 quatenus

1781 3521 2067 3588 sapientia,
2110 3521 2380 3590 sapientes
2435 3521 2648 3576 futuri:
2680 3523 2830 3592 logos
2885 3532 3174 3592 quatenus,
3224 3523 3350 3594 logo

1781 3610 2111 3677 perﬁciendi,
2157 3621 2211 3664 et
2239 3610 2486 3667 Christus
2517 3623 2810 3681 quatenus,
2844 3615 3010 3669 odore
3038 3615 3158 3684 ejus
3206 3615 3349 3670 bono

1781 3701 2088 3769 inuiigendi.
2130 3702 2442 3757 Luminaria
2483 3705 2909 3771 designabuntur
2945 3706 3070 3759 novi
3121 3705 3303 3760 saeculi
3329 3748 3346 3772 ,

1784 3795 1842 3852 ὦ
1870 3793 2062 3859 quibus
2087 3793 2172 3846 lux
2198 3795 2264 3849 ab
2297 3795 2386 3849 illo
2409 3795 2853 3864 suppeditabitur.
2894 3796 3014 3850 Filii
3041 3798 3131 3851 Dei
3178 3797 3347 3854 futuri

1779 3879 2055 3937 ﬁliationis
2078 3884 2269 3952 spiritu
2300 3885 2416 3953 ejus
2451 3884 2694 3938 adornati
2727 3895 2780 3939 et
2816 3888 3034 3941 exculti.
3067 3889 3346 3954 Quomodo

1777 3969 1869 4037 qui
1915 3970 1988 4022 illi
2042 3979 2168 4025 sunt
2223 3972 2540 4039 subjiciendi
2587 3989 2808 4041 omnes,
2856 3973 3176 4030 facultatum
3228 3977 3346 4045 ejus

1777 4066 2091 4112 caeteraruin
2146 4061 2435 4129 participes
2492 4061 2641 4118 ﬁent.
2700 4061 2832 4115 Nam
2890 4073 2943 4118 et
2993 4063 3123 4132 justi
3180 4065 3343 4119 futuri

1777 4161 1923 4217 sunt,
1956 4152 2020 4205 de
2043 4150 2252 4220 justitia
2289 4153 2439 4222 ejus:
2476 4167 2529 4210 et
2553 4157 2620 4212 de
2647 4157 2935 4212 sanctitate
2973 4159 3115 4213 illius
3145 4160 3341 4213 sancti.

1779 4239 1883 4295 Sed
1918 4258 2089 4312 neque
2137 4245 2567 4314 quandoquidem
2619 4246 2760 4302 Deus
2806 4256 2924 4301 erat
2976 4248 3250 4314 Verbum,
3288 4261 3346 4302 et

1777 4331 2028 4384 deitatem
2077 4347 2229 4386 suam
2273 4333 2340 4386 iis
2380 4335 2635 4388 invidebit
2673 4353 2687 4388 :
2738 4344 2796 4388 ut.
2845 4349 2969 4390 vere
3015 4337 3226 4390 locutus
3271 4337 3344 4390 sit

96 4421 209 4474 Ναὶ
250 4419 357 4491 μὴν
400 4422 494 4474 καὶ
545 4421 788 4492 σώμασιν
832 4421 1135 4491 οὐρανίοις,
1168 4419 1301 4492 ἡλίῳ
1333 4420 1428 4473 καὶ
1475 4419 1668 4492 σελήνῃ

1790 4420 2080 4490 \poslolus,
2109 4421 2359 4477 [heredes
2390 4424 2509 4491 Dei,
2543 4428 2835 4480 cohwredes
2874 4439 3043 4480 autem
3079 4425 3274 4480 Christi
3296 4427 3342 4458 “

95 4513 194 4565 καὶ
235 4511 455 4582 ἄστροις
489 4514 779 4584 χρήσονται
814 4511 1231 4584 παραπλησίοις,
1280 4511 1372 4564 καὶ
1411 4515 1468 4565 ὲν
1500 4512 1672 4582 τούτῳ

92 4605 196 4673 τῆς
227 4603 393 4656 αὐτοῦ
429 4605 856 4674 μεταληψόμενοι
881 4604 1057 4674 δόξης.
1094 4605 1158 4656 Ὃ
1190 4603 1254 4673 δὴ
1297 4602 1406 4673 (Η)
1435 4605 1672 4674 παρίστη

90 4694 261 4756 αὐτὸς
303 4695 502 4764 φήσας,
540 4695 608 4759 ἐξ
651 4691 722 4749 οὗ
773 4695 870 4748 καὶ
917 4692 1160 4761 Σωτῆρα
1203 4694 1671 4764 ἀπεκδεχόμεθα,

92 4787 322 4852 Κύριον
382 4786 625 4853 Ἰησοῦν
675 4790 933 4857 Χριστὸν
969 4788 1036 4855 ὃς
1069 4787 1562 4857 μετασχηματίζει
1602 4788 1670 4840 τὸ

85 4875 273 4946 σῶμα
302 4875 410 4945 τῆς
442 4878 850 4946 ταπεινώσεως
874 4879 1041 4949 ἡμῶν
1057 4880 1190 4950 (12),
1210 4881 1569 4948 σύμμορφον
1585 4877 1671 4945 τῷ

173 5037 235 5096 ὦ
275 5033 372 5088 Ed.
403 5033 600 5103 Paris.,
628 5050 751 5106 pag.
785 5036 906 5094 185.
986 5035 1029 5067 ’³
1053 5034 1198 5090 Psal.
1229 5049 1338 5098 crit,
1369 5033 1423 5088 1.

166 5232 246 5304 (6)
281 5232 448 5304 yiilgo
475 5235 524 5287 εί
559 5234 678 5303 μέν.

164 5301 243 5373 (7)
281 5301 445 5385 vulgo
469 5301 746 5375 σημαίνει,
768 5316 822 5361 et
843 5321 963 5362 mox
993 5311 1186 5379 μεγαλ.
1221 5313 1314 5366 καὶ
1333 5313 1431 5385 τὴν
1465 5315 1656 5368 αὐθεκ.

85 5373 394 5444 ὑπσταγήν.

163 5446 243 5522 (8)
281 5440 340 5494 Ὁ
367 5440 610 5522 πόντιον
632 5445 883 5522 Δἐζκθρός.
917 5447 1198 5522 Legerem,
1233 5452 1534 5522 τηνικαῦτα
1563 5457 1658 5509 καὶ

83 5519 116 5570 ὁ
141 5516 372 5601 πέντεὲ
396 5513 878 5601 ἔχ’θρῷνηθάνιατος,
895 5513 1023 5601 ἐισί
1035 5519 1104 5601 δε.

164 5531 364 5596 saw":ko
396 5531 603 5638 εέιὲων
630 5531 878 5595 οανατος,
905 5531 1010 5572 etc.
1035 5531 1104 5572 Μ.

164 5585 242 5673 <9)
263 5584 397 5673 1;”?
421 5669 438 5673 ε
513 5582 704 5673 είὲηξ,
722 5586 1030 5673 ¹εέεοιιέηηυτ
1053 5586 1245 5673 Stet"?
1273 5593 1531 5673 ἰκριςῖοὶ
1561 5612 1654 5662 γε·

84 5656 347 5728 νήσονται
378 5669 484 5710 non
516 5657 817 5730 γενήσοντι.
865 5656 1037 5713 Erunt
1070 5659 1144 5714 illi
1177 5656 1386 5718 christi.
1420 5663 1489 5721 Μ.

1778 4511 1986 4566 futuros
2011 4528 2124 4574 eos.
2157 4514 2260 4568 Sed
2289 4526 2342 4569 et
2381 4532 2606 4585 corpora
2648 4534 2743 4572 sua
2778 4519 3083 4572 aeternitate
3115 4520 3340 4587 praedita

1779 4605 1898 4669 soli,
1931 4603 2069 4657 lunae
2097 4605 2152 4658 et
2178 4606 2446 4660 sideribus
2479 4608 2676 4661 similia
2709 4611 3074 4662 coruscabuut
3099 4626 3113 4661 :
3143 4624 3247 4676 quo
3287 4621 3343 4662 et

1779 4696 1833 4748 in
1879 4694 1995 4762 ipso
2039 4693 2155 4762 ejus
2199 4696 2380 4764 gloriae
2438 4699 2856 4768 participabunt.
2899 4699 3050 4764 Quod
3093 4710 3148 4752 et
3196 4698 3337 4752 idem

1776 4781 1959 4834 docuit
1995 4783 2164 4844 aiens,
2210 4781 2356 4836 Unde
2397 4794 2444 4836 et
2482 4782 2806 4838 Servatorem
2847 4797 3202 4852 exspectamus
3246 4785 3340 4839 Je-

1776 4887 1890 4925 sum
1919 4869 2219 4939 Christum,
2244 4875 2332 4944 qui
2363 4875 2756 4943 transformabit
2794 4890 2980 4943 corpus
3025 4877 3338 4930 humilitatis

1499 5034 1544 5064 "
1580 5031 1737 5087 Rom.
1777 5047 1868 5088 vui
1891 5073 1907 5100 ,
1939 5032 2007 5086 17

1834 5243 1946 5314 (l0)
1972 5242 2084 5297 Ναὶ
2113 5241 2373 5314 μὴνίκαὶ
2403 5239 2677 5312 σώμασιν
2708 5243 3048 5314 οὐρανίοις.
3073 5241 3145 5314 De
3177 5241 3337 5295 clari-

1767 5313 1876 5368 tate
1907 5329 2193 5382 corporum
2218 5313 2641 5379 glorilicatoruin
2672 5314 2926 5378 intelligit
2952 5331 2967 5366 :
3003 5313 3088 5364 tibi
3111 5315 3333 5378 quidam

1765 5394 1822 5436 ut
1847 5383 1949 5447 sol,
1989 5383 2080 5435 alii
2116 5392 2172 5434 ut
2197 5383 2346 5443 luna,
2381 5384 2690 5436 radiabunt.
2733 5383 2896 5436 Stella
2928 5382 3071 5436 eniin
3110 5397 3139 5434 a
3175 5382 3334 5435 stella

1762 5453 1961 5513 differt.
1984 5462 2038 5505 et
2060 5453 2138 5505 sic
2159 5462 2244 5504 est
2269 5453 2596 5507 resurrectio
2620 5464 2979 5507 mortuorum.
3022 5449 3094 5504 Μ.
3117 5479 3188 5490 -
3218 5450 3350 5520 ΜΡ..

1759 5522 1891 5585 νίοις
1921 5525 2036 5591 loco
2057 5520 2346 5591 οὐρανίοις.

1831 5595 1878 5658 (1
1896 5591 1944 5662 1)
1970 5587 2144 5662 Vulgo
2166 5590 2224 5642 δὲ
2242 5591 2513 5662 παρίστας
2549 5590 2973 5662 (παρίστηΜυ.)
2991 5587 3134 5662 [καὶ]
3172 5589 3334 5662 αὑτός

1759 5659 2071 5741 φησιν’(ᾕμε
2113 5661 2311 5731 φήσας)
2327 5659 2537 5741 ειβηιυιι
2560 5659 2945 5741 νηίμυ-Ιςὺριον
2963 5659 3100 5741 [fore]
3119 5659 3268 5741 im}
3279 5677 3330 5728 ρ.

1828 5730 1938 5803 (l2)
1972 5730 2328 5801 Σύμμορφον
2350 5730 2426 5796 τῷ
2447 5731 2689 5801 σώματι.
2715 5730 2864 5786 Adde
2886 5730 3159 5798 γενέσθαι.
3201 5730 3274 5784 M.
