3810 6218
165 385 189 435 1
200 379 306 437 055

1070 378 1173 455 ins
1204 377 1753 439 ECCLESIASTICA
1791 379 2191 437 THEOLOGIA
2228 382 2357 438 LIB.
2394 362 2507 438 m.‘

3258 385 3390 441 1051

159 495 291 567 Maii)
327 494 545 548 ένοικῶν
577 496 635 549 ὲν
672 496 852 561 αὐτοῖς
869 539 883 563 ,
908 498 1001 551 καὶ
1026 497 1412 569 ἐμπεριπατῶν
1441 500 1499 551 ὲν
1527 498 1729 561 αὐτοῖς,

1833 499 2034 563 bitans,
2066 501 2116 552 in
2147 498 2252 554 illis
2283 497 2582 563 ambulans,
2609 512 2711 555 nec
2749 497 3068 570 dedignatus
3109 514 3230 557 esse
3273 501 3398 558 illo-

159 587 255 640 καὶ
295 587 424 651 Θεὸς
458 586 634 640 αὐτῶν
672 589 773 641 οὐκ
816 588 1060 655 ἀπαξιῶν
1099 584 1256 654 εἶναι,
1290 589 1413 642 λαόν
1462 607 1521 642 τε
1558 589 1722 643 αὐτοῦ

157 678 284 741 τοὺς
317 677 524 741 πάντας
564 677 953 749 οἰκειούμενος.
1000 677 1155 732 Οὕτω
1198 679 1295 749 μὲν
1328 679 1428 732 οὐκ
1478 679 1634 733 ἔσται
1664 680 1724 733 ὲν

156 770 362 834 αὐτοῖς,
401 769 477 834 ὡς
510 771 601 823 καὶ
641 771 699 823 ὲν
738 771 885 841 αὐτῷ
908 771 1122 839 λέγεται
1159 768 1297 825 εἶναι
1340 771 1417 842 τῷ
1447 771 1731 844 Υίῴ,καθ-

154 859 236 924 ὼς
266 860 503 915 διδάσκει
547 860 718 930 λέγων
747 862 929 926 αὐτὸς,
968 862 1023 915 Ὀ
1052 862 1252 932 Πατὴρ
1293 863 1364 917 ἐν
1394 863 1540 933 ἐμοὶ,
1572 862 1733 934 κάγὼ

153 951 231 1004 ἐν
268 951 348 1018 τῷ
395 953 611 1021 Harpe"
661 954 754 1006 καὶ
796 953 978 1008 πάντα
1008 954 1065 1008 δὲ
1109 955 1261 1008 ἔσται
1287 958 1360 1009 «ἐν
1397 956 1596 1021 αὐτοῖς,
1651 956 1731 1027 τῷ

155 1045 323 1096 πᾶσιν
365 1044 554 1097 ἑαυτὸν
600 1043 885 1115 παρέχειν,
927 1045 1049 1099 καθ’
1076 1046 1107 1099 ὃ
1150 1049 1182 1119 ή
1231 1048 1460 1101 ἑκάστου
1504 1048 1730 1119 δύναμις

154 1136 327 1206 χωρεῖ
360 1136 459 1207 τῆς
484 1135 646 1190 αὐτοῦ
677 1135 928 1206 θεότητος
958 1138 1384 1209 μεταλαγχάνειν
1405 1155 1419 1169 ’
1451 1138 1551 1209 τῆς
1581 1156 1734 1211 τρισ-

156 1227 436 1298 μακαρίας
457 1227 667 1290 ἐλπίδος
688 1228 781 1281 καὶ
806 1228 907 1298 τῆς
931 1229 1291 1300 ἀτελευτήτου
1319 1230 1412 1283 καὶ
1450 1230 1727 1302 ἀφθάρτου

153 1315 308 1387 ζωῆς
332 1319 390 1372 ὲν
410 1316 581 1389 τούτῳ
607 1320 1085 1390 καταστησομένης
1105 1319 1184 1391 τῷ
1210 1320 1374 1386 τέλει,
1404 1323 1462 1374 ἐν
1491 1315 1534 1389 ᾧ
1567 1323 1595 1373 ὁ
1633 1322 1729 1391 μὲν

151 1407 290 1472 ea;
320 1408 472 1463 ἔσται
517 1411 694 1464 πάντα
731 1413 789 1466 ἐν
833 1413 965 1465 πᾶσι
1012 1412 1146 1482 (15),
1180 1415 1321 1475 ταῖς.
1348 1412 1448 1483 τῆς
1481 1412 1730 1483 θεότητος

152 1499 320 1552 αὐτοῦ
367 1506 753 1573 μαρμαρυγαῖς
792 1504 1015 1557 ἀλέκτου
1063 1504 1240 1570 φωτὸς
1287 1503 1574 1575 ἐμπιπλῶν
1602 1506 1727 1568 τοὺς

153 1591 385 1655 πάντας·
408 1596 435 1647 ὁ
453 1594 509 1647 δὲ
533 1596 662 1659 Υἱὸς
681 1596 1108 1667 ὲναγαλλόμενος
1136 1598 1230 1650 καὶ
1262 1598 1465 1668 χαίρων
1496 1596 1572 1667 τῷ
1599 1614 1730 1651 κατ-

155 1683 437 1756 ορθώματι
456 1725 471 1748 ,
509 1687 772 1755 στεφάνου
802 1689 958 1759 δίκην
1003 1687 1355 1759 περιθέμενος
1385 1689 1510 1751 τοὺς
1541 1688 1606 1741 δι’
1633 1689 1729 1741 αὺ-

150 1774 250 1828 τοῦ
295 1777 397 1846 τῆς
433 1778 831 1851 μακαριότητος
878 1779 1241 1850 ἠξιωμένους,
1278 1779 1383 1831 ὑπὸ
1424 1778 1602 1850 ὲφόρῳ
1649 1778 1728 1849 τῷ

1842 604 1960 644 rum
2004 591 2172 655 Deus,
2201 604 2321 644 cum
2354 589 2406 643 in
2447 588 2702 659 populum
2740 589 2839 644 sibi
2864 604 3054 645 omnes
3084 594 3400 662 appropria-

1842 681 1996 736 verit.
2040 681 2156 736 Non
2203 692 2379 736 autem
2421 682 2524 735 erit
2567 682 2632 737 ad
2671 695 2796 737 eum
2859 682 3076 738 modum
3123 681 3178 736 in
3223 682 3396 752 ipsis,

1833 771 2280 838 quemadmodum
2326 769 2521 826 dicitur
2553 770 2604 825 in
2649 769 2787 825 Filio
2814 784 2954 835 esse,
2981 770 3048 825 de
3077 786 3185 841 quo
3214 773 3394 837 docet,

1832 860 1995 916 Pater
2030 863 2086 917 in
2123 879 2222 928 me,
2252 872 2301 918 et
2338 879 2430 933 ego
2473 863 2529 917 in
2560 861 2720 917 Patre
2740 862 2825 932 '°;
2853 863 3032 918 omnia
3062 874 3239 918 autem
3282 874 3395 920 tum

1830 952 1937 1008 illis
1963 954 2097 1020 erit,
2139 953 2280 1023 quod
2309 969 2367 1011 se
2416 965 2524 1009 tum
2576 954 2827 1010 omnibus
2866 955 3183 1023 exhibebit,
3234 965 3398 1025 prout

1830 1044 2245 1114 uniuscujusque
2292 1043 2520 1099 facultas
2568 1044 2712 1100 illius
2760 1046 3017 1100 deitatem
3058 1056 3236 1116 potest
3297 1062 3393 1102 ca-

1829 1149 1956 1203 pere
1980 1174 2000 1200 ,
2028 1150 2150 1189 cum
2177 1150 2302 1205 spes
2332 1136 2681 1191 beatitudinis
2726 1145 2779 1191 et
2818 1137 2942 1191 vitae
2980 1137 3397 1196 interminabilis

1827 1236 1881 1279 et
1912 1227 2334 1296 incorruptibiiis
2367 1227 2423 1282 in
2463 1242 2530 1283 eo
2562 1228 2667 1283 sita
2707 1229 2777 1283 sit
2813 1229 2918 1282 line
2942 1268 2961 1295 ,
3000 1230 3214 1297 quando
3255 1230 3397 1285 Deus

1828 1316 2040 1373 futurus
2079 1329 2165 1372 est
2215 1318 2394 1372 omnia
2446 1319 2502 1373 in
2548 1320 2831 1383 omnibus,
2874 1319 3169 1389 adimplens
3208 1335 3396 1377 omnes

1828 1404 1993 1459 radiis
2019 1420 2130 1460 suae
2160 1405 2377 1461 deitatis
2419 1406 2794 1464 indellcientis.
2838 1407 3004 1464 Filius
3040 1419 3219 1465 autem
3268 1420 3397 1465 tunc

1827 1496 2101 1550 exsultans
2155 1497 2386 1565 gaudio,
2445 1508 2503 1553 et
2566 1499 2732 1555 veluti
2793 1501 3117 1557 victoriosus
3190 1501 3396 1557 athleta

1829 1588 2314 1657 triumphabundus
2372 1605 2573 1647 corona
2626 1606 2814 1647 eorum
2873 1593 3211 1662 redimietur,
3257 1608 3395 1663 quos

1826 1675 2157 1733 beatitudine
2205 1680 2396 1750 dignos
2438 1680 2669 1748 habitos,
2719 1682 2881 1737 Patre
2941 1698 3040 1739 suo
3081 1693 3393 1755 spectante,

1829 1782 1993 1837 regno
2046 1769 2373 1826 indellcienti
2413 1783 2467 1827 et
2508 1789 2612 1828 non
2670 1773 3025 1830 veterascenti
3083 1790 3398 1831 remunera-

152 1868 350 1939 Πατρὶ,
378 1869 474 1939 τὴν
506 1871 697 1941 ἀγήρω
726 1871 818 1924 καὶ
850 1870 1203 1942 ἀτελεύτητον
1235 1868 1531 1923 διατελέσει
1566 1869 1723 1941 βασι-

1828 1868 1981 1914 turus
2010 1870 2113 1915 est.
2153 1860 2390 1931 lmpletis
2423 1866 2488 1919 de
2511 1880 2577 1919 eo
2610 1874 2720 1918 tmn
2753 1865 2951 1921 divinis
2990 1867 3247 1934 oraculis,
3273 1882 3396 1922 cum

146 1958 323 2033 λείαν,
349 1959 459 2013 τῶν
500 1961 627 2033 περὶ
665 1961 825 2015 αὑτοῦ
858 1962 1052 2030 λογίων
1084 1961 1384 2032 τηνικαῦτα
1431 1960 1725 2032 πληρωθη-

150 2030 419 2122 σομένων,
447 2051 554 2105 τῶν
569 2030 648 2107 λτε
679 2052 875 2115 ἀλλων,
910 2052 1049 2125 ἀταρ
1094 2030 1158 2123 δή
1187 2052 1410 2106 καὶτῶν
1435 2030 1533 2106 τοῦ)
1550 2030 1729 2121 ⁷άγγιίω

148 2141 247 2196 λου
269 2142 510 2215 Γαϐριὴλ
543 2144 678 2215 πρὸς
710 2145 809 2216 τὴν
837 2145 1102 2214 παναγίαν
1130 2144 1402 2215 Παρθένον
1425 2143 1727 2215 εἰρημένων

150 2234 287 2304 περὶ
318 2233 415 2287 τοῦ
440 2234 498 2301 ἐξ
531 2235 701 2306 αὐτῆς
721 2218 1136 2307 τεχθησομένου,
1180 2235 1275 2302 Ὡς
1298 2235 1412 2305 ἄρα
1430 2237 1725 2302 ,βασιλεύ-

144 2340 250 2381 σει
293 2328 381 2392 εὶς
432 2327 572 2393 τοὺς
608 2326 848 2393 αἰῶνας,
885 2327 985 2381 καὶ
1030 2327 1142 2397 τῆς
1187 2328 1510 2396 βασιλείας
1541 2329 1727 2384 αὐτοῦ

146 2420 268 2473 οὐκ
300 2417 471 2472 ἔσται
500 2418 694 2485 τέλος.
723 2418 1028 2473 Βασιλεύων
1054 2419 1166 2490 (16)
1194 2420 1257 2492 δὴ
1278 2421 1396 2476 τότε
1419 2424 1448 2475 ὁ
1476 2422 1604 2486 Υἱὸς
1630 2421 1726 2475 τοῦ

143 2506 292 2562 Θεοῦ
318 2508 445 2577 τοὺς
479 2508 570 2561 ὑπ’
598 2507 746 2580 αὐτῷ
774 2507 1219 2579 βασιλευομένους
1248 2509 1452 2574 πάντας
1468 2511 1542 2581 τῷ
1563 2511 1725 2564 αὐτοῦ

149 2598 466 2671 παραδώσει
495 2599 690 2671 Πατρὶ,
719 2593 783 2654 οὗ
804 2599 1138 2670 παυσόμενος
1169 2601 1267 2669 τῆς
1295 2600 1586 2670 βασιλείας,
1619 2603 1725 2656 οὐδ’

147 2692 453 2764 ἀναχωρῶν
483 2693 681 2764 αὐτῆς·
711 2692 830 2746 οὐδὲ
863 2692 971 2763 γὰρ
1005 2690 1272 2745 παύεσθαι
1314 2692 1475 2746 αὑτὸν
1502 2693 1601 2762 τῆς
1635 2693 1727 2763 βα-

146 2782 362 2846 σιλείας
396 2786 425 2836 ὁ
458 2782 597 2847 θεῖος
641 2782 954 2846 Ἀπόστολος
986 2782 1089 2853 ἔφη
1130 2782 1261 2853 (17),
1304 2777 1340 2854 ἦ
1389 2783 1497 2853 γὰρ
1530 2783 1597 2837 ἂν
1634 2786 1727 2838 τά-

148 2873 348 2929 ναντία
374 2874 579 2948 ἔγραψε
606 2875 683 2944 τῷ
709 2874 948 2946 Γαϐριὴλ
979 2875 1091 2944 (18)
1121 2873 1437 2927 θεσπίσαντι
1467 2874 1602 2945 πρὸς
1631 2874 1727 2946 τὴν

144 2965 427 3036 Παρθένον
465 2964 802 3034 βασιλεύσειν
833 2965 992 3018 αὐτον
1025 2967 1102 3027 εἰς
1131 2966 1255 3027 τοὺς
1283 2963 1483 3026 αἰῶνας
1511 2962 1726 3034 καὶτῆς

144 3055 431 3125 βασιλείας
467 3056 630 3111 αὐτοῦ
665 3054 775 3127 (19)
811 3055 885 3128 μὴ
918 3056 1132 3110 ἔσεσθαι
1164 3056 1332 3121 τέλος,
1370 3054 1503 3108 ἀλλὰ
1546 3070 1725 3126 παρα-

142 3147 344 3202 δώσειν
386 3148 484 3219 τὴν
517 3146 823 3219 βασιλείαν,
856 3147 1057 3219 δηλαδὴ
1091 3148 1215 3212 τοὺς
1261 3148 1354 3199 ὑπ’
1382 3145 1528 3217 αὐτῷ
1575 3145 1724 3217 βασι·
1751 3182 1798 3245 c

143 3239 471 3310 λευομένους
493 3239 570 3310 τῷ
591 3239 709 3310 Θεῷ
730 3238 826 3293 καὶ
852 3238 1045 3310 Πατρί.
1069 3238 1464 3303 Τελειωθέντας
1492 3238 1601 3309 γὰρ
1629 3240 1723 3293 ὑπ’

142 3330 301 3400 αύτῷ
343 3331 468 3395 τοὺς
510 3330 735 3395 πάντας,
769 3330 966 3384 ὡσανεὶ
1015 3330 1127 3400 (20)
1175 3330 1594 3402 φαιδρυνομένος
1648 3330 1731 3401 τῷ

144 3417 555 3490 κατορθώματι,
586 3416 895 3491 παραδώσει
933 3416 1011 3488 τῷ
1039 3417 1212 3487 Πατρί
1231 3433 1244 3446 ·
1276 3412 1365 3470 οἶά
1396 3435 1518 3471 τινα
1550 3435 1727 3489 παρα-

144 3511 325 3580 θήκην
358 3508 813 3580 ἀποδεδεγμένος
849 3508 877 3561 ὃ
912 3508 1020 3579 (21)
1050 3507 1113 3580 δὴ
1141 3508 1379 3562 διδάσκει
1424 3509 1599 3579 λέγων
1631 3511 1727 3563 αὐ-

143 3602 260 3665 τὸς,
305 3599 506 3655 Πάντα
537 3617 640 3670 μοι
668 3599 962 3670 παρεδόθη
997 3599 1114 3653 ὑπὸ
1158 3598 1265 3653 τοῦ
1296 3602 1525 3669 Πατρός
1569 3619 1720 3670 μου·

143 3693 231 3746 διὸ
255 3692 583 3756 ἀκολούθως,
608 3687 695 3746 οἷα
722 3692 894 3762 φύλαξ
913 3691 1134 3761 ἀγαθὸς,
1165 3690 1307 3744 σῶαν
1334 3692 1426 3746 καὶ
1454 3693 1565 3762 (22)
1587 3691 1728 3748 κατά

146 3784 332 3838 πάντα
360 3783 678 3855 ἐρρωμένην
711 3784 808 3856 τὴν
843 3784 1169 3855 παραθήκην
1202 3784 1382 3855 φέρων
1415 3783 1724 3854 παραδώσει

144 3876 228 3947 τῷ
254 3874 375 3945 Θεῷ
410 3876 543 3946 (25),
586 3877 887 3948 ἀρχιερέως
930 3875 1107 3947 δίκην,
1148 3880 1275 3941 τοὺς
1310 3876 1401 3928 ὑπ’
1429 3874 1577 3945 αὐτῷ
1610 3874 1725 3947 (24)

152 3968 528 4041 ἱερουμένους,
559 3968 765 4031 πάντας
788 3966 1158 4038 λευχείμονας,
1206 3969 1298 4022 καὶ
1324 3967 1562 4039 ὡσπερεὶ
1589 3966 1727 4038 λαμ-

143 4060 452 4134 προτάταις
494 4060 707 4123 στολαῖς
750 4062 860 4124 τοῖς
905 4060 1003 4130 τῆς
1047 4060 1394 4123 ἀναστάσεως
1432 4059 1727 4131 ἀφθάρτοις

148 4152 402 4224 σώμασιν
452 4151 920 4223 ὲξαστράπτοντας
973 4151 1251 4224 παριστῶν
1304 4149 1473 4221 αὐτῷ,
1526 4151 1615 4204 ἵνα
1651 4151 1726 4221 μὴ

145 4245 325 4316 μόνης
355 4243 455 4314 τῆς
478 4244 570 4297 ὑπ’
595 4242 742 4315 αὐτῷ
766 4243 1041 4314 βασιλείας
1069 4244 1433 4310 ἀπολαύωσιν,
1465 4243 1601 4297 ἀλλά
1635 4245 1727 4297 κα)⁵

143 4332 260 4388 τῶν
309 4332 405 4386 τοῦ
456 4333 669 4404 Πατρὸς
731 4334 984 4406 ἀρρήτων
1046 4333 1265 4401 ἀγαθῶν
1325 4332 1722 4404 ὲμπιπλῶνται.

142 4422 308 4479 Οὕτω
339 4423 447 4497 γὰρ
470 4424 640 4490 ἔσται,
662 4424 803 4478 κατὰ
821 4425 911 4478 τὸν
927 4425 1261 4491 Ἀπόστολον,
1280 4427 1337 4479 '0
1367 4425 1509 4489 Θεὸς
1533 4424 1728 4479 πάντα

1828 1949 1946 2006 aliis
1981 1961 2090 2006 tum
2130 1952 2222 2008 illo
2248 1953 2514 2011 Gabrielis
2542 1956 2719 2025 angeli
2746 1956 2813 2011 ad
2841 1958 3237 2012 sanctissimam
3271 1959 3396 2015 Vir-

1826 2043 2002 2110 ginem
2036 2048 2095 2106 >3
2120 2045 2326 2111 prolato
2356 2046 2420 2100 de
2443 2045 2581 2101 Filio
2603 2062 2671 2102 ex
2691 2062 2754 2103 ea
2786 2051 3215 2119 progenerando,
3245 2049 3396 2114 Quod

1827 2143 2137 2202 regnaturus
2162 2137 2232 2189 ait
2266 2136 2320 2190 in
2354 2147 2625 2204 wlernum,
2653 2149 2701 2192 et
2739 2142 2885 2210 regni
2911 2140 3025 2207 eius
3066 2157 3170 2194 non
3197 2143 3296 2194 erit
3330 2141 3398 2209 ﬁ-

1827 2224 1908 2277 nis
1932 2224 1998 2279 ²¹.
2042 2223 2296 2294 Regnans
2337 2241 2402 2282 eo
2432 2237 2673 2298 tempore
2711 2229 2802 2284 Dei
2850 2228 3042 2296 Filius,
3087 2246 3274 2286 omnes
3303 2246 3399 2286 eos

1827 2315 1917 2384 qui
1950 2316 2048 2371 sub
2081 2316 2197 2387 ipso
2236 2327 2360 2373 sunt
2390 2321 2661 2389 regnaturi
2709 2322 3001 2376 traditurus
3036 2332 3120 2376 est
3155 2331 3264 2376 tum
3298 2337 3397 2378 suo

1825 2405 1972 2462 Patri
1997 2426 2012 2464 :
2036 2423 2141 2464 non
2169 2411 2382 2480 quidem
2411 2412 2662 2468 desinens
2692 2414 2806 2482 ipse
2829 2427 3057 2484 regnare
3083 2414 3395 2501 aliquando.

1827 2513 1928 2556 nec
1968 2502 2156 2571 quovis
2190 2513 2433 2573 tempore
2470 2521 2633 2577 regno
2683 2522 2741 2562 se
2777 2508 3034 2564 abdicans
3077 2509 3210 2581 (nec
3252 2510 3397 2564 enim

1826 2607 2056 2664 regnare
2113 2595 2408 2651 desiturum
2465 2598 2756 2667 aliquando
2808 2616 2930 2656 eum
2980 2602 3191 2657 divinus
3249 2603 3396 2671 Apo-

1826 2684 1996 2739 stolus
2021 2683 2337 2753 afﬁrmavit;
2366 2686 2443 2743 ita
2478 2691 2623 2744 enim
2651 2689 2887 2748 Gabrieli
2912 2695 3180 2749 contraria
3211 2706 3399 2769 protu-

1826 2773 1977 2831 lisset
2022 2777 2112 2847 qui
2164 2777 2364 2849 Virgini
2404 2782 2574 2847 dixit,
2625 2793 2969 2851 regnaturum
3021 2784 3167 2839 illum
3204 2786 3256 2840 in
3295 2801 3397 2841 saa-

1826 2866 1984 2932 cula,
2024 2883 2125 2923 nec
2168 2867 2405 2924 futurum
2446 2872 2730 2942 aliquando
2774 2877 2920 2945 regni
2973 2874 3116 2931 illius
3155 2876 3397 2951 linem);

1827 2958 1921 3012 sed
1953 2957 2089 3013 dixit
2126 2961 2445 3014 traditurum
2494 2978 2719 3033 regnum
2754 2980 2908 3019 suum
2948 2964 3132 3034 Patri,
3170 2966 3275 3024 hoc
3317 2976 3401 3025 est

1828 3047 1950 3104 illos
1978 3049 2033 3103 in
2067 3064 2203 3120 quos
2233 3052 2510 3107 obtinebat
2545 3068 2784 3124 regnum.
2814 3055 3224 3114 Consummatos
3252 3061 3399 3116 enim

1828 3140 1895 3193 ab
1933 3140 2050 3208 ipso
2076 3141 2217 3206 illos,
2244 3153 2297 3195 et
2329 3153 2584 3214 tanquam
2610 3129 2714 3213 suo
2741 3145 2974 3215 glorioso
2999 3148 3242 3204 facinore
3273 3151 3398 3205 illu-

1826 3238 2048 3298 stratus,
2089 3231 2239 3286 Patri
2268 3236 2460 3300 tradet,
2504 3247 2755 3307 tanquam
2787 3239 3053 3307 quoddam
3089 3241 3396 3312 depositum

1827 3321 2173 3378 manifestum
2214 3343 2226 3377 :
2261 3328 2404 3395 quod
2442 3337 2497 3383 et
2532 3327 2646 3398 ipse
2686 3330 2842 3384 docet
2879 3331 3164 3400 inquiens:
3203 3331 3399 3388 Omnia

1828 3413 1960 3467 mihi
1997 3417 2193 3471 tradita
2235 3429 2356 3472 sunt
2397 3436 2430 3473 a
2475 3417 2637 3475 Patre
2668 3425 2869 3476 meo".
2920 3423 3185 3491 Quocirca
3235 3427 3400 3482 veluti

1826 3505 2032 3576 probus
2069 3507 2296 3578 depositi
2340 3520 2554 3577 custos,
2596 3513 2897 3583 depositum
2938 3515 3147 3570 salvum
3190 3528 3398 3573 sartum

1831 3606 2139 3668 tectumque
2164 3602 2440 3657 exhibebit
2464 3603 2593 3670 Deo,
2618 3607 2685 3660 ad
2714 3606 2884 3660 instar
2909 3605 3188 3663 Pontiﬁcis
3211 3623 3400 3664 omnes
3461 3669 3471 3680 _

1828 3687 1964 3745 albis
1989 3692 2236 3758 amictus,
2259 3704 2315 3749 et
2347 3698 2665 3765 corporibus
2699 3698 3116 3763 immortalibus,
3145 3709 3398 3770 tanquam

1827 3781 1978 3836 Stolis
2007 3783 2408 3840 candidissimis
2441 3788 2712 3842 radiantes
2742 3788 2815 3842 illi
2853 3789 2904 3841 in
2934 3804 3127 3843 manus
3155 3791 3398 3858 tradens,

1826 3882 1888 3926 ut
1922 3888 2028 3927 non
2067 3874 2227 3929 modo
2262 3877 2361 3931 sub
2402 3877 2489 3930 illo
2520 3876 2772 3932 fruantur
2803 3893 2999 3950 regno,
3045 3880 3140 3934 sed
3176 3880 3400 3949 insuper

1827 3963 2108 4032 adimpleri
2172 3967 2382 4035 possint
2437 3966 2792 4023 inell‘abilibus
2850 3968 3026 4024 Patris
3065 3969 3147 4023 sui
3199 3969 3394 4026 bonis:

1827 4063 1988 4122 atque
2027 4055 2101 4109 ita
2151 4055 2364 4112 futurus
2400 4070 2502 4123 est,
2528 4059 2825 4113 secundum
2877 4060 3120 4128 Apostoli
3153 4060 3354 4116 dictum
3380 4099 3398 4128 ,

1830 4143 1967 4199 Deus
2009 4149 2188 4201 omnia
2225 4148 2279 4201 in
2326 4150 2563 4202 erunibus
2588 4150 2633 4180 "
2658 4189 2673 4213 ,
2715 4165 2837 4204 cum
2888 4134 2928 4203 F
2936 4150 3058 4207 ilius
3094 4166 3224 4207 suos
3264 4154 3396 4209 sub-

1827 4235 1965 4289 ditos
1997 4248 2481 4306 repraesentaturus
2506 4250 2590 4294 est
2619 4240 2741 4308 ipsi,
2772 4248 2830 4294 ut
2859 4241 2975 4310 ipse
2992 4240 3154 4297 Pater
3171 4257 3398 4310 perum-

1826 4327 1913 4380 nia
1946 4327 2018 4380 sit
2045 4327 2098 4381 in
2129 4330 2381 4383 omnibus
2404 4332 2606 4384 omnia.
2634 4329 2766 4384 Nam
2792 4341 2851 4385 ut
2882 4341 3002 4386 erat
3031 4332 3147 4403 ipse
3174 4335 3226 4386 in
3256 4332 3399 4390 Filio

1826 4432 1924 4472 suo
1937 4417 2088 4484 olim,
2099 4420 2252 4489 juxta
2286 4420 2410 4474 illud
2437 4437 2451 4473 :
2487 4418 2717 4475 Pateriu
2737 4438 2835 4485 me,
2865 4431 2910 4476 et
2925 4438 3018 4491 ego
3040 4425 3094 4477 in
3114 4422 3275 4478 Patre
3301 4424 3347 4455 “
3377 4464 3396 4494 ,

138 4516 219 4570 ἐν
253 4516 440 4583 πᾶσι,
493 4516 583 4570 τοῦ
632 4516 759 4570 Υἱοῦ
793 4518 916 4581 τοὺς
952 4517 1395 4589 βασιλευομένους
1426 4517 1724 4588 προσάγον-

1828 4511 1895 4564 ad
1921 4513 2166 4567 eumdem
2200 4518 2414 4569 modum
2438 4517 2542 4570 erit
2568 4526 2679 4569 tum
2707 4516 2760 4569 in
2794 4516 3045 4572 omnibus
3069 4532 3166 4586 per
3198 4507 3239 4572 Ρ
3246 4517 3395 4573 ilium

140 4624 240 4671 τος
265 4605 434 4679 αὐτῷ,
462 4608 547 4662 ἵνα
581 4608 700 4662 ὅλον
722 4608 883 4662 τοῦτο
910 4609 1152 4679 γένηται,
1181 4609 1324 4678 λέγω
1350 4608 1407 4661 δὲ
1443 4609 1504 4661 τὸ
1533 4609 1720 4663 Πάντα

141 4700 208 4753 ὲν
235 4702 403 4756 πᾶσιν
430 4697 569 4755 εἶναι
603 4701 693 4756 τὸν
732 4701 972 4773 Πατέρα.
1013 4702 1099 4763 Ὡς
1123 4701 1231 4771 γάρ
1267 4697 1335 4771 ἦν
1369 4701 1634 4772 πρότερον
1662 4701 1719 4754 ὲν

139 4787 225 4859 τῷ
254 4787 390 4859 Υἰῷ,
418 4790 559 4843 κατὰ
586 4790 668 4857 τὸ,
708 4789 772 4844 '0
810 4789 1014 4858 Πατὴρ
1044 4789 1114 4843 ἐν
1134 4788 1285 4857 ἐμοὶ,
1329 4787 1490 4859 κάγὼ
1526 4789 1597 4841 ἐν
1641 4785 1720 4852 τῷ

222 4968 285 5027 νΒ
307 4962 404 5019 Ed.
422 4962 619 5032 Paris,
635 4981 756 5037 pag.
777 4966 898 5021 187.
974 4966 1020 4999 ὀ
1045 4964 1199 5021 Joan.
1222 4980 1276 5032 χ,
1294 4963 1381 5020 58.

212 5139 330 5216 (ib)
362 5141 527 5216 Vulgo
546 5146 668 5216 ταῖς
689 5161 749 5198 τε
778 5143 831 5200 θ.
862 5152 919 5200 et
947 5160 1068 5201 mox
1092 5145 1350 5216 ἁλήκτου.

214 5210 332 5283 (16)
364 5210 531 5283 Vulgo
555 5213 634 5269 δέ.

360 5284 748 5421 agitatam
803 5356 971 5423 πρός.
1019 5354 1135 5412 Νοη
1191 5367 1276 5411 est
1328 5372 1456 5413 vera
1522 5361 1704 5418 lectio.

132 5419 331 5496 Neque
352 5419 496 5496 enim
520 5422 759 5496 Gabriel.
914 5419 1070 5481 beata
1103 5426 1265 5496 Virgo
1291 5427 1701 5486 admirabatur:

131 5491 512 5567 et_legendum
560 5506 645 5549 est
700 5494 1079 5567 θαυμάσασαν,
1140 5491 1331 5551 sensus
1359 5510 1552 5567 vpatet,
1603 5518 1708 5558 vox

134 5560 517 5629 substituenda
545 5579 655 5620 non
692 5560 955 5622 occurrit.
1003 5566 1077 5622 Μ.
1132 5594 1207 5609 -
1250 5560 1397 5624 Βούῖ
1432 5584 1500 5625 ex
1539 5560 1706 5629 "codd.

132 5627 479 5684 θεσπίσαντι.

210 5699 303 5767 (19
354 5699 521 5767 Vulgo
547 5721 668 5759 ουκ.

210 5704 325 5841 (ΞΟ)
358 5772 889 5853 Φριδρμνρμᾷνους.
931 5778 1115 5853 Potest
1157 5779 1320 5853 etiam
1349 5780 1449 5851 legi
1477 5783 1712 5853 φαιδρυ-

129 5837 367 5911 νύμενος
398 5837 562 5914 [quod
593 5837 715 5901 dedi
746 5837 868 5902 cum
892 5848 1074 5921 codd.]
1114 5867 1128 5903 :
1162 5849 1305 5921 quod
1335 5837 1517 5921 ροῗίυὲ
1559 5837 1710 5910 arbi-

421 5933 693 5999 Pamon.
720 5937 859 6023 ‘Gn.
905 5939 1138 6002 XXIV.

1825 4606 2232 4661 consummatis.
2277 4606 2391 4662 Non
2419 4610 2561 4662 enim
2593 4610 2883 4677 Apostolus
2913 4610 3064 4674 dixit,
3093 4609 3289 4664 Filium
3337 4625 3400 4666 se

1826 4709 1925 4749 suo
1960 4711 2126 4764 regno
2159 4698 2533 4753 abdicaturum
2575 4712 2631 4756 et
2661 4711 3011 4771 regnaturum
3047 4702 3215 4758 Deum
3246 4717 3262 4755 :
3300 4701 3399 4755 sed

1826 4785 2018 4842 Filium
2057 4788 2166 4844 Deo
2186 4801 2242 4845 et
2278 4791 2421 4846 Patri
2457 4807 2678 4862 regnum
2711 4796 3035 4849 traditurum
3064 4792 3274 4849 salvum
3304 4792 3398 4846 de-

1459 4965 1502 4997 "
1520 4965 1649 5023 Luc.
1666 4969 1745 5033 1,3

1833 4970 1921 5023 55.
1999 4969 2044 5001 ⁸³
2064 4968 2196 5024 Luc.
2215 4987 2268 5039 κ,
2287 4970 2375 5026 22.
2453 4972 2537 5026 ³³1
2561 4972 2685 5028 Cor.
2711 4988 2800 5041 xv,
2816 4973 2908 5030 ‘28.
2985 4972 3029 5005 "
3043 4968 3200 5029 Joan.
3224 4985 3280 5036 Χ,
3299 4967 3394 5027 58.

1824 5159 1959 5215 tror,
2014 5165 2138 5205 cum
2199 5148 2348 5203 illum
2407 5157 2664 5219 tanquam
2718 5151 3041 5220 choragum,
3097 5157 3155 5202 et
3209 5148 3393 5220 athle-

1821 5231 1955 5286 tam,
2009 5231 2063 5276 et
2116 5217 2652 5287 triumphabundum,
2700 5223 2753 5275 in
2812 5217 2919 5277 1ιοῦ
2966 5233 3066 5275 suo
3111 5217 3394 5289 κατορθώ-

1819 5307 1968 5360 ματι,
1995 5301 2121 5360 ante
2160 5290 2544 5360 designaverit.
2589 5291 2661 5344 Μ.

1888 5361 2000 5433 (21)
2035 5359 2206 5433 Vulgo
2235 5360 2385 5433 deest
2412 5359 2502 5429 δή.

1883 5427 1997 5502 (22)
2026 5427 2184 5503 Κατᾶ
2212 5427 2425 5503 urina:
2442 5427 2859 5503 _Deest_'_rp61tov.
2894 5428 2969 5484 M.

1881 5498 1993 5570 (25)
2027 5498 2355 5569 Ἆρχιερέως
2390 5498 2590 5567 δίκην.
2614 5498 2728 5554 Nun
2752 5512 2811 5556 ut
2849 5502 2965 5568 ipse
3005 5502 3076 5555 sit
3108 5498 3177 5554 ad
3219 5499 3392 5552 instar

1807 5569 2098 5642 pontiﬁcis,
2150 5584 2458 5642 quanquam
2494 5584 2682 5625 revera
2715 5573 2794 5642 psit
2844 5570 3084 5642 pontifex
3138 5586 3153 5622 :
3196 5569 3288 5642 sed
3334 5580 3395 5622 ut

1811 5639 2027 5712 salvati
2054 5642 2185 5703 sint,
2218 5639 2286 5692 ad
2334 5641 2507 5712 instar
2529 5640 2822 5712 pontiﬁcis
2851 5639 3235 5712 λευχειμονες,
3270 5639 3394 5708 lego

1812 5659 2001 5696 salvan
2054 5659 2185 5703 Sllll,
2218 5659 2286 5692 au
2334 5659 2507 5692 ιιιδιω·
2548 5659 2822 5709 ροιιιιιιοιε
2863 5659 3134 5763 Αευῆειμοπ

1812 5710 2180 5785 ἐρρωμένους,
2212 5723 2243 5785 e
2274 5710 2645 5785 superioribus
2669 5721 2723 5765 et
2757 5710 2975 5785 ὠσπερε
3003 5751 3016 5763 .
3039 5711 3134 5785 ῌΜ.

1887 5778 1997 5855 lii)
2025 5782 2192 5850 Vulgo
2219 5778 2543 5850 ὲρουμένους
2567 5791 2623 5838 et
2654 5796 2775 5836 mox
2812 5781 2887 5844 ὡς
2918 5778 3066 5852 περί.

3039 5939 3119 6001 33
