3810 6218
397 341 535 399 “'35
1063 336 1334 396 EUSEBII
1369 330 1852 393 CASSARIENSIS
1888 328 2043 387 OPP.
2085 324 2267 381 PARS
2303 322 2394 381 IV.
2432 344 2502 365 -ι
2542 314 2964 376 DOGMATlCA.
3502 300 3638 358 1036

396 459 630 526 positum
674 498 691 524 ,
733 466 788 513 et
831 464 1092 527 quantum
1138 458 1207 512 ad
1249 456 1454 513 cultum
1500 464 1558 509 et
1604 450 1966 508 sacerdotium

2117 444 2274 513 ἀτρὶ,
2316 441 2490 504 οὕτως
2523 440 2676 493 ἔσται
2701 436 2824 491 τότε
2860 433 2955 488 καὶ
2994 431 3055 484 ὲν
3096 429 3234 482 πᾶσι
3266 427 3378 488 τοῖς
3417 419 3527 527 ὑπὸ
3570 419 3642 522 τῷ

395 513 574 606 l’atris
617 513 885 606 su'ﬂicien-s
942 549 1073 604 illud
1127 549 1303 619 ipsum
1360 545 1745 603 manifestabit.
1797 544 1965 599 Deum

2121 536 2185 608 ίῷ
2217 533 2597 591 τελειωθεῖσιν.
2643 531 2720 585 Οὐ
2760 526 2870 600 γὰρ
2919 523 3030 623 (ἓξ)
3063 518 3372 623 crudescunt
3422 513 3524 623 μιὲῖ
3552 513 3644 623 τῆξ

395 656 525 697 vero
567 641 803 704 futurum
856 651 965 696 tum
1018 641 1198 698 omnia
1252 639 1307 695 in
1363 639 1670 695 omnibus:
1713 644 1966 705 tanquam

2117 601 2343 690 ισιλείας
2379 625 2470 679 τὸν
2502 623 2650 687 Υίὸν,
2679 620 2771 674 τὸν
2806 618 2864 672 δὲ
2910 614 3043 669 Θεὸν
3095 607 3434 712 ξασιλεύσειν
3478 602 3583 712 εφη
3618 601 3648 712 t3

397 734 568 790 Deum
611 734 1029 800 inhabitantem,
1070 741 1126 787 et
1172 732 1539 788 ambulantem
1582 731 1728 785 inter
1758 738 1872 795 eos,
1909 736 1969 784 et

2117 705 2422 781 Απόστόλος
2439 732 2453 747 ·
2488 714 2626 769 ἀλλὰ
2656 712 2748 767 τὸν
2791 710 2890 782 μὲν
2914 707 3044 761 Υίὸν
3064 703 3144 775 τῷ
3182 699 3303 772 Θεῷ
3339 697 3437 800 καὶ
3478 691 3648 800 nam}

397 826 582 881 omnia
618 824 750 897 ipsis
812 824 1040 880 factum.
1088 818 1477 880 Nonnullorum
1519 822 1624 878 erit
1664 819 1968 875 Dominus:

398 914 628 970 aliorum
661 913 801 980 Res,
830 913 1059 969 aliorum
1088 913 1233 968 aliud
1260 911 1538 982 quiddam,
1565 908 1810 965 omnium
1837 920 1968 962 vero

399 1004 572 1073 Deus,
609 1004 789 1060 divina
835 1019 932 1059 sua
977 1005 1175 1059 virtute
1218 1011 1275 1058 et
1316 1000 1588 1071 potentia,
1633 998 1815 1054 omnia
1865 996 1970 1052 illis

400 1095 597 1150 tactus.
635 1098 696 1158 Β
730 1091 883 1149 Hunc
910 1093 1072 1149 tinem
1108 1092 1437 1148 beatissima:
1476 1099 1676 1145 nostra:
1715 1088 1831 1159 spei
1859 1088 1971 1144 cir-

400 1184 740 1254 cumscripsit
791 1198 1016 1253 magnus
1060 1180 1380 1252 Apostolus,
1430 1180 1735 1249 inquiens:
1783 1177 1850 1233 Ut
1899 1178 1969 1233 sit

400 1274 542 1329 Deus
576 1275 755 1330 omnia
780 1277 835 1330 in
863 1276 1120 1330 omnibus.
1153 1273 1261 1329 Sed
1291 1274 1343 1327 in
1374 1274 1627 1329 omnibus
1656 1281 1836 1328 tamen
1863 1272 1970 1327 erit

400 1366 582 1421 omnia
628 1365 1110 1437 correspondent‘er
1159 1367 1226 1420 ad
1272 1363 1579 1419 facultatem
1622 1357 1972 1431 uniuscujus-

401 1476 527 1531 que,
560 1460 839 1515 distinct-as
876 1468 932 1515 et
968 1459 1208 1514 diversas
1254 1456 1552 1513 divinitatis
1596 1471 1709 1511 sua:
1756 1456 1968 1511 dimen-

399 1552 585 1607 siones
621 1551 930 1622 elargiendo
960 1549 1225 1617 singulis:
1257 1547 1480 1619 gloriam
1512 1561 1661 1613 vero,
1709 1546 1969 1602 honorem

400 1650 457 1694 et
493 1654 716 1711 regnum
776 1639 1100 1694 excellenter
1146 1646 1410 1708 praestans
1448 1637 1679 1701 donum,
1719 1644 1776 1691 et
1820 1635 1970 1691 Patri

402 1745 720 1802 cungruum,
748 1732 888 1788 Filio
921 1731 1195 1802 unigenito
1234 1730 1651 1802 impertiendum
1676 1729 1966 1795 custodiet,

404 1825 549 1891 quod
578 1824 705 1878 nulli
742 1832 1003 1893 praeterea
1029 1822 1477 1878 communicetur.
1554 1845 1557 1849 ν

2064 812 2165 882 τὴν
2201 810 2476 882 βασιλείαν
2504 780 2869 879 παραδώσειν,
2903 799 3049 854 σῶαν
3071 797 3170 868 τὴν
3199 780 3648 882 παραθήκην-καὶ

2066 878 2212 976 πρδξ
2243 901 2341 974 τὴν
2386 900 2482 954 τοῦ
2528 878 2746 971 Πατρὸς
2797 893 3054 966 λατρείαν
3100 906 3160 942 τε
3203 885 3299 939 καὶ
3355 878 3648 976 ἱερωσύνην

2065 969 2414 1067 ἐπαρκοῗέσαν
2469 969 2904 1059 ἐνδεικνύμενοψ
2969 983 3063 1038 τὸν
3110 981 3169 1035 δὲ
3235 977 3370 1031 Θεὸν
3436 969 3649 1026 ἔσεσθαι

2074 1107 2094 1142 ι
2119 1087 2298 1142 πάντα
2329 1087 2388 1139 ὲν
2408 1085 2597 1146 πᾶσιν,
2617 1101 2636 1135 ι
2657 1081 2733 1144 ὡς
2751 1078 2882 1133 Θεὸν
2905 1073 3213 1131 ἐνοικοῦντα
3227 1069 3322 1123 καὶ⁸
3342 1069 3651 1137 ἐμπεριπα-

2065 1177 2264 1234 τοῠντα
2289 1179 2347 1231 ὲν
2382 1176 2588 1239 αὐτοῖς,
2631 1172 2727 1227 καὶ
2752 1170 2931 1225 πάντα
2963 1167 3149 1228 αὐτοῖς
3178 1160 3494 1232 γενόμενον.
3531 1151 3652 1206 Τῶν

2073 1272 2172 1344 μὲν
2203 1270 2314 1342 γὰρ
2351 1268 2505 1322 ἔσται
2530 1265 2837 1335 Δεσπότης·
2873 1261 2982 1344 τῶν
3018 1260 3077 1313 δὲ
3108 1247 3567 1347 βασιλεύςοΑτῶν-
3596 1245 3653 1347 δὲ

2066 1339 2254 1439 ἕτερον
2283 1339 2347 1417 -τι
2367 1380 2381 1393 ο
2417 1360 2633 1419 πάντων
2682 1356 2740 1410 δὲ
2787 1339 2998 1427 copim;
3041 1348 3196 1412 Θεὸς,
3233 1347 3355 1408 ταῖς
3400 1343 3461 1439 εν
3493 1339 3657 1439 *αὐτῷ

2070 1435 2274 1521 θεῖκαϊς
2298 1455 2517 1527 ἀρεταῖς
2545 1467 2606 1505 τε
2632 1448 2727 1502 καὶ
2758 1446 3020 1515 δυνάμεσι
3048 1441 3118 1496 τὰ
3151 1440 3330 1527 πάντα
3361 1435 3654 1527 αὑτοῖς-Υι-

2069 1520 2352 1616 γνόμενος.
2405 1539 2577 1594 Τοῦτο
2624 1537 2778 1600 τέλος
2830 1534 2929 1605 τῆς
2980 1520 3656 1616 τρισμακαρίαςᾼὲλπίδος

2070 1611 2432 1708 υπέῆραψενὸ
2457 1631 2626 1703 μέγας
2663 1626 2983 1688 Ἀπόστολος
3014 1621 3207 1688 εἰπὼν,
3235 1620 3362 1676 Ἵνα
3386 1611 3427 1688 ᾗ
3453 1618 3486 1669 ό
3510 1613 3658 1708 Θεὸς

2072 1705 2271 1784 πάντα
2295 1728 2364 1781 ἐν
2388 1723 2579 1780 πᾶσιν
2596 1741 2611 1754 ο
2640 1721 2753 1777 ἀλλ’
2781 1721 2837 1773 ὲν
2867 1717 2964 1790 μὲν
2992 1719 3106 1779 τοῖς
3134 1714 3271 1767 πᾶσι
3295 1711 3475 1764 πάντα
3504 1705 3659 1759 ἔσται

2000 1806 2045 1862 Β
2072 1820 2351 1890 ἀναλόγως
2386 1820 2455 1888 τῇ
2485 1814 2714 1869 ἑκάστου
2743 1809 2990 1880 δυνάμει,
3022 1805 3120 1870 τὰς
3147 1804 3249 1873 τῆς
3278 1799 3445 1856 αὐτοῦ
3473 1797 3662 1865 θεότη-

403 1927 497 1979 τος
523 1914 809 1995 διαφόρους
859 1913 1098 1978 ἐπινοίας
1148 1911 1398 1985 χορηγῶν
1437 1913 1550 1976 τοῖς
1589 1913 1745 1977 πᾶσι,
1806 1912 1952 1984 μόνῳ
1979 1912 2038 1968 δὲ
2075 1911 2155 1984 τῷ
2198 1910 2474 1983 μονογενεϊ
2515 1903 2681 1960 αὐτοῦ
2730 1902 2847 1973 Υἱῷ
2876 1901 2976 1972 τὴν
3018 1897 3295 1969 ἐξαίρετον
3328 1893 3426 1948 καὶ
3467 1905 3664 1961 πατριά-

404 2006 508 2079 κὴν
533 2007 644 2079 (26)
682 2010 795 2073 τοῖς
832 2025 891 2061 τε
926 2008 1132 2070 λοιποῖς
1182 2007 1384 2061 ἅπασιν
1426 2005 1786 2077 ἀκοινώνητον
1821 2006 1978 2073 δόξαν
2014 2008 2109 2063 καὶ
2136 2005 2299 2079 τιμὴν
2329 2005 2425 2061 καὶ
2448 2000 2724 2074 βασιλείαν
2747 1996 2989 2069 φυλάξει·

979 2102 1207 2159 CAPUT
1247 2101 1410 2158 XVII.

410 2192 544 2263 Qua:
574 2213 726 2251 sacra
759 2196 1035 2265 Scriptura
1063 2197 1245 2251 doceat
1283 2196 1348 2266 de
1379 2211 1538 2266 regno
1570 2194 1865 2252 Servaloris
1895 2196 1980 2251 in-

488 2264 965 2337 determinabiliﬂt
1004 2266 1260 2337 quomodo
1294 2264 1585 2337 Marcellus
1613 2276 1791 2337 aperte
1816 2282 1977 2322 ausus

476 2346 553 2391 est
585 2352 877 2392 asseverare
902 2336 1058 2406 ﬁnem
1086 2337 1389 2391 habiturum
1417 2336 1532 2407 ejus
1562 2352 1797 2408 regnum.

482 2489 635 2557 Quod
677 2490 723 2545 si
753 2488 983 2547 velimus
1027 2491 1131 2547 ista
1171 2471 1487 2563 prophetico
1528 2492 1761 2563 quodam
1804 2491 1980 2564 sigillo

410 2581 718 2653 obsignare,
745 2590 805 2636 ut
840 2581 1042 2638 certius
1065 2597 1184 2651 quae
1215 2583 1356 2638 dicta
1384 2590 1511 2639 sunt
1541 2582 1933 2640 conﬁrmentur
1957 2627 1976 2653 ,

413 2671 619 2741 Spiritu
667 2671 982 2742 prophetico
1033 2673 1125 2742 qui
1175 2674 1290 2733 haec
1329 2673 1448 2744 ipsa
1493 2688 1591 2743 per
1643 2674 1980 2730 Ezechielem

409 2764 560 2820 hisce
589 2764 768 2818 verbis
796 2764 974 2832 docet,
999 2773 1123 2820 utar
1148 2782 1162 2818 :
1195 2762 1326 2819 Haec
1353 2765 1480 2819 dicit
1515 2764 1775 2819 Dominus
1799 2781 1819 2819 :
1842 2764 1980 2820 Ecce

407 2872 501 2926 ego
540 2856 803 2927 requiram
840 2871 957 2909 oves
989 2871 1152 2919 meas,
1187 2865 1235 2909 et
1268 2855 1488 2910 uisitabo
1522 2871 1609 2909 eas
1640 2859 1980 2923 quemadmo-

408 2946 539 3000 dum
590 2946 768 3000 visitat
842 2957 1024 3015 pastor
1064 2961 1270 3015 gregem
1335 2960 1490 2999 suum
1538 2944 1593 2999 in
1647 2945 1734 3000 die
1770 2944 1981 3016 quando

410 3038 575 3107 fuerit
602 3037 771 3107 caligo
799 3046 847 3092 et
882 3038 1044 3092 nubes
1096 3038 1152 3090 in
1184 3036 1352 3090 medio
1381 3036 1550 3090 ovium
1587 3051 1804 3091 suarum
1831 3054 1983 3107 sepa-

409 3139 671 3186 ratarum.
695 3126 785 3183 Sic
811 3128 1028 3182 visitabo
1056 3144 1169 3183 oues
1195 3144 1336 3183 meas
1351 3129 1418 3187 “.
1447 3129 1514 3184 Et
1540 3139 1660 3200 post
1685 3129 1939 3184 nonnulla
1966 3150 1979 3186 :

409 3217 528 3289 Ego
553 3218 764 3273 salvabo
794 3234 998 3289 gregem
1029 3235 1220 3283 meum,
1246 3228 1294 3274 et
1321 3236 1425 3275 non
1455 3222 1553 3276 erit
1584 3221 1724 3275 ultra
1752 3222 1808 3276 in
1837 3222 1982 3293 rapi-

409 3326 557 3376 nam,
583 3321 630 3365 et
654 3309 909 3381 judicabo
936 3311 1073 3366 inter
1114 3312 1332 3366 arietem
1372 3324 1421 3368 et
1457 3313 1696 3381 arietem,
1735 3324 1786 3370 et
1814 3316 1983 3370 susci-

2712 2096 2872 2150 ΚΕΦ.
2911 2094 3012 2147 ΙΖ’.

2025 2230 2045 2257 ,
2078 2198 2275 2262 Ὅπως
2317 2195 2380 2248 αἱ
2418 2191 2568 2246 θεῖαι
2622 2187 2854 2262 Γραφιιᾴ
2906 2183 3046 2262 napi
3085 2181 3194 2250 τῆς
3240 2179 3349 2234 τοῦ

2146 2246 2767 2336 ἦμῶνίάτελευτήέοτ]
2797 2246 3121 2336 ,βασιλείας
3143 2246 3665 2336 ζὲξαριστήῶσιϊιξαί

2146 2318 2609 2402 έίΪςῙΜάρκελλος
2633 2318 2834 2402 νυμνῇ
2867 2323 2941 2402 τῇ
2976 2318 3210 2402 κεφαλῇ
3238 2318 3663 2388 παυθήσεσθαι

2148 2395 2334 2461 αὑτοῦ
2353 2395 2472 2472 τὴν
2498 2395 2830 2466 ,βασιλείαν
2851 2395 3238 2465 ἀπεφαίνετο.

2148 2498 2213 2551 El
2250 2496 2309 2551 δὲ
2353 2494 2460 2567 χρὴ
2513 2492 2688 2546 ταῦτα
2736 2489 2849 2563 (27)
2903 2480 3397 2556 ὲπισφραγίσεσθαι
3451 2495 3667 2551 προφηα

2077 2591 2204 2662 τικῇ
2248 2588 2357 2661 (28)
2387 2584 2664 2659 σφραγίδι,
2693 2585 2773 2647 είς
2820 2581 3042 2653 βεϐαίαν
3076 2578 3337 2633 πίστωσιν
3365 2572 3477 2627 τῶν
3512 2573 3665 2642 εἰρη-

2084 2680 2257 2752 μένων
2288 2678 2398 2751 (29)
2431 2676 2707 2749 μαρτυρίᾳ
2735 2675 3010 2746 χρήσομαι
3041 2666 3363 2743 προφητικῷ
3389 2664 3667 2736 πνεύματι

2081 2764 2153 2824 δι’
2197 2767 2464 2840 Ἰεζεκιὴλ
2487 2767 2578 2821 τοῦ
2607 2768 2887 2841 προφήτου
2910 2762 3049 2817 αὐτὰ
3071 2761 3181 2830 (50)
3205 2759 3269 2831 δὴ
3301 2757 3469 2812 ταῦτα
3492 2755 3669 2810 τοιαύι

2079 2877 2199 2925 ταις
2228 2859 2540 2923 θεσπίςοντι
2573 2858 2776 2927 φωναῖς
2795 2872 2811 2887 ο
2852 2852 2997 2909 Τάδε
3022 2852 3185 2922 λέγει
3211 2851 3451 2918 Κύριος,
3506 2846 3667 2903 Ἰδοὺ

2079 2952 2194 3024 ἐγὼ
2232 2950 2465 3022 ζητήσω
2502 2949 2577 3004 τὰ
2619 2945 2885 3020 πρόϐατά
2927 2953 3067 3016 μου,
3123 2943 3222 2997 καὶ
3265 2941 3669 3009 ἐπισκέψομαι

2080 3042 2266 3101 αὑτάο
2310 3043 2512 3112 ὥσπερ
2544 3041 2704 3110 ζητεῖ
2735 3043 2768 3096 ὁ
2801 3037 3027 3108 ποιμὴν
3061 3037 3127 3090 τὸ
3165 3035 3448 3103 ποίμνιον
3479 3031 3671 3086 αὐτοῦ

2080 3137 2150 3193 ἐν
2177 3135 2382 3207 ἡμέρᾳ,
2415 3133 2561 3188 ὅταν
2587 3128 2632 3204 ᾖ
2651 3133 2875 3202 γνόφος
2900 3130 2997 3183 καὶ
3021 3126 3246 3197 νεφέλη
3274 3123 3534 3193 ἐνμέσῳ
3556 3124 3667 3194 (51)

2082 3225 2392 3297 προϐάτων
2417 3221 2969 3293 διακεχωρισμένων
2988 3235 3003 3249 ο
3037 3218 3227 3283 οὕτως
3252 3215 3565 3284 ἑκζητήσω
3600 3217 3672 3269 τὰ

2083 3315 2346 3389 πρόϐατά
2374 3333 2514 3386 μου.
2544 3314 2655 3367 Καὶ
2688 3312 2805 3385 μεθ’
2830 3312 3026 3384 ἕτερα·
3062 3310 3173 3365 Καὶ
3213 3306 3395 3362 σώσω
3419 3307 3494 3360 τὰ
3530 3307 3674 3375 πρό⁴

410 3404 530 3458 tabo
553 3419 708 3473 super
731 3419 820 3458 eas
843 3414 1102 3473 pastorem
1126 3407 1215 3475 qui
1242 3417 1424 3476 pascat
1450 3424 1560 3477 eas,
1584 3428 1789 3469 seruum
1810 3427 1979 3466 meum

2117 3376 2233 3465 ατὰ
2263 3376 2417 3479 μου.-
2441 3406 2541 3461 καὶ
2564 3407 2636 3460 οὐ
2656 3376 2742 3474 μὴ
2773 3376 3042 3458 ὦσινέτι
3068 3403 3155 3465 είς
3186 3397 3527 3468 προνομήν.
3560 3396 3674 3451 Καὶ

412 3489 586 3548 David
601 3505 622 3545 :
646 3494 753 3562 ipse
776 3495 877 3548 erit
903 3494 967 3548 iis
995 3495 1053 3548 in
1083 3507 1364 3563 pastorem.
1390 3495 1459 3551 Et
1491 3515 1583 3570 ego
1610 3500 1866 3557 Dominus
1897 3518 1985 3558 ero

413 3582 487 3639 iis
512 3584 570 3638 in
593 3581 786 3650 Deum,
809 3592 858 3638 et
883 3600 1060 3639 servus
1083 3601 1230 3641 meus
1256 3586 1427 3642 David
1451 3592 1690 3660 princeps
1723 3593 1781 3646 in
1815 3593 1985 3647 medio

414 3691 616 3729 eorum.
661 3674 777 3744 Ego
817 3673 1070 3728 Dominus
1101 3675 1303 3732 locutus
1349 3695 1487 3733 sum.
1524 3678 1594 3735 Et
1635 3681 1832 3750 faciam
1868 3699 1987 3737 cum

413 3764 616 3819 Davide
639 3766 919 3832 pactum".
943 3766 999 3820 ln
1019 3770 1367 3835 sequentibus
1397 3770 1554 3839 paulo
1573 3780 1695 3841 post
1727 3773 1866 3828 idem
1894 3788 1987 3827 va-

415 3856 660 3910 ticinium
708 3857 1046 3926 reduplicat:
1085 3859 1149 3912 Et
1187 3860 1358 3915 salvos
1391 3877 1478 3917 eos
1517 3864 1712 3932 faciam
1758 3863 1823 3919 de
1868 3866 1988 3919 uni-

414 3948 574 4001 versis
618 3946 985 4017 iniquitatibus
1037 3967 1250 4020 eorum,
1291 3954 1349 4007 in
1391 3955 1577 4023 quibus
1617 3969 1985 4023 peccaverunt,

411 4047 462 4090 et
498 4036 761 4091 mundabo
800 4055 910 4094 eos.
950 4038 1020 4093 Et
1064 4053 1213 4095 erunt
1243 4043 1374 4097 mihi
1406 4045 1462 4098 in
1494 4045 1763 4115 populum,
1805 4056 1855 4102 et
1895 4065 1986 4118 ego

412 4136 504 4174 ero
540 4122 606 4176 iis
632 4124 687 4176 in
724 4123 892 4178 Deum
918 4166 934 4192 ,
976 4135 1026 4181 et
1062 4145 1242 4184 servus
1285 4147 1429 4185 meus
1457 4131 1626 4187 David
1665 4137 1901 4205 princeps
1932 4138 1987 4192 iu

412 4212 586 4266 medio
638 4229 842 4269 eorum.
886 4216 953 4270 Et
996 4231 1177 4283 pastor
1221 4238 1358 4279 unus
1405 4228 1503 4281 erit
1561 4229 1795 4282 omnium
1855 4230 1987 4283 isto-

414 4318 532 4357 rum
572 4304 639 4359 ".
696 4305 766 4360 Et
814 4308 1091 4381 subjungit
1134 4313 1354 4370 ‘iterum
1391 4335 1407 4372 :
1453 4316 1524 4372 Et
1583 4318 1754 4373 David
1806 4336 1986 4375 servus

417 4400 480 4458 ᾖ
517 4412 659 4451 meus
673 4398 911 4470 princeps
931 4418 1109 4457 eorum
1134 4406 1233 4459 erit
1251 4407 1306 4461 in
1319 4420 1619 4477 perpetuum
1634 4410 1704 4465 ’⁸.
1732 4408 1868 4466 Vide
1887 4428 1986 4466 au-

417 4494 527 4541 tem
558 4495 618 4541 ut
644 4488 845 4558 ubique
900 4490 954 4544 in
1004 4493 1121 4548 istis
1147 4493 1292 4550 Deus
1319 4512 1423 4551 non
1462 4510 1666 4567 pastor,
1705 4516 1809 4554 non
1840 4500 1989 4571 prin-

416 4589 567 4643 ceps,
619 4576 714 4631 sed
756 4577 897 4635 Deus
933 4581 1146 4637 futurus
1183 4584 1254 4639 sit
1306 4601 1492 4641 eorum
1546 4589 1638 4657 qui
1685 4589 1830 4658 digni
1884 4590 1985 4643 ha-

412 4667 513 4723 biti
554 4679 685 4725 sunt
734 4679 792 4726 ut
834 4671 1051 4728 beatum
1105 4676 1267 4732 ﬁnem
1309 4690 1728 4749 consequantur.
1774 4679 1981 4736 ﬂorum

413 4772 545 4815 vero
571 4764 821 4833 princeps
846 4773 1008 4834 atque
1037 4779 1221 4837 pastor
1248 4768 1460 4825 futurus
1484 4785 1607 4826 esse
1642 4772 1838 4826 dicitur
1875 4774 1982 4827 Da-

413 4850 504 4905 vid
537 4854 670 4910 :ubi
714 4855 817 4909 sub
848 4856 1124 4913 involucra
1168 4859 1383 4917 Davidis
1419 4861 1670 4918 Christus
1710 4865 1984 4934 signiﬁca-

418 4951 527 5006 tur,
578 4957 645 4998 eo
692 4946 836 5014 quod
875 4946 944 5003 de
979 4949 1188 5005 semine
1231 4950 1402 5020 ipsius
1432 4940 1551 5008 fuit.
1585 4952 1700 5009 Hoc
1732 4955 1807 5009 ita
1861 4970 1982 5014 esse

591 5094 926 5177 ,Εάλέδδτίεοο
956 5105 1224 5176 pas-188.
1252 5106 1375 5163 189.

416 5167 464 5198 ’⁸
497 5168 623 5223 ibid.
677 5167 769 5223 25.

488 5348 601 5423 (25)
652 5349 823 5422 Vulgo
870 5350 1189 5407 παύσασθαι
1261 5362 1318 5406 et
1392 5366 1516 5407 mox
1588 5350 1974 5425 ’ὲνδεικνυόμε-

414 5436 528 5475 νον.

509 5490 599 5562 26)
624 5490 797 5562 Vulso
825 5493 947 5562 ‘le-

509 5494 578 5544 26
624 5494 797 5559 Vulgo
825 5494 947 5562 τήν.

488 5494 604 5636 l'EZl
645 5560 812 5636 Eulso
836 5560 1324 5636 ἐπισφραγὲςεσβαι
1362 5570 1573 5636 eum
1602 5565 1669 5636 τῇ
1696 5581 1839 5636 ,σφρε

643 5627 724 5697 Τῇ
750 5627 1067 5704 ’σφραγῖδα
1090 5627 1101 5631 ⁷
1121 5631 1301 5704 Malim
1335 5631 1462 5697 τινί,
1487 5643 1543 5704 et
1581 5627 1669 5697 εἰς’
1688 5627 1980 5704 βεϐαίωσιν

420 5698 517 5772 Ξαί
546 5698 863 5772 πίστεισιν(
892 5698 1066 5755 Locus
1108 5702 1394 5772 propheta:
1443 5702 1535 5771 qui
1582 5698 1848 5772 sequitur,
1898 5714 1982 5760 est

424 5767 621 5823 Ezccb.
644 5783 827 5840 xuiv,
858 5772 943 5841 11,
968 5772 1057 5828 ubi
1073 5767 1268 5842 aliqua:
1293 5767 1605 5832 diﬂcréntia:
1628 5767 1983 5835 animadverti

1471 5110 1517 5142 "
1553 5109 1752 5168 Ezech.
1780 5129 1966 5185 xxnv,
1990 5117 2080 5186 11,
2119 5118 2208 5174 12.

2085 3499 2266 3572 κρινῶ
2291 3499 2407 3556 ἀνὰ
2419 3497 2617 3569 μέσον
2639 3495 2809 3565 κριοῦ
2831 3493 2982 3563 πρὸς
3002 3492 3189 3561 κριόν
3214 3490 3314 3545 καί
3335 3488 3675 3555 ἀναστήσω

2084 3588 2176 3647 ἐπ’
2221 3591 2444 3657 αὐτοὺς
2494 3588 2767 3658 ποιμένα,
2818 3586 2918 3640 καὶ
2952 3581 3236 3653 ποιμανεῖ
3271 3580 3522 3648 αὐτοὺς,
3568 3579 3677 3634 τὸν

2085 3686 2310 3741 δοῦλόν
2324 3683 2443 3754 μου
2484 3681 2680 3746 Δαϐὶδ,
2721 3680 2819 3733 καὶ
2857 3678 3030 3733 ἔσται
3052 3676 3253 3731 αὐτῶν
3284 3674 3538 3744 ποιμὴν,
3577 3673 3675 3726 καὶ

2083 3775 2199 3846 ἐγὼ
2229 3776 2441 3845 Κύριος
2459 3775 2671 3843 ἔσομαι
2696 3769 2900 3836 αὐτοῖς
2926 3771 3013 3835 εἰς
3048 3767 3220 3833 Θεὸν,
3251 3765 3353 3820 καὶ
3395 3764 3583 3819 Δαεὶδ
3609 3764 3680 3817 ἐν

2079 3866 2248 3936 μέσῳ
2288 3862 2487 3919 αὐτῶν
2526 3861 2748 3932 ἄρχων.
2811 3858 2953 3931 Ἐγὼ
2990 3858 3206 3926 Κύριος
3246 3854 3534 3922 ἐλάλησα
3577 3853 3677 3907 καὶ

2085 3953 2441 4023 διαθήσομαι
2486 3948 2568 4017 τῷ
2609 3949 2786 4005 Δαϐὶδ
2830 3947 3145 4016 διαθήκην.
3196 3948 3308 4001 Καὶ
3352 3945 3475 4017 μεθ’
3510 3946 3681 4018 ἕτερα

2085 4044 2326 4115 δευτεροί
2356 4042 2454 4113 τὴν
2482 4041 2651 4112 αὐτὴν
2681 4039 3021 4112 προφητείαν
3041 4038 3239 4106 λέγων’
3273 4036 3388 4091 Καὶ
3404 4038 3682 4107 ῥύσομαι

2086 4133 2308 4199 αὐτοὺς
2342 4133 2459 4188 ἀπὸ
2495 4130 2708 4187 πασῶν
2738 4131 2857 4187 τῶν
2889 4128 3155 4199 ἀνομιῶν
3182 4126 3404 4191 αὐτῶν,
3439 4122 3534 4182 ὧν
3566 4128 3681 4200 ('52)

2085 4225 2438 4296 ήμάρτοσαν
2476 4224 2546 4277 ἐν
2580 4221 2821 4288 αὑταῖς
2858 4221 2958 4276 καί
2994 4218 3252 4290 καθαριῶ
3284 4220 3539 4285 αὐτοὺς,
3578 4220 3682 4274 καί

2086 4319 2332 4374 ἔσονταί
2377 4335 2475 4389 μοι
2527 4320 2615 4382 είς
2667 4316 2846 4382 λεὼν,
2893 4314 2996 4369 καί
3027 4314 3143 4385 ἐγὼ
3195 4314 3415 4383 ἔσομαι
3468 4313 3684 4378 αὐτοῖς

2087 4415 2174 4477 είς
2226 4409 2401 4476 Θεὸν,
2450 4409 2549 4462 καὶ
2610 4411 2643 4462 ό
2694 4406 2916 4472 δοῦλός
2957 4424 3074 4476 μου
3130 4404 3311 4459 Δαόὶδ
3351 4405 3567 4474 ἄρχων
3612 4405 3684 4457 ἐν

2083 4503 2250 4575 μέσῳ
2285 4500 2487 4556 αὐτῶν
2534 4499 2636 4555 καὶ
2685 4502 2911 4569 ποιμὴν
2947 4499 3120 4553 ἔσται
3173 4495 3419 4551 πάντων
3452 4496 3680 4551 αὐτῶν.

2086 4597 2198 4650 Καὶ
2235 4590 2390 4657 αὖθις
2449 4591 2724 4660 ἐπιλέγει·
2781 4589 2892 4644 Καὶ
2947 4587 3125 4643 Δαϐὶδ
3182 4590 3216 4642 ὁ
3270 4587 3500 4654 δοῦλός
3555 4604 3683 4657 μου

2013 4716 2060 4771 D
2087 4686 2288 4757 ἄρχων
2342 4681 2669 4747 astaram
2727 4680 2835 4734 τὸν
2902 4677 3106 4734 αἰῶνα.
3170 4678 3282 4732 Θέα
3324 4678 3383 4731 δὲ
3426 4681 3489 4732 ἐν
3543 4680 3683 4732 πᾶσι

2086 4776 2295 4841 τούτοις
2328 4774 2404 4838 ὡς
2444 4774 2473 4827 ὁ
2521 4772 2619 4845 μὲν
2647 4772 2782 4836 Θεὸς
2824 4772 2885 4825 οὑ
2915 4770 3120 4842 ποιμὴν
3145 4768 3268 4822 οὐδὲ
3295 4768 3507 4841 ἄρχων,
3541 4768 3681 4822 am

2086 4868 2219 4932 Θεὸς
2262 4864 2479 4920 ἔσεσθαι
2518 4862 2627 4917 τῶν
2662 4861 2756 4917 τοῦ
2800 4862 3070 4935 μακαρίου
3114 4862 3301 4924 τέλους
3324 4860 3681 4935 ’καταξιωθηο

2088 4956 2332 5032 σομένων
2359 4957 2579 5027 λέγεται
2593 4971 2607 4985 ο
2638 4954 2747 5008 τῶν
2767 4954 2824 5008 δὲ
2843 4953 3023 5008 αὐτῶν
3040 4952 3246 5008 τούτων
3268 4955 3679 5026 προφητεύεται

2317 5116 2366 5148 ³⁸
2406 5112 2537 5169 ibid.
2585 5111 2777 5168 22-25.
2870 5112 2917 5146 "
2956 5111 3156 5167 Ezecb.
3200 5126 3417 5178 xxxv",
3450 5109 3548 5177 9.3,
3576 5108 3677 5181 ει.

2085 5368 2312 5483 rigescunt!
2384 5360 2526 5419 inter
2584 5362 2948 5421 Eusebianam
3002 5374 3056 5420 et
3121 5361 3406 5434 vulgatam
3477 5360 3679 5418 lectio-

2161 5446 2231 5483 m.
2321 5468 2337 5483 .

2161 5446 2231 5483 m.
2264 5446 2337 5484 Μ.

2176 5499 2247 5555 29
2302 5500 2470 5573 Vulgo
2492 5504 2754 5575 μάρτυρι.

2180 5571 2248 5624 '50
2305 5570 2579 5642 Vulgo‘dé.

2178 5641 2250 5694 51.
2298 5639 2466 5709 Vulgo
2520 5644 2754 5715 7:p06.a1

2179 5710 2246 5766 52
2308 5711 2479 5783 Vulgo
2504 5715 2754 5783 ἡμάρτηο

2178 5639 2266 5718 ξιξ.)
2298 5639 2466 5718 Vulgo
2517 5644 2684 5718 προσ.
2710 5643 2876 5698 αὑτοῦ
2903 5655 2959 5703 et
2980 5660 3107 5702 mox
3124 5643 3255 5700 καθ’
3283 5644 3470 5718 ἕτερα.

2179 5710 2267 5783 52)
2308 5711 2479 5785 Vulgo
2504 5710 2858 5788 ἡμάρτησαν.
