3810 6218
190 349 330 403 ίῦὅῖἳ

1104 347 1194 404 DE
1232 340 1773 408 ECCLESIASTICA
1812 342 2211 410 THEOLOGIA
2253 342 2389 408 LIB:
2424 343 2515 408 ιιι.

3294 340 3436 402 i038

184 464 369 537 ἄρχων
414 463 509 516 καὶ
554 462 756 535 ποιμὴν
803 465 1129 537 γενήσεσθαι
1178 470 1208 521 6
1254 468 1418 523 Aa6i6
1440 486 1455 503 ο
1512 472 1761 524 ἐπικεκα-

1870 478 2016 538 patet
2046 473 2189 540 quod
2217 471 2381 527 David
2409 479 2568 525 aetate
2594 468 2749 538 longe
2772 465 3130 524 antecedebat
3155 465 3273 521 haec
3299 474 3439 521 tem-

183 555 475 626 λυμμένως
504 555 742 610 ἐνταῦθα
768 556 861 610 τοῦ
883 557 1049 612 Δαὸὶδ
1082 559 1173 613 τὸν
1196 561 1431 633 Χριστὸν
1456 560 1761 632 αἰνιττομέ-

180 662 279 702 νου
302 646 391 701 διά
429 647 490 701 τὸ
526 649 592 701 ἐκ
625 649 940 721 σπέρματος
962 650 1127 705 αὑτοῦ
1165 653 1465 722 γεγονέναι.
1510 655 1680 708 Τοῦτο
1703 651 1762 709 δὲ

181 737 344 808 δῆλον
384 741 449 792 ὲκ
492 732 587 792 τοῦ
640 740 1064 813 προτεθνηκέναι
1100 743 1192 798 τὸν
1230 745 1393 799 Δαϐὶδ
1427 745 1521 800 τοῦ
1546 747 1760 819 χρόνου,

183 829 309 883 καθ’
340 830 399 884 ὃν
424 830 577 885 ταῦτ’
598 832 833 902 ἐλέγετο.
880 836 1223 907 Σαφέστερον
1251 836 1306 890 δὲ
1333 837 1506 892 ταῦτα
1531 839 1625 893 καὶ
1656 840 1763 893 Δα-

182 922 305 992 νιὴλ
350 924 379 975 6
417 925 702 996 προφήτης
735 925 979 991 θεσπίζει
1003 967 1018 991 ,
1062 920 1154 982 τὸν
1195 929 1430 1000 Χριστὸν
1472 924 1567 984 τοῦ
1603 931 1763 999 Θεοῦ,

192 1011 331 1066 Υίὸν
356 1011 668 1081 ἀνθρώπου
695 1014 975 1084 ὀνομάζων
1003 1016 1211 1080 λευκῶς
1231 1055 1245 1081 ,
1274 1010 1446 1081 οὕτως
1476 1014 1568 1073 οὖν
1602 1019 1698 1073 καὶ
1729 1020 1764 1091 ἡ

180 1096 292 1158 τῶν
322 1104 479 1174 ἱερῶν
494 1105 839 1174 Εὐαγγελίων
860 1106 1048 1160 εἴωθεν
1066 1100 1226 1162 αὐτὸν
1246 1108 1536 1164 ἀποκαλεῖν
1557 1112 1763 1184 γραφή.

179 1196 348 1264 Λέγει
371 1196 428 1249 δὲ
453 1196 640 1251 τοῦτον
670 1198 760 1252 τὸν
788 1199 985 1268 τρόπον
1004 1215 1019 1229 ⁸
1066 1198 1390 1270 Ἐθεώρουν
1419 1203 1489 1256 ἐν
1519 1198 1766 1273 ὁράματι

177 1285 295 1356 τῆς
314 1288 535 1355 νυκτὸς
555 1333 568 1353 ,
608 1289 705 1344 καὶ
730 1288 858 1343 ἰδοὺ
886 1289 1035 1359 μετὰ
1059 1289 1177 1343 τῶν
1204 1291 1476 1361 νεφελῶν
1507 1292 1614 1347 τοῦ
1659 1294 1763 1346 οὺ-

175 1381 389 1448 ρανοῦ,
418 1381 501 1447 ὡς
536 1381 666 1448 Υἱὸς
693 1380 1007 1451 ἀνθρώπου
1041 1383 1364 1463 ἐρχόμενος
1387 1380 1467 1455 ἦν
1487 1401 1502 1415 ο
1536 1383 1634 1439 καὶ
1654 1384 1765 1451 ἕως

176 1468 292 1523 τοῦ
345 1469 613 1524 Παλαιοῦ
679 1468 798 1523 τῶν
843 1464 1080 1539 ἡμερῶν
1136 1470 1366 1540 ἔφθασε
1428 1471 1528 1526 καὶ
1575 1485 1764 1542 προσ-

174 1559 410 1629 ηνέχθη
432 1600 448 1624 ,
482 1560 583 1614 καί
604 1560 765 1626 αὐτῷ
788 1552 968 1630 ἐδόθη
999 1563 1038 1630 ἡ
1071 1561 1251 1633 ἀρχὴ,
1282 1563 1380 1617 καὶ
1407 1565 1448 1633 ἠ
1475 1563 1637 1634 τιμὴ,
1666 1562 1765 1618 καὶ

178 1649 223 1719 ἢ
250 1649 544 1716 ,βασιλεία
567 1669 581 1682 ·
613 1651 712 1705 καὶ
744 1650 968 1719 πάντες
991 1657 1043 1708 οἱ
1068 1654 1226 1718 λαοὶ,
1252 1654 1462 1723 φυλαὶ,
1492 1652 1766 1724 γλῶσσαι

176 1742 345 1809 αὐτῷ
374 1741 838 1797 δουλεύσουσιν.
880 1737 956 1798 Ἣ
992 1743 1245 1809 ἐξουσία
1286 1745 1474 1800 αὐτοῦ
1511 1742 1766 1811 ἐξουσία

1864 574 2014 629 pora.
2038 561 2249 623 Clarius
2276 561 2391 616 haec
2416 563 2529 632 ipsa
2556 559 2889 614 vaticinatur
2917 555 3123 622 Daniel.
3145 554 3238 611 ubi
3269 554 3435 610 Chri-

1863 662 2005 706 stum
2028 651 2263 722 appellat
2293 650 2493 705 Filium
2522 650 2765 715 hominis,
2804 662 2910 719 quo
2936 647 3153 703 nomine
3180 645 3437 716 {req-uen-

1862 754 1946 800 ter
1973 743 2025 798 in
2054 738 2358 813 Evangeliis
2388 752 2701 813 usurpatur.
2734 741 2825 796 Ait
2848 747 3028 796 autem
3060 753 3076 793 :
3103 738 3432 807 Aspioiebam
3500 760 3513 809 ρΔ

1861 836 1919 890 in
1949 835 2141 892 visione
2172 835 2360 900 noctis,
2396 845 2443 889 et
2468 850 2585 890 ecce
2604 850 2723 889 eum
2745 833 2966 887 nubibus
2995 830 3108 885 caeli
3144 831 3300 900 quasi
3338 826 3434 882 Fi—
3511 829 3522 846 ‘

1862 928 1965 984 lius
1997 918 2220 984 hominis
2253 928 2520 993 veniebat;
2543 937 2590 981 et
2620 934 2782 997 usque
2809 924 2879 979 ad
2916 923 3197 993 Antiquam
3227 922 3433 975 dierum

1863 1022 2132 1091 pervenit;
2153 1028 2200 1075 et
2226 1021 2281 1073 in
2304 1028 2580 1089 conspectu
2605 1018 2718 1088 ejus
2759 1015 3055 1071 obtulerunt
3081 1029 3231 1078 eum;
3269 1023 3317 1066 et
3341 1012 3435 1064 de-

1864 1110 1942 1161 dit
1984 1108 2034 1162 ei
2086 1116 2410 1177 potestatem,
2445 1116 2495 1160 et
2521 1106 2771 1160 honorem
2816 1114 2864 1159 et
2911 1118 3146 1173 regnum,
3179 1110 3229 1154 et
3256 1114 3434 1154 omnes

1862 1199 2060 1268 populi,
2106 1198 2277 1252 tribus
2307 1207 2356 1250 et
2396 1197 2588 1268 lingua:
2618 1196 2718 1266 ipsi
2741 1195 2982 1249 servient.
3018 1191 3260 1247 Potestas
3294 1188 3430 1260 ejus,

1863 1301 2091 1360 potestas
2119 1301 2336 1353 (eterna.
2368 1306 2487 1360 quia
2518 1305 2621 1343 non
2646 1289 2935 1357 auferetur,
2979 1297 3026 1340 et
3059 1301 3274 1357 regnum
3315 1283 3433 1353 ejus

1863 1384 2004 1454 quod
2032 1398 2137 1435 non
2169 1379 2612 1449 corrumpetur“.
2651 1377 2810 1432 Vides
2842 1385 2902 1433 ut
2926 1378 2979 1432 in
3011 1375 3128 1432 istis
3182 1377 3432 1431 incorrua-

1864 1474 2049 1545 ptibile
2069 1487 2179 1528 non
2199 1484 2507 1538 senescens,
2531 1471 2648 1526 sine
2676 1469 2782 1524 ﬁne
2804 1468 3040 1524 futurum
3062 1468 3178 1537 ejus
3205 1483 3433 1538 regnum

1864 1566 2123 1637 propheta
2180 1563 2418 1620 declaret
2464 1582 2479 1618 :
2529 1577 2636 1618 non
2677 1550 2895 1633 quidem
2930 1546 3105 1616 Verbi
3143 1559 3242 1615 Dei
3288 1559 3434 1615 illius

1865 1655 2006 1728 quod
2035 1658 2089 1712 in
2116 1656 2223 1711 Deo
2244 1656 2408 1723 inest,
2434 1655 2529 1710 sed
2556 1652 2686 1708 Filii
2712 1654 2955 1708 hominis.
2985 1651 3153 1720 Quem
3185 1651 3435 1707 eumdem

1868 1746 2102 1804 hominis
2127 1746 2325 1802 Filium
2376 1747 2539 1802 alium
2590 1753 2646 1801 et
2682 1745 2954 1802 diversum
3003 1757 3123 1800 esse
3160 1743 3316 1799 docet
3363 1744 3435 1798 ah

178 1833 440 1900 αἰώνιος,
483 1834 617 1903 ἣτις
658 1836 731 1889 οὐ
763 1836 1199 1904 παρελεύσεται
1216 1851 1231 1865 ·
1278 1835 1377 1891 καὶ
1404 1836 1444 1906 ἡ
1475 1837 1761 1902 ,Βασιλεία

1864 1840 2098 1910 Antiquo
2142 1841 2374 1910 dierum,
2423 1840 2513 1911 qui
2562 1855 2788 1911 regnum
2830 1838 3030 1909 accipit
3072 1847 3330 1893 aeternum
3364 1835 3436 1891 ab

175 1924 369 1979 αὑτοῦ
391 1927 464 1980 οὐ
487 1923 957 1995 διαφθαρήσεται
976 1913 1007 1981 .’
1042 1927 1293 1998 Συνορᾶς’
1311 1927 1389 1990 ὡς
1427 1928 1521 1981 καὶ
1545 1929 1603 1981 ἐν
1641 1927 1763 1982 τού-

174 2029 296 2076 τοις
322 2012 596 2086 ἄφθαρτον
644 2015 740 2068 καὶ
781 2016 973 2087 ἀγήρω
1020 2016 1115 2070 καὶ
1161 2010 1516 2089 ἁτελεῦτητον
1559 2019 1620 2072 οὐ
1666 2021 1761 2074 τοῦ

177 2105 359 2173 Λόγου
402 2105 496 2158 τοῦ
530 2090 587 2160 ἐν
620 2104 697 2176 τῷ
725 2104 844 2177 Θεῷ
875 2106 973 2177 τὴν
1016 2105 1292 2177 βασιλείαν
1334 2103 1585 2174 ἔσεσθαι,
1624 2108 1761 2164 ἀλλά

175 2196 278 2249 τοῦ
303 2194 436 2249 Υἱοῦ
485 2195 578 2251 τοῦ
627 2195 939 2269 ἀνθρώπου,
995 2198 1318 2269 παρίστησιν
1365 2196 1394 2252 6
1441 2202 1757 2272 προφήτηςσ

176 2286 371 2360 ἕτερόν
398 2306 456 2342 τε
488 2289 639 2361 παρά
664 2289 756 2343 τὸν
786 2289 1020 2344 Παλαιὸν
1059 2290 1167 2343 τῶν
1206 2291 1429 2364 ἡμερῶν
1468 2290 1653 2363 σαφῶς
1684 2294 1762 2347 δι-

174 2378 371 2433 δάσκει
395 2379 486 2434 τὸν
507 2380 636 2434 Υίὸν
666 2377 807 2435 εἶναι
833 2380 926 2435 τοῦ
959 2379 1246 2451 ἀνθρώπου
1287 2382 1380 2436 τὸν
1420 2384 1519 2455 τὴν
1548 2382 1759 2457 ἀφθαρ-

173 2488 273 2524 τον
308 2471 584 2542 βασιλείαν
618 2473 772 2545 παρὰ
794 2472 890 2527 τοῦ
914 2472 1151 2527 Παλαιοῦ
1177 2473 1286 2529 τῶν
1311 2476 1531 2546 ἡμερῶν
1559 2476 1760 2550 δηλαδὴ

177 2561 337 2634 παρά
373 2562 467 2616 τοῦ
505 2562 670 2618 αὑτοῦ
702 2565 915 2637 Πατρὸς
954 2564 1369 2636 ὑποδεξάμενον.
1421 2567 1580 2621 Ἀλλά
1606 2566 1761 2641 Μάρ-

175 2652 372 2717 κελλος
400 2652 497 2707 ἕνα
531 2655 624 2709 καὶ
665 2655 756 2709 τὸν
797 2648 962 2710 αὐτὸν
1004 2652 1143 2711 εἶναι
1190 2658 1430 2730 ὁρίζεται
1477 2660 1572 2713 καὶ
1629 2660 1760 2730 μίαν

176 2742 480 2798 ὑπόστασιν
536 2745 689 2799 δυσὶν
747 2746 1009 2817 ὀνόμασιν
1056 2748 1453 2821 ὑποκειμένην·
1513 2749 1594 2803 ἔτι
1653 2751 1761 2822 μὴν

176 2832 281 2887 καὶ
308 2831 408 2905 τὴν
446 2833 721 2904 βασιλείαν
759 2838 922 2891 αὐτοῦ
956 2839 1318 2911 περιγράφειν
1347 2841 1519 2912 τολμᾷ
1550 2843 1643 2894 κα)⁹
1669 2841 1757 2894 τέ-

175 2923 275 2989 λος
307 2925 528 2982 ἔσεσθαι
572 2929 670 3001 τῆς
708 2930 945 3001 Χριστοῦ
992 2930 1268 3002 βασιλείας
1311 2931 1542 2998 ἀναιδῶς
1588 2926 1761 2996 οὕτως

166 2996 541 3096 ῗάποφαίνεται
586 2996 722 3092 μετά
763 2996 854 3075 τὸν
904 2996 1005 3092 τῆς
1055 3025 1289 3095 κρίσεως
1321 2996 1533 3096 καιρὸν,
1572 3025 1759 3080 τοῦτον

165 3088 427 3213 Ξτράφωῠνλ
474 3112 563 3165 τὸν
588 3088 804 3184 *τρόπον
828 3131 840 3145 ’
888 3133 906 3165 ι
957 3088 1230 3182 Μέγιστον
1287 3088 1430 3185 ἡμῖν·
1464 3114 1758 3188 μυστήριον

164 3199 207 3273 [ι
238 3199 470 3255 ἐνταῦθα
494 3203 524 3254 6
564 3202 881 3267 Ἀπόστολος
909 3204 1279 3257 ἀνακαλύπτει
1298 3200 1434 3274 (55),
1453 3204 1608 3269 τέλος
1638 3205 1757 3259 ἔσε-

164 3278 207 3366 ξι
245 3290 371 3345 σθαι
429 3293 654 3362 φάσκων
700 3294 800 3364 τῆς
842 3295 1078 3367 Χριστοῦ
1132 3295 1442 3366 βασιλείας.
1496 3295 1647 3360 τέλος
1702 3294 1761 3350 δὲ

180 3402 205 3436 s
241 3383 366 3437 τότε
384 3424 400 3448 ,
444 3384 589 3438 ὅταν
631 3384 827 3439 πάντα
876 3385 1151 3457 ὑποταγῇ
1201 3386 1321 3441 ὑπὸ
1373 3385 1516 3453 τοὺς
1570 3382 1760 3450 πόδας

177 3492 205 3527 e
246 3474 455 3530 αὐτοῦ.
480 3495 500 3529 ι
538 3477 650 3531 Καὶ
698 3476 1123 3550 ὲπεξεργάζεται
1164 3478 1278 3548 (54)
1323 3478 1416 3532 τὸν
1457 3478 1615 3547 λόγον
1656 3470 1761 3530 ὧδέ

172 3581 263 3636 πη
316 3565 524 3635 λέγων·
581 3586 600 3619 ι
628 3568 879 3638 Ἕφαμεν
937 3569 995 3624 ὲν
1049 3570 1161 3634 τοῖς
1220 3569 1548 3641 προάγουσιν
1602 3568 1762 3642 ἡμῶν

177 3676 202 3709 s
242 3658 451 3728 ῥητοῖς,
508 3659 600 3712 τὸν
650 3660 924 3731 Δεσπότην
972 3659 1128 3731 ἡμῶν
1175 3661 1267 3714 τὸν
1311 3658 1544 3733 Χριστὸν
1586 3660 1762 3732 ἀρχὴν

179 3767 204 3800 ι
244 3748 536 3821 ἐσχηκέναι
573 3749 868 3819 βασιλείας,
916 3753 981 3804 ἐκ
1018 3751 1125 3805 τῶν
1168 3751 1325 3807 θείων
1360 3752 1591 3823 Γραφῶν
1618 3747 1760 3808 ἀπο-

179 3858 203 3892 s
242 3839 441 3907 δείξεσι
466 3839 761 3912 χρώμενοι.
803 3841 914 3894 Καὶ
949 3841 1213 3912 ἐπιλέγει,
1259 3843 1355 3897 καὶ
1383 3838 1519 3908 ὅλως
1547 3844 1762 3916 μυρίων

176 3949 201 3983 ι
240 3930 424 4002 ῥητῶν
454 3931 590 4002 πρὸς
620 3930 924 4002 μαρτυρίαν
968 3932 1115 3985 ἐστὶν
1161 3931 1536 4005 εὐπορήσαντα
1565 3929 1761 4003 δεῖξαι,

177 4042 201 4075 ι
237 4024 322 4076 ὅτι
348 4023 522 4095 ἀρχὴν
553 4022 662 4094 (55)
697 4022 972 4094 βασιλείας
1009 4023 1231 4095 εἴληφεν
1280 4025 1309 4076 6
1349 4026 1633 4096 ἄνθρωπος
1670 4025 1759 4080 διὰ

177 4136 201 4168 ι
240 4115 338 4169 τοῦ
366 4115 561 4184 Λόγου.
610 4118 673 4169 Εἰ
714 4113 807 4170 οὖν
856 4116 1078 4188 εἴληφεν
1123 4116 1297 4189 ἀρχὴν
1343 4118 1616 4188 βασιλείας
1652 4115 1761 4192 πρὸ

176 4222 201 4256 s
239 4201 381 4257 ὲτῶν
403 4203 537 4257 ὅλων
565 4204 623 4256 οὺ
649 4203 912 4258 πλειόνων
935 4205 968 4274 ἢ
998 4207 1386 4277 τετρακοσίων,
1407 4208 1557 4261 οὐδὲν
1586 4209 1762 4280 παρά-

1782 3164 1827 3224 ο

1864 1931 2102 2003 Antiquo
2121 1928 2351 1998 dierum,
2377 1932 2483 1987 hoc
2504 1941 2587 1988 est
2616 1934 2684 1987 ab
2708 1932 2877 2003 ipsius
2903 1930 3065 1985 Patre
3093 1945 3108 1984 :
3136 1927 3229 1984 sed
3268 1926 3437 1982 hosce

1862 2038 2027 2077 unum
2080 2033 2136 2077 et
2186 2029 2434 2077 eumdem
2489 2035 2610 2077 esse
2647 2020 2932 2077 Marcellus
2966 2020 3141 2087 docet,
3162 2030 3436 2087 unamque

1860 2112 2217 2171 substantiam
2249 2113 2459 2169 duobus
2507 2112 2816 2168 nominibus
2852 2111 3184 2181 insignitam.
3227 2107 3334 2163 Sed
3376 2116 3435 2162 et

1862 2218 2088 2275 regnum
2121 2205 2290 2274 ipsius
2318 2203 2746 2274 circumscripsit
2782 2203 2992 2258 audax:
3018 2209 3074 2257 et
3110 2200 3254 2269 quod
3283 2198 3434 2267 regni

1860 2290 2063 2352 Christi
2117 2296 2241 2351 ﬁnis
2281 2296 2355 2351 sit
2392 2295 2605 2351 futurus
2642 2304 2764 2365 post
2788 2294 2981 2366 iudicii
3023 2303 3281 2361 tempora.
3316 2289 3436 2345 sine

1859 2389 2367 2455 omniverecundia,
2391 2386 2466 2442 ita
2495 2386 2685 2443 scribit
2715 2401 2730 2438 :
2768 2403 2789 2439 ι
2822 2384 3114 2441 Maximum
3135 2381 3293 2439 nobis
3317 2394 3433 2452 my-

1865 2498 1885 2532 s
1923 2479 2147 2535 sterium
2176 2480 2267 2535 hic
2295 2478 2499 2534 revelat
2524 2478 2837 2549 Apostolus,
2874 2491 2999 2532 cum
3032 2476 3176 2545 quod
3206 2487 3433 2545 regnum

1864 2588 1886 2622 ι
1919 2570 2120 2627 Christi
2150 2572 2220 2626 sit
2256 2570 2590 2638 habiturum,
2624 2571 2788 2625 tinem
2837 2568 3056 2634 iudicet,
3106 2566 3268 2621 ﬁnem
3303 2578 3434 2619 vero

1863 2681 1886 2715 ι
1921 2670 2056 2727 tum,
2121 2678 2237 2717 cum
2301 2660 2535 2732 subjecta
2586 2660 2784 2729 fuerint
2841 2658 3016 2714 omnia
3071 2657 3166 2709 sub
3216 2653 3433 2723 pedibus

1866 2774 1886 2808 ι
1920 2755 2033 2827 ejus
2046 2754 2110 2809 ³ο.
2152 2774 2171 2808 ι
2209 2753 2381 2822 Quem
2412 2766 2718 2810 sermonem
2747 2751 2814 2806 ad
2836 2750 2984 2806 hunc
3007 2749 3225 2805 modum
3253 2746 3435 2803 adhuc

1858 2855 2152 2917 exaggerat
2184 2867 2195 2901 :
2241 2863 2262 2897 ι
2297 2844 2540 2900 Diximus
2581 2844 2634 2898 in
2665 2841 3111 2913 praecedentibus,
3144 2837 3435 2895 Dominum

1865 2956 1885 2990 s
1918 2949 2162 2993 nostrum
2191 2934 2462 2993 Christum
2489 2935 2639 3005 regni
2667 2935 2750 2989 sui
2778 2933 2989 2988 initium
3016 2931 3268 2988 habuisse
3300 2946 3316 2985 :
3346 2926 3432 2982 usi

1865 3041 1886 3076 ι
1920 3039 2105 3080 sumus
2151 3024 2219 3079 ad
2266 3022 2372 3080 hoc
2421 3024 2597 3093 ipsum
2662 3021 3048 3078 declarandum
3114 3020 3435 3076 testimoniis

1864 3133 1884 3166 ι
1922 3110 2585 3184 ScripturarumuAddit‘:
2609 3132 2628 3166 ι
2652 3112 2812 3169 Certe
2829 3119 3120 3183 suppetunt
3146 3112 3433 3165 innumera

1868 3222 1890 3258 ι
1924 3206 2103 3273 nobis,
2159 3216 2214 3262 et
2267 3206 2487 3275 quidem
2533 3206 2893 3271 abundanter,
2928 3202 3234 3259 testimonia
3287 3201 3436 3271 quod

1867 3315 1887 3351 ι
1922 3299 2146 3354 sortitus
2171 3296 2242 3352 sit
2282 3296 2433 3368 regni
2469 3297 2550 3353 sui
2584 3297 2902 3367 principium
2949 3296 3111 3350 homo
3151 3307 3250 3362 per
3292 3291 3433 3349 Ver-

1865 3407 1886 3438 ι
1921 3387 2068 3442 bum.
2106 3391 2165 3451 ›Ῑ‹
2195 3385 2258 3442 Si
2287 3402 2417 3442 vero
2446 3386 2674 3456 sumpsit
2714 3387 2818 3440 hoc
2856 3384 3072 3439 initium
3102 3391 3228 3439 ante
3261 3395 3434 3436 annos

1864 3496 1885 3531 ι
1922 3495 2027 3533 non
2045 3477 2227 3548 plures
2246 3493 2409 3548 quam
2429 3490 2576 3543 cccc,
2607 3477 2735 3547 quid
2755 3477 2949 3530 mirum
2967 3475 3012 3530 si
3035 3473 3324 3544 Apostolus
3338 3486 3432 3528 re-

1863 3591 1886 3626 ι
1918 3569 2125 3637 tulerit,
2157 3570 2302 3624 illum
2332 3570 2423 3641 qui
2458 3580 2584 3625 ante
2610 3578 2823 3638 tempus
2848 3582 2952 3622 non
2984 3576 3093 3620 tam
3116 3566 3431 3621 diuturnum

1865 3684 1884 3717 ι
1921 3663 2128 3734 accepit
2164 3677 2388 3734 regnum
2434 3676 2613 3727 suum,
2658 3661 2798 3716 idem
2831 3673 3056 3729 regnum
3106 3656 3430 3711 traditurum

1864 3773 1883 3808 ι
1917 3755 2063 3810 Patri
2081 3753 2241 3810 suo?»
2261 3754 2389 3809 Post
2405 3753 2671 3824 paucasic
2696 3750 2860 3806 infert
2880 3766 2893 3802 :
2919 3749 3086 3816 «Quid
3103 3763 3232 3816 ergo
3249 3749 3316 3802 de
3338 3748 3434 3801 hu,-

1864 3866 1883 3899 ι
1921 3862 2077 3900 mana
2108 3846 2193 3900 illa
2227 3861 2393 3901 carne
2424 3845 2734 3908 edocemur,
2769 3858 2933 3912 quam
2971 3854 3071 3911 pro
3111 3838 3265 3893 nobis
3303 3846 3433 3893 ante

1864 3959 1884 3992 ι
1919 3954 2088 3993 annos
2113 3939 2203 3993 vix
2225 3953 2351 3994 cccc
2377 3937 2615 4007 integros
2639 3935 2926 4004 assumpsit
2949 3933 3223 3990 Verbum?
3249 3938 3433 3987 utrum

1865 4048 1884 4082 ι
1924 4039 2261 4085 retenturum
2291 4030 2364 4084 sit
2394 4028 2630 4084 Verbum
2670 4030 2914 4083 eamdem
2969 4028 3024 4080 in
3052 4025 3234 4080 futuro
3261 4037 3433 4080 saecu-

1862 4139 1883 4171 ί
1924 4120 1998 4188 lo,
2051 4135 2120 4175 an
2153 4119 2487 4176 solummodo
2527 4120 2597 4174 ad
2636 4117 2826 4187 judicii
2876 4126 3105 4186 tempus.
3146 4134 3168 4169 ι
3210 4114 3278 4169 Ει
3314 4115 3432 4170 haec

1858 4212 2075 4284 quidem
2108 4226 2273 4267 ausus
2291 4223 2373 4267 est
2400 4209 2683 4266 Marcellus
2709 4207 2883 4265 effari.
2908 4210 2977 4262 At
3005 4208 3097 4262 Dei
3131 4206 3428 4277 prephette,

177 4313 200 4347 ι
234 4291 409 4359 δοξον,
430 4297 478 4349 εἰ
497 4296 589 4349 τὸν
603 4297 710 4368 πρὸ
731 4297 903 4361 οὕτως
925 4297 1108 4365 ὀλίγου
1129 4299 1319 4370 χρόνου
1345 4298 1443 4369 τῆς
1484 4298 1758 4383 βασιλείας

1864 4317 2085 4373 regnum
2111 4302 2312 4357 Christi
2336 4301 2574 4356 futurum
2605 4297 3007 4354 interminabile
3039 4295 3304 4351 deﬁniunt
3329 4310 3347 4349 :
3373 4306 3431 4349 et

176 4408 200 4443 ι
232 4389 440 4460 ταύτης
465 4392 696 4461 τυχόντα
723 4392 1081 4456 ὁἈπόστολός
1108 4409 1243 4464 φησι
1281 4390 1620 4463 παραδώσειν
1661 4392 1759 4465 τὴν

1864 4412 1888 4449 u
1920 4409 2060 4448 novo
2098 4393 2362 4462 principio
2405 4391 2817 4457 exordiendum,
2871 4397 2992 4460 post
3041 4388 3184 4442 diem
3240 4386 3431 4456 judicii

174 4500 199 4534 ‹
229 4480 507 4552 βασιλείαν
518 4482 597 4553 τῷ
611 4482 746 4554 Θεῷ.
761 4502 779 4534 ›
794 4484 902 4536 Καὶ
921 4482 1241 4555 προστίθησι
1260 4483 1376 4553 μεθ’
1390 4483 1475 4536 ἓτε
1485 4501 1551 4554 ρα
1565 4484 1756 4551 λέγων’

1864 4488 1966 4542 hoc
1991 4484 2280 4540 alﬁrmant.
2304 4482 2440 4540 N0ta
2467 4486 2612 4540 enim
2647 4483 2779 4538 mihi
2813 4493 2872 4537 ut
2894 4481 3154 4552 pmpheta
3182 4478 3432 4534 Ezechiel

176 4592 201 4627 ‹
238 4572 309 4625 Τί
337 4574 513 4627 τοίνυν
547 4572 658 4644 (56)
695 4573 1035 4644 μανθάνομεν
1092 4574 1221 4645 περὶ
1263 4572 1363 4644 τῆς
1411 4573 1759 4647 ἀνθρωπίνης

177 4684 199 4718 ι
239 4664 464 4735 σαρκὸς,
491 4665 555 4735 ἥν
585 4665 651 4719 δι’
684 4666 830 4737 ἡμᾶς
858 4665 1077 4736 εἴληφεν
1100 4669 1128 4718 6
1150 4665 1339 4734 Λόγος,
1374 4664 1480 4735 πρὸ
1502 4683 1762 4736 τετρακο-

175 4776 198 4808 ‹
239 4759 373 4811 σίων
407 4758 506 4828 οὐχ
536 4758 674 4811 ὅλων
708 4756 880 4823 ὲτῶν;
916 4756 1151 4829 Πότερόν
1191 4775 1322 4811 ποτε
1354 4757 1557 4828 ταύτην
1586 4758 1679 4812 καὶ
1703 4760 1761 4813 ὲν

176 4869 200 4902 s
231 4850 347 4912 τοῖς
379 4848 659 4919 μέλλουσιν
711 4848 901 4903 αἰῶσιν
930 4852 958 4903 6
984 4851 1155 4918 Λόγος
1187 4850 1332 4916 ἓξει;
1375 4849 1409 4921 ἦ
1437 4850 1564 4923 ἄχρι
1601 4851 1762 4921 μόνου

175 4960 199 4993 s
235 4940 334 4993 τοῦ
362 4939 462 5010 τῆς
489 4940 723 5012 κρίσεως
755 4942 946 5013 καιροῦ
969 4958 983 5006 ;
1009 4961 1028 4993 ι
1067 4941 1382 5012 Μάρκελλος
1410 4941 1508 5011 μὲν
1529 4937 1621 4995 οῦν
1647 4959 1760 4995 τοι·

165 5031 321 5087 αῦτα
364 5031 543 5100 λέγειν
588 5033 825 5103 ἐτόλμα·
875 5035 924 5085 οἰ
959 5033 1015 5086 δέ
1059 5048 1123 5101 γε
1161 5031 1253 5085 τοῦ
1299 5031 1433 5085 Θεοῦ
1481 5032 1758 5104 προφῆται

170 5122 538 5193 ἀτελεύτητον
583 5123 675 5177 τοῦ
706 5123 942 5195 Χριστοῦ
990 5124 1090 5194 τὴν
1137 5122 1410 5192 βασιλείαν
1455 5123 1758 5195 ὁριζόμενοι

172 5212 324 5287 μετά
376 5214 467 5269 τὸν
509 5216 608 5287 τῆς
648 5217 879 5287 κρίσεως
916 5214 1105 5287 καιρὸν
1145 5215 1238 5268 τοῦ
1287 5216 1406 5269 νέου
1437 5216 1631 5278 αἰῶνος
1661 5217 1758 5288 τὴν

170 5305 356 5379 ἀρχὴν
388 5304 501 5377 (57)
531 5305 779 5370 καθέξειν
806 5307 966 5361 αὐτόν
992 5324 1144 5377 φασι.
1180 5307 1287 5377 Θέα
1318 5306 1426 5378 γὰρ
1456 5309 1486 5360 6
1515 5307 1590 5370 ὡς
1620 5325 1757 5379 προ-

1861 4577 2149 4632 discrimen
2199 4585 2463 4645 supponat
2500 4575 2681 4630 ovium
2730 4572 2822 4628 Dei
2853 4611 2871 4636 ,
2916 4580 2970 4626 et
3020 4580 3140 4640 post
3170 4569 3430 4639 judicium

1861 4669 2028 4724 David
2059 4669 2126 4723 iis
2157 4679 2431 4737 pastorem
2455 4666 2733 4737 praeﬁciat,
2775 4679 2935 4734 quem
2960 4673 3011 4718 et
3043 4663 3340 4733 principem
3368 4659 3433 4713 il-

1860 4760 2036 4816 lorum
2069 4760 2307 4815 futurum
2351 4758 2697 4814 vaticinatur.
2732 4755 2916 4811 Daniel
2959 4764 3137 4810 autem
3165 4753 3254 4807 ubi
3290 4763 3428 4821 prae-

1864 4856 2089 4909 miserat
2119 4871 2131 4907 :
2164 4851 2500 4907 Consideravi
2537 4860 2710 4905 autem
2755 4849 2917 4903 donec
2943 4850 3117 4902 throni
3139 4857 3431 4901 statueren-

1862 4953 1975 5007 tur,
2031 4952 2083 4997 et
2123 4943 2378 5009 Antiquus
2425 4941 2630 4994 dierum
2666 4940 2802 4994 sedit
2839 4954 2859 4993 :
2906 4939 3264 4992 vestimentum
3316 4933 3429 5001 ejus

1859 5036 2140 5090 candidum
2171 5035 2321 5104 quasi
2344 5035 2456 5097 nim,
2484 5043 2533 5086 et
2572 5030 2750 5101 capilli
2774 5031 2955 5100 capitis
2984 5032 3098 5099 ejus
3129 5026 3280 5098 quasi
3305 5024 3429 5077 lana

1859 5128 2055 5181 munda
2088 5143 2107 5181 :
2142 5128 2356 5180 thronus
2382 5125 2495 5192 ejus
2521 5124 2735 5193 ﬂamma
2757 5123 2893 5194 ignis
2923 5134 2944 5175 :
2974 5132 3102 5175 rota:
3139 5120 3251 5188 ejus
3289 5118 3423 5185 ignis

1860 5234 2128 5273 accensus.
2152 5216 2374 5273 Flavius
2396 5220 2531 5289 ignis
2562 5219 2870 5288 rapidusque
2889 5212 3247 5283 egrediebatur
3279 5227 3310 5262 a
3341 5209 3426 5276 fa-

1859 5311 1934 5365 cie
1966 5311 2079 5377 eius
2111 5328 2127 5364 :
2159 5310 2328 5365 millia
2376 5312 2598 5365 millium
2642 5307 3008 5363 ministrabant
3052 5305 3122 5371 ei,
3174 5312 3221 5356 et
3256 5300 3425 5356 decies

255 5449 320 5508 is
351 5442 664 5510 Ed.Paris.,
692 5460 813 5514 pag.
839 5444 963 5499 190.
1035 5448 1080 5480 ²⁹
1109 5446 1243 5501 Dan.
1294 5463 1390 5512 vn,
1432 5448 1518 5517 15,
1554 5447 1639 5503 14.
1718 5449 1761 5482 ³⁰

1864 5449 1968 5505 lor.
2018 5467 2112 5517 xv,
2138 5448 2230 5504 28.

399 5575 573 5645 Vulgo
598 5577 991 5632 ἀποκαλύπτει.

399 5644 573 5713 Vulgo
595 5646 759 5713 ὑπεξε

251 5576 347 5646 (55
399 5576 573 5645 Vulgo
598 5577 856 5631 ἀποκαλύτ

280 5645 350 5699 54
399 5644 573 5713 Vulgo
595 5646 759 5713 ὑπεξε
800 5665 856 5715 γ.

253 5576 372 5778 (55)
402 5716 576 5778 Vulgo
599 5717 724 5778 ἀργ.
756 5664 856 5778 [ρτῆι

275 5649 372 5778 ἐξ)
400 5649 573 5770 ξιιῗεο
595 5649 856 5788 ἓπεξεῐργ.

253 5649 370 5859 ista)
404 5732 576 5857 γειξὲ
610 5716 1055 5859 sibilis?"

282 5785 370 5857 56)
404 5785 576 5857 Vulgo
610 5785 982 5859 μανθάνωμεν.

1928 5582 2042 5656 (57)
2071 5582 2358 5656 Καθέξειν
2377 5582 2586 5656 αὺτὸν.
2615 5580 2728 5656 [tuo
2770 5582 2951 5656 αὐτόν.
2976 5582 3259 5656 Christum
3278 5578 3424 5637 sciri-

1873 5651 1961 5711 ce't
1986 5651 2252 5781 inmfuturo
2271 5652 2486 5721 sat-culo,
2524 5654 2644 5710 novi
2676 5654 2830 5726 regni
2871 5654 3083 5735 initium
3112 5651 3424 5725 auspicatu-

1862 5741 2005 5783 rum.
2091 5764 2110 5783 ..
