3810 6218
429 415 567 469 1059

1102 413 1366 470 susse"
1405 412 1883 470 CAESARIENSIS
1921 394 2072 469 opp.
2118 413 2301 469 mss
2339 413 2426 469 IV.
2467 445 2538 454 —
2578 413 2996 470 DOGMATICA.

3545 413 3690 472 1040

425 533 616 587 millies
649 541 864 586 centena
888 530 1056 584 millia
1097 530 1410 584 assistebant
1437 531 1516 596 ei;
1535 531 1801 601 judicium
1838 529 1970 586 sedit

2066 531 2274 602 ,φήτης
2322 529 2582 602 Ἰεζεκιὴλ
2629 531 2914 602 κριτήριον
2955 530 3067 583 τῶν
3098 529 3191 582 τοῦ
3219 529 3353 583 Θεοῦ
3394 529 3689 602 προϐάτων

421 638 466 679 et
499 625 616 679 libri
643 626 808 693 aperti
833 634 951 677 sunt
975 623 1042 678 ³¹.
1064 623 1210 687 Ηεεο,
1242 623 1482 692 inquam,
1515 623 1603 679 ubi
1636 625 1992 694 praemiserat,

421 718 556 770 vidit
582 716 635 770 in
665 714 1018 783 sequentibus
1063 712 1259 768 Filium
1285 713 1518 768 hominis
1539 713 1840 769 venientem
1871 729 1993 768 cum

421 806 654 860 nubibus
691 805 837 871 cmli,
885 814 940 860 et
979 820 1149 874 usque
1175 805 1242 859 ad
1269 803 1562 873 Autiquum
1612 803 1822 859 dierum
1861 821 1989 875 pro-

418 897 749 962 gredientem
789 914 801 950 :
833 905 890 952 et
923 911 1144 966 regnum
1178 893 1586 964 iucorruptibile
1613 895 1988 964 accipientem.

418 985 684 1052 Quocirca
719 985 1034 1041 diﬂ‘erenter
1060 985 1148 1040 ille
1184 995 1318 1051 tum,
1361 994 1416 1039 et
1445 986 1614 1039 multo
1654 986 1870 1055 quidem
1899 1001 1992 1039 ex-

417 1077 702 1132 cellentius
727 1091 949 1145 regnum
972 1086 1292 1146 accepturus
1323 1085 1427 1143 est,
1472 1091 1634 1146 quam
1674 1091 1817 1131 nunc
1845 1077 1990 1132 obti-

365 1229 372 1234 _
416 1175 508 1220 net
539 1184 553 1219 :
593 1181 716 1220 nam
738 1167 792 1221 iu
816 1167 935 1221 illos
965 1167 1249 1235 imperium
1277 1177 1660 1236 consequetur,
1685 1168 1775 1237 qui
1815 1168 1987 1224 felici-

417 1266 529 1311 tate
560 1257 648 1311 illa
679 1257 1104 1312 bonorahuntur.
1136 1257 1523 1312 Testimonium
1555 1257 1702 1312 hisce
1741 1257 1990 1326 perhibet

413 1347 786 1418 Evangelium,
842 1349 928 1402 ubi
960 1348 1189 1418 ipsemet
1217 1346 1474 1402 Servator
1523 1348 1866 1417 propheticus
1889 1348 1986 1404 has

412 1439 791 1508 prazdictiones
812 1439 1116 1508 consignat,
1140 1438 1229 1492 ubi
1260 1453 1561 1492 sermonem
1586 1439 1722 1509 apud
1753 1440 1988 1509 discipu-

411 1530 497 1584 los
528 1529 710 1590 habet,
749 1529 816 1584 de
850 1529 956 1583 line
1004 1529 1322 1583 saeculorum
1351 1545 1365 1583 :
1392 1527 1522 1582 Cum
1571 1539 1744 1582 autem
1791 1532 1987 1584 venerit

419 1619 590 1674 Filius
620 1621 844 1674 hominis
875 1621 927 1672 in
952 1623 1225 1689 majestate
1245 1636 1362 1684 sua,
1387 1628 1434 1673 et
1465 1636 1640 1674 omnes
1673 1621 1846 1689 angeli
1867 1637 1985 1676 cum

411 1727 492 1775 eo,
519 1720 642 1763 tunc
664 1710 854 1763 sedebit
883 1725 1038 1776 super
1063 1709 1232 1761 sedem
1274 1707 1564 1777 majestatis
1608 1724 1738 1772 sure,
1789 1717 1836 1761 et
1867 1724 1988 1761 con-

409 1803 760 1872 gregabantur
784 1812 905 1854 ante
923 1817 1039 1854 eum
1072 1816 1248 1854 omnes
1285 1810 1481 1868 gentes,
1521 1808 1570 1854 et
1601 1798 1865 1866 separabit
1895 1814 1983 1852 eos

2095 621 2430 692 ὑποθέμενος
2479 620 2620 693 μετὰ
2663 621 2763 694 τὴν
2798 621 3003 674 τούτων
3049 620 3229 691 κρίσιν
3256 620 3348 673 τὸν
3376 620 3540 673 Δαϐὶδ
3589 621 3689 675 αὐ-

2091 715 2205 776 τοῖς
2239 713 2489 784 ἐφίστησι
2537 713 2789 784 ποιμένα,
2830 713 2925 768 καὶ
2967 712 3058 766 τὸν
3106 712 3265 765 αὑτὸν
3306 712 3542 782 ἄρχοντα
3586 712 3687 766 αὐ·-

2091 802 2198 856 τῶν
2227 803 2446 857 ἔσεσθαι
2479 802 2743 866 θεσπίζει.
2785 801 2846 858 Ὀ
2875 803 2932 856 δὲ
2955 803 3150 876 Δανιὴλ
3175 800 3475 872 προειπὼν⁹
3517 803 3683 858 Ἐθε-

2090 892 2286 961 ώρουν
2337 894 2449 960 ἕως
2506 893 2647 948 ὅτου
2695 895 2893 962 θρόνοι
2935 894 3250 960 ἐτέθησαν,
3294 891 3405 963 (58)
3439 893 3539 946 καί
3564 895 3684 948 Πα-

2088 985 2261 1052 λαιὸς
2292 984 2530 1054 ἡμερῶν
2559 985 2832 1052 ἐκάθητο,
2882 986 2981 1038 καὶ
3021 985 3088 1038 τό
3137 985 3366 1054 ἔνδυμα
3409 985 3522 1054 (59)
3568 986 3681 1038 αὐ-

2089 1075 2197 1128 τοῦ
2241 1075 2465 1130 λευκὸν
2505 1077 2586 1142 ὡς
2628 1076 2796 1145 χιὼν,
2844 1077 2944 1130 καὶ
2997 1077 3034 1144 ἡ
3077 1075 3211 1144 θρὶξ
3252 1075 3362 1144 τῆς
3402 1075 3682 1145 κεφαλῆς

2087 1165 2276 1218 αὐτοῦ
2312 1165 2454 1218 ὡσεὶ
2498 1165 2662 1234 ἔριον
2697 1165 2978 1234 καθαρόν,
3032 1167 3065 1218 ό
3105 1166 3316 1233 θρόνος
3343 1165 3532 1218 αὑτοῦ
3560 1165 3680 1235 (40)

2087 1253 2247 1324 φλόξ
2273 1254 2482 1324 πυρός,
2510 1258 2564 1308 οἱ
2586 1255 2788 1325 τροχοί
2800 1255 2986 1309 αὑτοῦ
3007 1256 3126 1323 πῦρ
3144 1255 3391 1325 φλέγον,
3406 1255 3682 1323 ποταμὸς

2087 1347 2276 1416 πυρός
2301 1343 2504 1402 εἷλκεν
2549 1348 2888 1418 ἔμπροσθεν
2913 1348 3122 1410 αὐτοῦ,
3172 1351 3358 1417 χίλιαι
3405 1348 3680 1416 χιλιάδες

2085 1438 2510 1507 ἐλειτούργουν
2539 1437 2719 1502 αὐτῷ,
2771 1439 2869 1492 καὶ
2912 1439 3116 1507 μύριαι
3152 1438 3438 1507 μυριάδες
3473 1455 3679 1506 παρει-

2086 1529 2424 1599 στήκεισαν
2456 1531 2796 1599 ἔμπροσθεν
2827 1530 3033 1593 αὐτοῦ,
3081 1529 3386 1597 κριτήριον
3419 1529 3675 1589 ἐκάθιζε,

2084 1622 2183 1676 καὶ
2230 1622 2443 1686 βίϐλοι
2491 1620 2904 1690 ἠνεῴχθησαν.
2960 1619 3147 1673 Ταῦτα
3197 1621 3671 1692 προθεασάμενος,

2085 1711 2213 1784 ἑξῆς
2239 1712 2330 1766 τὸν
2356 1712 2484 1766 Υίὸν
2519 1711 2612 1765 τοῦ
2647 1710 2936 1782 ἀνθρώπου
2959 1711 3152 1783 θεωρεῖ
3175 1713 3267 1765 ἐπὶ
3291 1712 3398 1764 τῶν
3428 1714 3678 1781 νεφελῶν

2083 1804 2177 1857 τοῦ
2203 1803 2434 1875 οὐρανοῦ
2465 1803 2758 1876 προσιόντα
2787 1802 2866 1874 τῷ
2889 1803 3110 1874 Παλαιῷ
3148 1803 3258 1857 τῶν
3293 1803 3539 1875 ἡμερῶν,
3574 1806 3674 1857 καὶ

409 1890 474 1942 ab
513 1891 748 1952 invicem,
791 1891 924 1942 sicut
971 1898 1151 1954 pastor
1191 1895 1425 1957 segregat
1457 1903 1572 1940 oves
1603 1888 1666 1939 ab
1697 1887 1884 1954 luedis,
1930 1898 1972 1941 et

2083 1893 2178 1966 τὴν
2211 1894 2484 1966 ἄφθαρτον
2521 1892 2799 1965 βασιλείαν
2845 1892 3253 1964 ὑποδεχόμενον.
3313 1892 3523 1946 Οὐκοῦν
3573 1894 3673 1946 καὶ

408 1994 596 2038 statuet
629 2001 744 2038 oves
771 1984 978 2053 quidem
1034 2000 1064 2035 a
1111 1981 1308 2034 dextris
1345 1981 1478 2045 suis,
1520 1979 1698 2034 haedos
1733 1989 1904 2032 autem
1945 1994 1978 2032 a

406 2077 656 2130 sinistris.
712 2074 855 2129 Tunc
903 2075 1035 2126 dicet
1088 2071 1194 2126 Rex
1245 2071 1327 2125 his
1379 2071 1470 2140 qui
1536 2087 1570 2124 a
1611 2071 1809 2124 dextris
1863 2071 1976 2138 eius

405 2180 578 2232 erunt,
621 2167 820 2234 Venite,
854 2165 1108 2220 benedicti
1144 2163 1326 2218 Patris
1372 2164 1494 2229 mei,
1543 2162 1798 2233 possidete
1828 2179 1980 2230 para-

406 2271 516 2313 tum
545 2259 680 2312 vobis
711 2273 924 2328 regnum
973 2273 1006 2309 a
1036 2255 1409 2310 constitutione
1442 2255 1624 2309 mundi
1646 2255 1712 2310 ".
1744 2260 1802 2318 >14
1839 2253 1977 2310 Nota

403 2352 534 2410 mihi
584 2360 758 2407 autem
814 2365 978 2420 quam
1027 2349 1340 2419 conspirant
1380 2347 1483 2403 ista
1515 2360 1638 2402 cum
1671 2346 1831 2403 dictis
1850 2345 1976 2417 'per

402 2444 713 2513 prephetam
738 2443 804 2497 de
831 2441 1019 2496 ovibus
1043 2448 1097 2494 et
1121 2438 1443 2494 discretione
1472 2439 1698 2494 arietum
1719 2479 1736 2503 ,
1772 2446 1973 2508 etqua-

402 2534 524 2588 liter
561 2544 680 2602 post
714 2532 858 2586 illam
897 2531 1076 2586 ovium
1114 2529 1492 2586 discretionem
1523 2528 1638 2585 Rex
1679 2529 1766 2584 hic
1806 2529 1976 2584 intro-

400 2625 616 2679 ducitur
651 2623 818 2679 Filius
852 2623 1082 2678 hominis
1120 2640 1134 2680 :
1176 2622 1345 2691 ipsius
1383 2630 1562 2676 autem
1609 2619 1768 2674 Pater
1805 2618 1969 2674 Deus.

398 2714 514 2774 Hoc
544 2714 728 2770 docuit
765 2714 880 2783 ipse
912 2729 928 2766 :
967 2712 1112 2769 Tunc
1149 2714 1282 2766 dicet
1313 2711 1424 2766 Rex
1464 2712 1543 2766 his
1587 2713 1677 2783 qui
1709 2729 1741 2765 a
1775 2711 1970 2765 dextris

398 2807 512 2874 ejus
534 2816 684 2861 erunt
713 2821 733 2860 :
765 2803 965 2872 Venite,
1010 2804 1265 2858 benedicti
1319 2801 1500 2857 Patris
1545 2803 1666 2870 mei,
1712 2802 1971 2872 possidete

397 2905 640 2964 paratum
665 2894 805 2950 vobis
829 2909 1080 2962 regnum;
1116 2891 1393 2962 analogiae
1425 2890 1492 2945 ad
1527 2889 1654 2944 illud
1684 2903 1714 2943 a
1740 2888 1972 2958 prophe-

402 2998 456 3041 ta
481 2988 705 3050 dictum,
736 2985 828 3040 ubi
863 2983 1032 3038 David
1060 2983 1151 3054 qui
1180 2982 1376 3037 dicitur
1410 2990 1596 3050 pastor
1632 2989 1686 3035 et
1718 2981 1970 3049 princeps

397 3077 610 3132 futurus
631 3075 827 3130 dicitur
850 3074 1052 3137 ovium,
1093 3074 1184 3142 qui
1228 3073 1329 3128 sub
1367 3073 1583 3142 auspice
1613 3074 1741 3137 Deo,
1782 3081 1968 3142 pastu-

399 3184 494 3224 rus
545 3177 601 3224 et
632 3168 932 3222 directurus
979 3174 1098 3220 erat
1133 3179 1328 3234 pecora
1362 3164 1475 3220 Dei.
1515 3164 1688 3235 Atque
1729 3164 1796 3218 ad
1839 3162 1966 3218 illud

2078 1984 2200 2038 τότε
2226 1984 2592 2056 διαφερόντως
2636 1984 2729 2037 καὶ
2763 1983 3086 2054 κρειττόνως
3130 1985 3164 2054 ἢ
3208 1981 3304 2037 νῦν
3334 1985 3512 2055 ἀρχὴν
3555 1983 3672 2047 ἕξει

2078 2075 2171 2129 τοῦ
2223 2076 2528 2147 βασιλεύειν
2559 2075 2668 2128 τῶν
2714 2075 2814 2146 τῆς
2853 2075 3254 2147 μακαριότητος
3289 2071 3477 2138 ἀξίων.
3531 2073 3670 2126 Τού-

2076 2185 2192 2230 τοις
2223 2170 2490 2241 μαρτυρεῖ
2517 2166 2578 2220 τὸ
2607 2165 2957 2234 Εὑαγγέλιον,
2988 2168 3046 2218 ὲν
3087 2159 3168 2228 οἷς
3200 2165 3362 2228 αὐτὸς
3392 2167 3670 2235 ἐπισφραο

2075 2259 2289 2328 γίξεται
2325 2261 2355 2312 6
2387 2258 2577 2330 Σωτὴρ
2619 2258 2718 2322 τὰς
2763 2257 2875 2330 (41)
2929 2255 3271 2330 προφητικὰς
3317 2256 3490 2322 λέξεις
3537 2257 3668 2318 τοὺς

2076 2352 2206 2423 περὶ
2250 2350 2559 2415 συντελείας
2591 2350 2784 2419 λόγους
2816 2349 3143 2422 παραδιδοὺς
3173 2351 3286 2411 τοίς
3328 2348 3524 2401 ἑαυτοῦ
3568 2366 3668 2418 μα-

2074 2440 2284 2512 θηταῖς,
2315 2441 2382 2496 δι’
2411 2435 2487 2496 ὧν
2518 2440 2670 2496 ταῦτ’
2703 2439 2948 2492 ἐδίδασκε
2977 2439 3168 2508 λέγων·
3207 2439 3392 2491 Ὅταν
3414 2437 3482 2490 δὲ
3511 2437 3664 2506 ἔλθῃ

2073 2533 2108 2586 ὁ
2149 2532 2281 2599 nec
2329 2532 2437 2588 τοῦ
2483 2531 2798 2600 ἀνθρώπου
2845 2531 2915 2584 ἐν
2961 2530 3038 2600 τῇ
3091 2531 3243 2602 δόξῃ
3295 2529 3506 2595 αὑτοῦ,
3561 2531 3660 2583 καὶ

2071 2621 2295 2690 πάντες
2321 2626 2377 2678 οἱ
2406 2623 2649 2694 ἄγγελοι
2682 2626 2810 2694 μετ’
2843 2609 3050 2688 αὐτοῦ,
3093 2626 3227 2678 τότε
3269 2624 3506 2677 καθίσει
3559 2622 3659 2675 ἐπὶ

2071 2718 2290 2784 θρόνου
2318 2715 2503 2785 δόξης
2544 2717 2750 2782 αὑτοῦ,
2789 2719 2885 2771 καὶ
2920 2717 3414 2786 συναχθήσονται
3443 2717 3660 2784 ἔμπρο-

2071 2808 2222 2859 σθεν
2257 2806 2445 2860 αὐτοῦ
2493 2805 2688 2860 πάντα
2725 2807 2797 2861 τὰ
2845 2808 2988 2874 ἔθνη
3011 2823 3026 2836 ·
3051 2807 3150 2860 καὶ
3179 2805 3414 2875 ἀφοριεῖ
3436 2805 3661 2870 αὐτοὺς

2070 2896 2171 2950 ἀπ’
2205 2895 2514 2964 ἀλλήλων,
2554 2896 2760 2967 ὥσπερ
2805 2899 2838 2950 ό
2877 2896 3102 2966 ποιμὴν
3132 2896 3388 2966 ἀφορίζει
3420 2897 3494 2950 τὰ
3518 2897 3661 2964 πρό-

2073 2988 2220 3040 6am
2245 2987 2364 3042 ἀπὸ
2398 2987 2520 3042 τῶν
2563 2989 2802 3058 ἐρίφων,
2855 2990 2952 3044 καὶ
2999 2989 3216 3056 στήσει
3264 2988 3338 3042 τὰ
3375 2988 3493 3058 μὲν
3525 2990 3659 3056 πρό-

2075 3079 2221 3160 ϐατα
2239 3078 2307 3132 ἐκ
2323 3078 2538 3144 δεξιῶν
2561 3079 2770 3144 αὐτοῦ,
2798 3081 2871 3134 τὰ
2903 3081 2972 3134 δὲ
3001 3082 3202 3150 ἐρίφια
3225 3081 3294 3146 ἐξ
3309 3083 3653 3150 εὐωνύμων·

2070 3169 2205 3222 τότε
2225 3167 2397 3236 ἐρεῖό
2424 3169 2726 3236 ,βασιλεὺς
2747 3170 2872 3236 τοῖς
2893 3172 2962 3225 ἐκ
2994 3171 3209 3237 δεξιῶν
3243 3172 3454 3226 αὐτοῦ·
3477 3171 3657 3225 Δεῦτε

393 3273 614 3328 quoque
665 3258 877 3312 animus
942 3255 1321 3320 advertendus,
1367 3254 1511 3325 quod
1557 3255 1756 3309 dictum
1787 3263 1872 3310 est
1906 3253 1972 3308 ab

2075 3261 2128 3312 ol
2167 3259 2559 3328 εὐλογημένοι
2587 3259 2694 3314 τοῦ
2719 3263 2952 3330 Πατρός
2980 3279 3119 3330 μου,
3154 3261 3654 3332 κληρονομήσατε

396 3348 677 3419 Apostolo,
704 3346 834 3402 Cum
889 3345 1213 3400 evacuaverit
1263 3360 1466 3398 omnem
1518 3345 1869 3414 principatum
1921 3353 1968 3398 et

396 3456 599 3496 omnem
623 3447 925 3508 potestatem
953 3446 1002 3490 et
1024 3437 1260 3490 virtutem
1274 3435 1341 3490 ³³.
1369 3435 1632 3505 Propheta
1657 3451 1868 3505 quoque
1888 3437 1970 3489 in-

396 3533 657 3598 sinuavit,
697 3530 965 3601 inquiens,
990 3525 1059 3580 Et
1085 3526 1263 3581 delebo
1296 3525 1464 3580 malas
1495 3527 1685 3580 bestias
1710 3543 1883 3581 omnes
1905 3527 1969 3582 de

394 3622 618 3679 terra“.
655 3621 908 3689 Quaenam
955 3619 1153 3675 iuerint
1199 3628 1380 3674 autem
1435 3617 1538 3672 illa:
1592 3617 1799 3685 bestiae,
1849 3634 1968 3688 quae

393 3715 523 3770 olim
560 3714 902 3770 lacessebant
930 3713 1228 3768 molestiam
1248 3711 1457 3776 ovibus,
1489 3724 1646 3780 quam
1676 3718 1967 3778 potestates

395 3808 463 3860 ad
493 3805 797 3875 oppositum
831 3805 1136 3860 constituta:
1167 3820 1182 3857 :
1223 3816 1340 3871 quae
1376 3817 1497 3856 cum
1521 3816 1552 3857 e
1579 3801 1757 3855 medio
1781 3799 1964 3856 subla-

393 3907 464 3950 tae
511 3895 730 3962 fuerint,
775 3909 969 3950 novum
1005 3893 1132 3949 illud
1181 3901 1341 3964 atque
1382 3892 1636 3947 eximium
1684 3892 1963 3957 saxulum,

389 3985 542 4040 omni
598 3985 881 4055 iniquitate
928 3991 1237 4054 purgatum,
1292 3981 1490 4053 Regem
1519 3980 1733 4036 habebit
1766 3979 1963 4035 Filium

391 4075 666 4131 hominis:
699 4075 783 4130 vel
829 4075 988 4144 juxta
1039 4073 1350 4146 prophetica
1384 4073 1662 4128 involucra
1689 4082 1960 4144 pastorem

392 4178 549 4218 suum
580 4171 741 4233 atque
760 4161 1057 4233 principem
1087 4162 1254 4218 David
1284 4179 1297 4215 τ
1323 4171 1379 4216 at
1404 4162 1570 4216 Deum
1604 4177 1706 4216 non
1743 4163 1958 4227 dicitur,

389 4255 478 4312 vel
501 4265 793 4325 pastorem,
832 4253 918 4309 vel
946 4253 1240 4324 principem
1285 4253 1612 4308 habiturum.
1651 4253 1756 4308 Sed
1793 4254 1959 4309 subli-

391 4345 553 4401 miori
579 4345 812 4415 quodam
840 4354 896 4400 et
930 4344 1210 4400 illustriori
1242 4359 1404 4412 supra
1438 4353 1730 4413 pastorem,
1761 4345 1962 4416 princi-

389 4451 534 4508 pem,
565 4446 621 4492 et
646 4451 826 4508 regem
855 4450 1038 4500 seosu,
1070 4444 1312 4505 respectu
1353 4437 1418 4490 ad
1449 4437 1683 4492 divinam
1712 4423 1829 4507 ejus
1847 4454 1961 4492 ma-

388 4529 638 4598 iestatem
669 4527 875 4591 habito,
904 4541 1010 4580 non
1037 4526 1227 4579 ovibus
1258 4527 1647 4592 tantummodo,
1691 4543 1875 4583 verum
1903 4543 1958 4584 et

385 4619 574 4672 ovium
606 4618 808 4688 pastori
830 4617 1185 4686 imperantem
1217 4635 1229 4669 :
1265 4614 1382 4669 Erit
1427 4617 1585 4681 enim,
1612 4618 1802 4687 inquit,
1849 4619 1956 4674 illis

387 4719 568 4778 pastor
603 4726 779 4765 servus
805 4725 948 4764 meus
991 4708 1178 4776 David,
1208 4722 1258 4763 et
1281 4725 1373 4779 ego
1397 4707 1650 4763 Dominus
1685 4726 1771 4763 ero
1805 4709 1870 4764 iis
1901 4715 1954 4766 in

385 4799 577 4854 Deum.
613 4798 840 4855 Servqu
888 4814 1044 4854 suum
1092 4801 1260 4856 David
1300 4799 1529 4872 appellat
1557 4815 1699 4866 eum,
1740 4812 1958 4872 propter

387 4893 530 4946 servi
557 4891 810 4958 formam,
843 4907 1002 4962 quam
1032 4893 1292 4949 Servator
1311 4905 1363 4948 et
1395 4893 1649 4949 Dominus
1677 4906 1861 4950 noster
1890 4897 1956 4954 de

387 4980 588 5036 Davide
609 4983 854 5051 sumpsit.

2071 3350 2186 3418 τὴν
2226 3352 2676 3421 ἡτοιμασμένη-ν
2715 3352 2858 3422 ὑμῖν
2891 3353 3217 3418 ,Βασιλείαν
3245 3353 3366 3409 ἀπὸ
3405 3358 3652 3409 καταϐο-

2068 3445 2184 3513 λῆς
2203 3449 2452 3517 κόσμου.
2481 3448 2665 3512 Ὅπως
2694 3449 2751 3502 δὲ
2777 3449 2947 3502 ταῦτα
2974 3448 3185 3520 συνᾴδει
3209 3451 3322 3512 τοῖς
3346 3450 3406 3504 ὲν
3429 3452 3497 3521 τῇ
3518 3465 3652 3520 προ-

2069 3538 2269 3610 φητείᾳ
2294 3539 2422 3610 περὶ
2446 3539 2755 3610 προϐάτων,
2786 3540 2880 3592 καὶ
2913 3539 3040 3611 περὶ
3067 3539 3176 3611 (ιε)
3212 3540 3446 3610 κρίσεως
3481 3539 3652 3611 κριῶν

2067 3627 2397 3698 εἰρημένοις,
2445 3629 2620 3699 τήρει,
2673 3630 2766 3682 καὶ
2816 3631 2964 3694 ὅπως
3007 3630 3260 3701 βασιλεὺς
3315 3629 3429 3701 (43)
3477 3631 3578 3701 μὲν
3623 3631 3651 3682 6

2066 3715 2195 3777 Υἱὸς
2232 3715 2326 3768 τοῦ
2360 3715 2647 3788 ἀνθρώπου
2684 3717 2824 3788 μετὰ
2860 3718 2959 3790 τὴν
2993 3717 3103 3772 τῶν
3147 3716 3436 3789 προϐάτων
3472 3719 3650 3790 κρίσιν

2065 3807 2336 3876 εἰσῆκται,
2364 3808 2554 3880 Πατὴρ
2579 3809 2636 3862 δὲ
2664 3809 2827 3862 αὐτοῦ
2863 3811 2892 3864 ὁ
2914 3809 3064 3872 Θεός.
3093 3809 3264 3863 Τοῦτο
3291 3808 3400 3878 γὰρ
3430 3812 3528 3863 καὶ
3551 3811 3647 3864 αὑ-

2063 3896 2155 3962 τὸς
2182 3897 2457 3952 ἐδίδασκεν
2516 3898 2708 3967 εἰπὼν,
2759 3901 2898 3954 Τότε
2950 3900 3074 3969 ἐρεῖ
3115 3904 3149 3954 ό
3187 3900 3495 3965 βασιλεὺς
3527 3901 3644 3966 τοῖς

2060 3987 2132 4042 ἐκ
2168 3987 2382 4053 δεξιῶν
2410 3991 2616 4054 αὑτοῦ,
2657 3991 2837 4045 Δεῦτε
2864 3995 2918 4045 οί
2958 3994 3354 4062 εὐλογημένοι
3386 3993 3499 4045 τοῦ
3532 3996 3645 4046 Πα-

2061 4080 2199 4147 τρός
2223 4099 2362 4149 μου,
2408 4082 2684 4151 ἀναλόγως
2729 4083 2807 4154 τῷ
2859 4085 2918 4137 ἐν
2968 4086 3032 4154 τῇ
3079 4082 3388 4154 προφητείᾳ
3430 4084 3643 4154 ὠνομαο

2064 4170 2244 4242 σμένῳ
2270 4171 2450 4225 Δαϐίδ.
2490 4174 2584 4226 Ὃν
2624 4175 2857 4244 ποιμένα
2887 4175 2980 4227 καὶ
3022 4174 3260 4246 ἄρχοντα
3281 4173 3507 4228 ἔσεσθαι
3538 4177 3640 4228 τῶν

2061 4262 2345 4331 προϐάτων
2377 4266 2405 4317 ὁ
2431 4264 2585 4332 λόγος
2612 4264 2872 4327 διδάσκει,
2899 4266 3001 4318 ὑπὸ
3045 4266 3224 4337 ὲφόρῳ
3253 4264 3332 4335 τῷ
3361 4265 3483 4335 Θεῷ
3517 4265 3639 4336 μὲλ-

2060 4352 2220 4406 λοντα
2267 4356 2573 4425 ποιμαίνειν
2614 4357 2707 4410 καὶ
2731 4357 2919 4429 ἄρχειν
2946 4357 3052 4410 τῶν
3083 4357 3176 4410 τοῦ
3211 4356 3346 4409 Θεοῦ
3388 4357 3636 4428 θρεμμά-

2059 4463 2186 4501 των.
2237 4447 2345 4500 Καὶ
2389 4449 2582 4520 ἐκείνῳ
2623 4449 2680 4502 δὲ
2718 4451 3012 4519 ἀναγκαῖον
3039 4449 3328 4520 ἐπιστῆσαι
3370 4449 3464 4502 τὸν
3495 4449 3632 4510 νοῦν,

2059 4537 2134 4601 ὼς
2165 4537 2224 4590 τὸ
2251 4537 2402 4610 παρὰ
2431 4539 2508 4610 τῷ
2546 4541 2851 4614 Ἀποστόλῳ
2873 4541 3216 4612 λελεγμένον,
3243 4543 3302 4593 ὲν
3331 4540 3430 4610 τῷ,
3465 4543 3633 4594 Ὅταν

1989 4591 2034 4646 D
2057 4591 2404 4702 καταργήσῃ
2447 4593 2654 4689 πᾶσαν
2703 4591 2921 4704 ἀρχξιν,
2963 4591 3061 4688 κίιῖ
3105 4591 3312 4686 πᾶσαν

2057 4722 2156 4775 καὶ
2207 4722 2465 4793 δύναμιν
2507 4724 2619 4795 (44)
2671 4725 2892 4796 ᾐνίξατο
2942 4725 2976 4794 ἡ
3029 4723 3332 4794 προφητεία
3392 4726 3626 4793 φήσασα,

2056 4815 2165 4868 Kal
2204 4815 2437 4884 ἀφανιῶ
2458 4818 2633 4887 θηρία
2656 4816 2889 4886 πονηρὰ
2914 4815 3031 4870 ἀπὸ
3059 4815 3170 4883 τῆς
3195 4813 3331 4885 γῆς.
3371 4815 3506 4868 Τίνα
3526 4816 3627 4887 γὰρ

2055 4905 2121 4958 ἂν
2147 4908 2356 4976 γένοιτο
2384 4909 2454 4963 τά
2489 4908 2678 4981 θηρία,
2708 4909 2778 4963 τὰ
2817 4909 2981 4963 πάλαι
3031 4909 3293 4980 πρότερον
3341 4911 3455 4972 τοῖς
3497 4925 3621 4979 προσ

2058 4997 2241 5062 ϐάτοις
2293 5001 2682 5071 διενοχλοῦντα,
2735 5002 2768 5072 ἢ
2818 5002 2875 5054 αἱ
2926 5000 3294 5070 ἁντικείμεναι
3340 5000 3617 5070 δυνάμεις;

385 5065 460 5125 ὧν
485 5073 550 5124 ἐκ
581 5071 756 5126 ποδῶν
793 5072 1079 5145 ἀρθεισῶν,
1126 5073 1304 5144 πάσης
1347 5073 1545 5137 κακίας
1573 5075 1866 5148 καθαρθεὶς
1910 5085 1938 5136 ὁ
1975 5085 2092 5150 νέος
2117 5090 2208 5141 καὶ
2236 5091 2420 5154 καινὸς
2449 5065 2559 5162 (45)
2587 5065 3002 5162 αἰὼνίβασιλέα
3026 5065 3258 5161 μὲν-ἔξει
3281 5065 3513 5144 τὸνϊξξὶν
3538 5090 3617 5144 τοῦ

497 5194 554 5261 >11
587 5187 686 5242 Ed.
714 5189 911 5254 Paris,
936 5205 1057 5261 pag.
1091 5190 1214 5246 191.

383 5274 496 5322 xlv,
528 5259 618 5312 2i.

1327 5192 1369 5222 ³¹
1403 5192 1533 5246 Dan.
1575 5209 1671 5259 vlt,
1700 5197 1756 5262 9,
1791 5197 1876 5252 10.

597 5462 780 5536 fulgo
807 5465 902 5518 καὶ
931 5463 1006 5536 [ὁ]
1039 5465 1174 5536 Παλ.

485 5531 574 5602 59)
597 5531 767 5600 νυιέο
785 5549 894 5590 om.
923 5531 1107 5588 αὐτοῦ.

615 5602 784 5690 Σμινεο
811 5603 1035 5690 φλὸξ....
1053 5623 1152 5690 τε.
1181 5605 1346 5690 αὐτος)
1368 5621 1484 5690 om.

608 5667 984 5752 Πρρξοητικᾶς
1033 5667 1285 5752 λέξεις..
1310 5677 1576 5752 lutersere
1604 5678 1824 5752 ταύτας.
1868 5680 1952 5734 ln-

388 5741 584 5806 telligit
623 5742 766 5818 enim
802 5751 1086 5818 mutuatas
1129 5747 1197 5800 ab
1247 5746 1525 5804 Ezechiele
1577 5757 1633 5802 et
1704 5741 1947 5818 Danicle,

387 5818 498 5858 non
531 5808 770 5876 quasvis.
801 5807 872 5863 M.

1984 5201 2028 5234 ³¹
2055 5203 2243 5263 Matth.
2272 5223 2400 5272 xxv,
2427 5208 2620 5264 51-54.

2729 5209 2774 5239 ³³
2805 5207 2820 5261 Ι
2857 5207 2982 5262 Cor.
3020 5222 3106 5273 xv,
3161 5205 3252 5260 24.
3354 5206 3400 5237 ⁸⁸
3430 5206 3612 5262 Ezech.

2128 5473 2236 5543 (42)
2267 5475 2530 5543 Κρίσεως
2551 5472 2751 5542 πρίων,
2793 5473 2884 5526 Sic
2930 5483 3099 5538 recte,
3123 5471 3224 5526 nisi
3258 5472 3400 5526 forte
3439 5470 3607 5542 χρίων,

2057 5545 2368 5613 καὶνκρίων.
2402 5544 2469 5598 Μ.
2519 5543 2684 5613 Vulgo
2713 5543 2966 5613 κρίσεων.

2127 5609 2239 5684 (45)
2272 5613 2447 5684 _Yulgo
2475 5628 2584 5684 om.
2611 5609 2711 5682 μέν
2739 5609 2793 5667 et
2816 5629 2938 5667 mox
2964 5614 2992 5665 6
3018 5620 3144 5667 ante
3166 5609 3320 5674 Θεός.

2125 5681 2240 5752 (ιιι)
2272 5681 2444 5754 meo
2483 5681 2705 5754 ηὔξατο-

2128 5751 2240 5825 ί45)
2282 5752 2451 5826 Vulgo
2483 5751 2690 5818 κλεινός
2713 5768 2727 5822 ;
2752 5760 2807 5809 tu
2834 5751 2907 5808 cf.
2947 5766 3002 5823 p.
3036 5751 3136 5808 “5
3166 5751 3230 5817 D,
3261 5765 3312 5822 ι).
3351 5751 3450 5806 150
3482 5751 3540 5806 Δ.
