3810 6218
213 294 350 352 ΙΟΗ
1138 302 1227 361 DE
1263 303 1800 366 ECCLESIAS'I’ICA
1832 310 2231 369 THEOLOGIA
2268 312 2394 370 LIB.
2436 314 2523 371 III.
3321 319 3462 376 1οη

213 410 524 506 ἅνθρωποι),
558 413 592 486 ἢ
622 414 764 469 κατὰ
809 414 909 488 τὴν
951 419 1289 489 προφητείαν
1333 421 1821 495 ὲπικεκρυμμένως
1890 429 2267 501 αἱνιττομένην
2316 431 2551 503 ποιμένα
2597 432 2691 486 καὶ
2732 433 2965 504 ἄρχοντα
3015 433 3106 488 τὸν
3148 432 3312 488 Δασιδ
3346 431 3463 506 (46)

351 504 414 557 τὸ
457 507 522 559 ἐκ
569 508 879 581 σπέρματος
905 512 1065 565 αὐτὸν
1126 514 1406 583 γεγονέναι
1444 516 1609 570 Δαὸίδ
1633 537 1646 550 ·
1670 519 1760 573 τὸν
1787 520 1843 574 δὲ
1883 522 2013 578 Θεὸν
2052 526 2113 578 οὐ
2164 526 2399 597 ποιμένα
2444 526 2565 581 οὐδὲ
2607 502 3101 605 ἄρχονταρλὲγεται
3143 502 3460 602 κτήσεσθαι,

209 595 328 697 ἀλλ’
360 598 471 668 (47)
500 601 766 697 αὐτοθεὸν-
777 605 989 676 ἐπινοίᾳ
1012 607 1280 677 κρείττονι
1313 609 1346 681 ἢ
1384 610 1529 666 κατὰ
1556 615 1789 686 ποιμένα
1828 619 1923 672 καὶ
1946 620 2183 691 ἄρχοντα
2207 595 2299 675 καὶ
2326 621 2546 691 βασιλέα
2573 595 2659 695 τῇ⁷
2680 595 2790 694 ⁷’τῆς
2834 595 3018 696 θεῖκῆς
3061 595 3342 697 δυνάμεως

209 689 584 788 γαλοπρεπείᾳ
613 694 806 788 at)":th
834 696 1119 768 προϐάτων
1152 699 1311 769 μόνον
1332 741 1348 768 ,
1395 702 1532 758 ἀλλὰ
1561 706 1654 759 καὶ
1678 708 1843 762 αὐτοῦ
1911 689 2336 784 τοῦνποιμένος-
2366 714 2479 787 (48)
2533 689 2892 788 ἡγησόμενον·
2940 689 3147 772 ’ἐσται
3197 689 3318 786 ’γὰρ
3353 689 3460 770 αὖ·

211 780 357 876 τφῖςν
382 783 564 876 φη-σίν,
602 787 635 839 ό
656 784 877 854 δοῦλός
903 806 1023 858 μου
1054 791 1233 844 Δαϐὶδ
1277 794 1523 864 ποιμὴν,
1598 799 1697 852 καί
1727 798 1842 869 ἐγὼ
1876 804 2092 872 Κύριος
2128 780 2343 876 ἐοόμαι
2375 780 2595 874 ιιὺτοῖξ·⁷
2616 780 2891 875 sic-9869'
2913 825 2928 841 °
2971 809 3155 865 δοῦλον
3277 780 3459 864 ⁷καλεῖο

211 872 308 926 τὸν
357 873 542 940 Δαόὶδ,
599 876 668 930 δι’
716 877 784 949 ἢν
831 879 1262 973 ξιξ-σπέρματος
1311 885 1476 941 Δασὶδ
1529 887 1786 962 ἀνείληφε
1822 895 2037 965 μορφὴν
2071 872 2257 950 δούλου
2298 900 2328 952 ό
2365 872 2567 971 Σωτὴρ.
2587 872 2693 954 καί
2710 901 2912 973 Κύριος
2937 899 3113 973 ἡμῶν.

846 968 1001 1021 ΚΕΦ.
1043 967 1150 1024 IH'.

215 1053 418 1134 'Oqu
439 1053 509 1107 ἐν
540 1053 615 1134 τῇ
638 1057 929 1134 gain/tela
973 1059 1083 1113 τοῦ
1122 1062 1258 1117 Υἱοῦ
1307 1063 1376 1117 ἓν
1402 1064 1788 1134 ,γενήσονται

261 1122 486 1191 πάντες
530 1122 732 1195 οίήτῆς
762 1122 909 1182 τότε
919 1134 1357 1201 μακαριότητος
1379 1122 1738 1204 ἀξιούμενοι.

283 1211 390 1266 Καὶ
426 1214 571 1267 τοῦτ’
616 1212 686 1287 ἦν
730 1216 791 1270 τὸ
835 1220 1232 1292 τρισμακάριον
1273 1222 1444 1289 τέλος,
1489 1224 1609 1280 καθ’
1638 1226 1667 1279 ὃ
1694 1226 1789 1298 τὴν

206 1301 627 1375 ἐπαγγελμένην
664 1305 773 1358 τῶν
814 1307 1060 1378 οὐρανῶν
1100 1309 1395 1379 βασιλείαν,
1438 1316 1549 1378 τοῖς
1590 1315 1789 1387 ταύτης

209 1393 386 1459 ἀξίοις
415 1394 507 1448 τοῦ
548 1395 799 1468 Σωτῆρος
830 1398 988 1470 ἡμῶν
1032 1403 1411 1473 πιστουμένου.
1455 1405 1483 1457 ὁ
1525 1406 1615 1458 ἐπὶ
1653 1406 1789 1460 πάν-

207 1501 322 1538 των
364 1486 514 1550 Θεὸς,
559 1488 653 1540 καί
696 1488 886 1562 Πατὴρ
929 1492 1113 1557 αὐτοῦ,
1158 1492 1221 1546 τὸ
1261 1495 1478 1548 πάντων
1520 1494 1791 1552 ἀνώτατον

210 1576 443 1645 ἀγαθὸν,
484 1579 648 1643 αὐτὸς
682 1580 871 1636 ἑαυτὸν
901 1585 1013 1647 τοῖς
1063 1584 1169 1638 ὐπὸ
1201 1584 1278 1656 τῷ
1305 1586 1421 1656 Υίῷ
1450 1586 1793 1661 βασιλευομέ-

211 1685 326 1732 νοις
350 1671 676 1742 δωρήσεται,
715 1692 735 1724 ι
764 1673 940 1728 πάντα
980 1677 1037 1729 ὲν
1065 1679 1199 1731 πᾶσι
1227 1697 1246 1731 ι
1286 1680 1586 1750 γινόμενος.
1633 1684 1697 1736 '0
1727 1681 1789 1753 δὴ

212 1762 455 1834 παρίστη
514 1762 675 1816 πάλιν
722 1764 884 1830 αὐτὸς
926 1768 956 1821 ὁ
997 1767 1186 1841 Σωτὴρ
1232 1770 1329 1823 καὶ
1361 1770 1562 1841 Κύριος
1614 1772 1789 1843 ἡμῶν,

209 1850 353 1922 (ιε’)
384 1852 483 1924 τὴν
516 1855 756 1927 μεγάλην
789 1856 953 1927 εὐχὴν
982 1859 1122 1931 ὑπὲρ
1166 1859 1276 1914 τῶν
1309 1862 1472 1915 αὐτοῦ
1503 1864 1791 1935 γνωρίμων

208 1942 673 2017 ἀναπέμπων,τῷ
714 1946 834 2019 Θεῷ
884 1950 978 2002 καὶ
1022 1950 1197 2023 Πατρὶ
1222 1991 1237 2014 ,
1279 1952 1347 2006 δι’
1391 1947 1459 2025 ἧς
1504 1952 1792 2018 ὲξαιτεῖται

205 2031 409 2102 λέγων,
446 2035 567 2090 Ἵνα
596 2036 815 2105 πάντες
839 2038 909 2093 ἓν
936 2035 1067 2105 ὦσι,
1098 2042 1292 2110 καθὼς
1325 2044 1428 2110 σὺ,
1462 2044 1686 2115 Πατὴρ,
1722 2045 1793 2101 ἐν

201 2125 361 2195 ἐμοὶ,
389 2127 552 2199 κάγὼ
576 2129 649 2183 ἐν
674 2132 794 2184 σοι·
821 2132 921 2186 ἵνα
946 2132 1045 2187 καί
1071 2136 1240 2189 αὐτοὶ
1268 2136 1338 2190 ἐν
1360 2136 1504 2206 ἡμῖν
1528 2135 1599 2191 ἐν
1617 2132 1786 2192 ὦσιν·

205 2220 315 2273 ἵνα
342 2224 376 2274 ὁ
398 2222 625 2290 κόσμος
642 2224 894 2293 πιστεύῃ
915 2224 1004 2307 ὅτι
1027 2226 1108 2281 σύ
1126 2243 1203 2295 με
1226 2226 1604 2294 ἀπέστειλας³
1632 2226 1793 2298 κάγὼ

1813 983 1861 1039 Α

2480 988 2628 1044 CAP.
2660 988 2845 1044 XVIII.

1893 1070 2046 1137 Quod
2074 1074 2126 1127 in
2151 1091 2307 1154 regna
2337 1074 2487 1154 ilii,
2517 1095 2677 1154 unum
2695 1080 2869 1154 futuri
2901 1079 3006 1154 sint
3035 1096 3217 1154 omnes
3248 1084 3338 1154 qui
3360 1083 3457 1138 illa

2278 1146 2527 1213 felicitate
2558 1149 2878 1202 habebuntur
2902 1151 3067 1220 digni.

1961 1234 2058 1292 Hic
2084 1244 2166 1292 est
2198 1235 2285 1292 ille
2319 1238 2440 1292 linis
2470 1236 2829 1308 felicissimus,
2860 1240 2912 1295 in
2935 1255 3041 1311 quo
3077 1241 3218 1297 Deus
3250 1241 3338 1298 ille
3363 1243 3454 1313 qni

1888 1335 1974 1383 est
2026 1342 2187 1398 super
2226 1332 2428 1395 omnia,
2465 1340 2520 1386 et
2552 1330 2711 1386 Pater
2744 1331 3051 1388 Servatoris
3083 1334 3274 1399 nostri,
3327 1350 3455 1404 pro-

1891 1417 2113 1473 missum
2151 1418 2412 1474 caelorum
2445 1435 2667 1490 regnum
2703 1428 2759 1476 et
2789 1420 3165 1478 confirmatum
3196 1438 3227 1478 a
3257 1422 3454 1480 Serva-

1892 1517 2029 1573 tore,
2056 1509 2164 1564 illis
2190 1510 2279 1578 qui
2309 1525 2375 1566 eo
2405 1510 2551 1581 digni
2604 1516 2662 1576 >14
2702 1521 2827 1567 sunt
2866 1511 3174 1583 elargietur,
3224 1513 3330 1570 hoc
3372 1524 3457 1570 est

1891 1598 2330 1655 sublimissimum
2376 1599 2573 1656 bonum
2599 1602 2827 1658 subditis
2848 1602 2930 1657 sui
2955 1603 3099 1671 Filii,
3121 1619 3244 1659 cum
3281 1605 3457 1661 factus

1890 1688 2052 1743 fuerit
2073 1691 2251 1744 omnia
2272 1691 2325 1745 in
2348 1692 2616 1749 omnibus.
2646 1693 2760 1751 Iloc
2781 1694 3046 1767 significat
3070 1696 3182 1766 ipse
3200 1695 3456 1752 Dominus

1891 1789 1945 1834 et
2000 1781 2275 1847 Senator,
2326 1784 2417 1838 ubi
2461 1784 2716 1839 eximiam
2772 1786 3066 1841 oralionem
3122 1786 3265 1841 illam
3315 1789 3454 1856 apud

1890 1870 2058 1927 Deum
2104 1882 2160 1929 et
2207 1872 2422 1930 Patrem
2471 1888 2628 1931 suum
2677 1873 2900 1932 eli‘undit
2950 1891 3050 1947 pro
3102 1876 3456 1935 familiaribus

1892 1960 2025 2017 suis.
2051 1960 2310 2018 Precatur
2338 1972 2537 2028 autem,
2575 1962 2643 2019 Ut
2673 1981 2848 2021 omnes
2877 1982 3035 2021 unum
3059 1969 3183 2033 sint,
3210 1975 3457 2037 quemad-

1890 2050 2102 2106 modum
2122 2061 2201 2116 tu,
2229 2049 2411 2117 Pater,
2454 2053 2508 2106 in
2542 2070 2642 2121 me,
2669 2064 2716 2109 et
2749 2070 2842 2126 ego
2872 2055 2924 2109 in
2950 2065 3016 2120 te,
3065 2065 3124 2111 ut
3173 2066 3220 2112 et
3262 2058 3363 2127 ipsi
3400 2058 3458 2113 in

1892 2143 2041 2196 nobis
2061 2159 2223 2196 unum
2250 2143 2353 2198 sint
2388 2162 2407 2200 :
2444 2154 2500 2198 ut
2538 2147 2717 2199 credat
2741 2148 2964 2202 mundus
3002 2149 3127 2219 quia
3155 2156 3211 2203 tu
3245 2166 3327 2204 me
3357 2151 3459 2204 mi-

1891 2229 2027 2285 sisti.
2058 2228 2127 2283 Et
2155 2246 2249 2300 ego
2275 2229 2570 2287 claritatem
2602 2250 2758 2304 quam
2801 2235 2993 2291 dedisti
3024 2237 3172 2303 mihi,
3214 2220 3336 2292 dedi
3368 2238 3458 2302 iis,

206 2308 330 2399 τὴν
355 2309 561 2375 δόξαν,
592 2312 672 2381 ἣν
702 2312 962 2383 δέδωκάς
991 2335 1117 2385 μοι,
1147 2317 1375 2373 δέδωκα
1404 2320 1607 2387 αὐτοῖς
1632 2336 1647 2353 ο
1687 2323 1780 2375 ἵνα

1893 2327 1944 2373 ιιι
1970 2319 2075 2373 sint
2105 2334 2264 2373 unum
2294 2320 2431 2375 sicut
2451 2332 2500 2376 et
2527 2338 2619 2378 nos
2649 2340 2810 2378 unum
2847 2341 3048 2380 sumus.
3083 2317 3196 2397 Ego
3226 2329 3285 2399 in
3315 2328 3380 2382 iis
3410 2339 3458 2383 et

201 2397 364 2459 ὦσιν
395 2404 485 2469 ἐν,
525 2405 719 2472 καθὼς
743 2406 909 2475 ἡμεῖς
952 2407 1022 2461 ἓν
1065 2408 1252 2478 ἐσμεν
1276 2427 1290 2440 ·
1324 2409 1439 2481 ἐγὼ
1464 2411 1536 2465 ἐν
1564 2411 1790 2479 αὐτοῖς,

207 2496 313 2550 καὶ
343 2496 425 2550 σὺ
452 2497 523 2559 ἐν
550 2497 681 2567 ἐμοί
703 2515 719 2529 ο
747 2498 847 2551 ἵνα
868 2493 980 2553 ὦσι
1015 2499 1448 2569 τετελειωμένοι
1484 2502 1573 2566 είς
1609 2500 1673 2555 τὸ
1699 2500 1788 2568 ἐν,

203 2590 315 2642 Ira
346 2587 609 2659 τινώσκῃ
638 2593 671 2643 ό
704 2590 932 2660 κόσμος
964 2589 1055 2644 ὅτι
1087 2592 1169 2659 ονύ
1192 2607 1269 2660 με
1296 2591 1660 2659 ἀπέστειλας
1690 2594 1789 2648 καὶ

212 2679 540 2750 ἠγάπησας
591 2680 834 2748 αὐτοὺς,
894 2681 1005 2753 (49)
1051 2681 1246 2749 καθὼς
1296 2682 1402 2753 ἐμὲ
1448 2683 1786 2754 ἠγάπησας.

207 2771 427 2841 Πάτερ,
460 2772 566 2839 οὓς
588 2772 850 2840 δέδωκάς
874 2792 993 2842 μοι,
1023 2774 1176 2829 θέλω
1206 2775 1308 2828 ἵνα
1341 2773 1493 2829 ὅπου
1513 2775 1631 2845 εἰμί
1655 2776 1787 2847 ἐγὼ,

208 2862 481 2917 κάκεῖνοι
511 2858 626 2917 ὦσι
668 2864 795 2932 μετ’
817 2863 984 2934 ἐμοῦ,
1022 2865 1122 2918 ἵνα
1155 2863 1414 2933 θεωρῶσι
1452 2864 1567 2934 τὴν
1605 2865 1792 2931 δόξαν

211 2954 298 3023 ἢν
320 2953 581 3022 δέδωκάς
598 2972 720 3025 μοι.
751 2954 898 3022 Δύτη
928 2957 961 3026 ἡ
985 2954 1195 3027 μεγάλη
1219 2955 1313 3010 τοῦ
1357 2957 1606 3029 Σωτῆρος
1633 2957 1790 3028 ἡμῶν

205 3045 356 3116 ὑπὲρ
385 3045 544 3117 ἡμῶν
613 3045 896 3117 πρεσϐεία*
934 3045 1001 3107 ἶν’
1029 3039 1176 3117 ὦμεν
1223 3046 1319 3100 σὺν
1366 3044 1511 3119 αὐτῷ
1556 3049 1690 3102 ὅπου
1723 3046 1789 3101 ἂν

206 3131 244 3210 ᾗ
289 3137 452 3201 αὐτὸς
487 3138 583 3192 καὶ
628 3139 717 3193 ἵνα
759 3138 1054 3211 θεωρῶμεν
1099 3140 1199 3211 τὴν
1241 3138 1396 3205 δόξαν
1446 3139 1544 3211 τὴν
1599 3138 1787 3204 αὐτοῦ,

202 3228 309 3282 καὶ
360 3229 446 3283 ἵνα
496 3230 758 3303 ἀγαπήσῃ
787 3232 958 3302 ἡμᾶς,
998 3229 1181 3294 καθὼς
1222 3231 1386 3285 αὐτὸν
1424 3232 1731 3301 ἠγάπησεν,
1760 3232 1790 3284 ὁ

207 3318 377 3374 αὐτοῦ
408 3321 617 3393 Πατὴρ,
660 3324 754 3376 καὶ
783 3323 920 3395 ὅπερ
951 3322 1099 3394 αὐτῷ
1146 3322 1477 3394 ἐδωρήσατο,
1516 3322 1673 3376 τοῦτο
1716 3322 1789 3393 δῷ

205 3416 311 3470 καὶ
339 3415 472 3485 ἡμῖν
496 3429 511 3443 ·
546 3415 642 3469 καὶ
681 3413 781 3486 τὴν
833 3414 1012 3480 δόξαν,
1061 3416 1128 3486 ἣν
1161 3414 1311 3485 αὐτῷ
1349 3414 1535 3480 ἔδωκε,
1585 3414 1789 3486 ταύτην

202 3506 291 3577 δῷ
319 3506 412 3560 καὶ
442 3508 595 3577 ἡμῖν,
628 3505 796 3560 ποιῶν
827 3507 974 3578 ἡμᾶς
1007 3505 1067 3559 ἓν
1112 3507 1235 3570 τοὺς
1280 3506 1508 3569 πάντας,
1556 3505 1643 3559 ἴνα
1687 3522 1789 3577 μη·

207 3597 333 3651 κέτι
354 3592 503 3668 ὦμεν
532 3596 735 3663 πολλοὶ,
775 3597 889 3653 ἀλλ’
920 3598 970 3654 oi
1005 3597 1204 3662 πάντες
1234 3589 1334 3662 εἷς,
1363 3595 1651 3661 ὲνωθέντες
1690 3597 1789 3650 αὐ-

203 3687 308 3743 τοῦ
332 3691 396 3761 τῇ
421 3688 673 3760 θειότητι,
698 3689 793 3745 καὶ
817 3691 885 3762 τῇ
1080 3688 1178 3760 τῆς
1221 3687 1515 3760 βασιλείας,
1554 3688 1616 3741 οὐ
1648 3688 1787 3742 κατὰ
1814 3668 1854 3724 C

206 3778 539 3851 συναλοιφὴν
568 3783 695 3851 μιᾶς
733 3779 941 3848 οὐσίας,
974 3780 1116 3834 κατὰ
1154 3779 1213 3835 δὲ
1259 3778 1537 3834 τελείωσιν
1579 3779 1677 3851 τῆς
1710 3781 1789 3844 είς

203 3870 389 3942 ἄκραν
416 3872 637 3944 ἀρετῆς.
662 3872 832 3925 Τοῦτο
870 3871 980 3941 γὰρ
1012 3870 1252 3939 ἐδίδαξεν
1284 3870 1454 3926 εἰπών
1479 3884 1494 3900 ⁸
1528 3872 1651 3925 Ἵνα
1674 3866 1787 3925 ὦσι

204 3961 667 4032 τετελειωμένοι.
704 3960 861 4016 Οὕτω
891 3961 1001 4033 γὰρ
1031 3963 1120 4015 ὐπ’
1149 3959 1313 4017 αὐτοῦ
1350 3961 1511 4033 σοφίᾳ
1537 3960 1631 4014 καὶ
1657 3978 1791 4034 φρο-

202 4056 365 4125 νήσει
406 4054 499 4108 καὶ
527 4052 836 4125 δικαιοσύνῃ
866 4053 961 4107 καὶ
1000 4051 1250 4124 εὐσεϐείᾳ
1290 4053 1386 4119 καὶ
1425 4053 1592 4123 ἀρετῇ
1639 4052 1788 4125 πάσῃ

203 4145 407 4200 τέλειοι
450 4144 910 4217 κατεργασθέντες
950 4142 1029 4215 τῷ
1070 4143 1170 4214 τῆς
1212 4142 1484 4215 πατρικῆς
1533 4142 1782 4213 θεότητος

206 4235 424 4308 ἀλέκτῳ
453 4235 563 4307 (50)
595 4236 738 4305 φωτὶ
776 4232 1262 4305 συναφθησόμεθαο
1306 4232 1461 4302 φῶτα
1495 4231 1588 4287 καὶ
1627 4232 1781 4286 αὐτοὶ

1892 2418 1948 2462 tu
1985 2409 2040 2463 in
2067 2425 2167 2477 me,
2198 2419 2257 2465 ut
2285 2410 2392 2465 sint
2442 2415 2787 2467 consummati
2811 2415 2868 2469 in
2891 2432 3051 2469 unum
3073 2431 3093 2480 ;
3114 2428 3163 2471 et
3184 2431 3459 2486 cognoscat

1889 2502 2118 2555 mundus
2150 2502 2275 2573 quia
2307 2511 2365 2557 tu
2411 2520 2491 2559 me
2517 2505 2706 2560 misisti
2734 2517 2781 2561 et
2805 2507 3039 2563 dileaisti
3074 2526 3184 2575 eos,
3222 2499 3353 2565 sicut
3379 2529 3461 2567 me

1890 2589 2143 2645 dilexisti.
2173 2587 2357 2659 Pater,
2384 2607 2514 2662 quos
2542 2593 2733 2648 dedisti
2754 2596 2878 2649 mihi
2906 2597 3041 2662 volo,
3072 2608 3128 2651 ut
3154 2600 3241 2652 ubi
3271 2616 3383 2654 sum
3412 2611 3461 2655 et

1889 2680 1972 2735 illi
1994 2680 2097 2735 sint
2119 2697 2316 2734 mecum
2349 2719 2366 2746 ,
2408 2692 2462 2736 ut
2501 2683 2707 2738 uideant
2738 2684 3030 2742 claritatem
3056 2704 3248 2753 meam,
3301 2707 3457 2760 quam

1889 2772 2080 2827 dedisti
2105 2774 2233 2827 mihi
2261 2774 2325 2828 ³⁸.
2354 2772 2479 2831 Haec
2508 2786 2591 2831 est
2611 2775 2703 2832 illa
2733 2794 2927 2849 magna
2959 2789 3012 2835 et
3040 2779 3309 2837 excellens
3331 2782 3461 2837 Ser-

1890 2865 2095 2919 vatoris
2119 2865 2287 2920 nostri
2329 2880 2427 2937 pro
2454 2866 2610 2924 nobis
2638 2869 2780 2939 apud
2807 2869 2972 2924 Deum
2999 2871 3319 2927 intercessio
3354 2888 3369 2925 :
3403 2881 3462 2926 ut

1890 2970 2010 3012 cum
2033 2956 2148 3027 ipso
2168 2957 2354 3024 simus,
2377 2958 2467 3014 ubi
2488 2959 2575 3015 ille
2596 2968 2681 3015 est
2704 2960 2939 3029 futurus,
2955 2970 3008 3019 et
3033 2971 3093 3018 ut
3113 2964 3340 3034 gloriam
3375 2963 3459 3035 ip-

1889 3048 2003 3104 sius
2028 3050 2357 3116 intueamur,
2388 3060 2443 3106 et
2466 3053 2728 3124 utdiligat
2749 3068 2869 3119 nos,
2898 3056 3348 3126 quemadmodum
3379 3057 3461 3111 di-

1888 3139 2151 3195 lexiteum
2177 3139 2356 3206 Pater,
2377 3153 2430 3197 et
2455 3145 2903 3213 quemadmodum
2923 3147 3067 3201 dedit
3085 3146 3159 3201 illi
3181 3146 3363 3213 Pater,
3385 3146 3459 3203 ita

1888 3230 1979 3285 ille
1995 3231 2086 3286 det
2115 3232 2268 3287 nobis
2290 3231 2511 3302 gloriam
2537 3249 2682 3301 eam,
2714 3235 2916 3292 faciens
2933 3252 3032 3292 nos
3046 3251 3235 3293 omnes
3260 3251 3456 3303 unum;

1889 3329 1949 3374 ut
1979 3334 2080 3374 non
2116 3320 2287 3376 simus
2315 3321 2539 3377 ulterius
2571 3324 2746 3389 multi,
2770 3326 2863 3381 sed
2894 3340 3058 3380 unum
3082 3341 3270 3381 omnes
3292 3326 3460 3396 ipsius

1888 3412 2089 3467 couniti
2109 3412 2296 3470 deitati
2321 3424 2375 3469 et
2388 3414 2570 3486 gloria:
2588 3417 2738 3486 regni
2759 3435 2773 3472 :
2793 3432 2898 3473 non
2916 3433 3015 3487 per
3030 3420 3457 3474 commistionem

1887 3500 2047 3556 unius
2062 3501 2395 3567 substantiae,
2411 3503 2503 3559 sed
2518 3505 2812 3561 secundum
2828 3505 3233 3575 perfectissimae
3246 3507 3461 3563 virtutis

1887 3606 2158 3647 numeros.
2182 3591 2309 3648 Nam
2340 3594 2443 3650 hoc
2462 3594 2538 3649 ita
2573 3595 2778 3661 docuit,
2811 3596 3077 3667 inquiens,
3108 3595 3176 3652 Ut
3196 3600 3302 3652 sint
3331 3615 3455 3654 coss-

1885 3684 2152 3738 summati.
2172 3683 2235 3739 Et
2247 3692 2395 3741 certe
2407 3701 2503 3756 per
2520 3701 2640 3741 eum
2657 3687 2724 3743 ad
2743 3689 2902 3743 istum
2917 3688 3154 3754 modum,
3167 3689 3447 3759 sapientia,

1884 3775 2188 3844 prudentia,
2218 3775 2450 3847 justitia,
2474 3778 2693 3849 pietate,
2712 3779 2911 3834 virtute
2932 3780 3147 3835 demum
3164 3780 3310 3835 omni
3329 3794 3452 3850 per-

1884 3864 2010 3921 fecti
2028 3865 2179 3933 facti,
2204 3878 2445 3938 paternae
2463 3870 2764 3926 divinitatis
2791 3870 3120 3927 indeﬁcienti
3144 3871 3334 3925 lumini
3365 3884 3457 3926 co-

1885 3956 2229 4022 aduniemur,
2260 3956 2348 4013 lux
2412 3967 2467 4014 et
2501 3958 2601 4029 ipsi
2620 3958 2769 4028 facti,
2791 3961 2860 4017 ob
2895 3961 3034 4017 hanc
3056 3970 3297 4016 nostram
3330 3975 3456 4016 cum

1884 4046 1978 4102 illo
2007 4048 2279 4104 unionem.
2297 4048 2418 4105 Filii
2447 4050 2538 4106 Dei
2564 4050 2714 4119 l'acti,
2735 4067 2831 4122 per
2853 4053 3321 4125 participationem
3343 4054 3459 4108 uni-

1888 4139 2053 4208 geniti
2101 4139 2267 4210 ipsius
2310 4140 2452 4209 Filii,
2491 4142 2648 4214 cujus
2695 4145 2831 4201 radii
2859 4153 2913 4201 et
2939 4145 3255 4217 splendores
3301 4145 3456 4202 nobis

1887 4230 2374 4286 communicantur.

203 4334 278 4385 ἐκ
310 4331 409 4402 τῆς
429 4331 564 4403 πρὸς
600 4331 762 4384 αὐτὸν
784 4329 1077 4400 συναφείας
1146 4328 1498 4399 γενησόμενοι
1544 4328 1637 4380 καὶ
1662 4326 1780 4379 Υἱοὶ
1815 4323 1949 4380 Θεοῦ
1984 4324 2126 4379 κατὰ
2171 4325 2405 4398 μετοχὴν
2453 4326 2553 4398 τῆς
2595 4329 2690 4384 τοῦ
2731 4330 3052 4402 μονογενοῦς
3115 4328 3281 4384 αὐτοῦ
3343 4345 3455 4384 κοι-

204 4424 414 4489 νωνίας
452 4423 899 4487 ἁποτελεσθέντες
966 4422 1227 4495 μετουσίᾳ
1272 4420 1381 4475 τῶν
1429 4424 1526 4493 τῆς
1547 4420 1797 4493 θεότητος
1831 4417 1996 4477 αὐτοῦ
2038 4421 2435 4493 μαρμαρυγῶν.

836 4515 995 4569 ΚΕΦ.
1045 4514 1147 4570 18’.

206 4615 335 4667 Ὅτι
368 4608 570 4678 ὥσπερ
593 4607 625 4663 ὅ
648 4605 849 4677 Πατὴρ
873 4606 977 4678 ,καί
1003 4607 1036 4660 ό
1060 4605 1193 4678 Υἱὸς
1225 4604 1295 4658 ἓν
1311 4599 1462 4678 εἶναι
1480 4601 1777 4674 λέγονται,

490 4674 641 4735 οὕτω
673 4678 772 4732 καὶ
801 4674 1023 4743 πάντες
1052 4674 1293 4729 ἔσονται
1326 4674 1497 4743 ἅγιοι.

282 4772 393 4828 Καὶ
471 4772 535 4844 δὴ
611 4769 751 4825 κατὰ
830 4768 1016 4822 τοῦτον
1080 4765 1170 4819 τὸν
1241 4764 1441 4838 τρόπον
1512 4764 1571 4820 ἓν
1645 4764 1779 4837 πρὸς

2499 4515 2651 4572 CAP.
2686 4515 2808 4572 XIX

1888 4603 2041 4671 Quod
2060 4607 2503 4677 quemadmodum
2533 4609 2689 4665 Pater
2710 4620 2760 4663 et
2790 4607 2962 4665 Filius
2988 4608 3237 4663 dicuntur
3269 4625 3449 4676 unum,

2097 4676 2169 4729 ita
2201 4693 2403 4747 quoque
2434 4688 2481 4731 et
2508 4695 2682 4734 omnes
2709 4680 2877 4733 sancti
2898 4679 3066 4749 futuri
3097 4692 3240 4734 sunt.

1957 4765 2130 4837 Atque
2167 4769 2235 4823 ita
2283 4771 2350 4825 ad
2399 4770 2559 4826 istum
2612 4772 2826 4826 modum
2882 4785 2979 4826 nos
3008 4786 3197 4827 omnes
3243 4772 3449 4829 erimus

202 4867 305 4922 τὸν
373 4864 592 4936 Πατέρα
658 4863 753 4916 καὶ
827 4860 920 4914 τὸν
950 4858 1077 4913 Υίὸν
1158 4859 1205 4910 οἱ
1282 4857 1482 4919 πάντες
1556 4857 1780 4926 γενησό-

1893 4869 2006 4911 cum
2032 4858 2187 4925 Filio,
2217 4869 2272 4914 et
2298 4874 2419 4915 cum
2460 4865 2518 4924 >14
2553 4859 2733 4919 Patre.
2771 4859 2904 4915 Nam
2943 4870 3001 4916 ut
3028 4861 3141 4930 ipse
3177 4876 3237 4918 se
3260 4870 3316 4915 et
3342 4859 3448 4915 Pa-

208 4956 376 5029 μεθα.
414 4929 619 5027 Ὥσπερ
648 4954 756 5026 γὰρ
795 4951 955 5015 αὐτὸς
988 4948 1177 5003 ἑαυτόν
1222 4965 1281 5003 τε
1315 4949 1409 5002 καὶ
1440 4948 1530 5001 τὸν
1563 4947 1780 5020 Πατέρα

1893 4955 2020 5002 trem
2067 4963 2231 5005 unum
2278 4963 2400 5007 esse
2443 4949 2581 5006 dixit
2631 4949 2816 5019 :Ego,
2866 4929 3137 5021 inquiens,
3189 4957 3242 5005 et
3284 4947 3449 5005 Pater

280 5070 341 5134 >14
385 5067 480 5122 Ed.
507 5064 706 5129 Pans.,
728 5078 851 5134 pag.
877 5062 1001 5127 I92,
1037 5060 1161 5117 I95.

284 5178 330 5212 ⁸³
362 5176 518 5233 Joan.
561 5192 697 5241 xm,
718 5173 914 5229 21-24.

281 5285 395 5356 με)
420 5285 589 5356 ξξιιιεο
610 5284 775 5356 Δαὸιδ
950 5282 1228 5354 γεγονέναι
1258 5284 1471 5340 desunt.

304 5354 396 5423 47)
423 5354 592 5423 Vulgo
622 5354 805 5409 αὐτόν.

304 5357 396 5424 47)
423 5357 592 5423 Vulgo
622 5357 805 5409 αὐτόν.

280 5357 1050 5512 ξὲἓὶῪἹΞξξοὴγησέξεέενφνκ,
1592 5492 1603 5512 ε

283 5490 419 5567 (48⁵)
478 5490 921 5567 Τῆνζίιέγάᾁιηφζ
992 5491 1204 5562 εὐχήν.
1266 5491 1513 5567 lntelligit
1592 5490 1773 5557 illam,

201 5562 367 5642 Joan.
392 5562 523 5642 sv",
558 5562 861 5642 ad'l’airem
897 5562 1085 5642 fusam
1107 5578 1267 5631 quam
1320 5562 1557 5642 μεγάλην
1592 5571 1773 5642 yocat,

207 5640 353 5692 forte
383 5636 524 5704 Quod
562 5636 613 5689 in
642 5650 828 5704 eorum
854 5632 1176 5687 sententiam
1231 5632 1606 5704 accedat,_qm
1636 5646 1776 5685 eam-

207 5711 333 5766 dem
371 5702 492 5763 esse
522 5704 666 5761 illam
711 5702 894 5761 volunt
922 5717 1080 5773 quam
1128 5704 1180 5757 in
1228 5703 1383 5765 horto
1424 5702 1601 5757 habuit
1639 5710 1777 5756 :aut

1886 5281 2066 5352 potius
2090 5279 2487 5352 quodmagna
2525 5284 2582 5352 et
2631 5290 2820 5352 revera
2859 5273 3119 5352 μεγαλεῖα
3147 5287 3177 5327 a
3215 5274 3328 5352 ρεο
3356 5288 3449 5330 ει·

1883 5342 2088 5425 poscat.
2347 5342 2442 5403 zeal.
2471 5349 2530 5404 ὲν
2561 5347 2702 5425 ὑμῖν⁵
2722 5342 2886 5425 εἶναι’.
2908 5342 3174 5425 βούλεται.
3220 5342 3449 5425 Prorsus

1884 5412 2148 5490 arianisat
2190 5412 2476 5490 qui’negat
2504 5412 2756 5473 essentia:
2800 5412 3050 5472 unionem
3088 5412 3265 5468 Patris
3289 5425 3449 5483 atque

1880 5490 2026 5544 Filii.
2060 5489 2129 5543 M.

1952 5559 2062 5629 (49)
2112 5557 2280 5631 Vulgo
2328 5575 2383 5613 κ.
2434 5557 2526 5612 καί
2587 5574 2653 5629 με
2705 5566 2760 5615 et
2803 5572 2927 5614 mox
2981 5555 3081 5628 τὴν
3142 5550 3297 5617 δόξαν
3351 5551 3448 5621 τὴν

1854 5631 2066 5780 ἕξις)
2095 5698 2265 5771 Vulgo
2288 5699 2525 5771 ἀλήκτῳ.
