3810 6218
414 270 555 329 4015

1083 275 1353 348 EUSEBII
1388 275 1858 338 CESARIENSIS
1894 279 1969 336 0F

2085 280 2271 338 rans
2307 280 2397 340 tv.
2434 313 2504 326 —
2536 253 2990 342 υοεΜΑτιοΑΣ

3504 284 3642 342 9044

412 409 579 450 unum
609 395 879 461 summ“;
904 396 977 451 ita
1010 411 1222 469 quoque
1264 400 1330 454 ad
1378 399 1550 468 ipsius
1597 399 1969 467 imitationem,

2079 402 2138 456 ἒν
2163 396 2303 455 εἶναι
2324 401 2497 471 ἔλεγε,
2520 401 2761 470 φάσκων,
2790 400 2939 472 Ἐγὼ
2958 399 3056 456 καὶ
3077 402 3112 455 ὁ
3135 400 3335 470 Πατὴρ
3358 398 3640 470 ἓνέσμεν,

415 497 479 543 ut
520 503 618 543 nos
655 502 845 544 omnes
893 492 1084 569 ﬁamus
1135 492 1427 562 participes
1459 491 1696 560 ejusdem
1735 492 1974 557 unionis,

412 590 664 651 precatus
688 592 792 637 est.
822 581 940 638 Non
984 584 1129 654 quod
1162 583 1420 651 Verbum,
1446 593 1507 639 ut
1534 584 1812 641 Marcellus
1838 584 1975 651 vult,

412 674 632 729 uuiatur
663 673 793 738 Deo;
823 683 878 730 et
910 676 1343 732 substantialiter
1373 674 1817 747 coniungatur-ei
1849 716 1866 742 ,
1917 684 1974 730 ut

410 766 617 820 veritas
659 767 775 835 ipsa
809 766 1071 822 Servator
1125 777 1376 833 testatur,
1425 767 1976 838 inquienszGloriam

409 872 568 926 quam
593 857 787 911 dediin
803 858 930 911 mihi
958 859 1078 912 dedi
1113 860 1203 924 iis,
1232 868 1288 912 ut
1316 860 1423 913 sint
1454 875 1616 913 unum
1641 860 1773 912 sicut
1800 869 1848 912 et
1883 873 1976 911 nos

410 964 577 1002 unum
614 965 817 1007 sumus.
858 948 968 1017 Ego
1013 951 1069 1002 in
1113 950 1181 1004 iis
1229 960 1277 1005 et
1322 950 1472 1008 tuin
1498 966 1596 1015 me,
1630 957 1690 1003 ut
1718 951 1820 1003 sint
1850 965 1981 1002 con-

410 1041 662 1093 summati
714 1040 772 1093 in
818 1056 1005 1094 unum.
1055 1041 1232 1110 Atque
1285 1040 1356 1095 ita
1406 1038 1787 1107 adimplebitur
1847 1036 1976 1091 illud

409 1130 651 1201 Apostoli
683 1130 885 1186 dictum
918 1149 932 1184 :
960 1130 1029 1186 Ut
1060 1131 1202 1186 Deus
1237 1134 1307 1186 sit
1348 1132 1525 1195 omnia
1554 1133 1610 1183 in
1653 1129 1894 1184 omnibus
1909 1128 1975 1183 ³⁷.

410 1223 546 1278 Cum
587 1238 718 1279 vero
759 1222 1062 1291 Marcellus,
1095 1232 1151 1278 et
1177 1223 1268 1293 qui
1301 1237 1423 1277 cum
1452 1223 1570 1291 ipso
1599 1223 1787 1276 eodem
1821 1219 1979 1275 modo

411 1331 519 1386 quo
555 1316 670 1387 ipse
718 1315 1010 1371 Sabelliani
1052 1317 1404 1390 sunthtribus
1436 1317 1536 1371 niti
1584 1316 1795 1371 soleant
1827 1315 1980 1369 testi-

411 1405 629 1470 moniis,
658 1403 853 1474 quibus
867 1414 1133 1460 conantur
1150 1406 1457 1470 ostendere,
1471 1405 1687 1461 Patrem
1711 1415 1872 1476 atque
1887 1405 1981 1460 Fi-

410 1499 545 1553 lium
572 1511 694 1552 esse
726 1512 914 1564 unum,
939 1505 1126 1566 utputa
1172 1496 1301 1551 illud
1328 1515 1343 1552 :
1369 1495 1482 1566 Ego
1521 1507 1570 1551 et
1616 1497 1777 1551 Pater
1816 1513 1978 1551 unum

409 1607 591 1645 sumus
621 1590 701 1657 '3;
736 1598 792 1646 et
814 1589 1048 1644 secundo
1073 1606 1087 1643 :
1109 1586 1274 1642 Pater
1294 1589 1348 1642 in
1363 1605 1444 1642 me
1465 1598 1512 1643 et
1528 1605 1622 1659 ego
1640 1590 1695 1642 in
1721 1588 1881 1642 Patre
1896 1590 1939 1622 ³⁹
1963 1606 1978 1654 ;

409 1690 466 1734 et
496 1680 655 1743 tertio
682 1696 697 1735 :
724 1680 831 1744 Qui
863 1696 941 1733 me
973 1678 1122 1743 uidit,
1161 1678 1289 1732 uidit
1342 1690 1390 1731 et
1432 1676 1726 1744 Patrem“,
1750 1694 1868 1748 quac
1902 1678 1975 1732 illi

408 1786 625 1841 semper
676 1772 729 1826 in
787 1785 882 1824 ore
937 1770 1179 1837 habent;
1211 1778 1268 1824 et
1324 1769 1456 1824 illud
1499 1789 1511 1824 :
1553 1769 1661 1838 Ego
1709 1779 1755 1823 et
1812 1766 1974 1822 Pater
2004 1758 2045 1813 Β

407 1880 574 1920 unum
600 1861 1119 1932 sumus,objicienda
1145 1869 1273 1916 sunt
1299 1873 1331 1915 e
1363 1869 1548 1915 contra
1576 1874 1694 1929 qua:
1713 1858 1823 1928 jam
1848 1873 1972 1928 pro-

408 1956 678 2012 tulimus:
718 1955 809 2010 ubi
853 1967 952 2024 pro
1006 1951 1284 2021 discipulis
1337 1951 1641 2017 intercedit,
1682 1958 1741 2004 ut
1783 1965 1975 2005 omnes

407 2050 645 2121 ejusdem
677 2046 900 2102 unitatis
932 2044 1221 2115 participes
1268 2042 1419 2100 (lant.
1447 2041 1627 2113 lnquit
1670 2045 1815 2097 enim
1851 2058 1864 2093 :
1902 2041 1973 2097 Ut

406 2144 514 2198 sint
544 2156 731 2205 unum,
754 2135 1191 2209 quemadmodum
1219 2143 1269 2188 et
1298 2150 1391 2188 nos
1422 2150 1604 2187 sumus
1642 2150 1825 2186 unum.
1857 2131 1973 2203 Ego

402 2239 461 2291 in
486 2234 595 2289 illis
624 2243 672 2288 et
703 2241 759 2287 tu
787 2233 844 2286 in
870 2246 974 2295 me,
1004 2238 1061 2283 ut
1091 2228 1200 2282 sint
1230 2226 1581 2281 consummati
1600 2226 1656 2279 in
1678 2242 1863 2279 unum.
1892 2226 1973 2280 Ad

403 2325 533 2383 illud
563 2333 741 2380 autem
767 2338 783 2377 :
817 2319 979 2374 Pater
1001 2320 1058 2373 in
1078 2335 1159 2372 me
1184 2327 1232 2372 et
1265 2332 1360 2387 ego
1394 2317 1450 2370 in
1482 2315 1667 2383 Patre,
1699 2331 1971 2386 opponam

403 2407 582 2473 denuo
639 2413 812 2485 ipsius
849 2426 1059 2476 vocem,
1084 2410 1173 2466 ubi
1204 2410 1299 2475 ait,
1327 2425 1427 2480 pro
1466 2409 1534 2465 iis
1572 2409 1921 2465 iulercedens
1954 2424 1969 2461 :

405 2506 477 2564 Ut
504 2518 561 2562 tu
592 2505 758 2561 Pater
794 2505 850 2558 in
898 2519 1004 2568 me,
1046 2512 1095 2557 et
1143 2517 1236 2571 ego
1276 2503 1331 2556 in
1365 2511 1433 2569 te,
1458 2510 1515 2555 ut
1547 2511 1599 2555 et
1616 2501 1716 2568 ipsi
1746 2501 1801 2554 in
1825 2501 1973 2554 nobis

400 2614 567 2653 unum
601 2596 726 2650 sint.
755 2593 822 2648 Et
845 2609 937 2664 ego
973 2591 1269 2646 claritatem
1300 2607 1460 2662 quam
1483 2591 1671 2645 dedisti
1697 2590 1825 2643 mihi
1852 2589 1974 2644 dedi

399 2689 554 2758 ipsis.
592 2687 650 2741 ln
694 2685 891 2755 quibus
928 2682 1214 2753 perspicue
1244 2681 1376 2736 illud
1412 2681 1686 2747 indicavit,
1724 2680 1790 2734 ad
1847 2693 1974 2734 eum

401 2781 621 2836 modum
651 2778 707 2832 in
749 2777 869 2847 ipso
901 2790 1020 2831 esse
1060 2774 1305 2837 Patrem,
1342 2788 1447 2842 quo
1478 2782 1534 2827 et
1576 2773 1630 2826 in
1675 2772 1829 2826 nobis
1861 2770 1975 2823 vult

400 2885 542 2926 esse.
593 2869 711 2923 Non
763 2867 907 2937 quod
957 2881 1122 2918 unum
1178 2865 1295 2935 ipse
1344 2874 1400 2919 et
1427 2863 1591 2938 Pater
1636 2862 1975 2934 hypostati‘ce

400 2962 507 3018 fuit
538 2981 553 3016 :
585 2960 679 3016 sed
728 2958 870 3028 quod
916 2956 1078 3011 Pater
1110 2970 1233 3011 cum
1284 2954 1601 3025 participem
1656 2954 1833 3023 ipsum
1866 2967 1975 3008 suae

401 3054 588 3127 gloria:
634 3050 847 3114 fecerit,
899 3055 955 3103 et
998 3048 1114 3116 ipse
1145 3046 1214 3100 ad
1254 3045 1611 3100 imitationem
1666 3045 1749 3099 sui
1788 3034 1969 3098 Patris

401 3145 759 3203 familiaribus
790 3141 902 3197 suis
947 3155 1102 3196 suam
1147 3138 1512 3194 communicet
1557 3136 1808 3207 gloriam.
1838 3134 1966 3191 ideo

402 3240 481 3292 ait
509 3258 521 3292 :
550 3225 988 3304 Ego'ctaritatcm
1026 3245 1184 3299 quam
1236 3227 1432 3283 dedisti
1478 3227 1609 3281 mihi
1641 3227 1763 3281 dedi
1788 3227 1882 3291 eis,
1913 3235 1969 3280 ut

400 3329 507 3382 sint
540 3340 705 3378 unum
725 3324 861 3377 sicut
887 3330 935 3376 ct
969 3336 1062 3374 nos
1098 3335 1265 3373 unum
1293 3333 1492 3373 sumus.
1520 3316 1633 3387 Ego
1664 3320 1721 3372 in
1746 3318 1813 3370 iis
1835 3327 1882 3370 et
1912 3326 1968 3369 tu

398 3420 458 3470 in
482 3431 584 3478 me,
615 3423 670 3467 ut
700 3421 747 3465 et
770 3412 872 3480 ipsi
902 3410 978 3463 sic
1013 3409 1117 3463 sint
1155 3409 1210 3462 in
1243 3408 1409 3463 nobis.
1434 3410 1513 3464 Ita
1541 3409 1701 3463 Pater
1724 3417 1778 3463 et
1798 3406 1969 3462 Filius

397 3522 565 3561 unum
606 3512 750 3569 sunt,
784 3502 1166 3558 communione
1196 3500 1459 3556 claritatis
1493 3516 1505 3551 :
1539 3514 1701 3569 quam
1729 3515 1850 3554 cum
1887 3501 1969 3553 di-

400 3596 621 3666 scipulis
651 3594 763 3649 suis
796 3589 1092 3663 impertiat,
1134 3589 1373 3661 ejusdem
1415 3603 1510 3644 eos
1558 3588 1774 3645 unionis
1801 3589 1968 3657 parti-

402 3688 550 3755 cipes
586 3684 731 3740 fecit.

2072 492 2216 545 οὕτω
2245 491 2339 544 καὶ
2371 491 2580 555 πάντας
2606 493 2754 563 ἡμᾶς
2783 492 2923 545 κατὰ
2953 492 3053 562 τὴν
3087 492 3255 546 αὐτοῦ
3291 492 3524 563 μίμησιν
3550 493 3643 561 τῆς

2075 581 2326 651 ένότητος
2356 580 2457 649 τῆς
2482 579 2594 651 (51)
2644 581 2930 650 μετασχεῖν
2962 579 3199 651 εὔχεταν
3231 580 3293 633 οὐ
3320 580 3463 643 κατά
3493 580 3645 651 Μάρ-

2074 671 2370 742 κελλονςτοῦ
2395 672 2567 741 Λόγου
2597 673 2868 743 ἑνωμὲνου
2886 671 2963 743 τῷ
2989 672 3107 743 Θεῷ
3134 674 3228 727 καὶ¹
3251 675 3315 743 τῇ
3345 674 3504 743 οὐσίᾳ
3528 690 3647 724 συν-

2073 764 2475 836 αφθησομένου,
2511 763 2694 827 καθὼς
2730 764 2788 817 δὲ
2825 764 3211 837 ἐμαρτύρησεν
3268 768 3301 837 ἠ
3345 765 3591 837 ἀλήθεια,
3619 769 3648 819 6

2076 858 2271 930 Σωτὴρ
2312 857 2474 920 αὐτὸς
2506 857 2697 910 εἰπών’
2744 855 2865 924 Τὴν·
2902 856 3091 921 δόξαν
3135 858 3214 928 ἢν
3259 856 3489 922 ἔδωκάς
3525 876 3646 926 μοι,

2077 949 2297 1003 δέδωκα
2320 947 2544 1014 αὐτοῖς·
2576 948 2677 1001 ἵνα
2700 942 2853 1002 ὦσιν
2891 946 2961 1001 ἓν
2994 948 3105 1020 (52)
3142 948 3334 1013 καθὼς
3366 947 3541 1017 ἡμεῖς
3582 948 3651 1001 ἒν

2075 1043 2285 1112 ἐσμεν·
2313 1040 2427 1110 ἐγὼ
2451 1041 2520 1095 ἐν
2544 1040 2748 1106 αὐτοῖς
2777 1039 2877 1093 καὶ
2909 1038 2990 1093 σὺ
3024 1040 3096 1093 ἐν
3113 1039 3265 1109 ἐμοὶ,
3290 1040 3391 1093 ἵνα
3417 1034 3531 1093 ὦσι
3561 1055 3652 1092 τε-

2077 1132 2450 1201 τελειωμένοι
2493 1133 2580 1197 εὶς
2620 1130 2686 1185 τὸ
2717 1130 2806 1184 ἐν·
2853 1130 2996 1184 οὕτω
3032 1131 3142 1201 γὰρ
3181 1131 3276 1185 καὶ
3306 1131 3430 1184 τότε
3465 1131 3560 1184 καὶ
3588 1131 3651 1184 τὸ

2077 1222 2432 1279 ἁποστολικὸν
2462 1222 2647 1278 λοιπὸν
2680 1220 2868 1285 τέλους
2896 1220 3161 1287 τεύξεται,
3189 1221 3251 1274 τὸ
3280 1221 3482 1290 φῆσαν,
3520 1220 3653 1275 Ἵνα

2077 1311 2119 1388 ᾖ
2153 1320 2186 1369 d
2220 1315 2364 1382 Θεὸς
2405 1316 2601 1370 πάντα
2626 1316 2697 1369 ἐν
2729 1312 2900 1370 πᾶσι.
2931 1315 3042 1368 Καὶ
3074 1312 3259 1383 ἐπειδὴ
3286 1312 3435 1382 τρισὶ
3468 1315 3653 1383 ῥητοῖς

2078 1407 2394 1479 Μάρκελλος
2422 1407 2516 1460 καὶ
2547 1406 2598 1460 οἱ
2635 1406 2725 1460 τὸν
2763 1406 2946 1477 ὅμοιον
2989 1404 3138 1475 αὐτῷ
3161 1405 3362 1477 τρόπον
3394 1405 3652 1458 Σαϐελλί-

2080 1497 2264 1561 ζοντες
2294 1497 2529 1568 χρῆσθαι
2555 1496 2797 1560 εἰώθασι,
2832 1497 2924 1551 τὸν
2949 1497 3170 1568 Πατέρα
3200 1498 3296 1551 καὶ
3317 1498 3407 1551 τόν
3435 1496 3565 1550 Υἱὺν
3594 1496 3655 1550 ἒν

2081 1582 2220 1639 εἶναι
2254 1586 2580 1656 πειρώμενοι
2610 1586 2902 1640 δεικνύναιο
2932 1586 3062 1641 ποτὲ
3085 1587 3194 1655 (55)
3226 1588 3346 1657 μὲν,
3381 1586 3527 1656 Ἐγὼ
3554 1586 3655 1640 καὶ

2080 1678 2281 1746 Πατὴρ
2302 1678 2372 1732 ἐν
2392 1679 2598 1747 ἐσμεν,
2629 1676 2968 1748 θρυλοῦντες·
3002 1677 3129 1730 ποτὲ
3152 1678 3208 1731 δὲ
3237 1678 3320 1741 τὸ,
3353 1678 3419 1731 '0
3448 1676 3655 1745 Πατὴρ

2072 1769 2304 1838 ἑνέμοὶ,
2336 1770 2495 1838 κάγὼ
2518 1769 2587 1821 ἐν
2606 1768 2684 1834 τῷ
2708 1767 2908 1836 Πατρί·
2935 1768 3030 1821 καὶ
3052 1768 3133 1831 τὸ,
3174 1767 3227 1820 Ὀ
3253 1766 3526 1837 ἑωρακὼς
3548 1765 3658 1836 ἐμὲ

2072 1860 2416 1929 ἑώρακεκαὶ
2458 1860 2563 1914 τὸν
2595 1859 2843 1927 Πατέρα’
2872 1861 3012 1932 πρὸς
3054 1861 3153 1931 μὲν
3185 1860 3265 1925 τὸ,
3312 1860 3452 1928 Ἐγὼ
3489 1858 3587 1912 καὶ
3618 1860 3655 1912 ὀ

2071 1952 2276 2020 Πατὴρ
2302 1952 2372 2006 ἓν
2391 1952 2578 2021 ἐσμεν
2603 1950 2672 2003 τὰ
2692 1952 3046 2022 προκείμενα,
3076 1953 3260 2015 αὐτοῖς
3286 1949 3653 2022 προσακτέον,

2071 2045 2140 2098 δι’
2168 2038 2242 2099 ὧν
2272 2043 2629 2115 ὑπερεύχεται
2652 2044 2761 2097 τῶν
2784 2045 2949 2100 αὐτοῦ
2985 2043 3262 2115 μαθητῶν,
3295 2042 3384 2095 ἵνα
3405 2041 3503 2095 καὶ
3525 2041 3655 2094 πάν-

2070 2154 2165 2200 τες
2192 2136 2344 2190 αὐτοὶ
2380 2136 2480 2205 τῆς
2516 2137 2685 2208 αὐτῆς
2724 2137 2835 2209 (54)
2874 2135 3118 2199 ένώσεως
3144 2134 3368 2205 τύχωσι·
3400 2132 3552 2203 λέγει
3596 2133 3655 2186 δὲ

2071 2224 2184 2292 οὖν,
2218 2229 2353 2285 Ἵνα
2377 2223 2529 2282 ὦσιν
2547 2228 2635 2295 ἒν,
2669 2228 2863 2295 καθὼς
2887 2228 3058 2298 ἡμεῖς
3077 2228 3164 2282 ἕν’
3193 2226 3309 2298 ἐγὼ
3329 2228 3400 2281 ἐν
3425 2224 3653 2291 αὐτοῖς,

2072 2317 2173 2371 καὶ
2209 2317 2291 2372 σὺ
2322 2319 2393 2371 ἐν
2418 2318 2568 2388 ἐμοὶ,
2606 2319 2706 2371 ἵνα
2731 2313 2843 2373 ὦσι
2873 2317 3308 2386 τετελειωμένοι
3339 2318 3429 2382 εὶς
3464 2314 3534 2369 τὸ
3561 2315 3652 2369 ἓν.

2073 2410 2218 2482 Πρὸς
2249 2410 2305 2463 δὲ
2336 2410 2416 2474 τὸ,
2440 2410 2495 2463 Ὁ
2530 2410 2732 2479 Πατὴρ
2768 2411 2839 2463 ἐν
2862 2410 3013 2478 ἐμοὶ,
3041 2408 3202 2479 κάγὼ
3233 2410 3305 2462 ἐν
3335 2408 3416 2471 τῷ
3442 2406 3652 2474 Πατρὶ,

2074 2501 2464 2574 παραθήσομεν
2490 2500 2588 2573 τὴν
2620 2502 2783 2554 αὐτοῦ
2811 2501 2972 2555 πάλιν
2996 2501 3199 2572 φωνὴν,
3229 2500 3296 2552 δι’
3320 2493 3388 2570 ἧς
3422 2498 3656 2569 ὑπερευ-

2073 2593 2301 2664 χόμενος
2351 2592 2528 2647 αὐτῶν
2575 2593 2745 2661 ἔλεγε·
2774 2593 2977 2658 Καθὼς
3000 2591 3102 2657 σὺ,
3145 2591 3357 2659 Πάτερ,
3398 2591 3469 2645 ἐν
3500 2589 3652 2660 ἐμοὶ,

2072 2684 2234 2754 κάγὼ
2260 2684 2329 2738 ἐν
2347 2685 2471 2747 σοὶ,
2494 2686 2595 2738 ἵνα
2621 2685 2719 2739 καὶ
2743 2684 2911 2738 αὐτοὶ
2934 2684 3005 2738 ἐν
3028 2683 3171 2753 ἡμῖν
3188 2679 3317 2738 ὦσι·
3349 2680 3513 2752 κάγὼ
3540 2679 3655 2749 τὴν

2073 2775 2281 2842 δόξαν,
2304 2775 2384 2843 ἢν
2425 2775 2682 2842 δέδωκάς
2725 2793 2845 2845 μοι,
2891 2775 3120 2829 δέδωκα
3161 2774 3384 2841 αὐτοῖς.
3430 2776 3511 2826 Δι’
3553 2767 3652 2836 ὧν,

2076 2868 2263 2937 σαφῶς
2296 2870 2623 2942 παρίστησιν
2657 2868 2829 2933 οὕτως
2861 2866 2998 2923 εἶναι
3025 2870 3083 2922 έν
3108 2867 3255 2939 αὐτῷ
3281 2868 3370 2921 τὸν
3407 2866 3651 2938 Πατέρα..

2073 2960 2255 3027 καθὼς
2283 2962 2377 3015 καὶ
2399 2963 2456 3013 ὲν
2477 2963 2606 3031 ἡμῖν
2635 2959 2772 3016 εἶναι
2802 2959 3071 3031 βούλεται.
3101 2961 3215 3030 Οὐχ
3241 2960 3324 3012 ὅτι
3361 2957 3653 3039 καθὀὑοπύ⁴

2077 3068 2263 3106 στασιν
2298 3050 2426 3121 μίαν
2445 3045 2524 3115 εἷς
2551 3049 2625 3104 ὣν
2651 3050 2907 3121 τυγχάνει
2928 3049 3089 3114 αὐτὸς
3117 3051 3212 3103 καὶ
3235 3050 3264 3102 6
3288 3049 3439 3128 Πατή
3448 3066 3500 3120 ρ·
3533 3046 3651 3102 ἀλλ⁹

2070 3143 2152 3196 ὅτι
2176 3141 2270 3195 τοῦ
2296 3142 2512 3213 Πατρὸς
2549 3141 2976 3213 μεταδεδωκότος
3014 3140 3164 3211 αὑτῷ
3189 3139 3302 3211 (55)
3330 3140 3541 3204 οἰκείας
3564 3140 3652 3193 δό-

2073 3228 2190 3298 ξης,
2231 3228 2328 3281 καὶ
2362 3228 2525 3292 αὐτὸς
2551 3229 2752 3300 ὁμοίως
2774 3231 2884 3293 τοῖς
2911 3229 3149 3293 οἰκείοις,
3176 3228 3266 3282 τὸν
3308 3230 3531 3302 Πατέρα
3559 3248 3651 3300 μι-

2072 3319 2361 3390 μούμενος,
2406 3320 2745 3391 μεταδίδωσι.
2784 3322 2876 3374 Διό
2902 3337 3056 3391 φησι,
3098 3319 3271 3389 Κάγὼ
3306 3320 3421 3389 τὴν
3462 3320 3652 3385 δόξαν·

2068 3408 2150 3476 ’ἣν
2173 3409 2398 3475 ἔδωκάς
2414 3429 2517 3479 μοι
2541 3410 2768 3466 δέδωκα
2790 3413 3016 3480 αὐτοῖς,
3039 3415 3141 3468 ἵνα
3163 3409 3315 3468 ὦσιν
3336 3412 3427 3473 ἐν,
3454 3413 3651 3478 καθὼς

2067 3500 2240 3569 ’ἡμεῖς
2268 3501 2377 3571 (56)
2406 3501 2495 3558 ἓν.
2512 3502 2717 3569 Καθὼς
2743 3503 3094 3574 σὺ,⁸Πάτερ,
3121 3505 3192 3559 ἐν
3220 3503 3553 3574 ἑμοὶ,κᾶγὼ
3581 3504 3651 3557 ἑν

2072 3591 2193 3657 σοὶ,
2220 3593 2320 3645 ἵνα
2346 3593 2441 3646 καὶ
2478 3595 2645 3647 αὐτοὶ
2674 3595 2743 3648 ἐν
2769 3595 2912 3665 ἡμῖν
2940 3591 3109 3650 ὦσιν.
3138 3593 3325 3657 Οὕτως
3350 3589 3443 3647 οὖν
3476 3593 3537 3648 ἓν
3568 3595 3647 3646 εί·

2074 3696 2158 3732 σιν
2176 3682 2205 3733 6
2225 3682 2414 3753 Πατὴρ
2436 3683 2530 3736 καὶ
2550 3685 2579 3735 6
2599 3682 2727 3747 Υίδς
2749 3684 2891 3737 κατὰ
2910 3684 3010 3757 τὴν
3035 3683 3318 3739 κοινωνίαν
3342 3684 3442 3754 τῆς
3466 3683 3626 3753 δόξης
3632 3721 3653 3745 ι

400 3778 470 3854 ἦς
496 3783 608 3845 τοῖς
636 3776 800 3832 αὐτοῦ
839 3776 1106 3847 μαθηταῖς
1148 3773 1482 3845 μεταδιδοὺς,
1512 3776 1611 3843 τῆς
1637 3772 1806 3842 αὐτῆς
1832 3771 2075 3836 ὲνὼσεως
2107 3774 2196 3826 καὶ
2235 3774 2395 3838 αὐτὸς
2420 3774 2593 3843 ἠξίου.

968 3893 1028 3952 >1!
1072 3885 1301 3942 CAPUT
1338 3885 1456 3940 XX.

405 3980 560 4048 Quod
581 3988 636 4034 ut
673 3976 835 4032 Pater
863 3977 920 4031 in
953 3975 1118 4048 Filio,
1149 3986 1198 4029 et
1220 3973 1395 4048 Filius
1424 3976 1478 4029 in
1508 3974 1688 4048 Patre,
1725 3975 1798 4030 ila
1830 3984 1879 4031 et
1914 3975 1969 4030 in

806 4048 916 4100 suis
947 4047 1144 4099 sanctis
1171 4045 1411 4100 omnibus
1437 4047 1558 4099 erit.

470 4157 680 4211 Rursus
722 4155 798 4209 ita
838 4162 965 4210 erat
1002 4154 1056 4208 in
1104 4154 1220 4222 ipso
1261 4152 1421 4210 Pater
1452 4154 1646 4224 etipse
1682 4155 1736 4209 in
1769 4154 1962 4222 Patre;

400 4248 855 4324 quemadmodum
897 4244 1173 4300 concludit
1208 4245 1400 4300 beatus
1444 4245 1731 4315 Apostolus
1759 4247 1826 4301 de
1860 4246 1967 4300 illis

395 4341 671 4403 omnibus,
702 4337 795 4407 qui
825 4351 991 4407 regno
1014 4336 1276 4392 caelorum
1300 4336 1445 4407 digni
1478 4339 1694 4405 fuerint,
1721 4338 1809 4392 ubi
1841 4339 1916 4391 ait
1947 4357 1961 4391 :
2007 4372 2023 4388 .

399 4434 548 4490 Tum:
579 4437 679 4487 erit
712 4429 853 4486 Deus
883 4430 1059 4483 omnia
1085 4431 1139 4483 in
1170 4428 1409 4485 omnibus
1425 4428 1493 4494 δι,
1520 4430 1587 4484 ad
1611 4433 1824 4485 modum
1856 4446 1964 4499 quo

396 4528 576 4580 dixit:
607 4522 870 4578 Habitabo
916 4523 975 4576 in
1005 4519 1137 4583 illis,
1181 4528 1232 4573 et
1289 4519 1568 4573 ambulabo
1605 4521 1742 4575 inter
1783 4537 1869 4575 eos
1892 4521 1957 4575 θ’.

397 4619 505 4673 Sed
535 4626 589 4672 et
607 4613 874 4685 quomodo
890 4613 1089 4667 dictum
1118 4628 1132 4664 :
1163 4609 1274 4665 Nos
1296 4612 1350 4665 in
1374 4612 1486 4678 ipso
1514 4611 1755 4675 vivimus,
1780 4620 1960 4665 clmo-

396 4724 596 4774 uemur,
621 4718 670 4760 et
684 4721 867 4760 sumus
884 4703 950 4756 ".
983 4702 1113 4768 Quae
1137 4715 1267 4756 sane
1293 4700 1472 4755 omnia
1503 4701 1570 4754 de
1598 4700 1751 4754 nobis
1773 4700 1962 4755 dicun-

396 4810 509 4862 tur,
537 4798 631 4869 qui
669 4806 847 4850 tamen
876 4795 929 4849 in
960 4794 1181 4863 propria
1217 4790 1499 4862 hypostasi
1534 4791 1878 4848 subsistimus
1906 4802 1962 4849 et

396 4890 659 4953 vivimus;
697 4899 798 4942 nec
830 4885 1123 4955 quidquam
1167 4882 1431 4941 habemus
1461 4896 1584 4938 cum
1623 4892 1850 4954 paterna
1879 4884 1963 4939 di-

470 5075 530 5133 is
564 5066 663 5121 Ed.
698 5065 897 5134 Paris.,
928 5077 1051 5134 pag.
1070 5063 1202 5134 7194.
1233 5062 1335 5134 _"_“
1354 5061 1509 5134 Joan.
1559 5079 1615 5130 κ,
1652 5062 1740 5118 50.

1854 5065 1899 5097 ³⁷
1929 5065 2092 5123 lCor.
2127 5085 2218 5132 xv,
2251 5070 2343 5127 28.

2709 3889 2868 3941 ΚΕΦ.
2905 3890 2988 3941 Κ’.

2174 3902 2179 3907 ·
2709 3889 2758 3941 Κ
2805 3889 2868 3941 Φ.
2905 3890 2988 3941 Κ’.

2072 3974 2201 4028 Ὅτι
2236 3975 2316 4041 ὡς
2345 3980 2378 4030 ὀ
2425 3977 2627 4045 Πατὴρ
2669 3977 2738 4030 ἐν
2763 3890 2859 4044 Est?)
2895 3976 3026 4043 Υἱῷ,
3069 3978 3168 4032 καὶ
3210 3980 3243 4031 ὁ
3295 3977 3429 4041 Υἱὸς
3460 3976 3533 4029 ἐν
3567 3975 3652 4040 τῷ

2126 4046 2328 4113 Πατρὶ,
2359 4047 2511 4100 οὕτω
2536 4047 2635 4100 καὶ
2657 4048 2727 4101 ἐν
2756 4048 2879 4114 τοῖς
2900 4049 3090 4118 ἁγίοις
3121 4049 3353 4103 ἅπασιν
3377 4048 3581 4101 ἔσται.

2139 4158 2249 4211 Καὶ
2278 4158 2459 4223 πάλιν,
2490 4158 2663 4223 οὕτως
2694 4154 2762 4229 ἦν
2788 4161 2817 4212 6
2843 4160 3035 4231 Πατὴρ
3067 4160 3125 4213 ὲν
3154 4158 3323 4230 αὐτῷ’
3356 4158 3455 4211 καὶ
3482 4158 3649 4221 αὐτὸς

2067 4247 2216 4318 ἐντῷ
2233 4251 2426 4319 Πατρὶ,
2448 4250 2522 4313 ὡς
2551 4250 2580 4302 6
2606 4250 2748 4314 θεῖος
2787 4251 3107 4314 Ἀπὸστολος
3136 4252 3227 4305 καὶ
3260 4251 3393 4321 περὶ
3423 4250 3650 4303 πάντων

2027 4359 2035 4368 ·
2070 4340 2309 4395 διδάσκει
2334 4342 2440 4394 τῶν
2468 4342 2567 4412 τῆς
2584 4342 2905 4413 ἐπουρανίου
2929 4341 3203 4413 βασιλείας
3225 4341 3414 4407 ἀξίων,
3445 4339 3643 4409 λέγων·

2075 4433 2213 4484 Τότε
2241 4430 2412 4486 ἔσται
2442 4435 2477 4486 ό
2518 4432 2661 4498 Θεὸς
2698 4432 2893 4487 πάντα
2936 4434 3007 4487 ἐν
3035 4432 3257 4487 πᾶσιν·
3299 4432 3377 4494 ὡς
3420 4433 3518 4486 καὶ
3558 4432 3624 4485 τὸ

2083 4523 2410 4593 Ἐνοικήσω
2458 4525 2529 4580 ἐν
2577 4524 2782 4592 αὐτοῖς
2832 4525 2931 4579 καὶ
2980 4522 3461 4595 ἐμπεριπατήσω,
3487 4523 3613 4576 λέλε

2064 4632 2217 4669 κται·
2251 4617 2361 4688 (57)
2396 4617 2531 4671 ἀλλὰ
2556 4619 2670 4683 καὶ,
2692 4617 2881 4687 Ἡμεῖς
2909 4618 2981 4673 ἐν
3012 4616 3170 4682 αὐτῷ
3197 4615 3402 4687 ζῶμεν,
3429 4615 3528 4669 καί
3560 4633 3646 4668 κι-

2064 4708 2342 4776 νούμεθα,
2382 4709 2483 4761 καί
2498 4709 2704 4777 ἐσμεν.
2745 4710 2856 4762 Καὶ
2889 4709 3061 4767 ταῦτα
3099 4708 3277 4762 πάντα
3316 4706 3449 4778 περὶ
3483 4707 3645 4778 ἡμῶν

2066 4797 2336 4866 λέλεκται,
2377 4800 2487 4854 τῶν
2524 4801 2643 4855 κατ’
2686 4800 2820 4857 ἰδίαν
2858 4801 3154 4854 ὑπόστασιν
3181 4798 3509 4870 ὑφεστώτων
3545 4800 3644 4853 καὶ

2064 4888 2282 4957 ζώντων
2313 4892 2407 4945 καὶ
2431 4892 2596 4963 μηδὲν
2624 4893 2853 4963 ἐχόντων
2877 4892 3051 4947 κοινὸν
3078 4890 3214 4963 πρὸς
3238 4890 3337 4963 τὴν
3363 4890 3643 4963 πατρικὴν

2456 5073 2502 5106 ³⁸
2533 5071 2688 5127 Joan.
2717 5089 2770 5138 κ,
2809 5072 2896 5128 50.
2973 5072 3017 5105 ³⁹
3047 5070 3174 5128 ibid.
3203 5070 3292 5124 58.
3405 5068 3455 5100 “
3476 5065 3637 5122 Joan.

394 5131 507 5204 τιν’,
533 5137 588 5191 9.
662 5137 709 5167 ⁸¹
734 5133 755 5188 Ι
785 5133 915 5191 Cor.
931 5131 1031 5200 si,
1060 5133 1150 5187 28.
1229 5132 1275 5164 ἰ’
1301 5131 1474 5189 Levit.
1498 5147 1647 5198 τινι,
1678 5134 1744 5187 12
1771 5151 1787 5201 ;
1828 5135 1845 5187 l
1877 5136 1969 5191 (ἔοι

2079 5155 2107 5206 l,
2138 5131 2226 5195 16’.
2271 5141 2316 5173 ”
2337 5142 2458 5198 Act.
2488 5158 2622 5208 xvu,
2660 5145 2753 5200 28.

465 5336 576 5407 (51)
616 5336 783 5406 Vulgo
826 5335 990 5390 αὐτοῦ
1034 5344 1108 5391 at.
1154 5335 1224 5392 cf.
1258 5334 1321 5389 D.
1357 5337 1448 5390 lin.
1492 5347 1548 5390 et
1577 5350 1700 5390 mox
1753 5338 1959 5410 ἐνωμέ-

391 5422 577 5616 WE?
612 5474 783 5545 Vulgo
811 5474 992 5539 καθὼς
1026 5473 1169 5547 [καὶ]
1198 5475 1357 5546 ἡμεῖς
1397 5486 1451 5530 et
1495 5491 1620 5531 mox
1666 5476 1771 5549 γὰρ
1814 5478 1953 5532 τότε·

465 5545 555 5616 (55
610 5545 780 5616 Vulgo
803 5547 900 5615 μὲν
927 5545 1006 5609 τὸ,
1044 5554 1101 5599 et
1127 5545 1309 5616 θρυλλ.

465 5545 575 5616 (55)
610 5545 780 5616 _V_ulgo
803 5547 900 5615 μὲν
927 5545 1006 5609 τὸ,
1032 5545 1101 5599 ει
1127 5545 1309 5616 θρυλλ.

465 5614 579 5680 (54⁷)
612 5614 1110 5689 Μρηαίνέσεωςηει
1156 5614 1227 5669 cl'.
1277 5617 1337 5669 D.
1384 5617 1509 5681 ﬁu.;
1546 5632 1666 5689 mox
1705 5617 1861 5689 vuign
1888 5618 1948 5673 ἓν

393 5684 558 5757 ἔσμεν
604 5691 659 5738 ct
701 5685 824 5739 dein
873 5684 1255 5758 παραθήσομεν
1320 5696 1374 5743 et
1430 5689 1494 5740 δι’
1542 5686 1609 5760 ἧς
1649 5684 1945 5760 ἐπερῇάμε..

2132 5418 2244 5488 (55)
2271 5417 2440 5488 Vulgo
2464 5419 2561 5488 τῆς
2590 5421 2694 5475 οἰκ.

2131 5487 2242 5558 (56)
2280 5487 2447 5559 Vulgo
2469 5487 2527 5542 ἒν
2556 5491 2740 5559 ἐσμεν.

2132 5550 2250 5630 (57)
2294 5550 2456 5630 Forte
2483 5550 2814 5630 lege-udum,
2882 5558 3060 5623 Ἀλλὰ,
3110 5559 3185 5622 ὡς
3230 5557 3320 5612 καὶ
3367 5556 3530 5630 ἡμεῖς
3571 5550 3631 5609 ἓν

2062 5626 2210 5698 αὐτῷ
2237 5629 2434 5701 ζῶμεν.
2479 5628 2549 5684 Μ.
