3810 6218
227 272 383 329 ἐντιδ

1159 267 1248 322 DE
1281 267 1815 327 ECCLESIASTICA
1854 267 2248 325 TiIEOLOGlA
2287 267 2417 323 LIB.
2457 265 2547 324 III.

3323 265 3460 326 1046

236 393 489 464 ϐιότητα.
529 389 596 444 Τί
645 388 759 461 (58)
796 388 862 460 δὴ
894 381 986 442 οὖν
1025 387 1132 460 χρὴ
1161 387 1480 460 θαυμάζειν,
1513 390 1562 442 εἰ
1599 390 1692 444 καὶ
1717 389 1796 442 em

1909 391 2136 446 vinitate
2168 405 2476 446 commune.
2505 388 2768 458 Quocirca
2802 403 2906 446 non
2951 396 3036 445 est
3073 387 3289 454 mirum,
3317 389 3361 442 si
3400 389 3472 446 de

236 480 336 534 τοῦ
371 478 524 543 Υὶοῦ,
555 480 610 532 αἱ
635 477 1004 548 παραπλήσιοι
1032 477 1286 548 φέρονται
1315 479 1506 548 φωναίο
1535 479 1634 532 οὐκ
1657 481 1809 535 ἀναι-

241 571 433 643 ροῦσαι
479 571 576 642 μὲν
615 568 779 622 αὐτοῦ
819 569 918 640 τὴν
961 567 1256 622 ὑπόστασιν
1305 569 1416 622 οὐδ’
1461 570 1621 624 αὐτὸν
1670 567 1809 624 εἶναι

236 663 458 735 Πατέρα
481 663 576 716 καὶ
596 662 724 714 Υἰὺν
746 661 1114 726 διδάσκουσαι,
1128 661 1226 736 τὴν
1246 661 1303 714 δὲ
1326 661 1420 715 τοῦ
1443 663 1653 734 [ἰατρὸς
1676 663 1810 734 πρὸς

236 757 402 811 αὑτὸν
438 754 743 819 ἰδιάζουσαν
765 755 862 809 καὶ
903 753 1175 825 ἐξαίρετον
1215 753 1378 825 τιμὴν
1411 755 1504 807 καὶ
1531 753 1687 819 δόξαν
1713 754 1810 824 τῆς

239 848 561 921 μονογενοῦς
585 847 679 902 καὶ
701 846 887 918 θεῖκῆς
912 847 1194 910 κοινωνίας
1222 863 1289 898 πε
1298 846 1574 918 ριστῶσαι.

854 1023 1010 1076 ΚΕΦ.
1052 1025 1183 1077 KA'.

237 1114 438 1182 ὀπως
466 1113 582 1185 χρὴ
604 1113 767 1170 νοεῖν
804 1116 893 1186 τόέ
918 1115 979 1168 ‘0
1013 1114 1280 1186 ἑωρακὼς
1303 1114 1427 1186 ἐμὲ,
1457 1114 1676 1184 ἑώρακε
1711 1114 1809 1169 καὶ

827 1185 933 1239 τὸν
978 1185 1228 1253 Πατέρα.

305 1276 491 1341 Οὕτως
522 1270 616 1330 οῦν
640 1276 735 1330 καὶ
763 1277 795 1330 ὁ
823 1275 1089 1343 ἑωρακὼς
1112 1275 1296 1340 αὐτὸν,
1331 1274 1550 1343 ἑώρακε
1577 1273 1676 1328 καὶ
1704 1274 1810 1328 τὸν·

234 1371 493 1439 Πατέρα,
525 1368 603 1439 τῷ
638 1368 794 1439 μόνον
836 1368 997 1422 αὐτὸν
1037 1368 1130 1422 καὶ
1173 1368 1373 1439 μηδένα
1418 1367 1574 1421 ἄλλον
1608 1369 1810 1422 εἰκόνα

234 1458 376 1515 εἶναι
418 1459 524 1514 τοῦ
558 1460 705 1513 Θεοῦ
747 1459 852 1513 τοῦ
897 1459 1152 1528 ἀοράτου
1193 1460 1286 1513 καὶ
1331 1459 1668 1530 ἀπαύγασμα
1709 1461 1808 1530 τῆς

231 1555 391 1625 δόξης
443 1554 535 1606 καὶ
579 1552 905 1624 χαρακτῆρα
951 1554 1051 1623 τῆς
1106 1554 1452 1617 ὑποστάσεως
1504 1551 1691 1617 αὐτοῦ,
1739 1555 1809 1605 ἐν

228 1644 436 1717 μορφῇ
481 1662 544 1698 τε
589 1644 736 1698 Θεοῦ
769 1644 1080 1713 ὑπάρχειν,
1116 1644 1258 1698 κατά
1307 1645 1405 1709 τὰς
1445 1644 1807 1708 ἀποστολικὰς

1911 482 2046 538 Filio
2095 483 2228 538 tales
2274 497 2432 538 voces
2477 491 2824 552 usurpentur,
2854 495 2974 552 qum
3013 480 3230 535 minime
3282 471 3470 533 tollant

1908 582 2089 628 tamen
2123 574 2292 641 ipsius
2321 573 2654 644 hypostasin,
2691 574 2884 626 nedum
2936 571 3256 625 conﬁrmant
3291 571 3465 640 ipsum

1908 678 2028 720 esse
2057 672 2111 718 et
2144 663 2357 718 Patrem
2391 672 2445 718 et
2477 662 2672 717 Filium
2706 681 2719 716 :
2757 661 3126 716 tantummodo
3172 675 3469 730 repraesen-

1908 764 2024 808 tant
2057 755 2205 809 illam
2250 755 2484 808 divinam
2525 753 2784 822 unigeniti
2833 751 2953 806 Filii
3005 752 3467 813 communionem,

1909 848 2190 912 honorem,
2227 855 2385 917 atque
2419 845 2668 921 gloriam,
2699 859 2859 915 quam
2901 857 2964 898 cx
3007 842 3094 897 illa
3127 857 3156 898 a
3184 841 3346 896 Patre
3371 856 3468 896 suo

1909 940 2087 996 habet.

2487 1029 2712 1086 CAPUT
2749 1030 2890 1085 XXI.

1910 1121 2182 1187 Quomodo
2221 1123 2440 1193 intelligi
2462 1123 2642 1193 debeat
2665 1123 2794 1176 illud
2816 1140 2834 1176 :
2855 1141 2873 1174 ι
2909 1120 3012 1188 Qui
3035 1121 3159 1176 uidit
3192 1135 3299 1188 me,
3339 1117 3469 1175 vidit

2420 1238 2427 1247 .
2491 1203 2540 1246 et
2573 1192 2808 1248 Patrem.
2842 1213 2860 1245 ι
3149 1227 3158 1235 -

1979 1286 2052 1339 Ita
2089 1300 2299 1354 quoque
2338 1294 2391 1337 et
2419 1286 2510 1355 qui
2540 1284 2689 1338 illum
2721 1285 2874 1347 vidit,
2901 1283 3032 1338 vidit
3061 1291 3108 1336 et
3153 1280 3371 1336 Patrem
3389 1277 3459 1342 ιδ,

1908 1387 1972 1426 eo
2003 1374 2144 1441 quod
2177 1374 2290 1442 ipse
2324 1373 2470 1427 solus
2495 1373 2590 1435 sit,
2629 1388 2735 1427 non
2770 1383 2948 1428 autem
2984 1373 3124 1427 alius
3155 1370 3424 1440 quispiam
3452 1407 3471 1434 ,

1909 1463 2094 1534 Imago
2125 1463 2222 1516 Dei
2243 1464 2518 1517 invisibilis
2533 1464 2600 1531 “,
2627 1473 2682 1518 et
2703 1463 2975 1519 emanatio
2993 1463 3263 1517 claritatis
3281 1461 3422 1514 illius
3452 1501 3468 1526 ,

1909 1567 1963 1611 et
1998 1558 2284 1611 character
2303 1571 2594 1625 expressus
2632 1559 2984 1627 hypostascos
3015 1555 3133 1624 ejus
3157 1556 3272 1622 qui,
3303 1563 3361 1607 ut
3387 1553 3468 1609 lo-

1908 1649 2093 1716 quitur
2130 1647 2444 1716 Apostolus,
2493 1649 2549 1702 in
2593 1648 2766 1717 forma
2813 1648 2909 1702 Dei
2949 1648 3126 1716 fuerat
3152 1647 3220 1699 “.
3255 1646 3389 1700 Nam
3414 1656 3472 1700 ut

229 1733 600 1796 διδασκαλίας.
643 1733 729 1796 Ὠς
754 1732 861 1803 γὰρ
890 1734 982 1786 καὶ
1008 1736 1037 1788 ὁ
1069 1733 1166 1804 τὴν
1193 1733 1474 1806 βασιλικὴν
1498 1734 1679 1787 εἰκόνα
1702 1735 1796 1805 τὴν

1906 1737 1994 1806 qui
2025 1736 2309 1807 imaginem
2348 1738 2492 1805 regis
2526 1751 2862 1804 expressam,
2890 1751 2992 1805 qua
3021 1735 3282 1791 exactiori
3314 1734 3471 1789 modo

230 1825 319 1876 ἐπ’
347 1823 569 1896 ἀκριϐὲς
591 1823 1026 1894 ἀφωμοιωμένην
1047 1824 1195 1895 αὐτῷ
1215 1824 1534 1896 τεθεαμένος
1555 1825 1680 1890 τοὺς
1701 1825 1800 1896 τῆς

233 1915 449 1986 μορφῆς
474 1913 673 1978 τύπους
697 1914 785 1968 διὰ
816 1916 913 1986 τῆς
939 1916 1154 1986 γραφῆς
1184 1916 1632 1988 ἀποματτόμενος
1667 1934 1802 1986 φαν-

228 2005 509 2059 τασιοῦται
538 2006 629 2058 τὸν
663 2005 904 2075 βασιλέα,
930 2007 1022 2060 τὸν
1060 2007 1222 2060 αὐτὸν
1262 2007 1482 2078 τρόπον,
1516 2007 1718 2079 μᾶλλον
1743 2009 1801 2062 δὲ

227 2100 372 2168 ὑπὲρ
406 2098 580 2151 πάντα
608 2098 718 2168 (59)
745 2097 901 2165 λόγον
941 2099 1137 2162 παντός
1171 2115 1232 2151 τε
1261 2099 1515 2152 ἐπέκεινα
1546 2101 1804 2170 παραδείφ

227 2205 459 2260 γματος,
485 2189 514 2241 ὁ
538 2187 613 2259 νῷ
637 2189 848 2257 διαυγεῖ
882 2189 974 2242 καὶ
1002 2189 1179 2260 ψυχῆς
1207 2190 1640 2262 κεκαθαρμένοις
1664 2192 1802 2263 ἁγίῳ

227 2297 290 2334 τε
332 2278 609 2352 Πνεύματι
641 2279 1072 2348 πεφωτισμένοις
1113 2280 1322 2351 ὄμμασι
1367 2281 1444 2350 τῷ
1482 2298 1542 2334 τε
1586 2281 1800 2352 μεγέθει

225 2370 328 2442 τῆς
356 2370 449 2424 τοῦ
476 2370 793 2441 μονογενοῦς
818 2370 948 2424 Υἱοῦ
969 2373 1061 2424 καὶ
1084 2372 1287 2443 Κυρίου
1315 2372 1594 2443 δυνάμεως
1620 2373 1802 2426 ἐνατε-

229 2461 405 2526 νίσας,
435 2463 529 2516 καὶ
569 2464 843 2534 ἐννοήσας,
869 2464 1018 2527 ὅπως
1047 2464 1103 2515 ὲν
1131 2463 1280 2535 αὐτῷ
1323 2468 1566 2519 κατοικεῖ
1597 2465 1703 2518 πᾶν
1739 2465 1800 2518 τὸ

228 2552 521 2623 πλήρωμα
544 2551 654 2621 τῆς
685 2552 974 2622 πατρικῆς
993 2554 1302 2622 θεότητος,
1331 2557 1424 2610 καί¹
1446 2556 1522 2618 ὡς
1549 2556 1616 2612 τὰ
1650 2557 1801 2625 σύμ-

227 2658 428 2698 παν-τα
456 2642 540 2696 δι’
566 2643 751 2697 αὐτοῦ
778 2643 1032 2712 ἐγένετο,
1059 2644 1156 2696 καὶ
1190 2645 1259 2698 ἐν
1279 2644 1438 2710 αὐτῷ
1458 2647 1703 2714 ἐκτίσθη
1729 2645 1802 2699 τὰ

228 2732 449 2799 πάντα,
475 2732 548 2787 τὰ
575 2734 643 2787 ἐν
664 2733 788 2800 τοῖς
809 2735 1108 2802 οίιοανοῖς,
1144 2736 1242 2789 καί
1282 2737 1354 2790 τὰ
1389 2737 1486 2790 ἐπὶ
1517 2737 1626 2806 τῆς
1665 2737 1797 2809 γῆς·

227 2826 301 2880 τὰ
329 2826 501 2897 ὁρατά
536 2827 630 2880 καὶ
673 2827 741 2880 τὰ
781 2827 1006 2897 ἀόρατα’
1051 2828 1404 2899 λογισάμενός
1443 2847 1503 2882 τε
1536 2831 1612 2894 ὡς
1643 2832 1802 2902 μόνον

231 2919 396 2975 αὑτὸν
435 2918 560 2972 Υἱὸν
596 2920 856 2990 μονογενῆ
897 2919 1088 2988 ἐγέννα
1123 2921 1152 2972 ὁ
1198 2919 1407 2991 Πατὴρ,
1454 2921 1593 2977 κατὰ
1627 2923 1800 2975 πάντα

230 3010 660 3082 ἀφωμοιωμένον
691 3010 839 3080 αὑτῷ
871 3011 1118 3080 δυνάμει,
1154 3011 1247 3064 καὶ
1293 3011 1453 3065 αὑτὸν
1489 3012 1676 3082 ὄψεται
1707 3013 1798 3066 τὸν

229 3103 472 3176 Πατέρα,
501 3103 588 3156 διὰ
611 3102 704 3156 τοῦ
735 3102 862 3156 Υἰοῦ
892 3102 1282 3176 θεωρούμενον,
1301 3104 1412 3166 τοῖς
1436 3103 1534 3174 τὴν
1564 3103 1797 3158 διάνοιαν

229 3194 679 3265 κεκαθαρμένοις,
708 3197 836 3266 περί
852 3189 926 3252 ὧν
949 3195 1162 3264 εἴρηται
1190 3194 1273 3258 τὸ,
1298 3195 1584 3263 Μακάριοι
1614 3199 1668 3250 οἱ
1697 3212 1800 3250 κα-

228 3285 399 3354 θαροὶ
428 3285 503 3354 τῇ
527 3285 760 3354 καρδίᾳ,
793 3285 882 3338 ὅτι
909 3286 1077 3338 αὐτοὶ
1111 3283 1218 3338 τὸν
1245 3285 1393 3338 Θεὸν
1420 3285 1690 3354 ὄψονται.

300 3375 486 3431 Ταῦτα
525 3377 622 3448 μὲν
650 3371 741 3431 οὖν
772 3375 1125 3448 προθεμένοις
1150 3377 1283 3447 ἡμῖν
1317 3375 1427 3446 (60)
1471 3378 1670 3430 σκοπὸν
1702 3376 1798 3449 τὴν

229 3465 588 3539 βραχυλογίαν
610 3465 685 3528 ὡς
705 3467 762 3518 ὲν
782 3467 1013 3536 ἐπιτομῇ
1039 3463 1418 3535 γεγυμνάσθω·
1456 3464 1711 3535 πλείστης
1741 3465 1798 3518 δὲ

224 3560 362 3628 ὅσης
388 3557 708 3630 ἐξεργασίας
742 3557 1009 3628 δεομένων
1047 3556 1154 3609 τῶν
1182 3555 1322 3609 κατά
1349 3555 1440 3608 τὸν
1479 3556 1662 3619 τόπον,
1691 3557 1798 3626 ὅτῳ

230 3649 385 3720 μέλει
415 3649 514 3720 τῆς
549 3647 754 3702 τούτων
804 3645 1074 3718 ’ἀκριϐοῦς
1107 3646 1458 3718 καταλήψεως
1489 3650 1600 3712 τοῖς
1638 3648 1830 3718 εὐαγο-

227 3739 465 3810 γελικοῖς
489 3740 584 3795 καὶ
609 3739 982 3802 ἀποστολικοῖς
1002 3738 1390 3810 ἀναγνώσμασι
1443 3739 1541 3809 τὴν
1561 3739 1799 3793 διάνοιαν

225 3832 518 3904 ἐπερείσας
541 3832 634 3885 τὸν
668 3832 844 3884 πάντα
871 3830 994 3884 νοῦν
1020 3829 1079 3896 ἐξ
1109 3829 1286 3884 αὐτῶν
1321 3829 1413 3882 ἐπὶ
1447 3830 1642 3900 σχολῆς
1670 3831 1800 3884 ἀνα-

224 3923 458 3989 λέξεταιο
507 3922 714 3994 μυρίων
742 3941 806 3992 γε
856 3923 960 3994 μὴν
1004 3923 1098 3975 καὶ
1125 3922 1297 3976 ἀλλων
1325 3923 1710 3994 ἀσυναρτήτως
1741 3925 1798 3976 ὲν

224 4014 308 4086 τῷ
334 4015 649 4087 Μαρκέλλου
677 4016 1067 4086 συγγράμματι
1094 4014 1619 4086 συμπεφορημένων,
1652 4014 1802 4067 πλεί-

227 4123 373 4160 στων
411 4123 470 4160 τε
501 4107 640 4160 ὅσων
683 4106 938 4170 ἐναντίως
977 4105 1056 4176 τῷ
1099 4105 1394 4177 βουλήματι
1434 4107 1532 4175 τῆς
1579 4105 1799 4175 Γραφῆς

225 4198 531 4269 εἰρημένων
560 4198 759 4270 ἑτέρων
785 4215 842 4251 τε
871 4197 1240 4269 βεϐιασμένων
1269 4197 1364 4249 καὶ
1395 4196 1664 4268 μηδεμίαν
1697 4213 1800 4250 σω-

226 4291 435 4347 σάντων
496 4288 812 4342 ἀκολουθίαν
859 4288 1034 4341 κοινὸν
1075 4287 1166 4339 τὸν
1213 4286 1430 4358 ἔλεγχον
1479 4287 1801 4359 κατάφωρον

1902 1837 2317 1897 τερηεεειιιιιιυι·
2344 1843 2464 1894 rex,
2492 1829 2735 1883 intuetur
2765 1843 2860 1898 per
2888 1827 3076 1883 formae
3117 1829 3289 1897 ipsius
3327 1827 3467 1897 ﬁgu-

1901 1928 2009 1981 ras,
2038 1929 2133 1985 per
2160 1916 2426 1984 picturam
2454 1916 2751 1986 insculptas
2779 1917 2980 1979 animo,
2996 1931 3176 1987 regem
3205 1917 3471 1986 imagina-

1902 2012 2028 2070 tur;
2061 2007 2126 2062 ad
2159 2007 2408 2062 eumdem
2443 2008 2681 2075 modum,
2723 2017 2816 2063 aut
2852 2009 3030 2079 potius
3065 2024 3227 2078 supra
3256 2024 3468 2064 omnem

1903 2097 2124 2152 modum
2158 2098 2558 2167 rationemque,
2595 2108 2652 2153 et
2689 2113 2848 2168 supra
2889 2099 3166 2168 exemplar
3195 2100 3472 2168 quodcun-

1901 2203 2029 2258 que,
2080 2190 2170 2258 qni
2227 2200 2407 2246 mente
2465 2192 2732 2247 illustrata
2785 2203 2948 2263 atque
2973 2193 3147 2248 oculis
3216 2195 3382 2248 animi
3437 2210 3466 2248 a

1904 2279 2108 2350 Spiritu
2151 2290 2342 2335 sancto
2376 2282 2694 2338 illuminatis
2722 2293 2777 2336 et
2813 2283 3118 2352 puriﬁcatio
3165 2283 3469 2339 intuebitur

1903 2380 2141 2426 attentus
2201 2375 2629 2442 magnitudinem
2662 2375 2922 2444 unigeniti
2976 2374 3070 2430 Dei
3105 2373 3250 2440 Filii,
3283 2386 3337 2430 et
3366 2376 3468 2430 Do-

1901 2462 2032 2516 mini
2065 2463 2270 2532 gloriae,
2297 2472 2353 2518 et
2382 2465 2523 2534 apud
2556 2471 2614 2531 ὦ
2642 2466 2880 2519 animum
2915 2481 3070 2520 suum
3115 2467 3467 2534 reputaverit,

1901 2552 2132 2621 qualiter
2160 2555 2212 2607 in
2241 2568 2306 2608 eo
2341 2556 2549 2611 habitet
2582 2556 2760 2610 culinis
2795 2555 3066 2624 plenitudo
3107 2571 3343 2625 paterna:
3383 2557 3468 2608 di-

1899 2643 2135 2698 vinitatis
2157 2643 2226 2709 ⁸⁷,
2253 2655 2310 2699 et
2335 2646 2475 2714 quod
2499 2647 2674 2699 omnia
2699 2662 2791 2714 per
2811 2647 2978 2713 ipsum
3009 2647 3151 2715 facta
3189 2649 3293 2700 sint
3318 2646 3384 2712 ⁸⁸,
3415 2657 3468 2700 et

1900 2732 2044 2789 ineo
2087 2735 2291 2788 condita
2319 2736 2422 2788 sint
2446 2737 2708 2801 universa,
2733 2752 2851 2806 qua:
2881 2737 2937 2789 in
2970 2736 3134 2803 caelis,
3163 2748 3208 2790 et
3229 2753 3346 2806 qua:
3376 2755 3467 2791 su-

1899 2844 1992 2895 per
2023 2838 2218 2883 terram
2247 2838 2390 2893 sunt,
2432 2827 2659 2882 visibilia
2692 2842 2738 2882 et
2784 2828 3066 2882 invisibilia
3083 2829 3164 2895 Μ⁹;
3197 2839 3250 2883 et
3285 2844 3468 2884 recor-

1901 2919 2060 2973 datus
2094 2919 2253 2973 fuerit
2285 2920 2427 2990 quod
2456 2920 2604 2973 illum
2639 2919 2811 2974 solum
2843 2918 3040 2974 Filium
3074 2921 3174 2975 sibi
3223 2921 3468 2990 unigeni-

1902 3019 2013 3064 tum
2046 3011 2288 3080 genuerit
2315 3011 2494 3077 Pater,
2521 3012 2718 3065 virtute
2754 3012 2851 3082 ipsi
2893 3027 2992 3082 per
3028 3011 3206 3064 omnia
3251 3013 3469 3066 assimi-

1900 3099 2064 3155 latum
2101 3117 2114 3153 :
2155 3103 2218 3165 is,
2253 3111 2308 3156 et
2342 3103 2537 3171 ipsum,
2567 3102 2752 3157 iisdem
2803 3104 2999 3158 mentis
3033 3101 3201 3156 oculis
3233 3104 3386 3171 puris
3414 3112 3470 3156 et

1900 3192 2193 3258 defaecatis,
2232 3193 2448 3252 Patrem
2485 3194 2779 3249 intuebitur
2823 3194 2878 3248 in
2919 3192 3056 3248 Filio
3094 3193 3468 3249 resultantem.

1899 3282 2058 3338 Tales
2095 3283 2204 3338 sint
2229 3283 2294 3337 de
2321 3284 2516 3353 quibus
2541 3285 2743 3339 dictum
2772 3293 2854 3340 est
2879 3302 2892 3339 :
2920 3283 3072 3339 Beati
3121 3286 3208 3358 qui
3270 3286 3466 3339 mundo

1900 3384 2018 3430 sunt
2060 3379 2252 3441 corde,
2305 3377 2553 3446 quoniam
2633 3377 2736 3444 ipsi
2817 3378 3062 3432 videbunt
3100 3376 3350 3431 Deum”.

1966 3469 2141 3538 Atque
2171 3469 2274 3523 ista
2294 3469 2508 3538 quidem
2530 3469 2671 3523 velut
2693 3483 2790 3538 per
2811 3470 3083 3539 epitomen
3119 3469 3226 3523 sint
3255 3483 3284 3522 a
3310 3468 3465 3522 nobis

1898 3559 2172 3615 elaborata
2222 3578 2237 3614 :
2295 3561 2488 3629 quippe
2529 3561 2620 3630 qui
2667 3561 2984 3616 brevitatem
3048 3570 3299 3628 tanquam
3346 3575 3468 3614 sco-

1899 3666 2026 3722 pum
2062 3633 2342 3720 quemdam
2382 3651 2534 3706 nobis
2559 3666 3030 3721 proposueramus.
3048 3651 3116 3704 Et
3149 3661 3292 3704 certe
3325 3652 3467 3703 mul-

1901 3753 1954 3796 ta
2013 3741 2103 3796 illa
2175 3757 2340 3812 opera
2400 3752 2562 3812 atque
2631 3737 2917 3796 sedulitate
2970 3741 3294 3795 exascianda
3352 3739 3468 3794 fue-

1900 3841 2024 3887 rant
2071 3842 2205 3902 quae'
2237 3834 2353 3888 haec
2403 3842 2667 3904 spectant.
2704 3833 2760 3887 ln
2818 3834 2960 3902 quod
2993 3834 3036 3887 si
3065 3833 3188 3903 quis
3214 3833 3342 3886 velit
3371 3848 3466 3885 ac-

1900 3926 2140 3979 curatius
2167 3925 2502 3992 incumbere,
2535 3925 2601 3979 de
2634 3925 2863 3980 lectione
2897 3925 3222 3995 evangelica:
3251 3932 3307 3978 et
3345 3939 3469 3994 apo-

1900 4017 2106 4072 stolica:
2141 4016 2469 4086 Scriptum,
2516 4017 2804 4087 diligenter
2842 4017 3249 4079 animadversas,
3298 4018 3466 4069 multo

1901 4108 2116 4175 quidem
2151 4107 2302 4174 plura
2335 4105 2592 4175 colligere
2638 4105 3009 4176 poterit,_qua3
3055 4102 3294 4156 Marcelli
3335 4102 3462 4156 illud

1902 4211 2034 4264 opus
2081 4196 2340 4250 dissolute
2380 4206 2718 4266 compactum
2778 4193 3044 4250 refellant.
3086 4194 3142 4247 In
3189 4208 3297 4262 quo
3337 4208 3463 4261 pro-

1903 4288 2044 4342 lecto
2082 4296 2332 4342 sexcenta
2382 4288 2686 4342 istiusmodi
2724 4288 3084 4355 reperiuntur,
3120 4301 3240 4354 quae
3279 4296 3464 4340 contra

222 4380 526 4451 γεγονέναι,
558 4379 710 4452 παρὰ
749 4383 862 4444 τοῖς
891 4377 1208 4453 εὐφρονοῦσι
1239 4378 1327 4431 διά
1367 4377 1474 4430 τῶν
1535 4379 1666 4447 ἡμῖν
1714 4376 1796 4440 ἐξ·

1906 4393 2124 4433 sensum
2169 4388 2224 4433 et
2282 4381 2602 4434 sententiam
2663 4380 2960 4450 Scriptura:
3016 4378 3254 4432 militant
3294 4387 3468 4432 :sunt

219 4476 538 4544 ⁴ετασμένων
561 4471 878 4542 ἡγούμενος,
906 4469 1114 4532 τούτοις
1143 4467 1551 4541 ἀρκεσθήσομαι
1576 4469 1705 4538 (61).

1910 4485 2029 4540 quae
2077 4469 2184 4523 vim
2234 4467 2528 4540 Scriptum
2590 4469 2830 4524 inferunt
2907 4466 3286 4532 manifestam,
3345 4480 3466 4534 quae

223 4565 428 4618 suillam
489 4565 645 4634 plane
681 4566 966 4619 observant
1011 4563 1493 4634 consequentiam,
1539 4578 1656 4632 quae
1708 4569 1847 4637 apud
1893 4571 2184 4638 prudentes
2238 4563 2587 4620 manifestam
2642 4565 2938 4627 insinuant,
2983 4563 3076 4618 sed
3122 4575 3463 4616 communem

219 4666 278 4708 et
315 4656 602 4722 proclivem
635 4655 1012 4710 refutationem
1042 4669 1136 4726 per
1168 4670 1226 4709 se
1261 4653 1514 4709 aliorum.
1559 4655 1664 4711 Sed
1701 4673 1798 4712 nos
1837 4659 1988 4714 hisce
2013 4661 2252 4715 contenti
2280 4657 2509 4724 erimus,
2569 4669 2692 4724 qua:
2747 4653 2812 4708 ad
2845 4651 3272 4732 disquisitionem
3307 4665 3464 4704 voca-

223 4751 402 4802 vimus
428 4750 481 4804 in
511 4751 784 4819 praesenti.

221 4843 519 4902 Εὐσεϐίου
558 4842 676 4896 τῶν
705 4845 854 4898 κατὰ
885 4847 1234 4913 Μαρκέλλου
1278 4847 1540 4916 ἐλέγχων
1579 4846 1772 4913 τέλος.

2037 4845 2310 4903 Librorum
2342 4843 2556 4897 Eusebii
2586 4852 2768 4896 contra
2806 4841 3116 4896 Marcellum
3143 4844 3286 4909 ﬁnis.

301 4987 359 5045 ἦ(
382 4980 477 5053 Erl.
503 4980 836 5053 Paris.,'pag.
865 4984 984 5037 l95.
1059 4985 1270 5040 “Joan.
1291 5001 1400 5051 xlv,
1420 4986 1472 5041 9.
1539 4985 1583 5016 "
1608 4984 1793 5039 (Joloss

1906 4985 1982 5038 I5.
2058 4985 2103 5018 ’⁵⁸
2120 4985 2346 5053 Philipp.
2367 4984 2499 5048 “,6.
2576 4985 2621 5015 "7
2647 4983 2852 5038 Coloss.
2880 4999 2937 5048 ll,
2970 4982 3024 5036 9.
3101 4982 3145 5014 ⁸⁸
3174 4982 3329 5036 Joan.
3353 4983 3464 5046 1,5.

221 5050 272 5083 “
299 5052 504 5106 Coloss.
532 5067 572 5117 ι,
601 5051 690 5106 ‘20.
719 5050 729 5052 ’
764 5052 809 5083 ⁵⁸³
841 5053 1028 5108 Matth.
1061 5071 1115 5122 v,
1147 5056 1202 5110 8.

295 5179 585 5258 @gﬁiulgo
605 5179 684 5258 δέ,
707 5190 762 5234 et
789 5197 910 5236 mox
932 5185 1328 5258 παραπλήσιαι.

318 5252 407 5320 59)
438 5251 543 5316 Mp.
568 5251 788 5320 τρόπιν.

318 5256 407 5320 59)
438 5256 543 5316 Mp.
568 5256 788 5320 τρόπιν.
1179 5256 1188 5258 “

291 5256 404 5393 ἔδυ)
438 5320 603 5390 Vulgo
641 5333 760 5392 post
816 5325 1013 5396 σκοπὸρ
1072 5325 1194 5382 add.
1247 5332 1401 5400 τινάς
1457 5351 1581 5392 mox
1632 5336 1791 5406 vulgo

1899 5191 2079 5264 μέλλει
2089 5232 2100 5242 .

1967 5263 2075 5332 (6|)
2107 5261 2272 5332 Vulgo
2295 5261 2786 5333 ἐξαρκεσοήσομαι.
