3810 6218
407 276 545 336 104⁵1

1077 282 1345 342 EUSEBII
1381 283 1860 342 CESARIENSIS
1897 269 2050 343 OPP.
2091 287 2277 345 PARS
2315 285 2406 346 Π.
2446 319 2516 332 —
2553 289 2976 350 DOGMATICA.

3513 295 3651 351 1048

441 429 3649 475 W

1145 616 1903 773 EUSEBII
1983 615 2212 772 PA
2234 622 2901 774 MPHILI

716 903 1447 1018 CZESAREZE
1529 905 1680 1018 IN
1767 906 2610 1022 PALZESTINA
2689 908 3333 1027 EPISCOPI

1307 1275 1310 1278 .
1409 1149 2234 1280 OPUSCULA
2292 1153 2632 1284 XIV.

442 1390 721 1454 Primum
757 1391 825 1452 in
856 1388 1269 1475 lucem_ed_ita
1299 1386 1518 1475 studio
1553 1394 1614 1447 et
1641 1403 1833 1475 opera
1866 1386 2093 1475 Jacobi
2114 1387 2463 1475 Sirmondi,
2495 1389 2822 1475 societatis
2851 1394 3012 1455 Jesu
3043 1394 3423 1475 presbyteri,
3461 1406 3526 1462 et
3581 1419 3619 1461 a

1059 1467 1400 1529 Gallandio
1431 1483 1654 1528 recusa
1687 1474 1839 1527 tom.
1872 1465 1954 1526 1V
1995 1465 2390 1529 Bibliotheca:
2418 1479 2694 1530 veterum
2720 1471 3006 1536 Patrum.

856 1767 1037 1877 DE
1117 1766 1445 1878 FIDE
1529 1764 2280 1882 ADVERSUS
2362 1767 3208 1884 SABELLIUM.

1574 2123 1924 2210 LIBER
2004 2123 2494 2210 PRIMUS.

463 2313 602 2366 Sunt
647 2312 937 2368 tacentium
965 2329 1083 2384 quae
1123 2314 1396 2378 dicuntur,
1433 2326 1487 2369 et
1516 2315 1806 2370 dicentium
1843 2330 1962 2382 qua!
1992 2320 2035 2375 Α
2069 2325 2180 2366 erat
2219 2315 2356 2379 apud
2384 2312 2545 2366 Deum
2570 2353 2584 2373 .
2617 2322 2664 2368 et
2699 2313 2836 2367 Deus
2861 2321 2975 2367 erat
3007 2312 3234 2368 Verbum
3256 2329 3276 2368 :
3315 2315 3413 2368 hoc
3451 2326 3567 2369 erat
3599 2317 3658 2370 in

391 2413 656 2460 tacentur.
684 2404 928 2460 Charitas
949 2406 1089 2460 enim
1111 2421 1214 2460 non
1234 2407 1512 2472 dividitur,
1541 2423 1644 2462 non
1666 2407 1964 2476 spernitur.

390 2496 668 2568 Siquidem
700 2507 754 2552 et
783 2497 874 2566 qui
907 2506 1046 2553 tacet
1078 2513 1173 2568 per
1204 2499 1366 2572 alium
1390 2500 1651 2571 loquitur,
1678 2509 1732 2556 et
1754 2500 1843 2570 qui
1887 2499 1964 2554 lo-

389 2589 575 2655 quitur
621 2604 719 2658 per
763 2590 927 2644 alium
974 2599 1134 2646 tacet.
1191 2591 1246 2646 In
1277 2607 1386 2646 uno
1418 2593 1563 2647 enim
1590 2607 1815 2661 corpore
1857 2607 1962 2648 non

388 2680 588 2753 omnia
619 2681 857 2735 membra
910 2681 1223 2751 loquuntur,
1278 2698 1340 2738 os
1391 2699 1487 2752 pro
1515 2685 1765 2737 omnibus
1792 2683 1965 2753 loqui-

390 2782 497 2829 tur.
544 2771 670 2827 Sive
707 2773 875 2844 igitur
912 2789 1101 2828 omnes
1148 2775 1451 2844 loquamur,
1497 2776 1612 2829 sive
1655 2792 1815 2839 unus,
1851 2776 1965 2831 sive

387 2863 607 2932 plures;
654 2864 914 2920 Dominus
943 2865 1181 2934 loquitur
1202 2906 1216 2926 ,
1248 2866 1337 2935 qui
1373 2866 1542 2920 dicit:
1584 2865 1694 2937 Ego
1724 2883 1880 2932 sum;
1911 2875 1963 2921 et

387 2956 584 3010 iterum
615 2956 778 3011 dicit:
816 2956 931 3026 Ego
971 2973 1109 3010 sum.
1164 2957 1299 3011 Cum
1329 2973 1456 3028 ergo
1493 2959 1606 3026 ipse
1649 2959 1816 3026 dicit,
1853 2959 1964 3028 Ego

385 3063 502 3101 sum
527 3085 542 3112 ,
575 3057 629 3100 tu
660 3049 902 3102 consenti
936 3050 1060 3118 quia
1105 3048 1220 3116 ipse
1247 3059 1360 3113 est,
1401 3062 1458 3102 ut
1487 3057 1539 3105 et
1574 3061 1624 3103 tu
1661 3049 1756 3104 tias
1791 3051 1960 3120 parti-

385 3153 532 3208 ceps.
567 3139 709 3193 Dicit
737 3140 1028 3195 Dominus:
1053 3140 1168 3210 Ego
1202 3155 1352 3195 sum:
1376 3152 1428 3197 et
1474 3158 1632 3197 nemo
1665 3145 1806 3198 dicat
1837 3145 1959 3212 quia

385 3245 496 3284 non
524 3239 628 3285 est.
671 3232 811 3286 Dicit
847 3232 1008 3286 Pater
1040 3253 1053 3288 :
1091 3233 1195 3286 Hic
1226 3243 1326 3293 est.
1354 3234 1565 3302 suscipe
1588 3244 1642 3288 et
1668 3250 1959 3304 venerare;

384 3332 440 3376 et
471 3323 610 3390 Filio
662 3324 859 3379 dicenti
895 3323 1050 3392 :Ego
1108 3341 1247 3386 sum,
1299 3327 1476 3380 crede.
1519 3326 1689 3381 Crede
1733 3341 1862 3380 sane
1909 3336 1964 3382 et

385 3413 548 3467 Patre
587 3415 990 3469 demonstrante
1030 3415 1151 3482 quia
1203 3415 1365 3469 habet
1406 3415 1596 3469 Filium
1643 3412 1774 3484 (62).
1826 3415 1964 3469 Dicit

382 3506 526 3559 enim
557 3506 736 3570 Pater,
773 3505 872 3558 Hic
901 3515 978 3561 est
1023 3523 1037 3559 :
1073 3506 1162 3575 qui
1217 3507 1346 3560 hic?
1375 3505 1550 3560 Filius
1585 3524 1756 3570 .meus,
1793 3506 1862 3560 ait
1891 3507 1958 3559 ⁵³.

380 3597 498 3652 Non
535 3607 710 3651 tamen
744 3613 844 3653 vox
869 3614 1012 3662 mea,
1035 3608 1128 3652 aut
1157 3602 1423 3670 cogitatus
1450 3615 1635 3665 meus;
1667 3602 1757 3654 sed
1787 3600 1962 3655 Filius

2065 2405 2326 2474 principio
2353 2407 2492 2474 apud
2509 2405 2677 2459 Deum
2703 2406 2770 2456 ⁸³.
2811 2405 2873 2460 Ει
2901 2420 3041 2473 saepe
3066 2405 3217 2470 dicit,
3252 2404 3382 2460 Erat
3405 2423 3424 2460 .·
3453 2419 3509 2461 et
3531 2408 3658 2477 qui-

2065 2497 2190 2551 dam
2219 2512 2286 2552 ne
2310 2496 2526 2566 quidem
2557 2496 2720 2551 semel
2747 2496 3078 2551 contendunt
3104 2497 3245 2567 quod
3273 2508 3376 2561 est,
3412 2497 3510 2551 sed
3550 2514 3654 2553 nec

2066 2585 2233 2642 semel
2266 2586 2404 2640 dixit
2431 2588 2496 2640 de
2531 2584 2691 2650 Filio,
2723 2583 2846 2638 Hic’
2867 2598 2962 2640 est.
3011 2584 3116 2640 Sed
3160 2600 3281 2640 cum
3309 2591 3458 2646 venit
3482 2587 3657 2642 Filius

2063 2688 2125 2733 ut
2172 2677 2422 2749 impleret
2469 2693 2684 2732 omnem
2731 2676 2996 2745 justitiam
3047 2694 3144 2747 per
3178 2677 3407 2734 Joannis
3453 2680 3642 2750 bapti-

2063 2781 2262 2833 smum,
2296 2768 2421 2836 quia
2477 2777 2686 2836 tempus
2733 2778 2849 2821 erat
2901 2777 2958 2821 ut
3001 2768 3152 2838 signa
3184 2768 3410 2832 faceret,
3461 2780 3516 2824 et
3551 2771 3650 2825 de-

2064 2868 2402 2915 monstraret
2426 2859 2678 2914 virtutem
2707 2874 2826 2930 quae
2849 2867 2966 2913 erat
2997 2861 3256 2915 absconsa
3284 2877 3297 2914 :
3333 2871 3390 2913 ut
3426 2877 3496 2914 ne
3529 2863 3652 2929 quis

2062 2960 2278 3022 putaret
2330 2952 2451 3019 quia
2500 2960 2558 3005 ut
2606 2951 2770 3006 homo
2821 2966 2988 3021 purus
3029 2952 3277 3022 indigens
3320 2954 3648 3022 baptismum

2062 3047 2213 3100 venit
2251 3044 2316 3098 ad
2360 3043 2692 3112 baptismum
2742 3041 2856 3114 (65)
2891 3061 2904 3098 :
2941 3043 3147 3112 primus
3185 3041 3421 3097 Joannes
3460 3055 3651 3113 utpote

2063 3138 2181 3193 vox'
2215 3152 2320 3191 non
2373 3143 2554 3200 tacet;
2612 3133 2703 3203 qui
2736 3149 2838 3186 vox
2888 3135 3106 3200 quidem
3145 3133 3454 3198 dicebatur,
3487 3137 3650 3188 homo

2063 3239 2242 3283 autem
2289 3234 2424 3284 erat.
2477 3224 2535 3280 Si
2577 3225 2740 3294 igitur
2766 3222 3003 3279 Joannes
3049 3226 3141 3292 qui
3184 3239 3290 3277 vox
3324 3225 3506 3278 dictus
3539 3239 3645 3278 nOn

2065 3321 2327 3375 interimit
2389 3319 2666 3374 hominem
2729 3316 2886 3388 (66),
2949 3317 3125 3386 magis
3184 3315 3356 3369 Filius
3406 3315 3648 3368 Verbum

2063 3413 2240 3466 dictus
2288 3427 2392 3464 non
2437 3409 2713 3480 intercipit
2758 3409 2945 3463 Deum.
3023 3408 3209 3479 Neque
3256 3410 3401 3463 enim
3434 3409 3646 3463 Zacha-

2064 3508 2172 3557 rias
2206 3518 2391 3558 vocem
2426 3503 2634 3572 genuit,
2667 3516 2842 3570 neque
2873 3501 3150 3556 Elisabeth
3187 3517 3374 3556 vocem
3411 3505 3648 3572 peperit.

2062 3593 2247 3662 Neque
2290 3595 2429 3648 Deus
2461 3592 2722 3658 Verbum,
2751 3606 2873 3647 eum
2903 3593 2998 3660 qui
3043 3606 3110 3646 ex
3141 3607 3272 3647 voce
3306 3603 3392 3647 est
3432 3596 3645 3663 genuit,

382 3704 552 3748 meus.
581 3689 775 3757 inquit,
803 3691 886 3744 hic
913 3700 1014 3756 est;
1048 3690 1216 3745 Filius
1240 3707 1390 3746 meus
1411 3693 1812 3748 dilectissimus.
1845 3693 1958 3746 Non
1991 3681 2034 3734 Β
2064 3685 2157 3738 sed
2203 3684 2371 3737 Deum
2405 3682 2640 3737 Verbum
2673 3701 2687 3736 ε
2719 3682 2843 3750 quia
2873 3680 3110 3737 Joannes
3153 3683 3369 3751 (Ιυίάθπι
3413 3698 3519 3737 Vox
3551 3698 3648 3736 νο·

384 3783 475 3849 qui
503 3783 810 3836 contrarius
841 3792 926 3836 est
955 3784 1114 3847 mihi,
1146 3784 1239 3839 sed
1268 3785 1359 3854 qui
1393 3799 1478 3839 me
1505 3785 1736 3839 honorat
1766 3795 1818 3838 et
1845 3786 1962 3838 dili-

381 3872 481 3941 git.
514 3873 606 3927 Est
633 3874 775 3927 enim
797 3873 966 3928 Filius
995 3885 1050 3928 ut
1077 3875 1265 3941 Filius,
1289 3885 1343 3931 et
1370 3886 1452 3932 est
1476 3877 1645 3933 Filius
1671 3878 1761 3931 Dci
1792 3891 1848 3931 ut
1871 3879 1960 3932 Fi-

381 3965 508 4022 lius.
561 3965 627 4020 Et
674 3981 794 4021 cum
838 3969 906 4021 sit
944 3969 1034 4022 Dei
1070 3968 1262 4035 Filius,
1289 3978 1466 4024 tamen
1503 3986 1607 4024 non
1652 3971 1960 4024 intermittit

378 4072 545 4110 unum
573 4059 857 4127 imperium
897 4059 1071 4114 Patris
1103 4060 1237 4132 (65).
1274 4061 1332 4117 Si
1365 4063 1509 4116 enim
1547 4062 1649 4116 alia
1683 4062 1960 4132 placerent

378 4146 552 4211 Patri,
586 4149 686 4202 alia
716 4149 918 4204 laceret
942 4151 1148 4219 Filius;
1182 4152 1247 4206 lis
1269 4165 1325 4207 et
1351 4152 1617 4207 dissensio
1645 4153 1953 4218 haberetur,

379 4249 436 4294 et
504 4241 899 4308 periclitaretur
948 4245 1124 4296 unitas
1191 4243 1428 4312 imperii.
1480 4244 1535 4298 Si
1580 4254 1756 4298 autem
1787 4244 1960 4310 dicit,

377 4347 496 4398 qua:
530 4333 629 4399 ipsi
670 4333 872 4398 placent
907 4334 1045 4401 facio
1086 4351 1286 4404 semper
1312 4335 1357 4366 ⁵⁸
1390 4336 1541 4406 (64);
1572 4336 1694 4405 quia
1741 4351 1802 4390 ea
1837 4351 1957 4404 qua:

377 4425 592 4495 placent
621 4423 766 4478 Patri
824 4441 1036 4494 semper
1083 4425 1231 4490 facit,
1283 4441 1458 4494 neque
1503 4427 1810 4480 contrarius
1849 4437 1954 4490 est,

376 4532 554 4587 neque
583 4517 854 4584 dissentit,
885 4532 1058 4586 neque
1083 4518 1402 4574 adversatur
1431 4518 1574 4572 Patri
1611 4537 1623 4572 :
1660 4519 1750 4573 sed
1780 4517 1954 4574 hono-

377 4610 554 4665 riﬁcat
574 4619 630 4664 et
655 4611 996 4681 diligitsaum
1025 4613 1344 4680 genitorem,
1372 4612 1530 4681 eique
1565 4613 1768 4667 obedit.
1814 4612 1956 4666 Scri-

373 4713 524 4769 ptum
551 4713 666 4756 est:
702 4702 798 4755 Hic
828 4713 926 4769 est,
961 4703 1069 4773 Ego
1093 4720 1251 4769 sum;
1290 4713 1346 4758 et
1377 4720 1392 4757 :
1431 4703 1496 4756 1η
1523 4704 1785 4772 principio
1817 4714 1950 4757 erat.

375 4792 432 4847 Si
475 4794 617 4846 enim
670 4792 884 4847 Patrem
930 4794 1253 4864 interrogas,
1293 4794 1424 4848 dicit
1468 4812 1480 4848 :
1527 4793 1632 4846 Hic
1671 4804 1747 4848 est
1777 4793 1953 4847 Filius

373 4899 520 4936 meus
572 4882 1004 4938 dilectissimus:
1053 4893 1108 4938 et
1159 4900 1264 4938 non
1310 4870 1698 4949 solum'dicit,
1752 4885 1844 4939 sed
1901 4895 1954 4938 et

373 4978 631 5033 ostendit.
683 4976 743 5031 Si
789 4993 817 5030 a
847 4977 984 5031 Filio
1025 4979 1288 5048 requiras,
1332 4980 1502 5033 dicit:
1537 4976 1648 5046 Ego
1696 4995 1811 5032 sum
1845 4995 1863 5032 :
1897 4989 1951 5034 et

2062 3774 2306 3839 cabatur,
2344 3775 2506 3828 homo
2544 3784 2723 3828 autem
2764 3785 2925 3828 erat:
2970 3775 3044 3829 ita
3086 3784 3140 3829 et
3187 3775 3449 3831 Dominus
3478 3775 3642 3830 Jesus

2061 3879 2115 3923 et
2150 3869 2384 3923 Verbum
2416 3869 2617 3922 dicitur
2647 3883 2752 3922 non
2780 3858 3086 3934 visibiliter,
3120 3871 3212 3924 sed
3231 3868 3470 3924 Verbum
3501 3870 3647 3925 Deus

2060 3971 2114 4016 et
2142 3963 2279 4032 apud
2309 3960 2480 4016 Deum
2516 3979 2530 4014 :
2564 3975 2666 4015 non
2695 3961 2868 4014 solum
2891 3959 3152 4024 ~Verbum,
3180 3977 3356 4030 neque
3395 3978 3504 4015 una
3539 3979 3644 4016 vox

2059 4071 2124 4108 ex
2159 4054 2362 4117 multis,
2398 4055 2491 4109 sed
2533 4053 2848 4123 unigenitus
2879 4053 3041 4108 Deus.
3084 4053 3220 4120 Quia
3260 4053 3424 4124 igitur
3456 4055 3646 4109 venie-

2058 4149 2154 4200 bat
2188 4156 2244 4200 ιιι
2270 4147 2638 4216 baptizaretur
2674 4156 2893 4216 propter
2918 4159 3038 4209 nos,
3079 4143 3315 4199 Joannes
3344 4155 3648 4214 antequam

2060 4241 2520 4309 appropinquaret
2547 4239 2637 4308 qui
2665 4239 3020 4308 baptizandus
3048 4245 3188 4302 erat,
3222 4237 3348 4305 quia
3380 4253 3483 4292 vox
3517 4250 3640 4292 erat

2057 4346 2161 4384 non
2200 4331 2386 4396 tacuit,
2413 4331 2504 4386 sed
2536 4331 2787 4386 clamavit
2815 4331 3000 4386 dicens
3030 4349 3050 4387 ;Δ
3068 4331 3240 4402 quid?
3267 4332 3404 4384 Ecce
3451 4331 3640 4401 Agna;

2057 4420 2243 4474 Dei“.
2305 4421 2495 4478 Nonne
2550 4423 2750 4476 dictum
2809 4423 2913 4477 hoc
2961 4421 3202 4477 ostendit
3255 4437 3378 4478 eum
3426 4438 3522 4498 qui
3575 4433 3641 4484 ad

2057 4514 2378 4583 baptismum
2404 4523 2625 4569 venerat
2643 4515 2672 4568 ?—
2693 4515 2782 4584 qui
2806 4515 2949 4570 enim
2972 4515 3287 4588 videbatur,
3310 4532 3427 4577 erat
3452 4523 3642 4594 Agnus

2055 4607 2190 4661 Dei:
2223 4607 2314 4675 qui
2368 4617 2548 4662 autem
2596 4608 2991 4676 occultabatur,
3045 4616 3301 4669 sacerdos
3335 4615 3451 4671 Dei.
3497 4615 3641 4670 Dicit

2051 4713 2178 4765 ergo
2211 4697 2481 4764 Joannes,
2515 4698 2652 4754 Ecce
2681 4701 2856 4774 Agnus
2888 4706 3004 4763 Dei.
3051 4706 3166 4762 Non
3199 4715 3318 4761 erat
3349 4716 3409 4760 ut
3433 4708 3640 4762 diceret

2053 4789 2273 4857 Filium,
2309 4807 2413 4845 non
2445 4803 2563 4850 erat
2599 4805 2656 4851 ut
2679 4799 2883 4852 diceret
2911 4815 3114 4870 regem.
3161 4800 3269 4854 Sed
3312 4800 3439 4869 quia
3490 4801 3637 4854 desi-

2052 4884 2314 4940 derabant
2344 4884 2473 4958 justi
2526 4897 2580 4941 et
2629 4890 2903 4960 pr0pheta:
2951 4899 3006 4944 ct
3058 4905 3241 4961 reges,
3287 4900 3345 4945 ut
3387 4891 3634 4945 viderent

2051 4977 2281 5035 salutem
2320 4981 2528 5048 mundi,
2564 4983 2770 5051 peccati
2797 4992 3051 5049 mortem,
3073 4983 3399 5053 corruptelae
3423 4996 3612 5036 necem

374 5062 478 5124 hoc
507 5069 840 5138 frequenter,
873 5069 916 5123 si
951 5070 1298 5140 Evangelium
1325 5070 1480 5140 legis,
1505 5070 1748 5126 invenies
1775 5071 1951 5128 diccn-
1976 5058 2021 5124 C
2053 5071 2187 5138 Quia
2217 5074 2362 5128 enim
2411 5074 2516 5130 ista
2547 5084 2672 5131 erat
2713 5077 3046 5145 exspectatio
3086 5075 3379 5144 iustorum,
3416 5077 3639 5146 quando

377 5172 483 5217 tem
504 5181 518 5219 :
543 5163 610 5216 In
647 5165 908 5232 principio
936 5175 1068 5228 erat,
1094 5173 1170 5231 et,
1194 5164 1331 5229 apud
1351 5161 1518 5215 Deum
1547 5173 1676 5228 erat,
1708 5175 1783 5228 et,
1806 5163 1947 5219 Deus

371 5264 487 5308 erat
519 5273 536 5313 :
565 5255 633 5310 In
672 5258 930 5326 principio
984 5257 1125 5312 enim
1183 5263 1295 5310 erat
1351 5253 1596 5322 Verbum,
1643 5272 1692 5312 et
1723 5259 1946 5313 Verbum

2052 5167 2264 5222 veniret
2290 5167 2336 5222 is
2360 5168 2451 5236 qui
2481 5177 2666 5224 nosset
2690 5177 2744 5222 et
2774 5167 3070 5223 resolveret
3092 5182 3156 5223 ea
3187 5182 3308 5236 qua;
3335 5182 3436 5236 per
3459 5167 3631 5222 Adam

2055 5259 2197 5314 mala
2239 5260 2460 5316 inducta
2499 5272 2644 5328 sunt,
2673 5262 2794 5317 ideo
2817 5260 2965 5316 venit
2985 5270 3040 5317 et
3068 5261 3316 5332 apparuit
3347 5259 3630 5316 Dominus.

443 5371 487 5404 “
523 5373 712 5430 Matth.
745 5391 830 5438 ιιι,
867 5376 956 5430 l7.
1029 5376 1253 5432 "Joan.
1282 5378 1516 5440 vm,29.
1593 5379 1638 5410 ⁸³
1667 5377 1825 5433 Joan.
1854 5395 1891 5443 ι,
1937 5379 1952 5433 l

2148 5379 2197 5411 “
2231 5380 2364 5435 ibid.
2394 5380 2487 5436 29.

443 5465 554 5535 (6‘2)
581 5469 997 5524 Emendationes
1028 5479 1083 5523 et
1107 5473 1266 5525 varia:
1296 5471 1574 5534 lectiones,
1603 5488 1666 5526 ex
1690 5473 1807 5526 cod.
1839 5488 1937 5525 ms.

373 5537 432 5590 S.
469 5538 703 5591 Cornelii
735 5539 1201 5608 Compendiensis.
1249 5540 1412 5593 Crede
1442 5559 1566 5595 sane
1597 5557 1640 5596 et
1671 5543 1826 5595 Patri
1853 5545 1941 5595 tle—

374 5611 687 5678 nat-gstranti
716 5613 839 5678 quia
868 5611 1018 5662 habet
1043 5621 1090 5662 et
1125 5609 1340 5664 Filium.
1849 5633 1854 5637 ε

448 5676 560 5744 €65)
606 5676 808 5731 Mstt
855 5696 971 5748 cum
1026 5681 1090 5730 ait
1133 5680 1228 5734 Dei
1259 5680 1455 5748 Filius,
1513 5699 1611 5736 non
1652 5684 1942 5739 intermittit

376 5749 540 5802 ultum
575 5748 846 5815 imperium
875 5747 1074 5812 Patris.

2119 5471 2230 5542 (6i)
2270 5473 2368 5528 Ms.
2407 5474 2474 5531 Si
2507 5483 2680 5529 autem
2711 5475 2841 5529 dicit
2873 5473 3080 5544 Filius,
3113 5474 3242 5542 Qua:
3271 5473 3374 5545 ipsi
3417 5474 3629 5543 placent

2054 5543 2194 5597 facio
2225 5560 2459 5611 semper.

2121 5613 2233 5682 (65)
2278 5614 2373 5667 Ms.
2413 5614 2662 5684 [ndigens
2711 5615 2965 5682 baptismo
3004 5616 3141 5669 venit
3171 5614 3240 5668 ad
3287 5614 3620 5680 baptismum.

2124 5685 2236 5749 (66)
2276 5685 2368 5736 Ms.
2405 5684 2465 5738 Si
2499 5687 2659 5754 igitur
2693 5697 2738 5737 et
2781 5703 2876 5740 rex
2901 5685 3146 5752 Joannis,
3184 5688 3274 5755 qui
3303 5701 3404 5740 uox
3433 5689 3619 5748 dictus,

2054 5771 2151 5807 non
2194 5757 2448 5823 intercipit
2485 5756 2766 5809 (continent.
