3810 6218
92 307 120 362 Ι
131 306 236 363 049

978 304 1066 361 DE
1099 304 1255 361 FIDE
1291 302 1656 360 ADVERSUS
1697 297 2109 358 SABELLIUM.
2149 331 2218 340 —
2255 296 2383 352 LIB.
2424 295 2467 352 I.

3205 268 3352 348 4050'

95 426 362 498 Apparuit
390 434 572 482 autem
603 439 702 498 per
732 439 929 496 corpus
956 426 1004 481 is
1027 425 1119 495 qui
1143 437 1264 480 erat
1286 435 1491 480 natura:
1531 425 1669 478 invi-
1775 433 1884 476 tur.
1929 419 2150 474 Audebo
2185 431 2316 473 sane
2346 416 2526 472 dicere
2556 428 2682 470 vera
2719 433 2732 468 :
2769 413 2893 482 quia
2923 427 3026 466 non
3052 413 3227 467 solum
3263 415 3348 467 ni-

94 521 270 576 sibilis
291 519 422 591 (67).
445 519 802 590 Congaudens
831 519 996 591 igitur
1022 519 1177 573 nobis
1201 519 1436 574 Joannes
1459 528 1514 573 et
1537 519 1662 585 sibi,

91 629 284 670 omnes
307 615 452 668 enim
487 614 798 684 indigebant
836 613 1062 668 salutem
1106 627 1224 682 qua:
1269 628 1297 666 a
1330 612 1558 667 Domino
1583 621 1667 665 est

96 705 234 778 (68),
279 705 678 774 evangelizans,
728 715 783 759 et
830 706 1175 774 semetipsum
1225 713 1279 757 et
1329 718 1448 768 nos,
1471 703 1667 773 gaudio

96 798 336 868 gaudens
363 797 432 852 ob
463 798 812 866 praesentiam
845 799 1056 868 sponsi,
1085 799 1243 858 Ecce,
1281 797 1476 864 inquit,
1523 794 1666 864 quod

97 890 538 957 exspectabatur,
583 905 713 945 ecce
764 905 912 960 spes,
957 904 1086 945 ecce
1123 890 1292 944 salus.
1345 889 1481 957 Spes
1524 888 1664 941 bona

97 979 409 1034 hominibus
442 989 779 1050 assumptum
827 991 1070 1034 nostrum
1113 990 1197 1034 est
1246 993 1468 1048 corpus,
1504 993 1668 1032 vene-

99 1085 228 1123 num
263 1070 593 1124 exstinctum
629 1079 712 1124 est
769 1070 990 1132 diaboli,
1029 1069 1381 1124 mortiﬁcatus
1424 1077 1509 1124 est
1552 1083 1663 1123 sero

98 1175 236 1228 peus
264 1177 278 1214 :
308 1160 464 1215 fortis
506 1161 651 1214 enim
701 1169 788 1213 est
829 1160 919 1229 qui
969 1160 1281 1228 assumpsit.
1325 1159 1466 1214 Ecce
1521 1155 1665 1227 quod

99 1251 540 1321 exspectabatur,
579 1266 705 1306 ecce
729 1251 870 1318 quod
895 1251 1237 1320 sperabatur,
1274 1265 1400 1305 ecce
1437 1249 1668 1304 admira-

102 1346 177 1398 tio
210 1363 224 1398 ε
253 1343 478 1398 solvitur
501 1343 612 1413 jam
651 1352 952 1408 peccatum,
993 1341 1318 1396 interﬁcitur
1346 1356 1514 1405 mors,
1555 1343 1667 1408 pel-

103 1438 234 1490 litur
257 1439 564 1505 corruptela
597 1451 612 1489 :
647 1435 778 1489 Ecce
821 1452 985 1507 agnus
1015 1436 1138 1500 Dei,
1169 1438 1257 1506 qui
1286 1436 1421 1490 tollit
1455 1450 1666 1503 peccata

100 1529 284 1582 mundi
309 1529 378 1580 ".
427 1527 564 1594 Quid
615 1528 822 1596 inquit.
868 1542 968 1596 ego
1030 1527 1215 1580 laboro
1256 1531 1309 1580 in
1352 1527 1665 1596 paenitentia

98 1613 421 1683 haptizans?
450 1614 602 1682 quid,
632 1613 846 1667 insudo?
876 1613 1200 1682 baptismum
1225 1615 1366 1668 enim
1401 1617 1540 1684 qttod
1571 1629 1668 1683 per

99 1703 362 1760 Joannem
390 1705 644 1770 dabatur,
690 1721 792 1758 non
827 1716 945 1760 erat
992 1707 1240 1760 idoneum
1276 1707 1342 1759 ad
1387 1707 1664 1776 purgatio-

100 1813 266 1863 nem;
319 1798 440 1866 quia
486 1812 590 1852 non
651 1798 1016 1852 remissionem
1059 1807 1405 1864 peccaturum
1454 1807 1667 1866 poterat
1695 1781 1739 1836 Β

101 1888 336 1945 Joannes
365 1891 514 1955 dare,
547 1893 640 1946 sed
673 1891 992 1944 hortabatur
1019 1890 1084 1943 ad
1111 1891 1500 1961 paenitentiam.
1537 1891 1667 1946 Ser-

98 2000 202 2038 vus
243 1986 388 2039 enim
420 1995 576 2051 erat,
619 1995 674 2040 et
723 2001 828 2041 non
859 1994 1073 2057 poterat
1113 1987 1355 2041 donare:
1391 1985 1490 2041 soli
1521 1987 1665 2042 enim

101 2075 332 2130 Domino
362 2076 484 2131 licet
523 2093 618 2131 sua
646 2077 871 2132 donare.
895 2078 1058 2144 Quid,
1088 2077 1285 2146 inquit,
1313 2077 1529 2147 baptizo
1553 2079 1666 2145 jam

101 2182 202 2237 ego
229 2167 294 2220 ad
328 2169 747 2237 paenitentiam?
774 2169 914 2223 Ecce
942 2170 1033 2238 qui
1067 2171 1241 2237 tollit,
1267 2184 1393 2224 ecce
1419 2170 1508 2239 qui
1539 2184 1672 2223 exu-

102 2260 195 2322 rit,
223 2261 318 2328 qui
354 2260 613 2326 eradicat,
653 2261 743 2330 qui
778 2261 990 2330 penitus
1015 2260 1196 2315 evellit
1227 2270 1531 2330 peccatum,
1565 2275 1669 2314 non

101 2351 263 2404 unius
313 2360 406 2404 aut
456 2352 693 2421 quinque
741 2360 835 2405 aut
881 2367 973 2406 sex
1031 2351 1309 2406 hominum
1359 2352 1450 2420 qui
1496 2367 1525 2404 a
1587 2365 1674 2406 me

102 2443 477 2514 haptizantur,
513 2447 606 2499 sed
646 2445 830 2509 totius,
859 2444 1054 2514 inquit,
1087 2445 1293 2498 mundi.
1328 2441 1501 2497 Homo
1527 2443 1670 2496 enim

100 2551 209 2590 non
240 2545 454 2603 poterat
479 2536 642 2590 totius
669 2537 852 2591 mundi
890 2547 1108 2605 peccata
1153 2535 1358 2598 tollere,
1399 2535 1525 2602 quia
1553 2549 1673 2588 om-

98 2642 202 2682 nes
243 2626 490 2682 homines
531 2643 595 2682 ex
625 2627 818 2693 Adam,
854 2637 908 2683 et
956 2643 1059 2681 non
1095 2642 1162 2682 ex
1198 2627 1325 2682 Deo.
1401 2625 1516 2681 Non
1547 2625 1674 2696 quia

97 2727 183 2770 est
224 2718 422 2788 aliquis
453 2718 542 2786 qui
598 2734 702 2771 non
736 2729 818 2772 est
865 2733 895 2772 a
929 2717 1038 2772 Deo
1070 2727 1285 2774 creatus
1328 2733 1424 2788 per
1451 2717 1670 2785 Filium,

98 2809 201 2863 sed
234 2810 411 2864 onmis
439 2809 602 2864 homo
630 2810 830 2879 quique
861 2811 1144 2881 progenies
1173 2811 1300 2865 Adae
1333 2819 1448 2874 est,
1478 2821 1528 2865 et
1567 2825 1673 2865 non

97 2903 405 2958 nativitatis
434 2904 671 2973 peccatis
700 2904 962 2974 subiacet.
993 2903 1102 2959 Nos
1131 2904 1272 2958 enim
1306 2904 1357 2957 in
1396 2903 1504 2958 ictu
1536 2911 1592 2957 et
1620 2905 1673 2957 in

96 2994 296 3063 exigua
340 2993 441 3048 hac
473 2995 578 3048 vita
627 2996 904 3050 constituti
952 3011 1239 3065 peccamus
1298 3005 1350 3050 et
1401 2995 1578 3066 lingua
1621 3002 1678 3048 et

96 3086 338 3140 actibus.
386 3085 487 3153 Qui
531 3097 709 3142 autem
740 3097 1018 3158 peccatum
1056 3103 1162 3142 non
1199 3087 1345 3153 fecit,
1379 3103 1555 3156 neque
1579 3086 1676 3141 do-

97 3178 214 3231 lum
248 3179 439 3234 habuit
480 3181 530 3234 in
561 3196 656 3235 ore
690 3197 807 3246 suo,
842 3191 901 3236 ut
941 3197 1116 3249 neque
1147 3197 1309 3252 opere
1350 3197 1523 3251 neque
1556 3197 1674 3237 ser-

98 3283 267 3322 mone
302 3278 569 3338 peccaret,
619 3271 734 3340 ipsa
779 3272 985 3339 iustitia
1022 3281 1124 3326 est.
1176 3271 1274 3339 Qui
1311 3287 1441 3342 ergo
1465 3272 1673 3342 justitia

98 3358 328 3427 propria
359 3375 463 3413 non
498 3360 733 3414 habebat
758 3372 1001 3430 peccata,
1029 3365 1202 3433 potuit
1237 3363 1420 3417 mundi
1456 3373 1674 3433 peccata

98 3456 324 3516 portare
358 3465 372 3502 :
405 3449 493 3518 qui
529 3461 756 3520 aegrotat
795 3453 936 3505 enim
969 3453 1137 3507 alium
1191 3469 1389 3508 sanare
1432 3469 1536 3508 non
1577 3469 1673 3525 po-

98 3547 245 3593 test:
271 3547 327 3594 et
355 3543 443 3608 qui
475 3543 712 3612 peccatis
739 3542 1002 3612 suhjacet,
1028 3543 1205 3599 aliena
1237 3553 1456 3613 portare
1483 3546 1676 3601 delicta

96 3645 211 3684 non
261 3640 461 3700 potest.
508 3632 610 3700 Qui
650 3645 830 3689 autem
881 3651 988 3691 non
1042 3639 1305 3705 peccavit,
1349 3654 1524 3709 neque
1574 3641 1678 3695 scit

94 3733 384 3792 peccatum
411 3766 425 3790 ,
466 3727 566 3781 iste
601 3741 697 3780 sua
729 3726 934 3782 virtute
972 3729 1196 3782 aliorum
1226 3731 1457 3786 assumit
1484 3740 1539 3784 et
1572 3731 1675 3786 tol-

95 3816 165 3869 lit
213 3826 516 3885 peccatum.
554 3818 812 3874 Dominus
855 3819 999 3874 enim
1039 3821 1346 3890 baptizatur
1385 3837 1414 3875 a
1447 3820 1674 3887 Joanne,

94 3919 156 3964 et
187 3909 419 3963 assumit
449 3909 676 3964 aliorum
705 3911 900 3966 delicta
935 3929 950 3964 :
989 3925 1266 3964 assumens
1307 3913 1678 3966 autemaufert

95 4017 162 4055 ea
191 4017 314 4070 quae
337 4004 591 4070 suscepit.
626 4001 860 4058 Intueris
893 4004 1054 4058 istum
1087 4004 1354 4059 visibilem
1388 4005 1554 4059 solem
1583 4005 1672 4074 qui

96 4109 200 4162 per
232 4093 400 4147 Deum
447 4092 624 4150 factus
662 4095 784 4150 est?
818 4096 918 4150 iste
953 4096 1034 4149 sol
1069 4096 1300 4151 visibilis
1347 4106 1494 4152 certe
1538 4113 1678 4152 unus

95 4193 188 4239 est
211 4199 275 4240 ex
309 4186 562 4240 omnibus
596 4202 715 4255 qua:
747 4204 843 4256 per
872 4186 1068 4242 Filium
1099 4187 1239 4243 facta
1265 4201 1410 4244 sunt.
1457 4190 1562 4243 Iste
1586 4205 1678 4243 or-

98 4291 189 4332 tus
220 4278 412 4332 sordes
439 4279 723 4349 contingit,
765 4289 822 4334 et
873 4281 1070 4335 fetores
1118 4289 1172 4336 et
1205 4296 1437 4337 caenum.
1487 4280 1556 4336 Et
1586 4281 1675 4336 illa

93 4370 462 4440 quidemquae
488 4371 686 4425 habent
731 4371 956 4427 fetorem
988 4372 1238 4428 liberata
1300 4373 1510 4434 fetore;
1561 4373 1677 4440 ipse

1771 512 1845 567 hil
1887 511 2011 564 mali
2064 510 2130 562 ad
2162 508 2593 562 additamentum
2629 504 2855 572 suscipit
2885 504 2973 557 illa
3009 514 3223 570 natura,
3251 506 3346 558 sed

1767 617 1872 658 nec
1904 600 2054 656 boni.
2101 599 2157 654 Si
2184 613 2314 669 ergo
2345 597 2543 651 malum
2572 611 2676 649 nou
2705 595 2966 666 suscepit,
2997 595 3120 665 quia
3154 595 3346 652 lumini

1768 694 2006 748 tenebrae
2034 705 2138 746 non
2173 689 2570 762 permiscentur
2605 706 2618 742 :
2658 691 2855 741 bonum
2907 697 3084 741 autem
3138 688 3349 740 addita-

1768 795 2009 840 mentum
2059 799 2166 838 non
2203 781 2450 851 indiget,
2481 781 2606 849 quia
2641 777 2940 847 perfectum
2991 779 3174 848 genuit
3220 793 3347 846 pcr-

1768 878 1980 931 fectus:
2017 891 2120 929 non
2163 883 2249 929 est
2293 871 2564 942 promotio
2590 871 2843 924 derelicta
2882 870 3012 923 ﬁlio.
3062 868 3177 923 Non
3207 883 3350 924 nuuc

1767 970 1909 1033 dico,
1943 970 2036 1023 sed
2077 982 2174 1022 nec
2210 976 2367 1020 antea
2409 983 2423 1019 :
2461 963 2738 1033 perfectus
2778 963 2922 1016 enim
2970 971 3052 1015 est
3080 971 3266 1022 natus,
3295 968 3353 1012 et

1767 1064 1889 1118 ideo
1928 1061 2062 1116 nihil
2102 1057 2455 1115 additamenti
2487 1056 2700 1124 accipit,
2735 1055 2865 1108 nihil
2907 1054 3181 1122 acquirit:
3227 1067 3353 1121 per.

1772 1154 1948 1210 fectus
1981 1154 2126 1208 enim
2175 1160 2264 1206 est
2325 1149 2609 1220 progenies
2659 1149 2882 1218 perfecti
2917 1146 3053 1218 (69),
3097 1145 3353 1200 omnibus

1775 1250 1991 1317 quidem
2025 1247 2296 1302 sufﬁciens
2325 1248 2546 1306 donare,
2581 1244 2696 1313 ipse
2730 1251 2908 1295 autem
2940 1255 3046 1293 non
3080 1238 3349 1308 indigens,

1770 1340 1900 1396 nihil
1933 1341 1999 1394 ab
2031 1341 2115 1394 his
2159 1355 2277 1409 quas
2329 1337 2456 1391 fecit
2486 1336 2656 1391 Filius
2695 1333 2902 1402 accepit
2935 1352 2948 1387 :
2979 1334 3103 1402 quia
3153 1331 3352 1385 antici-

1767 1430 2036 1500 pans(7ll)
2064 1431 2243 1486 omnia
2283 1429 2444 1484 habet
2491 1427 2591 1482 sibi
2619 1426 2740 1480 data
2771 1440 2800 1478 a
2836 1424 3012 1478 Patre.
3077 1422 3193 1477 Non
3229 1436 3350 1476 cum

1769 1525 2034 1592 apparuit,
2073 1533 2200 1577 tunc
2233 1532 2288 1577 et
2337 1520 2544 1584 Filius;
2595 1534 2702 1574 non
2727 1533 2850 1572 cum
2889 1516 3187 1578 nobiscum,
3226 1525 3354 1568 tunc

1767 1627 1823 1670 et
1865 1619 2002 1684 apud
2058 1619 2224 1672 Deum
2270 1619 2407 1672 :sed
2455 1613 2906 1683 quemadmodum
2966 1611 3020 1664 in
3085 1608 3352 1678 principio

1768 1718 1884 1760 erat
1923 1707 2176 1770 Verbum,
2239 1707 2291 1760 in
2358 1705 2624 1776 principio
2683 1711 2828 1768 erat,
2900 1715 3004 1754 non
3063 1699 3351 1753 tamen-in

1768 1800 2074 1854 novissimis
2121 1800 2493 1868 temporibus:
2540 1800 2591 1850 in
2655 1793 2944 1867 principio,
3007 1806 3111 1845 non
3174 1800 3352 1844 tamen

1770 1904 1891 1962 post
1925 1895 2120 1950 saecula
2171 1910 2292 1965 quae
2340 1910 2434 1964 per
2466 1894 2638 1962 ipsum
2689 1891 2826 1945 facta
2879 1899 3024 1944 sunt.
3085 1887 3138 1940 In
3198 1885 3354 1956 prin-

1769 1987 1909 2056 cipio
1948 1999 2072 2041 ante
2127 2002 2316 2041 omnes
2361 1988 2499 2056 apud
2551 1987 2713 2040 Deum
2749 2023 2763 2048 ,
2812 1991 2935 2036 ante
2981 1979 3191 2035 ccelos:
3245 1993 3354 2032 non

1769 2083 1913 2134 enim
1968 2082 2300 2137 necessarios
2365 2080 2596 2135 habebat
2641 2079 2810 2133 caelos
2847 2076 2914 2130 ad
2965 2071 3354 2138 habitandum;

1771 2175 2035 2244 siquidem
2096 2189 2195 2229 nec
2247 2183 2374 2227 tunc
2429 2186 2550 2227 cum
2610 2169 2809 2224 factum
2864 2176 2950 2221 est
3010 2162 3234 2225 caelum,
3285 2159 3353 2213 ad

1772 2281 1928 2321 usum
1965 2266 2162 2321 factum
2189 2276 2271 2320 est
2296 2263 2411 2330 Dei,
2441 2263 2534 2318 sed
2559 2262 2623 2316 ad
2649 2261 2968 2316 beneﬁcium
2999 2257 3168 2326 ipsius
3191 2251 3344 2316 cmli,

1773 2368 1827 2412 et
1857 2371 2043 2411 eorum
2069 2357 2157 2426 qui
2184 2357 2286 2412 sub
2314 2355 2454 2409 caelo
2491 2363 2614 2408 sunt
2639 2359 2879 2407 creatum
2909 2359 2991 2405 est
3017 2347 3235 2402 caelum.
3285 2342 3312 2397 1
3319 2361 3352 2397 ιι

1776 2451 2033 2520 principio
2071 2460 2182 2504 erat
2214 2465 2232 2503 :
2280 2463 2432 2503 serva
2467 2449 2610 2518 quod
2636 2456 2752 2501 erat
2778 2444 2910 2515 (7i).
2949 2441 3005 2496 Si
3032 2441 3175 2494 enim
3209 2445 3262 2492 et
3295 2445 3352 2489 tu

1774 2557 1883 2596 non
1920 2541 2148 2604 dixeris,
2177 2541 2329 2606 Erat,
2365 2540 2453 2594 ille
2479 2541 2696 2610 quidem
2739 2548 2920 2592 manet
2946 2533 3086 2604 quod
3115 2540 3256 2598 erat,
3301 2541 3358 2585 tu

1775 2646 1955 2690 autem
2001 2633 2347 2690 fraudaveris
2397 2641 2455 2686 ut
2503 2632 2604 2686 sis.
2663 2629 2777 2684 Non
2829 2627 2975 2682 enim
3011 2641 3076 2681 ex
3114 2623 3199 2678 his
3242 2636 3361 2692 quae

1778 2729 2008 2783 dicimus
2047 2725 2352 2782 eﬁiciuntur
2398 2725 2614 2794 negotia
2661 2737 2841 2776 rerum
2875 2738 2888 2776 :
2924 2720 3014 2773 sed
3054 2717 3096 2770 si
3125 2713 3359 2771 confessi

1777 2816 2039 2873 fuerimus
2081 2827 2140 2870 ut
2168 2831 2226 2870 se
2255 2829 2344 2870 res
2382 2816 2585 2870 habere
2607 2813 2878 2875 videntur,
2915 2809 3263 2864 salvabimur.
3300 2805 3357 2859 Si

1781 2918 1964 2964 autem
1996 2907 2288 2962 delirantes
2332 2921 2436 2959 non
2489 2913 2545 2957 ut
2597 2917 2656 2957 se
2690 2901 2851 2955 habet
2891 2900 3162 2970 negotium
3198 2897 3360 2950 locuti

1781 2998 2078 3065 fuerimus;
2111 2997 2243 3068 ipsa:
2287 2996 2504 3064 quidem
2547 3011 2632 3049 res
2659 3002 2895 3053 manent.
2937 3007 3035 3045 nos
3061 2997 3238 3044 autem
3274 2989 3361 3058 ju-

1782 3090 2102 3145 dicabimur.
2154 3089 2305 3156 Erat,
2338 3098 2393 3143 et
2422 3097 2563 3152 erat,
2594 3099 2648 3142 et
2682 3095 2821 3141 erat.
2857 3084 2924 3138 In
2964 3081 3222 3152 principio
3246 3089 3359 3132 erat

1790 3181 2011 3236 Verbum
2049 3196 2068 3235 :
2107 3196 2234 3236 ecce
2271 3181 2434 3234 semel
2484 3191 2644 3234 erat:
2684 3190 2730 3233 et
2779 3177 3006 3231 Verbum
3058 3185 3170 3228 erat
3217 3171 3359 3240 apud

1781 3271 1945 3326 Deum
1962 3273 2030 3336 “,
2068 3281 2124 3326 et
2151 3273 2343 3326 iterum
2377 3272 2490 3342 (72)
2544 3280 2700 3325 erat:
2735 3278 2783 3324 et
2808 3269 2945 3322 Deus
2961 3278 3072 3322 erat
3099 3265 3359 3319 Verbum:

1777 3379 1906 3421 ecce
1940 3366 2099 3420 tertio
2129 3375 2268 3420 erat.
2312 3363 2414 3418 Hic
2447 3374 2558 3418 erat
2598 3365 2652 3416 in
2700 3362 2956 3430 principio
2991 3361 3130 3428 apud
3173 3359 3359 3412 Deum.

1777 3455 1906 3510 Post
1937 3465 2170 3524 quatuor
2214 3456 2310 3508 has
2352 3470 2514 3509 voces
2560 3455 2736 3508 adhuc
2772 3453 2990 3506 dubitas
3023 3452 3163 3519 quod
3203 3449 3364 3503 erat?

1777 3557 1832 3602 et
1867 3549 2085 3612 iterum,
2114 3544 2234 3600 Vita
2272 3556 2409 3610 erat,
2441 3555 2497 3600 et
2523 3546 2636 3599 vita
2675 3553 2793 3599 erat
2827 3543 2917 3597 lux
2951 3542 3249 3596 hominum.
3300 3539 3358 3592 Si

1777 3639 1909 3695 dicit
1941 3639 2290 3710 evangelista,
2337 3639 2428 3707 qui
2473 3654 2537 3692 ex
2581 3646 2799 3706 pectore
2835 3635 3044 3691 Domini
3095 3633 3358 3696 haurit-ii,

1781 3729 1934 3797 Erat,
1988 3739 2043 3784 et
2095 3730 2198 3784 hoc
2249 3729 2561 3798 frequenter
2591 3747 2605 3784 :
2640 3742 2704 3782 cx
2751 3728 2837 3782 his
2882 3741 3001 3796 quae
3044 3740 3186 3794 saepe
3221 3727 3360 3778 dicta

1777 3829 1904 3876 sunt
1957 3835 2026 3875 ne
2071 3819 2286 3889 quidem
2319 3837 2482 3874 unum
2523 3830 2715 3874 tenes:
2753 3827 2806 3874 et
2843 3831 3001 3887 quem
3049 3816 3240 3871 laedis?
3272 3816 3364 3871 llle

1777 3915 1920 3968 enim
1948 3913 2038 3982 qui
2066 3923 2205 3978 erat,
2234 3922 2337 3978 est,
2367 3921 2420 3966 et
2450 3926 2553 3966 non
2587 3911 2822 3966 cessavit
2849 3918 2907 3964 ut
2933 3910 3025 3964 sit.
3071 3908 3149 3962 Tu
3181 3918 3362 3962 autem

1779 4023 1886 4062 non
1922 4007 2029 4061 eris
2071 4005 2227 4074 ejus,
2281 4005 2382 4060 nisi
2430 4004 2598 4060 fueris
2639 4003 2920 4059 confessus
2964 4001 3090 4070 quia
3121 4009 3274 4065 erat,
3307 4007 3361 4052 et

1779 4110 1861 4157 est
1884 4110 1938 4155 et
1965 4101 2068 4154 erit
2104 4119 2116 4154 :
2155 4109 2205 4155 et
2242 4113 2515 4168 nunquam
2546 4098 2778 4153 cessavit
2803 4105 2860 4150 ut
2895 4110 3000 4150 non
3032 4093 3120 4150 sit.
3147 4093 3364 4148 Princi-

1777 4195 1926 4264 pium
1959 4193 2218 4262 evangelii
2256 4193 2405 4258 dicit,
2441 4189 2621 4245 Erat:
2663 4199 2717 4243 et
2758 4199 2813 4243 tu
2866 4187 3050 4243 statim
3106 4185 3358 4241 dubitas:

1778 4285 2005 4341 necdum
2033 4286 2246 4355 cmpisti
2278 4286 2479 4355 legere,
2518 4296 2572 4339 et
2600 4282 2892 4340 oﬁendisti.
2929 4279 3266 4352 Evangelista
3294 4277 3369 4332 ab

1780 4379 1914 4434 Erat
1943 4381 2128 4449 coepit,
2159 4389 2210 4434 et
2244 4389 2294 4433 tu
2330 4377 2460 4432 Erat
2511 4376 2778 4432 interimis
2800 4376 2826 4428 ?
2871 4373 3111 4428 Necdum
3158 4369 3360 4439 legisti,

93 4471 281 4517 autem
306 4475 366 4517 se
389 4477 492 4516 non
520 4465 835 4534 coinquinat
858 4465 926 4519 ab
956 4465 1042 4520 his
1071 4481 1192 4534 quae
1217 4467 1464 4536 detergit.
1492 4465 1547 4520 Si
1577 4466 1674 4534 igi-

1781 4480 1833 4526 et
1857 4470 2212 4524 contradicis.
2245 4470 2367 4524 Erat
2405 4470 2459 4524 in
2490 4468 2753 4539 principio
2777 4476 2904 4520 ante
2931 4479 3154 4520 omnes:
3184 4465 3364 4516 bonus

96 4565 191 4608 tur
236 4553 340 4608 iste
386 4555 464 4608 sol
504 4555 732 4610 visibilis
771 4557 863 4625 qui
897 4557 1072 4610 oritur
1102 4566 1156 4611 et
1190 4557 1410 4621 occidit,
1443 4557 1533 4626 qui
1569 4573 1677 4611 non

96 4648 154 4701 in
184 4647 451 4717 principio
495 4648 616 4713 fuit,
643 4650 736 4704 sed
768 4659 962 4718 quarto
1008 4650 1094 4704 die
1143 4665 1240 4720 per
1265 4649 1460 4704 Filium
1501 4651 1676 4705 factus

93 4750 217 4805 est;
261 4740 308 4795 si
344 4741 447 4796 iste
479 4741 562 4795 sol
595 4757 698 4795 non
733 4743 969 4811 repletur
1001 4743 1069 4797 ab
1113 4741 1198 4796 his
1242 4758 1360 4813 qua:
1385 4743 1672 4810 contingit,

93 4833 273 4887 multo
302 4833 473 4903 magis
502 4833 764 4889 Dominus
785 4835 1008 4903 iustitiae
1053 4836 1142 4904 qui
1181 4845 1374 4904 purgat
1405 4844 1458 4890 et
1485 4849 1676 4889 emun-

93 4925 217 4990 dat,
254 4923 518 4979 clariﬁcat
548 4934 602 4979 et
647 4926 936 4992 illuminat,
983 4942 1094 4980 non
1121 4927 1578 4981 contaminabitur
1605 4928 1674 4982 ab

92 5016 185 5072 his
236 5031 360 5085 quae
404 5018 686 5087 contingit.
744 5016 861 5072 Non
916 5027 1092 5088 potest
1129 5021 1272 5073 enim
1327 5019 1442 5088 ejus
1479 5027 1672 5072 natura

92 5109 489 5164 contaminari.
552 5109 700 5164 Nihil
759 5112 811 5165 in
867 5126 989 5166 eum
1057 5111 1361 5181 ingreditur
1416 5111 1670 5165 alienum.

91 5199 255 5265 Quod
301 5201 446 5254 enim
499 5210 655 5255 natus
698 5215 779 5256 est
832 5203 1023 5267 semel,
1061 5203 1164 5258 hoc
1198 5211 1248 5256 el
1285 5211 1483 5258 manet.
1529 5201 1674 5257 Nihil

91 5287 277 5342 defuit
327 5299 386 5342 ut
415 5289 866 5354 introduceretur,
900 5291 1030 5346 nihil
1061 5292 1237 5346 minus
1261 5303 1344 5347 est
1382 5303 1439 5347 ut
1467 5293 1676 5364 replea-

167 5406 220 5442 ”
249 5403 405 5460 Joan.
440 5421 479 5474 ι,
510 5406 601 5462 29.
694 5408 740 5440 ⁸⁸
771 5408 898 5463 ibid.
928 5410 983 5462 2.

169 5559 290 5629 (67)
326 5560 422 5614 Ms.
456 5560 559 5625 Qui
593 5572 703 5614 erat
734 5575 924 5616 natura
955 5563 1248 5619 invisibilis.

169 5629 288 5702 (68)
321 5631 414 5702 Ms.
450 5632 760 5702 [adigebant
785 5635 975 5697 salute,
1007 5653 1121 5702 qua:
1157 5654 1187 5686 a
1229 5636 1450 5689 Domino
1476 5646 1572 5690 est.

167 5700 284 5775 ((39)
319 5700 941 5775 D‘Isrl’erfertaieuimest
973 5700 1241 5775 progenies
1270 5709 1504 5775 perfecti.

169 5771 286 5841 (7U)
317 5771 642 5839 Aulicqmns.
666 5772 976 5842 Προλαϐών.

1776 4561 1918 4616 enim
1948 4571 2031 4614 est
2057 4559 2246 4622 Pater,
2275 4569 2332 4614 et
2361 4576 2464 4614 non
2491 4567 2576 4614 est
2604 4559 2808 4614 divisus
2843 4570 3108 4630 generans
3131 4553 3321 4610 Filium
3343 4570 3364 4608 :

1777 4663 1971 4722 potens
1999 4661 2102 4712 est,
2139 4661 2189 4706 et
2220 4667 2322 4706 non
2355 4660 2473 4704 erat
2501 4652 2551 4705 ei
2595 4647 2930 4719 impossibile
2963 4645 3169 4716 impleri
3201 4660 3356 4698 suam

1777 4746 2100 4800 bonitatem.
2143 4745 2410 4814 Tempora
2436 4745 2580 4801 enim
2611 4754 2665 4799 et
2698 4742 2889 4797 saecula
2919 4751 2972 4796 et
3003 4740 3174 4810 spatia
3201 4740 3363 4794 deor-

1778 4851 1895 4892 sum
1929 4847 2076 4893 sunt.
2121 4835 2237 4892 Noli
2263 4845 2580 4908 computare
2609 4835 2898 4907 unigenitze
2919 4833 2992 4888 illi
3027 4840 3233 4887 natura:
3259 4831 3368 4884 ali-'

1780 4934 1910 5003 quid
1942 4953 1956 4988 :
1987 4933 2214 4989 nihilex
2253 4934 2337 4988 his
2369 4946 2490 5003 qua:
2518 4931 2664 4986 facta
2714 4944 2810 5001 per
2857 4929 3030 4999 ipsum
3069 4936 3239 4983 sunt:
3268 4923 3367 4979 sed

1780 5024 2042 5080 conﬁtere
2069 5024 2285 5079 Patrem
2322 5039 2427 5078 non
2475 5031 2661 5078 natum
2687 5062 2703 5086 ,
2747 5028 2800 5076 et
2843 5019 3006 5074 alium
3039 5032 3144 5072 non
3174 5025 3360 5070 natum

1780 5131 2025 5186 quaerere
2055 5114 2193 5183 noli;
2218 5116 2343 5187 quia
2371 5130 2471 5171 nec
2503 5115 2765 5170 invenies.
2799 5111 3073 5168 Conﬁtere
3098 5109 3369 5166 etFilium.

1779 5205 2114 5275 unigenitum
2165 5215 2350 5259 natum
2394 5221 2423 5258 a
2467 5203 2679 5259 Patre:
2731 5211 2787 5258 et
2842 5203 3006 5257 alium
3051 5200 3244 5256 Filium
3295 5216 3368 5253 ne

1780 5311 2014 5367 quazras,
2043 5300 2136 5354 sed
2181 5313 2304 5354 eum
2335 5299 2424 5368 qui
2475 5305 2560 5353 est
2598 5311 2738 5352 unus
2775 5293 3106 5367 unigenitus,
3157 5291 3254 5364 Qui
3295 5290 3370 5344 ab

1849 5565 1962 5640 (7|)
1995 5566 2175 5623 Serua.
2205 5567 2394 5638 Τήρει,
2421 5565 2667 5622 observa.
2707 5563 2798 5620 Sic
2823 5561 2962 5619 infra
2994 5559 3089 5618 lib.
3113 5571 3178 5628 ιι,
3213 5558 3360 5615 circa

1777 5642 1968 5780 mea?)
2001 5707 2067 5764 Ει
2094 5710 2300 5762 imum.
2335 5706 2493 5763 Forte
2523 5722 2586 5761 en
2609 5705 2733 5760 iter.
