3810 6218
411 265 546 324 ιεδι

407 480 617 547 aequale
655 488 738 531 εει
775 481 1085 548 unigenito,
1131 482 1266 536 nihil
1312 483 1489 538 simile
1529 483 1667 537 Filio
1693 523 1706 546 ,
1755 483 1885 537 nihil
1935 484 1984 537 ei

409 577 778 638 comparatur,
811 569 946 624 nihil
975 581 1242 639 :equatur.
1274 570 1467 626 Omnia
1497 586 1618 626 eum
1646 571 1896 636 adorant,
1918 573 1990 626 ob

411 660 675 714 honorem
713 669 769 714 ut
806 670 930 730 pote
959 663 1078 734 ejus
1101 665 1191 734 qui
1222 665 1408 733 genuit
1440 685 1454 720 :
1496 678 1602 719 non
1635 673 1718 718 est
1754 679 1894 718 unus
1921 679 1986 719 ex

410 749 499 806 his
521 766 642 821 quae
681 767 778 821 per
818 754 1195 826 ipsum‘sunt:
1239 771 1344 810 non
1375 765 1460 812 est
1489 771 1556 811 ex
1603 757 1708 811 hoc
1756 757 1984 822 mundo,

412 839 506 895 sed
550 849 606 895 et
643 843 873 896 mundus
905 859 1000 912 per
1045 846 1242 910 ipsum.
1292 845 1407 900 Non
1455 845 1650 900 malum
1679 861 1802 901 cum
1831 845 1989 911 Filio,

412 931 509 985 sed
551 941 610 986 et
653 933 846 988 cmlum
891 951 988 1004 per
1019 935 1237 990 Filium.
1283 936 1423 1003 Quid
1466 953 1602 1007 upus
1633 947 1718 992 est
1750 937 1992 1006 partibus

413 1025 680 1080 exhibere
723 1028 975 1080 naturae?
1024 1026 1214 1081 Omnia
1249 1045 1342 1097 per
1379 1031 1550 1097 ipsum
1589 1040 1732 1093 sunt,
1775 1040 1821 1084 et
1862 1030 1992 1084 nihil

415 1115 529 1170 sine
565 1117 676 1184 ipso
703 1133 720 1170 :
747 1127 802 1171 et
851 1118 1009 1173 tertio
1047 1137 1062 1172 :
1095 1118 1246 1185 Quod
1283 1120 1483 1174 factum
1519 1130 1603 1175 est
1647 1137 1742 1189 per
1794 1123 1991 1190 ipsum.

415 1203 536 1260 Noli
559 1207 739 1262 dicere
769 1208 1063 1272 hominem,
1094 1225 1160 1263 ne
1190 1211 1458 1265 irascatur
1483 1210 1572 1279 qui
1595 1212 1798 1273 genuit.
1832 1211 1995 1266 Joan-

417 1311 516 1351 nes
544 1299 871 1369 evangelista
896 1342 911 1366 ,
949 1301 993 1353 si
1048 1309 1228 1352 tamen
1261 1300 1520 1365 Joannes,
1560 1314 1616 1356 et
1647 1303 1872 1376 non_qui
1901 1319 1996 1371 per

417 1385 705 1456 Joannem,
755 1393 971 1461 scripsit
1020 1393 1086 1448 de
1128 1394 1287 1458 Filio,
1317 1397 1534 1463 scripsit
1575 1407 1630 1451 et
1681 1398 1744 1450 de
1789 1397 1994 1450 Joanne

418 1480 682 1548 Baptista.
715 1483 1102 1555 Subinterroga
1135 1486 1301 1556 igitur
1323 1488 1772 1554 quemadmodum
1797 1489 1864 1542 de
1889 1490 1995 1542 Deo

420 1572 664 1642 loquitur
696 1575 1052 1645 evangelista,
1089 1587 1142 1631 et
1171 1579 1623 1646 quemadmodum
1654 1580 1720 1633 de
1748 1580 1992 1634 homine:

423 1661 491 1716 In
545 1664 824 1731 principio,
883 1666 1097 1736 inquit,
1155 1679 1265 1721 erat
1305 1667 1567 1724 Verbum:
1604 1670 1706 1724 hoc
1768 1672 1834 1724 de
1890 1671 1996 1724 Deo

1083 268 1350 327 EUSEBII
1390 267 1871 328 CIESARIENSIS
1906 270 2059 328 OPP.
2099 272 2278 328 PARS
2315 271 2404 329 IV.
2440 304 2513 316 —
2547 266 2972 329 DOGMATICA.

409 402 519 443 uno
547 394 628 440 est
647 385 878 451 Patre,a
911 386 1026 443 solo
1054 389 1222 454 solus,
1263 390 1331 445 ab
1360 406 1466 445 uno
1485 405 1642 444 unus.
1671 391 1812 446 Nihil
1839 390 1984 445 enim
2018 397 2064 454 Α
2092 394 2164 445 tia

3542 263 3704 326 1'05!

2216 411 2231 449 :
2281 401 2336 446 et
2389 392 2754 446 adorabantur
2804 391 3017 454 omnia;
3070 396 3125 444 et
3175 390 3300 461 quia
3363 391 3694 448 adorandus

2090 484 2457 551 ignorabatur,
2473 481 2796 537 oﬁ‘ensiones
2809 493 2964 536 erant
2979 483 3130 537 nobis
3145 484 3350 538 omnia.
3367 483 3510 538 Nam
3531 495 3595 540 et
3613 486 3694 539 sol

2090 590 2194 628 non
2219 573 2574 636 illuminabat,
2599 575 2691 628 sed
2715 582 2770 628 et
2793 574 2908 642 ipse
2929 574 3080 628 nobis
3097 583 3216 628 erat
3235 572 3492 630 oﬁ‘ensio.
3521 576 3695 629 Venit

2090 672 2269 718 autem
2293 679 2389 734 per
2405 678 2564 733 quem
2583 663 2905 717 suntomnia
2925 681 2940 717 :
2963 677 3063 716 non
3085 663 3255 717 solum
3273 679 3374 718 nos
3394 665 3694 728 liberavit,

2091 755 2183 810 sed
2203 764 2256 809 et
2277 754 2448 824 ipsum
2467 753 2634 808 solem
2653 756 2720 807 ab
2738 753 2961 821 ignobili
2987 754 3089 807 isto
3112 753 3320 808 honore
3338 754 3584 808 liberum
3618 754 3698 805 fe-

2092 849 2184 900 cit.
2221 846 2497 900 Liberavit
2533 860 2664 901 sane
2695 846 2875 899 lunam
2915 860 2945 897 a
2988 844 3309 911 calumniis,
3356 856 3414 898 et
3467 861 3694 914 purga-

2093 938 2170 991 vit
2195 937 2382 991 stellas
2408 945 2465 991 ut
2504 951 2610 992 non
2650 939 3028 992 adorarentur.
3055 937 3111 992 Si
3141 950 3320 992 autem
3352 939 3596 1008 quidam
3623 939 3698 989 ad

2095 1030 2213 1084 hzec
2236 1030 2253 1049 ⁶
2287 1043 2460 1098 usque
2491 1030 2842 1094 contendunt,
2865 1030 3091 1099 reliquia
3120 1029 3389 1084 malorum
3425 1045 3696 1084 comme-

2094 1122 2420 1175 tnorantium
2465 1120 2807 1176 beneﬁcium.
2868 1121 3022 1174 Nunc
3060 1120 3224 1189 igitur
3263 1131 3320 1177 et
3355 1137 3561 1174 aurum
3607 1131 3695 1175 est

2095 1212 2373 1265 mundum.
2407 1211 2636 1281 Nuncet
2671 1220 2954 1280 argentum
2975 1212 3040 1264 ad
3070 1212 3122 1265 id
3154 1213 3294 1280 quod
3313 1223 3574 1266 creatum
3605 1224 3696 1265 est

2095 1306 2244 1361 utile.
2288 1304 2438 1357 Nunc
2465 1313 2816 1358 :eramentum
2843 1315 3192 1358 aaramentum
3227 1314 3310 1359 est
3336 1346 3350 1369 ,
3379 1315 3436 1358 et
3465 1304 3693 1359 ferrum

2099 1399 2301 1449 l‘errum
2327 1436 2342 1459 ,
2378 1406 2430 1449 et
2469 1396 2605 1465 lapis
2643 1396 2808 1465 lapis,
2861 1405 2917 1449 et
2965 1397 3166 1465 lignum
3217 1396 3420 1466 lignum
3469 1406 3561 1450 est
3587 1437 3604 1458 ,
3641 1405 3697 1450 et

2097 1489 2240 1542 Deus
2277 1487 2434 1542 Deus.
2460 1487 2614 1542 Nunc
2654 1488 2989 1542 dmnonihus
3040 1489 3353 1553 increpatur
3385 1498 3446 1541 ut
3483 1488 3693 1550 decet,

2097 1591 2150 1636 et
2195 1599 2298 1635 non
2341 1583 2635 1635 adorantur
2664 1590 2721 1634 ut
2748 1596 2854 1634 non
2895 1581 3072 1634 decet.
3119 1581 3275 1634 Venit
3307 1581 3456 1633 enim
3496 1597 3599 1635 rex
3639 1593 3696 1633 et

2098 1674 2357 1726 exstinxit
2390 1682 2674 1743 tyrannum
2721 1693 2732 1726 :
2769 1680 2824 1725 et
2863 1673 3082 1740 agnovit
3122 1672 3238 1725 ovis
3282 1681 3565 1739 pastorem
3591 1710 3608 1732 ,
3641 1682 3697 1724 et

421 1751 564 1807 Filio
607 1755 762 1809 dixit.
817 1757 956 1811 Dicit
1001 1770 1055 1813 et
1109 1759 1174 1814 de
1205 1758 1438 1826 Joanne,
1478 1759 1678 1814 Factus
1707 1773 1780 1814 est
1821 1763 1993 1814 homo.
2029 1774 2069 1828 Β
2103 1763 2266 1833 fugati
2306 1762 2586 1830 suntlupi.
2631 1761 2763 1826 Quis
2781 1776 2910 1814 sane
2931 1760 3116 1814 venit?
3142 1761 3325 1829 utique
3357 1760 3402 1813 is
3433 1761 3527 1827 qui
3565 1771 3697 1813 erat

421 1843 566 1915 Lege
606 1847 716 1909 illa,
746 1848 968 1918 subiege
996 1859 1052 1904 et
1092 1851 1189 1905 ista
1223 1869 1237 1904 :
1265 1859 1319 1904 et
1361 1852 1602 1905 invenies
1632 1853 1900 1920 quomodo
1933 1852 1998 1905 de

423 1941 535 1994 Deo
565 1940 704 1995 Filio
743 1941 982 2012 loquitur
1011 1962 1025 1996 :
1056 1955 1110 1999 et
1164 1944 1438 1998 hominem
1483 1954 1714 2013 exponet
1743 1944 1994 2000 Joannes.

423 2033 494 2086 In
538 2033 798 2100 principio
847 2047 958 2089 eral
1000 2035 1222 2090 Verbum
1280 2037 1346 2090 de
1389 2034 1527 2089 Filio
1565 2037 1696 2090 dicit
1747 2055 1760 2091 :
1805 2037 2000 2091 Factus

424 2123 591 2178 homo
616 2124 682 2179 de
703 2125 911 2181 Joanne
941 2128 1110 2196 ponit.
1150 2125 1216 2181 Et
1242 2126 1468 2181 Verbum
1497 2137 1608 2180 erat
1639 2129 1781 2196 apud
1812 2129 1997 2193 Deum,

423 2222 480 2267 et
507 2214 644 2268 Deus
677 2226 789 2270 erat
835 2215 1058 2272 Verbum
1079 2257 1093 2282 ,
1125 2220 1191 2272 de.
1217 2218 1351 2273 Filio
1392 2219 1648 2288 loquitur.
1689 2219 1764 2272 De
1793 2219 2001 2275 Joanne

424 2312 605 2358 autem
638 2322 651 2359 :
687 2294 812 2360 Non
838 2317 948 2362 erat
977 2308 1066 2360 ille
1101 2307 1274 2362 lumen
1302 2311 1373 2373 ⁵⁷,
1399 2318 1449 2362 ει
1482 2310 1678 2363 iterum
1716 2310 1782 2363 de
1816 2312 2003 2380 unige-

425 2396 538 2452 ltito
558 2399 658 2462 ait,
692 2398 796 2452 Hic
826 2409 937 2454 erat
962 2401 1018 2454 in
1051 2402 1304 2469 principio
1328 2402 1468 2471 apud
1490 2401 1676 2456 Deum.
1701 2401 1775 2456 De
1794 2401 2002 2458 Joanne

425 2498 630 2556 autem,
665 2491 767 2546 llic
808 2494 946 2546 venit
979 2494 1048 2546 ad
1085 2495 1439 2548 testimonium
1463 2493 1529 2548 ⁸⁸.
1581 2492 1779 2563 lnjuria
1807 2495 2003 2564 quippe

425 2592 527 2644 εει,
564 2591 619 2638 ει
666 2599 978 2653 prarponere
1023 2587 1356 2656 unigenitum
1398 2588 1569 2642 servis
1603 2590 1733 2642 suis.
1775 2587 1907 2642 Nam
1949 2599 2004 2644 et

426 2675 568 2741 quod
619 2675 843 2740 dicitur,
888 2678 1022 2731 nihil
1071 2679 1118 2733 ei
1173 2688 1519 2749 comparatur
1563 2691 1656 2733 aut
1716 2692 2000 2750 azquatur:

426 2780 534 2820 non
581 2777 666 2823 est
712 2785 1014 2840 magnum:
1070 2772 1166 2826 sed
1216 2773 1403 2841 egenis
1449 2774 1612 2826 etiam
1671 2789 1835 2840 parva
1882 2781 2006 2828 sunt

427 2873 643 2929 magna.
677 2861 792 2916 Non
822 2872 903 2916 est
937 2864 1081 2917 enim
1113 2881 1255 2918 unus
1301 2880 1368 2919 ex
1409 2865 1686 2934 prophetis
1712 2865 1875 2929 ﬁlius,
1909 2867 2002 2920 sed

427 2967 524 3022 per
565 2969 725 3023 quem
760 2970 949 3010 omnes
981 2958 1258 3026 propheta:
1294 2975 1310 3012 :
1351 2972 1457 3012 non
1493 2973 1633 3011 unus
1659 2971 1727 3011 ex
1766 2958 2004 3027 regibus,

428 3053 522 3100 sed
557 3063 652 3116 per
689 3062 848 3117 quem
882 3064 1071 3104 omnes
1113 3065 1272 3119 reges
1311 3067 1328 3105 :
1376 3066 1480 3105 non
1518 3065 1656 3103 unus
1701 3063 1768 3104 ex
1819 3050 2002 3117 justis,

430 3137 526 3190 sed
565 3138 679 3206 ipse
703 3138 914 3207 justitia
954 3161 965 3194 :
1004 3156 1112 3194 non
1153 3157 1292 3196 unus
1323 3157 1389 3195 ex
1419 3142 1617 3206 servis,
1667 3142 1762 3196 sed
1789 3141 2000 3196 Filius:

429 3243 538 3282 non
563 3245 725 3284 unum
771 3246 837 3285 ex
876 3226 1166 3298 omnibus,
1203 3235 1298 3288 sed
1331 3250 1429 3302 per
1455 3249 1613 3303 quem
1643 3244 1769 3288 sunt
1793 3236 2004 3290 omnia:

429 3336 538 3376 non
567 3337 633 3376 ex
673 3323 754 3378 his
782 3325 872 3393 qui
907 3326 1168 3381 assistunt
1197 3336 1252 3381 et
1281 3328 1624 3393 ministrant,
1661 3328 1755 3382 sed
1797 3329 1886 3396 qui
1921 3343 2010 3382 se—

430 3414 520 3467 det
547 3415 612 3468 ad
641 3415 918 3470 dexteram
940 3417 1116 3472 Patris
1141 3437 1158 3472 :
1195 3434 1300 3472 non
1339 3434 1404 3474 ex
1433 3419 1514 3473 his
1537 3420 1628 3488 qui
1673 3419 2010 3489 judicanlur,

430 3506 526 3559 sed
573 3506 665 3574 qui
721 3508 962 3577 suscepit
1005 3523 1167 3564 omne
1222 3511 1484 3582 judicium
1535 3513 1838 3583 iudicandi.
1892 3509 2009 3564 Non

429 3599 644 3664 quando
673 3599 810 3668 apud
855 3614 976 3664 nos,
1006 3609 1132 3656 tunc
1155 3611 1208 3656 et
1241 3604 1381 3672 apud
1411 3603 1652 3657 Patrem.
1689 3603 1840 3658 Tunc
1866 3603 2010 3656 enim

430 3690 537 3745 hoc
580 3690 782 3745 dictum
833 3691 1207 3746 intercidatur.
1258 3695 1339 3748 Ad
1373 3710 1472 3749 nos
1516 3696 1660 3748 enim
1689 3695 2010 3764 dispensans

428 3783 617 3836 venit:
653 3791 782 3837 tunc
819 3785 1034 3850 quando
1070 3794 1130 3838 ut
1175 3788 1313 3852 ovis,
1350 3788 1566 3856 quando
1600 3797 1656 3841 ιιι
1682 3787 1868 3856 Agnus
1895 3787 2015 3844 Dei.'

430 3873 489 3929 In
530 3876 805 3943 principio
848 3885 1026 3930 autem
1064 3887 1179 3930 erat
1207 3878 1346 3932 Deus
1376 3880 1512 3948 apud
1543 3879 1706 3933 Deum
1738 3897 1752 3934 :
1787 3894 1909 3932 nam
1954 3887 2011 3932 et

429 3979 555 4019 eum
609 3967 750 4035 apud
808 3983 930 4032 nos,
990 3969 1128 4022 Deus
1178 3971 1454 4024 nobiscum
1490 3971 1855 4025 Emmanuel:
1905 3986 2010 4025 non

433 4057 574 4112 alius
608 4059 748 4127 apud
788 4057 1031 4124 Patrem,
1064 4061 1200 4114 alius
1233 4071 1412 4117 autem
1445 4062 1727 4117 nobiscum
1770 4070 1826 4116 et
1877 4061 2014 4116 alius

431 4159 550 4202 erat
577 4166 592 4203 :
622 4165 849 4205 manens
889 4151 1151 4220 siquidem
1197 4153 1250 4206 in
1303 4154 1474 4223 tigura
1518 4153 1613 4208 Dei
1658 4154 2015 4219 constitutus,

432 4240 595 4296 istam
623 4252 867 4296 nostram
910 4243 1135 4312 ﬁguram
1174 4244 1316 4299 servi
1371 4245 1629 4313 accepit:
1681 4258 1786 4298 non
1830 4245 1898 4299 ab
1924 4243 2012 4298 illa

431 4332 692 4385 recedens
723 4332 883 4386 istam
916 4333 1206 4386 honoravit
1235 4347 1250 4386 :
1295 4347 1401 4387 non
1435 4336 1504 4388 ab
1537 4332 1625 4387 illa
1664 4332 1883 4398 exiens,
1915 4346 2014 4388 nos

2101 1853 2152 1905 in
2196 1853 2414 1904 mundo.
2445 1849 2511 1903 In
2541 1851 2735 1903 mundo
2760 1888 2776 1913 ,
2822 1849 3033 1919 inquit,
3067 1860 3181 1902 erat
3214 1867 3234 1902 :
3265 1849 3548 1918 siquidem
3601 1851 3690 1902 ni-

2099 1944 2175 1997 hil
2202 1959 2430 1998 vacuum
2466 1944 2534 1998 ab
2567 1943 2683 2012 ipso
2708 1943 2871 1996 etiam
2912 1952 3039 1996 ante
3061 1943 3353 1996 adventum
3391 1941 3514 2008 ejus
3540 1953 3690 1996 erat.

2101 2035 2235 2101 Quia
2271 2049 2376 2088 non
2401 2035 2543 2088 enim
2589 2048 2715 2086 cum
2765 2033 3046 2101 apparuit,
3088 2042 3218 2085 tunc
3256 2033 3495 2086 etvenit
3537 2048 3554 2083 :
3595 2033 3693 2084 sed

2101 2135 2218 2178 erat
2249 2125 2456 2185 latens,
2484 2123 2732 2194 apparuit
2769 2124 2860 2190 qui
2896 2132 3013 2176 erat
3039 2123 3233 2176 latens.
3274 2120 3390 2176 Non
3417 2132 3554 2174 sunt
3586 2123 3693 2175 ista

2102 2228 2218 2273 mea
2242 2253 2258 2278 ,
2295 2215 2388 2268 sed
2409 2213 2776 2283 evangelistze.
2832 2213 2925 2265 Ait
2967 2212 3112 2266 enim
3137 2253 3154 2278 ,
3183 2209 3245 2264 in
3294 2212 3508 2264 mundo.
3549 2222 3688 2263 erat.

2104 2307 2209 2362 Sed
2235 2321 2422 2374 parum
2449 2307 2622 2360 visum
2646 2314 2726 2361 est
2753 2305 2801 2359 ei
2825 2305 2914 2373 qui
2949 2304 3118 2369 dixit,
3165 2303 3221 2358 In
3269 2303 3476 2357 mundo
3507 2313 3636 2356 erat
3671 2320 3688 2354 :

2102 2416 2157 2460 et
2209 2407 2330 2459 ideo
2390 2403 2585 2472 repetit
2623 2416 2932 2466 sermonem
2985 2399 3282 2468 religiose,
3335 2409 3391 2451 et
3430 2398 3610 2460 dicit,
3640 2409 3689 2450 et

2101 2497 2330 2551 mundus
2359 2512 2450 2564 per
2474 2496 2644 2564 ipsum
2678 2494 2850 2562 factus
2880 2506 2974 2545 est.
3030 2491 3096 2546 Ut
3147 2498 3328 2542 autem
3376 2504 3487 2542 non
3539 2498 3693 2542 esset

2103 2599 2474 2658 contemptus,
2509 2590 2601 2660 qui
2635 2590 2746 2654 ait,
2794 2587 2863 2642 In
2907 2589 3102 2641 mundo
3129 2597 3273 2652 erat,
3325 2585 3464 2638 dixit
3512 2584 3688 2639 etiam

2106 2681 2230 2750 quia
2263 2691 2386 2735 ante
2409 2680 2665 2734 mundum
2694 2689 2812 2733 erat
2846 2697 2859 2733 :
2892 2689 2946 2732 et
2969 2680 3074 2737 ait,
3111 2678 3179 2731 Et
3207 2678 3430 2730 mundus
3469 2693 3568 2745 per
3608 2679 3694 2741 ip-

2105 2763 2416 2842 sumifactus
2441 2783 2538 2830 est.
2595 2771 2707 2826 Hoc
2747 2770 3017 2841 signiﬁcat
3052 2771 3193 2839 quod
3240 2780 3366 2823 ante
3418 2769 3687 2821 mundum

2105 2874 2242 2919 erat.
2274 2863 2340 2918 In
2372 2865 2566 2918 mundo
2591 2903 2606 2928 ,
2638 2864 2849 2932 inquit,
2885 2872 3020 2917 erat.
3058 2861 3339 2926 Quomodo
3379 2860 3431 2911 in
3480 2858 3689 2910 mundo

2107 2957 2262 3010 erat?
2284 2953 2439 3020 Erat,
2470 2955 2567 3020 ait,
2605 2952 2780 3007 lumen
2809 2969 3008 3016 verum,
3038 2951 3127 3020 qui
3172 2949 3438 3001 illuminat
3477 2963 3686 2999 omnem

2108 3051 2368 3103 hominem
2396 3043 2681 3102 venientem
2709 3047 2764 3098 in
2787 3046 2923 3098 hunc
2945 3045 3219 3096 mundum.
3256 3039 3327 3095 Ut
3368 3050 3554 3093 autem
3583 3054 3688 3092 non

2109 3140 2651 3202 diceret,venientem
2683 3137 2820 3206 (74),
2845 3137 2919 3189 ita
2948 3135 3104 3204 quasi
3137 3149 3242 3186 non
3276 3133 3494 3186 essetin
3529 3147 3692 3183 mun-

2109 3231 2208 3294 do,
2232 3238 2286 3283 et
2322 3239 2540 3296 putares
2565 3228 2688 3293 quia
2716 3227 2868 3281 venit
2904 3226 3121 3292 quidem
3150 3223 3239 3292 qui
3292 3237 3397 3274 non
3446 3221 3638 3274 aderat
3669 3237 3686 3273 :

2111 3321 2232 3375 ideo
2264 3330 2443 3373 tutans
2468 3318 2581 3390 (75)
2607 3319 2765 3372 istam
2798 3316 3156 3385 suspicionem
3177 3314 3358 3372 addit,
3384 3311 3453 3364 In
3491 3314 3688 3364 munda

2109 3421 2244 3466 erat.
2270 3411 2424 3464 Etne
2449 3410 2646 3464 iterum
2687 3417 2904 3478 putares
2938 3406 3061 3475 quia
3101 3421 3222 3460 cum
3266 3405 3466 3457 mundo
3509 3403 3688 3457 factus

2110 3511 2228 3557 erat
2251 3541 2268 3566 ,
2299 3501 2494 3570 repetit
2523 3509 2577 3554 et
2605 3499 2766 3564 dicit,
2797 3497 2866 3552 Et
2896 3500 3126 3551 mundus
3163 3511 3256 3565 per
3294 3495 3470 3564 ipsum
3513 3494 3687 3562 factus

2110 3602 2208 3647 est.
2251 3593 2306 3647 Si
2335 3593 2500 3661 igitur
2529 3607 2626 3659 per
2671 3592 2848 3659 ipsum
2883 3590 3059 3645 lactus
3115 3597 3200 3642 est
3238 3587 3512 3651 mundus,
3571 3595 3687 3640 erat

2111 3686 2298 3754 utique
2317 3685 2491 3740 Filius
2517 3695 2807 3752 antequam
2842 3683 2995 3736 ﬁeret
3023 3680 3253 3734 mundus
3287 3695 3303 3730 :
3329 3678 3457 3747 quia
3478 3679 3549 3731 ab
3576 3679 3688 3747 ipso

2113 3778 2284 3830 factus
2304 3784 2388 3830 est
2408 3775 2658 3828 mundus.
2687 3773 2923 3840 Denique
2944 3771 3105 3824 etiam
3135 3770 3203 3824 ab
3225 3769 3340 3838 ipso
3361 3767 3502 3822 Filio
3527 3770 3683 3822 audi:

2117 3866 2196 3920 Da
2230 3867 2392 3934 mihi,
2426 3865 2638 3933 inquit,
2675 3862 2868 3925 Pater,
2895 3860 3116 3930 gloriam
3137 3899 3152 3924 ,
3177 3875 3333 3927 quam
3350 3856 3515 3910 habui
3548 3856 3686 3925 apud

2115 3972 2163 4013 te
2187 3969 2468 4027 antequam
2516 3959 2742 4008 mundus
2777 3954 2924 4021 ﬁeret
2954 3953 3022 4007 ⁵⁸.
3050 3949 3336 4018 Quomodo
3380 3965 3516 4020 ergo
3536 3991 3554 4014 ,
3611 3951 3690 4003 in-

2117 4051 2270 4121 quit,
2297 4057 2417 4103 erat
2444 4048 2496 4102 in
2529 4046 2730 4099 tnundo
2753 4044 2775 4097 i
2802 4042 2858 4097 In
2896 4043 3096 4097 mundo
3126 4050 3283 4105 erat,
3331 4053 3387 4095 et
3419 4045 3490 4094 ad
3529 4056 3686 4094 utun-

2116 4145 2244 4198 dum
2283 4142 2454 4196 venit.
2485 4136 2949 4206 Quemadmodum
2978 4142 3157 4188 autem
3184 4135 3346 4187 etiam
3381 4133 3515 4186 illud
3549 4133 3692 4186 acci-

2114 4233 2201 4304 pis
2238 4232 2444 4288 dictum
2477 4249 2492 4285 :
2531 4230 2786 4284 Dominus
2811 4228 3043 4296 regnavit
3073 4225 3118 4256 °°
3139 4225 3160 4276 7
3182 4223 3295 4278 Rex
3322 4223 3472 4277 enim
3501 4232 3584 4276 est
3611 4223 3690 4275 in-

2117 4325 2380 4382 deﬁciens
2408 4340 2424 4378 :
2455 4337 2562 4377 non
2592 4336 2735 4376 nunc
2757 4315 2974 4391 quidem
3014 4333 3107 4372 rex
3132 4355 3150 4382 ,
3189 4314 3482 4384 aliquando
3510 4323 3683 4366 autem

431 4422 661 4478 salvavit
697 4442 710 4478 :
746 4439 850 4478 non
891 4424 1109 4494 reliquit
1141 4434 1414 4493 pastorem
1437 4465 1453 4493 ,
1502 4433 1557 4480 et
1586 4425 1794 4494 accepit
1832 4439 1999 4478 ovem.

2119 4431 2223 4471 non
2248 4455 2262 4481 ,
2297 4430 2396 4470 nec
2429 4420 2612 4483 postea
2655 4427 2782 4468 non.
2811 4407 3274 4474 Quemadmodum
3319 4420 3454 4470 ergo
3487 4406 3684 4458 dictum

429 4511 896 4583 Quemadmodum
928 4514 1071 4568 enim
1100 4514 1192 4584 qui
1223 4528 1329 4567 non
1363 4523 1544 4568 manet
1571 4514 1714 4583 quod
1748 4523 1890 4576 erat,
1924 4527 2012 4580 po-

431 4611 576 4659 terat
601 4606 846 4674 accipere
873 4607 1016 4675 quod
1048 4606 1288 4676 accepit?
1321 4604 1437 4661 Non
1468 4613 1586 4659 erat
1614 4605 1866 4674 possibile
1902 4605 2016 4658 sal-

401 4681 404 4686 ’
429 4710 561 4752 vare
586 4695 832 4752 homines
852 4698 1121 4766 homines,
1155 4699 1280 4768 quia
1313 4699 1558 4754 homines
1587 4698 1928 4765 subjacemus
1955 4705 2012 4750 et

429 4788 665 4857 prapriis
709 4789 946 4858 peccatis
992 4799 1048 4844 et
1096 4789 1248 4846 clade
1274 4791 1428 4862 (75):
1466 4790 1685 4845 tenebat
1720 4803 1852 4843 sane
1895 4801 2011 4841 ma-

430 4876 686 4934 ledictum
721 4893 868 4934 mors
899 4889 954 4933 et
975 4879 1304 4949 corruptela,
1341 4888 1396 4934 et
1424 4887 1482 4933 ut
1519 4887 1782 4949 tyrannus
1815 4890 2010 4945 regna-

429 4971 524 5025 hat
547 4971 794 5027 diabolus
825 4981 876 5026 et
903 4973 1311 5028 hacchabantur
1343 4974 1635 5028 daemones.
1664 4968 2011 5026 Consuetudo

431 5072 610 5120 autem
644 5066 814 5134 magis
846 5076 1031 5120 nostra
1071 5065 1283 5120 vincula
1318 5064 1744 5134 constringebat.
1773 5062 2014 5115 Baccha-

431 5157 594 5212 hatur
614 5158 756 5212 enim
785 5160 837 5212 in
867 5160 1023 5215 nobis
1045 5168 1100 5215 et
1119 5159 1286 5216 libido
1307 5171 1362 5216 et
1388 5160 1603 5215 tenebat
1626 5157 2020 5228 concupiscen—

540 5337 587 5371 ⁸⁷
612 5338 771 5395 Joan.
805 5356 846 5407 ι,
876 5341 930 5397 8.
1003 5340 1052 5374 ⁵⁸
1080 5340 1212 5397 ibid.
1289 5342 1335 5374 ³³
1374 5340 1552 5397 10³ηὲ
1585 5353 1732 5406 xvn,
1787 5340 1839 5393 1.

506 5491 621 5562 (75)
656 5493 836 5562 Clade.
862 5494 1024 5550 Forte
1057 5493 1216 5552 cladi.

513 5563 630 5630 (74)
654 5561 949 5617 Venientem
981 5567 1035 5618 in
1065 5567 1226 5621 hunc.
1258 5565 1585 5620 Vertendum
1617 5565 1711 5617 fuit
1747 5580 1810 5618 ex
1843 5562 2007 5616 Euse-

443 5632 518 5707 ltii
544 5636 760 5700 quidem
797 5647 978 5707 mente
1017 5636 1226 5707 veniens
1259 5652 1288 5707 A:
1337 5652 1460 5688 nam
1503 5637 1796 5707 ἐρχόμενον
1821 5635 2006 5689 retulit

449 5701 515 5755 ad
549 5717 734 5754 vorem
775 5702 909 5770 φῶς,
947 5721 1052 5759 non
1085 5706 1148 5756 ad
1183 5705 1468 5776 ἄνθρωπον
1502 5701 1704 5774 {quod
1744 5707 1876 5760 satis
1916 5721 2005 5758 os-

2115 4515 2200 4560 est
2222 4546 2238 4571 ,
2262 4505 2517 4558 Dominus
2541 4502 2808 4572 regnavit,
2841 4505 3001 4568 prout
3025 4495 3228 4550 diceret
3253 4533 3269 4558 ,
3309 4492 3572 4547 Homines
3600 4507 3682 4545 re-

2116 4596 2264 4668 gnati
2303 4603 2468 4659 sunt,
2508 4603 2600 4648 aut
2632 4596 3014 4661 regnaverunt.
3043 4586 3159 4641 Non
3185 4585 3327 4641 enim
3371 4584 3458 4638 ille
3481 4583 3684 4652 accepit

2113 4687 2254 4758 quod
2279 4703 2384 4742 non
2411 4685 2647 4740 habebat
2673 4700 2689 4738 :
2719 4682 2811 4738 sed
2842 4695 2943 4735 nos
2975 4679 3120 4749 digni
3146 4678 3340 4731 iterum
3373 4674 3680 4742 iudicamur

2113 4796 2178 4837 eo
2205 4796 2235 4835 a
2274 4795 2382 4850 quo
2408 4777 2732 4833 excidimus.
2773 4771 2883 4828 Nos
2907 4772 3088 4840 itaque
3132 4783 3461 4840 regnamur,
3493 4775 3549 4822 et
3585 4767 3681 4820 iste

2110 4883 2326 4941 regnat.
2382 4870 2499 4925 Non
2552 4883 2694 4922 nunc
2746 4879 3031 4920 assumens
3088 4861 3422 4930 imperium:
3455 4859 3547 4913 sed
3586 4871 3680 4911 nos

2113 4965 2410 5020 liberamur
2440 4977 2470 5016 a
2507 4959 2810 5032 tyrannide.
2846 4955 2913 5009 In
2939 4956 3134 5009 mundo
3156 4995 3170 5021 ,
3207 4954 3423 5022 inquit,
3465 4962 3597 5007 erat.
3622 4949 3676 5005 Si

2115 5057 2170 5112 in
2207 5055 2407 5110 mundo
2426 5063 2542 5108 erat
2565 5093 2580 5117 ,
2611 5049 2890 5121 quomodo
2929 5047 3075 5100 venit
3100 5045 3150 5099 in
3178 5044 3418 5098 mundo?
3447 5044 3676 5112 Apparet

2119 5151 2173 5206 in
2205 5151 2426 5205 mundo.
2459 5146 2600 5214 Quid
2649 5158 2778 5214 ergo
2821 5157 2931 5197 non
2978 5139 3130 5194 vadit
3173 5153 3238 5195 ex
3281 5136 3674 5192 muttdoinicit

1916 5337 1958 5368 ⁶⁰
1994 5334 2140 5392 Psal.
2189 5347 2334 5398 xcu,
2393 5343 2552 5398 xcvr,
2601 5341 2788 5382 xcvnt.

2115 5489 2288 5543 tendit
2316 5496 2424 5541 tum
2457 5482 2733 5540 enarratio
2755 5495 2873 5548 qua:
2891 5478 3154 5547 sequitur,
3185 5485 3293 5531 tum
3325 5475 3464 5530 alios
3498 5484 3658 5548 postea

2113 5560 2266 5613 locus
2303 5560 2439 5610 inl'ra
2470 5557 2558 5608 tthi
2593 5547 2787 5622 legitur
2814 5550 2940 5604 Erat
2970 5552 3142 5603 lumen
3173 5563 3349 5602 verum
3395 5547 3590 5600 ueniens
3615 5547 3657 5593 in

2113 5631 2251 5682 hunc
2279 5629 2551 5686 mundum,
2581 5635 2686 5677 etc,

2191 5701 2300 5770 (75)
2336 5698 2556 5750 Ίίιιιυιις.
2603 5690 3079 5764 ’Λσᾳαλιζὸμενος,
3104 5691 3450 5759 propulsans,
3473 5697 3656 5739 arcens.
