3810 6218
79 290 239 349 {053

952 291 1038 350 DE
1076 294 1234 352 FIDE
1272 296 1647 355 ADVERSUS
1684 297 2096 356 SABELLIUM.
2122 285 2208 348 vi;
2243 297 2372 356 LIB.
2413 297 2464 358 l.

3213 303 3352 364 1054

75 415 243 468 enim‘
271 433 285 469 :
319 413 507 468 Adhuc
529 415 733 469 modice
760 414 936 471 lumen
961 419 1224 473 vobiscum
1254 429 1352 475 est.
1405 420 1552 476 Vado
1590 422 1659 476 ad
1687 418 1737 485 λ
1766 424 1839 477 ris
1877 421 2138 493 Spiritum
2161 423 2451 478 venientem
2478 462 2494 488 ,
2520 421 2604 476 hic
2625 431 2701 477 est
2734 423 2818 478 '7?
2840 422 2898 478 Si
2935 422 3099 496 igitur
3119 439 3354 496 evange-

75 523 204 560 eum
231 506 321 578 qui
352 522 432 559 me
459 507 598 560 misit
621 524 639 562 :
668 510 916 578 quaeretis
949 527 1050 573 me,
1078 523 1125 564 et
1166 529 1269 565 non
1297 515 1565 568 invenietis
1591 513 1659 567 θ’,

75 598 243 654 Nunc
265 599 454 663 vadit,
485 611 542 654 et
569 600 827 670 relinquit
865 602 1146 657 mundum.
1177 603 1284 658 Sed
1324 605 1518 658 iterum
1549 605 1664 674 ipse

77 691 223 746 dicit
253 709 267 746 :
305 688 442 747 Ecce
465 707 558 762 ego
597 693 862 747 vobiscum
895 710 1012 747 sum
1045 711 1208 764 usque
1233 696 1301 747 ad
1328 712 1663 749 consumma-

76 787 280 838 tionem
303 784 488 837 διεθηιὶ
520 785 585 837 ⁶¹.
607 785 815 840 Aderat
841 801 972 856 ergo
995 829 1011 855 ,
1039 797 1095 843 et
1118 795 1406 860 antequam
1443 787 1666 842 adveni-

77 888 212 946 ret,
245 881 397 935 adest
424 881 586 934 etiam
629 890 917 951 postquam
965 885 1230 952 perrexit.
1276 885 1492 938 Intuere
1533 899 1665 953 ergo

80 973 547 1039 quemadmodum
590 973 641 1026 in
670 977 874 1029 mundo
897 987 1015 1029 erat
1041 975 1407 1031 invisibiliter.
1447 977 1578 1030 Nam
1612 979 1662 1030 id

80 1062 402 1117 videntibus
440 1063 728 1131 apostolis,
755 1073 808 1119 et
830 1066 1108 1120 nobiscum
1139 1079 1222 1120 est
1250 1082 1418 1136 usque
1447 1069 1514 1121 ad
1536 1084 1665 1121 eon-

79 1156 507 1209 summationem
536 1157 720 1212 saeculi
754 1174 768 1212 :
795 1158 1157 1226 incorporalis
1178 1159 1321 1212 enim
1356 1170 1549 1213 natura
1581 1159 1666 1213 lo-

82 1249 166 1304 cis
197 1264 303 1303 non
330 1249 823 1305 circumscribitur.
854 1251 959 1305 Sed
986 1259 1338 1320 posteaquam
1370 1252 1664 1322 assumpsit

82 1356 317 1409 corpus,
370 1358 476 1396 non
527 1350 587 1396 ut
630 1342 1006 1397 recluderetnr
1059 1344 1353 1412 assumpsit
1398 1363 1415 1400 :
1453 1344 1664 1398 salvare

80 1433 232 1486 enim
266 1434 448 1496 venit,
476 1441 664 1486 etnon
697 1433 875 1486 minus
918 1433 1161 1487 exaltare
1184 1472 1200 1496 ,
1239 1443 1294 1486 et
1345 1447 1450 1486 non
1484 1433 1666 1487 itumi-

80 1521 224 1577 iiare
252 1523 380 1590 (non
409 1522 536 1592 quia
568 1537 673 1576 non
705 1536 764 1575 se
820 1522 1126 1576 humiliavit
1159 1541 1172 1578 :
1209 1521 1486 1576 humiliari
1520 1522 1665 1576 enim

80 1613 231 1678 dico,
261 1611 510 1666 decidere
545 1627 666 1666 eum
701 1628 729 1665 a
757 1627 850 1666 sua
880 1612 1189 1680 dignitate),
1219 1613 1311 1665 sed
1336 1611 1514 1677 potius
1543 1611 1664 1666 abs-

84 1704 326 1758 condere
378 1717 534 1756 suam
570 1703 910 1773 dignitatem.
951 1701 1004 1754 Si
1033 1703 1177 1756 enim
1217 1703 1333 1771 ipse
1372 1700 1572 1756 decidit
1599 1703 1666 1756 ab

1769 519 1891 573 lista
1917 518 2078 585 dicit,
2113 513 2286 582 Erat;
2312 516 2554 586 Baptista
2595 524 2776 571 autem
2799 517 2932 571 dicit
2958 557 2973 582 ,
3001 517 3108 571 Hic
3142 530 3216 574 est
3247 535 3266 572 :
3297 530 3358 577 et

1772 611 2006 681 Spiritus
2057 619 2290 665 testatur
2322 610 2449 680 quia
2488 609 2604 678 ipse
2657 617 2780 676 est;
2811 618 2867 664 et
2917 610 3080 666 Pater
3126 613 3356 667 demon-

1771 716 1958 758 strans
1989 703 2148 766 dicit,
2188 701 2293 756 Hic
2322 713 2397 756 est
2420 719 2440 768 ;
2462 712 2517 756 et
2546 701 2718 757 Filius
2757 701 2918 768 dicit,
2961 703 3073 772 Ego
3108 722 3263 771 sum;
3291 716 3346 762 et

1770 794 2046 849 dazmones
2073 794 2264 848 dicunt
2289 833 2308 860 ,
2335 793 2412 846 Tu
2439 811 2492 848 es
2523 807 2542 846 :
2575 810 2695 864 quae
2728 797 3038 863 procacitas
3068 797 3166 851 ista
3191 808 3274 852 est
3299 807 3358 855 ut

1772 901 1877 940 non
1913 887 2141 941 credat?
2163 888 2272 943 Aut
2301 887 2446 940 enim
2473 887 2616 940 Patri
2651 889 2844 953 crede,
2881 897 2973 941 aut
2998 888 3134 943 Filio
3159 892 3316 946 obedi
3338 933 3356 958 ,

1773 988 1865 1030 aut
1891 977 2154 1045 Spiritum
2183 979 2428 1033 eonsenti
2446 1020 2462 1044 ,
2490 988 2584 1033 aut
2616 995 2738 1034 eum
2765 981 3042 1050 pr0phetis
3059 969 3357 1052 eoneorda,

1772 1077 1866 1124 aut
1895 1085 2017 1124 eum
2039 1070 2344 1140 legislatore
2371 1071 2665 1139 conﬁtere,
2698 1082 2791 1126 aut
2819 1081 2966 1128 certe
3000 1090 3122 1128 cum
3155 1077 3359 1132 daemo-

1777 1163 1937 1216 nibus
1962 1163 2069 1216 noli
2106 1177 2326 1232 negare.
2359 1162 2441 1217 Illi
2484 1163 2630 1217 enim
2656 1163 2842 1218 dicunt
2875 1183 2888 1217 :
2920 1163 3130 1218 Scimus
3172 1175 3220 1220 te
3269 1167 3360 1237 qui

1771 1255 1845 1309 sis
1879 1255 1951 1320 ⁸⁸,
1987 1263 2044 1310 et
2089 1269 2194 1309 non
2249 1263 2464 1309 cessant
2519 1255 2865 1310 conﬁtentes.
2907 1255 3356 1328 Quotiescunque

1774 1346 1917 1401 enim
1949 1346 2319 1401 nominaveris
2350 1347 2689 1403 daemonibus
2742 1348 2936 1403 Filium
2988 1350 3082 1406 Dei
3139 1350 3354 1408 allixum

1772 1438 1967 1504 cruci,
2029 1446 2326 1494 trementes
2381 1440 2564 1492 statim
2610 1454 2744 1494 voce
2779 1441 2953 1508 prima
3002 1442 3356 1498 conﬁtentur.

1772 1529 1870 1583 Est
1898 1529 2042 1583 enim
2074 1529 2242 1585 Filius
2270 1571 2284 1595 ,
2313 1540 2367 1584 et
2399 1539 2620 1598 manet,
2647 1538 2702 1584 et
2726 1547 2951 1600 regnum
2978 1533 3093 1600 ejus
3127 1549 3233 1588 non
3258 1535 3359 1588 ha-

1772 1621 1864 1675 bet
1890 1620 2074 1675 ﬁnem.
2105 1619 2212 1676 Sed
2249 1622 2412 1675 ﬁnem
2439 1621 2637 1675 habeat
2658 1636 2720 1676 os
2749 1621 2893 1676 illius
2919 1623 3009 1691 qui
3037 1624 3205 1691 dixit,
3230 1624 3358 1693 quia

1774 1715 1926 1784 regni
1953 1713 2072 1784 ejus
2101 1723 2185 1769 est
2221 1714 2362 1768 ﬁnis.
2390 1712 2552 1769 Pater
2573 1713 2717 1768 enim
2757 1714 2848 1783 qui
2880 1716 3064 1784 genuit
3099 1731 3205 1770 non
3235 1729 3357 1785 pm-

80 1808 151 1848 eo
190 1794 332 1863 quod
364 1802 483 1847 erat
521 1793 660 1847 Deus
685 1834 700 1858 ,
760 1809 859 1847 nos
901 1809 1007 1847 non
1055 1793 1242 1862 utique
1280 1795 1556 1847 revocavit
1595 1794 1658 1847 ad
1693 1786 1736 1840 Β
1766 1808 1971 1860 nitetur
1996 1807 2062 1861 de
2092 1806 2228 1861 bona
2261 1821 2461 1876 progen

1770 1808 1971 1860 nitetur
1996 1807 2062 1861 de
2092 1806 2228 1861 bona
2261 1805 2539 1876 progenie,
2568 1820 2672 1858 non
2709 1805 2929 1860 devorat
2955 1822 3109 1860 suum
3137 1805 3358 1862 Filium.

79 1899 206 1939 eam
234 1900 299 1938 ex
329 1900 432 1954 qua
457 1886 775 1940 cecidimus.
803 1884 1030 1940 Salvare
1074 1885 1240 1953 igitur
1288 1885 1450 1950 venit,
1484 1883 1664 1939 Domi-
1761 1898 2072 1954 lnvidemus
2098 1897 2312 1952 fabulas
2332 1902 2464 1967 gem

1770 1898 2072 1954 lnvidemus
2098 1897 2312 1952 fabulas
2332 1898 2594 1967 gentium,
2614 1904 2668 1951 et
2683 1897 2879 1950 iterum
2898 1899 3115 1952 easdem
3141 1899 3360 1954 induci-

80 1990 194 2030 nus
217 2015 234 2040 ,
265 1991 372 2030 non
404 1986 584 2030 tamen
621 1977 870 2030 amittere
902 1977 1044 2043 quod
1066 1974 1322 2029 habebat.
1351 1974 1503 2029 Fecit
1529 1975 1664 2030 bene

80 2069 205 2138 ipse
242 2083 469 2123 manens
513 2068 567 2122 in
599 2083 706 2137 quo
727 2077 839 2121 erat
881 2066 1020 2137 (76),
1055 2081 1162 2120 non
1194 2077 1384 2120 natura
1410 2068 1665 2122 excideris

79 2175 185 2214 sua
204 2200 220 2226 ,
247 2159 343 2215 sed
368 2159 747 2214 misericordia
777 2159 948 2212 utitur
981 2157 1180 2212 Patris.
1219 2157 1360 2223 Quid
1389 2172 1515 2226 ergo
1539 2172 1667 2226 pro-

80 2252 323 2324 positum
361 2260 484 2306 erat
504 2252 663 2307 nobis
695 2252 879 2306 dicere
901 2291 917 2315 ,
943 2252 1084 2320 quod
1115 2251 1286 2306 solum
1325 2254 1373 2304 ei
1399 2251 1668 2304 ‘eonvenit

79 2343 238 2397 dici?
265 2342 441 2398 solum
480 2355 660 2397 autem
712 2342 970 2397 convenit
1016 2343 1122 2397 dici
1151 2383 1166 2409 ,
1200 2341 1326 2410 quia
1375 2349 1459 2395 est
1508 2341 1670 2396 Pater

76 2452 246 2501 vere,
272 2447 357 2492 est
403 2445 459 2491 et
513 2437 683 2492 Filius
710 2452 872 2500 vere,
905 2445 988 2489 est
1024 2447 1079 2491 et
1126 2434 1365 2505 Spiritus
1424 2444 1665 2488 sanctus.

77 2527 204 2583 Non
230 2528 388 2583 Otiosi
420 2543 702 2583 sermones
725 2569 740 2592 ,
771 2544 878 2582 non
902 2543 1074 2582 vacua
1098 2527 1268 2582 verba
1294 2567 1310 2592 ,
1337 2527 1431 2581 sed
1479 2537 1668 2580 natura

78 2637 236 2676 vera.
263 2620 424 2675 Pater
447 2637 553 2676 non
586 2630 750 2676 natus
775 2661 790 2685 ,
818 2630 874 2675 et
899 2621 1048 2676 solus
1081 2635 1185 2674 non
1241 2630 1399 2674 natus
1434 2637 1446 2671 :
1477 2628 1531 2672 et
1580 2618 1671 2672 Fi-

82 2711 202 2765 lius
234 2711 548 2780 unigenitus
570 2751 586 2774 ,
642 2719 699 2764 et
746 2710 891 2764 solus
921 2710 1233 2780 unigenitus
1272 2719 1356 2764 est
1391 2727 1404 2762 :
1436 2709 1671 2778 Spiritus

79 2812 310 2859 sanctus
353 2804 442 2873 qui
491 2819 520 2856 a
572 2803 712 2858 Filio
769 2803 1066 2858 secundum
1113 2801 1293 2858 Patris
1336 2802 1671 2856 voluntatem

78 2898 344 2957 mittitur.
370 2897 465 2950 Vis
509 2905 690 2952 autem
741 2897 957 2950 edoceri
987 2896 1111 2964 quia
1157 2896 1274 2949 haec
1305 2909 1435 2948 vere
1483 2895 1672 2948 dicun-

87 3003 183 3046 tur
204 2991 321 3061 (77)
347 2991 370 3043 ?
408 2989 570 3044 Venit
597 2990 854 3044 Dominus
893 2990 959 3043 ad
978 2989 1301 3058 baptismum
1329 2988 1551 3043 Joannis
1572 3029 1588 3053 ,
1618 2994 1674 3041 et

78 3083 295 3137 videbis
321 3082 410 3151 qui
443 3092 526 3136 est
547 3082 637 3151 qui
669 3081 834 3145 dicit,
880 3081 983 3134 Hic
1016 3089 1093 3134 est
1128 3079 1305 3134 Filius
1356 3097 1506 3134 meus
1532 3079 1672 3132 dile-

77 3176 349 3229 ctissimus
369 3215 384 3240 ,
409 3176 462 3227 in
490 3189 592 3241 quo
629 3173 760 3226 mihi
797 3172 920 3226 bene
946 3171 1239 3241 complacui
1273 3172 1340 3225 ⁸³.
1375 3171 1511 3238 Quis
1534 3171 1672 3226 dicit

78 3266 243 3321 haec?
274 3266 461 3334 utique
489 3263 652 3318 Pater
672 3264 737 3318 de
765 3264 876 3318 Deo
897 3303 911 3328 ,
946 3263 1037 3332 qui
1066 3261 1350 3316 videbatur
1394 3269 1451 3314 ut
1481 3261 1667 3315 homo.

81 3359 195 3428 Qui
223 3357 358 3412 dicit
413 3371 583 3427 ergo,
646 3355 811 3410 Pater
859 3365 942 3409 est
981 3373 994 3408 :
1028 3356 1092 3408 de
1138 3368 1246 3421 quo
1295 3353 1667 3405 testimonium

78 3461 236 3516 erat,
266 3449 436 3505 Filius
490 3459 574 3504 est
605 3467 620 3509 ε
648 3447 888 3518 Spiritus
945 3448 999 3500 in
1048 3447 1228 3515 specie
1276 3445 1559 3499 columbae.
1604 3446 1671 3501 Et

78 3546 180 3616 qui
214 3554 274 3599 ut
301 3544 460 3598 homo
496 3546 820 3611 apparebat,
850 3549 903 3595 et
925 3539 1014 3608 qui
1067 3540 1117 3592 in
1175 3538 1395 3592 homine
1438 3538 1660 3592 habita-

77 3640 181 3693 bat
203 3679 220 3701 ,
249 3645 304 3690 et
329 3637 421 3705 qui
445 3637 496 3688 in
529 3648 761 3703 corpore
788 3641 940 3697 erat,
969 3631 1275 3687 testabatur
1305 3641 1360 3686 et
1401 3633 1618 3687 dicebat
1646 3651 1662 3686 :

81 3729 313 3800 Expedit
346 3729 482 3782 vobis
513 3736 568 3780 ut
600 3743 693 3796 ego
733 3727 946 3780 vadem.
1006 3724 1070 3779 Si
1102 3725 1274 3787 enim,
1324 3723 1540 3791 inquit,
1574 3739 1666 3791 ego

82 3842 193 3879 non
219 3823 330 3876 iero
355 3862 370 3886 ,
399 3821 626 3891 Spiritus
646 3835 748 3872 non
778 3821 942 3872 veniet
973 3833 991 3871 :
1015 3833 1133 3870 cum
1173 3832 1266 3886 ego
1295 3817 1438 3880 iero,
1471 3817 1664 3884 rogabo

82 3915 304 3970 Patrem
330 3930 502 3968 meum
532 3913 596 3966 οδ.
632 3911 750 3966 Non
803 3920 984 3964 tamen
1018 3925 1106 3965 me
1141 3919 1196 3964 et
1239 3908 1406 3963 alium
1438 3912 1669 3962 advoca-

79 4018 202 4062 tum
239 4007 414 4061 mittet
432 4007 593 4060 Pater
622 4005 688 4058 ad
723 4019 844 4060 vos.
880 4003 983 4070 Qui
1009 4003 1188 4069 vadit,
1213 4011 1268 4057 et
1297 4002 1391 4071 qui
1418 4012 1662 4071 rogatur,

74 4110 138 4155 et
171 4101 264 4170 qui
300 4099 568 4162 mittitur,
625 4113 730 4151 non
787 4097 859 4152 dii
895 4097 1169 4151 dicuntur.
1203 4096 1356 4150 Unus
1397 4095 1549 4149 enim.
1583 4102 1668 4148 est

76 4191 230 4245 Deus
264 4205 294 4244 a
322 4205 429 4259 quo
459 4199 586 4244 sunt
637 4190 816 4242 omnia
842 4227 857 4253 ,
907 4198 963 4242 et
1017 4202 1158 4241 unus
1209 4187 1469 4241 Dominus
1507 4185 1666 4241 Jesus

75 4299 183 4354 per
212 4277 371 4352 quem
405 4290 534 4336 sunt
561 4279 766 4336 omnia.
798 4279 905 4335 Sed
937 4295 1074 4333 unus
1099 4279 1239 4333 Dens
1257 4295 1362 4334 non
1401 4289 1582 4345 natus,
1613 4288 1667 4336 et

75 4391 228 4431 unus
259 4375 575 4444 unigenitus
603 4374 862 4428 Dominus
886 4382 1047 4427 natus
1076 4387 1106 4425 a
1136 4371 1243 4429 Deo
1278 4380 1382 4426 est.
1413 4370 1469 4425 Si
1518 4373 1664 4426 enim

76 4487 193 4529 non
231 4478 417 4524 natum
453 4478 508 4521 et
538 4483 641 4521 non
667 4477 853 4522 natum
887 4468 1123 4520 dicerem
1147 4505 1159 4526 ,
1198 4473 1291 4518 aut
1321 4464 1660 4532 unigenitum
1697 4497 1742 4552 Β

76 4574 138 4619 et
165 4561 543 4633 unigenitum;
572 4570 701 4614 tunc
732 4574 1104 4615 asseverarem
1133 4558 1182 4610 id
1225 4557 1368 4625 quod
1402 4571 1506 4610 non
1532 4556 1666 4610 dicit

76 4655 354 4716 Ecclesia.
390 4654 530 4721 Quid
567 4667 696 4723 ergo
723 4653 853 4707 dicit
887 4652 1050 4706 Pater
1107 4651 1159 4704 in
1215 4649 1441 4704 Joannis
1481 4650 1663 4718 bapti-

77 4748 300 4806 smum?
332 4746 433 4800 Hic
464 4755 536 4799 est
574 4744 746 4799 Filius
769 4761 913 4798 meus
977 4743 1238 4806 dilectus,
1286 4743 1340 4793 in
1384 4757 1484 4816 quo
1542 4741 1666 4796 bene

75 4841 383 4912 complacui
412 4840 498 4893 “‘1
526 4838 738 4892 Sufﬁcit
763 4853 792 4891 a
827 4837 938 4892 Deo
990 4844 1046 4892 et
1101 4833 1266 4889 semel
1311 4834 1532 4898 audire,
1573 4832 1664 4886 sed

76 4952 192 4994 non
231 4934 365 4988 dicit
400 4932 590 4987 semel.
623 4930 901 5000 Siquidem
929 4938 984 4982 et
1023 4929 1077 4981 in
1111 4934 1295 4981 monte
1317 4941 1438 4979 cum
1469 4923 1663 4978 fuisset

75 5026 346 5084 Dominus
373 5024 796 5094 transﬁguratus
849 5030 1114 5091 przesente
1169 5019 1352 5090 Moyse
1403 5026 1458 5071 et
1510 5017 1668 5082 Elia,

72 5123 275 5178 eadem
310 5118 508 5188 repetit
535 5127 591 5172 et
630 5116 760 5171 dicit
788 5133 800 5169 :
827 5117 930 5168 Hic
970 5125 1044 5167 est
1109 5111 1284 5164 Filius
1335 5127 1481 5163 meus
1530 5109 1666 5161 dile-

76 5215 352 5268 ctissimus
380 5213 434 5264 in
461 5226 564 5279 quo
609 5210 736 5262 bene
781 5206 1106 5274 compiacui;
1149 5205 1322 5271 ipsum
1368 5201 1549 5254 audite
1594 5199 1662 5254 ⁸⁸.

74 5309 219 5363 Nam
252 5318 308 5361 et
337 5304 572 5358 Joannes
604 5303 799 5357 similia
848 5301 1047 5354 fatetur
1073 5307 1124 5352 et
1153 5297 1286 5351 dicit
1321 5313 1332 5348 :
1362 5294 1465 5360 Qui
1517 5293 1665 5346 misit

75 5417 162 5457 me
191 5400 460 5466 baptizare
486 5398 538 5450 in
573 5413 710 5466 aqua
732 5434 746 5460 ,
771 5396 879 5463 ipse
910 5392 1035 5446 mihi
1061 5391 1220 5456 dixit,
1252 5387 1318 5441 In
1342 5403 1492 5456 quem
1522 5386 1664 5438 vide-

187 5511 232 5541 ⁶¹
270 5509 426 5563 .loan.
459 5525 561 5572 xu,
585 5508 674 5562 ⁸55.

750 5507 793 5537 ⁶²
824 5506 1014 5559 Matth.
1061 5519 1226 5558 xxvm
1254 5545 1267 5564 ,
1304 5501 1392 5554 20.
1471 5500 1516 5532 ⁸³
1567 5497 1754 5554 Matth.
1789 5515 1885 5564 Ill,
1947 5501 2034 5556 17.

1764 2004 1887 2044 mus
1921 2005 1936 2042 :
1974 2003 2080 2042 non
2112 2003 2234 2054 nos,
2253 1991 2346 2042 sed
2371 1987 2462 2057 qui
2493 2001 2658 2042 ausus
2680 1996 2763 2041 est
2791 1986 3008 2041 Galala.
3046 1988 3186 2042 Deus
3213 1989 3358 2043 enim

1765 2093 1873 2132 non
1895 2093 2080 2133 vocem
2108 2078 2294 2148 genuit
2322 2078 2414 2132 sed
2436 2076 2654 2140 Filium,
2681 2092 2784 2130 non
2810 2092 3114 2133 sermonem
3151 2078 3244 2132 sed
3279 2078 3362 2132 vi-

1767 2178 2024 2234 tam,non
2042 2169 2243 2223 dictum
2259 2169 2354 2223 sed
2387 2168 2576 2222 Deum.
2604 2169 2758 2236 Apud
2792 2168 2959 2223 Deum
2987 2170 3156 2230 enim,
3176 2184 3280 2224 non
3303 2168 3359 2223 in

1767 2275 1864 2315 ore
1922 2260 2015 2314 Dei
2045 2279 2059 2314 :
2121 2261 2186 2314 ad
2215 2259 2491 2314 dexteram
2523 2259 2652 2328 Dei,
2678 2277 2783 2316 non
2815 2270 2990 2316 tamen
3023 2264 3112 2332 qui
3143 2264 3196 2317 in
3226 2277 3360 2319 voce

1769 2363 1874 2406 est.
1911 2349 2157 2405 Judicem
2194 2367 2316 2406 eum
2341 2351 2433 2420 qui
2457 2351 2728 2415 viviﬁcat,
2768 2367 2957 2407 verum
3011 2354 3230 2420 lumen,
3261 2355 3360 2424 ju-

1769 2445 1930 2499 stilite
1959 2443 2159 2499 solem.
2190 2443 2397 2496 Lumen
2432 2452 2613 2496 autem
2645 2459 2752 2497 non
2789 2444 2914 2510 tale,
2946 2446 3105 2514 quale
3134 2456 3189 2501 et
3217 2447 3358 2517 apud

1769 2550 1913 2590 nos:
1950 2535 2084 2588 nihil
2119 2533 2455 2601 accipiamus
2483 2533 2699 2588 visibile
2731 2535 2797 2587 ad
2843 2537 3234 2591 exhibitionem
3267 2539 3356 2592 in-

1770 2625 2026 2681 visibilis.
2053 2625 2169 2680 Nou
2200 2627 2332 2680 mihi
2360 2627 2520 2682 isthic
2554 2626 2727 2680 fontes
2745 2627 2983 2682 adducas
3009 2629 3313 2685 inmedium
3339 2650 3357 2688 :

1773 2735 1878 2773 non
1905 2718 2072 2773 solem
2108 2728 2164 2774 et
2185 2717 2302 2786 ejus
2331 2720 2533 2774 lumen.
2572 2719 2703 2785 Quae
2734 2720 2877 2773 enim
2913 2735 3010 2788 per
3059 2722 3252 2778 Filium
3279 2725 3360 2777 fa-

1772 2821 1856 2866 cta
1893 2822 2049 2878 sunt,
2085 2828 2189 2867 non
2219 2825 2609 2880 comparantur
2633 2815 2791 2870 Filio.
2824 2814 2936 2870 lloc
2965 2816 3110 2870 enim
3163 2818 3351 2873 lumen

1773 2918 1879 2956 non
1902 2912 1986 2957 est
2005 2903 2166 2969 solis,
2192 2906 2287 2960 sed
2323 2903 2611 2959 eﬁicientia
2664 2905 2796 2959 solis
2828 2923 2840 2959 :
2874 2905 2976 2960 hoc
3032 2906 3216 2962 lumen
3248 2922 3357 2962 non

1773 2993 1943 3049 habet
1965 2996 2129 3048 vitam
2160 3038 2174 3062 ,
2200 2994 2372 3049 Filius
2403 3006 2582 3050 autem
2611 2997 2720 3050 vita
2747 3005 2833 3051 est
2864 3013 2879 3052 :
2905 2997 3007 3052 hoc
3031 2997 3212 3054 lumen
3248 3012 3357 3052 non

1777 3087 1952 3155 aperit
2011 3086 2197 3142 oculos
2231 3103 2539 3152 czecorum,
2595 3089 2688 3142 sed
2728 3089 2812 3145 his
2860 3091 2951 3157 qui
3009 3090 3185 3145 creati
3232 3099 3359 3145 sunt

1779 3178 1985 3247 praebet
2020 3179 2226 3234 videre.
2259 3178 2363 3234 Sed
2401 3194 2468 3234 ne
2496 3181 2713 3250 quidem
2742 3182 2849 3238 hoc
2879 3198 2906 3235 a
2931 3196 2990 3237 se
3014 3223 3030 3249 ,
3061 3184 3154 3238 sed
3195 3185 3264 3239 ab
3292 3199 3360 3240 eo

1777 3273 1866 3341 qui
1899 3271 2141 3326 indulsit.
2181 3271 2295 3328 Hoc
2328 3273 2506 3328 lumen
2536 3274 2590 3328 in
2627 3259 2862 3336 tenebris
2916 3291 3023 3331 non
3060 3275 3202 3331 lucet
3236 3290 3251 3329 :
3280 3285 3366 3332 te-

1779 3363 1960 3417 nebrae
1986 3363 2130 3416 enim
2179 3378 2302 3417 eum
2358 3379 2461 3417 non
2493 3365 2983 3432 comprehendunt.
3023 3365 3102 3422 De
3136 3367 3228 3421 illo
3256 3381 3361 3422 au-

1779 3464 1886 3508 tem
1916 3454 2118 3509 lumine
2145 3455 2344 3510 dictum
2378 3464 2462 3509 est
2490 3475 2503 3509 :
2538 3454 2737 3510 Lumen
2761 3457 2814 3509 in
2841 3457 3063 3510 tenebris
3086 3457 3252 3526 lucet,
3283 3466 3361 3512 te-

1775 3543 1948 3596 nebrae
1975 3557 2092 3595 eum
2123 3557 2228 3594 non
2255 3541 2755 3610 comprehenderunt
2780 3540 2847 3594 δ’.
2880 3540 2998 3596 Hoc
3039 3541 3218 3596 lumen
3250 3557 3358 3598 non

1774 3635 1982 3704 pascit,
2011 3647 2117 3688 non
2151 3634 2413 3688 transfert
2439 3649 2633 3704 aquam
2663 3633 2730 3687 ad
2764 3633 2950 3687 vinum
2986 3652 2998 3688 :
3026 3633 3128 3688 hoc
3175 3633 3358 3688 ltunen

1774 3743 1881 3781 non
1911 3726 2140 3781 suscitat
2164 3736 2438 3791 mortuos,
2473 3727 2566 3781 sed
2596 3726 2834 3780 otiosum
2883 3734 2968 3780 est
2997 3725 3224 3781 mortuis
3261 3743 3274 3780 :
3305 3735 3362 3784 et

1774 3836 1880 3875 non
1909 3819 2036 3889 quia
2063 3835 2353 3874 commune
2384 3829 2468 3873 est
2501 3834 2696 3873 nomen
2725 3859 2740 3884 ,
2768 3826 2929 3888 putas
2968 3815 3092 3886 quia
3117 3826 3170 3870 et
3209 3832 3360 3872 com-

1774 3913 1954 3967 munis
1996 3921 2188 3966 natura
2215 3922 2320 3966 est.
2357 3911 2469 3966 Hoc
2498 3912 2678 3966 lumen
2711 3919 2804 3965 aut
2832 3911 2883 3965 in
2913 3911 3088 3982 primo
3113 3910 3201 3964 die
3225 3947 3241 3976 ,
3265 3917 3360 3963 aut

1774 4019 1894 4059 cum
1921 4003 2035 4058 sole
2065 4005 2120 4058 in
2147 4014 2340 4074 quarto
2365 4044 2380 4068 ,
2403 4003 2858 4073 quemadmodum
2889 4003 3012 4072 quis
3039 4002 3312 4073 putaverit
3339 4041 3356 4066 ,

1773 4097 1861 4151 die
1891 4105 2087 4166 quarto
2117 4105 2199 4151 est
2227 4096 2452 4150 factum.
2490 4095 2661 4152 Filius
2694 4103 2875 4149 autem
2928 4109 3034 4150 non
3072 4094 3125 4148 in
3179 4095 3359 4165 primo

1774 4189 1860 4243 die
1881 4228 1896 4254 ,
1926 4203 2100 4258 neque
2130 4189 2182 4243 in
2213 4199 2406 4258 quarto
2427 4228 2442 4253 ,
2468 4203 2643 4258 neque
2679 4188 2732 4241 in
2761 4196 2932 4242 totum
2957 4187 3012 4242 in
3043 4187 3152 4254 die,
3183 4201 3359 4256 neque

1772 4283 1826 4337 in
1863 4283 1995 4336 hera
2025 4323 2041 4346 ,
2068 4298 2243 4351 neque
2290 4281 2342 4336 in
2399 4278 2771 4352 temporibus,
2804 4295 2981 4350 neque
3036 4281 3090 4335 in
3119 4279 3354 4340 saeculis.

1773 4371 1900 4427 Haec
1928 4374 2071 4428 enim
2101 4360 2196 4441 per
2219 4371 2418 4428 Filium
2439 4415 2454 4440 ,
2486 4355 2596 4427 non
2621 4384 2799 4428 tamen
2827 4371 2996 4431 Filius
3023 4371 3076 4424 in
3105 4370 3212 4424 his.
3238 4367 3355 4426 Non

1771 4467 1915 4518 enim
1949 4481 1978 4517 a
2006 4464 2389 4518 communione
2421 4464 2700 4518 hominum
2735 4461 3070 4517 confundere
3096 4460 3358 4515 debemus

1771 4556 2128 4610 differentiam
2167 4564 2401 4610 naturai.
2455 4553 2571 4612 Hoc
2622 4554 2805 4609 lumen
2852 4569 2949 4622 per
2972 4553 3119 4606 illum
3171 4551 3354 4606 lumen

1768 4657 1872 4701 est.
1892 4646 2005 4700 Non
2026 4661 2154 4717 ergo
2185 4661 2564 4715 comparemus
2595 4644 2850 4700 insimilia
2877 4652 2967 4698 aut
2993 4643 3188 4698 similia
3214 4642 3353 4712 (78),

1770 4737 1955 4808 Neque
1980 4737 2158 4792 fontes
2182 4746 2236 4791 et
2267 4746 2476 4792 meatus
2503 4735 2731 4792 fontium
2754 4777 2769 4802 ,
2800 4744 2855 4790 et
2894 4736 3040 4791 rivos
3056 4744 3112 4790 et
3138 4733 3353 4801 ﬂuvios,

1769 4830 1894 4902 quia
1926 4839 2029 4886 non
2055 4829 2240 4884 deﬂuit
2261 4829 2454 4894 Pater,
2485 4832 2580 4884 sed
2613 4839 2796 4884 manet
2834 4838 2894 4882 ut
2923 4836 3065 4884 erat.
3099 4825 3218 4898 lpse
3266 4835 3356 4881 est

1772 4924 1916 4979 enim
1951 4925 2041 4994 qui
2072 4933 2174 4979 est.
2202 4922 2386 4995 Neque
2413 4922 2691 4992 passiones
2726 4932 2938 4993 oportet
2987 4920 3206 4990 atljungi
3248 4919 3354 4975 im—

1771 5013 2010 5084 passibilt
2039 5013 2187 5068 Patri
2216 5033 2229 5068 :
2260 5014 2385 5082 quia
2409 5028 2517 5067 non
2545 5011 2838 5077 dividitur,
2873 5025 2979 5064 non
3034 5007 3303 5064 scinditur
3333 5044 3351 5072 ,

1771 5121 1877 5161 non
1914 5116 2233 5176 separatur,
2264 5105 2357 5160 sed
2390 5114 2575 5161 manet
2599 5113 2654 5159 et
2696 5112 2942 5174 generat.
2983 5101 3218 5155 General
3251 5115 3350 5151 au-

1771 5211 1878 5255 tem
1909 5209 1968 5254 ut
1997 5200 2172 5268 ipsum
2209 5200 2364 5252 decet
2398 5211 2558 5252 nosse
2579 5236 2593 5262 ,
2628 5206 2685 5251 et
2714 5211 2815 5250 nos
2841 5194 3090 5250 adorare.
3122 5189 3240 5245 Noli
3269 5190 3353 5244 di-

1769 5305 1895 5345 cere
1924 5290 2379 5360 quemadmodum
2407 5328 2422 5354 ,
2456 5303 2630 5360 neque
2682 5301 2894 5358 quazras
2939 5284 3348 5356 generationem

1767 5382 1915 5440 illam
1951 5398 2117 5454 quam
2149 5383 2327 5437 nullus
2348 5388 2600 5449 enarrat,
2638 5380 2818 5435 nullus
2850 5378 2986 5445 scit,
3026 5374 3203 5430 nuilus
3241 5389 3346 5428 no-

2128 5501 2174 5532 “
2226 5499 2384 5556 Joan.
2439 5513 2568 5564 XVI,
2625 5496 2678 5550 '7.
2772 5495 2818 5527 ⁸⁵
2865 5493 3056 5548 Matth.
3115 5486 3346 5558 “1,”.

76 5585 125 5615 ⁸⁵
161 5581 359 5652 Μιλιιιιι
385 5569 614 5644 with—5.
691 5577 733 5608 ⁸⁷
775 5575 932 5631 Joan.
959 5591 1014 5642 ι,
1049 5575 1140 5629 55.
1217 5573 1260 5604 ⁸⁸
1301 5573 1432 5626 Luc.
1465 5570 1657 5637 tv,54.
1733 5570 1780 5602 ⁵⁸
1819 5569 1976 5645 10am.
2007 5588 2060 5637 t,
2096 5571 2153 5626 5.

1770 5570 1780 5601 '
1819 5569 1976 5645 10am.
2007 5588 2060 5637 t,
2096 5571 2153 5626 5.

152 5678 269 5743 (76)
314 5676 411 5729 ιις.
446 5675 594 5728 Facit
627 5675 749 5728 bene
776 5673 882 5738 ipse
905 5688 1120 5726 manens
1151 5673 1204 5724 in
1245 5687 1345 5739 quo
1372 5679 1504 5722 erat.

155 5749 270 5818 (77)
299 5747 438 5800 Infra
471 5746 560 5800 lib.
592 5761 650 5810 tt,
687 5747 784 5800 sub
811 5745 930 5798 init.

1836 5661 1948 5740 (78)
1978 5664 2703 5738 1ηδὶιηὲ1ἱα.Ἀνόμοιαίη1ἰά
2729 5662 2824 5719 lib.
2855 5676 2914 5727 tt,
2946 5665 3064 5730 post
3092 5657 3235 5714 med.

2780 5823 2820 5850 κ
