3810 6218
455 344 598 400 1055

1129 325 1410 402 Ἐῠεέδιὶ
1451 337 1930 400 CAZSAltIENSlS
1968 335 2121 392 opp.
2162 331 2346 389 rans
2384 331 2475 386 1v.
2515 359 2588 371 -—
2625 325 3072 398 DOGMATICAJ

3600 326 3735 383 1056

449 467 552 519 vit.
583 464 725 519 Cede
750 506 765 531 ,
795 473 849 520 et
881 464 1142 521 confitere
1199 465 1575 520 infirmitatem
1627 475 1797 520 tuam.
1827 463 2032 519 Obum-
2062 465 2106 521 A
2136 486 2221 532 εει
2256 475 2427 531 bene!
2464 471 2578 528 Non
2624 473 2767 528 enim
2825 473 2940 526 haec
2993 480 3076 524 est
3121 485 3372 525 mensura
3407 469 3732 525 distantia:

450 555 571 612 let-et
595 567 645 610 te
667 555 936 612 Christus.
965 557 1020 612 Si
1049 560 1192 613 enim
1221 569 1274 613 tu
1325 560 1599 628 quomodo
1631 568 1788 612 natus
1821 573 1880 610 es
1935 571 2030 610 ne-

450 648 594 714 scis,
621 652 1078 720 quemadmodum
1105 696 1120 721 ,
1154 654 1249 724 qui
1296 655 1364 710 de
1388 663 1439 708 te
1486 653 1706 722 ignoras
1727 693 1742 718 ,
1771 653 1838 705 de
1869 650 2033 706 Patre

449 749 506 794 et
538 738 676 796 Filio
697 751 788 797 aut
816 744 1047 813 quaeris,
1087 754 1177 798 aut
1201 759 1363 801 nosse
1400 753 1452 800 te
1488 744 1688 814 putas?
1721 745 1859 810 Quid
1903 759 2031 814 ergo

451 846 558 886 non
583 833 841 888 debemus
872 836 1118 890 contiteri
1165 837 1329 890 Deum
1362 844 1418 890 et
1471 836 1709 891 Filium?
1761 835 2032 891 Conﬁtere

449 937 513 978 ea
550 938 670 994 quae
695 925 760 981 de
785 925 949 981 Patre
980 936 1033 982 et
1065 928 1202 984 Filio
1231 929 1434 998 scripta
1475 938 1643 984 sunt:
1681 937 1736 982 et
1780 928 1888 982 noli
1937 943 2032 982 cu-

449 1016 627 1072 riosus
656 1033 716 1072 ea
748 1034 868 1088 quae
894 1035 997 1073 non
1034 1031 1160 1074 sunt
1209 1022 1406 1090 scripta
1441 1022 1738 1091 requirere.
1778 1021 1986 1074 Dicitur
2013 1060 2029 1084 ,

449 1109 519 1164 In
540 1111 796 1178 princioio
822 1123 970 1177 erat,
1002 1122 1056 1168 et
1091 1114 1214 1182 quis
1243 1113 1463 1168 audebit
1494 1113 1924 1182 reprehendere?
1972 1111 2030 1167 Si

451 1210 632 1256 autem
659 1213 715 1258 et
739 1204 1146 1273 reprehenderit
1180 1215 1228 1260 te
1255 1248 1270 1273 ,
1310 1216 1481 1261 semet
1537 1208 1712 1276 ipsum
1747 1208 1912 1261 laedit.
1961 1204 2030 1260 In

447 1291 709 1361 principio
733 1302 846 1347 erat
887 1293 1112 1347 Verbum
1131 1336 1147 1363 ,
1175 1305 1222 1349 et
1270 1293 1494 1349 Verbum
1522 1308 1633 1350 erat
1660 1298 1801 1366 apud
1839 1296 2026 1362 Deum,

337 1416 349 1434 ρ
444 1393 495 1437 et
530 1383 668 1437 Deus
711 1396 825 1439 erat
893 1384 1138 1439 Verbum.
1185 1387 1292 1440 Hic
1327 1398 1439 1442 erat
1481 1389 1535 1442 in
1585 1390 1844 1458 principio
1888 1390 2028 1458 apud

446 1473 636 1528 Deum.
666 1475 729 1528 Et
753 1477 946 1545 smpius
976 1479 1073 1530 ista
1113 1479 1383 1542 dicantur,
1413 1490 1466 1533 et
1496 1480 2028 1549 nihilconqtucratur

445 1565 594 1617 novi.
624 1563 840 1620 Utinam
871 1575 1049 1620 autem
1086 1565 1260 1620 solum
1289 1568 1621 1636 legeremus!
1657 1570 1864 1623 utinam
1895 1569 2028 1624 solis

446 1653 746 1724 Scripturis
777 1657 1013 1711 contenti
1046 1661 1325 1713 essuuusl
1355 1668 1412 1714 et
1440 1659 1507 1714 lis
1552 1660 1698 1714 nulla
1733 1661 1918 1715 ﬁebat.
1967 1659 2026 1714 Si

446 1745 592 1798 enim
620 1746 744 1814 quis
792 1747 1000 1816 litigat,
1028 1749 1113 1802 vel
1160 1751 1524 1815 contradicit,
1565 1752 1810 1821 jurgatus
1859 1751 2026 1806 fuerit

446 1834 533 1889 his
560 1851 678 1904 quia:
701 1838 897 1906 scripta
929 1849 1056 1894 sunt
1082 1860 1096 1896 :
1128 1857 1233 1897 non
1264 1842 1332 1897 ad
1381 1843 1652 1898 hominem
1688 1843 1897 1914 litigat,
1928 1845 2024 1898 sed
2054 1812 2098 1868 Β

445 1926 516 1981 ad
569 1927 875 1998 Deumqui
929 1933 1174 2002 scripsit.
1216 1931 1365 1989 Unde
1392 1945 1572 1988 autem
1630 1935 1860 1988 eﬂicitur
1912 1934 2026 1988 lis?

444 2035 568 2072 cum
597 2035 659 2073 ea
693 2037 811 2090 quae
837 2039 904 2076 ex
933 2026 1100 2080 corde
1137 2036 1261 2081 sunt
1299 2027 1645 2091 proferimus.
1691 2029 1825 2083 Puto
1878 2030 2021 2083 enim

441 2112 564 2179 quia
602 2113 778 2168 nullus
802 2125 882 2170 est
908 2117 1294 2187 aususjurgari
1324 2123 1390 2174 ad
1424 2120 1614 2176 Deum.
1639 2121 1712 2174 Ea
1735 2136 1857 2191 qua:
1883 2122 2023 2175 scri—

444 2214 533 2272 pta
564 2215 688 2257 sunt
720 2204 865 2275 lege,
891 2216 944 2261 et
973 2207 1149 2263 nullus
1175 2209 1503 2280 jurgabitur.
1533 2210 1696 2264 Pater
1749 2212 1932 2266 statim
1965 2221 2024 2265 ut

375 2351 384 2360 _
439 2289 620 2346 dictus
651 2293 751 2346 fuit
784 2293 978 2360 Pater,
1008 2298 1236 2366 requirit
1283 2299 1384 2354 ista
1421 2316 1517 2355 vox
1546 2299 1764 2354 Filium.
1816 2301 2024 2355 Dicitur

439 2377 648 2446 Filius,
705 2392 759 2437 et
816 2385 867 2438 in
923 2402 987 2442 eo
1040 2389 1160 2459 ipso
1212 2391 1336 2445 dum
1389 2391 1631 2456 dicitur,
1667 2392 1826 2446 Pater
1884 2408 2021 2448 con-

437 2471 640 2527 ﬁtetur.
696 2474 811 2530 Non
857 2479 1003 2532 enim
1038 2496 1204 2536 vacua
1237 2498 1336 2537 vox
1369 2494 1450 2538 est
1490 2483 1688 2550 Pater,
1725 2487 1818 2539 sed
1861 2485 2021 2539 exhi-

435 2563 570 2619 bens
617 2577 862 2624 naturam
913 2571 1059 2627 Filii.
1101 2574 1217 2628 Non
1259 2591 1428 2630 vacua
1469 2586 1552 2630 est
1587 2592 1688 2632 vox
1731 2593 1850 2647 qua:
1892 2577 2022 2633 dicit

437 2655 668 2722 Filium,
732 2661 825 2714 sed
892 2667 1206 2730 praecedens
1256 2670 1546 2721 contitetur
1600 2667 1856 2735 Patrem,
1911 2683 2016 2722 non

445 2750 781 2817 temporibus
806 2791 822 2818 ,
860 2767 964 2807 non
1010 2755 1237 2824 spatiis,
1285 2760 1378 2811 sed
1422 2757 1683 2825 dignitate
1707 2767 1760 2811 ct
1792 2757 2018 2812 honore.

436 2837 601 2894 Pater
656 2842 830 2913 diligit
871 2844 1096 2914 Filium,
1144 2849 1316 2918 diligit
1357 2859 1410 2904 et
1458 2851 1715 2920 diligitur.
1761 2850 1915 2906 Unde
1955 2851 2020 2908 lis

436 2929 540 2985 ista
603 2943 720 3000 est,
768 2952 874 2990 non
925 2938 1159 2996 invenio.
1219 2939 1332 2996 lllic
1382 2957 1522 3010 pax,
1579 2953 1635 2998 et
1690 2945 1848 2998 isthic
1901 2944 2019 3012 jur-

437 3024 546 3092 gia.
596 3025 712 3081 Illic
771 3027 1021 3096 dilectio,
1079 3041 1134 3086 et
1174 3032 1263 3089 hic
1309 3035 1604 3090 contentio.
1641 3035 1696 3090 Si
1749 3036 2020 3106 diligimus

2134 570 2262 639 quia
2289 582 2463 636 neque
2501 579 2882 634 comparamur
2905 603 2922 628 ,
2967 575 3141 632 neque
3190 576 3476 631 aequamur
3506 576 3522 614 :
3557 578 3736 631 neque

2139 662 2193 716 in
2226 677 2334 732 quo
2359 661 2539 714 minus
2574 673 2784 712 sumus.
2820 654 2937 710 Non
2976 670 3073 710 nos
3097 655 3308 720 solum,
3344 657 3439 710 sed
3481 670 3591 710 nec
3640 671 3736 708 au-

2134 755 2279 826 geli,
2309 762 2402 807 aut
2429 750 2778 820 archangeli,
2829 756 2922 802 aut
2958 747 3220 810 virtutes,
3263 757 3358 802 aut
3389 747 3735 802 dominatio-

2133 862 2251 912 nes,
2269 860 2441 916 neque
2464 844 2606 898 aliud
2633 842 2857 912 aliquid,
2888 841 2982 895 sed
3005 841 3187 895 omnia
3203 840 3604 907 relinquuntur
3624 839 3734 909 (80)

2136 941 2204 994 ab
2237 938 2514 1008 unigenito
2535 956 2548 992 :
2571 938 2685 1007 ipse
2704 944 2879 990 autem
2907 933 3005 988 soli
3025 934 3114 988 uni
3141 942 3264 988 nato
3287 949 3392 988 non
3416 933 3567 988 cedit
3596 931 3731 1004 (81).

2131 1031 2247 1086 Νοη
2279 1046 2468 1086 sumus
2495 1028 2660 1084 Judaei
2682 1069 2697 1092 ,
2727 1027 3052 1082 confitemur
3075 1027 3218 1081 enim
3237 1025 3458 1080 Filium.
3484 1025 3612 1079 Non
3648 1041 3736 1078 su-

2131 1140 2252 1179 mus
2280 1122 2507 1194 gentiles
2528 1164 2544 1185 ,
2582 1122 2708 1192 quia
2744 1137 2848 1175 non
2891 1120 3121 1176 dicimus
3144 1118 3340 1172 multos
3367 1117 3596 1171 Patres.
3619 1113 3733 1168 No.

2131 1231 2318 1272 sumus
2354 1216 2632 1279 haeretici,
2665 1214 2868 1269 scimus
2906 1213 3049 1268 enim
3092 1212 3379 1283 Spiritum.
3431 1213 3547 1268 Sed
3603 1213 3736 1281 quid

2131 1309 2360 1364 sumus?
2411 1308 2622 1378 Sponsa
2657 1307 2892 1362 viventis
2924 1307 3108 1376 sponsi
3158 1321 3255 1374 per
3305 1305 3594 1361 Christum
3637 1322 3735 1360 nos

2131 1416 2334 1454 sumus.
2371 1399 2427 1454 Si
2460 1415 2587 1471 ergo
2614 1415 2712 1455 nos
2740 1399 2830 1469 qui
2865 1415 2962 1469 per
2995 1390 3278 1454 Christum
3299 1414 3494 1453 sumus
3517 1440 3532 1461 ,
3569 1409 3733 1467 putas

2129 1493 2250 1561 quia
2280 1493 2392 1560 ipse
2434 1509 2537 1545 non
2570 1493 2693 1547 est?
2717 1507 2779 1547 ea
2805 1507 2924 1560 qure
2953 1507 3050 1561 per
3091 1493 3266 1560 ipsum
3304 1501 3433 1545 sunt
3462 1503 3696 1546 manent
3717 1531 3731 1554 ,

2129 1595 2183 1638 et
2215 1587 2324 1654 ipse
2351 1585 2510 1639 linem
2545 1585 2707 1638 habet
2736 1594 2797 1638 ut
2825 1584 3043 1654 quidam
3069 1583 3386 1639 insaniunt?
3429 1581 3549 1637 Non
3582 1584 3730 1637 enim

2133 1677 2366 1747 acquirit
2399 1677 2544 1731 aliud
2575 1676 2718 1745 quod
2751 1691 2856 1730 non
2881 1684 3000 1731 est:
3036 1691 3139 1731 non
3195 1676 3461 1742 assumit,
3518 1676 3624 1731 sed
3680 1687 3735 1729 et

2127 1773 2268 1840 quod
2299 1780 2381 1825 est
2409 1769 2694 1824 abscondit
2750 1787 2763 1822 :
2826 1769 2930 1822 hoc
2957 1768 3098 1822 enim
3138 1765 3428 1837 signiﬁcat,
3459 1766 3545 1819 Da
3575 1768 3732 1829 mihi,

2126 1863 2285 1918 Pater
2313 1879 2334 1919 :
2363 1865 2455 1918 sed
2485 1877 2590 1916 non
2609 1860 2812 1931 aliquid
2844 1875 3042 1914 novum
3067 1861 3198 1928 petit
3222 1860 3345 1914 :sed
3375 1859 3522 1929 quod
3539 1858 3730 1923 habui,

2124 1956 2327 2025 inquit,
2379 1955 2520 2024 apud
2565 1963 2654 2019 te,
2702 1953 2772 2006 da
2812 1953 2943 2005 mihi
2994 1952 3062 2006 ⁷³.
3112 1950 3228 2006 Non
3264 1951 3408 2015 enim
3463 1950 3732 2016 habes,e

2129 2048 2376 2112 Domine,
2412 2047 2557 2117 quod
2583 2045 2864 2101 habebas?
2887 2045 2992 2100 Sed
3021 2044 3145 2114 quia
3169 2084 3185 2110 ,
3211 2044 3419 2114 inquit,
3456 2045 3731 2098 absconsa

2123 2149 2209 2196 est
2239 2155 2353 2194 mea
2383 2139 2594 2208 species
2623 2155 2636 2191 :
2665 2135 2793 2206 quia
2826 2151 2931 2190 non
2965 2145 3184 2206 apparet
3226 2149 3341 2188 mea
3373 2133 3577 2204 gloria.
3604 2133 3731 2187 Gle-

2123 2231 2310 2299 riﬁca,
2342 2229 2560 2300 inquit,
2590 2239 2741 2282 tuum
2792 2226 2995 2281 Filium
3041 2227 3109 2281 ⁷⁵.
3170 2226 3238 2280 Ει
3282 2227 3408 2294 quid
3441 2228 3731 2294 respondit

2122 2321 2322 2376 Pater?
2351 2319 2675 2388 Gloriﬁcavi.
2705 2319 2760 2376 Si
2785 2318 2954 2390 igitur
2982 2317 3335 2388 gloriﬁcavit,
3362 2318 3497 2386 quid
3525 2319 3730 2381 quiarit

2123 2413 2458 2486 glorilicari?
2483 2413 2587 2467 Sed
2622 2412 2756 2466 dicit
2781 2411 2940 2465 Pater
2966 2451 2981 2475 ,
3025 2407 3092 2463 Et
3139 2412 3330 2463 iterum
3385 2408 3727 2479 gloriﬁsabo.

2124 2509 2181 2564 Si
2208 2507 2320 2576 jam
2344 2505 2683 2576 gloriﬁcasti,
2705 2505 2978 2574 quomodo
3009 2504 3205 2557 iterum
3230 2502 3554 2573 gloriﬁcas?
3585 2500 3728 2554 Num

2123 2599 2327 2664 addes,
2360 2599 2616 2667 quoniam
2643 2599 2712 2653 ab
2747 2597 2903 2651 initio
2945 2597 3221 2668 genuisti?
3247 2595 3362 2651 Non
3399 2594 3548 2649 addo
3589 2613 3604 2649 :
3634 2595 3729 2648 sed

2123 2702 2178 2749 et
2219 2708 2316 2763 per
2343 2707 2547 2762 corpus
2593 2691 2824 2748 ostendo
2874 2692 2979 2745 mei
3029 2689 3156 2743 Filii
3211 2688 3467 2760 gloriam.
3509 2687 3724 2748 Genui,

2122 2786 2467 2859 gloriﬁcavi,
2496 2795 2550 2841 et
2607 2785 2804 2841 iterum
2848 2784 3190 2855 gloriﬁcabo.
3239 2783 3466 2847 Palam,
3509 2782 3724 2850 inquit,

2122 2878 2267 2934 facio
2294 2879 2438 2946 quod
2487 2887 2607 2933 erat
2663 2879 3012 2932 absconsum.
3047 2875 3180 2930 Nam
3213 2885 3268 2929 et
3305 2872 3606 2944 Apostolus
3642 2872 3726 2923 di-

2122 2970 2197 3026 cit
2227 2988 2241 3025 :
2275 2968 2345 3024 Et
2365 2969 2773 3038 superexaltat-it
2804 2984 2922 3023 eum
2944 3011 2958 3034 ,
2993 2977 3041 3020 et
3089 2967 3231 3020 dedit
3267 2967 3314 3020 ei
3344 2981 3538 3020 nomen
3583 2968 3722 3036 quod

2122 3072 2196 3117 est
2236 3078 2392 3132 super
2421 3078 2569 3117 omne
2597 3077 2785 3115 nomen
2835 3061 2904 3114 ⁷³.
2964 3058 3079 3113 Non
3143 3059 3429 3125 mercede,
3486 3070 3550 3113 ut
3601 3073 3723 3129 pote

437 3113 999 3224 Pati-eniizﬂitnitemur
1028 3137 1216 3224 pacem
1248 3125 1497 3224 quasillic
1525 3136 1603 3224 est
1622 3127 1768 3224 £79).
1809 3129 1879 3224 si
1901 3130 2022 3224 dili-
2047 3158 2091 3215 ο
2122 3113 2767 3224 gegggggggggm
2803 3113 2946 3208 enim
2989 3162 3071 3207 es,
3112 3113 3572 3221 mmmam
3595 3113 3722 3205 δι..-

439 3209 619 3278 gimus
655 3209 890 3277 Filium,
946 3227 1051 3266 non
1093 3223 1176 3268 est
1235 3215 1589 3273 dissensionis
1620 3219 1780 3273 Deus.
1838 3219 2017 3289 Nosti,

446 3301 580 3352 doce
615 3318 626 3353 :
659 3299 912 3371 ignoras,
965 3301 1212 3358 edocere.
1255 3303 1348 3359 Lis
1392 3310 1536 3361 enim
1592 3322 1768 3377 neque
1825 3311 2020 3380 docet,

445 3405 623 3460 neque
663 3392 911 3448 docetur.
965 3393 1119 3461 Quod
1172 3399 1616 3467 comprehendis,
1662 3401 1766 3455 hoc
1817 3417 2020 3470 quwre.

433 3479 721 3551 Invenisti,
755 3485 962 3556 gratias
994 3502 1112 3558 age.
1142 3486 1294 3544 Nosti
1320 3531 1334 3555 ,
1369 3491 1541 3546 trade.
1569 3492 1682 3563 Ego
1703 3503 1879 3548 autem
1907 3496 2021 3550 scio

431 3575 562 3643 quia
605 3576 806 3634 nescis.
841 3573 991 3632 Unde
1021 3579 1139 3634 scio
1182 3584 1305 3651 quia
1335 3597 1434 3652 ego
1479 3585 1682 3639 nescio.
1717 3584 1870 3641 Unde
1921 3587 2022 3642 hoc

432 3667 563 3736 quia
592 3667 799 3737 ignoro.
840 3667 1011 3724 Verax
1039 3671 1184 3725 enim
1222 3681 1308 3727 est
1342 3675 1435 3742 qui
1472 3674 1608 3729 dixit
1639 3693 1652 3730 :
1693 3673 1863 3730 Nemo
1920 3695 2014 3732 no-

431 3761 502 3812 vit
529 3760 598 3815 '°.
630 3761 936 3816 Secundum
969 3763 1127 3819 istam
1163 3765 1328 3835 igitur
1375 3781 1596 3832 vocem,
1655 3770 1834 3824 omnis
1892 3771 2018 3842 qui-

431 3868 644 3922 cunque
665 3869 726 3909 se
753 3855 884 3910 dicit
914 3857 1056 3912 scire
1081 3861 1362 3914 mentitur.
1393 3859 1500 3916 Sed
1534 3861 1676 3917 forte
1716 3865 1886 3930 dicis,
1925 3865 2020 3920 Dei

432 3955 738 4012 sumus,et
787 3963 895 4003 non
945 3950 1148 4006 scimus
1198 3964 1461 4021 quantum
1512 3965 1567 4008 et
1619 3959 2016 4029 pertingimus:

435 4035 540 4090 hoc
567 4037 745 4093 solum
779 4041 906 4110 quia
936 4050 1021 4097 est
1052 4061 1067 4098 :
1106 4060 1211 4098 non
1245 4055 1423 4099 tamen
1457 4047 1633 4115 qualis
1677 4058 1728 4102 et
1757 4060 2016 4120 quantum

430 4137 536 4182 est.
564 4129 699 4198 Quia
730 4132 895 4202 igitur
925 4145 1009 4188 est
1029 4175 1044 4200 ,
1067 4135 1302 4203 scimus;
1338 4152 1442 4190 non
1471 4148 1646 4193 tamen
1677 4142 1872 4210 qualis.
1900 4141 2017 4197 Non

429 4221 575 4273 enim
605 4233 846 4277 nostrum
886 4233 969 4279 est
1002 4240 1318 4281 mensurare
1342 4229 1835 4286 immensurahilem
1865 4249 1878 4286 :
1911 4250 2015 4289 non

431 4320 674 4366 nostrum
724 4315 1180 4385 comprehendere
1216 4319 1839 4391 incomprehensibilem.
1878 4323 2014 4379 Cum

429 4403 574 4458 enim
609 4409 872 4485 memoria
906 4407 972 4463 de
1025 4409 1136 4464 Deo
1183 4420 1300 4479 est,
1340 4428 1492 4468 mens
1556 4413 1808 4484 religiosa
1845 4416 2017 4472 intre-

2125 3245 2264 3301 divit
2292 3262 2466 3315 usque
2491 3247 2556 3301 ad
2587 3255 2819 3300 mortem
2845 3285 2862 3310 ,
2903 3253 3134 3300 mortem
3188 3253 3367 3298 autem
3398 3244 3608 3298 crucis.
3657 3242 3720 3295 Et

2123 3339 2247 3394 ideo
2270 3380 2284 3402 ,
2313 3340 2520 3409 inquit,
2551 3338 2693 3394 Deus
2719 3336 3146 3406 supercxaltavit
3169 3351 3314 3391 eum.
3349 3336 3407 3389 Si
3457 3336 3588 3404 quis
3622 3352 3716 3387 au-

2123 3439 2230 3485 tem
2257 3430 2390 3484 dure
2416 3430 2607 3499 legerit
2629 3444 2941 3492 sermones,
2974 3426 3114 3481 forte
3148 3425 3360 3496 putabit
3411 3426 3578 3480 istam
3632 3442 3719 3479 su-

2121 3521 2603 3592 perexaltationem
2639 3520 2944 3575 mercedem
2975 3533 3098 3574 esse
3131 3517 3482 3573 obedientiaa.
3508 3517 3591 3571 Ita
3624 3535 3719 3587 pu-

2122 3622 2206 3668 tas
2227 3653 2245 3678 ,
2271 3614 2364 3668 sed
2400 3628 2506 3668 non
2532 3622 2582 3666 te
2611 3613 2888 3682 permittat
2921 3611 2994 3666 ita
3023 3611 3227 3665 sentire
3257 3613 3348 3680 qui
3385 3611 3502 3665 hac
3556 3611 3717 3666 dixit.

2121 3704 2212 3759 Ait
2236 3704 2384 3759 enim
2418 3723 2431 3758 :
2467 3703 2572 3768 Qui
2602 3704 2875 3768 ascendit,
2905 3705 3014 3772 ipse
3037 3713 3183 3757 estet
3211 3704 3301 3773 qui
3330 3706 3607 3757 descendit
3647 3705 3713 3757 ⁷⁸.

2122 3795 2265 3865 Ergo
2285 3796 2689 3850 exaltaviteum
2719 3797 2809 3866 qui
2849 3796 3151 3854 descendit.
3180 3796 3295 3850 Non
3343 3805 3526 3852 tamen
3563 3817 3593 3850 a
3628 3799 3718 3852 de-

2120 3902 2305 3942 orsum
2333 3903 2554 3942 sursum
2588 3887 2837 3941 adduxit.
2872 3886 2979 3942 Sed
3007 3904 3130 3942 eum
3161 3888 3252 3956 qui
3281 3889 3567 3942 descendit
3591 3931 3606 3953 ,
3628 3889 3718 3943 ite-

2121 3994 2241 4032 rum
2293 3993 2513 4032 sursum
2573 3979 2894 4047 assumpsit.
2946 3978 3164 4032 Assumi
3221 3977 3377 4042 dico,
3428 3993 3541 4032 non
3593 3982 3714 4048 quia

2120 4067 2354 4123 mundus
2406 4067 2749 4123 fraudahitur
2813 4085 2842 4124 a
2899 4070 3190 4140 prmsentia
3245 4071 3537 4139 unigeniti.
3604 4073 3712 4126 Non

2118 4167 2298 4230 potest
2337 4161 2570 4216 mundus
2623 4162 2740 4218 sine
2774 4161 3136 4232 gubernatore
3182 4147 3418 4228 salvari,
3467 4179 3578 4216 non
3627 4179 3716 4231 po-

2121 4253 2227 4298 test
2285 4246 2519 4301 mundus
2571 4255 2721 4301 stare
2767 4248 2812 4302 si
2862 4249 3148 4302 recesserit
3200 4247 3537 4318 unigenitus.
3612 4248 3714 4300 Sed

2117 4332 2258 4390 forte
2290 4335 2424 4391 dicis
2465 4355 2478 4390 :
2523 4335 2641 4390 Non
2687 4335 2891 4392 sufﬁcit
2942 4338 3088 4393 enim
3135 4337 3342 4393 Pater?
3398 4337 3518 4392 Non
3585 4342 3709 4408 quia

2118 4441 2226 4481 non
2257 4426 2556 4482 sulﬁciebat
2585 4426 2770 4494 Pater,
2803 4429 2924 4484 ideo
2954 4430 3141 4500 genuit
3178 4429 3373 4484 Filium
3417 4448 3431 4484 :
3461 4433 3558 4484 sed
3591 4434 3713 4501 quia

426 4503 636 4550 mescat
661 4514 674 4550 :
700 4497 1051 4590 intremescat
1077 4509 1132 4590 et
1151 4499 1354 4569 lingua.
1377 4500 1488 4555 Non
1517 4504 1641 4572 quia
1660 4505 1827 4560 durus
1849 4507 2012 4574 Deus,
2046 4519 2091 4576 ι)
2121 4531 2226 4571 non
2277 4515 2617 4573 sumciebam
2665 4533 2728 4573 ea
2779 4535 2901 4590 qua
2951 4497 3092 4575 facta
3139 4531 3268 4576 sum
3311 4519 3548 4576 sufferre
3609 4497 3711 4576 non

425 4591 520 4640 sed
543 4587 968 4656 supereminenti
987 4589 1227 4644 bonitate
1251 4601 1337 4645 est
1375 4592 1667 4649 timendus.
1689 4594 1781 4650 Sol
1807 4596 1908 4651 iste
1924 4599 2019 4652 ob-

424 4678 846 4746 scuratoculos,
878 4697 985 4736 non
1011 4684 1138 4753 quia
1171 4683 1460 4750 obscurus,
1496 4686 1594 4740 sed
1624 4687 1750 4756 quia
1783 4688 2014 4746 multum

422 4779 508 4826 est
534 4771 736 4828 clarus.
757 4772 976 4828 EtDeus
1005 4774 1298 4842 timendus,
1318 4775 1443 4845 quia
1466 4775 1690 4831 multum
1715 4788 1797 4833 est
1815 4777 2009 4834 bonus.

422 4864 616 4934 Cogita
649 4866 792 4937 apud
824 4875 875 4923 te
919 4867 1014 4937 qui
1061 4866 1137 4922 sis
1170 4867 1411 4924 humilis.
1458 4868 1574 4925 Non
1617 4871 1762 4924 enim
1810 4873 2011 4927 audisti

424 4966 552 5007 cum
582 4953 851 5010 dicentem
888 4973 904 5012 :
937 4953 1039 5010 Vos
1065 4971 1131 5010 ea:
1153 4955 1490 5025 inferioribus
1517 4961 1642 5014 estis
1664 5000 1680 5025 ,
1709 4977 1803 5030 ego
1837 4972 2011 5017 autem

425 5047 491 5098 de
519 5047 875 5115 superioribus
920 5063 1038 5102 sum
1091 5047 1186 5100 ⁷⁸2
1231 5047 1366 5103 Nam
1422 5061 1680 5120 quantum
1727 5052 1922 5107 ctelum
1983 5069 2013 5108 a

429 5147 574 5192 terra
607 5139 807 5206 distat,
839 5150 1046 5195 tantum
1079 5152 1130 5197 et
1165 5158 1194 5196 a
1227 5143 1382 5199 nobis
1410 5143 1570 5198 Deus.
1602 5143 1669 5198 Et
1702 5154 1851 5200 certe
1871 5147 2015 5199 scri-

427 5241 577 5299 ptum
607 5242 723 5286 est:
759 5231 1027 5298 Quantum
1067 5236 1227 5288 distat
1280 5234 1465 5289 caelum
1495 5253 1528 5289 a
1573 5245 1748 5302 terra,
1805 5248 2009 5291 tantum

428 5324 527 5378 uia:
550 5343 678 5382 mea:
709 5345 741 5380 a
771 5327 864 5381 viis
894 5329 1076 5382 vestris
1103 5329 1172 5381 ".
1206 5325 1279 5382 Ut
1305 5327 1375 5382 ad
1419 5343 1520 5383 nos
1566 5343 1666 5383 vox
1696 5327 1811 5381 haec
1865 5329 2006 5383 dicta

501 5423 548 5455 "
575 5420 732 5477 Joan.
764 5441 800 5489 ι,
829 5422 915 5477 18.
991 5423 1035 5456 ¹¹¹
1081 5421 1238 5479 Joan.
1269 5439 1386 5490 vm,
1423 5423 1514 5480 25.

429 5491 478 5524 ⁷⁸
508 5492 706 5562 prrs.
750 5510 824 5560 ιν,
853 5494 942 5548 10.

503 5634 616 5703 (⁸79)
642 5636 741 5693 Ms.
787 5638 916 5702 Qua:
939 5639 1046 5693 illis
1082 5650 1179 5694 est.

503 5706 617 5778 (80)
643 5707 1044 5778 lletinquuntur.
1093 5710 1490 5774 Ἀπολεὶπεται,
1519 5719 1860 5778 superantur.

506 5777 618 5843 (8|)
648 5775 750 5828 Uni
783 5790 903 5829 nato
941 5795 1040 5832 non
1087 5783 1242 5834 cedit.
1292 5775 1602 5849 Lege-mlum
1658 5783 1871 5836 videtur
1917 5786 2005 5835 imi

2116 4608 2234 4664 nati
2269 4609 2548 4676 virtutem,
2591 4609 2716 4666 ideo
2745 4627 2843 4682 per
2872 4613 3227 4668 mediatorem
3272 4613 3538 4683 loquitur.
3572 4614 3714 4682 Qua-

2117 4713 2180 4754 re
2215 4716 2231 4754 :
2269 4699 2360 4769 qui
2390 4698 2504 4771 (82)
2535 4717 2640 4756 non
2669 4711 2981 4770 poteramus
3013 4703 3380 4776 propinquare
3401 4721 3511 4761 non
3542 4718 3708 4762 noto:

2119 4805 2215 4860 per
2250 4793 2390 4846 viam
2442 4794 2607 4864 igitur
2641 4795 2914 4860 hortatur,
2952 4806 3010 4850 et
3057 4813 3153 4868 per
3179 4797 3403 4865 jauuam
3438 4809 3626 4867 vocat,
3656 4811 3710 4854 et

2116 4895 2215 4949 per
2246 4879 2428 4937 lumen
2477 4884 2717 4938 adducit.
2771 4885 3037 4942 Mediator
3076 4899 3258 4941 autem
3291 4887 3489 4955 Filius,
3520 4899 3581 4945 et
3615 4906 3706 4960 po-

2122 4969 2271 5023 nitur
2293 4969 2380 5025 lex
2407 4989 2420 5026 :
2460 4973 2730 5029 mediator
2759 4973 2952 5040 Filius,
2982 4986 3038 5031 et
3059 4975 3363 5045 loquuntur
3387 4981 3702 5050 prophetae:

2121 5061 2393 5117 mediator
2439 5062 2630 5132 Filius,
2685 5076 2739 5121 et
2775 5069 3099 5138 praedicatur
3142 5067 3557 5126 Testamentum
3597 5071 3702 5127 No-

2122 5169 2246 5207 vum
2277 5169 2335 5210 et
2381 5157 2639 5228 impletur
2684 5158 2852 5215 Vetus
2892 5180 2905 5216 :
2956 5162 3223 5216 mediator
3253 5162 3450 5228 Filius,
3480 5164 3703 5219 et-ﬁunt

2119 5245 2334 5314 angeli:
2370 5250 2638 5304 mediator
2687 5250 2878 5316 bilius,
2932 5260 2989 5305 et
3045 5260 3306 5306 creantur
3335 5254 3651 5324 archangeli
3683 5275 3696 5307 :

2117 5340 2386 5395 mediator
2415 5341 2611 5409 Filius,
2659 5353 2715 5397 et
2759 5355 2981 5399 creator
3029 5346 3208 5398 omnis
3243 5355 3480 5409 naturze,
3516 5358 3572 5400 et
3603 5364 3698 5417 gu-

1629 5424 1674 5454 ⁷¹
1711 5421 1818 5478 lsa.
1849 5440 1948 5490 LV,
1977 5424 2030 5481 9.
2109 5430 2154 5462 ⁷³
2187 5433 2344 5491 Joan.
2376 5453 2487 5492 xvu
2512 5478 2527 5506 ,
2573 5439 2627 5492 5.
2705 5438 2751 5470 ⁷⁸
2784 5437 2938 5493 Joan.
2974 5453 3081 5504 sit,
3104 5437 3193 5493 28.
3225 5440 3272 5470 ⁷⁵
3304 5439 3501 5512 Philip.
3532 5456 3573 5497 tt
3596 5482 3612 5507 ,
3642 5441 3690 5495 9.

2116 5661 2217 5699 non
2244 5656 2369 5701 nato
2397 5649 2548 5701 cedit.

2184 5719 2294 5788 (8‘2)
2324 5718 2497 5783 Quare
2530 5735 2545 5771 .'
2579 5717 2691 5787 qui,
2736 5717 2776 5784 f.
2806 5717 3006 5787 quare?
3034 5716 3180 5787 quia,
3223 5726 3330 5775 etc.
