3810 6218
75 344 222 402 ίθῦἸ

927 329 1015 384 DE
1053 327 1209 384 FIDE
1247 273 1620 382 ADMEBSUS
1663 320 2075 377 SABELLIUM.
2110 349 2178 360 --
2217 319 2346 374 LIB.
2383 317 2454 372 l.‘

3202 309 3344 368 1058

64 468 356 525 hernator,
385 469 440 515 et
471 455 731 514 salvator.
762 451 879 507 Non
911 452 1058 506 enim
1094 448 1378 504 creavitet
1408 445 1652 499 dimisit:
1687 447 1730 503 Δ
1759 442 2016 510 ίΙιιίιιειυι·
2051 438 2188 508 (83).
2222 438 2334 494 Viri
2368 446 2429 490 ut
2466 449 2588 490 sese
2613 433 2725 504 jam
2756 448 2862 487 non
2905 431 3145 486 incidant
3177 447 3190 482 :
3223 445 3347 482 tutt-

64 560 198 628 qnia
236 571 338 611 non
379 554 500 608 sine
540 548 881 621 providentia
914 552 1043 600 sunt
1083 558 1204 611 qute
1232 549 1379 595 sunt.
1420 536 1538 592 Non
1567 545 1654 590 est

66 650 328 716 tatigatus
352 642 580 697 faciens.
601 637 796 708 Neque
825 645 885 690 ut
910 631 1174 696 volatilia,
1205 639 1262 683 ut
1288 630 1460 698 pisces
1486 638 1653 696 gene-

70 749 207 793 rant
244 735 488 807 quidem,
514 730 830 799 relinquunt
859 735 1064 781 autem.
1114 723 1180 778 Et
1207 731 1358 777 certe
1408 733 1508 774 nec
1550 716 1651 771 ista

69 836 339 901 generant
384 833 441 880 et
474 821 758 877 dimittunt
795 837 810 875 :
855 817 949 874 sed
992 815 1195 870 habent
1225 809 1566 882 diligentiam
1599 813 1658 860 et

70 929 326 992 pascunt.
365 917 424 971 Si
459 915 626 986 igitur
661 913 765 969 ista
803 912 900 974 ita,
935 909 1108 963 tnulto
1146 905 1318 974 magis
1353 917 1452 972 per
1491 914 1653 970 quem

72 1021 261 1067 creata
291 1015 416 1063 sunt
445 1005 650 1068 omnia,
670 1017 768 1073 per
801 1002 966 1056 istum
990 997 1172 1052 omnia
1202 1004 1256 1051 et
1285 994 1658 1063 gubernantur

72 1113 128 1158 et
179 1107 476 1171 pascuntur
521 1114 536 1150 :
583 1109 690 1150 non
723 1100 953 1147 vacante
997 1089 1182 1151 Patre,
1211 1088 1304 1140 sed
1337 1090 1654 1139 annuente:

74 1202 359 1250 annuente
404 1200 613 1254 autem,
645 1202 752 1241 non
796 1183 993 1248 oculis,
1043 1182 1137 1235 sed
1173 1189 1231 1233 ut
1268 1180 1424 1233 decet
1473 1176 1658 1227 incor-

78 1285 350 1356 poralem,
382 1284 455 1338 ita
480 1280 671 1335 annuit
702 1289 760 1332 ut
795 1277 895 1346 ipsi
926 1277 1181 1328 decorum
1217 1278 1318 1324 est.
1360 1266 1533 1321 Filius
1558 1279 1657 1316 au-

76 1355 192 1432 tem
225 1373 473 1444 agnoscit
506 1381 565 1426 ut
599 1371 796 1426 Filium
842 1371 997 1422 decet
1029 1383 1043 1419 :
1092 1377 1256 1432 opera
1301 1368 1482 1414 autem
1524 1355 1661 1409 fiunt

80 1478 142 1522 ut
173 1468 335 1522 Pater
361 1466 501 1529 vult,
538 1474 591 1518 et
623 1462 794 1516 Filius
820 1459 1118 1513 ministrat.
1148 1453 1276 1508 llaec
1313 1467 1411 1506 nos
1441 1457 1661 1518 oporte-

80 1566 178 1616 bat
225 1559 430 1614 dicere.
469 1557 582 1611 lmo
615 1569 806 1610 omnes
838 1568 902 1608 ex
943 1550 1243 1618 Scripturis
1286 1545 1490 1615 legere.
1528 1539 1660 1607 Quis

79 1654 228 1708 enim
258 1666 377 1705 sum
411 1651 548 1721 ego?
579 1648 708 1717 quid
739 1647 913 1700 habeo
940 1641 1081 1713 quod
1115 1655 1220 1694 non
1273 1635 1500 1704 accepi?
1534 1632 1662 1687 Om-

82 1747 176 1800 nia
205 1743 351 1799 enim
389 1743 455 1796 ab
487 1756 614 1804 uno,
645 1748 697 1793 et
729 1752 825 1806 per
863 1750 1027 1789 unum
1063 1743 1230 1797 sunt;
1274 1737 1329 1783 et
1366 1742 1488 1797 quae
1521 1724 1661 1778 facta

1761 533 1927 586 lieres
1955 539 2012 585 ιιι
2044 545 2152 584 non
2178 529 2248 582 ad
2273 527 2530 596 iniuriam
2563 525 2911 580 deludantur.
2951 521 3138 586 Tauri,
3164 519 3343 587 vituli,

1759 631 1819 678 ut
1873 636 1979 678 non
2012 623 2165 674 varie
2211 618 2605 674 comburantur
2652 615 2787 685 (84).
2851 615 3067 676 Vinum,
3119 621 3178 664 ut
3235 625 3345 664 non

1761 716 1879 772 sine
1909 729 2074 768 causa
2104 713 2328 767 libetur.
2361 710 2557 773 Terra,
2603 723 2776 773 mare,
2809 715 2870 760 ut
2908 721 3014 760 non
3046 701 3346 758 immutatis

1760 804 2076 860 nominibus
2109 803 2408 857 adorentur
2454 817 2469 854 :
2514 799 2692 854 omnis
2735 797 2880 850 enim
2927 805 3123 849 natura
3157 803 3348 847 conta-

1763 898 1969 950 minata
2025 903 2160 949 est:
2209 893 2388 948 omnis
2447 900 2705 946 creatura
2764 887 3036 943 deificata.
3093 882 3199 938 Sed
3237 897 3344 935 non

1762 987 2014 1056 despexit
2065 986 2111 1039 is
2141 1000 2237 1054 per
2269 999 2429 1054 quem
2486 990 2542 1037 et
2592 981 2736 1036 facta
2784 988 2932 1034 sunt.
2988 977 3152 1032 Venit
3197 974 3344 1028 enim

1763 1079 1855 1150 qni
1906 1078 2250 1147 contingeret
2303 1091 2453 1129 sua:
2503 1073 2650 1127 venit
2704 1072 2795 1141 qui
2846 1070 3043 1125 malum
3074 1082 3345 1122 venenum

1765 1170 2006 1226 auferret
2047 1184 2062 1223 :
2107 1169 2255 1222 venit
2301 1169 2473 1236 ipsius
2529 1169 2656 1220 vitae
2710 1165 3070 1220 medicamen.
3101 1162 3347 1217 Mortuus

1763 1271 1845 1318 est
1879 1272 1934 1315 ιιι
1953 1261 2230 1315 occideret
2281 1268 2512 1312 mortem
2541 1274 2556 1312 :
2585 1257 2980 1312 condemnatus
3007 1263 3090 1309 est
3123 1263 3181 1306 ut
3210 1265 3347 1305 con-

1763 1356 2052 1410 demnaret
2078 1350 2470 1419 corruptelam.
2500 1348 2810 1403 Coronatns
2838 1357 2922 1402 est
2950 1346 3140 1415 spinis,
3163 1353 3221 1397 ut
3245 1356 3347 1397 nos

1766 1462 1871 1500 non
1929 1444 2254 1499 haberemus
2303 1442 2491 1512 spinas
2530 1459 2543 1494 :
2585 1439 2824 1508 suscepit
2877 1437 3219 1490 maledictum
3253 1447 3348 1501 per

1765 1553 2004 1601 crucem,
2051 1545 2108 1590 ιιι
2142 1551 2242 1590 nos
2288 1534 2690 1601 snsciperemus
2724 1531 3157 1585 benedictionem
3195 1542 3349 1579 mnu-

1767 1630 1911 1683 dam.
1947 1627 2062 1681 Non
2095 1641 2316 1697 possum
2344 1626 2527 1678 dicere
2549 1633 2810 1693 quantum
2841 1621 3014 1691 sapio.
3049 1618 3163 1672 Non
3215 1631 3338 1685 pos-

1769 1737 1887 1777 sum
1941 1735 2134 1790 sapere
2192 1729 2454 1788 qnantum
2523 1717 2780 1786 possibile
2831 1723 2935 1768 est.
3003 1711 3058 1767 Si
3115 1723 3348 1778 sapuero

84 1847 236 1900 sunt,
268 1843 323 1889 et
367 1847 488 1903 quae
520 1841 668 1886 recte
702 1830 980 1884 dicuntur.
1022 1824 1232 1890 Quanta
1276 1834 1409 1876 sane
1445 1815 1662 1872 miseri-
1694 1834 1738 1889 Β
1768 1821 2035 1883 quantum
2093 1810 2350 1881 possibile
2399 1817 2516 1873 est,
2573 1823 2679 1862 non
2742 1791 3002 1877 pervenio
3054 1812 3113 1856 ut
3171 1801 3348 1854 dicam

84 1929 277 1984 cordia
326 1935 409 1981 est
459 1924 592 1977 Dei?
635 1923 820 1991 genuit
869 1919 1090 1984 Filium,
1135 1915 1260 1986 quia
1305 1914 1481 1967 bonus
1523 1917 1607 1964 est
1645 1927 1658 1963 :

85 2018 299 2074 creavit
331 2017 586 2072 universa
641 2030 736 2083 per
787 2013 986 2082 ipsum,
1032 2011 1159 2078 quia
1209 2005 1526 2061 benefactor
1555 2009 1660 2058 est.

84 2110 406 2166 Erravimus
431 2119 486 2163 et
516 2123 620 2160 non
648 2105 919 2176 despexit,
944 2102 1253 2158 cecidimus
1284 2108 1339 2154 et
1361 2114 1467 2151 non
1510 2108 1664 2164 spre-

86 2207 194 2271 vit,
226 2205 320 2260 sed
355 2204 501 2258 misit
540 2199 737 2254 Filium
786 2213 944 2254 suum
983 2195 1352 2255 obedientem,
1389 2198 1448 2243 ιιι
1492 2187 1667 2243 salva-

89 2307 181 2354 ret
227 2296 500 2351 hominem
533 2291 956 2346 inobedientem.
999 2287 1145 2341 Misit
1177 2285 1307 2360 ‘sine
1339 2291 1582 2351 peccato,
1609 2287 1670 2332 ut

91 2395 381 2444 revocaret
411 2399 532 2438 eum
563 2383 654 2453 qui
684 2387 1005 2452 peccaverat
1034 2395 1048 2431 :
1089 2375 1237 2430 misit
1274 2375 1471 2428 Filium
1510 2385 1666 2426 suum

90 2481 385 2535 facientem
435 2476 651 2546 placita,
706 2481 764 2526 ut
795 2471 1034 2527 salvaret
1067 2483 1283 2524 servum
1314 2465 1538 2520 obedire
1573 2477 1671 2516 no-

91 2573 323 2628 lentem.
359 2569 504 2623 Misit
540 2565 830 2636 justitiam,
878 2571 938 2617 ut
970 2560 1282 2615 auferretur
1328 2566 1612 2627 peccatum
1650 2571 1665 2608 :

92 2663 252 2719 misit
279 2661 470 2720 vitam,
502 2670 558 2712 ιιι
590 2671 736 2712 mors
778 2663 1107 2709 moreretur.
1147 2650 1293 2705 Misit
1326 2650 1414 2718 qui
1451 2664 1479 2702 a
1508 2662 1590 2712 se,
1614 2654 1672 2700 ut

91 2756 445 2813 salvarentur
468 2751 556 2822 qui
585 2757 740 2803 erant
771 2762 838 2802 ex
870 2745 1108 2799 homine.
1143 2742 1289 2796 Misit
1326 2755 1449 2795 eum
1477 2739 1569 2808 qui
1603 2753 1670 2792 ex

94 2847 348 2916 Virgine,
387 2851 444 2896 ut
491 2840 832 2894 salvarentur
875 2836 910 2890 ii
958 2835 1050 2905 qui
1086 2847 1154 2889 ex
1184 2831 1412 2886 muliere
1456 2830 1672 2884 fuerant

94 2937 322 3008 perditi.
370 2933 512 2989 Misit
547 2935 598 2987 in
638 2933 810 3002 ligura
851 2929 981 2993 viri,
1016 2935 1072 2980 ut
1118 2925 1423 2980 salvaretur
1455 2921 1544 2992 qui
1579 2935 1675 2989 pe-

95 3032 276 3083 rierat
317 3025 422 3079 vir.
455 3025 589 3079 Cum
639 3018 945 3076 latronibus
980 3017 1163 3088 [igitur
1201 3013 1372 3078 cruci,
1406 3021 1466 3066 ut
1512 3025 1675 3080 para-

93 3123 255 3175 disus
295 3128 349 3173 et
380 3113 688 3170 latronibus
734 3111 1057 3181 aperiretur.
1092 3106 1282 3178 Cogita
1333 3104 1673 3174 dignitatem,

1770 1915 2006 1977 quantus
2035 1913 2141 1960 est.
2171 1901 2559 1957 lnenarrabilis
2588 1900 2733 1954 enim
2783 1908 2838 1952 et
2886 1892 3350 1965 incomprehensi-

1772 2001 1898 2055 bilis
1923 1997 2083 2052 Pater
2110 2006 2216 2052 est.
2244 1993 2393 2049 Talis
2419 2004 2603 2047 autem
2632 2003 2685 2047 et
2733 1991 2904 2045 Filius
2936 1989 3104 2058 ipsius
3147 1986 3346 2041 Patris.

1773 2093 1830 2148 Si
1857 2091 2001 2145 enim
2041 2089 2110 2144 ob
2140 2088 2221 2142 sui
2255 2086 2684 2142 misericordiam
2718 2098 2815 2137 nos
2841 2082 3154 2150 assumpsit,
3205 2080 3347 2133 inte-

1773 2180 1973 2233 rimere
2003 2191 2126 2231 enm
2155 2175 2412 2229 debemus
2437 2174 2528 2245 qui
2555 2188 2651 2227 nos
2683 2172 2898 2227 salvat?
2925 2171 3052 2241 quid
3087 2171 3192 2226 hoc
3221 2168 3350 2223 mali

1773 2282 1856 2328 est
1889 2271 1961 2324 ita
2012 2269 2259 2324 homines
2293 2266 2360 2320 de
2387 2265 2526 2320 Filio
2557 2263 2799 2319 sentire?
2856 2261 3070 2316 Maneat
3105 2271 3162 2314 ut
3208 2269 3346 2324 erat,

1775 2371 1830 2417 et
1875 2363 1928 2414 in
1973 2371 2202 2424 corpore
2235 2367 2289 2411 et
2327 2357 2378 2408 in
2413 2354 2680 2423 praesepio
2725 2371 2740 2408 :
2781 2352 2912 2406 nihil
2959 2351 3161 2405 humile
3192 2350 3258 2404 de
3284 2363 3350 2405 eo

1775 2452 2003 2516 sentias,
2033 2450 2122 2518 qui
2162 2460 2212 2501 te
2239 2445 2519 2512 exaltavit,
2565 2443 2698 2498 nihil
2729 2442 3000 2511 abjectum
3040 2450 3134 2494 aut
3164 2441 3353 2495 incon-

1778 2578 1994 2635 gruum.
2028 2559 2145 2614 Noli
2178 2571 2436 2627 spernere
2467 2554 2808 2610 Salvatorem
2841 2563 3012 2606 tuum.
3043 2550 3099 2606 Si
3131 2550 3353 2620 quidem

1778 2655 1992 2712 etiamsi
2022 2654 2187 2708 verbo
2232 2666 2354 2705 eum
2404 2646 2692 2703 humiliare
2732 2645 2986 2707 volueris,
3020 2654 3212 2697 natura
3247 2658 3354 2697 non

1782 2746 2112 2803 transfertur
2141 2745 2208 2798 ad
2258 2751 2402 2796 tuam
2454 2741 2714 2808 linguam.
2765 2738 2821 2792 Si
2859 2745 3038 2790 autem
3083 2745 3138 2789 et
3188 2736 3357 2789 abne-

1780 2836 2090 2910 gaverimus
2119 2847 2263 2898 eum,
2300 2833 2413 2898 ipse
2445 2830 2616 2884 fidelis
2648 2837 2830 2883 manet
2857 2837 2912 2882 et
2943 2842 3140 2898 negare
3166 2839 3224 2880 se
3247 2839 3356 2880 non

1781 2938 1961 3002 potest
1991 2947 2005 2984 :
2038 2929 2140 2982 hoc
2167 2936 2274 2992 est,
2316 2941 2345 2978 a
2369 2923 2588 2993 propria
2626 2933 2818 2976 natura
2852 2937 2956 2975 non
2992 2920 3220 2975 excidit.
3247 2917 3356 2974 Iste

1782 3023 1939 3080 nobis
1981 3022 2146 3076 Pater
2175 3035 2279 3073 non
2315 3027 2474 3072 natus
2518 3024 2626 3081 est,
2655 3029 2794 3070 unus
2835 3014 2984 3070 solus
3013 3029 3120 3068 non
3171 3021 3354 3079 natus,

1785 3129 1888 3168 non
1923 3113 1990 3167 ab
2020 3111 2148 3174 alio,
2182 3124 2280 3164 nec
2313 3121 2380 3163 ex
2410 3107 2536 3160 alio.
2583 3104 2736 3174 Saepe
2766 3104 2888 3159 dico
2929 3105 3137 3158 eadem.
3170 3103 3356 3172 Siqui-

93 3226 154 3269 et
180 3212 390 3267 mstima
419 3204 847 3280 magnitudinem
873 3203 1078 3273 gratim.
1097 3200 1178 3254 Me
1195 3200 1339 3253 enim
1361 3213 1422 3251 ex
1455 3195 1680 3249 muliere
1706 3190 1748 3248 C
1783 3206 1901 3259 dem
1933 3211 1988 3257 et
2010 3201 2247 3256 Joannes
2277 3198 2367 3268 qui
2400 3200 2464 3251 de
2492 3195 2633 3251 Filio
2657 3196 2799 3250 dixit
2823 3196 2879 3248 in
2917 3195 3178 3264 ρνξηεερξο
3216 3203 3356 3258 ενοι,

97 3304 278 3365 nasci,
308 3310 403 3355 aut
450 3310 522 3364 te,
568 3313 675 3352 non
712 3310 872 3365 supra
918 3301 1171 3346 naturam
1207 3297 1310 3343 est.
1355 3285 1682 3339 Manducare

96 3405 198 3450 aut
226 3396 430 3455 bibere,
453 3390 693 3446 dormire
718 3397 768 3441 et
804 3398 1049 3454 surgere,
1068 3393 1120 3435 et
1153 3381 1207 3434 in
1240 3377 1503 3449 praesepio
1528 3373 1678 3445 poni,

98 3489 242 3544 nihil
267 3486 390 3542 novi
415 3487 458 3540 si
498 3482 746 3539 homines
773 3493 834 3532 ea
857 3493 978 3548 qua:
999 3485 1126 3532 sunt
1159 3473 1434 3529 hominum
1461 3469 1682 3539 patiun-

101 3595 216 3636 tnr.
251 3581 389 3646 Quid
413 3587 592 3632 autem
621 3590 842 3636 novum,
865 3573 996 3641 quid
1020 3565 1358 3630 admirabile,
1385 3562 1512 3632 quid
1541 3575 1679 3630 prae-

96 3675 352 3743 cipuum,
392 3671 523 3741 quid
565 3679 810 3723 nostrmn
838 3665 1078 3718 debitum
1111 3655 1503 3728 irrepensabile
1534 3651 1684 3706 Deo?

102 3767 211 3834 Qui
255 3765 399 3819 misit
433 3765 572 3818 Deus
604 3759 799 3814 Filium
831 3771 1013 3820 suum,
1047 3753 1195 3808 misit
1222 3751 1391 3806 Pater.
1423 3744 1684 3814 Unigeni-

103 3873 250 3926 tum,
287 3859 435 3913 misit
465 3871 568 3910 non
601 3862 762 3907 natus
792 3848 1128 3920 progeniem,
1167 3842 1312 3897 misit
1340 3839 1682 3895 obedientem

107 3958 314 4018 bonus,
349 3949 501 4004 misit
538 3946 807 4017 justitiam
850 3943 942 4012 qui
970 3940 1173 4010 genuit.
1201 3935 1314 3992 Cur
1343 3930 1527 3988 misit?
1559 3942 1686 3999 pro-

103 4055 235 4116 pter
289 4050 626 4113 peccatores.
682 4035 793 4091 Cur
841 4031 1031 4086 misit?
1081 4038 1304 4099 propter
1356 4025 1530 4079 Adam
1591 4019 1685 4089 qui

105 4113 428 4193 inandatum
463 4131 810 4201 contempsit.
839 4125 1004 4182 Venit
1032 4137 1162 4193 ergo
1191 4120 1291 4190 .qui
1342 4115 1581 4172 obedivit
1617 4113 1686 4168 ad

109 4233 234 4286 haec
267 4245 281 4282 :
317 4239 374 4282 et
405 4225 682 4296 judicalur
707 4221 874 4290 judex
903 4219 971 4273 ob
1000 4216 1420 4271 condemnatum
1455 4225 1470 4263 :
1509 4204 1687 4261 cruci-

109 4323 302 4392 ﬁgitur
329 4319 433 4373 vita
456 4333 554 4388 pro
580 4325 794 4370 mortuo
825 4331 839 4366 :
862 4317 1161 4366 coronatur
1183 4303 1353 4374 spinis
1379 4299 1682 4371 gloriosus:

109 4381 255 4470 bibit
288 4410 380 4474 fel,
414 4381 534 4463 fons
571 4406 765 4461 dulcis.
797 4401 936 4470 Quid
989 4398 1326 4454 inveniemus
1369 4393 1436 4445 ad
1488 4403 1685 4459 repm-
1717 4381 1734 4408 ’

1781 3310 1891 3350 non
1947 3294 2134 3360 tacuit,
2182 3291 2277 3346 sed
2323 3289 2638 3360 frequenter
2694 3289 2795 3354 ait,
2850 3287 3004 3341 Erat.
3033 3287 3172 3353 Quid
3214 3287 3358 3340 enim

1781 3383 1927 3438 aliud
1978 3393 2034 3438 et
2087 3380 2309 3436 deberet
2361 3378 2509 3434 dici?
2557 3376 2762 3432 Domus
2822 3375 2953 3430 Dei?
2997 3376 3359 3445 quodcunque

1781 3473 2080 3528 dixerimus
2112 3479 2217 3537 est,
2246 3469 2390 3538 quod
2422 3483 2529 3524 non
2564 3468 2630 3522 de
2659 3465 2800 3522 Filio
2822 3477 2904 3521 est
2933 3483 2946 3520 :
2974 3465 3208 3520 alienum
3241 3465 3357 3536 (85)

1783 3583 1814 3621 a
1845 3569 1932 3622 die
1957 3575 2058 3620 est.
2110 3564 2348 3632 Spiritus
2392 3563 2445 3616 in
2497 3562 2675 3618 medio
2718 3570 2963 3615 nostrum
2994 3568 3078 3614 est
3113 3575 3127 3612 :
3173 3558 3219 3612 si
3251 3574 3358 3612 non

1784 3657 2050 3727 spiritalia
2073 3657 2238 3710 locuti
2269 3654 2556 3717 fuerimus,
2594 3653 2987 3708 contristamus
3027 3650 3274 3720 spiritum
3304 3650 3359 3703 in

1783 3767 1890 3821 quo
1943 3751 2138 3820 signati
2192 3763 2398 3803 sumus.
2458 3746 2645 3804 Gloria
2701 3745 2820 3810 Dei,
2854 3745 3058 3799 veritas
3099 3745 3218 3808 Dei,
3251 3758 3358 3796 non

1782 3844 1979 3914 quaerit
2006 3859 2034 3895 a
2077 3852 2129 3896 te
2158 3842 2364 3906 laudes,
2395 3840 2491 3895 sed
2521 3855 2620 3894 nec
2647 3838 2714 3893 ab
2737 3837 2964 3909 angelis.
3005 3836 3121 3891 Non
3149 3837 3268 3891 dico
3301 3846 3362 3890 ut

1783 3952 1814 3990 a
1852 3945 1922 4000 te,
1954 3934 2047 3988 sed
2075 3933 2271 4003 quaerit
2307 3948 2338 3986 a
2391 3943 2445 3987 te
2489 3941 2549 3985 ut
2599 3946 2865 4001 agnoscas
2898 3945 3020 3984 eum
3059 3947 3073 3983 :
3104 3930 3361 3998 prodesse

1784 4028 1929 4083 enim
1963 4025 2012 4082 ei
2044 4037 2221 4096 potes,
2255 4025 2300 4080 si
2332 4038 2458 4078 eum
2501 4023 2823 4093 agnoveris?
2873 4034 2966 4077 aut
2999 4023 3191 4078 lumini
3228 4037 3360 4092 pro-

1783 4120 1922 4185 dest,
1953 4131 2079 4174 cum
2129 4117 2316 4172 vides?
2343 4125 2403 4170 ιιι
2430 4118 2674 4172 dicamus
2702 4117 2828 4187 quia
2867 4125 2919 4171 et
2951 4117 3060 4170 Deo
3101 4115 3361 4186 prodesse

1783 4220 1985 4282 potest.
2040 4211 2181 4265 Deus
2225 4208 2370 4263 enim
2401 4208 2512 4263 vult
2566 4219 2617 4264 te
2646 4222 2942 4279 agnoscere
2974 4222 3054 4264 se.
3103 4206 3358 4276 Cognitio

1784 4327 1929 4381 enim
1981 4325 2075 4380 Dei
2120 4336 2323 4379 aeterna
2363 4326 2470 4380 vita
2517 4334 2633 4392 est;
2685 4339 2792 4379 non
2829 4323 2963 4387 Deo,
3011 4323 3106 4377 sed
3153 4321 3238 4376 his
3266 4323 3358 4390 qui

1786 4426 2142 4489 cognoscunt.
2192 4417 2269 4472 Ita
2297 4419 2442 4474 enim
2484 4427 2539 4473 et
2575 4417 2836 4472 Dominus
2867 4416 3203 4486 pronuntiat.
3229 4413 3358 4469 Ηιεε

106 4503 475 4563 “nmmum?
509 4498 779 4570 q“°“'°d°
825 4510 1046 4566 agemus
1097 4488 1339 4586 grati???
1370 4485 1485 4586 N_°"
1531 4481 1682 4586 φθῇ
1715 4531 1760 4586 ι)
1789 4521 1862 4566 est
1891 4521 2070 4565 autem
2099 4511 2206 4563 vita
2233 4520 2453 4577 aeterna,
2485 4517 2543 4562 ut
2571 4481 2886 4579 cognoscant
2917 4518 2965 4560 te
2989 4506 3159 4560 solum
3183 4522 3359 4560 verum

105 4602 266 4656 ciunt
296 4597 486 4666 linguae
518 4605 738 4656 nostrae,
756 4606 862 4645 non
895 4584 1251 4653 ora,etiamsi
1281 4581 1484 4635 fuerint
1513 4578 1680 4632 mille.

105 4691 232 4746 Non
261 4687 550 4743 sufﬁcimus
596 4701 718 4748 nos,
756 4681 1036 4750 adjutores
1059 4689 1388 4749 quaeramus.
1416 4670 1686 4740 Adjuvent

109 4797 217 4839 nos
249 4783 420 4852 angeli
456 4798 470 4835 :
517 4779 797 4833 nobiscum
839 4775 1071 4846 gratiam
1104 4771 1333 4826 reddant
1365 4775 1422 4822 ει,
1453 4768 1686 4821 archan-

109 4875 246 4946 geli,
302 4887 360 4927 ut
414 4881 471 4928 et
516 4871 618 4942 ipsi
675 4868 966 4941 gaudeant.
1019 4863 1078 4918 Si
1118 4862 1336 4932 quidem
1395 4867 1450 4914 et
1503 4857 1684 4910 omnis

109 4978 370 5024 creatura
429 4975 620 5037 parata
659 4971 762 5020 est.
805 4961 1048 5016 l’arturit
1079 4958 1223 5013 enim
1265 4965 1320 5010 et
1378 4949 1684 5022 ingemiscit

108 5071 171 5118 et
203 5069 482 5129 exspectat
515 5065 753 5112 nostram
789 5055 1038 5118 salutem,
1085 5060 1145 5104 ut
1174 5057 1229 5104 et
1271 5048 1386 5117 ipsa
1421 5046 1685 5099 liberetur

112 5169 149 5208 a
181 5153 386 5208 dolore.
420 5149 706 5205 Liberatur
734 5147 880 5202 enim
908 5155 963 5200 et
1000 5143 1080 5199 sol
1109 5157 1176 5196 ne
1203 5141 1342 5195 ultra
1382 5138 1640 5191 adoretur
1667 5152 1682 5189 :

114 5259 175 5304 et
235 5247 381 5312 luna,
443 5262 512 5301 ne
573 5245 690 5315 ipsa
740 5241 1162 5298 calumnietura
1214 5237 1468 5293 deitate:
1515 5232 1688 5289 stella:

111 5344 306 5406 etiam,
354 5351 413 5394 ut
459 5355 564 5394 non
595 5335 1032 5393 contaminentur
1075 5331 1267 5387 hostiis
1301 5349 1314 5385 :
1349 5341 1406 5385 ut
1432 5330 1543 5399 jam
1579 5343 1687 5382 non

115 5433 263 5488 male
313 5432 578 5487 conﬂetur
627 5437 909 5500 argentum
963 5445 976 5482 :
1027 5441 1241 5492 aurum,
1279 5435 1337 5480 ιιι
1383 5441 1490 5482 non
1538 5425 1688 5482 coin-

193 5547 240 5581 ’ν
275 5545 429 5602 Joan.
465 5561 598 5611 xvu,
627 5543 681 5600 ὅ.
758 5543 848 5597 ’⁸1
879 5541 1021 5598 Tim.
1043 5557 1118 5610 vt,
1152 5541 1240 5599 l6.

192 5662 306 5788 (83‘)
338 5661 438 5785 ais.
466 5657 735 5720 Canﬂetur
757 5670 1051 5731 argentum,
1076 5675 1286 5730 aurum,
1323 5671 1378 5718 ut
1409 5677 1512 5718 non
1537 5663 1686 5720 coin-

190 5751 246 5788 ιη
301 5750 332 5787 u
367 5770 380 5786 .

116 5753 380 5807 qutnetur.

1789 4603 1976 4666 Deum,
2012 4615 2059 4657 et
2107 4619 2261 4673 quem
2312 4603 2506 4656 misisti
2549 4601 2733 4655 Iesum
2770 4599 3038 4654 Christum
3071 4599 3140 4654 ".
3189 4597 3363 4652 Verus

1789 4695 1931 4750 Deus
1973 4705 2058 4750 est
2112 4695 2274 4750 Pater
2318 4694 2373 4748 in
2427 4708 2494 4749 eo
2535 4694 2679 4763 quod
2731 4709 2836 4747 non
2874 4701 3032 4746 natus
3059 4699 3162 4746 est.
3192 4689 3364 4744 Verus

1789 4785 1960 4843 Filius
1988 4795 2072 4843 est
2095 4791 2148 4841 in
2174 4801 2237 4842 eo
2263 4787 2405 4855 quod
2435 4795 2517 4841 est.
2546 4784 2871 4855 unigenitus.
2908 4782 3022 4838 Non
3043 4783 3186 4837 enim
3211 4797 3364 4837 men-

1791 4881 2006 4937 dacium
2050 4879 2233 4946 genuit
2263 4892 2442 4931 verus.
2496 4874 2604 4931 Sed
2649 4891 2812 4931 verus
2862 4873 3027 4929 Pater
3062 4873 3204 4928 Deus
3253 4887 3360 4926 non

1794 4982 1953 5027 natus
1985 4989 2000 5026 :
2030 4987 2188 5026 verus
2230 4968 2372 5024 Deus
2399 4967 2570 5023 Filius
2613 4967 2945 5037 unigenitus.
2984 4963 3119 5019 Nam
3150 4974 3206 5020 et
3231 4963 3362 5019 illud

1792 5061 1935 5129 quod
1986 5060 2186 5114 dictum
2235 5068 2364 5113 est:
2407 5056 2562 5111 Solus
2614 5055 2768 5110 habet
2815 5054 3266 5109 immortalitatem
3291 5051 3359 5118 ⁷³,

1790 5167 1980 5208 verum
2011 5160 2112 5207 est.
2141 5153 2187 5205 Α
2212 5151 2506 5219 semetipso
2538 5148 2684 5204 enim
2713 5149 2861 5204 solus
2892 5147 3073 5202 habet.
3099 5145 3205 5201 Sed
3254 5145 3362 5200 sic-

1793 5259 1854 5306 ut
1900 5246 2061 5302 Pater
2093 5245 2262 5298 vitam
2315 5242 2476 5298 habet
2503 5241 2559 5295 in
2608 5241 2898 5310 semetipso
2951 5259 2964 5294 :
3003 5239 3074 5292 ita
3119 5247 3174 5292 et
3221 5235 3362 5292 Filio

1796 5340 1946 5398 dedit
1975 5339 2139 5394 vitam
2192 5335 2391 5391 habere
2443 5335 2495 5388 in
2547 5333 2861 5402 semetipso.
2892 5328 3044 5385 Unus
3074 5343 3204 5398 ergo
3254 5343 3362 5382 non

1794 5442 1980 5502 natus,
2015 5441 2072 5486 et
2117 5443 2256 5505 unus
2296 5427 2630 5496 unigenitus,
2673 5432 2729 5479 et
2775 5439 2914 5479 unus
2961 5423 3196 5493 Spiritus
3233 5435 3365 5478 san-

1866 5659 1978 5728 (84)
2017 5657 2117 5715 Ms.
2149 5655 2215 5712 Ut
2249 5674 2359 5728 non,
2383 5673 2512 5712 vane
2543 5657 2907 5728 comburatur.

1868 5713 1977 5795 i853
2018 5713 2062 5784 Α
2084 5713 2170 5786 die
2199 5739 2294 5785 est.
2323 5727 2487 5786 Forte
2513 5745 2545 5783 a
2569 5726 2675 5781 Deo
2698 5735 2796 5782 εει.
2919 5713 2928 5729 ⁸
