  <div class='ocr_page' id='page_1' title='image "/cluster/home/n/w/nwhite01/storage/ocr_20150623/24/nnc1.0046978259/691.png"; bbox 0 0 3810 6218; ppageno 0'>
   <div class='ocr_carea' id='block_1_1' title="bbox 478 295 619 360">
    <p class='ocr_par' dir='ltr' id='par_1_1' title="bbox 478 295 619 360">
     <span class='ocr_line' id='line_1_1' title="bbox 478 295 619 360; baseline 0.014 -2"><span class='ocrx_word' id='word_1_1' title='bbox 478 295 619 360; x_wconf 73' lang='grc'><strong>1059</strong></span> 
     </span>
    </p>
   </div>
   <div class='ocr_carea' id='block_1_2' title="bbox 1184 296 3082 356">
    <p class='ocr_par' dir='ltr' id='par_1_2' title="bbox 1184 296 3082 356">
     <span class='ocr_line' id='line_1_2' title="bbox 1184 296 3082 356; baseline 0.001 -3"><span class='ocrx_word' id='word_1_2' title='bbox 1184 297 1449 354; x_wconf 82' lang='lat' dir='ltr'><strong>EUSEBII</strong></span> <span class='ocrx_word' id='word_1_3' title='bbox 1487 296 1968 356; x_wconf 71' lang='lat' dir='ltr'><strong>C/ESARIENSIS</strong></span> <span class='ocrx_word' id='word_1_4' title='bbox 2004 298 2154 354; x_wconf 87' lang='lat' dir='ltr'><strong>OPP.</strong></span> <span class='ocrx_word' id='word_1_5' title='bbox 2196 299 2378 353; x_wconf 80' lang='lat' dir='ltr'><strong>PARS</strong></span> <span class='ocrx_word' id='word_1_6' title='bbox 2415 298 2506 353; x_wconf 85' lang='lat' dir='ltr'><strong>IV.</strong></span> <span class='ocrx_word' id='word_1_7' title='bbox 2547 331 2618 338; x_wconf 93' lang='lat'><strong><em>—</em></strong></span> <span class='ocrx_word' id='word_1_8' title='bbox 2657 297 3082 354; x_wconf 65' lang='lat' dir='ltr'><strong>DOGMATICA.</strong></span> 
     </span>
    </p>
   </div>
   <div class='ocr_carea' id='block_1_3' title="bbox 3623 299 3749 354">
    <p class='ocr_par' dir='ltr' id='par_1_3' title="bbox 3623 299 3749 354">
     <span class='ocr_line' id='line_1_3' title="bbox 3623 299 3749 354; baseline -0.016 0"><span class='ocrx_word' id='word_1_9' title='bbox 3623 299 3749 354; x_wconf 73' lang='lat' dir='ltr'><strong>i060</strong></span> 
     </span>
    </p>
   </div>
   <div class='ocr_carea' id='block_1_4' title="bbox 476 407 3752 480">
    <p class='ocr_par' dir='ltr' id='par_1_4' title="bbox 476 407 3752 480">
     <span class='ocr_line' id='line_1_4' title="bbox 476 407 3752 480; baseline -0.002 -7"><span class='ocrx_word' id='word_1_10' title='bbox 476 429 618 473; x_wconf 87' lang='lat' dir='ltr'><strong>etus.</strong></span> <span class='ocrx_word' id='word_1_11' title='bbox 636 414 758 469; x_wconf 63' lang='lat' dir='ltr'><strong>Haec</strong></span> <span class='ocrx_word' id='word_1_12' title='bbox 776 413 909 467; x_wconf 86' lang='lat' dir='ltr'><strong>dicit</strong></span> <span class='ocrx_word' id='word_1_13' title='bbox 925 428 1027 466; x_wconf 88' lang='lat' dir='ltr'><strong>una</strong></span> <span class='ocrx_word' id='word_1_14' title='bbox 1061 411 1298 466; x_wconf 81' lang='lat' dir='ltr'><strong>Ecclesia</strong></span> <span class='ocrx_word' id='word_1_15' title='bbox 1323 429 1336 464; x_wconf 92' lang='lat'>:</span> <span class='ocrx_word' id='word_1_16' title='bbox 1359 411 1462 464; x_wconf 88' lang='lat' dir='ltr'><strong>hoc</strong></span> <span class='ocrx_word' id='word_1_17' title='bbox 1486 411 1846 480; x_wconf 76' lang='lat' dir='ltr'><strong>consignatur</strong></span> <span class='ocrx_word' id='word_1_18' title='bbox 1882 410 1937 464; x_wconf 94' lang='lat' dir='ltr'><strong>in</strong></span> <span class='ocrx_word' id='word_1_19' title='bbox 1967 425 2074 465; x_wconf 91' lang='lat' dir='ltr'><strong>uno</strong></span> <span class='ocrx_word' id='word_1_20' title='bbox 2101 417 2151 473; x_wconf 74' lang='grc' dir='ltr'><strong>Α</strong></span> <span class='ocrx_word' id='word_1_21' title='bbox 2176 413 2508 468; x_wconf 76' lang='lat' dir='ltr'><strong>sentiantur.</strong></span> <span class='ocrx_word' id='word_1_22' title='bbox 2541 411 2651 466; x_wconf 80' lang='lat' dir='ltr'><strong>ista</strong></span> <span class='ocrx_word' id='word_1_23' title='bbox 2678 411 2824 466; x_wconf 88' lang='lat' dir='ltr'><strong>enim</strong></span> <span class='ocrx_word' id='word_1_24' title='bbox 2848 420 2937 464; x_wconf 89' lang='lat' dir='ltr'><strong>est</strong></span> <span class='ocrx_word' id='word_1_25' title='bbox 2967 421 3172 464; x_wconf 65' lang='lat' dir='ltr'><strong>aeterna</strong></span> <span class='ocrx_word' id='word_1_26' title='bbox 3196 411 3327 464; x_wconf 85' lang='lat' dir='ltr'><strong>vita.</strong></span> <span class='ocrx_word' id='word_1_27' title='bbox 3356 407 3414 462; x_wconf 88' lang='lat' dir='ltr'><strong>ln</strong></span> <span class='ocrx_word' id='word_1_28' title='bbox 3441 409 3534 463; x_wconf 88' lang='lat' dir='ltr'><strong>his</strong></span> <span class='ocrx_word' id='word_1_29' title='bbox 3553 411 3752 465; x_wconf 86' lang='lat' dir='ltr'><strong>erimus</strong></span> 
     </span>
    </p>
   </div>
   <div class='ocr_carea' id='block_1_5' title="bbox 477 502 2056 578">
    <p class='ocr_par' dir='ltr' id='par_1_5' title="bbox 477 502 2056 578">
     <span class='ocr_line' id='line_1_5' title="bbox 477 502 2056 578; baseline -0.006 -15"><span class='ocrx_word' id='word_1_30' title='bbox 477 509 749 578; x_wconf 85' lang='lat' dir='ltr'><strong>baptismo</strong></span> <span class='ocrx_word' id='word_1_31' title='bbox 778 523 792 560; x_wconf 91' lang='lat'><strong>:</strong></span> <span class='ocrx_word' id='word_1_32' title='bbox 821 506 935 558; x_wconf 70' lang='lat' dir='ltr'><strong>haec</strong></span> <span class='ocrx_word' id='word_1_33' title='bbox 965 504 1167 571; x_wconf 87' lang='lat' dir='ltr'><strong>scripta</strong></span> <span class='ocrx_word' id='word_1_34' title='bbox 1191 513 1320 556; x_wconf 85' lang='lat' dir='ltr'><strong>sunt</strong></span> <span class='ocrx_word' id='word_1_35' title='bbox 1350 503 1404 556; x_wconf 90' lang='lat' dir='ltr'><strong>in</strong></span> <span class='ocrx_word' id='word_1_36' title='bbox 1437 502 1700 571; x_wconf 82' lang='lat' dir='ltr'><strong>sanguine</strong></span> <span class='ocrx_word' id='word_1_37' title='bbox 1729 512 2056 571; x_wconf 85' lang='lat' dir='ltr'><strong>martyrum,</strong></span> 
     </span>
    </p>
   </div>
   <div class='ocr_carea' id='block_1_6' title="bbox 475 590 2060 666">
    <p class='ocr_par' dir='ltr' id='par_1_6' title="bbox 475 590 2060 666">
     <span class='ocr_line' id='line_1_6' title="bbox 475 590 2060 666; baseline -0.006 -12"><span class='ocrx_word' id='word_1_38' title='bbox 475 608 532 654; x_wconf 90' lang='lat' dir='ltr'><strong>et</strong></span> <span class='ocrx_word' id='word_1_39' title='bbox 557 609 682 652; x_wconf 89' lang='lat' dir='ltr'><strong>ante</strong></span> <span class='ocrx_word' id='word_1_40' title='bbox 719 607 991 666; x_wconf 87' lang='lat' dir='ltr'><strong>martyres</strong></span> <span class='ocrx_word' id='word_1_41' title='bbox 1037 595 1088 648; x_wconf 90' lang='lat' dir='ltr'><strong>in</strong></span> <span class='ocrx_word' id='word_1_42' title='bbox 1120 593 1384 663; x_wconf 88' lang='lat' dir='ltr'><strong>sanguine</strong></span> <span class='ocrx_word' id='word_1_43' title='bbox 1421 593 1649 647; x_wconf 81' lang='lat' dir='ltr'><strong>Christi.</strong></span> <span class='ocrx_word' id='word_1_44' title='bbox 1687 590 1800 646; x_wconf 86' lang='lat' dir='ltr'><strong>Nec</strong></span> <span class='ocrx_word' id='word_1_45' title='bbox 1833 607 2060 661; x_wconf 86' lang='lat' dir='ltr'><strong>spernas</strong></span> 
     </span>
    </p>
   </div>
   <div class='ocr_carea' id='block_1_7' title="bbox 475 683 2054 760">
    <p class='ocr_par' dir='ltr' id='par_1_7' title="bbox 475 683 2054 760">
     <span class='ocr_line' id='line_1_7' title="bbox 475 683 2054 760; baseline -0.004 -15"><span class='ocrx_word' id='word_1_46' title='bbox 475 692 595 760; x_wconf 83' lang='lat' dir='ltr'><strong>ejus</strong></span> <span class='ocrx_word' id='word_1_47' title='bbox 651 689 970 759; x_wconf 86' lang='lat' dir='ltr'><strong>sanguinein</strong></span> <span class='ocrx_word' id='word_1_48' title='bbox 996 686 1142 755; x_wconf 88' lang='lat' dir='ltr'><strong>quod</strong></span> <span class='ocrx_word' id='word_1_49' title='bbox 1181 686 1258 738; x_wconf 92' lang='lat' dir='ltr'><strong>tui</strong></span> <span class='ocrx_word' id='word_1_50' title='bbox 1312 695 1535 754; x_wconf 90' lang='lat' dir='ltr'><strong>propter</strong></span> <span class='ocrx_word' id='word_1_51' title='bbox 1571 683 1774 738; x_wconf 84' lang='lat' dir='ltr'><strong>eﬂ&#39;usus</strong></span> <span class='ocrx_word' id='word_1_52' title='bbox 1805 693 1889 738; x_wconf 91' lang='lat' dir='ltr'><strong>est</strong></span> <span class='ocrx_word' id='word_1_53' title='bbox 1920 683 2054 753; x_wconf 88' lang='lat'><strong>(86).</strong></span> 
     </span>
    </p>
   </div>
   <div class='ocr_carea' id='block_1_8' title="bbox 476 776 2058 848">
    <p class='ocr_par' dir='ltr' id='par_1_8' title="bbox 476 776 2058 848">
     <span class='ocr_line' id='line_1_8' title="bbox 476 776 2058 848; baseline -0.006 -9"><span class='ocrx_word' id='word_1_54' title='bbox 476 783 677 838; x_wconf 81' lang='lat' dir='ltr'><strong>Eﬁ‘udit</strong></span> <span class='ocrx_word' id='word_1_55' title='bbox 713 783 857 836; x_wconf 88' lang='lat' dir='ltr'><strong>enim</strong></span> <span class='ocrx_word' id='word_1_56' title='bbox 889 795 1046 834; x_wconf 90' lang='lat' dir='ltr'><strong>suum</strong></span> <span class='ocrx_word' id='word_1_57' title='bbox 1083 779 1402 848; x_wconf 87' lang='lat' dir='ltr'><strong>sanguinem</strong></span> <span class='ocrx_word' id='word_1_58' title='bbox 1445 776 1705 831; x_wconf 88' lang='lat' dir='ltr'><strong>Dominus</strong></span> <span class='ocrx_word' id='word_1_59' title='bbox 1735 787 1792 830; x_wconf 90' lang='lat' dir='ltr'><strong>ut</strong></span> <span class='ocrx_word' id='word_1_60' title='bbox 1817 776 2058 829; x_wconf 89' lang='lat' dir='ltr'><strong>salvare-</strong></span> 
     </span>
    </p>
   </div>
   <div class='ocr_carea' id='block_1_9' title="bbox 475 869 2056 941">
    <p class='ocr_par' dir='ltr' id='par_1_9' title="bbox 475 869 2056 941">
     <span class='ocr_line' id='line_1_9' title="bbox 475 869 2056 941; baseline -0.006 -10"><span class='ocrx_word' id='word_1_61' title='bbox 475 879 576 941; x_wconf 87' lang='lat' dir='ltr'><strong>ris,</strong></span> <span class='ocrx_word' id='word_1_62' title='bbox 611 885 666 931; x_wconf 93' lang='lat' dir='ltr'><strong>et</strong></span> <span class='ocrx_word' id='word_1_63' title='bbox 696 885 752 928; x_wconf 88' lang='lat' dir='ltr'><strong>tu</strong></span> <span class='ocrx_word' id='word_1_64' title='bbox 786 873 955 928; x_wconf 86' lang='lat' dir='ltr'><strong>audes</strong></span> <span class='ocrx_word' id='word_1_65' title='bbox 983 889 1046 927; x_wconf 91' lang='lat' dir='ltr'><strong>ea</strong></span> <span class='ocrx_word' id='word_1_66' title='bbox 1077 873 1258 926; x_wconf 89' lang='lat' dir='ltr'><strong>delere</strong></span> <span class='ocrx_word' id='word_1_67' title='bbox 1295 885 1415 940; x_wconf 62' lang='lat' dir='ltr'><strong>quae</strong></span> <span class='ocrx_word' id='word_1_68' title='bbox 1453 884 1550 938; x_wconf 89' lang='lat' dir='ltr'><strong>per</strong></span> <span class='ocrx_word' id='word_1_69' title='bbox 1576 869 1898 939; x_wconf 88' lang='lat' dir='ltr'><strong>sanguinem</strong></span> <span class='ocrx_word' id='word_1_70' title='bbox 1930 876 2056 923; x_wconf 91' lang='lat' dir='ltr'><strong>sunt</strong></span> 
     </span>
    </p>
   </div>
   <div class='ocr_carea' id='block_1_10' title="bbox 475 962 2054 1038">
    <p class='ocr_par' dir='ltr' id='par_1_10' title="bbox 475 962 2054 1038">
     <span class='ocr_line' id='line_1_10' title="bbox 475 962 2054 1038; baseline -0.006 -15"><span class='ocrx_word' id='word_1_71' title='bbox 475 967 718 1038; x_wconf 85' lang='lat' dir='ltr'><strong>scripta?</strong></span> <span class='ocrx_word' id='word_1_72' title='bbox 751 967 843 1020; x_wconf 80' lang='lat' dir='ltr'><strong>sed</strong></span> <span class='ocrx_word' id='word_1_73' title='bbox 870 965 1012 1035; x_wconf 87' lang='lat' dir='ltr'><strong>quod</strong></span> <span class='ocrx_word' id='word_1_74' title='bbox 1045 978 1141 1035; x_wconf 89' lang='lat' dir='ltr'><strong>per</strong></span> <span class='ocrx_word' id='word_1_75' title='bbox 1168 963 1484 1033; x_wconf 90' lang='lat' dir='ltr'><strong>sanguinem</strong></span> <span class='ocrx_word' id='word_1_76' title='bbox 1511 962 1773 1030; x_wconf 90' lang='lat' dir='ltr'><strong>scriptum</strong></span> <span class='ocrx_word' id='word_1_77' title='bbox 1803 973 1908 1027; x_wconf 88' lang='lat' dir='ltr'><strong>est,</strong></span> <span class='ocrx_word' id='word_1_78' title='bbox 1947 976 2054 1015; x_wconf 91' lang='lat' dir='ltr'><strong>non</strong></span> 
     </span>
    </p>
   </div>
   <div class='ocr_carea' id='block_1_11' title="bbox 473 1042 2046 1114">
    <p class='ocr_par' dir='ltr' id='par_1_11' title="bbox 473 1042 2046 1114">
     <span class='ocr_line' id='line_1_11' title="bbox 473 1042 2046 1114; baseline -0.004 0"><span class='ocrx_word' id='word_1_79' title='bbox 473 1060 708 1114; x_wconf 88' lang='lat' dir='ltr'><strong>deletur.</strong></span> <span class='ocrx_word' id='word_1_80' title='bbox 738 1059 874 1112; x_wconf 92' lang='lat' dir='ltr'><strong>Vide</strong></span> <span class='ocrx_word' id='word_1_81' title='bbox 901 1071 1034 1112; x_wconf 87' lang='lat' dir='ltr'><strong>sane</strong></span> <span class='ocrx_word' id='word_1_82' title='bbox 1066 1072 1134 1111; x_wconf 90' lang='lat' dir='ltr'><strong>ne</strong></span> <span class='ocrx_word' id='word_1_83' title='bbox 1162 1065 1219 1110; x_wconf 89' lang='lat' dir='ltr'><strong>et</strong></span> <span class='ocrx_word' id='word_1_84' title='bbox 1260 1065 1318 1110; x_wconf 91' lang='lat' dir='ltr'><strong>tu</strong></span> <span class='ocrx_word' id='word_1_85' title='bbox 1366 1055 1432 1110; x_wconf 86' lang='lat' dir='ltr'><strong>de</strong></span> <span class='ocrx_word' id='word_1_86' title='bbox 1465 1042 1605 1109; x_wconf 80' lang='lat' dir='ltr'><strong>libro</strong></span> <span class='ocrx_word' id='word_1_87' title='bbox 1646 1055 1768 1107; x_wconf 77' lang='lat' dir='ltr'><strong>vine</strong></span> <span class='ocrx_word' id='word_1_88' title='bbox 1797 1055 2046 1110; x_wconf 88' lang='lat' dir='ltr'><strong>delearis.</strong></span> 
     </span>
    </p>
   </div>
   <div class='ocr_carea' id='block_1_12' title="bbox 477 1148 2056 1217">
    <p class='ocr_par' dir='ltr' id='par_1_12' title="bbox 477 1148 2056 1217">
     <span class='ocr_line' id='line_1_12' title="bbox 477 1148 2056 1217; baseline -0.001 -13"><span class='ocrx_word' id='word_1_89' title='bbox 477 1152 652 1204; x_wconf 85' lang='lat' dir='ltr'><strong>Adora</strong></span> <span class='ocrx_word' id='word_1_90' title='bbox 684 1165 852 1212; x_wconf 87' lang='lat' dir='ltr'><strong>unum</strong></span> <span class='ocrx_word' id='word_1_91' title='bbox 907 1164 1014 1203; x_wconf 91' lang='lat' dir='ltr'><strong>non</strong></span> <span class='ocrx_word' id='word_1_92' title='bbox 1061 1159 1271 1210; x_wconf 89' lang='lat' dir='ltr'><strong>natum,</strong></span> <span class='ocrx_word' id='word_1_93' title='bbox 1311 1158 1368 1202; x_wconf 83' lang='lat' dir='ltr'><strong>et</strong></span> <span class='ocrx_word' id='word_1_94' title='bbox 1398 1164 1562 1201; x_wconf 89' lang='lat' dir='ltr'><strong>unum</strong></span> <span class='ocrx_word' id='word_1_95' title='bbox 1599 1148 1956 1217; x_wconf 76' lang='lat' dir='ltr'><strong>unigenitum,</strong></span> <span class='ocrx_word' id='word_1_96' title='bbox 1988 1162 2056 1203; x_wconf 89' lang='lat' dir='ltr'><strong>ne</strong></span> 
     </span>
    </p>
   </div>
   <div class='ocr_carea' id='block_1_13' title="bbox 368 1233 2056 1312">
    <p class='ocr_par' dir='ltr' id='par_1_13' title="bbox 368 1233 2056 1312">
     <span class='ocr_line' id='line_1_13' title="bbox 368 1233 2056 1312; baseline -0.002 -14"><span class='ocrx_word' id='word_1_97' title='bbox 368 1233 378 1244; x_wconf 82' lang='grc'><strong>’</strong></span> <span class='ocrx_word' id='word_1_98' title='bbox 473 1258 702 1312; x_wconf 88' lang='lat' dir='ltr'><strong>spernas</strong></span> <span class='ocrx_word' id='word_1_99' title='bbox 730 1257 894 1297; x_wconf 91' lang='lat' dir='ltr'><strong>unum</strong></span> <span class='ocrx_word' id='word_1_100' title='bbox 925 1241 1199 1309; x_wconf 90' lang='lat' dir='ltr'><strong>spiritum.</strong></span> <span class='ocrx_word' id='word_1_101' title='bbox 1239 1241 1418 1295; x_wconf 86' lang='lat' dir='ltr'><strong>Adora</strong></span> <span class='ocrx_word' id='word_1_102' title='bbox 1455 1241 1695 1304; x_wconf 83' lang='lat' dir='ltr'><strong>Patrem,</strong></span> <span class='ocrx_word' id='word_1_103' title='bbox 1726 1249 1782 1294; x_wconf 90' lang='lat' dir='ltr'><strong>et</strong></span> <span class='ocrx_word' id='word_1_104' title='bbox 1825 1242 2056 1296; x_wconf 85' lang='lat' dir='ltr'><strong>salvabit</strong></span> 
     </span>
    </p>
   </div>
   <div class='ocr_carea' id='block_1_14' title="bbox 473 1332 2052 1401">
    <p class='ocr_par' dir='ltr' id='par_1_14' title="bbox 473 1332 2052 1401">
     <span class='ocr_line' id='line_1_14' title="bbox 473 1332 2052 1401; baseline -0.001 -15"><span class='ocrx_word' id='word_1_105' title='bbox 473 1344 528 1388; x_wconf 89' lang='lat' dir='ltr'><strong>te</strong></span> <span class='ocrx_word' id='word_1_106' title='bbox 543 1333 716 1388; x_wconf 83' lang='lat' dir='ltr'><strong>Filius</strong></span> <span class='ocrx_word' id='word_1_107' title='bbox 747 1353 762 1388; x_wconf 91' lang='lat'><strong>:</strong></span> <span class='ocrx_word' id='word_1_108' title='bbox 797 1335 960 1386; x_wconf 85' lang='lat' dir='ltr'><strong>adora</strong></span> <span class='ocrx_word' id='word_1_109' title='bbox 987 1332 1210 1396; x_wconf 84' lang='lat' dir='ltr'><strong>Filium,</strong></span> <span class='ocrx_word' id='word_1_110' title='bbox 1233 1343 1287 1386; x_wconf 93' lang='lat' dir='ltr'><strong>et</strong></span> <span class='ocrx_word' id='word_1_111' title='bbox 1311 1333 1570 1401; x_wconf 84' lang='lat' dir='ltr'><strong>suscipiet</strong></span> <span class='ocrx_word' id='word_1_112' title='bbox 1595 1343 1644 1386; x_wconf 91' lang='lat' dir='ltr'><strong>te</strong></span> <span class='ocrx_word' id='word_1_113' title='bbox 1679 1348 1774 1399; x_wconf 90' lang='lat' dir='ltr'><strong>per</strong></span> <span class='ocrx_word' id='word_1_114' title='bbox 1798 1348 1919 1386; x_wconf 91' lang='lat' dir='ltr'><strong>eum</strong></span> <span class='ocrx_word' id='word_1_115' title='bbox 1949 1335 2052 1386; x_wconf 88' lang='lat' dir='ltr'><strong>Pa-</strong></span> 
     </span>
    </p>
   </div>
   <div class='ocr_carea' id='block_1_15' title="bbox 473 1425 2051 1494">
    <p class='ocr_par' dir='ltr' id='par_1_15' title="bbox 473 1425 2051 1494">
     <span class='ocr_line' id='line_1_15' title="bbox 473 1425 2051 1494; baseline 0.002 -16"><span class='ocrx_word' id='word_1_116' title='bbox 473 1436 577 1480; x_wconf 88' lang='lat' dir='ltr'><strong>ter.</strong></span> <span class='ocrx_word' id='word_1_117' title='bbox 611 1427 883 1481; x_wconf 90' lang='lat' dir='ltr'><strong>Conﬁtere</strong></span> <span class='ocrx_word' id='word_1_118' title='bbox 917 1425 1201 1494; x_wconf 85' lang='lat' dir='ltr'><strong>Spiritum,</strong></span> <span class='ocrx_word' id='word_1_119' title='bbox 1228 1434 1284 1478; x_wconf 90' lang='lat' dir='ltr'><strong>et</strong></span> <span class='ocrx_word' id='word_1_120' title='bbox 1325 1426 1566 1494; x_wconf 88' lang='lat' dir='ltr'><strong>impertit</strong></span> <span class='ocrx_word' id='word_1_121' title='bbox 1595 1426 1708 1494; x_wconf 80' lang='lat'><strong>(87)</strong></span> <span class='ocrx_word' id='word_1_122' title='bbox 1741 1426 1834 1480; x_wconf 78' lang='lat' dir='ltr'><strong>tibi</strong></span> <span class='ocrx_word' id='word_1_123' title='bbox 1880 1426 2051 1481; x_wconf 84' lang='lat' dir='ltr'><strong>Filius</strong></span> 
     </span>
    </p>
   </div>
   <div class='ocr_carea' id='block_1_16' title="bbox 475 1517 2043 1590">
    <p class='ocr_par' dir='ltr' id='par_1_16' title="bbox 475 1517 2043 1590">
     <span class='ocr_line' id='line_1_16' title="bbox 475 1517 2043 1590; baseline -0.001 -17"><span class='ocrx_word' id='word_1_124' title='bbox 475 1518 758 1590; x_wconf 90' lang='lat' dir='ltr'><strong>Spiritum.</strong></span> <span class='ocrx_word' id='word_1_125' title='bbox 827 1517 953 1572; x_wconf 65' lang='lat' dir='ltr'><strong>Haec</strong></span> <span class='ocrx_word' id='word_1_126' title='bbox 1015 1517 1289 1582; x_wconf 83' lang='lat' dir='ltr'><strong>dicantur,</strong></span> <span class='ocrx_word' id='word_1_127' title='bbox 1353 1517 1465 1571; x_wconf 69' lang='lat' dir='ltr'><strong>haec</strong></span> <span class='ocrx_word' id='word_1_128' title='bbox 1517 1518 1866 1586; x_wconf 80' lang='lat' dir='ltr'><strong>cogitentur,-</strong></span> <span class='ocrx_word' id='word_1_129' title='bbox 1923 1518 2043 1572; x_wconf 70' lang='lat' dir='ltr'><strong>haec</strong></span> 
     </span>
    </p>
   </div>
   <div class='ocr_carea' id='block_1_17' title="bbox 2167 500 3751 571">
    <p class='ocr_par' dir='ltr' id='par_1_17' title="bbox 2167 500 3751 571">
     <span class='ocr_line' id='line_1_17' title="bbox 2167 500 3751 571; baseline -0.005 -8"><span class='ocrx_word' id='word_1_130' title='bbox 2167 508 2287 563; x_wconf 87' lang='lat' dir='ltr'><strong>sine</strong></span> <span class='ocrx_word' id='word_1_131' title='bbox 2329 506 2450 568; x_wconf 90' lang='lat' dir='ltr'><strong>lite,</strong></span> <span class='ocrx_word' id='word_1_132' title='bbox 2483 503 2600 557; x_wconf 85' lang='lat' dir='ltr'><strong>sine</strong></span> <span class='ocrx_word' id='word_1_133' title='bbox 2625 501 2832 570; x_wconf 85' lang='lat' dir='ltr'><strong>jurgio,</strong></span> <span class='ocrx_word' id='word_1_134' title='bbox 2871 502 2992 556; x_wconf 90' lang='lat' dir='ltr'><strong>sine</strong></span> <span class='ocrx_word' id='word_1_135' title='bbox 3035 501 3408 555; x_wconf 90' lang='lat' dir='ltr'><strong>contentione.</strong></span> <span class='ocrx_word' id='word_1_136' title='bbox 3446 500 3534 554; x_wconf 81' lang='lat' dir='ltr'><strong>Ad</strong></span> <span class='ocrx_word' id='word_1_137' title='bbox 3575 517 3751 571; x_wconf 84' lang='lat' dir='ltr'><strong>pacem</strong></span> 
     </span>
    </p>
   </div>
   <div class='ocr_carea' id='block_1_18' title="bbox 2165 590 3754 662">
    <p class='ocr_par' dir='ltr' id='par_1_18' title="bbox 2165 590 3754 662">
     <span class='ocr_line' id='line_1_18' title="bbox 2165 590 3754 662; baseline -0.004 -10"><span class='ocrx_word' id='word_1_138' title='bbox 2165 598 2314 653; x_wconf 90' lang='lat' dir='ltr'><strong>enim</strong></span> <span class='ocrx_word' id='word_1_139' title='bbox 2343 610 2442 650; x_wconf 82' lang='lat' dir='ltr'><strong>nos</strong></span> <span class='ocrx_word' id='word_1_140' title='bbox 2473 595 2688 649; x_wconf 90' lang='lat' dir='ltr'><strong>vocavit</strong></span> <span class='ocrx_word' id='word_1_141' title='bbox 2711 593 2873 648; x_wconf 88' lang='lat' dir='ltr'><strong>Deus.</strong></span> <span class='ocrx_word' id='word_1_142' title='bbox 2913 592 3032 662; x_wconf 84' lang='lat' dir='ltr'><strong>ipse</strong></span> <span class='ocrx_word' id='word_1_143' title='bbox 3067 594 3213 647; x_wconf 87' lang='lat' dir='ltr'><strong>enim</strong></span> <span class='ocrx_word' id='word_1_144' title='bbox 3247 590 3511 646; x_wconf 77' lang='lat' dir='ltr'><strong>Christus</strong></span> <span class='ocrx_word' id='word_1_145' title='bbox 3543 602 3638 646; x_wconf 86' lang='lat' dir='ltr'><strong>est</strong></span> <span class='ocrx_word' id='word_1_146' title='bbox 3663 608 3754 660; x_wconf 79' lang='lat' dir='ltr'><strong>pax</strong></span> 
     </span>
    </p>
   </div>
   <div class='ocr_carea' id='block_1_19' title="bbox 2166 683 3754 757">
    <p class='ocr_par' dir='ltr' id='par_1_19' title="bbox 2166 683 3754 757">
     <span class='ocr_line' id='line_1_19' title="bbox 2166 683 3754 757; baseline -0.005 -11"><span class='ocrx_word' id='word_1_147' title='bbox 2166 700 2355 746; x_wconf 88' lang='lat' dir='ltr'><strong>nostra</strong></span> <span class='ocrx_word' id='word_1_148' title='bbox 2408 707 2422 743; x_wconf 90' lang='lat'><strong>:</strong></span> <span class='ocrx_word' id='word_1_149' title='bbox 2472 687 2530 742; x_wconf 94' lang='lat' dir='ltr'><strong>ln</strong></span> <span class='ocrx_word' id='word_1_150' title='bbox 2574 688 2692 757; x_wconf 91' lang='lat' dir='ltr'><strong>ipso</strong></span> <span class='ocrx_word' id='word_1_151' title='bbox 2727 687 2906 740; x_wconf 86' lang='lat' dir='ltr'><strong>vocati</strong></span> <span class='ocrx_word' id='word_1_152' title='bbox 2938 701 3148 741; x_wconf 89' lang='lat' dir='ltr'><strong>sumus.</strong></span> <span class='ocrx_word' id='word_1_153' title='bbox 3183 683 3322 752; x_wconf 87' lang='lat' dir='ltr'><strong>Quid</strong></span> <span class='ocrx_word' id='word_1_154' title='bbox 3356 683 3600 738; x_wconf 88' lang='lat' dir='ltr'><strong>dimissa</strong></span> <span class='ocrx_word' id='word_1_155' title='bbox 3639 699 3754 752; x_wconf 79' lang='lat' dir='ltr'><strong>pace</strong></span> 
     </span>
    </p>
   </div>
   <div class='ocr_carea' id='block_1_20' title="bbox 2163 777 3753 837">
    <p class='ocr_par' dir='ltr' id='par_1_20' title="bbox 2163 777 3753 837">
     <span class='ocr_line' id='line_1_20' title="bbox 2163 777 3753 837; baseline -0.004 0"><span class='ocrx_word' id='word_1_156' title='bbox 2163 782 2289 837; x_wconf 87' lang='lat' dir='ltr'><strong>lites</strong></span> <span class='ocrx_word' id='word_1_157' title='bbox 2349 779 2715 835; x_wconf 86' lang='lat' dir='ltr'><strong>assumimus?</strong></span> <span class='ocrx_word' id='word_1_158' title='bbox 2773 779 2892 834; x_wconf 83' lang='lat' dir='ltr'><strong>Non</strong></span> <span class='ocrx_word' id='word_1_159' title='bbox 2953 779 3154 832; x_wconf 88' lang='lat' dir='ltr'><strong>audisti</strong></span> <span class='ocrx_word' id='word_1_160' title='bbox 3216 793 3339 833; x_wconf 92' lang='lat' dir='ltr'><strong>eum</strong></span> <span class='ocrx_word' id='word_1_161' title='bbox 3400 777 3694 832; x_wconf 85' lang='lat' dir='ltr'><strong>dicentem</strong></span> <span class='ocrx_word' id='word_1_162' title='bbox 3741 796 3753 831; x_wconf 90' lang='lat'>:</span> 
     </span>
    </p>
   </div>
   <div class='ocr_carea' id='block_1_21' title="bbox 2162 869 3755 940">
    <p class='ocr_par' dir='ltr' id='par_1_21' title="bbox 2162 869 3755 940">
     <span class='ocr_line' id='line_1_21' title="bbox 2162 869 3755 940; baseline -0.008 -9"><span class='ocrx_word' id='word_1_163' title='bbox 2162 876 2355 931; x_wconf 81' lang='lat' dir='ltr'><strong>Pacem</strong></span> <span class='ocrx_word' id='word_1_164' title='bbox 2410 890 2580 928; x_wconf 76' lang='lat' dir='ltr'><strong>meam</strong></span> <span class='ocrx_word' id='word_1_165' title='bbox 2629 878 2697 926; x_wconf 86' lang='lat' dir='ltr'><strong>do</strong></span> <span class='ocrx_word' id='word_1_166' title='bbox 2751 873 2926 938; x_wconf 87' lang='lat' dir='ltr'><strong>vobis,</strong></span> <span class='ocrx_word' id='word_1_167' title='bbox 2981 887 3160 940; x_wconf 86' lang='lat' dir='ltr'><strong>pacem</strong></span> <span class='ocrx_word' id='word_1_168' title='bbox 3210 886 3385 923; x_wconf 79' lang='lat' dir='ltr'><strong>meam</strong></span> <span class='ocrx_word' id='word_1_169' title='bbox 3448 869 3755 937; x_wconf 73' lang='lat' dir='ltr'><strong>derelinan</strong></span> 
     </span>
    </p>
   </div>
   <div class='ocr_carea' id='block_1_22' title="bbox 2159 963 3757 1034">
    <p class='ocr_par' dir='ltr' id='par_1_22' title="bbox 2159 963 3757 1034">
     <span class='ocr_line' id='line_1_22' title="bbox 2159 963 3757 1034; baseline -0.006 -11"><span class='ocrx_word' id='word_1_170' title='bbox 2159 968 2305 1023; x_wconf 82' lang='lat' dir='ltr'><strong>vobis</strong></span> <span class='ocrx_word' id='word_1_171' title='bbox 2347 966 2436 1021; x_wconf 73' lang='grc' dir='ltr'><strong>τοι</strong></span> <span class='ocrx_word' id='word_1_172' title='bbox 2469 966 2636 1021; x_wconf 88' lang='lat' dir='ltr'><strong>Suam</strong></span> <span class='ocrx_word' id='word_1_173' title='bbox 2680 980 2870 1034; x_wconf 86' lang='lat' dir='ltr'><strong>pacein</strong></span> <span class='ocrx_word' id='word_1_174' title='bbox 2903 966 2995 1020; x_wconf 91' lang='lat' dir='ltr'><strong>dat</strong></span> <span class='ocrx_word' id='word_1_175' title='bbox 3029 965 3186 1019; x_wconf 90' lang='lat' dir='ltr'><strong>nobis</strong></span> <span class='ocrx_word' id='word_1_176' title='bbox 3233 963 3527 1026; x_wconf 88' lang='lat' dir='ltr'><strong>Dominus,</strong></span> <span class='ocrx_word' id='word_1_177' title='bbox 3564 969 3625 1016; x_wconf 82' lang='lat' dir='ltr'><strong>et</strong></span> <span class='ocrx_word' id='word_1_178' title='bbox 3671 975 3757 1015; x_wconf 82' lang='lat' dir='ltr'><strong>nos</strong></span> 
     </span>
    </p>
   </div>
   <div class='ocr_carea' id='block_1_23' title="bbox 2155 1052 3755 1129">
    <p class='ocr_par' dir='ltr' id='par_1_23' title="bbox 2155 1052 3755 1129">
     <span class='ocr_line' id='line_1_23' title="bbox 2155 1052 3755 1129; baseline -0.004 -19"><span class='ocrx_word' id='word_1_179' title='bbox 2155 1057 2336 1129; x_wconf 88' lang='lat' dir='ltr'><strong>jurgia</strong></span> <span class='ocrx_word' id='word_1_180' title='bbox 2371 1072 2402 1112; x_wconf 91' lang='lat' dir='ltr'><strong>e</strong></span> <span class='ocrx_word' id='word_1_181' title='bbox 2448 1066 2635 1112; x_wconf 89' lang='lat' dir='ltr'><strong>contra</strong></span> <span class='ocrx_word' id='word_1_182' title='bbox 2675 1057 3006 1111; x_wconf 86' lang='lat' dir='ltr'><strong>inducimus.</strong></span> <span class='ocrx_word' id='word_1_183' title='bbox 3053 1054 3205 1110; x_wconf 88' lang='lat' dir='ltr'><strong>Finis</strong></span> <span class='ocrx_word' id='word_1_184' title='bbox 3247 1064 3434 1108; x_wconf 89' lang='lat' dir='ltr'><strong>autem</strong></span> <span class='ocrx_word' id='word_1_185' title='bbox 3484 1052 3755 1107; x_wconf 85' lang='lat' dir='ltr'><strong>sermonis</strong></span> 
     </span>
    </p>
   </div>
   <div class='ocr_carea' id='block_1_24' title="bbox 2162 1144 3758 1216">
    <p class='ocr_par' dir='ltr' id='par_1_24' title="bbox 2162 1144 3758 1216">
     <span class='ocr_line' id='line_1_24' title="bbox 2162 1144 3758 1216; baseline -0.004 -12"><span class='ocrx_word' id='word_1_186' title='bbox 2162 1150 2267 1205; x_wconf 91' lang='lat' dir='ltr'><strong>iste</strong></span> <span class='ocrx_word' id='word_1_187' title='bbox 2302 1151 2392 1205; x_wconf 89' lang='lat' dir='ltr'><strong>sit.</strong></span> <span class='ocrx_word' id='word_1_188' title='bbox 2426 1149 2611 1204; x_wconf 88' lang='lat' dir='ltr'><strong>Gloria</strong></span> <span class='ocrx_word' id='word_1_189' title='bbox 2643 1151 2736 1203; x_wconf 92' lang='lat' dir='ltr'><strong>uni</strong></span> <span class='ocrx_word' id='word_1_190' title='bbox 2777 1165 2884 1202; x_wconf 84' lang='lat' dir='ltr'><strong>non</strong></span> <span class='ocrx_word' id='word_1_191' title='bbox 2934 1157 3061 1202; x_wconf 93' lang='lat' dir='ltr'><strong>nato</strong></span> <span class='ocrx_word' id='word_1_192' title='bbox 3115 1148 3226 1201; x_wconf 89' lang='lat' dir='ltr'><strong>Deo</strong></span> <span class='ocrx_word' id='word_1_193' title='bbox 3263 1162 3360 1216; x_wconf 76' lang='lat' dir='ltr'><strong>per</strong></span> <span class='ocrx_word' id='word_1_194' title='bbox 3405 1161 3589 1200; x_wconf 88' lang='lat' dir='ltr'><strong>unum</strong></span> <span class='ocrx_word' id='word_1_195' title='bbox 3642 1144 3758 1198; x_wconf 86' lang='lat' dir='ltr'><strong>uni-</strong></span> 
     </span>
    </p>
   </div>
   <div class='ocr_carea' id='block_1_25' title="bbox 2161 1238 3754 1312">
    <p class='ocr_par' dir='ltr' id='par_1_25' title="bbox 2161 1238 3754 1312">
     <span class='ocr_line' id='line_1_25' title="bbox 2161 1238 3754 1312; baseline -0.005 -16"><span class='ocrx_word' id='word_1_196' title='bbox 2161 1243 2401 1312; x_wconf 76' lang='lat' dir='ltr'><strong>genitum</strong></span> <span class='ocrx_word' id='word_1_197' title='bbox 2452 1240 2622 1295; x_wconf 89' lang='lat' dir='ltr'><strong>Deum</strong></span> <span class='ocrx_word' id='word_1_198' title='bbox 2665 1241 2859 1296; x_wconf 86' lang='lat' dir='ltr'><strong>Filium</strong></span> <span class='ocrx_word' id='word_1_199' title='bbox 2908 1241 3002 1294; x_wconf 90' lang='lat' dir='ltr'><strong>Dei</strong></span> <span class='ocrx_word' id='word_1_200' title='bbox 3055 1241 3246 1294; x_wconf 90' lang='lat' dir='ltr'><strong>inuno</strong></span> <span class='ocrx_word' id='word_1_201' title='bbox 3279 1238 3493 1309; x_wconf 79' lang='lat' dir='ltr'><strong>Spiritu</strong></span> <span class='ocrx_word' id='word_1_202' title='bbox 3540 1249 3754 1298; x_wconf 88' lang='lat' dir='ltr'><strong>sancto,</strong></span> 
     </span>
    </p>
   </div>
   <div class='ocr_carea' id='block_1_26' title="bbox 2159 1329 3754 1402">
    <p class='ocr_par' dir='ltr' id='par_1_26' title="bbox 2159 1329 3754 1402">
     <span class='ocr_line' id='line_1_26' title="bbox 2159 1329 3754 1402; baseline -0.004 -14"><span class='ocrx_word' id='word_1_203' title='bbox 2159 1347 2214 1388; x_wconf 92' lang='lat' dir='ltr'><strong>et</strong></span> <span class='ocrx_word' id='word_1_204' title='bbox 2243 1348 2386 1388; x_wconf 89' lang='lat' dir='ltr'><strong>nunc</strong></span> <span class='ocrx_word' id='word_1_205' title='bbox 2405 1341 2461 1387; x_wconf 90' lang='lat' dir='ltr'><strong>et</strong></span> <span class='ocrx_word' id='word_1_206' title='bbox 2494 1347 2708 1402; x_wconf 87' lang='lat' dir='ltr'><strong>semper</strong></span> <span class='ocrx_word' id='word_1_207' title='bbox 2733 1341 2788 1387; x_wconf 90' lang='lat' dir='ltr'><strong>et</strong></span> <span class='ocrx_word' id='word_1_208' title='bbox 2822 1347 2919 1401; x_wconf 89' lang='lat' dir='ltr'><strong>per</strong></span> <span class='ocrx_word' id='word_1_209' title='bbox 2948 1331 3132 1386; x_wconf 86' lang='lat' dir='ltr'><strong>omnia</strong></span> <span class='ocrx_word' id='word_1_210' title='bbox 3156 1329 3356 1386; x_wconf 66' lang='lat' dir='ltr'><strong>saicula</strong></span> <span class='ocrx_word' id='word_1_211' title='bbox 3399 1329 3754 1384; x_wconf 68' lang='lat' dir='ltr'><strong>saeculonim.</strong></span> 
     </span>
    </p>
   </div>
   <div class='ocr_carea' id='block_1_27' title="bbox 2159 1427 2355 1482">
    <p class='ocr_par' dir='ltr' id='par_1_27' title="bbox 2159 1427 2355 1482">
     <span class='ocr_line' id='line_1_27' title="bbox 2159 1427 2355 1482; baseline 0.01 -2"><span class='ocrx_word' id='word_1_212' title='bbox 2159 1427 2355 1482; x_wconf 82' lang='lat' dir='ltr'><strong>Amen.</strong></span> 
     </span>
    </p>
   </div>
   <div class='ocr_carea' id='block_1_28' title="bbox 503 1774 3736 1808">
    <p class='ocr_par' dir='ltr' id='par_1_28' title="bbox 503 1774 3736 1808">
     <span class='ocr_line' id='line_1_28' title="bbox 503 1774 3736 1808; baseline -0.004 3"><span class='ocrx_word' id='word_1_213' title='bbox 503 1774 3736 1808; x_wconf 44' lang='lat' dir='ltr'><strong>ww“</strong></span> 
     </span>
    </p>
   </div>
   <div class='ocr_carea' id='block_1_29' title="bbox 1565 1973 2654 2064">
    <p class='ocr_par' dir='ltr' id='par_1_29' title="bbox 1565 1973 2654 2064">
     <span class='ocr_line' id='line_1_29' title="bbox 1565 1973 2654 2064; baseline 0 -3"><span class='ocrx_word' id='word_1_214' title='bbox 1565 1973 1832 2061; x_wconf 87' lang='lat' dir='ltr'><strong>LIBE</strong></span> <span class='ocrx_word' id='word_1_215' title='bbox 1860 1975 1922 2060; x_wconf 76' lang='grc' dir='ltr'><strong>Β</strong></span> <span class='ocrx_word' id='word_1_216' title='bbox 1998 1973 2654 2064; x_wconf 89' lang='lat' dir='ltr'><strong>SECUNDUS.</strong></span> 
     </span>
    </p>
   </div>
   <div class='ocr_carea' id='block_1_30' title="bbox 539 2321 3745 2399">
    <p class='ocr_par' dir='ltr' id='par_1_30' title="bbox 539 2321 3745 2399">
     <span class='ocr_line' id='line_1_30' title="bbox 539 2321 3745 2399; baseline -0.001 -13"><span class='ocrx_word' id='word_1_217' title='bbox 539 2332 677 2399; x_wconf 67' lang='lat' dir='ltr'><strong>Puto</strong></span> <span class='ocrx_word' id='word_1_218' title='bbox 701 2332 877 2386; x_wconf 91' lang='lat' dir='ltr'><strong>adhuc</strong></span> <span class='ocrx_word' id='word_1_219' title='bbox 907 2345 1069 2385; x_wconf 91' lang='lat' dir='ltr'><strong>aures</strong></span> <span class='ocrx_word' id='word_1_220' title='bbox 1101 2327 1341 2396; x_wconf 87' lang='lat' dir='ltr'><strong>obstrepi</strong></span> <span class='ocrx_word' id='word_1_221' title='bbox 1377 2341 1526 2381; x_wconf 90' lang='lat' dir='ltr'><strong>meas</strong></span> <span class='ocrx_word' id='word_1_222' title='bbox 1549 2341 1577 2380; x_wconf 93' lang='lat' dir='ltr'><strong>a</strong></span> <span class='ocrx_word' id='word_1_223' title='bbox 1612 2328 1871 2381; x_wconf 86' lang='lat' dir='ltr'><strong>memoria</strong></span> <span class='ocrx_word' id='word_1_224' title='bbox 1917 2327 2060 2381; x_wconf 84' lang='lat' dir='ltr'><strong>beati</strong></span> <span class='ocrx_word' id='word_1_225' title='bbox 2092 2337 2136 2390; x_wconf 82' lang='grc' dir='ltr'><strong>Β</strong></span> <span class='ocrx_word' id='word_1_226' title='bbox 2166 2321 2429 2382; x_wconf 88' lang='lat' dir='ltr'><strong>Dominus</strong></span> <span class='ocrx_word' id='word_1_227' title='bbox 2477 2323 2709 2382; x_wconf 88' lang='lat' dir='ltr'><strong>reddens</strong></span> <span class='ocrx_word' id='word_1_228' title='bbox 2752 2345 2970 2384; x_wconf 87' lang='lat' dir='ltr'><strong>causam</strong></span> <span class='ocrx_word' id='word_1_229' title='bbox 3001 2329 3084 2384; x_wconf 91' lang='lat' dir='ltr'><strong>sui</strong></span> <span class='ocrx_word' id='word_1_230' title='bbox 3116 2331 3382 2383; x_wconf 80' lang='lat' dir='ltr'><strong>adventus</strong></span> <span class='ocrx_word' id='word_1_231' title='bbox 3411 2323 3470 2382; x_wconf 90' lang='lat' dir='ltr'><strong>in</strong></span> <span class='ocrx_word' id='word_1_232' title='bbox 3517 2329 3745 2395; x_wconf 86' lang='lat' dir='ltr'><strong>mundo,</strong></span> 
     </span>
    </p>
   </div>
   <div class='ocr_carea' id='block_1_31' title="bbox 469 2415 2052 2492">
    <p class='ocr_par' dir='ltr' id='par_1_31' title="bbox 469 2415 2052 2492">
     <span class='ocr_line' id='line_1_31' title="bbox 469 2415 2052 2492; baseline -0.004 -13"><span class='ocrx_word' id='word_1_233' title='bbox 469 2425 622 2479; x_wconf 87' lang='lat' dir='ltr'><strong>illius</strong></span> <span class='ocrx_word' id='word_1_234' title='bbox 659 2423 760 2476; x_wconf 92' lang='lat' dir='ltr'><strong>viri</strong></span> <span class='ocrx_word' id='word_1_235' title='bbox 796 2421 937 2492; x_wconf 89' lang='lat'><strong>(88),</strong></span> <span class='ocrx_word' id='word_1_236' title='bbox 964 2420 1056 2490; x_wconf 92' lang='lat' dir='ltr'><strong>qui</strong></span> <span class='ocrx_word' id='word_1_237' title='bbox 1077 2419 1166 2472; x_wconf 90' lang='lat' dir='ltr'><strong>illa</strong></span> <span class='ocrx_word' id='word_1_238' title='bbox 1195 2418 1442 2488; x_wconf 88' lang='lat' dir='ltr'><strong>religiosa</strong></span> <span class='ocrx_word' id='word_1_239' title='bbox 1473 2415 1784 2486; x_wconf 88' lang='lat' dir='ltr'><strong>frequenter</strong></span> <span class='ocrx_word' id='word_1_240' title='bbox 1813 2432 1942 2471; x_wconf 90' lang='lat' dir='ltr'><strong>usus</strong></span> <span class='ocrx_word' id='word_1_241' title='bbox 1970 2426 2052 2472; x_wconf 91' lang='lat' dir='ltr'><strong>est</strong></span> 
     </span>
    </p>
   </div>
   <div class='ocr_carea' id='block_1_32' title="bbox 467 2504 2048 2569">
    <p class='ocr_par' dir='ltr' id='par_1_32' title="bbox 467 2504 2048 2569">
     <span class='ocr_line' id='line_1_32' title="bbox 467 2504 2048 2569; baseline -0.006 -1"><span class='ocrx_word' id='word_1_242' title='bbox 467 2529 630 2568; x_wconf 91' lang='lat' dir='ltr'><strong>voce.</strong></span> <span class='ocrx_word' id='word_1_243' title='bbox 655 2511 790 2565; x_wconf 84' lang='lat' dir='ltr'><strong>Nam</strong></span> <span class='ocrx_word' id='word_1_244' title='bbox 823 2521 880 2566; x_wconf 85' lang='lat' dir='ltr'><strong>et</strong></span> <span class='ocrx_word' id='word_1_245' title='bbox 907 2523 1066 2563; x_wconf 89' lang='lat' dir='ltr'><strong>aures</strong></span> <span class='ocrx_word' id='word_1_246' title='bbox 1089 2519 1287 2562; x_wconf 71' lang='lat' dir='ltr'><strong>vestra:</strong></span> <span class='ocrx_word' id='word_1_247' title='bbox 1309 2507 1487 2560; x_wconf 86' lang='lat' dir='ltr'><strong>adhuc</strong></span> <span class='ocrx_word' id='word_1_248' title='bbox 1520 2506 1718 2559; x_wconf 92' lang='lat' dir='ltr'><strong>bonum</strong></span> <span class='ocrx_word' id='word_1_249' title='bbox 1750 2504 1864 2569; x_wconf 84' lang='lat'><strong>(89)</strong></span> <span class='ocrx_word' id='word_1_250' title='bbox 1902 2505 2048 2559; x_wconf 91' lang='lat' dir='ltr'><strong>illius</strong></span> 
     </span>
    </p>
   </div>
   <div class='ocr_carea' id='block_1_33' title="bbox 466 2598 2050 2660">
    <p class='ocr_par' dir='ltr' id='par_1_33' title="bbox 466 2598 2050 2660">
     <span class='ocr_line' id='line_1_33' title="bbox 466 2598 2050 2660; baseline -0.004 -3"><span class='ocrx_word' id='word_1_251' title='bbox 466 2604 620 2660; x_wconf 83' lang='lat' dir='ltr'><strong>vocis</strong></span> <span class='ocrx_word' id='word_1_252' title='bbox 671 2604 931 2658; x_wconf 90' lang='lat' dir='ltr'><strong>retinent.</strong></span> <span class='ocrx_word' id='word_1_253' title='bbox 969 2603 1106 2656; x_wconf 86' lang='lat' dir='ltr'><strong>Puto</strong></span> <span class='ocrx_word' id='word_1_254' title='bbox 1158 2600 1300 2653; x_wconf 88' lang='lat' dir='ltr'><strong>enim</strong></span> <span class='ocrx_word' id='word_1_255' title='bbox 1342 2613 1426 2652; x_wconf 91' lang='lat' dir='ltr'><strong>me</strong></span> <span class='ocrx_word' id='word_1_256' title='bbox 1476 2599 1665 2651; x_wconf 89' lang='lat' dir='ltr'><strong>audire</strong></span> <span class='ocrx_word' id='word_1_257' title='bbox 1697 2614 1816 2650; x_wconf 89' lang='lat' dir='ltr'><strong>eum</strong></span> <span class='ocrx_word' id='word_1_258' title='bbox 1863 2598 2050 2651; x_wconf 86' lang='lat' dir='ltr'><strong>dicen-</strong></span> 
     </span>
    </p>
   </div>
   <div class='ocr_carea' id='block_1_34' title="bbox 469 2687 2052 2763">
    <p class='ocr_par' dir='ltr' id='par_1_34' title="bbox 469 2687 2052 2763">
     <span class='ocr_line' id='line_1_34' title="bbox 469 2687 2052 2763; baseline -0.007 -13"><span class='ocrx_word' id='word_1_259' title='bbox 469 2707 576 2752; x_wconf 86' lang='lat' dir='ltr'><strong>tem</strong></span> <span class='ocrx_word' id='word_1_260' title='bbox 614 2715 626 2748; x_wconf 90' lang='lat'>:</span> <span class='ocrx_word' id='word_1_261' title='bbox 659 2693 969 2763; x_wconf 85' lang='lat' dir='ltr'><strong>Unigenitus</strong></span> <span class='ocrx_word' id='word_1_262' title='bbox 1006 2691 1098 2744; x_wconf 84' lang='lat' dir='ltr'><strong>Dei</strong></span> <span class='ocrx_word' id='word_1_263' title='bbox 1138 2689 1314 2742; x_wconf 78' lang='lat' dir='ltr'><strong>Filius</strong></span> <span class='ocrx_word' id='word_1_264' title='bbox 1341 2689 1408 2742; x_wconf 84' lang='grc'><strong>⁸⁰.</strong></span> <span class='ocrx_word' id='word_1_265' title='bbox 1438 2688 1573 2742; x_wconf 83' lang='lat' dir='ltr'><strong>Ecce</strong></span> <span class='ocrx_word' id='word_1_266' title='bbox 1609 2687 1752 2740; x_wconf 88' lang='lat' dir='ltr'><strong>enim</strong></span> <span class='ocrx_word' id='word_1_267' title='bbox 1780 2687 1890 2757; x_wconf 89' lang='lat'><strong>(90)</strong></span> <span class='ocrx_word' id='word_1_268' title='bbox 1923 2687 2052 2741; x_wconf 85' lang='lat' dir='ltr'><strong>reli-</strong></span> 
     </span>
    </p>
   </div>
   <div class='ocr_carea' id='block_1_35' title="bbox 465 2779 2049 2858">
    <p class='ocr_par' dir='ltr' id='par_1_35' title="bbox 465 2779 2049 2858">
     <span class='ocr_line' id='line_1_35' title="bbox 465 2779 2049 2858; baseline -0.004 -19"><span class='ocrx_word' id='word_1_269' title='bbox 465 2790 616 2858; x_wconf 81' lang='lat' dir='ltr'><strong>giosa</strong></span> <span class='ocrx_word' id='word_1_270' title='bbox 653 2802 758 2841; x_wconf 77' lang='lat' dir='ltr'><strong>vox</strong></span> <span class='ocrx_word' id='word_1_271' title='bbox 789 2799 885 2856; x_wconf 86' lang='lat' dir='ltr'><strong>per</strong></span> <span class='ocrx_word' id='word_1_272' title='bbox 908 2802 970 2838; x_wconf 83' lang='lat' dir='ltr'><strong>os</strong></span> <span class='ocrx_word' id='word_1_273' title='bbox 992 2785 1108 2853; x_wconf 85' lang='lat' dir='ltr'><strong>ejus</strong></span> <span class='ocrx_word' id='word_1_274' title='bbox 1145 2797 1359 2851; x_wconf 88' lang='lat' dir='ltr'><strong>semper</strong></span> <span class='ocrx_word' id='word_1_275' title='bbox 1386 2780 1755 2850; x_wconf 75' lang='lat' dir='ltr'><strong>premebatur.</strong></span> <span class='ocrx_word' id='word_1_276' title='bbox 1789 2779 2049 2834; x_wconf 87' lang='lat' dir='ltr'><strong>Memoria</strong></span> 
     </span>
    </p>
   </div>
   <div class='ocr_carea' id='block_1_36' title="bbox 464 2869 2049 2948">
    <p class='ocr_par' dir='ltr' id='par_1_36' title="bbox 464 2869 2049 2948">
     <span class='ocr_line' id='line_1_36' title="bbox 464 2869 2049 2948; baseline -0.006 -14"><span class='ocrx_word' id='word_1_277' title='bbox 464 2879 617 2934; x_wconf 87' lang='lat' dir='ltr'><strong>enim</strong></span> <span class='ocrx_word' id='word_1_278' title='bbox 671 2886 790 2934; x_wconf 87' lang='lat' dir='ltr'><strong>erat</strong></span> <span class='ocrx_word' id='word_1_279' title='bbox 836 2875 1115 2948; x_wconf 87' lang='lat' dir='ltr'><strong>Unigeniti</strong></span> <span class='ocrx_word' id='word_1_280' title='bbox 1173 2875 1241 2928; x_wconf 93' lang='lat' dir='ltr'><strong>ad</strong></span> <span class='ocrx_word' id='word_1_281' title='bbox 1295 2872 1524 2941; x_wconf 80' lang='lat' dir='ltr'><strong>gloriam</strong></span> <span class='ocrx_word' id='word_1_282' title='bbox 1554 2885 1661 2925; x_wconf 91' lang='lat' dir='ltr'><strong>non</strong></span> <span class='ocrx_word' id='word_1_283' title='bbox 1708 2871 1818 2924; x_wconf 90' lang='lat' dir='ltr'><strong>nati</strong></span> <span class='ocrx_word' id='word_1_284' title='bbox 1849 2869 2049 2925; x_wconf 87' lang='lat' dir='ltr'><strong>Patris.</strong></span> 
     </span>
    </p>
   </div>
   <div class='ocr_carea' id='block_1_37' title="bbox 466 2963 2052 3036">
    <p class='ocr_par' dir='ltr' id='par_1_37' title="bbox 466 2963 2052 3036">
     <span class='ocr_line' id='line_1_37' title="bbox 466 2963 2052 3036; baseline -0.006 -10"><span class='ocrx_word' id='word_1_285' title='bbox 466 2971 787 3026; x_wconf 84' lang='lat' dir='ltr'><strong>Audivimus</strong></span> <span class='ocrx_word' id='word_1_286' title='bbox 835 2978 1017 3023; x_wconf 91' lang='lat' dir='ltr'><strong>autem</strong></span> <span class='ocrx_word' id='word_1_287' title='bbox 1065 2966 1372 3036; x_wconf 88' lang='lat' dir='ltr'><strong>apostolum</strong></span> <span class='ocrx_word' id='word_1_288' title='bbox 1421 2963 1823 3035; x_wconf 67' lang='lat' dir='ltr'><strong>praecipientem</strong></span> <span class='ocrx_word' id='word_1_289' title='bbox 1877 2963 2052 3016; x_wconf 84' lang='lat' dir='ltr'><strong>hono-</strong></span> 
     </span>
    </p>
   </div>
   <div class='ocr_carea' id='block_1_38' title="bbox 467 3053 2051 3132">
    <p class='ocr_par' dir='ltr' id='par_1_38' title="bbox 467 3053 2051 3132">
     <span class='ocr_line' id='line_1_38' title="bbox 467 3053 2051 3132; baseline -0.008 -12"><span class='ocrx_word' id='word_1_290' title='bbox 467 3064 580 3120; x_wconf 86' lang='lat' dir='ltr'><strong>rari</strong></span> <span class='ocrx_word' id='word_1_291' title='bbox 629 3061 832 3132; x_wconf 89' lang='lat' dir='ltr'><strong>duplici</strong></span> <span class='ocrx_word' id='word_1_292' title='bbox 897 3062 1107 3115; x_wconf 88' lang='lat' dir='ltr'><strong>honore</strong></span> <span class='ocrx_word' id='word_1_293' title='bbox 1163 3057 1360 3112; x_wconf 90' lang='lat' dir='ltr'><strong>debere</strong></span> <span class='ocrx_word' id='word_1_294' title='bbox 1415 3055 1767 3126; x_wconf 87' lang='lat' dir='ltr'><strong>presbyteros</strong></span> <span class='ocrx_word' id='word_1_295' title='bbox 1798 3053 1842 3085; x_wconf 78' lang='lat'>“</span> <span class='ocrx_word' id='word_1_296' title='bbox 1888 3067 1903 3105; x_wconf 90' lang='lat'><strong>:</strong></span> <span class='ocrx_word' id='word_1_297' title='bbox 1957 3069 2051 3108; x_wconf 90' lang='lat' dir='ltr'><strong>eos</strong></span> 
     </span>
    </p>
   </div>
   <div class='ocr_carea' id='block_1_39' title="bbox 467 3141 2051 3222">
    <p class='ocr_par' dir='ltr' id='par_1_39' title="bbox 467 3141 2051 3222">
     <span class='ocr_line' id='line_1_39' title="bbox 467 3141 2051 3222; baseline -0.009 -13"><span class='ocrx_word' id='word_1_298' title='bbox 467 3154 707 3209; x_wconf 81' lang='lat' dir='ltr'><strong>maxime</strong></span> <span class='ocrx_word' id='word_1_299' title='bbox 735 3153 829 3222; x_wconf 90' lang='lat' dir='ltr'><strong>qui</strong></span> <span class='ocrx_word' id='word_1_300' title='bbox 856 3151 1110 3204; x_wconf 88' lang='lat' dir='ltr'><strong>laborant</strong></span> <span class='ocrx_word' id='word_1_301' title='bbox 1135 3148 1190 3201; x_wconf 90' lang='lat' dir='ltr'><strong>in</strong></span> <span class='ocrx_word' id='word_1_302' title='bbox 1218 3147 1382 3200; x_wconf 81' lang='lat' dir='ltr'><strong>verbo</strong></span> <span class='ocrx_word' id='word_1_303' title='bbox 1408 3154 1462 3198; x_wconf 89' lang='lat' dir='ltr'><strong>et</strong></span> <span class='ocrx_word' id='word_1_304' title='bbox 1485 3143 1750 3198; x_wconf 85' lang='lat' dir='ltr'><strong>doctrina.</strong></span> <span class='ocrx_word' id='word_1_305' title='bbox 1779 3141 1880 3207; x_wconf 89' lang='lat' dir='ltr'><strong>Qui</strong></span> <span class='ocrx_word' id='word_1_306' title='bbox 1904 3142 2051 3194; x_wconf 89' lang='lat' dir='ltr'><strong>enim</strong></span> 
     </span>
    </p>
   </div>
   <div class='ocr_carea' id='block_1_40' title="bbox 465 3235 2048 3316">
    <p class='ocr_par' dir='ltr' id='par_1_40' title="bbox 465 3235 2048 3316">
     <span class='ocr_line' id='line_1_40' title="bbox 465 3235 2048 3316; baseline -0.008 -16"><span class='ocrx_word' id='word_1_307' title='bbox 465 3245 786 3316; x_wconf 85' lang='lat' dir='ltr'><strong>pudicitiam</strong></span> <span class='ocrx_word' id='word_1_308' title='bbox 833 3243 983 3306; x_wconf 82' lang='lat' dir='ltr'><strong>colit,</strong></span> <span class='ocrx_word' id='word_1_309' title='bbox 1037 3242 1214 3296; x_wconf 88' lang='lat' dir='ltr'><strong>bonus</strong></span> <span class='ocrx_word' id='word_1_310' title='bbox 1259 3249 1343 3294; x_wconf 88' lang='lat' dir='ltr'><strong>est</strong></span> <span class='ocrx_word' id='word_1_311' title='bbox 1391 3237 1495 3294; x_wconf 87' lang='lat' dir='ltr'><strong>sibi</strong></span> <span class='ocrx_word' id='word_1_312' title='bbox 1537 3255 1552 3292; x_wconf 88' lang='lat'><strong>:</strong></span> <span class='ocrx_word' id='word_1_313' title='bbox 1595 3246 1649 3292; x_wconf 92' lang='lat' dir='ltr'><strong>et</strong></span> <span class='ocrx_word' id='word_1_314' title='bbox 1686 3236 1777 3305; x_wconf 88' lang='lat' dir='ltr'><strong>qui</strong></span> <span class='ocrx_word' id='word_1_315' title='bbox 1813 3235 2048 3304; x_wconf 87' lang='lat' dir='ltr'><strong>jejunat,</strong></span> 
     </span>
    </p>
   </div>
   <div class='ocr_carea' id='block_1_41' title="bbox 463 3327 2051 3399">
    <p class='ocr_par' dir='ltr' id='par_1_41' title="bbox 463 3327 2051 3399">
     <span class='ocr_line' id='line_1_41' title="bbox 463 3327 2051 3399; baseline -0.006 -9"><span class='ocrx_word' id='word_1_316' title='bbox 463 3336 636 3390; x_wconf 88' lang='lat' dir='ltr'><strong>etiam</strong></span> <span class='ocrx_word' id='word_1_317' title='bbox 696 3334 742 3389; x_wconf 90' lang='lat' dir='ltr'><strong>si</strong></span> <span class='ocrx_word' id='word_1_318' title='bbox 793 3335 996 3389; x_wconf 87' lang='lat' dir='ltr'><strong>bonum</strong></span> <span class='ocrx_word' id='word_1_319' title='bbox 1053 3331 1218 3387; x_wconf 76' lang='lat' dir='ltr'><strong>faciat</strong></span> <span class='ocrx_word' id='word_1_320' title='bbox 1263 3345 1419 3399; x_wconf 83' lang='lat' dir='ltr'><strong>opus,</strong></span> <span class='ocrx_word' id='word_1_321' title='bbox 1456 3339 1638 3384; x_wconf 90' lang='lat' dir='ltr'><strong>tamen</strong></span> <span class='ocrx_word' id='word_1_322' title='bbox 1674 3329 1822 3382; x_wconf 88' lang='lat' dir='ltr'><strong>sibi:</strong></span> <span class='ocrx_word' id='word_1_323' title='bbox 1867 3337 1923 3382; x_wconf 90' lang='lat' dir='ltr'><strong>et</strong></span> <span class='ocrx_word' id='word_1_324' title='bbox 1957 3327 2051 3397; x_wconf 87' lang='lat' dir='ltr'><strong>qui</strong></span> 
     </span>
    </p>
   </div>
   <div class='ocr_carea' id='block_1_42' title="bbox 465 3420 2050 3496">
    <p class='ocr_par' dir='ltr' id='par_1_42' title="bbox 465 3420 2050 3496">
     <span class='ocr_line' id='line_1_42' title="bbox 465 3420 2050 3496; baseline -0.008 -10"><span class='ocrx_word' id='word_1_325' title='bbox 465 3429 780 3496; x_wconf 82' lang='lat' dir='ltr'><strong>miseretur,</strong></span> <span class='ocrx_word' id='word_1_326' title='bbox 816 3437 872 3482; x_wconf 89' lang='lat' dir='ltr'><strong>et</strong></span> <span class='ocrx_word' id='word_1_327' title='bbox 921 3425 1028 3482; x_wconf 86' lang='lat' dir='ltr'><strong>sibi</strong></span> <span class='ocrx_word' id='word_1_328' title='bbox 1066 3423 1500 3480; x_wconf 89' lang='lat' dir='ltr'><strong>misericordiam</strong></span> <span class='ocrx_word' id='word_1_329' title='bbox 1545 3431 1726 3492; x_wconf 90' lang='lat' dir='ltr'><strong>parat,</strong></span> <span class='ocrx_word' id='word_1_330' title='bbox 1764 3430 1822 3475; x_wconf 91' lang='lat' dir='ltr'><strong>et</strong></span> <span class='ocrx_word' id='word_1_331' title='bbox 1863 3420 1913 3475; x_wconf 88' lang='lat' dir='ltr'><strong>ei</strong></span> <span class='ocrx_word' id='word_1_332' title='bbox 1961 3420 2050 3476; x_wconf 92' lang='lat' dir='ltr'><strong>cui</strong></span> 
     </span>
    </p>
   </div>
   <div class='ocr_carea' id='block_1_43' title="bbox 463 3537 2048 3618">
    <p class='ocr_par' dir='ltr' id='par_1_43' title="bbox 463 3537 2048 3618">
     <span class='ocr_line' id='line_1_43' title="bbox 463 3537 2048 3618; baseline -0.006 -17"><span class='ocrx_word' id='word_1_333' title='bbox 463 3547 696 3618; x_wconf 84' lang='lat' dir='ltr'><strong>praebet.</strong></span> <span class='ocrx_word' id='word_1_334' title='bbox 729 3545 833 3613; x_wconf 87' lang='lat' dir='ltr'><strong>Qui</strong></span> <span class='ocrx_word' id='word_1_335' title='bbox 863 3553 1044 3598; x_wconf 87' lang='lat' dir='ltr'><strong>autem</strong></span> <span class='ocrx_word' id='word_1_336' title='bbox 1078 3542 1400 3612; x_wconf 77' lang='lat' dir='ltr'><strong>religionem</strong></span> <span class='ocrx_word' id='word_1_337' title='bbox 1429 3537 1728 3595; x_wconf 90' lang='lat' dir='ltr'><strong>secundum</strong></span> <span class='ocrx_word' id='word_1_338' title='bbox 1765 3538 2048 3592; x_wconf 84' lang='lat' dir='ltr'><strong>veritatem</strong></span> 
     </span>
    </p>
   </div>
   <div class='ocr_carea' id='block_1_44' title="bbox 464 3628 2049 3703">
    <p class='ocr_par' dir='ltr' id='par_1_44' title="bbox 464 3628 2049 3703">
     <span class='ocr_line' id='line_1_44' title="bbox 464 3628 2049 3703; baseline -0.007 -10"><span class='ocrx_word' id='word_1_339' title='bbox 464 3640 644 3703; x_wconf 89' lang='lat' dir='ltr'><strong>docet,</strong></span> <span class='ocrx_word' id='word_1_340' title='bbox 669 3647 726 3692; x_wconf 91' lang='lat' dir='ltr'><strong>et</strong></span> <span class='ocrx_word' id='word_1_341' title='bbox 771 3635 874 3690; x_wconf 90' lang='lat' dir='ltr'><strong>sibi</strong></span> <span class='ocrx_word' id='word_1_342' title='bbox 906 3635 1048 3689; x_wconf 90' lang='lat' dir='ltr'><strong>viam</strong></span> <span class='ocrx_word' id='word_1_343' title='bbox 1098 3643 1358 3687; x_wconf 63' lang='lat' dir='ltr'><strong>aeternam</strong></span> <span class='ocrx_word' id='word_1_344' title='bbox 1393 3630 1650 3700; x_wconf 90' lang='lat' dir='ltr'><strong>acquirit,</strong></span> <span class='ocrx_word' id='word_1_345' title='bbox 1697 3638 1754 3683; x_wconf 91' lang='lat' dir='ltr'><strong>et</strong></span> <span class='ocrx_word' id='word_1_346' title='bbox 1793 3628 2049 3682; x_wconf 89' lang='lat' dir='ltr'><strong>omnibus</strong></span> 
     </span>
    </p>
   </div>
   <div class='ocr_carea' id='block_1_45' title="bbox 464 3722 2113 3802">
    <p class='ocr_par' dir='ltr' id='par_1_45' title="bbox 464 3722 2113 3802">
     <span class='ocr_line' id='line_1_45' title="bbox 464 3722 2113 3802; baseline -0.007 -17"><span class='ocrx_word' id='word_1_347' title='bbox 464 3732 557 3802; x_wconf 88' lang='lat' dir='ltr'><strong>qui</strong></span> <span class='ocrx_word' id='word_1_348' title='bbox 583 3733 867 3785; x_wconf 79' lang='lat' dir='ltr'><strong>docentur.</strong></span> <span class='ocrx_word' id='word_1_349' title='bbox 899 3727 1019 3782; x_wconf 87' lang='lat' dir='ltr'><strong>Non</strong></span> <span class='ocrx_word' id='word_1_350' title='bbox 1054 3736 1139 3780; x_wconf 91' lang='lat' dir='ltr'><strong>est</strong></span> <span class='ocrx_word' id='word_1_351' title='bbox 1170 3734 1504 3793; x_wconf 67' lang='lat' dir='ltr'><strong>praeceptum</strong></span> <span class='ocrx_word' id='word_1_352' title='bbox 1531 3722 1792 3792; x_wconf 91' lang='lat' dir='ltr'><strong>apostolis</strong></span> <span class='ocrx_word' id='word_1_353' title='bbox 1823 3732 1881 3775; x_wconf 90' lang='lat' dir='ltr'><strong>ut</strong></span> <span class='ocrx_word' id='word_1_354' title='bbox 1915 3737 2044 3789; x_wconf 90' lang='lat' dir='ltr'><strong>pau-</strong></span> <span class='ocrx_word' id='word_1_355' title='bbox 2071 3738 2113 3796; x_wconf 71' lang='grc' dir='ltr'><strong>ρ</strong></span> 
     </span>
    </p>
   </div>
   <div class='ocr_carea' id='block_1_46' title="bbox 465 3811 2046 3894">
    <p class='ocr_par' dir='ltr' id='par_1_46' title="bbox 465 3811 2046 3894">
     <span class='ocr_line' id='line_1_46' title="bbox 465 3811 2046 3894; baseline -0.007 -17"><span class='ocrx_word' id='word_1_356' title='bbox 465 3837 626 3894; x_wconf 87' lang='lat' dir='ltr'><strong>peres</strong></span> <span class='ocrx_word' id='word_1_357' title='bbox 669 3828 980 3890; x_wconf 87' lang='lat' dir='ltr'><strong>pascerent,</strong></span> <span class='ocrx_word' id='word_1_358' title='bbox 1016 3818 1108 3872; x_wconf 92' lang='lat' dir='ltr'><strong>sed</strong></span> <span class='ocrx_word' id='word_1_359' title='bbox 1144 3827 1201 3871; x_wconf 92' lang='lat' dir='ltr'><strong>ut</strong></span> <span class='ocrx_word' id='word_1_360' title='bbox 1248 3827 1301 3870; x_wconf 86' lang='lat' dir='ltr'><strong>et</strong></span> <span class='ocrx_word' id='word_1_361' title='bbox 1348 3815 1449 3884; x_wconf 92' lang='lat' dir='ltr'><strong>ipsi</strong></span> <span class='ocrx_word' id='word_1_362' title='bbox 1491 3822 1869 3883; x_wconf 90' lang='lat' dir='ltr'><strong>pascerentur.</strong></span> <span class='ocrx_word' id='word_1_363' title='bbox 1900 3811 2046 3866; x_wconf 79' lang='lat' dir='ltr'><strong>Reli-</strong></span> 
     </span>
    </p>
   </div>
   <div class='ocr_carea' id='block_1_47' title="bbox 465 3907 2046 3987">
    <p class='ocr_par' dir='ltr' id='par_1_47' title="bbox 465 3907 2046 3987">
     <span class='ocr_line' id='line_1_47' title="bbox 465 3907 2046 3987; baseline -0.006 -16"><span class='ocrx_word' id='word_1_364' title='bbox 465 3917 642 3987; x_wconf 89' lang='lat' dir='ltr'><strong>gionis</strong></span> <span class='ocrx_word' id='word_1_365' title='bbox 667 3931 795 3985; x_wconf 82' lang='lat' dir='ltr'><strong>ergo</strong></span> <span class='ocrx_word' id='word_1_366' title='bbox 825 3911 1140 3983; x_wconf 81' lang='lat' dir='ltr'><strong>praedicatio</strong></span> <span class='ocrx_word' id='word_1_367' title='bbox 1177 3910 1347 3978; x_wconf 87' lang='lat' dir='ltr'><strong>major</strong></span> <span class='ocrx_word' id='word_1_368' title='bbox 1369 3917 1454 3964; x_wconf 89' lang='lat' dir='ltr'><strong>est</strong></span> <span class='ocrx_word' id='word_1_369' title='bbox 1477 3924 1503 3961; x_wconf 89' lang='lat' dir='ltr'><strong>a</strong></span> <span class='ocrx_word' id='word_1_370' title='bbox 1529 3907 1899 3962; x_wconf 89' lang='lat' dir='ltr'><strong>misericordia</strong></span> <span class='ocrx_word' id='word_1_371' title='bbox 1923 3921 2046 3976; x_wconf 84' lang='lat' dir='ltr'><strong>quae</strong></span> 
     </span>
    </p>
   </div>
   <div class='ocr_carea' id='block_1_48' title="bbox 465 4001 2042 4074">
    <p class='ocr_par' dir='ltr' id='par_1_48' title="bbox 465 4001 2042 4074">
     <span class='ocr_line' id='line_1_48' title="bbox 465 4001 2042 4074; baseline -0.008 -10"><span class='ocrx_word' id='word_1_372' title='bbox 465 4009 526 4064; x_wconf 84' lang='lat' dir='ltr'><strong>ﬁt</strong></span> <span class='ocrx_word' id='word_1_373' title='bbox 571 4008 638 4062; x_wconf 92' lang='lat' dir='ltr'><strong>ad</strong></span> <span class='ocrx_word' id='word_1_374' title='bbox 684 4008 932 4062; x_wconf 90' lang='lat' dir='ltr'><strong>homines</strong></span> <span class='ocrx_word' id='word_1_375' title='bbox 965 4025 979 4061; x_wconf 89' lang='lat'><strong>:</strong></span> <span class='ocrx_word' id='word_1_376' title='bbox 1009 4012 1223 4074; x_wconf 85' lang='lat' dir='ltr'><strong>oportet</strong></span> <span class='ocrx_word' id='word_1_377' title='bbox 1270 4003 1412 4056; x_wconf 83' lang='lat' dir='ltr'><strong>enim</strong></span> <span class='ocrx_word' id='word_1_378' title='bbox 1466 4001 1698 4070; x_wconf 89' lang='lat' dir='ltr'><strong>primum</strong></span> <span class='ocrx_word' id='word_1_379' title='bbox 1736 4013 1897 4054; x_wconf 90' lang='lat' dir='ltr'><strong>nosse</strong></span> <span class='ocrx_word' id='word_1_380' title='bbox 1921 4014 2042 4053; x_wconf 90' lang='lat' dir='ltr'><strong>eum</strong></span> 
     </span>
    </p>
   </div>
   <div class='ocr_carea' id='block_1_49' title="bbox 465 4089 2046 4172">
    <p class='ocr_par' dir='ltr' id='par_1_49' title="bbox 465 4089 2046 4172">
     <span class='ocr_line' id='line_1_49' title="bbox 465 4089 2046 4172; baseline -0.006 -18"><span class='ocrx_word' id='word_1_381' title='bbox 465 4101 691 4172; x_wconf 81' lang='lat' dir='ltr'><strong>propter</strong></span> <span class='ocrx_word' id='word_1_382' title='bbox 727 4113 890 4168; x_wconf 90' lang='lat' dir='ltr'><strong>quem</strong></span> <span class='ocrx_word' id='word_1_383' title='bbox 932 4097 1065 4150; x_wconf 87' lang='lat' dir='ltr'><strong>ﬁunt</strong></span> <span class='ocrx_word' id='word_1_384' title='bbox 1094 4110 1156 4149; x_wconf 89' lang='lat' dir='ltr'><strong>ea</strong></span> <span class='ocrx_word' id='word_1_385' title='bbox 1189 4109 1308 4162; x_wconf 59' lang='lat' dir='ltr'><strong>qua;</strong></span> <span class='ocrx_word' id='word_1_386' title='bbox 1338 4093 1498 4158; x_wconf 88' lang='lat' dir='ltr'><strong>ﬁunt,</strong></span> <span class='ocrx_word' id='word_1_387' title='bbox 1529 4101 1582 4146; x_wconf 85' lang='lat' dir='ltr'><strong>et</strong></span> <span class='ocrx_word' id='word_1_388' title='bbox 1618 4091 1690 4144; x_wconf 88' lang='lat' dir='ltr'><strong>ita</strong></span> <span class='ocrx_word' id='word_1_389' title='bbox 1730 4090 1908 4144; x_wconf 86' lang='lat' dir='ltr'><strong>facere</strong></span> <span class='ocrx_word' id='word_1_390' title='bbox 1942 4089 2046 4144; x_wconf 74' lang='lat' dir='ltr'><strong>mi~</strong></span> 
     </span>
    </p>
   </div>
   <div class='ocr_carea' id='block_1_50' title="bbox 465 4179 2044 4253">
    <p class='ocr_par' dir='ltr' id='par_1_50' title="bbox 465 4179 2044 4253">
     <span class='ocr_line' id='line_1_50' title="bbox 465 4179 2044 4253; baseline -0.006 -9"><span class='ocrx_word' id='word_1_391' title='bbox 465 4187 821 4245; x_wconf 89' lang='lat' dir='ltr'><strong>sericordiam</strong></span> <span class='ocrx_word' id='word_1_392' title='bbox 851 4200 868 4238; x_wconf 92' lang='lat'><strong>:</strong></span> <span class='ocrx_word' id='word_1_393' title='bbox 918 4183 1291 4253; x_wconf 87' lang='lat' dir='ltr'><strong>unusquisque</strong></span> <span class='ocrx_word' id='word_1_394' title='bbox 1319 4183 1464 4235; x_wconf 88' lang='lat' dir='ltr'><strong>enim</strong></span> <span class='ocrx_word' id='word_1_395' title='bbox 1491 4181 1584 4251; x_wconf 90' lang='lat' dir='ltr'><strong>qui</strong></span> <span class='ocrx_word' id='word_1_396' title='bbox 1630 4190 1909 4248; x_wconf 87' lang='lat' dir='ltr'><strong>operatur,</strong></span> <span class='ocrx_word' id='word_1_397' title='bbox 1939 4179 2044 4234; x_wconf 88' lang='lat' dir='ltr'><strong>sibi</strong></span> 
     </span>
    </p>
   </div>
   <div class='ocr_carea' id='block_1_51' title="bbox 465 4271 2041 4354">
    <p class='ocr_par' dir='ltr' id='par_1_51' title="bbox 465 4271 2041 4354">
     <span class='ocr_line' id='line_1_51' title="bbox 465 4271 2041 4354; baseline -0.008 -17"><span class='ocrx_word' id='word_1_398' title='bbox 465 4281 702 4354; x_wconf 90' lang='lat' dir='ltr'><strong>acquirit</strong></span> <span class='ocrx_word' id='word_1_399' title='bbox 734 4293 868 4348; x_wconf 89' lang='lat' dir='ltr'><strong>opus</strong></span> <span class='ocrx_word' id='word_1_400' title='bbox 899 4295 914 4331; x_wconf 89' lang='lat'><strong>:</strong></span> <span class='ocrx_word' id='word_1_401' title='bbox 951 4275 1266 4343; x_wconf 72' lang='lat' dir='ltr'><strong>prmdicatio</strong></span> <span class='ocrx_word' id='word_1_402' title='bbox 1289 4283 1470 4326; x_wconf 91' lang='lat' dir='ltr'><strong>autem</strong></span> <span class='ocrx_word' id='word_1_403' title='bbox 1513 4273 1760 4325; x_wconf 88' lang='lat' dir='ltr'><strong>veritatis</strong></span> <span class='ocrx_word' id='word_1_404' title='bbox 1790 4271 1908 4326; x_wconf 63' lang='lat' dir='ltr'><strong>haec</strong></span> <span class='ocrx_word' id='word_1_405' title='bbox 1935 4278 2041 4334; x_wconf 90' lang='lat' dir='ltr'><strong>est,</strong></span> 
     </span>
    </p>
   </div>
   <div class='ocr_carea' id='block_1_52' title="bbox 463 4361 2044 4445">
    <p class='ocr_par' dir='ltr' id='par_1_52' title="bbox 463 4361 2044 4445">
     <span class='ocr_line' id='line_1_52' title="bbox 463 4361 2044 4445; baseline -0.008 -16"><span class='ocrx_word' id='word_1_406' title='bbox 463 4383 688 4445; x_wconf 85' lang='lat' dir='ltr'><strong>propter</strong></span> <span class='ocrx_word' id='word_1_407' title='bbox 723 4387 886 4440; x_wconf 92' lang='lat' dir='ltr'><strong>quam</strong></span> <span class='ocrx_word' id='word_1_408' title='bbox 918 4379 972 4422; x_wconf 90' lang='lat' dir='ltr'><strong>et</strong></span> <span class='ocrx_word' id='word_1_409' title='bbox 1003 4367 1171 4421; x_wconf 86' lang='lat' dir='ltr'><strong>Filius</strong></span> <span class='ocrx_word' id='word_1_410' title='bbox 1205 4365 1351 4418; x_wconf 88' lang='lat' dir='ltr'><strong>venit</strong></span> <span class='ocrx_word' id='word_1_411' title='bbox 1388 4365 1440 4416; x_wconf 90' lang='lat' dir='ltr'><strong>in</strong></span> <span class='ocrx_word' id='word_1_412' title='bbox 1477 4378 1722 4431; x_wconf 89' lang='lat' dir='ltr'><strong>corpore.</strong></span> <span class='ocrx_word' id='word_1_413' title='bbox 1761 4361 1876 4417; x_wconf 81' lang='lat' dir='ltr'><strong>Non</strong></span> <span class='ocrx_word' id='word_1_414' title='bbox 1906 4363 2044 4417; x_wconf 79' lang='lat' dir='ltr'><strong>dixit</strong></span> 
     </span>
    </p>
   </div>
   <div class='ocr_carea' id='block_1_53' title="bbox 465 4448 2044 4525">
    <p class='ocr_par' dir='ltr' id='par_1_53' title="bbox 465 4448 2044 4525">
     <span class='ocr_line' id='line_1_53' title="bbox 465 4448 2044 4525; baseline -0.011 -6"><span class='ocrx_word' id='word_1_415' title='bbox 465 4463 754 4525; x_wconf 85' lang='lat' dir='ltr'><strong>Dominus,</strong></span> <span class='ocrx_word' id='word_1_416' title='bbox 781 4459 930 4514; x_wconf 86' lang='lat' dir='ltr'><strong>Beati</strong></span> <span class='ocrx_word' id='word_1_417' title='bbox 961 4456 1102 4512; x_wconf 90' lang='lat' dir='ltr'><strong>oculi</strong></span> <span class='ocrx_word' id='word_1_418' title='bbox 1131 4467 1321 4508; x_wconf 88' lang='lat' dir='ltr'><strong>eorum</strong></span> <span class='ocrx_word' id='word_1_419' title='bbox 1371 4451 1463 4521; x_wconf 90' lang='lat' dir='ltr'><strong>qui</strong></span> <span class='ocrx_word' id='word_1_420' title='bbox 1515 4450 1782 4518; x_wconf 86' lang='lat' dir='ltr'><strong>jejunant,</strong></span> <span class='ocrx_word' id='word_1_421' title='bbox 1831 4448 1926 4504; x_wconf 90' lang='lat' dir='ltr'><strong>sed</strong></span> <span class='ocrx_word' id='word_1_422' title='bbox 1963 4449 2044 4502; x_wconf 91' lang='lat' dir='ltr'><strong>vi-</strong></span> 
     </span>
    </p>
   </div>
   <div class='ocr_carea' id='block_1_54' title="bbox 464 4544 2044 4622">
    <p class='ocr_par' dir='ltr' id='par_1_54' title="bbox 464 4544 2044 4622">
     <span class='ocr_line' id='line_1_54' title="bbox 464 4544 2044 4622; baseline -0.011 -10"><span class='ocrx_word' id='word_1_423' title='bbox 464 4557 732 4619; x_wconf 90' lang='lat' dir='ltr'><strong>dentium,</strong></span> <span class='ocrx_word' id='word_1_424' title='bbox 753 4553 952 4622; x_wconf 89' lang='lat' dir='ltr'><strong>inquit,</strong></span> <span class='ocrx_word' id='word_1_425' title='bbox 981 4565 1043 4604; x_wconf 89' lang='lat' dir='ltr'><strong>ea</strong></span> <span class='ocrx_word' id='word_1_426' title='bbox 1073 4562 1194 4618; x_wconf 76' lang='lat' dir='ltr'><strong>qua:</strong></span> <span class='ocrx_word' id='word_1_427' title='bbox 1220 4545 1413 4599; x_wconf 88' lang='lat' dir='ltr'><strong>videtis</strong></span> <span class='ocrx_word' id='word_1_428' title='bbox 1431 4544 1496 4596; x_wconf 73' lang='grc' dir='ltr'><strong>θ’.</strong></span> <span class='ocrx_word' id='word_1_429' title='bbox 1523 4544 1626 4597; x_wconf 86' lang='lat' dir='ltr'><strong>Sed</strong></span> <span class='ocrx_word' id='word_1_430' title='bbox 1649 4558 1751 4596; x_wconf 90' lang='lat' dir='ltr'><strong>non</strong></span> <span class='ocrx_word' id='word_1_431' title='bbox 1773 4557 1874 4612; x_wconf 86' lang='lat' dir='ltr'><strong>ego</strong></span> <span class='ocrx_word' id='word_1_432' title='bbox 1902 4555 2044 4595; x_wconf 88' lang='lat' dir='ltr'><strong>nunc</strong></span> 
     </span>
    </p>
   </div>
   <div class='ocr_carea' id='block_1_55' title="bbox 460 4633 2043 4705">
    <p class='ocr_par' dir='ltr' id='par_1_55' title="bbox 460 4633 2043 4705">
     <span class='ocr_line' id='line_1_55' title="bbox 460 4633 2043 4705; baseline -0.011 0"><span class='ocrx_word' id='word_1_433' title='bbox 460 4650 635 4705; x_wconf 87' lang='lat' dir='ltr'><strong>bonos</strong></span> <span class='ocrx_word' id='word_1_434' title='bbox 667 4657 821 4700; x_wconf 86' lang='lat' dir='ltr'><strong>actus</strong></span> <span class='ocrx_word' id='word_1_435' title='bbox 863 4652 1062 4698; x_wconf 78' lang='lat' dir='ltr'><strong>aecuso</strong></span> <span class='ocrx_word' id='word_1_436' title='bbox 1093 4660 1106 4694; x_wconf 89' lang='lat'>:</span> <span class='ocrx_word' id='word_1_437' title='bbox 1149 4639 1244 4693; x_wconf 86' lang='lat' dir='ltr'><strong>sed</strong></span> <span class='ocrx_word' id='word_1_438' title='bbox 1273 4638 1414 4691; x_wconf 89' lang='lat' dir='ltr'><strong>sicut</strong></span> <span class='ocrx_word' id='word_1_439' title='bbox 1437 4635 1591 4691; x_wconf 83' lang='lat' dir='ltr'><strong>stella</strong></span> <span class='ocrx_word' id='word_1_440' title='bbox 1626 4637 1796 4689; x_wconf 83' lang='lat' dir='ltr'><strong>stellae</strong></span> <span class='ocrx_word' id='word_1_441' title='bbox 1827 4633 2043 4702; x_wconf 78' lang='lat' dir='ltr'><strong>praefert</strong></span> 
     </span>
    </p>
   </div>
   <div class='ocr_carea' id='block_1_56' title="bbox 462 4725 2038 4812">
    <p class='ocr_par' dir='ltr' id='par_1_56' title="bbox 462 4725 2038 4812">
     <span class='ocr_line' id='line_1_56' title="bbox 462 4725 2038 4812; baseline -0.012 -16"><span class='ocrx_word' id='word_1_442' title='bbox 462 4741 658 4812; x_wconf 78' lang='lat' dir='ltr'><strong>gloria,</strong></span> <span class='ocrx_word' id='word_1_443' title='bbox 700 4739 776 4792; x_wconf 87' lang='lat' dir='ltr'><strong>ita</strong></span> <span class='ocrx_word' id='word_1_444' title='bbox 813 4746 868 4790; x_wconf 93' lang='lat' dir='ltr'><strong>et</strong></span> <span class='ocrx_word' id='word_1_445' title='bbox 898 4743 1050 4789; x_wconf 88' lang='lat' dir='ltr'><strong>actus</strong></span> <span class='ocrx_word' id='word_1_446' title='bbox 1086 4731 1198 4804; x_wconf 85' lang='lat'><strong>(9|)</strong></span> <span class='ocrx_word' id='word_1_447' title='bbox 1247 4731 1459 4784; x_wconf 90' lang='lat' dir='ltr'><strong>actibus</strong></span> <span class='ocrx_word' id='word_1_448' title='bbox 1508 4725 1764 4782; x_wconf 79' lang='lat' dir='ltr'><strong>difierunt</strong></span> <span class='ocrx_word' id='word_1_449' title='bbox 1816 4727 2038 4779; x_wconf 91' lang='lat' dir='ltr'><strong>honore.</strong></span> 
     </span>
    </p>
   </div>
   <div class='ocr_carea' id='block_1_57' title="bbox 463 4815 2042 4892">
    <p class='ocr_par' dir='ltr' id='par_1_57' title="bbox 463 4815 2042 4892">
     <span class='ocr_line' id='line_1_57' title="bbox 463 4815 2042 4892; baseline -0.014 -5"><span class='ocrx_word' id='word_1_450' title='bbox 463 4835 747 4888; x_wconf 86' lang='lat' dir='ltr'><strong>Summum</strong></span> <span class='ocrx_word' id='word_1_451' title='bbox 803 4828 947 4880; x_wconf 90' lang='lat' dir='ltr'><strong>enim</strong></span> <span class='ocrx_word' id='word_1_452' title='bbox 990 4834 1045 4877; x_wconf 88' lang='lat' dir='ltr'><strong>et</strong></span> <span class='ocrx_word' id='word_1_453' title='bbox 1083 4822 1431 4892; x_wconf 79' lang='lat' dir='ltr'><strong>praecipuum,</strong></span> <span class='ocrx_word' id='word_1_454' title='bbox 1473 4826 1526 4872; x_wconf 88' lang='lat' dir='ltr'><strong>et</strong></span> <span class='ocrx_word' id='word_1_455' title='bbox 1566 4819 1797 4886; x_wconf 89' lang='lat' dir='ltr'><strong>primum</strong></span> <span class='ocrx_word' id='word_1_456' title='bbox 1850 4815 2042 4868; x_wconf 84' lang='lat' dir='ltr'><strong>funda-</strong></span> 
     </span>
    </p>
   </div>
   <div class='ocr_carea' id='block_1_58' title="bbox 462 4908 2040 4981">
    <p class='ocr_par' dir='ltr' id='par_1_58' title="bbox 462 4908 2040 4981">
     <span class='ocr_line' id='line_1_58' title="bbox 462 4908 2040 4981; baseline -0.011 -2"><span class='ocrx_word' id='word_1_457' title='bbox 462 4931 704 4979; x_wconf 86' lang='lat' dir='ltr'><strong>mentum</strong></span> <span class='ocrx_word' id='word_1_458' title='bbox 738 4929 792 4974; x_wconf 89' lang='lat' dir='ltr'><strong>et</strong></span> <span class='ocrx_word' id='word_1_459' title='bbox 840 4917 988 4970; x_wconf 85' lang='lat' dir='ltr'><strong>radix</strong></span> <span class='ocrx_word' id='word_1_460' title='bbox 1028 4913 1269 4968; x_wconf 90' lang='lat' dir='ltr'><strong>omnium</strong></span> <span class='ocrx_word' id='word_1_461' title='bbox 1295 4925 1518 4981; x_wconf 88' lang='lat' dir='ltr'><strong>operum</strong></span> <span class='ocrx_word' id='word_1_462' title='bbox 1545 4925 1665 4978; x_wconf 74' lang='lat' dir='ltr'><strong>qua:</strong></span> <span class='ocrx_word' id='word_1_463' title='bbox 1699 4910 1853 4971; x_wconf 91' lang='lat' dir='ltr'><strong>liunt,</strong></span> <span class='ocrx_word' id='word_1_464' title='bbox 1905 4908 2040 4961; x_wconf 89' lang='lat' dir='ltr'><strong>ﬁdes</strong></span> 
     </span>
    </p>
   </div>
   <div class='ocr_carea' id='block_1_59' title="bbox 461 5000 2032 5071">
    <p class='ocr_par' dir='ltr' id='par_1_59' title="bbox 461 5000 2032 5071">
     <span class='ocr_line' id='line_1_59' title="bbox 461 5000 2032 5071; baseline -0.013 0"><span class='ocrx_word' id='word_1_465' title='bbox 461 5025 548 5070; x_wconf 91' lang='lat' dir='ltr'><strong>est</strong></span> <span class='ocrx_word' id='word_1_466' title='bbox 569 5027 717 5068; x_wconf 90' lang='lat' dir='ltr'><strong>vera.</strong></span> <span class='ocrx_word' id='word_1_467' title='bbox 742 5010 878 5064; x_wconf 91' lang='lat' dir='ltr'><strong>Dicit</strong></span> <span class='ocrx_word' id='word_1_468' title='bbox 905 5007 1049 5062; x_wconf 91' lang='lat' dir='ltr'><strong>enim</strong></span> <span class='ocrx_word' id='word_1_469' title='bbox 1081 5004 1376 5059; x_wconf 88' lang='lat' dir='ltr'><strong>Dominus:</strong></span> <span class='ocrx_word' id='word_1_470' title='bbox 1399 5001 1510 5071; x_wconf 88' lang='lat' dir='ltr'><strong>Ego</strong></span> <span class='ocrx_word' id='word_1_471' title='bbox 1530 5011 1744 5070; x_wconf 84' lang='lat' dir='ltr'><strong>prapter</strong></span> <span class='ocrx_word' id='word_1_472' title='bbox 1772 5000 1866 5052; x_wconf 84' lang='lat' dir='ltr'><strong>hoc</strong></span> <span class='ocrx_word' id='word_1_473' title='bbox 1896 5000 2032 5062; x_wconf 74' lang='lat' dir='ltr'><strong>aeni,</strong></span> 
     </span>
    </p>
   </div>
   <div class='ocr_carea' id='block_1_60' title="bbox 2153 2419 3744 2488">
    <p class='ocr_par' dir='ltr' id='par_1_60' title="bbox 2153 2419 3744 2488">
     <span class='ocr_line' id='line_1_60' title="bbox 2153 2419 3744 2488; baseline 0.003 -16"><span class='ocrx_word' id='word_1_474' title='bbox 2153 2419 2283 2474; x_wconf 85' lang='lat' dir='ltr'><strong>dicit</strong></span> <span class='ocrx_word' id='word_1_475' title='bbox 2309 2421 2430 2488; x_wconf 87' lang='lat' dir='ltr'><strong>quia</strong></span> <span class='ocrx_word' id='word_1_476' title='bbox 2473 2420 2593 2474; x_wconf 89' lang='lat' dir='ltr'><strong>ideo</strong></span> <span class='ocrx_word' id='word_1_477' title='bbox 2625 2432 2784 2475; x_wconf 90' lang='lat' dir='ltr'><strong>natus</strong></span> <span class='ocrx_word' id='word_1_478' title='bbox 2813 2438 2953 2482; x_wconf 84' lang='lat' dir='ltr'><strong>sum.</strong></span> <span class='ocrx_word' id='word_1_479' title='bbox 3001 2431 3056 2476; x_wconf 92' lang='lat' dir='ltr'><strong>et</strong></span> <span class='ocrx_word' id='word_1_480' title='bbox 3106 2423 3226 2475; x_wconf 85' lang='lat' dir='ltr'><strong>ideo</strong></span> <span class='ocrx_word' id='word_1_481' title='bbox 3270 2422 3393 2476; x_wconf 85' lang='lat' dir='ltr'><strong>veni</strong></span> <span class='ocrx_word' id='word_1_482' title='bbox 3431 2423 3488 2475; x_wconf 92' lang='lat' dir='ltr'><strong>in</strong></span> <span class='ocrx_word' id='word_1_483' title='bbox 3540 2424 3744 2477; x_wconf 87' lang='lat' dir='ltr'><strong>mundo</strong></span> 
     </span>
    </p>
   </div>
   <div class='ocr_carea' id='block_1_61' title="bbox 2154 2513 3744 2576">
    <p class='ocr_par' dir='ltr' id='par_1_61' title="bbox 2154 2513 3744 2576">
     <span class='ocr_line' id='line_1_61' title="bbox 2154 2513 3744 2576; baseline 0.004 -14"><span class='ocrx_word' id='word_1_484' title='bbox 2154 2521 2213 2565; x_wconf 91' lang='lat' dir='ltr'><strong>ut</strong></span> <span class='ocrx_word' id='word_1_485' title='bbox 2241 2521 2406 2566; x_wconf 85' lang='lat' dir='ltr'><strong>tester</strong></span> <span class='ocrx_word' id='word_1_486' title='bbox 2432 2513 2671 2576; x_wconf 88' lang='lat' dir='ltr'><strong>veritati,</strong></span> <span class='ocrx_word' id='word_1_487' title='bbox 2702 2523 2756 2568; x_wconf 87' lang='lat' dir='ltr'><strong>et</strong></span> <span class='ocrx_word' id='word_1_488' title='bbox 2784 2524 2838 2566; x_wconf 88' lang='lat' dir='ltr'><strong>tu</strong></span> <span class='ocrx_word' id='word_1_489' title='bbox 2867 2514 3099 2568; x_wconf 88' lang='lat' dir='ltr'><strong>abnuis?</strong></span> <span class='ocrx_word' id='word_1_490' title='bbox 3128 2513 3263 2567; x_wconf 86' lang='lat' dir='ltr'><strong>Nam</strong></span> <span class='ocrx_word' id='word_1_491' title='bbox 3299 2525 3353 2568; x_wconf 90' lang='lat' dir='ltr'><strong>et</strong></span> <span class='ocrx_word' id='word_1_492' title='bbox 3376 2514 3582 2569; x_wconf 86' lang='lat' dir='ltr'><strong>Petrus</strong></span> <span class='ocrx_word' id='word_1_493' title='bbox 3618 2517 3744 2569; x_wconf 82' lang='lat' dir='ltr'><strong>bea-</strong></span> 
     </span>
    </p>
   </div>
   <div class='ocr_carea' id='block_1_62' title="bbox 2154 2603 3744 2675">
    <p class='ocr_par' dir='ltr' id='par_1_62' title="bbox 2154 2603 3744 2675">
     <span class='ocr_line' id='line_1_62' title="bbox 2154 2603 3744 2675; baseline 0.003 -21"><span class='ocrx_word' id='word_1_494' title='bbox 2154 2611 2259 2666; x_wconf 90' lang='lat' dir='ltr'><strong>tus,</strong></span> <span class='ocrx_word' id='word_1_495' title='bbox 2292 2603 2484 2658; x_wconf 88' lang='lat' dir='ltr'><strong>beatus</strong></span> <span class='ocrx_word' id='word_1_496' title='bbox 2526 2605 2730 2659; x_wconf 84' lang='lat' dir='ltr'><strong>dicitur</strong></span> <span class='ocrx_word' id='word_1_497' title='bbox 2763 2605 2833 2669; x_wconf 65' lang='grc'><strong>⁸⁸,</strong></span> <span class='ocrx_word' id='word_1_498' title='bbox 2863 2622 2969 2658; x_wconf 91' lang='lat' dir='ltr'><strong>non</strong></span> <span class='ocrx_word' id='word_1_499' title='bbox 3017 2605 3089 2660; x_wconf 91' lang='lat' dir='ltr'><strong>ob</strong></span> <span class='ocrx_word' id='word_1_500' title='bbox 3112 2605 3396 2673; x_wconf 89' lang='lat' dir='ltr'><strong>jejunium,</strong></span> <span class='ocrx_word' id='word_1_501' title='bbox 3452 2623 3642 2675; x_wconf 90' lang='lat' dir='ltr'><strong>neque</strong></span> <span class='ocrx_word' id='word_1_502' title='bbox 3677 2605 3744 2661; x_wconf 89' lang='lat' dir='ltr'><strong>ob</strong></span> 
     </span>
    </p>
   </div>
   <div class='ocr_carea' id='block_1_63' title="bbox 2150 2695 3746 2768">
    <p class='ocr_par' dir='ltr' id='par_1_63' title="bbox 2150 2695 3746 2768">
     <span class='ocr_line' id='line_1_63' title="bbox 2150 2695 3746 2768; baseline 0.004 -21"><span class='ocrx_word' id='word_1_503' title='bbox 2150 2695 2296 2749; x_wconf 85' lang='lat' dir='ltr'><strong>aliud</strong></span> <span class='ocrx_word' id='word_1_504' title='bbox 2351 2695 2569 2764; x_wconf 91' lang='lat' dir='ltr'><strong>aliquod</strong></span> <span class='ocrx_word' id='word_1_505' title='bbox 2624 2713 2783 2766; x_wconf 90' lang='lat' dir='ltr'><strong>opus,</strong></span> <span class='ocrx_word' id='word_1_506' title='bbox 2820 2699 2914 2752; x_wconf 91' lang='lat' dir='ltr'><strong>sed</strong></span> <span class='ocrx_word' id='word_1_507' title='bbox 2969 2698 3096 2768; x_wconf 90' lang='lat' dir='ltr'><strong>quia</strong></span> <span class='ocrx_word' id='word_1_508' title='bbox 3147 2697 3309 2752; x_wconf 87' lang='lat' dir='ltr'><strong>Pater</strong></span> <span class='ocrx_word' id='word_1_509' title='bbox 3359 2697 3411 2751; x_wconf 86' lang='lat' dir='ltr'><strong>ei</strong></span> <span class='ocrx_word' id='word_1_510' title='bbox 3475 2699 3746 2754; x_wconf 76' lang='lat' dir='ltr'><strong>revelavit</strong></span> 
     </span>
    </p>
   </div>
   <div class='ocr_carea' id='block_1_64' title="bbox 2149 2785 3741 2859">
    <p class='ocr_par' dir='ltr' id='par_1_64' title="bbox 2149 2785 3741 2859">
     <span class='ocr_line' id='line_1_64' title="bbox 2149 2785 3741 2859; baseline 0.003 -20"><span class='ocrx_word' id='word_1_511' title='bbox 2149 2785 2371 2840; x_wconf 89' lang='lat' dir='ltr'><strong>Filium.</strong></span> <span class='ocrx_word' id='word_1_512' title='bbox 2408 2788 2475 2842; x_wconf 85' lang='lat' dir='ltr'><strong>Et</strong></span> <span class='ocrx_word' id='word_1_513' title='bbox 2519 2789 2716 2843; x_wconf 90' lang='lat' dir='ltr'><strong>iterum</strong></span> <span class='ocrx_word' id='word_1_514' title='bbox 2767 2790 2928 2845; x_wconf 86' lang='lat' dir='ltr'><strong>Pater</strong></span> <span class='ocrx_word' id='word_1_515' title='bbox 2961 2791 3160 2859; x_wconf 91' lang='lat' dir='ltr'><strong>ubique</strong></span> <span class='ocrx_word' id='word_1_516' title='bbox 3195 2790 3261 2844; x_wconf 90' lang='lat' dir='ltr'><strong>de</strong></span> <span class='ocrx_word' id='word_1_517' title='bbox 3303 2789 3449 2844; x_wconf 88' lang='lat' dir='ltr'><strong>Filio</strong></span> <span class='ocrx_word' id='word_1_518' title='bbox 3483 2801 3741 2845; x_wconf 82' lang='lat' dir='ltr'><strong>testatur.</strong></span> 
     </span>
    </p>
   </div>
   <div class='ocr_carea' id='block_1_65' title="bbox 2149 2875 3741 2948">
    <p class='ocr_par' dir='ltr' id='par_1_65' title="bbox 2149 2875 3741 2948">
     <span class='ocr_line' id='line_1_65' title="bbox 2149 2875 3741 2948; baseline 0.001 -18"><span class='ocrx_word' id='word_1_519' title='bbox 2149 2875 2283 2932; x_wconf 86' lang='lat' dir='ltr'><strong>Nam</strong></span> <span class='ocrx_word' id='word_1_520' title='bbox 2329 2889 2384 2934; x_wconf 91' lang='lat' dir='ltr'><strong>et</strong></span> <span class='ocrx_word' id='word_1_521' title='bbox 2437 2880 2491 2934; x_wconf 94' lang='lat' dir='ltr'><strong>in</strong></span> <span class='ocrx_word' id='word_1_522' title='bbox 2541 2881 2811 2948; x_wconf 91' lang='lat' dir='ltr'><strong>baptismo</strong></span> <span class='ocrx_word' id='word_1_523' title='bbox 2870 2879 3118 2946; x_wconf 84' lang='lat' dir='ltr'><strong>Joannis,</strong></span> <span class='ocrx_word' id='word_1_524' title='bbox 3174 2890 3230 2933; x_wconf 88' lang='lat' dir='ltr'><strong>et</strong></span> <span class='ocrx_word' id='word_1_525' title='bbox 3265 2883 3319 2933; x_wconf 94' lang='lat' dir='ltr'><strong>in</strong></span> <span class='ocrx_word' id='word_1_526' title='bbox 3376 2890 3574 2934; x_wconf 88' lang='lat' dir='ltr'><strong>monte</strong></span> <span class='ocrx_word' id='word_1_527' title='bbox 3609 2881 3741 2934; x_wconf 87' lang='lat' dir='ltr'><strong>nihil</strong></span> 
     </span>
    </p>
   </div>
   <div class='ocr_carea' id='block_1_66' title="bbox 2149 2970 3745 3042">
    <p class='ocr_par' dir='ltr' id='par_1_66' title="bbox 2149 2970 3745 3042">
     <span class='ocr_line' id='line_1_66' title="bbox 2149 2970 3745 3042; baseline 0.001 -19"><span class='ocrx_word' id='word_1_528' title='bbox 2149 2971 2294 3026; x_wconf 85' lang='lat' dir='ltr'><strong>aliud</strong></span> <span class='ocrx_word' id='word_1_529' title='bbox 2322 2973 2696 3042; x_wconf 83' lang='lat' dir='ltr'><strong>proclamavit,</strong></span> <span class='ocrx_word' id='word_1_530' title='bbox 2725 2973 2826 3027; x_wconf 91' lang='lat' dir='ltr'><strong>nisi</strong></span> <span class='ocrx_word' id='word_1_531' title='bbox 2852 2988 2865 3025; x_wconf 86' lang='lat'><strong>:</strong></span> <span class='ocrx_word' id='word_1_532' title='bbox 2888 2971 2988 3025; x_wconf 84' lang='lat' dir='ltr'><strong>llic</strong></span> <span class='ocrx_word' id='word_1_533' title='bbox 3021 2980 3099 3026; x_wconf 78' lang='lat' dir='ltr'><strong>est</strong></span> <span class='ocrx_word' id='word_1_534' title='bbox 3128 2970 3303 3024; x_wconf 76' lang='lat' dir='ltr'><strong>Filius</strong></span> <span class='ocrx_word' id='word_1_535' title='bbox 3331 2986 3481 3024; x_wconf 83' lang='lat' dir='ltr'><strong>meus</strong></span> <span class='ocrx_word' id='word_1_536' title='bbox 3513 2972 3745 3025; x_wconf 68' lang='lat' dir='ltr'><strong>dilecti:-</strong></span> 
     </span>
    </p>
   </div>
   <div class='ocr_carea' id='block_1_67' title="bbox 2149 3062 3742 3135">
    <p class='ocr_par' dir='ltr' id='par_1_67' title="bbox 2149 3062 3742 3135">
     <span class='ocr_line' id='line_1_67' title="bbox 2149 3062 3742 3135; baseline -0.001 -16"><span class='ocrx_word' id='word_1_537' title='bbox 2149 3066 2336 3131; x_wconf 84' lang='lat' dir='ltr'><strong>simus,</strong></span> <span class='ocrx_word' id='word_1_538' title='bbox 2365 3066 2420 3118; x_wconf 91' lang='lat' dir='ltr'><strong>in</strong></span> <span class='ocrx_word' id='word_1_539' title='bbox 2457 3082 2559 3135; x_wconf 87' lang='lat' dir='ltr'><strong>quo</strong></span> <span class='ocrx_word' id='word_1_540' title='bbox 2597 3067 2721 3120; x_wconf 85' lang='lat' dir='ltr'><strong>bene</strong></span> <span class='ocrx_word' id='word_1_541' title='bbox 2748 3065 3039 3133; x_wconf 85' lang='lat' dir='ltr'><strong>complacui</strong></span> <span class='ocrx_word' id='word_1_542' title='bbox 3063 3063 3129 3120; x_wconf 73' lang='grc'><strong>⁸⁸.</strong></span> <span class='ocrx_word' id='word_1_543' title='bbox 3165 3062 3434 3118; x_wconf 88' lang='lat' dir='ltr'><strong>Similiter</strong></span> <span class='ocrx_word' id='word_1_544' title='bbox 3463 3073 3519 3119; x_wconf 89' lang='lat' dir='ltr'><strong>et</strong></span> <span class='ocrx_word' id='word_1_545' title='bbox 3543 3062 3742 3118; x_wconf 80' lang='lat' dir='ltr'><strong>Paulus</strong></span> 
     </span>
    </p>
   </div>
   <div class='ocr_carea' id='block_1_68' title="bbox 2152 3156 3743 3225">
    <p class='ocr_par' dir='ltr' id='par_1_68' title="bbox 2152 3156 3743 3225">
     <span class='ocr_line' id='line_1_68' title="bbox 2152 3156 3743 3225; baseline -0.001 -14"><span class='ocrx_word' id='word_1_546' title='bbox 2152 3160 2276 3211; x_wconf 86' lang='lat' dir='ltr'><strong>dum</strong></span> <span class='ocrx_word' id='word_1_547' title='bbox 2316 3158 2537 3212; x_wconf 85' lang='lat' dir='ltr'><strong>doceret</strong></span> <span class='ocrx_word' id='word_1_548' title='bbox 2582 3158 2846 3212; x_wconf 81' lang='lat' dir='ltr'><strong>dicebat:</strong></span> <span class='ocrx_word' id='word_1_549' title='bbox 2894 3156 3322 3219; x_wconf 81' lang='lat' dir='ltr'><strong>Fundamentum</strong></span> <span class='ocrx_word' id='word_1_550' title='bbox 3367 3157 3519 3211; x_wconf 85' lang='lat' dir='ltr'><strong>aliud</strong></span> <span class='ocrx_word' id='word_1_551' title='bbox 3553 3170 3743 3225; x_wconf 63' lang='lat' dir='ltr'><strong>praeter</strong></span> 
     </span>
    </p>
   </div>
   <div class='ocr_carea' id='block_1_69' title="bbox 2148 3249 3739 3318">
    <p class='ocr_par' dir='ltr' id='par_1_69' title="bbox 2148 3249 3739 3318">
     <span class='ocr_line' id='line_1_69' title="bbox 2148 3249 3739 3318; baseline -0.003 -14"><span class='ocrx_word' id='word_1_552' title='bbox 2148 3266 2268 3304; x_wconf 80' lang='lat' dir='ltr'><strong>eum</strong></span> <span class='ocrx_word' id='word_1_553' title='bbox 2289 3249 2378 3318; x_wconf 85' lang='lat' dir='ltr'><strong>qui</strong></span> <span class='ocrx_word' id='word_1_554' title='bbox 2412 3257 2487 3301; x_wconf 78' lang='lat' dir='ltr'><strong>est</strong></span> <span class='ocrx_word' id='word_1_555' title='bbox 2509 3249 2711 3316; x_wconf 81' lang='lat' dir='ltr'><strong>positus</strong></span> <span class='ocrx_word' id='word_1_556' title='bbox 2750 3265 2897 3302; x_wconf 82' lang='lat' dir='ltr'><strong>nemo</strong></span> <span class='ocrx_word' id='word_1_557' title='bbox 2940 3258 3107 3316; x_wconf 80' lang='lat' dir='ltr'><strong>potest</strong></span> <span class='ocrx_word' id='word_1_558' title='bbox 3148 3265 3361 3315; x_wconf 83' lang='lat' dir='ltr'><strong>ponere,</strong></span> <span class='ocrx_word' id='word_1_559' title='bbox 3389 3261 3593 3316; x_wconf 69' lang='lat' dir='ltr'><strong>putrer</strong></span> <span class='ocrx_word' id='word_1_560' title='bbox 3627 3265 3739 3302; x_wconf 77' lang='lat' dir='ltr'><strong>eiul</strong></span> 
     </span>
    </p>
   </div>
   <div class='ocr_carea' id='block_1_70' title="bbox 2147 3336 3738 3408">
    <p class='ocr_par' dir='ltr' id='par_1_70' title="bbox 2147 3336 3738 3408">
     <span class='ocr_line' id='line_1_70' title="bbox 2147 3336 3738 3408; baseline -0.002 -16"><span class='ocrx_word' id='word_1_561' title='bbox 2147 3341 2239 3408; x_wconf 87' lang='lat' dir='ltr'><strong>qui</strong></span> <span class='ocrx_word' id='word_1_562' title='bbox 2289 3349 2362 3392; x_wconf 81' lang='lat' dir='ltr'><strong>est</strong></span> <span class='ocrx_word' id='word_1_563' title='bbox 2411 3337 2648 3392; x_wconf 80' lang='lat' dir='ltr'><strong>Christus</strong></span> <span class='ocrx_word' id='word_1_564' title='bbox 2699 3339 2857 3392; x_wconf 84' lang='lat' dir='ltr'><strong>Jesus</strong></span> <span class='ocrx_word' id='word_1_565' title='bbox 2879 3338 2948 3392; x_wconf 74' lang='grc'><strong>⁸⁸.</strong></span> <span class='ocrx_word' id='word_1_566' title='bbox 3007 3336 3065 3392; x_wconf 88' lang='lat' dir='ltr'><strong>Si</strong></span> <span class='ocrx_word' id='word_1_567' title='bbox 3117 3339 3283 3408; x_wconf 91' lang='lat' dir='ltr'><strong>igitur</strong></span> <span class='ocrx_word' id='word_1_568' title='bbox 3321 3341 3738 3393; x_wconf 80' lang='lat' dir='ltr'><strong>fundamentum</strong></span> 
     </span>
    </p>
   </div>
   <div class='ocr_carea' id='block_1_71' title="bbox 2149 3431 3739 3500">
    <p class='ocr_par' dir='ltr' id='par_1_71' title="bbox 2149 3431 3739 3500">
     <span class='ocr_line' id='line_1_71' title="bbox 2149 3431 3739 3500; baseline -0.001 -14"><span class='ocrx_word' id='word_1_569' title='bbox 2149 3431 2314 3486; x_wconf 84' lang='lat' dir='ltr'><strong>fuerit</strong></span> <span class='ocrx_word' id='word_1_570' title='bbox 2339 3431 2570 3496; x_wconf 85' lang='lat' dir='ltr'><strong>salvum,</strong></span> <span class='ocrx_word' id='word_1_571' title='bbox 2613 3442 2797 3499; x_wconf 88' lang='lat' dir='ltr'><strong>sperat</strong></span> <span class='ocrx_word' id='word_1_572' title='bbox 2843 3431 3130 3485; x_wconf 77' lang='lat' dir='ltr'><strong>:editicatio</strong></span> <span class='ocrx_word' id='word_1_573' title='bbox 3176 3432 3314 3484; x_wconf 91' lang='lat' dir='ltr'><strong>bene</strong></span> <span class='ocrx_word' id='word_1_574' title='bbox 3375 3432 3653 3500; x_wconf 82' lang='lat' dir='ltr'><strong>proiicere</strong></span> <span class='ocrx_word' id='word_1_575' title='bbox 3686 3444 3739 3485; x_wconf 85' lang='lat' dir='ltr'><strong>se</strong></span> 
     </span>
    </p>
   </div>
   <div class='ocr_carea' id='block_1_72' title="bbox 2148 3523 3740 3594">
    <p class='ocr_par' dir='ltr' id='par_1_72' title="bbox 2148 3523 3740 3594">
     <span class='ocr_line' id='line_1_72' title="bbox 2148 3523 3740 3594; baseline -0.002 -16"><span class='ocrx_word' id='word_1_576' title='bbox 2148 3539 2309 3594; x_wconf 88' lang='lat' dir='ltr'><strong>posse</strong></span> <span class='ocrx_word' id='word_1_577' title='bbox 2337 3541 2351 3578; x_wconf 88' lang='lat'><strong>:</strong></span> <span class='ocrx_word' id='word_1_578' title='bbox 2387 3525 2435 3580; x_wconf 87' lang='lat' dir='ltr'><strong>si</strong></span> <span class='ocrx_word' id='word_1_579' title='bbox 2462 3524 2614 3579; x_wconf 83' lang='lat' dir='ltr'><strong>radix</strong></span> <span class='ocrx_word' id='word_1_580' title='bbox 2645 3523 2809 3580; x_wconf 81' lang='lat' dir='ltr'><strong>fuerit</strong></span> <span class='ocrx_word' id='word_1_581' title='bbox 2839 3539 2992 3588; x_wconf 87' lang='lat' dir='ltr'><strong>sana,</strong></span> <span class='ocrx_word' id='word_1_582' title='bbox 3035 3537 3160 3592; x_wconf 88' lang='lat' dir='ltr'><strong>spes</strong></span> <span class='ocrx_word' id='word_1_583' title='bbox 3185 3532 3272 3576; x_wconf 90' lang='lat' dir='ltr'><strong>est</strong></span> <span class='ocrx_word' id='word_1_584' title='bbox 3306 3523 3525 3576; x_wconf 90' lang='lat' dir='ltr'><strong>fructus</strong></span> <span class='ocrx_word' id='word_1_585' title='bbox 3550 3537 3620 3576; x_wconf 72' lang='lat' dir='ltr'><strong>ex</strong></span> <span class='ocrx_word' id='word_1_586' title='bbox 3665 3536 3740 3575; x_wconf 82' lang='lat' dir='ltr'><strong>ra-</strong></span> 
     </span>
    </p>
   </div>
   <div class='ocr_carea' id='block_1_73' title="bbox 2149 3613 3736 3686">
    <p class='ocr_par' dir='ltr' id='par_1_73' title="bbox 2149 3613 3736 3686">
     <span class='ocr_line' id='line_1_73' title="bbox 2149 3613 3736 3686; baseline -0.003 -15"><span class='ocrx_word' id='word_1_587' title='bbox 2149 3617 2254 3672; x_wconf 88' lang='lat' dir='ltr'><strong>mis</strong></span> <span class='ocrx_word' id='word_1_588' title='bbox 2286 3618 2550 3686; x_wconf 79' lang='lat' dir='ltr'><strong>accipere.</strong></span> <span class='ocrx_word' id='word_1_589' title='bbox 2584 3618 2640 3671; x_wconf 89' lang='lat' dir='ltr'><strong>Si</strong></span> <span class='ocrx_word' id='word_1_590' title='bbox 2668 3629 2848 3671; x_wconf 91' lang='lat' dir='ltr'><strong>autem</strong></span> <span class='ocrx_word' id='word_1_591' title='bbox 2881 3617 3096 3670; x_wconf 89' lang='lat' dir='ltr'><strong>inﬁrme</strong></span> <span class='ocrx_word' id='word_1_592' title='bbox 3112 3615 3275 3668; x_wconf 86' lang='lat' dir='ltr'><strong>fuerit</strong></span> <span class='ocrx_word' id='word_1_593' title='bbox 3296 3613 3736 3676; x_wconf 76' lang='lat' dir='ltr'><strong>fundamentum,</strong></span> 
     </span>
    </p>
   </div>
   <div class='ocr_carea' id='block_1_74' title="bbox 2149 3707 3737 3778">
    <p class='ocr_par' dir='ltr' id='par_1_74' title="bbox 2149 3707 3737 3778">
     <span class='ocr_line' id='line_1_74' title="bbox 2149 3707 3737 3778; baseline -0.003 -16"><span class='ocrx_word' id='word_1_594' title='bbox 2149 3709 2202 3762; x_wconf 93' lang='lat' dir='ltr'><strong>in</strong></span> <span class='ocrx_word' id='word_1_595' title='bbox 2252 3708 2495 3777; x_wconf 90' lang='lat' dir='ltr'><strong>periculo</strong></span> <span class='ocrx_word' id='word_1_596' title='bbox 2543 3719 2672 3764; x_wconf 87' lang='lat' dir='ltr'><strong>sunt</strong></span> <span class='ocrx_word' id='word_1_597' title='bbox 2727 3723 2791 3763; x_wconf 90' lang='lat' dir='ltr'><strong>ea</strong></span> <span class='ocrx_word' id='word_1_598' title='bbox 2839 3723 2959 3777; x_wconf 68' lang='lat' dir='ltr'><strong>quae</strong></span> <span class='ocrx_word' id='word_1_599' title='bbox 3014 3715 3479 3778; x_wconf 91' lang='lat' dir='ltr'><strong>superponuntur.</strong></span> <span class='ocrx_word' id='word_1_600' title='bbox 3530 3707 3737 3759; x_wconf 76' lang='lat' dir='ltr'><strong>Aurum</strong></span> 
     </span>
    </p>
   </div>
   <div class='ocr_carea' id='block_1_75' title="bbox 2147 3799 3740 3871">
    <p class='ocr_par' dir='ltr' id='par_1_75' title="bbox 2147 3799 3740 3871">
     <span class='ocr_line' id='line_1_75' title="bbox 2147 3799 3740 3871; baseline -0.004 -16"><span class='ocrx_word' id='word_1_601' title='bbox 2147 3802 2290 3855; x_wconf 87' lang='lat' dir='ltr'><strong>enim</strong></span> <span class='ocrx_word' id='word_1_602' title='bbox 2343 3801 2488 3870; x_wconf 90' lang='lat' dir='ltr'><strong>quod</strong></span> <span class='ocrx_word' id='word_1_603' title='bbox 2523 3815 2686 3871; x_wconf 86' lang='lat' dir='ltr'><strong>super</strong></span> <span class='ocrx_word' id='word_1_604' title='bbox 2741 3799 3172 3863; x_wconf 83' lang='lat' dir='ltr'><strong>fundamentum,</strong></span> <span class='ocrx_word' id='word_1_605' title='bbox 3217 3808 3272 3852; x_wconf 91' lang='lat' dir='ltr'><strong>et</strong></span> <span class='ocrx_word' id='word_1_606' title='bbox 3323 3807 3650 3868; x_wconf 79' lang='lat' dir='ltr'><strong>argentum,</strong></span> <span class='ocrx_word' id='word_1_607' title='bbox 3690 3809 3740 3850; x_wconf 82' lang='lat' dir='ltr'><strong>et</strong></span> 
     </span>
    </p>
   </div>
   <div class='ocr_carea' id='block_1_76' title="bbox 2146 3882 3740 3969">
    <p class='ocr_par' dir='ltr' id='par_1_76' title="bbox 2146 3882 3740 3969">
     <span class='ocr_line' id='line_1_76' title="bbox 2146 3882 3740 3969; baseline 0.001 -18"><span class='ocrx_word' id='word_1_608' title='bbox 2146 3898 2479 3966; x_wconf 68' lang='lat' dir='ltr'><strong>margaritae,</strong></span> <span class='ocrx_word' id='word_1_609' title='bbox 2533 3907 2590 3953; x_wconf 92' lang='lat' dir='ltr'><strong>et</strong></span> <span class='ocrx_word' id='word_1_610' title='bbox 2635 3899 2842 3969; x_wconf 89' lang='lat' dir='ltr'><strong>lapides</strong></span> <span class='ocrx_word' id='word_1_611' title='bbox 2887 3882 3134 3968; x_wconf 74' lang='lat' dir='ltr'><strong>pretiosi,</strong></span> <span class='ocrx_word' id='word_1_612' title='bbox 3190 3909 3246 3953; x_wconf 88' lang='lat' dir='ltr'><strong>et</strong></span> <span class='ocrx_word' id='word_1_613' title='bbox 3291 3897 3504 3963; x_wconf 91' lang='lat' dir='ltr'><strong>fenum,</strong></span> <span class='ocrx_word' id='word_1_614' title='bbox 3554 3910 3614 3955; x_wconf 91' lang='lat' dir='ltr'><strong>et</strong></span> <span class='ocrx_word' id='word_1_615' title='bbox 3649 3902 3740 3954; x_wconf 83' lang='lat' dir='ltr'><strong>sti-</strong></span> 
     </span>
    </p>
   </div>
   <div class='ocr_carea' id='block_1_77' title="bbox 2146 3990 3736 4062">
    <p class='ocr_par' dir='ltr' id='par_1_77' title="bbox 2146 3990 3736 4062">
     <span class='ocr_line' id='line_1_77' title="bbox 2146 3990 3736 4062; baseline 0.002 -18"><span class='ocrx_word' id='word_1_616' title='bbox 2146 3990 2307 4058; x_wconf 64' lang='lat' dir='ltr'><strong>pulae,</strong></span> <span class='ocrx_word' id='word_1_617' title='bbox 2341 4000 2395 4046; x_wconf 91' lang='lat' dir='ltr'><strong>et</strong></span> <span class='ocrx_word' id='word_1_618' title='bbox 2425 3991 2571 4062; x_wconf 90' lang='lat' dir='ltr'><strong>ligna</strong></span> <span class='ocrx_word' id='word_1_619' title='bbox 2617 4001 2894 4062; x_wconf 91' lang='lat' dir='ltr'><strong>ponuntur</strong></span> <span class='ocrx_word' id='word_1_620' title='bbox 2931 4007 2947 4046; x_wconf 90' lang='lat'><strong>:</strong></span> <span class='ocrx_word' id='word_1_621' title='bbox 2990 3993 3126 4055; x_wconf 84' lang='lat' dir='ltr'><strong>nihil</strong></span> <span class='ocrx_word' id='word_1_622' title='bbox 3160 3991 3306 4046; x_wconf 90' lang='lat' dir='ltr'><strong>aliud</strong></span> <span class='ocrx_word' id='word_1_623' title='bbox 3354 3991 3640 4060; x_wconf 82' lang='lat' dir='ltr'><strong>signiﬁcat</strong></span> <span class='ocrx_word' id='word_1_624' title='bbox 3686 3995 3736 4047; x_wconf 88' lang='lat' dir='ltr'><strong>in</strong></span> 
     </span>
    </p>
   </div>
   <div class='ocr_carea' id='block_1_78' title="bbox 2147 4083 3734 4154">
    <p class='ocr_par' dir='ltr' id='par_1_78' title="bbox 2147 4083 3734 4154">
     <span class='ocr_line' id='line_1_78' title="bbox 2147 4083 3734 4154; baseline 0 -16"><span class='ocrx_word' id='word_1_625' title='bbox 2147 4083 2252 4138; x_wconf 90' lang='lat' dir='ltr'><strong>hoc</strong></span> <span class='ocrx_word' id='word_1_626' title='bbox 2289 4083 2431 4148; x_wconf 87' lang='lat' dir='ltr'><strong>loco,</strong></span> <span class='ocrx_word' id='word_1_627' title='bbox 2483 4084 2588 4138; x_wconf 93' lang='lat' dir='ltr'><strong>nisi</strong></span> <span class='ocrx_word' id='word_1_628' title='bbox 2627 4085 2847 4153; x_wconf 87' lang='lat' dir='ltr'><strong>quidem</strong></span> <span class='ocrx_word' id='word_1_629' title='bbox 2900 4083 3346 4154; x_wconf 58' lang='lat' dir='ltr'><strong>praedicationem</strong></span> <span class='ocrx_word' id='word_1_630' title='bbox 3389 4100 3492 4154; x_wconf 92' lang='lat' dir='ltr'><strong>per</strong></span> <span class='ocrx_word' id='word_1_631' title='bbox 3545 4101 3734 4140; x_wconf 83' lang='lat' dir='ltr'><strong>aurmn</strong></span> 
     </span>
    </p>
   </div>
   <div class='ocr_carea' id='block_1_79' title="bbox 2145 4173 3738 4247">
    <p class='ocr_par' dir='ltr' id='par_1_79' title="bbox 2145 4173 3738 4247">
     <span class='ocr_line' id='line_1_79' title="bbox 2145 4173 3738 4247; baseline -0.001 -17"><span class='ocrx_word' id='word_1_632' title='bbox 2145 4184 2196 4230; x_wconf 91' lang='lat' dir='ltr'><strong>et</strong></span> <span class='ocrx_word' id='word_1_633' title='bbox 2242 4184 2530 4247; x_wconf 84' lang='lat' dir='ltr'><strong>argentum</strong></span> <span class='ocrx_word' id='word_1_634' title='bbox 2567 4187 2621 4230; x_wconf 87' lang='lat' dir='ltr'><strong>et</strong></span> <span class='ocrx_word' id='word_1_635' title='bbox 2675 4175 2882 4247; x_wconf 89' lang='lat' dir='ltr'><strong>lapides</strong></span> <span class='ocrx_word' id='word_1_636' title='bbox 2927 4175 3220 4246; x_wconf 89' lang='lat' dir='ltr'><strong>pretiosos.</strong></span> <span class='ocrx_word' id='word_1_637' title='bbox 3274 4173 3351 4230; x_wconf 85' lang='lat' dir='ltr'><strong>Ea</strong></span> <span class='ocrx_word' id='word_1_638' title='bbox 3389 4186 3585 4230; x_wconf 89' lang='lat' dir='ltr'><strong>autem</strong></span> <span class='ocrx_word' id='word_1_639' title='bbox 3624 4191 3738 4246; x_wconf 76' lang='lat' dir='ltr'><strong>qua:</strong></span> 
     </span>
    </p>
   </div>
   <div class='ocr_carea' id='block_1_80' title="bbox 2144 4265 3738 4340">
    <p class='ocr_par' dir='ltr' id='par_1_80' title="bbox 2144 4265 3738 4340">
     <span class='ocr_line' id='line_1_80' title="bbox 2144 4265 3738 4340; baseline -0.003 -16"><span class='ocrx_word' id='word_1_640' title='bbox 2144 4279 2341 4338; x_wconf 84' lang='lat' dir='ltr'><strong>praeter</strong></span> <span class='ocrx_word' id='word_1_641' title='bbox 2367 4269 2652 4324; x_wconf 85' lang='lat' dir='ltr'><strong>veritatem</strong></span> <span class='ocrx_word' id='word_1_642' title='bbox 2687 4279 2837 4336; x_wconf 88' lang='lat' dir='ltr'><strong>sunt,</strong></span> <span class='ocrx_word' id='word_1_643' title='bbox 2869 4271 2976 4340; x_wconf 83' lang='lat' dir='ltr'><strong>igni</strong></span> <span class='ocrx_word' id='word_1_644' title='bbox 3029 4279 3216 4339; x_wconf 91' lang='lat' dir='ltr'><strong>utpote</strong></span> <span class='ocrx_word' id='word_1_645' title='bbox 3267 4268 3456 4338; x_wconf 87' lang='lat' dir='ltr'><strong>digna,</strong></span> <span class='ocrx_word' id='word_1_646' title='bbox 3500 4265 3635 4322; x_wconf 75' lang='lat' dir='ltr'><strong>[eno</strong></span> <span class='ocrx_word' id='word_1_647' title='bbox 3689 4279 3738 4322; x_wconf 79' lang='lat' dir='ltr'><strong>et</strong></span> 
     </span>
    </p>
   </div>
   <div class='ocr_carea' id='block_1_81' title="bbox 2145 4359 3736 4431">
    <p class='ocr_par' dir='ltr' id='par_1_81' title="bbox 2145 4359 3736 4431">
     <span class='ocr_line' id='line_1_81' title="bbox 2145 4359 3736 4431; baseline -0.002 -14"><span class='ocrx_word' id='word_1_648' title='bbox 2145 4360 2356 4430; x_wconf 75' lang='lat' dir='ltr'><strong>stipula:</strong></span> <span class='ocrx_word' id='word_1_649' title='bbox 2382 4371 2438 4416; x_wconf 90' lang='lat' dir='ltr'><strong>et</strong></span> <span class='ocrx_word' id='word_1_650' title='bbox 2486 4362 2635 4431; x_wconf 83' lang='lat' dir='ltr'><strong>ligno</strong></span> <span class='ocrx_word' id='word_1_651' title='bbox 2670 4363 3024 4431; x_wconf 87' lang='lat' dir='ltr'><strong>comparavit.</strong></span> <span class='ocrx_word' id='word_1_652' title='bbox 3055 4362 3174 4415; x_wconf 82' lang='lat' dir='ltr'><strong>Non</strong></span> <span class='ocrx_word' id='word_1_653' title='bbox 3222 4361 3370 4414; x_wconf 91' lang='lat' dir='ltr'><strong>enim</strong></span> <span class='ocrx_word' id='word_1_654' title='bbox 3405 4359 3551 4414; x_wconf 78' lang='lat' dir='ltr'><strong>dixit</strong></span> <span class='ocrx_word' id='word_1_655' title='bbox 3595 4362 3736 4430; x_wconf 72' lang='lat' dir='ltr'><strong>Apo-</strong></span> 
     </span>
    </p>
   </div>
   <div class='ocr_carea' id='block_1_82' title="bbox 2144 4452 3733 4523">
    <p class='ocr_par' dir='ltr' id='par_1_82' title="bbox 2144 4452 3733 4523">
     <span class='ocr_line' id='line_1_82' title="bbox 2144 4452 3733 4523; baseline -0.003 -16"><span class='ocrx_word' id='word_1_656' title='bbox 2144 4453 2350 4508; x_wconf 82' lang='lat' dir='ltr'><strong>Stolus:</strong></span> <span class='ocrx_word' id='word_1_657' title='bbox 2387 4452 2443 4507; x_wconf 92' lang='lat' dir='ltr'><strong>Si</strong></span> <span class='ocrx_word' id='word_1_658' title='bbox 2477 4453 2601 4522; x_wconf 93' lang='lat' dir='ltr'><strong>quis</strong></span> <span class='ocrx_word' id='word_1_659' title='bbox 2644 4469 2749 4507; x_wconf 92' lang='lat' dir='ltr'><strong>non</strong></span> <span class='ocrx_word' id='word_1_660' title='bbox 2793 4453 2998 4507; x_wconf 90' lang='lat' dir='ltr'><strong>dederit</strong></span> <span class='ocrx_word' id='word_1_661' title='bbox 3031 4453 3278 4523; x_wconf 88' lang='lat' dir='ltr'><strong>pauperi,</strong></span> <span class='ocrx_word' id='word_1_662' title='bbox 3315 4454 3623 4506; x_wconf 87' lang='lat' dir='ltr'><strong>anathema</strong></span> <span class='ocrx_word' id='word_1_663' title='bbox 3646 4454 3733 4508; x_wconf 88' lang='lat' dir='ltr'><strong>sit.</strong></span> 
     </span>
    </p>
   </div>
   <div class='ocr_carea' id='block_1_83' title="bbox 2145 4544 3734 4616">
    <p class='ocr_par' dir='ltr' id='par_1_83' title="bbox 2145 4544 3734 4616">
     <span class='ocr_line' id='line_1_83' title="bbox 2145 4544 3734 4616; baseline 0 -18"><span class='ocrx_word' id='word_1_664' title='bbox 2145 4544 2259 4600; x_wconf 84' lang='lat' dir='ltr'><strong>Non</strong></span> <span class='ocrx_word' id='word_1_665' title='bbox 2297 4547 2396 4600; x_wconf 90' lang='lat' dir='ltr'><strong>ista</strong></span> <span class='ocrx_word' id='word_1_666' title='bbox 2425 4547 2631 4616; x_wconf 89' lang='lat' dir='ltr'><strong>denego</strong></span> <span class='ocrx_word' id='word_1_667' title='bbox 2676 4563 2691 4602; x_wconf 88' lang='lat'><strong>:</strong></span> <span class='ocrx_word' id='word_1_668' title='bbox 2730 4547 2826 4601; x_wconf 89' lang='lat' dir='ltr'><strong>sed</strong></span> <span class='ocrx_word' id='word_1_669' title='bbox 2859 4561 2978 4614; x_wconf 71' lang='lat' dir='ltr'><strong>qua:</strong></span> <span class='ocrx_word' id='word_1_670' title='bbox 3018 4547 3192 4610; x_wconf 85' lang='lat' dir='ltr'><strong>prima</strong></span> <span class='ocrx_word' id='word_1_671' title='bbox 3224 4555 3375 4608; x_wconf 89' lang='lat' dir='ltr'><strong>sunt,</strong></span> <span class='ocrx_word' id='word_1_672' title='bbox 3416 4546 3641 4612; x_wconf 87' lang='lat' dir='ltr'><strong>prima;</strong></span> <span class='ocrx_word' id='word_1_673' title='bbox 3685 4557 3734 4598; x_wconf 86' lang='lat' dir='ltr'><strong>et</strong></span> 
     </span>
    </p>
   </div>
   <div class='ocr_carea' id='block_1_84' title="bbox 2143 4635 3735 4708">
    <p class='ocr_par' dir='ltr' id='par_1_84' title="bbox 2143 4635 3735 4708">
     <span class='ocr_line' id='line_1_84' title="bbox 2143 4635 3735 4708; baseline 0.001 -20"><span class='ocrx_word' id='word_1_674' title='bbox 2143 4652 2264 4705; x_wconf 73' lang='lat' dir='ltr'><strong>qua:</strong></span> <span class='ocrx_word' id='word_1_675' title='bbox 2321 4640 2600 4702; x_wconf 87' lang='lat' dir='ltr'><strong>secunda,</strong></span> <span class='ocrx_word' id='word_1_676' title='bbox 2654 4638 2909 4691; x_wconf 87' lang='lat' dir='ltr'><strong>secunda.</strong></span> <span class='ocrx_word' id='word_1_677' title='bbox 2967 4635 3153 4690; x_wconf 89' lang='lat' dir='ltr'><strong>Primo</strong></span> <span class='ocrx_word' id='word_1_678' title='bbox 3199 4638 3460 4691; x_wconf 77' lang='lat' dir='ltr'><strong>condisce</strong></span> <span class='ocrx_word' id='word_1_679' title='bbox 3513 4648 3735 4708; x_wconf 89' lang='lat' dir='ltr'><strong>propter</strong></span> 
     </span>
    </p>
   </div>
   <div class='ocr_carea' id='block_1_85' title="bbox 2141 4727 3732 4798">
    <p class='ocr_par' dir='ltr' id='par_1_85' title="bbox 2141 4727 3732 4798">
     <span class='ocr_line' id='line_1_85' title="bbox 2141 4727 3732 4798; baseline 0.001 -16"><span class='ocrx_word' id='word_1_680' title='bbox 2141 4743 2304 4798; x_wconf 88' lang='lat' dir='ltr'><strong>quem</strong></span> <span class='ocrx_word' id='word_1_681' title='bbox 2338 4727 2497 4794; x_wconf 82' lang='lat' dir='ltr'><strong>facis,</strong></span> <span class='ocrx_word' id='word_1_682' title='bbox 2532 4741 2588 4783; x_wconf 93' lang='lat' dir='ltr'><strong>et</strong></span> <span class='ocrx_word' id='word_1_683' title='bbox 2621 4729 2691 4782; x_wconf 85' lang='lat' dir='ltr'><strong>ita</strong></span> <span class='ocrx_word' id='word_1_684' title='bbox 2731 4730 2908 4783; x_wconf 84' lang='lat' dir='ltr'><strong>facito.</strong></span> <span class='ocrx_word' id='word_1_685' title='bbox 2939 4728 3086 4781; x_wconf 88' lang='lat' dir='ltr'><strong>Multi</strong></span> <span class='ocrx_word' id='word_1_686' title='bbox 3118 4729 3261 4782; x_wconf 91' lang='lat' dir='ltr'><strong>enim</strong></span> <span class='ocrx_word' id='word_1_687' title='bbox 3298 4727 3589 4782; x_wconf 90' lang='lat' dir='ltr'><strong>hominum</strong></span> <span class='ocrx_word' id='word_1_688' title='bbox 3638 4745 3732 4798; x_wconf 76' lang='lat' dir='ltr'><strong>pe-</strong></span> 
     </span>
    </p>
   </div>
   <div class='ocr_carea' id='block_1_86' title="bbox 2143 4819 3732 4889">
    <p class='ocr_par' dir='ltr' id='par_1_86' title="bbox 2143 4819 3732 4889">
     <span class='ocr_line' id='line_1_86' title="bbox 2143 4819 3732 4889; baseline -0.001 -17"><span class='ocrx_word' id='word_1_689' title='bbox 2143 4820 2362 4873; x_wconf 86' lang='lat' dir='ltr'><strong>corihus</strong></span> <span class='ocrx_word' id='word_1_690' title='bbox 2409 4830 2538 4874; x_wconf 87' lang='lat' dir='ltr'><strong>sunt</strong></span> <span class='ocrx_word' id='word_1_691' title='bbox 2587 4819 2794 4874; x_wconf 90' lang='lat' dir='ltr'><strong>similes</strong></span> <span class='ocrx_word' id='word_1_692' title='bbox 2835 4838 2848 4872; x_wconf 91' lang='lat'>:</span> <span class='ocrx_word' id='word_1_693' title='bbox 2900 4828 3090 4889; x_wconf 89' lang='lat' dir='ltr'><strong>putant</strong></span> <span class='ocrx_word' id='word_1_694' title='bbox 3122 4833 3231 4872; x_wconf 91' lang='lat' dir='ltr'><strong>non</strong></span> <span class='ocrx_word' id='word_1_695' title='bbox 3260 4832 3386 4872; x_wconf 87' lang='lat' dir='ltr'><strong>esse</strong></span> <span class='ocrx_word' id='word_1_696' title='bbox 3419 4820 3732 4872; x_wconf 83' lang='lat' dir='ltr'><strong>necessaria</strong></span> 
     </span>
    </p>
   </div>
   <div class='ocr_carea' id='block_1_87' title="bbox 2142 4910 3732 4982">
    <p class='ocr_par' dir='ltr' id='par_1_87' title="bbox 2142 4910 3732 4982">
     <span class='ocr_line' id='line_1_87' title="bbox 2142 4910 3732 4982; baseline 0.001 -19"><span class='ocrx_word' id='word_1_697' title='bbox 2142 4926 2385 4980; x_wconf 72' lang='lat' dir='ltr'><strong>quazrere</strong></span> <span class='ocrx_word' id='word_1_698' title='bbox 2420 4913 2486 4965; x_wconf 89' lang='lat' dir='ltr'><strong>de</strong></span> <span class='ocrx_word' id='word_1_699' title='bbox 2520 4913 2604 4966; x_wconf 92' lang='lat' dir='ltr'><strong>his</strong></span> <span class='ocrx_word' id='word_1_700' title='bbox 2629 4928 2750 4982; x_wconf 69' lang='lat' dir='ltr'><strong>qua:</strong></span> <span class='ocrx_word' id='word_1_701' title='bbox 2781 4912 3059 4982; x_wconf 84' lang='lat' dir='ltr'><strong>possibilia</strong></span> <span class='ocrx_word' id='word_1_702' title='bbox 3089 4920 3215 4964; x_wconf 89' lang='lat' dir='ltr'><strong>sunt</strong></span> <span class='ocrx_word' id='word_1_703' title='bbox 3238 4922 3584 4980; x_wconf 70' lang='lat' dir='ltr'><strong>quaerantur.</strong></span> <span class='ocrx_word' id='word_1_704' title='bbox 3618 4910 3732 4965; x_wconf 52' lang='lat' dir='ltr'><strong>Sic.</strong></span> 
     </span>
    </p>
   </div>
   <div class='ocr_carea' id='block_1_88' title="bbox 2141 5003 3725 5075">
    <p class='ocr_par' dir='ltr' id='par_1_88' title="bbox 2141 5003 3725 5075">
     <span class='ocr_line' id='line_1_88' title="bbox 2141 5003 3725 5075; baseline -0.001 -18"><span class='ocrx_word' id='word_1_705' title='bbox 2141 5013 2201 5057; x_wconf 87' lang='lat' dir='ltr'><strong>ut</strong></span> <span class='ocrx_word' id='word_1_706' title='bbox 2221 5019 2353 5075; x_wconf 87' lang='lat' dir='ltr'><strong>ergo</strong></span> <span class='ocrx_word' id='word_1_707' title='bbox 2379 5004 2446 5058; x_wconf 88' lang='lat' dir='ltr'><strong>de</strong></span> <span class='ocrx_word' id='word_1_708' title='bbox 2473 5005 2559 5059; x_wconf 90' lang='lat' dir='ltr'><strong>bis</strong></span> <span class='ocrx_word' id='word_1_709' title='bbox 2586 5021 2705 5074; x_wconf 64' lang='lat' dir='ltr'><strong>quae</strong></span> <span class='ocrx_word' id='word_1_710' title='bbox 2735 5014 2960 5072; x_wconf 89' lang='lat' dir='ltr'><strong>possunt</strong></span> <span class='ocrx_word' id='word_1_711' title='bbox 2983 5005 3175 5073; x_wconf 63' lang='lat' dir='ltr'><strong>quatri,</strong></span> <span class='ocrx_word' id='word_1_712' title='bbox 3211 5003 3470 5057; x_wconf 89' lang='lat' dir='ltr'><strong>inertium</strong></span> <span class='ocrx_word' id='word_1_713' title='bbox 3499 5013 3588 5058; x_wconf 87' lang='lat' dir='ltr'><strong>est</strong></span> <span class='ocrx_word' id='word_1_714' title='bbox 3627 5019 3725 5058; x_wconf 82' lang='lat' dir='ltr'><strong>neu</strong></span> 
     </span>
    </p>
   </div>
   <div class='ocr_carea' id='block_1_89' title="bbox 460 5087 3726 5178">
    <p class='ocr_par' dir='ltr' id='par_1_89' title="bbox 460 5087 3726 5178">
     <span class='ocr_line' id='line_1_89' title="bbox 460 5087 3726 5178; baseline -0.006 -16"><span class='ocrx_word' id='word_1_715' title='bbox 460 5119 508 5162; x_wconf 86' lang='lat' dir='ltr'><strong>et</strong></span> <span class='ocrx_word' id='word_1_716' title='bbox 537 5113 750 5178; x_wconf 84' lang='lat' dir='ltr'><strong>propter</strong></span> <span class='ocrx_word' id='word_1_717' title='bbox 773 5103 869 5156; x_wconf 85' lang='lat' dir='ltr'><strong>hoc</strong></span> <span class='ocrx_word' id='word_1_718' title='bbox 899 5111 1053 5154; x_wconf 83' lang='lat' dir='ltr'><strong>natus</strong></span> <span class='ocrx_word' id='word_1_719' title='bbox 1085 5115 1226 5164; x_wconf 85' lang='lat' dir='ltr'><strong>sum,</strong></span> <span class='ocrx_word' id='word_1_720' title='bbox 1263 5107 1319 5149; x_wconf 77' lang='lat' dir='ltr'><strong>ut</strong></span> <span class='ocrx_word' id='word_1_721' title='bbox 1359 5107 1513 5150; x_wconf 77' lang='lat' dir='ltr'><strong>tester</strong></span> <span class='ocrx_word' id='word_1_722' title='bbox 1555 5095 1763 5148; x_wconf 78' lang='lat' dir='ltr'><strong>veritati</strong></span> <span class='ocrx_word' id='word_1_723' title='bbox 1793 5094 1862 5148; x_wconf 78' lang='grc'><strong>⁸³.</strong></span> <span class='ocrx_word' id='word_1_724' title='bbox 1913 5091 2031 5164; x_wconf 84' lang='lat' dir='ltr'><strong>Ipse</strong></span> <span class='ocrx_word' id='word_1_725' title='bbox 2063 5087 2108 5142; x_wconf 88' lang='lat' dir='ltr'><strong>D</strong></span> <span class='ocrx_word' id='word_1_726' title='bbox 2136 5109 2413 5165; x_wconf 70' lang='lat' dir='ltr'><strong>quaerere;</strong></span> <span class='ocrx_word' id='word_1_727' title='bbox 2469 5095 2546 5148; x_wconf 90' lang='lat' dir='ltr'><strong>ita</strong></span> <span class='ocrx_word' id='word_1_728' title='bbox 2591 5094 2657 5149; x_wconf 87' lang='lat' dir='ltr'><strong>de</strong></span> <span class='ocrx_word' id='word_1_729' title='bbox 2711 5094 2796 5147; x_wconf 90' lang='lat' dir='ltr'><strong>bis</strong></span> <span class='ocrx_word' id='word_1_730' title='bbox 2829 5107 2948 5163; x_wconf 73' lang='lat' dir='ltr'><strong>quae</strong></span> <span class='ocrx_word' id='word_1_731' title='bbox 2996 5106 3103 5147; x_wconf 90' lang='lat' dir='ltr'><strong>non</strong></span> <span class='ocrx_word' id='word_1_732' title='bbox 3153 5104 3380 5145; x_wconf 88' lang='lat' dir='ltr'><strong>necesse</strong></span> <span class='ocrx_word' id='word_1_733' title='bbox 3413 5101 3500 5145; x_wconf 84' lang='lat' dir='ltr'><strong>est</strong></span> <span class='ocrx_word' id='word_1_734' title='bbox 3538 5092 3726 5160; x_wconf 58' lang='lat' dir='ltr'><strong>quxri,</strong></span> 
     </span>
    </p>
   </div>
   <div class='ocr_carea' id='block_1_90' title="bbox 511 5282 1888 5360">
    <p class='ocr_par' dir='ltr' id='par_1_90' title="bbox 511 5282 1888 5360">
     <span class='ocr_line' id='line_1_90' title="bbox 511 5282 1888 5360; baseline 0.004 -14"><span class='ocrx_word' id='word_1_735' title='bbox 511 5294 555 5327; x_wconf 71' lang='lat'><strong>79</strong></span> <span class='ocrx_word' id='word_1_736' title='bbox 577 5291 873 5353; x_wconf 72' lang='lat' dir='ltr'><strong>Joan.:w,</strong></span> <span class='ocrx_word' id='word_1_737' title='bbox 924 5288 1054 5360; x_wconf 36' lang='lat'><strong>27.,</strong></span> <span class='ocrx_word' id='word_1_738' title='bbox 1120 5287 1167 5320; x_wconf 77' lang='lat'><strong>°°</strong></span> <span class='ocrx_word' id='word_1_739' title='bbox 1204 5287 1360 5342; x_wconf 89' lang='lat' dir='ltr'><strong>Joan.</strong></span> <span class='ocrx_word' id='word_1_740' title='bbox 1406 5303 1446 5353; x_wconf 88' lang='grc' dir='ltr'>ι,</span> <span class='ocrx_word' id='word_1_741' title='bbox 1507 5283 1605 5360; x_wconf 54' lang='lat' dir='ltr'><strong>if};</strong></span> <span class='ocrx_word' id='word_1_742' title='bbox 1667 5299 1752 5345; x_wconf 68' lang='lat' dir='ltr'><strong>&quot;lo</strong></span> <span class='ocrx_word' id='word_1_743' title='bbox 1799 5282 1888 5360; x_wconf 53' lang='grc'><strong>[8-</strong></span> 
     </span>
    </p>
   </div>
   <div class='ocr_carea' id='block_1_91' title="bbox 458 5352 1858 5427">
    <p class='ocr_par' dir='ltr' id='par_1_91' title="bbox 458 5352 1858 5427">
     <span class='ocr_line' id='line_1_91' title="bbox 458 5352 1858 5427; baseline -0.009 -9"><span class='ocrx_word' id='word_1_744' title='bbox 458 5361 509 5395; x_wconf 75' lang='grc'><strong>³⁸</strong></span> <span class='ocrx_word' id='word_1_745' title='bbox 538 5363 728 5418; x_wconf 81' lang='lat' dir='ltr'><strong>Matth.</strong></span> <span class='ocrx_word' id='word_1_746' title='bbox 776 5352 888 5427; x_wconf 77' lang='lat' dir='ltr'><strong>xvi,</strong></span> <span class='ocrx_word' id='word_1_747' title='bbox 930 5360 1016 5414; x_wconf 80' lang='grc'><strong>17.</strong></span> <span class='ocrx_word' id='word_1_748' title='bbox 1045 5352 1054 5360; x_wconf 70' lang='grc'>’</span> <span class='ocrx_word' id='word_1_749' title='bbox 1095 5359 1141 5392; x_wconf 79' lang='grc'><strong>³⁵</strong></span> <span class='ocrx_word' id='word_1_750' title='bbox 1167 5361 1356 5414; x_wconf 89' lang='lat' dir='ltr'><strong>Matth.</strong></span> <span class='ocrx_word' id='word_1_751' title='bbox 1390 5352 1471 5422; x_wconf 85' lang='lat' dir='ltr'><strong>lii,</strong></span> <span class='ocrx_word' id='word_1_752' title='bbox 1506 5352 1602 5421; x_wconf 76' lang='lat' dir='ltr'><strong>i7;</strong></span> <span class='ocrx_word' id='word_1_753' title='bbox 1643 5370 1775 5422; x_wconf 77' lang='lat' dir='ltr'><strong>xvu,</strong></span> <span class='ocrx_word' id='word_1_754' title='bbox 1806 5356 1858 5409; x_wconf 85' lang='lat'><strong>5.</strong></span> 
     </span>
    </p>
   </div>
   <div class='ocr_carea' id='block_1_92' title="bbox 531 5472 2032 5552">
    <p class='ocr_par' dir='ltr' id='par_1_92' title="bbox 531 5472 2032 5552">
     <span class='ocr_line' id='line_1_92' title="bbox 531 5472 2032 5552; baseline -0.005 -18"><span class='ocrx_word' id='word_1_755' title='bbox 531 5478 645 5550; x_wconf 89' lang='lat'><strong>(86)</strong></span> <span class='ocrx_word' id='word_1_756' title='bbox 685 5479 787 5552; x_wconf 89' lang='lat' dir='ltr'><strong>ui</strong></span> <span class='ocrx_word' id='word_1_757' title='bbox 807 5477 1253 5552; x_wconf 68' lang='lat' dir='ltr'><strong>propter.&#39;Ev§xa</strong></span> <span class='ocrx_word' id='word_1_758' title='bbox 1273 5475 1390 5539; x_wconf 84' lang='grc' dir='ltr'><strong>σοῦ,</strong></span> <span class='ocrx_word' id='word_1_759' title='bbox 1418 5474 1614 5528; x_wconf 86' lang='lat' dir='ltr'><strong>iterum</strong></span> <span class='ocrx_word' id='word_1_760' title='bbox 1638 5472 1777 5526; x_wconf 81' lang='lat' dir='ltr'><strong>infra</strong></span> <span class='ocrx_word' id='word_1_761' title='bbox 1810 5473 2032 5552; x_wconf 53' lang='lat' dir='ltr'><strong>sub&#39;ﬁn.</strong></span> 
     </span>
    </p>
   </div>
   <div class='ocr_carea' id='block_1_93' title="bbox 460 5548 1298 5617">
    <p class='ocr_par' dir='ltr' id='par_1_93' title="bbox 460 5548 1298 5617">
     <span class='ocr_line' id='line_1_93' title="bbox 460 5548 1298 5617; baseline -0.002 -14"><span class='ocrx_word' id='word_1_762' title='bbox 460 5548 555 5605; x_wconf 86' lang='lat' dir='ltr'><strong>lib.</strong></span> <span class='ocrx_word' id='word_1_763' title='bbox 588 5548 662 5614; x_wconf 82' lang='lat' dir='ltr'><strong>vi,</strong></span> <span class='ocrx_word' id='word_1_764' title='bbox 690 5548 765 5602; x_wconf 91' lang='lat' dir='ltr'><strong>De</strong></span> <span class='ocrx_word' id='word_1_765' title='bbox 786 5565 844 5602; x_wconf 92' lang='lat' dir='ltr'><strong>eo</strong></span> <span class='ocrx_word' id='word_1_766' title='bbox 872 5549 1010 5617; x_wconf 84' lang='lat' dir='ltr'><strong>quod</strong></span> <span class='ocrx_word' id='word_1_767' title='bbox 1036 5550 1112 5600; x_wconf 80' lang='lat' dir='ltr'><strong>ait</strong></span> <span class='ocrx_word' id='word_1_768' title='bbox 1137 5548 1298 5601; x_wconf 86' lang='lat' dir='ltr'><strong>Deus.</strong></span> 
     </span>
    </p>
   </div>
   <div class='ocr_carea' id='block_1_94' title="bbox 531 5616 1446 5688">
    <p class='ocr_par' dir='ltr' id='par_1_94' title="bbox 531 5616 1446 5688">
     <span class='ocr_line' id='line_1_94' title="bbox 531 5616 1446 5688; baseline -0.003 -17"><span class='ocrx_word' id='word_1_769' title='bbox 531 5618 647 5688; x_wconf 81' lang='lat'><strong>(87)</strong></span> <span class='ocrx_word' id='word_1_770' title='bbox 689 5616 950 5685; x_wconf 72' lang='lat' dir='ltr'><strong>Impertit.</strong></span> <span class='ocrx_word' id='word_1_771' title='bbox 978 5617 1142 5673; x_wconf 84' lang='lat' dir='ltr'><strong>Forte</strong></span> <span class='ocrx_word' id='word_1_772' title='bbox 1170 5616 1446 5688; x_wconf 76' lang='lat' dir='ltr'><strong>impertiet.</strong></span> 
     </span>
    </p>
   </div>
   <div class='ocr_carea' id='block_1_95' title="bbox 533 5622 2030 5758">
    <p class='ocr_par' dir='ltr' id='par_1_95' title="bbox 533 5622 2030 5758">
     <span class='ocr_line' id='line_1_95' title="bbox 533 5622 1446 5688; baseline -0.001 -17"><span class='ocrx_word' id='word_1_773' title='bbox 533 5622 622 5688; x_wconf 83' lang='lat'><strong>(87</strong></span> <span class='ocrx_word' id='word_1_774' title='bbox 689 5622 950 5685; x_wconf 72' lang='lat' dir='ltr'><strong>Impertit.</strong></span> <span class='ocrx_word' id='word_1_775' title='bbox 978 5622 1142 5673; x_wconf 84' lang='lat' dir='ltr'><strong>Forte</strong></span> <span class='ocrx_word' id='word_1_776' title='bbox 1170 5622 1446 5683; x_wconf 73' lang='lat' dir='ltr'><strong>imperitet.</strong></span> 
     </span>
     <span class='ocr_line' id='line_1_96' title="bbox 533 5622 2030 5758; baseline 0 -18"><span class='ocrx_word' id='word_1_777' title='bbox 533 5622 650 5758; x_wconf 53' lang='lat'><strong>‘88;</strong></span> <span class='ocrx_word' id='word_1_778' title='bbox 690 5688 836 5740; x_wconf 86' lang='lat' dir='ltr'><strong>Beati</strong></span> <span class='ocrx_word' id='word_1_779' title='bbox 859 5688 1004 5741; x_wconf 82' lang='lat' dir='ltr'><strong>illius</strong></span> <span class='ocrx_word' id='word_1_780' title='bbox 1028 5689 1146 5742; x_wconf 78' lang='lat' dir='ltr'><strong>viri.</strong></span> <span class='ocrx_word' id='word_1_781' title='bbox 1183 5687 1470 5755; x_wconf 86' lang='lat' dir='ltr'><strong>Pamphili.</strong></span> <span class='ocrx_word' id='word_1_782' title='bbox 1502 5698 1561 5741; x_wconf 90' lang='lat' dir='ltr'><strong>ut</strong></span> <span class='ocrx_word' id='word_1_783' title='bbox 1589 5685 1752 5758; x_wconf 74' lang='lat' dir='ltr'><strong>Henr.</strong></span> <span class='ocrx_word' id='word_1_784' title='bbox 1783 5684 2030 5741; x_wconf 75' lang='lat' dir='ltr'><strong>Valesius</strong></span> 
     </span>
    </p>
   </div>
   <div class='ocr_carea' id='block_1_96' title="bbox 458 5756 2032 5836">
    <p class='ocr_par' dir='ltr' id='par_1_96' title="bbox 458 5756 2032 5836">
     <span class='ocr_line' id='line_1_97' title="bbox 458 5756 2032 5836; baseline 0.003 -24"><span class='ocrx_word' id='word_1_785' title='bbox 458 5756 826 5836; x_wconf 29' lang='lat'><strong>(281156};1195.</strong></span> <span class='ocrx_word' id='word_1_786' title='bbox 853 5759 1151 5836; x_wconf 84' lang='lat' dir='ltr'><strong>Agapetum</strong></span> <span class='ocrx_word' id='word_1_787' title='bbox 1201 5759 1378 5836; x_wconf 75' lang='lat' dir='ltr'><strong>potius</strong></span> <span class='ocrx_word' id='word_1_788' title='bbox 1410 5769 1662 5830; x_wconf 79' lang='lat' dir='ltr'><strong>putamus</strong></span> <span class='ocrx_word' id='word_1_789' title='bbox 1693 5756 1910 5815; x_wconf 76' lang='lat' dir='ltr'><strong>Eusebii</strong></span> <span class='ocrx_word' id='word_1_790' title='bbox 1937 5761 2032 5816; x_wconf 34' lang='lat' dir='ltr'><strong>des</strong></span> 
     </span>
    </p>
   </div>
   <div class='ocr_carea' id='block_1_97' title="bbox 2017 5281 2494 5346">
    <p class='ocr_par' dir='ltr' id='par_1_97' title="bbox 2017 5281 2494 5346">
     <span class='ocr_line' id='line_1_98' title="bbox 2017 5281 2494 5346; baseline -0.002 -10"><span class='ocrx_word' id='word_1_791' title='bbox 2017 5282 2104 5336; x_wconf 75' lang='lat' dir='ltr'><strong>&quot;I</strong></span> <span class='ocrx_word' id='word_1_792' title='bbox 2137 5282 2278 5336; x_wconf 84' lang='lat' dir='ltr'><strong>Tim.</strong></span> <span class='ocrx_word' id='word_1_793' title='bbox 2315 5296 2369 5346; x_wconf 78' lang='grc' dir='ltr'><strong>ν,</strong></span> <span class='ocrx_word' id='word_1_794' title='bbox 2404 5281 2494 5336; x_wconf 80' lang='grc'><strong>17.</strong></span> 
     </span>
    </p>
   </div>
   <div class='ocr_carea' id='block_1_98' title="bbox 1939 5351 2558 5418">
    <p class='ocr_par' dir='ltr' id='par_1_98' title="bbox 1939 5351 2558 5418">
     <span class='ocr_line' id='line_1_99' title="bbox 1939 5351 2558 5418; baseline -0.003 -7"><span class='ocrx_word' id='word_1_795' title='bbox 1939 5355 1987 5388; x_wconf 76' lang='grc'><strong>⁸³</strong></span> <span class='ocrx_word' id='word_1_796' title='bbox 2029 5355 2052 5410; x_wconf 91' lang='lat' dir='ltr'><strong>l</strong></span> <span class='ocrx_word' id='word_1_797' title='bbox 2086 5351 2213 5410; x_wconf 89' lang='lat' dir='ltr'><strong>Cor.</strong></span> <span class='ocrx_word' id='word_1_798' title='bbox 2251 5367 2333 5418; x_wconf 88' lang='lat' dir='ltr'><strong>iii,</strong></span> <span class='ocrx_word' id='word_1_799' title='bbox 2360 5353 2446 5410; x_wconf 75' lang='lat' dir='ltr'><strong>il.</strong></span> <span class='ocrx_word' id='word_1_800' title='bbox 2537 5356 2558 5366; x_wconf 85' lang='lat'>&#39;</span> 
     </span>
    </p>
   </div>
   <div class='ocr_carea' id='block_1_99' title="bbox 2588 5276 3722 5353">
    <p class='ocr_par' dir='ltr' id='par_1_99' title="bbox 2588 5276 3722 5353">
     <span class='ocr_line' id='line_1_100' title="bbox 2588 5276 3722 5353; baseline -0.006 -17"><span class='ocrx_word' id='word_1_801' title='bbox 2588 5281 2636 5353; x_wconf 62' lang='lat' dir='ltr'><strong>f”</strong></span> <span class='ocrx_word' id='word_1_802' title='bbox 2662 5280 2794 5336; x_wconf 89' lang='lat' dir='ltr'><strong>Luc.</strong></span> <span class='ocrx_word' id='word_1_803' title='bbox 2831 5296 2890 5346; x_wconf 72' lang='grc' dir='ltr'>ι,</span> <span class='ocrx_word' id='word_1_804' title='bbox 2925 5279 3016 5335; x_wconf 74' lang='grc'><strong>2⁸5.</strong></span> <span class='ocrx_word' id='word_1_805' title='bbox 3151 5277 3379 5334; x_wconf 68' lang='lat' dir='ltr'><strong>“Joan.</strong></span> <span class='ocrx_word' id='word_1_806' title='bbox 3425 5294 3594 5347; x_wconf 79' lang='lat' dir='ltr'><strong>xvui,</strong></span> <span class='ocrx_word' id='word_1_807' title='bbox 3640 5276 3722 5331; x_wconf 82' lang='lat'><strong>57.</strong></span> 
     </span>
    </p>
   </div>
   <div class='ocr_carea' id='block_1_100' title="bbox 2142 5461 3716 5537">
    <p class='ocr_par' dir='ltr' id='par_1_100' title="bbox 2142 5461 3716 5537">
     <span class='ocr_line' id='line_1_101' title="bbox 2142 5461 3716 5537; baseline -0.003 -10"><span class='ocrx_word' id='word_1_808' title='bbox 2142 5485 2439 5533; x_wconf 86' lang='lat' dir='ltr'><strong>cessorem,</strong></span> <span class='ocrx_word' id='word_1_809' title='bbox 2472 5471 2538 5524; x_wconf 93' lang='lat' dir='ltr'><strong>de</strong></span> <span class='ocrx_word' id='word_1_810' title='bbox 2589 5484 2698 5537; x_wconf 90' lang='lat' dir='ltr'><strong>quo</strong></span> <span class='ocrx_word' id='word_1_811' title='bbox 2732 5468 2935 5523; x_wconf 87' lang='lat' dir='ltr'><strong>Euseb.</strong></span> <span class='ocrx_word' id='word_1_812' title='bbox 2997 5467 3092 5521; x_wconf 90' lang='lat' dir='ltr'><strong>lib.</strong></span> <span class='ocrx_word' id='word_1_813' title='bbox 3145 5482 3217 5520; x_wconf 89' lang='lat' dir='ltr'><strong>vn</strong></span> <span class='ocrx_word' id='word_1_814' title='bbox 3279 5464 3428 5521; x_wconf 80' lang='lat' dir='ltr'><strong>Hist.</strong></span> <span class='ocrx_word' id='word_1_815' title='bbox 3479 5480 3600 5536; x_wconf 91' lang='lat' dir='ltr'><strong>cap.</strong></span> <span class='ocrx_word' id='word_1_816' title='bbox 3631 5461 3716 5522; x_wconf 68' lang='lat'><strong>52.</strong></span> 
     </span>
    </p>
   </div>
   <div class='ocr_carea' id='block_1_101' title="bbox 2142 5537 3269 5598">
    <p class='ocr_par' dir='ltr' id='par_1_101' title="bbox 2142 5537 3269 5598">
     <span class='ocr_line' id='line_1_102' title="bbox 2142 5537 3269 5598; baseline -0.007 0"><span class='ocrx_word' id='word_1_817' title='bbox 2142 5544 2209 5598; x_wconf 92' lang='lat' dir='ltr'><strong>de</strong></span> <span class='ocrx_word' id='word_1_818' title='bbox 2245 5544 2435 5595; x_wconf 84' lang='lat' dir='ltr'><strong>eodem</strong></span> <span class='ocrx_word' id='word_1_819' title='bbox 2472 5542 2629 5594; x_wconf 83' lang='lat' dir='ltr'><strong>beato</strong></span> <span class='ocrx_word' id='word_1_820' title='bbox 2655 5540 2771 5593; x_wconf 92' lang='lat' dir='ltr'><strong>viro</strong></span> <span class='ocrx_word' id='word_1_821' title='bbox 2799 5540 2940 5593; x_wconf 86' lang='lat' dir='ltr'><strong>infra</strong></span> <span class='ocrx_word' id='word_1_822' title='bbox 2972 5539 3076 5592; x_wconf 92' lang='lat' dir='ltr'><strong>col.</strong></span> <span class='ocrx_word' id='word_1_823' title='bbox 3110 5537 3269 5592; x_wconf 73' lang='grc'><strong>1065.</strong></span> 
     </span>
    </p>
   </div>
   <div class='ocr_carea' id='block_1_102' title="bbox 2210 5609 3259 5682">
    <p class='ocr_par' dir='ltr' id='par_1_102' title="bbox 2210 5609 3259 5682">
     <span class='ocr_line' id='line_1_103' title="bbox 2210 5609 3259 5682; baseline -0.008 -15"><span class='ocrx_word' id='word_1_824' title='bbox 2210 5613 2322 5682; x_wconf 82' lang='lat'><strong>(89)</strong></span> <span class='ocrx_word' id='word_1_825' title='bbox 2364 5610 2869 5682; x_wconf 64' lang='lat' dir='ltr'><strong>BonumValesius</strong></span> <span class='ocrx_word' id='word_1_826' title='bbox 2897 5609 3022 5682; x_wconf 77' lang='lat' dir='ltr'><strong>legit</strong></span> <span class='ocrx_word' id='word_1_827' title='bbox 3051 5624 3259 5682; x_wconf 81' lang='lat' dir='ltr'><strong>sonum.</strong></span> 
     </span>
    </p>
   </div>
   <div class='ocr_carea' id='block_1_103' title="bbox 2211 5677 3476 5747">
    <p class='ocr_par' dir='ltr' id='par_1_103' title="bbox 2211 5677 3476 5747">
     <span class='ocr_line' id='line_1_104' title="bbox 2211 5677 3476 5747; baseline -0.001 -12"><span class='ocrx_word' id='word_1_828' title='bbox 2211 5677 2322 5747; x_wconf 67' lang='lat' dir='ltr'><strong>(litt)</strong></span> <span class='ocrx_word' id='word_1_829' title='bbox 2366 5681 2500 5735; x_wconf 82' lang='lat' dir='ltr'><strong>Ecce</strong></span> <span class='ocrx_word' id='word_1_830' title='bbox 2530 5681 2688 5734; x_wconf 83' lang='lat' dir='ltr'><strong>enim.</strong></span> <span class='ocrx_word' id='word_1_831' title='bbox 2739 5677 2980 5733; x_wconf 78' lang='lat' dir='ltr'><strong>Valesius</strong></span> <span class='ocrx_word' id='word_1_832' title='bbox 3012 5678 3140 5744; x_wconf 79' lang='lat' dir='ltr'><strong>legit</strong></span> <span class='ocrx_word' id='word_1_833' title='bbox 3170 5679 3282 5730; x_wconf 66' lang='lat' dir='ltr'><strong>haec</strong></span> <span class='ocrx_word' id='word_1_834' title='bbox 3309 5679 3476 5734; x_wconf 79' lang='lat' dir='ltr'><strong>enim.</strong></span> 
     </span>
    </p>
   </div>
   <div class='ocr_carea' id='block_1_104' title="bbox 2211 5751 3320 5828">
    <p class='ocr_par' dir='ltr' id='par_1_104' title="bbox 2211 5751 3320 5828">
     <span class='ocr_line' id='line_1_105' title="bbox 2211 5751 3320 5828; baseline -0.007 -18"><span class='ocrx_word' id='word_1_835' title='bbox 2211 5755 2322 5828; x_wconf 79' lang='lat'><strong>(9|)</strong></span> <span class='ocrx_word' id='word_1_836' title='bbox 2369 5752 2488 5824; x_wconf 61' lang='lat'><strong>315.,</strong></span> <span class='ocrx_word' id='word_1_837' title='bbox 2518 5752 2714 5810; x_wconf 75' lang='lat' dir='ltr'><strong>Prwest</strong></span> <span class='ocrx_word' id='word_1_838' title='bbox 2743 5753 2938 5822; x_wconf 82' lang='lat' dir='ltr'><strong>gloria,</strong></span> <span class='ocrx_word' id='word_1_839' title='bbox 2967 5751 3039 5804; x_wconf 84' lang='lat' dir='ltr'><strong>ita</strong></span> <span class='ocrx_word' id='word_1_840' title='bbox 3063 5761 3108 5804; x_wconf 86' lang='lat' dir='ltr'><strong>et</strong></span> <span class='ocrx_word' id='word_1_841' title='bbox 3142 5760 3320 5803; x_wconf 83' lang='lat' dir='ltr'><strong>actus.</strong></span> 
     </span>
    </p>
   </div>
  </div>
