3810 6218
119 241 282 297 1061

1007 245 1092 298 DE
1127 246 1283 303 FIDE
1314 249 1686 305 ADVERSUS
1724 247 2140 306 SABELLIUM.
2179 277 2251 292 υ·-
2285 249 2412 304 LIB.
2456 251 2523 307 ll.

3259 258 3398 314 i003

119 358 369 412 audacia
389 367 478 413 est
501 361 802 429 quaerendi.
830 361 964 429 Qum
986 377 1116 434 ergo
1141 365 1336 420 debent
1369 368 1578 436 quazri?
1603 383 1724 438 quae
1749 343 1876 431 Aret
1895 383 2003 424 nos
2033 367 2086 422 in
2110 383 2246 437 pace
2270 368 2504 434 vocavit,
2542 384 2650 425 non
2683 378 2859 426 tamen
2894 371 2962 428 ad
2992 371 3140 430 litem
3171 392 3186 428 :
3218 390 3395 448 pugna

118 451 451 506 invenimus
477 451 532 505 in
566 451 864 522 Scripturis
887 455 1063 524 posita
1097 473 1112 510 :
1141 472 1261 526 qua:
1287 468 1465 513 autem
1490 459 1542 514 in
1571 459 1720 514 Scri-

116 540 318 606 pluris
363 557 470 596 non
523 543 864 611 invenimus,
913 561 1022 601 non
1072 563 1402 617 quzeramus.
1463 550 1519 604 Si
1568 551 1714 606 enim

113 645 419 702 oporteret
452 637 611 692 nobis
641 652 764 693 esse
806 640 1042 708 cognita,
1075 643 1262 710 utique
1307 643 1543 711 Spiritus
1585 660 1716 700 sano

109 736 264 781 'ctus
305 730 574 799 posuisset
621 745 684 785 ea
733 731 786 784 in
823 731 1121 802 Scripturis
1157 751 1172 788 :
1204 749 1312 788 non
1343 750 1532 791 sumus
1569 737 1713 792 enim

118 823 500 889 sapientiores
545 838 576 878 a
625 824 831 894 Spiritu
877 835 1088 886 sancto.
1129 826 1190 882 Si
1239 827 1440 883 dixerit
1479 828 1713 898 Spiritus

115 926 362 971 sanctus
396 934 409 968 :
450 913 847 971 Generationem
887 917 1002 988 ejus
1030 919 1148 987 quis
1177 919 1448 973 enarrabit
1470 919 1556 974 ⁸τῖ
1601 921 1712 977 noli

115 1021 384 1074 quaerere
417 1023 592 1076 neque
626 1008 694 1062 ab
743 1006 1072 1074 hominibus,
1129 1023 1305 1078 neque
1361 1011 1428 1064 ab
1481 1011 1710 1080 angelis.

117 1098 252 1152 Cur
271 1098 557 1168 abnegavit
599 1097 856 1167 Spiritus,
887 1099 1023 1153 dixit
1054 1100 1199 1154 enim
1232 1101 1356 1169 quia
1397 1102 1709 1171 generatio-

118 1205 261 1248 nem
280 1193 406 1263 ejus
445 1194 566 1262 quis
588 1186 900 1247 e‘narrabit'?
932 1192 1024 1261 qui
1055 1201 1235 1246 autem
1259 1194 1508 1248 concedit
1535 1192 1709 1263 Spiri-

117 1296 224 1339 tus
247 1301 506 1355 quaerere,
542 1283 689 1340 Unus
719 1285 860 1340 Deus
889 1301 956 1339 ea:
977 1301 1080 1355 quo
1113 1294 1234 1339 sunt
1271 1285 1470 1350 omnia,
1492 1296 1544 1339 et
1571 1303 1709 1340 unus

119 1377 393 1430 Dominus
411 1376 564 1431 Jesus
587 1393 679 1445 per
700 1392 852 1446 quem
884 1386 1005 1430 sunt
1033 1376 1211 1429 omnia
1239 1375 1284 1408 ⁸⁸
1312 1392 1327 1430 :
1353 1376 1706 1445 quemadmo-

111 1468 259 1520 dum
290 1478 470 1522 a‘utem
504 1469 674 1522 Filius
719 1483 784 1523 ex
815 1468 994 1531 Patre,
1021 1469 1183 1523 crede
1215 1469 1264 1522 ei
1297 1470 1388 1538 qui
1439 1469 1608 1533 novit,
1655 1471 1704 1523 ei

113 1561 222 1628 qui
251 1561 512 1615 noscitur.
549 1562 652 1615 Sed
684 1569 736 1614 tu
762 1561 984 1630 quieris,
1010 1569 1064 1614 et
1097 1561 1220 1630 quis
1249 1571 1332 1615 est
1355 1561 1449 1630 qui
1479 1562 1706 1630 promit-

106 1661 210 1706 tat
256 1667 318 1706 se
353 1652 546 1707 nosse?
574 1653 750 1706 omnis
797 1652 942 1706 enim
990 1653 1297 1722 quicunque
1331 1653 1601 1722 promittit
1645 1669 1703 1708 se
1735 1683 1778 1738 Β

113 1759 310 1809 nosse,
367 1748 596 1799 mendax
635 1753 738 1798 est.
797 1743 1172 1799 Pronuntiavit
1220 1746 1364 1799 enim
1420 1744 1696 1814 Dominus,

112 1837 272 1906 quod
331 1837 509 1891 nullus
567 1837 711 1890 norit
770 1837 873 1891 nisi
936 1837 1088 1892 solus
1138 1838 1302 1892 Pater
1356 1837 1594 1906 Filium,
1644 1849 1700 1894 et

111 1929 298 1983 Filius
331 1928 574 1984 Patrem.
625 1929 730 1982 Sed
759 1929 890 1983 dicit
921 1930 1140 1999 quidam
1176 1949 1190 1984 :
1227 1931 1542 1999 lgnoramus
1567 1946 1698 2000 ergo

110 2021 251 2090 quia
282 2030 368 2076 est
401 2019 561 2086 Deus,
594 2027 648 2074 et
692 2022 817 2090 quia
866 2036 970 2077 non
1006 2034 1166 2076 natus
1197 2034 1298 2089 est,
1333 2033 1389 2078 et
1428 2025 1699 2080 nescimus

109 2099 252 2182 quia
303 2125 358 2168 et
390 2113 557 2167 Filius
578 2125 642 2168 et
681 2115 986 2184 unigenitus
1021 2124 1105 2169 est
1157 2115 1366 2171 Filius?
1421 2118 1698 2183 Quomodo

107 2218 303 2261 autem
341 2209 609 2262 nescimus
657 2209 781 2277 quia
828 2217 984 2262 natus
1029 2208 1149 2262 est?
1207 2210 1328 2278 quia
1370 2220 1548 2263 autem
1591 2219 1696 2274 est,

106 2298 303 2352 omnis
324 2297 520 2352 clamat
540 2297 818 2367 Scriptura
851 2317 864 2352 :
894 2299 1346 2368 quemadmodum
1387 2310 1565 2353 autem
1591 2311 1696 2364 est,

105 2399 168 2441 et
206 2398 466 2457 quantum
499 2398 599 2452 est,
626 2389 767 2443 nulla
807 2374 950 2443 valet
987 2401 1177 2444 natura
1209 2390 1410 2453 dicere,
1438 2405 1608 2460 neque
1629 2390 1698 2444 de

107 2477 306 2542 Patre,
339 2493 512 2547 neque
550 2481 615 2531 de
637 2477 789 2532 Filio.
829 2477 929 2545 Qui
951 2478 1096 2532 etaim
1130 2479 1307 2532 dixit:
1349 2478 1518 2532 Nemo
1556 2479 1698 2532 novit

110 2568 364 2632 Patrem,
395 2570 495 2622 nisi
534 2568 707 2623 Filius
729 2570 791 2628 ⁸⁸.
822 2573 936 2639 ipse
968 2571 1101 2624 dixit
1133 2571 1256 2638 quia
1291 2578 1339 2624 et
1371 2569 1571 2622 Filium
1607 2586 1697 2623 ne-

102 2678 202 2714 mo
227 2662 392 2724 novit,
419 2661 520 2714 nisi
547 2661 708 2714 Pater
727 2661 793 2713 9°.
825 2661 1282 2727 Quemadmodum
1312 2661 1454 2714 enim
1481 2662 1698 2730 capiunt

105 2770 178 2805 ea
207 2768 328 2823 qua:
359 2767 453 2821 per
482 2753 673 2807 Filium
707 2753 844 2807 facta
876 2763 1020 2818 sunt,
1055 2767 1214 2806 nosse
1250 2768 1372 2806 eum
1410 2767 1503 2820 per
1537 2767 1693 2820 quem

105 2858 169 2901 et
200 2847 345 2900 facta
380 2847 542 2900 sunt?
589 2845 645 2899 Si
689 2846 852 2911 igitur
878 2846 1166 2915 imaginem
1210 2861 1316 2900 non
1350 2845 1460 2898 nati
1502 2854 1695 2898 natura

107 2953 228 2992 non
271 2937 512 3006 pervenit
545 2952 723 3002 nosse,
754 2938 1200 3004 quemadmodum
1238 2937 1409 3005 ipsum
1435 2936 1696 3005 principa-

1819 474 1925 514 non
1963 458 2147 524 docet,
2193 460 2288 515 sed
2318 461 2510 515 incitat
2541 462 2715 532 magis
2763 481 2778 517 :
2811 463 2880 518 lis
2917 479 3026 519 non
3067 480 3270 530 monet,
3298 469 3394 524 sed

1815 549 2088 606 ﬂammam
2117 553 2388 608 accendit.
2420 554 2710 609 Contentio
2735 567 2914 611 autem
2939 559 3094 629 equis
3121 563 3393 625 convenit,

1817 657 1924 696 non
1955 653 2136 698 tamen
2168 643 2423 700 Ecclesia:
2449 645 2564 702 Dei.
2599 647 2699 714 Qui
2723 647 2873 702 novit
2902 663 2966 704 ea
2987 665 3108 720 qua:
3137 651 3396 720 possibile

1813 743 1902 788 est
1952 735 2113 799 scire,
2158 736 2349 790 doceat
2391 751 2514 792 cum
2559 739 2824 795 modestia
2873 755 2996 796 eum
3023 741 3115 810 qui
3153 743 3392 812 ignorat,

1814 840 1922 880 non
1953 833 2132 882 tamen
2171 827 2525 884 incitamento
2572 847 2586 883 :
2629 831 3037 888 incitamentum
3068 834 3213 888 enim
3241 843 3296 888 et
3322 837 3393 890 ad

1813 929 1878 970 ea
1915 931 2037 984 quae
2064 926 2251 986 aperta
2303 927 2430 973 sunt
2474 921 2875 977 contentionem
2919 924 3059 992 parit
3113 940 3265 980 :non
3316 926 3392 980 ita

1812 1007 2204 1077 periclitemur,
2253 1011 2348 1066 sed
2383 1019 2496 1067 tute
2530 1012 2837 1082 loquamur.
2882 1013 2940 1069 Si
2971 1015 3102 1084 quid
3127 1017 3389 1084 scriptum

1811 1116 1920 1156 non
1956 1111 2060 1167 est,
2122 1117 2189 1156 ne
2221 1104 2441 1174 quidem
2478 1104 2691 1160 dicatur
2730 1123 2748 1162 :
2793 1107 2839 1162 si
2870 1106 2998 1176 quid
3041 1117 3222 1162 autem
3253 1109 3390 1162 scri-

1809 1203 1962 1264 ptum
1992 1203 2093 1259 est,
2136 1210 2204 1249 ne
2246 1195 2526 1251 deleatur:
2550 1197 2668 1253 Non
2703 1214 2892 1254 sumus
2937 1199 3081 1254 enim
3112 1209 3387 1268 auctores,

1809 1287 1904 1340 sed
1935 1286 2204 1355 discipuli.
2245 1285 2362 1342 Non
2407 1302 2530 1360 qua:
2563 1289 2837 1357 volumus,
2883 1292 2978 1346 sed
3014 1307 3078 1348 ea
3117 1291 3388 1362 qumlegi-

1808 1393 1930 1432 mus
1967 1397 1980 1432 :
2019 1394 2122 1433 non
2154 1395 2216 1433 ea
2248 1395 2368 1448 quae
2391 1395 2459 1436 ex
2489 1385 2653 1437 corde
2683 1395 2828 1448 sunt,
2852 1385 2947 1439 sed
2976 1399 3038 1438 ea
3068 1402 3186 1454 qua:
3208 1401 3238 1440 a
3269 1387 3384 1456 spi-

1808 1469 1917 1522 ritu
1939 1471 2001 1551 _in
2028 1470 2328 1540 Scripturis
2367 1473 2567 1527 sanctis
2601 1485 2729 1529 sunt
2757 1477 2951 1545 posita.
2986 1478 3118 1544 Quis
3147 1481 3288 1533 enim
3323 1497 3385 1536 es

1811 1569 1864 1614 tu
1900 1562 1992 1630 qui
2045 1562 2179 1616 dicis
2209 1573 2302 1616 aut
2334 1565 2426 1634 qui
2475 1567 2674 1620 audis?
2711 1567 2824 1621 vult
2871 1568 3067 1639 aliquis
3107 1569 3382 1626 Christum

1808 1651 2111 1718 honorare;
2161 1664 2221 1708 ut
2263 1655 2376 1709 vult
2437 1656 2550 1724 ipse
2583 1657 2850 1723 Christus,
2893 1675 2998 1714 non
3042 1670 3218 1716 tamen
3243 1674 3301 1716 ut
3324 1674 3380 1718 tu

1804 1743 1904 1798 vis.
1940 1743 1996 1798 Si
2023 1756 2202 1800 autem
2243 1755 2436 1816 prazter
2457 1748 2510 1800 id
2548 1748 2688 1818 quod
2723 1749 2838 1802 vult
2875 1750 3247 1821 honoraveris,
3282 1754 3381 1808 ho-

1802 1849 1904 1888 nor
1927 1843 2050 1890 tuus
2078 1837 2144 1890 ad
2168 1839 2554 1892 contumeliam
2590 1850 2956 1894 convertetur.
2999 1843 3054 1896 Si
3086 1843 3380 1902 intereme-

1803 1927 1876 1981 ris
1905 1926 2022 1995 ejus
2050 1928 2290 1995 Patrem,
2322 1946 2430 1985 non
2464 1931 2742 1985 honorasti
2768 1932 3098 2000 progeniem.
3130 1933 3188 1988 Si
3214 1934 3382 1988 inter-

1799 2021 1998 2075 emeris
2036 2020 2258 2085 Filium,
2301 2037 2408 2076 non
2451 2022 2705 2076 dimisisti
2742 2023 2960 2076 Patrem
3007 2023 3060 2076 in
3092 2024 3378 2079 honorem.

1802 2110 1859 2164 Si
1895 2111 2034 2164 enim
2082 2125 2187 2165 non
2224 2111 2425 2165 dixeris
2467 2121 2673 2180 patrem
2711 2112 2946 2178 Patrem,
2981 2123 3034 2167 et
3066 2112 3256 2167 Filium
3288 2113 3381 2168 Fi-

1799 2203 1950 2275 lium,
2010 2219 2185 2274 neque
2238 2203 2452 2258 Patrem
2484 2221 2686 2274 neque.
2716 2205 2909 2258 Filium
2948 2206 3243 2260 conliteris.
3276 2205 3378 2272 Qui

1797 2294 1940 2348 enim
1977 2294 2090 2350 huic
2123 2295 2276 2361 dicit,
2311 2296 2432 2349 sine
2484 2296 2595 2350 Deo
2649 2305 2751 2351 est.
2788 2295 2843 2350 Si
2872 2296 3018 2351 enim
3073 2297 3236 2351 Pater
3269 2312 3378 2351 non

1799 2397 1884 2441 est
1908 2387 2069 2441 Pater
2095 2427 2112 2451 ,
2171 2388 2284 2458 ipse
2322 2390 2465 2443 enim
2497 2389 2664 2444 Filius
2706 2398 2766 2442 ut
2810 2390 2920 2455 ais;
2969 2390 3166 2444 iterum
3209 2388 3379 2446 Filius

1797 2493 1904 2532 non
1941 2487 2024 2532 est
2046 2478 2235 2544 Filius,
2272 2479 2386 2548 ipse
2433 2479 2576 2535 enim
2609 2490 2663 2534 et
2696 2479 2858 2560 Pater
2889 2480 3049 2535 Pater
3077 2491 3162 2536 est
3201 2493 3259 2535 ut
3290 2480 3376 2534 di-

1797 2571 1877 2624 cis
1908 2569 2044 2641 (94).
2088 2570 2349 2640 Sequitur
2372 2571 2689 2640 periculum,
2722 2582 2780 2626 ut
2816 2588 2990 2642 neque
3020 2572 3182 2628 Pater
3216 2572 3378 2627 Pater

1797 2659 1890 2727 sit,
1937 2676 2111 2729 neque
2141 2660 2310 2716 Filius
2363 2661 2556 2729 Filius,
2612 2671 2666 2716 et
2717 2663 2844 2732 quid
2887 2662 3232 2717 tenebimus?
3271 2661 3377 2717 Sed

1796 2751 1960 2806 Pater
1983 2751 2144 2806 Pater
2164 2767 2293 2808 vere
2319 2761 2423 2816 est,
2459 2769 2562 2807 non
2598 2768 2764 2807 vacua
2796 2768 2897 2807 vox
2927 2752 3021 2808 sed
3055 2762 3245 2807 natura
3279 2768 3376 2808 ve-

1796 2842 1993 2897 ritatis.
2029 2842 2147 2896 Non
2185 2859 2356 2898 vanus
2386 2858 2588 2906 sermo,
2613 2844 2708 2898 sed
2737 2859 2898 2898 verus
2941 2843 3104 2898 Deus.
3135 2844 3251 2899 Non
3283 2846 3378 2915 qui

1797 2933 2018 2998 dicitur,
2049 2933 2143 2988 sed
2167 2933 2215 2988 is
2248 2934 2338 3002 qui
2363 2944 2446 2988 est
2473 2952 2490 2988 :
2523 2950 2628 2988 non
2651 2948 2718 2987 ex
2753 2934 2839 2988 his
2867 2949 2987 3003 quae
3017 2935 3246 2990 dicimus
3278 2936 3378 2990 lin-

106 3029 222 3084 lem
260 3029 371 3100 (92)
402 3031 862 3099 comprehendere
896 3029 1017 3098 quis
1050 3039 1228 3099 potest
1255 3040 1315 3084 ut
1340 3028 1521 3083 norit?
1557 3028 1696 3083 Sunt
1721 3024 1768 3089 C
1796 3023 1960 3091 gitur,
2011 3024 2106 3078 sed
2145 3025 2289 3094 quod
2317 3032 2401 3078 est
2428 3025 2762 3094 agnoscitur.
2811 3023 2972 3078 Pater
3013 3025 3157 3078 enim
3199 3039 3377 3096 neque

107 3124 307 3192 itaque
345 3123 588 3193 quaedam
624 3121 781 3176 nobis
811 3121 1057 3186 dicenda,
1093 3131 1217 3175 sunt
1263 3129 1318 3175 et
1341 3121 1600 3190 quaedam.
1622 3119 1699 3174 si-

105 3217 287 3273 lentio
317 3217 558 3272 colenda.
601 3215 738 3270 Sunt
776 3214 1019 3284 quaedam
1051 3214 1106 3268 in
1135 3214 1378 3282 cogitatu
1409 3211 1693 3278 movenda,

104 3317 246 3366 sunt
285 3307 526 3377 quaedam
548 3315 602 3361 et
626 3307 972 3361 veneratione
1005 3320 1110 3360 non
1142 3306 1426 3362 movenda.
1465 3303 1602 3359 Sunt
1627 3303 1696 3358 de

106 3401 312 3470 quibus
357 3398 610 3453 convenit
656 3397 770 3468 sapi
813 3415 826 3450 :
871 3406 996 3451 sunt
1043 3404 1098 3450 et
1143 3397 1208 3451 de
1251 3396 1446 3466 quibus
1483 3406 1696 3466 oportet

107 3491 325 3560 paveri.
351 3488 490 3544 Sunt
526 3504 646 3559 quae
667 3497 893 3556 possunt
929 3487 1112 3556 lingua
1138 3487 1486 3557 interpretari
1520 3505 1533 3541 :
1570 3497 1696 3542 sunt

106 3593 169 3636 et
208 3597 329 3650 quae
355 3582 582 3650 possunt
617 3579 867 3650 religiose
907 3579 1094 3632 taceri.
1135 3577 1309 3632 Dicito
1347 3593 1504 3642 sane,
1544 3578 1695 3634 Unus

110 3674 263 3729 Deus
289 3688 316 3723 a
346 3688 453 3741 quo
501 3681 628 3727 sunt
659 3671 856 3734 omnia,
889 3681 942 3725 et
986 3670 1161 3724 nullus
1187 3670 1382 3740 poterit
1406 3671 1694 3739 reprehen-

109 3768 267 3821 dere.
296 3763 362 3818 S'r
381 3774 558 3818 autem
579 3771 632 3816 et
657 3761 1058 3830 reprehenderit
1080 3762 1219 3830 quis,
1249 3777 1352 3815 non
1381 3771 1429 3814 te
1453 3761 1542 3815 sed
1569 3775 1692 3814 eum

109 3855 208 3926 qui
241 3855 478 3924 scripsit.
512 3853 568 3908 Si
610 3865 788 3907 autem
818 3865 872 3908 et
911 3849 1133 3906 Paulum
1158 3853 1249 3921 qui
1283 3853 1501 3920 scripsit
1531 3850 1692 3903 audet

110 3949 244 4018 quis
268 3948 685 4018 reprehendere,
715 3962 822 3999 non
853 3945 1097 4010 Paulum,
1130 3946 1224 4000 sed
1261 3960 1383 3998 eum
1416 3944 1506 4012 qui
1544 3957 1688 3997 sem-

109 4053 214 4107 per
251 4037 303 4090 in
334 4051 456 4091 eum
493 4035 612 4104 (95)
651 4038 858 4090 locutus
903 4046 988 4090 est
1022 4035 1274 4089 Christus
1319 4032 1688 4102 reprehendit.

111 4130 172 4184 Si
199 4137 381 4180 autem
405 4125 605 4180 Christi
636 4126 798 4180 verba
830 4125 1226 4194 reprehendere
1250 4121 1372 4191 quis
1393 4121 1555 4175 luerit
1592 4137 1691 4174 au-

108 4234 234 4284 sus,
262 4219 376 4288 ipse
401 4219 537 4272 dixit
565 4218 815 4273 Christus
863 4235 877 4271 :
912 4216 1042 4282 Quae
1090 4231 1180 4285 ego
1216 4215 1405 4284 loquor
1435 4230 1539 4266 non
1566 4220 1688 4265 sunt

107 4329 254 4378 mea,
293 4312 383 4365 sed
407 4310 571 4364 Pater
600 4312 686 4381 qui
708 4311 846 4362 misit
881 4325 984 4374 me,
1012 4309 1121 4377 ipse
1151 4308 1383 4378 loquitur
1407 4322 1600 4375 penme
1617 4305 1684 4358 θί.

111 4402 328 4458 Etenim
368 4415 540 4470 neque
581 4401 806 4470 gentiles
840 4415 1045 4464 sumus,
1089 4413 1263 4468 neque
1285 4396 1479 4463 Judaai,
1515 4411 1689 4465 neque

111 4495 381 4551 hmretici.
422 4493 662 4550 Gentiles
693 4494 834 4548 enim
867 4509 973 4546 non
1012 4508 1217 4559 sumus,
1259 4492 1388 4560 quia
1421 4505 1525 4546 non
1555 4490 1690 4544 dici-

113 4602 238 4641 mus
263 4588 411 4641 deos.
440 4585 606 4640 Judzri
633 4600 737 4639 non
763 4599 969 4649 sumus,
993 4584 1116 4652 quia
1144 4594 1198 4638 et
1217 4583 1492 4638 Christum
1518 4583 1687 4637 Deum

112 4675 456 4730 conﬁtemur.
508 4673 758 4728 Harretici
794 4683 974 4727 autem
1007 4674 1126 4727 ideo
1167 4689 1271 4727 non
1317 4687 1525 4737 sumus,
1561 4673 1686 4741 quia

111 4765 443 4821 conﬁtemur
471 4765 630 4818 istum
672 4779 792 4818 esse
820 4763 911 4833 qui
955 4763 1123 4827 venit,
1153 4777 1313 4830 quem
1348 4760 1686 4830 pravenicns

117 4859 285 4911 Vetus
315 4856 718 4910 Testamentum
762 4870 857 4925 per
886 4857 1175 4924 prophetas
1219 4854 1530 4922 praedicavit
1559 4867 1689 4905 ven-

113 4958 320 5002 turum.
363 4945 420 5000 Si
453 4947 574 5014 quis
603 4946 745 4999 enim
781 4944 1014 5000 noluerit
1053 4944 1221 5009 litem,
1275 4957 1409 5012 opus
1442 4958 1547 4996 non
1586 4947 1686 4997 ha-

115 5042 230 5096 bet.
273 5037 370 5094 Est
397 5040 642 5108 quaedam
702 5037 963 5093 dubitatio
1022 5031 1162 5092 i'nter
1213 5035 1408 5091 fratres
1455 5054 1470 5090 :
1515 5036 1690 5106 primo

115 5146 242 5186 cum
278 5131 543 5185 charitate
575 5139 870 5200 quieratur,
897 5139 958 5182 ut
980 5129 1120 5182 inter
1153 5128 1367 5182 fratres.
1400 5127 1514 5180 Non
1544 5128 1688 5182 enim

116 5222 474 5278 dissensionis
519 5231 603 5277 est
640 5222 780 5276 Deus
823 5231 920 5275 aut
969 5222 1084 5288 iraa,
1119 5223 1209 5274 sed
1253 5220 1402 5289 pacis
1432 5221 1477 5252 θ’
1513 5238 1528 5274 :
1561 5219 1689 5289 quia

1797 3137 1863 3175 ex
1892 3121 2019 3186 alio,
2043 3136 2218 3192 neque
2242 3136 2337 3191 per
2377 3121 2563 3189 alium,
2595 3137 2771 3194 neque
2807 3123 2974 3188 aliud,
3007 3125 3099 3179 sed
3143 3125 3264 3194 ipse
3290 3131 3378 3179 est

1796 3215 1890 3282 qui
1913 3223 2014 3270 est.
2054 3214 2218 3271 Forte
2247 3216 2395 3272 enim
2443 3226 2498 3272 et
2523 3233 2589 3272 ex
2627 3217 2918 3286 semetipso
2949 3225 3004 3272 et
3043 3231 3139 3286 per
3169 3224 3377 3271 semet-

1796 3307 2009 3375 ipsum;
2034 3307 2190 3364 nobis
2219 3309 2616 3380 quodammodo
2648 3310 2979 3365 conveniens
3003 3318 3088 3364 est
3115 3323 3296 3365 sermo
3317 3319 3378 3364 ut

1797 3397 2030 3454 dicatur.
2071 3397 2310 3455 Necdum
2369 3409 2548 3456 tamen
2592 3399 2684 3455 illa
2729 3400 3119 3469 interpretatur
3158 3411 3372 3455 natura.

1794 3485 1905 3542 Nos
1923 3488 2069 3541 enim
2092 3497 2149 3542 ut
2174 3504 2282 3543 non
2313 3499 2586 3546 taceamus
2608 3490 2729 3546 ideo
2755 3489 3004 3544 dicimus.
3032 3489 3170 3557 Quid
3190 3500 3374 3546 autem

1793 3585 1878 3632 est
1904 3576 2048 3632 Deus
2084 3592 2193 3631 non
2226 3577 2690 3648 interpretamur:
2725 3577 2855 3646 quid
2881 3575 3026 3631 enim
3069 3576 3261 3630 horum
3291 3577 3375 3629 in-

1797 3669 2116 3737 terpretatio
2149 3677 2234 3723 est
2267 3667 2386 3734 Dei,
2421 3669 2540 3724 sine
2571 3668 2748 3733 initio,
2789 3683 2895 3720 non
2932 3675 3113 3729 natus,
3149 3667 3374 3718 innuer-

1797 3760 1941 3827 talis,
1976 3761 2342 3829 incorruptus,
2371 3759 2748 3824 immutabilis,
2782 3758 3094 3823 immobilis,
3127 3757 3371 3810 inacces-

1793 3851 1988 3917 sibilis,
2021 3852 2425 3918 inenarrabilis,
2475 3849 3077 3921 incomprehensibilis?
3110 3847 3216 3902 Per
3255 3847 3372 3901 haec

1792 3959 1922 4014 ergo
1949 3946 2131 3999 omnia
2182 3959 2291 3999 non
2319 3954 2402 3999 est
2428 3945 2635 3998 dictum
2683 3944 2811 4013 quid
2847 3952 2949 4007 est,
2977 3942 3069 3996 sed
3097 3939 3225 4010 quid
3261 3953 3370 3993 non

1791 4047 1876 4092 est
1919 4052 1936 4092 :
1975 4037 2124 4092 velut
2172 4038 2218 4092 si
2241 4038 2367 4106 quis
2394 4035 2746 4106 interpretari
2778 4050 2887 4089 non
2921 4033 3190 4088 sufﬁciens
3225 4030 3370 4100 quod

1789 4137 1878 4181 est
1918 4127 2120 4194 lumen,
2171 4126 2317 4181 dicat
2344 4128 2489 4194 quod
2519 4141 2625 4180 non
2659 4135 2744 4180 est
2777 4125 3145 4179 tenebrosum.
3179 4121 3371 4174 Dicere

1790 4229 1972 4274 autem
1998 4219 2141 4289 quod
2165 4219 2504 4273 tenebrosum
2537 4224 2764 4282 nonest,
2802 4230 2906 4269 non
2941 4213 3114 4267 solum
3146 4225 3248 4264 non
3273 4225 3370 4263 ex-

1793 4311 1970 4366 hibuit
1992 4321 2244 4365 naturam
2276 4309 2518 4373 luminis,
2553 4310 2645 4363 sed
2675 4316 2730 4362 et
2758 4307 2927 4375 magis
2961 4305 3196 4373 ipsarum
3225 4311 3369 4353 tene-

1790 4403 2012 4456 brarum
2051 4409 2301 4454 naturam
2334 4400 2573 4469 negavit.
2617 4395 2943 4452 Immortalis
2971 4393 3115 4447 enim
3146 4391 3365 4456 dicitur,

1790 4494 1916 4562 quia
1948 4508 2054 4547 non
2076 4493 2362 4558 morietur,
2395 4501 2448 4546 et
2474 4492 2817 4557 incorruptus
2847 4488 2972 4556 quia
3001 4501 3104 4540 non
3129 4499 3369 4538 corrum-

1790 4585 1954 4652 pitur.
1983 4581 2102 4636 Non
2145 4594 2323 4646 natus,
2367 4581 2458 4650 qui
2482 4580 2694 4634 initium
2728 4593 2834 4632 non
2863 4575 3044 4630 habet.
3081 4573 3205 4627 Haec
3242 4586 3365 4626 om-

1789 4674 1876 4728 nia
1907 4689 2012 4728 non
2044 4671 2174 4743 quid
2208 4681 2291 4726 est
2328 4671 2469 4726 Deus
2500 4670 2653 4734 dicit,
2701 4669 2796 4724 sed
2845 4666 2973 4736 quid
3004 4681 3108 4719 non
3134 4673 3238 4724 est.
3283 4661 3364 4719 Ita

1789 4781 1888 4836 per
1919 4779 1985 4819 ea
2017 4780 2138 4835 quae
2170 4765 2401 4820 dicimus
2439 4763 2558 4818 sine
2590 4759 3038 4830 interpretatione
3077 4772 3199 4811 eum
3229 4771 3365 4811 con-

1784 4858 2022 4916 ﬁtemur.
2056 4857 2117 4912 Si
2152 4857 2447 4912 dixerimus
2475 4867 2598 4910 eum
2623 4854 2829 4909 fontem
2865 4850 3135 4914 veritatis,
3170 4863 3366 4904 nomen

1785 4949 2069 5004 veritatem
2092 4963 2200 5004 non
2226 4946 2464 5002 exhibet.
2509 4943 2615 5000 Sed
2641 4945 2766 5013 quia
2792 4959 2900 4997 non
2924 4941 3186 4996 habemus
3221 4938 3366 5007 quod

1784 5041 2052 5107 dicamus,
2095 5054 2164 5096 ex
2219 5041 2304 5094 his
2349 5053 2470 5108 qua:
2519 5039 2783 5092 habemus
2822 5035 3090 5097 dicamus,
3137 5031 3365 5083 mutuati

1785 5131 1978 5185 alienis
2010 5129 2320 5184 nominibus
2357 5127 2471 5201 (95)
2506 5131 2706 5184 utimur
2742 5142 2756 5178 :
2799 5124 2919 5179 fons
2941 5123 3085 5177 enim
3113 5120 3353 5188 agnosci-

1789 5230 1877 5276 tur
1915 5221 2056 5276 unde
2087 5229 2192 5286 est,
2222 5220 2364 5275 Deus
2393 5229 2573 5274 autem
2609 5231 2716 5272 non
2753 5215 2917 5272 habet
2946 5213 3118 5277 unde;
3151 5220 3206 5264 et
3245 5208 3366 5262 foris

189 5409 232 5440 ⁸⁷
258 5407 362 5463 Isa.
389 5424 507 5474 LIII,
535 5410 591 5465 8.
666 5407 713 5440 ⁸⁸
745 5407 763 5461 1
788 5407 912 5462 Cor.
939 5421 1059 5475 vm,
1082 5417 1134 5463 ι).
1209 5406 1252 5439 ⁸⁸
1284 5405 1476 5462 Matth.
1505 5421 1586 5473 ιιι,
1610 5405 1700 5462 27.

1801 5392 1820 5440 ⁰
1853 5405 1983 5462 ibid.
2059 5405 2102 5437 ³⁸
2126 5404 2284 5461 Joan.
2309 5419 2410 5471 xu,
2436 5404 2527 5459 49.
2601 5405 2646 5436 ⁸⁸
2671 5403 2692 5456 Ι
2715 5401 2842 5457 Cor.
2883 5415 2996 5464 XIV.
3021 5398 3114 5454 55-

213 5524 300 5592 92)
335 5523 707 5594 Principalem,
734 5525 1056 5596 ἀρχέτυπον.

215 5596 302 5665 95)
333 5596 397 5649 In
412 5613 551 5660 eum,
585 5611 682 5663 pro
707 5594 862 5651 ineo.
905 5596 945 5649 ll
972 5597 1098 5651 Cor.
1126 5610 1245 5659 xm,
1273 5594 1334 5648 ιε
1365 5595 1444 5665 An
1478 5595 1684 5660 experi-

114 5664 348 5748 mentum
375 5667 613 5736 quwritis
640 5667 752 5736 ejus
787 5668 872 5737 qui
901 5668 953 5722 in
977 5683 1056 5723 me
1081 5665 1312 5737 loquitur
1345 5664 1621 5720 Christus?

1859 5522 1971 5595 (94)
2224 5520 2384 5595 Pater
2408 5530 2504 5595 est,
2537 5528 2590 5595 ut
2612 5519 2764 5595 dicis.

1858 5586 1969 5668 (95)
2003 5593 2100 5652 Ms.
2133 5593 2394 5648 Mutuatis
2421 5591 2607 5646 alienis
2634 5586 2949 5644 nominibus.
