3810 6218
461 311 596 366 1065

1161 303 1426 360 EUSEBll
1463 301 1934 358 CAESARIENSIS
1968 303 2120 361 OPP.
2163 302 2344 358 PARS
2381 303 2473 361 IV.
2513 334 2583 344 -——
2617 301 3046 358 DOGMATICA.

3599 299 3740 354 i064

453 435 666 482 meatus
689 437 852 493 supra
884 429 1090 477 meatus
1113 421 1362 484 ell’nndit,
1391 421 1530 477 Deus
1555 430 1733 475 autem
1757 423 1809 474 in
1833 436 1898 475 eo
1917 421 2045 490 ipso.
2061 427 2107 482 Α
2133 437 2294 490 quem
2335 430 2460 476 sunt
2502 429 2718 476 cuncta.
2761 419 2875 474 Non
2904 429 2986 475 est
3014 436 3176 474 unum
3214 435 3281 474 ex
3329 418 3626 482 omnibus,
3651 423 3738 475 sed

450 519 594 588 quod
627 526 710 571 est
744 523 967 569 manet:
1005 529 1178 574 neque
1200 514 1344 567 enim
1381 529 1482 567 vox
1507 513 1839 568 conveniens
1873 516 2029 569 inve-

449 612 620 675 nitur,
651 621 824 674 neque
869 606 1207 675 comparatio
1251 606 1574 672 perveniens
1605 605 1671 659 ad
1703 605 1849 658 illam
1875 617 2034 660 natu-

451 715 568 754 ram
593 716 610 755 :
641 699 735 754 sed
759 711 818 752 ut
840 713 945 752 non
972 707 1246 751 taceamus
1268 696 1582 764 colligentes
1603 711 1722 767 qua}
1738 697 2032 762 habemus;

450 808 572 847 cum
604 801 784 846 autem
818 791 1001 844 omnia
1030 789 1347 853 dixerimus,
1387 801 1516 844 tunc
1551 789 1878 844 conﬁtemur
1907 791 2034 858 quia

445 901 569 956 qua:
594 885 832 940 dicimus
884 883 1017 938 nihil
1067 881 1323 936 differunt
1361 896 1392 935 a
1434 883 1827 937 taciturnitate.
1873 882 2036 938 Pater

446 994 518 1032 ex
546 991 612 1032 eo
663 977 981 1046 agnoscitur
1023 975 1192 1046 ﬁgura
1224 975 1368 1044 quod
1402 983 1486 1029 est
1526 989 1632 1030 non
1661 985 1840 1030 natus.
1883 973 2036 1030 Unus

446 1070 592 1125 enim
616 1079 699 1124 est
730 1069 865 1138 ipse,
897 1069 990 1138 qui
1022 1084 1128 1121 non
1152 1076 1236 1121 est
1269 1068 1337 1120 ab
1367 1065 1476 1122 alio
1521 1085 1534 1121 :
1571 1084 1710 1122 unus
1746 1077 1830 1123 est
1853 1069 1944 1138 qui
1966 1085 2036 1124 ex

447 1176 512 1214 eo
538 1161 682 1230 quod
709 1176 816 1214 non
839 1171 996 1214 natus
1023 1170 1108 1213 est
1129 1160 1460 1229 agnoscitur.
1490 1157 1606 1212 Non
1639 1157 1808 1214 frater
1829 1160 1898 1226 ei,
1931 1175 2036 1214 non

447 1253 612 1308 Pater
639 1252 845 1318 Patris,
895 1253 990 1307 sed
1044 1251 1337 1320 singularis
1389 1261 1581 1305 natura
1630 1262 1758 1305 est:
1806 1262 1860 1306 et
1890 1252 1944 1305 in
1973 1266 2036 1307 ea

449 1347 595 1416 quod
633 1361 736 1400 non
773 1355 935 1398 natus
971 1355 1073 1410 est,
1101 1358 1230 1396 vere
1255 1343 1403 1398 solus
1437 1345 1767 1409 ostenditur,
1801 1360 1908 1398 non
1938 1360 2036 1398 na-

452 1451 541 1495 tus
579 1439 786 1493 Pater:
837 1439 904 1491 ab
957 1438 1058 1492 hoc
1100 1451 1232 1492 sane
1267 1453 1373 1492 non
1423 1446 1553 1492 nato
1597 1448 1851 1492 manente
1891 1437 2039 1506 quod

452 1543 538 1587 est
589 1530 877 1594 indivisus,
932 1529 1218 1596 inscissus,
1273 1530 1608 1598 impartitus,
1668 1530 2036 1598 impassibilis,

451 1624 768 1694 unigenitns
805 1633 893 1678 est
921 1620 1092 1676 Filius
1123 1633 1282 1676 natus
1312 1639 1327 1676 :
1356 1637 1530 1691 neque
1552 1622 1690 1676 alius
1709 1633 1791 1677 est
1815 1638 1921 1678 non
1953 1638 2042 1675 na-

453 1725 562 1781 tus,
614 1731 788 1786 neque
825 1715 960 1769 alius
1013 1715 1359 1785 unigenitus;
1415 1718 1508 1769 sed
1549 1732 1690 1770 unus
1733 1731 1838 1770 non
1885 1727 2040 1772 natus

451 1808 636 1875 Pater,
670 1818 726 1862 et
758 1823 897 1862 unus
925 1807 1236 1876 unigenitus
1253 1808 1443 1862 Filius.
1475 1808 1596 1862 Haec
1622 1825 1726 1862 non
1751 1825 1847 1863 nos
1879 1810 2042 1863 extol-

453 1900 590 1966 lunt,
640 1899 899 1952 memoria
934 1897 1078 1952 illius
1126 1899 1266 1952 beati
1303 1901 1425 1952 viri.
1464 1899 1680 1954 Utinam
1736 1912 1913 1955 autem
1969 1903 2041 1955 ita

453 1990 656 2056 possim
689 1989 888 2053 dicere,
913 1998 974 2042 ut
1004 1988 1280 2042 vobiscum
1309 2004 1522 2058 semper
1544 1992 1611 2042 ab
1639 1991 1830 2044 eodem
1857 1991 2042 2046 audie-

452 2078 596 2132 bam.
645 2077 750 2133 Sed
797 2093 861 2132 ea
889 2095 1007 2148 qua:
1045 2096 1188 2134 nunc
1216 2081 1494 2144 dicuntur,
1532 2081 1606 2134 illi
1641 2082 1836 2151 placita
1877 2083 2041 2138 fuisse

453 2171 728 2224 videnlur.
773 2170 955 2225 Gloria
997 2173 1140 2225 enim
1167 2183 1251 2228 est
1275 2173 1567 2242 proborum
1600 2190 1881 2229 servorum
1911 2191 2038 2230 vera

453 2262 520 2315 de
550 2249 776 2316 Domino
802 2261 983 2316 dicere
1008 2279 1022 2314 :
1054 2271 1111 2316 et
1140 2263 1312 2317 honor
1333 2278 1521 2317 eorum
1549 2275 1762 2334 patrum
1787 2266 1876 2333 qui
1902 2265 2040 2319 bene

454 2353 779 2419 docuerunt,
803 2354 848 2408 si
884 2364 1202 2423 repetantur
1231 2371 1418 2410 eorum
1454 2357 1730 2412 doctrinae.
1759 2356 1911 2413 Unus
1934 2358 2036 2428 igi-

453 2455 546 2500 tur
585 2454 669 2500 est
703 2461 810 2500 non
841 2458 1002 2500 natus
1027 2448 1170 2502 Deus
1208 2465 1221 2502 :
1262 2464 1417 2501 serva
1451 2447 1560 2519 (96)
1593 2465 1697 2502 non
1725 2459 1886 2504 natus
1911 2465 2035 2504 cum

457 2539 640 2606 Patre,
675 2549 730 2594 et
763 2554 868 2594 non
895 2541 1118 2596 habebis
1143 2541 1198 2594 in
1230 2543 1411 2596 anima
1435 2542 1804 2597 confusionem
1837 2557 2035 2598 :serva

457 2630 768 2700 unigenitus
806 2645 928 2684 cum
957 2630 1111 2698 Filio,
1139 2639 1191 2685 et
1219 2645 1324 2685 non
1355 2631 1677 2697 turbaberis,
1731 2645 1903 2699 neque
1921 2631 2035 2700 jam

455 2726 567 2779 eris
591 2724 831 2778 incertus
870 2724 1323 2793 quemadmodum
1354 2724 1494 2778 Deus
1544 2733 1597 2776 et
1631 2722 1792 2790 Deus,
1828 2735 1883 2778 et
1926 2740 2035 2780 non

462 2813 580 2869 Dei.
620 2813 759 2880 Quia
812 2815 958 2869 enim
997 2814 1198 2868 retines
1221 2829 1360 2868 unus
1397 2813 1538 2867 Deus
1581 2829 1686 2867 non
1743 2825 1925 2881 natus,
1963 2801 2036 2870 'et

458 2919 597 2958 unus
627 2905 766 2958 Deus
793 2905 1104 2972 unigenitus
1128 2919 1142 2968 ;
1173 2904 1292 2958 ideo
1315 2920 1421 2958 non
1445 2905 1542 2969 dii,
1567 2905 1690 2974 quia
1721 2922 1900 2975 neque
1927 2923 2032 2962 non

458 2996 600 3060 nati,
633 3009 807 3065 neque
845 2996 1104 3066 unigeniti
1141 3013 1156 3049 :
1196 3011 1354 3050 serva
1402 2996 1631 3065 ﬁguram
1668 3012 1770 3050 non
1805 2999 1934 3061 nati,
1979 3009 2034 3054 et

2135 530 2230 583 per
2249 529 2412 584 quem
2437 523 2566 568 sunt
2609 514 2792 568 omnia
2821 532 2836 568 :
2872 514 2988 582 ipse
3009 528 3039 566 a
3065 512 3225 567 Patre
3272 513 3446 568 habet
3477 514 3635 581 quod
3666 524 3740 567 est

2135 607 2308 662 haeres
2343 624 2356 660 :
2387 621 2492 660 non
2521 615 2604 660 est
2637 623 2702 660 ex
2737 607 3072 661 haereditate.
3099 605 3403 662 Consessor
3427 619 3545 659 non
3567 616 3659 658 est
3679 621 3738 658 ex

2135 698 2343 769 angelis
2375 699 2466 768 qui
2500 699 2740 764 adstant,
2791 713 2966 766 neque
3006 715 3071 754 ex
3115 698 3466 768 arcliangelis
3505 716 3522 750 :
3579 697 3739 762 index

2135 792 2376 846 omnium
2407 807 2510 846 non
2536 801 2621 848 est
2654 808 2793 848 unus
2821 809 2888 848 ex
2919 793 3003 848 his
3043 792 3132 861 qui
3166 791 3511 861 iudicantur.
3549 789 3636 843 Ne
3667 801 3743 842 at-

2138 888 2326 944 trahas
2365 899 2615 942 naturam
2655 904 2779 960 quae
2823 905 2928 943 non
2963 890 3194 950 accedit,
3243 903 3421 955 neque
3461 888 3740 955 pervenit.

2138 979 2308 1046 Quem
2334 996 2401 1035 ex
2442 981 2544 1036 hoc
2577 981 2836 1036 debemus
2863 996 3060 1046 nosse;
3100 979 3229 1049 quia
3260 979 3654 1047 unusquisque
3679 993 3742 1030 ex

2141 1073 2226 1126 liis
2268 1088 2388 1142 quae
2431 1075 2582 1138 dicit,
2647 1084 2739 1128 aut
2796 1073 3115 1144 sibimetipsi
3159 1073 3381 1141 prodest
3417 1082 3519 1126 aut
3573 1071 3740 1123 laedit.

2140 1163 2248 1218 Res
2289 1165 2432 1220 enim
2463 1183 2527 1221 ex
2564 1167 2766 1222 nostris
2817 1167 3154 1220 sermonibus
3197 1181 3302 1219 non
3345 1162 3740 1218 transferetur.

2140 1255 2274 1322 Quia
2305 1257 2466 1326 igitur
2502 1256 2672 1313 Judaei
2705 1273 2807 1311 non
2852 1257 3177 1312 conﬁtentur
3208 1255 3429 1318 Filium,
3472 1269 3589 1308 non
3622 1254 3744 1307 ideo

2142 1366 2247 1404 non
2274 1360 2356 1404 est
2383 1349 2571 1405 Filius.
2607 1348 2876 1404 Judicabit
2913 1351 3058 1404 enim
3080 1362 3174 1403 eos
3199 1348 3293 1418 qui
3322 1363 3431 1400 non
3467 1346 3738 1402 conﬁten-

2145 1452 2232 1496 tur
2255 1457 2380 1496 eum
2413 1459 2428 1496 :
2457 1441 2582 1509 quia
2617 1442 2832 1510 quidem
2875 1455 3073 1495 n0vum
3100 1438 3240 1493 istud
3270 1437 3632 1507 sacrilegium
3657 1437 3744 1488 in-

2146 1536 2500 1590 troduxerunt
2525 1536 2796 1598 dicentes,
2841 1535 3093 1590 eumdem
3138 1533 3312 1601 ipsum
3343 1545 3470 1586 esse
3512 1530 3744 1584 Patrem

2145 1643 2302 1696 quem
2329 1639 2383 1682 et
2411 1627 2608 1680 Filium
2644 1645 2658 1682 :
2700 1643 2875 1692 neque
2904 1625 3117 1681 Patrem
3141 1625 3359 1679 Patrem
3394 1625 3610 1688 dicent,
3651 1641 3745 1677 ne-

2147 1732 2252 1787 que
2272 1717 2466 1771 Filium
2497 1717 2696 1772 Filium
2724 1736 2736 1771 :
2777 1717 2868 1770 sed
2900 1716 3196 1771 secundum
3227 1717 3472 1784 ipsorum
3503 1715 3744 1768 sacrile-

2143 1812 2286 1879 gium
2313 1809 2442 1862 nihil
2467 1823 2707 1876 prorsus.
2734 1807 2789 1862 Si
2807 1809 2951 1860 enim
2976 1807 3135 1861 Pater
3157 1822 3262 1861 non
3288 1819 3374 1861 est
3395 1806 3590 1871 Pater,
3616 1807 3744 1875 quia

2144 1901 2258 1968 ipse
2286 1908 2370 1954 est
2401 1910 2455 1954 et
2479 1897 2668 1961 Filius,
2715 1907 2773 1951 ut
2817 1898 2914 1965 ipsi
2947 1896 3293 1966 ﬂagitantur;
3337 1907 3391 1949 et
3425 1894 3606 1949 Filius
3636 1911 3742 1948 non

2141 1991 2335 2055 Filius,
2357 1992 2484 2060 quia
2512 1991 2624 2060 ipse
2655 2000 2739 2044 est
2765 1989 2928 2042 Pater
2957 2007 2969 2042 :
3000 2003 3165 2057 prope
3193 1996 3276 2041 est
3320 1996 3379 2039 nt
3409 1988 3606 2041 dicant
3649 2001 3741 2039 ne.

2141 2099 2247 2153 que
2276 2082 2491 2137 Patrem
2516 2097 2660 2144 esse,
2695 2096 2870 2150 neque
2900 2079 3095 2134 Filium
3129 2096 3143 2132 :
3175 2087 3233 2132 ut
3266 2093 3433 2132 unum
3465 2076 3623 2132 enim
3659 2077 3741 2129 fa-

2138 2178 2282 2232 ciunt
2315 2176 2458 2245 quod
2488 2191 2592 2229 non
2631 2173 2708 2228 ﬁt.
2747 2173 2880 2240 Quis
2905 2173 3048 2227 enim
3087 2170 3286 2240 p0terit
3310 2169 3504 2223 audire
3559 2170 3741 2238 ipsum

2139 2286 2198 2325 se
2221 2270 2324 2324 sibi
2356 2283 2477 2323 esse
2521 2267 2779 2321 Patrem?
2819 2266 2940 2335 quis
2990 2267 3188 2335 poterit
3221 2263 3439 2317 Patrem
3471 2263 3657 2330 ipsum
3688 2277 3744 2314 se

2139 2363 2243 2418 sibi
2279 2377 2400 2417 esse
2447 2359 2683 2415 Filium?
2735 2357 2791 2414 Si
2842 2359 2987 2413 enim
3041 2357 3261 2411 voluero
3297 2365 3511 2409 mutare
3551 2369 3742 2409 vocem

2137 2471 2335 2518 meam,
2373 2471 2477 2508 non
2509 2463 2748 2508 mutatur
2773 2461 3009 2506 vestrum
3038 2449 3390 2519 propositum.
3421 2447 3623 2502 Nonne
3647 2463 3744 2516 pu—

2140 2551 2266 2602 tatis
2292 2563 2375 2600 me
2411 2547 2586 2600 aliena
2629 2544 2814 2614 loqui?
2842 2543 3030 2598 Dicam
3061 2557 3192 2612 ergo
3214 2541 3376 2595 Pater
3409 2555 3519 2593 non
3551 2538 3742 2601 Pater,

2137 2647 2194 2693 et
2221 2637 2392 2691 Filius
2434 2651 2538 2690 non
2567 2633 2756 2688 Filius.
2797 2632 2931 2686 Nam
2959 2642 3012 2686 et
3049 2632 3094 2686 si
3119 2632 3330 2694 dixero,
3367 2634 3485 2698 ipse
3512 2629 3627 2683 sibi
3661 2641 3745 2683 est

2137 2730 2317 2794 Pater,
2347 2738 2400 2782 et
2425 2729 2537 2798 ipse
2556 2728 2657 2781 sibi
2683 2736 2766 2781 est
2796 2726 2997 2790 Filius;
3026 2739 3205 2779 nonne
3233 2723 3514 2778 insaniam
3549 2726 3743 2777 statim

2135 2821 2443 2893 signiﬁcant
2468 2835 2748 2876 sermones
2787 2818 2929 2872 mei?
2963 2817 3067 2871 sed'
3087 2832 3174 2870 me
3214 2831 3320 2870 non
3361 2825 3582 2869 tantum
3623 2832 3743 2868 mo-

2136 2923 2301 2970 veant
2332 2913 2616 2966 adversum
2663 2926 2759 2965 eos
2787 2910 2878 2978 qui
2905 2908 3179 2969 dixerunt,
3236 2913 3502 2974 quantum
3559 2917 3743 2961 movet

2135 3013 2188 3057 et
2217 3002 2480 3057 adversus
2509 3015 2606 3055 eos
2637 3001 2729 3069 qui
2783 2997 3063 3067 patiuntur
3105 3014 3117 3047 :
3145 2996 3560 3050 calumniantur
3594 2999 3744 3050 enim

455 3087 717 3144 conﬁtere
747 3087 972 3158 ﬁguram
1002 3088 1292 3158 unigeniti,
1343 3098 1400 3142 et
1436 3089 1578 3142 nulla
1628 3090 1840 3145 turbela
1865 3101 1947 3145 est
1977 3092 2031 3145 in
2061 3121 2105 3179 ο
2139 3093 2206 3146 ab
2252 3092 2444 3146 iisdem
2495 3099 2549 3144 et
2600 3088 2912 3162 Scriptum.
2971 3083 3084 3154 Ego
3125 3101 3142 3138 :
3175 3094 3298 3140 tene
3324 3083 3462 3154 Ego,
3496 3094 3558 3138 et
3584 3100 3744 3139 serva

460 3180 664 3244 medio,
698 3196 803 3235 non
831 3180 919 3245 lis,
953 3194 1059 3234 non
1105 3183 1404 3248 contentio,
1435 3198 1542 3237 non
1569 3184 1826 3252 jurgium.
1875 3182 2038 3238 Pater

463 3284 571 3324 non
598 3270 701 3325 sibi
732 3271 960 3326 ascribit
1006 3269 1221 3326 Patrem
1265 3288 1280 3330 :
1320 3272 1491 3328 Filius
1517 3289 1656 3328 unus
1683 3275 1786 3328 sibi
1820 3277 2042 3330 ascribit

460 3360 678 3416 Patrem
712 3381 727 3418 :
758 3363 920 3418 Pater
943 3378 972 3418 a
1012 3363 1163 3418 nullo
1193 3375 1298 3430 est,
1333 3363 1501 3421 Filius
1531 3368 1597 3421 ab
1625 3383 1732 3421 uno
1756 3377 1839 3422 est
1860 3368 2039 3424 Patre.

461 3453 905 3526 Nonsnscipiunt
936 3457 1051 3512 hec
1072 3457 1244 3524 litem,
1268 3451 1363 3512 aut
1383 3457 1585 3514 habent
1615 3459 2038 3515 dubitationem:

461 3547 531 3603 Ut
560 3561 876 3620 cognoscant
911 3561 960 3605 te
1001 3551 1169 3606 solum
1205 3569 1380 3607 verum
1431 3552 1601 3607 Deum
1625 3553 1672 3584 ”
1706 3572 1720 3607 :
1766 3571 1870 3609 non
1915 3557 2042 3625 quia

461 3659 568 3697 non
593 3657 718 3697 vere
738 3652 821 3697 est
849 3643 1154 3713 nnigenitns
1179 3643 1351 3700 Filius
1371 3645 1486 3710 Dei,
1519 3647 1614 3701 sed
1638 3647 1763 3717 quia
1785 3661 1815 3700 a
1849 3657 2045 3702 semet-

458 3734 594 3803 ipso,
624 3744 680 3788 et
721 3750 786 3790 ex
818 3735 1130 3804 semetipso,
1159 3745 1213 3790 et
1255 3749 1350 3805 per
1373 3738 1742 3807 semetipsum,
1781 3738 1827 3792 si
1865 3747 2044 3792 tamen

460 3829 533 3880 ita
561 3827 668 3881 dici
695 3828 852 3882 debet
884 3846 896 3882 :
931 3826 1052 3882 fons
1073 3837 1128 3882 et
1156 3828 1480 3896 principium
1505 3830 1747 3883 omnium
1781 3831 2042 3884 bonorum

459 3929 542 3973 est
581 3917 761 3983 Pater,
794 3919 884 3988 qui
921 3920 1107 3989 genuit
1142 3920 1300 3975 talem
1331 3921 1524 3974 bonam
1575 3922 1903 3991 progeniem.
1938 3920 2044 3974 Bo-

463 4026 564 4063 nus
589 4012 732 4063 enim
770 4010 936 4065 Filius
959 4024 1065 4076 est,
1089 4011 1184 4066 sed
1207 4013 1349 4067 cedit
1378 4013 1674 4067 bonitatem
1705 4029 1805 4067 suo
1840 4015 2046 4083 genito-

461 4101 532 4163 ri,
562 4115 666 4154 non
691 4101 958 4156 mentiens
979 4102 1072 4156 sed
1093 4102 1268 4157 sciens
1289 4103 1431 4159 unde
1452 4112 1554 4156 est.
1585 4103 1714 4158 Sine
1742 4104 2041 4174 principio:

459 4191 789 4261 principium
822 4203 1000 4247 autem
1027 4193 1148 4247 dico
1183 4210 1288 4248 non
1323 4204 1642 4264 temporum,
1679 4211 1783 4248 non
1822 4197 2044 4252 saeculo-

463 4299 623 4350 rum;
660 4284 775 4338 haec
810 4285 954 4339 enim
979 4299 1077 4353 per
1110 4283 1306 4339 Filium
1338 4286 1479 4340 facta
1510 4299 1657 4348 sunt,
1697 4298 1751 4342 et
1787 4304 1890 4342 non
1919 4304 2043 4343 cum

460 4375 600 4432 Filio
664 4385 787 4431 nata
843 4393 858 4429 :
917 4390 1024 4429 non
1091 4385 1300 4429 tantum
1373 4377 1516 4430 enim
1579 4393 1688 4432 non
1757 4387 1884 4434 ante
1953 4379 2045 4432 Fi-

458 4469 590 4524 lium
629 4511 646 4536 ,
698 4478 757 4522 ut
805 4467 850 4522 si
907 4467 1065 4522 aliter
1117 4466 1248 4536 quid
1309 4467 1658 4523 introducere
1717 4484 1839 4522 cum
1901 4468 2038 4524 Filio

458 4560 733 4624 volueris,
789 4574 894 4614 non
947 4559 1185 4614 salvabis
1263 4558 1594 4628 unigenitum
1630 4602 1645 4626 ,
1727 4561 1821 4616 sed
1896 4562 2038 4616 sicut

405 4669 414 4676 ·
458 4653 620 4708 Pater
653 4652 800 4708 solus
849 4667 954 4707 non
1003 4661 1163 4707 natus
1208 4662 1314 4718 est,
1361 4662 1417 4706 et
1475 4653 1521 4708 si
1579 4654 1783 4710 dixeris
1836 4651 2033 4710 Filium

457 4759 565 4799 non
620 4755 827 4810 natum,
869 4743 1191 4813 periclitaris
1257 4745 1323 4798 de
1372 4759 1437 4798 eo
1492 4746 1635 4815 quod
1690 4746 1825 4801 dicis
1875 4761 1890 4799 :
1959 4746 2037 4801 ita

459 4837 506 4891 si
562 4836 690 4906 quid
736 4837 1133 4904 computaveris
1167 4852 1289 4892 cum
1341 4837 1639 4906 unigenito,
1672 4839 1798 4907 quid
1851 4839 2037 4908 loque-

459 4931 537 4985 ris
563 4930 799 4999 ignoras.
842 4926 990 4982 Unus
1013 4911 1156 4982 enim
1190 4939 1276 4982 est
1307 4945 1415 4983 non
1448 4938 1628 4996 natus,
1664 4940 1718 4984 et
1750 4931 1857 4986 noli
1886 4946 2035 5002 qua:-

458 5035 582 5076 rere
607 5020 769 5074 alium
823 5035 932 5074 non
989 5031 1171 5074 natum
1212 5039 1226 5076 :
1266 5036 1404 5076 unus
1451 5023 1783 5092 unigenitus,
1827 5032 1884 5078 et
1927 5025 2036 5079 noli

459 5126 702 5182 quaerere
727 5111 890 5166 alium
918 5110 1132 5178 Filium,
1163 5127 1230 5166 ne
1262 5114 1625 5183 interrumpas
1650 5115 1981 5184 unigenitum
2019 5134 2032 5170 :

460 5203 767 5272 unigenitus
795 5203 939 5257 enim
977 5218 1083 5258 non
1125 5213 1208 5258 est
1255 5219 1422 5259 unum
1453 5220 1518 5260 ex
1546 5208 1776 5274 cunctis,
1807 5207 1902 5263 sed
1940 5224 2038 5278 per

2142 3183 2578 3252 coniunctionem
2622 3200 2635 3235 :
2674 3179 2787 3250 Ego
2826 3189 2874 3233 et
2920 3178 3084 3231 Pater
3120 3195 3281 3231 unum
3311 3195 3496 3232 sumus
3522 3178 3595 3231 ".
3623 3177 3740 3232 Non

2143 3287 2324 3330 tamen
2370 3290 2475 3329 non
2519 3289 2731 3327 sumus.
2784 3272 3067 3327 Contraria
3112 3271 3259 3326 enim
3317 3271 3744 3339 importunitate

2144 3365 2300 3434 plena
2329 3375 2474 3419 sunt.
2526 3363 2694 3417 Filius
2742 3364 2892 3428 dicit,
2948 3362 3090 3433 Ego;
3126 3363 3213 3416 ille
3243 3362 3393 3426 dicit,
3443 3361 3567 3416 Non
3604 3377 3737 3429 ego:

2143 3456 2312 3511 Filius
2347 3456 2498 3520 dicit,
2526 3464 2582 3510 et
2629 3453 2820 3518 Pater;
2869 3454 2960 3508 ille
2985 3455 3135 3518 dicit,
3177 3468 3282 3507 non
3312 3452 3494 3507 Pater.
3533 3454 3734 3517 Unum,

2146 3548 2341 3618 inquit,
2372 3563 2589 3612 sumus;
2627 3557 2680 3601 et
2707 3546 2796 3600 ille
2831 3555 3042 3610 contra,
3072 3561 3176 3600 non
3213 3561 3420 3601 sumus.
3472 3548 3584 3599 Aut
3609 3547 3736 3617 quid

2145 3641 2406 3709 scriptum
2435 3648 2517 3693 est
2539 3638 2563 3692 ?
2589 3647 2684 3692 aut
2714 3639 2842 3707 quid
2873 3637 3155 3692 delemus?
3181 3649 3276 3692 aut
3297 3639 3429 3707 quid
3461 3639 3738 3709 legimus?

2145 3742 2238 3786 aut
2267 3733 2396 3802 quid
2425 3731 2800 3802 agnoscimus?
2830 3730 2939 3800 Ego
2974 3731 3027 3784 in
3058 3730 3220 3786 Patre
3266 3741 3319 3786 et
3338 3730 3502 3786 Pater
3542 3734 3598 3784 in
3627 3746 3734 3785 me.

2147 3825 2263 3880 Non
2296 3836 2474 3879 tamen
2501 3824 2626 3894 quia
2660 3838 2833 3892 neque
2861 3839 2983 3893 ego,
3021 3838 3197 3892 neque
3222 3822 3382 3878 Pater
3414 3844 3427 3877 :
3469 3825 3738 3892 quemad-

2147 3918 2364 3972 modum
2407 3926 2588 3970 autem
2635 3914 2796 3970 Pater
2833 3916 2888 3970 in
2939 3914 3099 3979 Filio,
3149 3926 3202 3968 et
3233 3914 3403 3969 Filius
3461 3915 3513 3968 in
3551 3914 3733 3979 Patre,

2147 4008 2381 4062 maxime
2402 4008 2621 4077 quidem
2642 4021 2742 4061 cur
2764 4008 2930 4060 audes
2957 4005 3240 4074 quaerere?
3267 4007 3313 4060 is
3327 4006 3474 4059 enim
3501 4007 3601 4074 qui
3625 4006 3732 4075 (97)

2145 4111 2230 4156 est
2255 4103 2309 4153 itt
2339 4113 2404 4154 eo
2434 4099 2525 4168 qui
2573 4107 2674 4162 est,
2730 4112 2833 4152 non
2869 4098 2995 4166 quia
3024 4111 3128 4150 non
3171 4097 3597 4168 θενὰνυπάρχει
3627 4117 3640 4153 :
3671 4116 3734 4152 an

2147 4192 2272 4261 quia
2303 4207 2406 4245 non
2431 4200 2510 4246 est
2542 4189 2704 4245 Pater
2735 4203 2792 4244 ttt
2823 4191 2894 4244 sit
2937 4192 2988 4243 in
3022 4189 3160 4244 Filio
3181 4189 3529 4260 ἀνυπάρχειῖ
3561 4207 3736 4261 neque

2147 4301 2252 4340 non
2283 4295 2366 4340 est
2393 4285 2560 4339 Filius
2591 4284 2682 4353 qui
2715 4293 2796 4338 est
2831 4285 2880 4336 in
2915 4283 3079 4338 Patre
3107 4282 3402 4352 signiﬁcat.
3449 4284 3735 4352 Siquidem

2147 4386 2204 4432 et
2238 4375 2465 4445 apostoli
2498 4374 2782 4428 duodecim
2813 4389 2978 4428 unum
3009 4383 3156 4436 sunt,
3189 4382 3246 4427 et
3273 4374 3647 4441 septuaginta,
3685 4385 3735 4428 et

2145 4468 2448 4539 quingenti,
2493 4476 2548 4520 et
2601 4475 2710 4520 tota
2749 4465 2987 4520 Ecclesia
3032 4480 3219 4518 unum.
3260 4463 3325 4517 Et
3353 4479 3421 4517 ne
3456 4475 3622 4533 putes
3652 4481 3734 4519 me

2145 4564 2209 4616 ad
2249 4561 2482 4614 humana
2511 4559 2780 4614 deducere
2808 4559 2990 4613 divina
3030 4574 3045 4611 :
3080 4557 3174 4611 sed
3204 4557 3407 4611 utimur
3445 4571 3734 4626 compara-

2145 4653 2386 4708 tionibus
2421 4667 2544 4706 cum
2595 4651 2927 4721 indulgentia
2970 4651 3111 4720 apud
3159 4648 3378 4715 fratres,
3423 4660 3480 4703 et
3514 4661 3734 4705 maneat

2146 4749 2288 4802 Deus
2331 4756 2390 4800 ut
2435 4755 2535 4799 est.
2573 4745 2780 4798 Tamen
2817 4745 2861 4798 si
2915 4742 3216 4798 dixerimus
3269 4741 3729 4808 quemadmodum

2138 4837 2315 4892 omnis
2349 4836 2589 4891 Ecclesia
2623 4851 2744 4904 qua:
2792 4837 2994 4903 ubique
3038 4847 3144 4901 est,
3176 4850 3344 4889 unum
3375 4850 3581 4903 corpus
3614 4847 3726 4900 est;

2138 4929 2317 4984 nullus
2355 4927 2722 4997 reprehendat
2754 4945 2769 4982 :
2820 4929 2946 4996 quia
2992 4941 3098 4980 non
3137 4929 3402 4980 mentitur
3465 4930 3610 4982 Deus
3638 4931 3726 4998 qui

2139 5022 2274 5075 dixit
2305 5040 2317 5074 :
2353 5019 2465 5089 Ego
2496 5021 2553 5074 in
2585 5023 2732 5088 ipsis,
2762 5031 2809 5073 at
2832 5031 2889 5074 tu
2912 5023 2966 5073 in
2988 5037 3068 5074 me
3088 5021 3155 5074 ³⁸.
3190 5019 3305 5073 Non
3338 5022 3467 5089 quia
3493 5024 3726 5091 abnega-

2140 5117 2342 5169 tionem
2378 5113 2555 5168 Patris
2602 5115 2888 5184 irreligiosi
2944 5129 3220 5168 sermones
3275 5114 3502 5177 docent,
3561 5129 3725 5182 neque

2139 5208 2282 5276 quod
2315 5224 2423 5262 non
2455 5209 2528 5262 sit
2578 5209 2623 5262 is
2647 5209 2738 5276 qui
2770 5209 2975 5279 genuit,
3032 5223 3209 5276 neque
3249 5207 3594 5275 spretionem
3617 5208 3724 5276 ejus

527 5319 748 5375 "Joan.
785 5334 916 5383 xvu,
952 5318 1038 5372 15.
1115 5318 1162 5349 ⁹⁸
1189 5315 1346 5374 Joan.
1379 5334 1432 5384 x,
1465 5319 1554 5374 50.
1630 5319 1678 5351 π
1703 5317 1860 5374 Joan.
1889 5335 2026 5386 xvn,
2059 5318 2149 5374 25.

531 5454 642 5544 (96)
673 5471 853 5544 Serua.
880 5470 1333 5544 Τήρξιηοὺεενυᾳ.
1367 5474 1477 5526 Aut
1506 5474 1668 5528 etiam
1707 5484 1874 5537 tuere,
1911 5475 2035 5528 reti-

458 5541 550 5596 ste.
574 5543 743 5610 Supra
773 5541 865 5594 lib.
899 5541 1050 5596 tzr’ln
1082 5541 1345 5612 principio
1374 5555 1508 5612 erat,
1541 5561 1688 5598 serva
1722 5546 1861 5613 quod
1894 5555 2028 5610 erat,

458 5623 643 5750 etc('9'!)
675 5681 728 5734 Is
753 5688 891 5739 enim
927 5686 1036 5752 qui.
1080 5682 1303 5736 Videtur
1330 5681 1433 5738 hoc
1476 5683 1611 5741 velle
1640 5700 1654 5738 :
1696 5687 1740 5739 is
1770 5685 1904 5739 enim
1944 5684 2033 5752 qui

457 5760 532 5804 εει
552 5752 605 5806 in
626 5767 684 5806 eo
709 5756 797 5809 aui
820 5765 916 5811 est.
947 5771 1045 5811 non
1065 5755 1177 5809 ideo
1201 5753 1522 5828 ἁνυπάργει,
1547 5756 1641 5812 hoc
1666 5767 1764 5820 est,
1791 5771 1892 5810 non
1917 5757 2032 5811 ideo

2138 5491 2242 5529 non
2289 5477 2547 5531 subsistit.
2580 5477 2661 5530 An
2697 5477 2812 5532 ideo
2851 5473 3011 5530 Pater
3045 5476 3373 5599 ἀνυπάρῗι,
3421 5493 3527 5530 non
3562 5477 3714 5529 subsi-

2140 5547 2395 5599 stit.auia
2422 5561 2499 5599 est
2537 5549 2593 5599 in
2619 5545 2806 5599 Filio?
2837 5549 3016 5599 luitur
3071 5564 3231 5599 neque
3309 5546 3450 5599 'ilius
3487 5547 3712 5599 ἀνυπάρ-

2140 5547 2250 5613 slit,
2270 5548 2395 5616 quia
2422 5561 2499 5601 est
2537 5549 2593 5600 in
2619 5545 2806 5604 Filio?
2837 5549 3030 5617 Igitur
3071 5545 3245 5616 neque
3272 5545 3450 5600 Filius
3487 5547 3712 5617 ἀνυπάρ-

2139 5633 2245 5686 χει,
2270 5633 2374 5669 non
2396 5619 2649 5680 subsistit,
2675 5619 2800 5687 quia
2824 5629 2898 5671 est
2928 5619 2982 5670 in
3013 5616 3190 5687 Patre.
3211 5617 3472 5687 Respicit
3505 5622 3570 5671 ad
3596 5616 3708 5670 illud

2137 5687 2490 5810 ὲῗηιιξᾶεέὲω,
2520 5699 2574 5745 et
2607 5685 2719 5758 xw,
2747 5687 2836 5755 10,
2869 5689 2930 5744 il
2959 5704 2972 5741 :
3003 5685 3168 5743 Pater
3199 5686 3256 5740 in
3289 5703 3373 5742 me
3409 5700 3509 5755 est,
3543 5703 3589 5748 et
3622 5708 3706 5761 ego

2137 5773 2192 5812 ιη
2221 5768 2398 5812 l’atre.
