3810 6218
158 298 306 370 loss

1010 301 1104 362 ne
1142 305 1299 364 riae
1335 291 1709 364 ADVERSUS
1742 290 2157 363 saeculum.
2199 335 2264 344 -
2304 300 2437 361 us.
2470 305 2534 362 ιι.

3293 305 3431 366 1008

156 428 257 498 qui
296 433 381 482 est
407 422 643 496 genitus.
676 420 784 477 Sed
814 422 860 479 si
892 436 998 479 non
1031 434 1116 478 est
1143 423 1336 483 Filius.
1379 435 1430 480 et
1476 424 1749 495 quomodo
1778 427 1825 484 Α
1854 430 2077 491 pr0pter
2112 430 2384 475 naturam.
2442 420 2523 476 Ex
2566 419 2788 493 Virgine
2829 422 2880 476 in
2938 422 3245 479 novissimis
3288 434 3429 479 tein-

154 530 294 576 ‘sunt
328 532 389 573 ea
417 531 538 586 qua:
566 530 661 585 per
699 514 894 569 Filium
917 514 1056 570 facta
1090 527 1215 570 sunt
1238 517 1260 570 ?
1285 514 1399 570 Non
1429 528 1512 572 est
1541 516 1747 571 Filius:

157 618 219 662 et
245 622 364 675 qua:
392 616 474 658 est
500 604 662 670 spes?
692 603 805 659 Non
832 614 917 657 est
965 606 1056 673 qui
1082 606 1293 673 judicat
1326 624 1343 662 :
1378 615 1433 659 et
1487 607 1753 676 quemad-

159 701 379 755 modum
409 697 713 771 judicium?
740 697 856 752 Non
879 708 962 752 est
983 699 1073 768 qui
1104 708 1331 753 coronat
1360 719 1372 753 :
1402 711 1457 753 et
1483 700 1753 768 quomodo

161 791 419 846 labores?
446 790 539 847 Est
588 806 726 845 unus
757 806 916 860 quem
960 791 1138 844 nullus
1176 793 1383 861 genuit,
1416 802 1471 845 et
1501 793 1752 860 unigeni-

157 891 252 937 tus
284 899 442 951 quem
475 898 610 938 unus
640 885 845 953 genuit.
877 882 1080 939 Gennit
1112 900 1245 938 sane
1294 885 1704 953 impassibiliter
1734 900 1748 938 :

157 991 274 1031 non
305 987 363 1029 ut
399 992 523 1044 nos,
573 979 663 1031 scd
708 987 767 1031 ut
810 978 896 1031 ille
932 995 945 1031 :
996 994 1101 1031 non
1134 987 1192 1031 ιιι
1223 977 1416 1046 plantae
1462 995 1582 1048 quae
1611 979 1751 1050 apud

156 1084 263 1123 nos
288 1078 436 1133 sunt,
462 1086 566 1122 non
603 1080 661 1123 ιιι
690 1070 883 1133 fontes,
912 1088 1015 1123 non
1055 1081 1112 1123 ιιι
1139 1070 1214 1125 sol
1250 1088 1263 1124 :
1304 1071 1437 1125 nihil
1468 1074 1611 1125 enim
1650 1075 1750 1127 ho-

160 1178 285 1217 rum
326 1178 445 1233 qum
483 1162 573 1216 hic
598 1170 744 1227 sunt,
782 1162 1137 1230 interpretari
1170 1162 1314 1215 illam
1345 1166 1749 1234 generationem

161 1263 410 1324 p0ssunt.
441 1251 665 1308 Omnem
702 1255 847 1308 enim
881 1254 1146 1307 turbelam
1187 1255 1439 1309 humanae
1465 1271 1748 1325 compara-

161 1348 339 1402 tiones
358 1347 579 1410 laciunt,
599 1363 718 1401 cum
741 1347 1031 1415 accipimus
1048 1362 1150 1400 non
1179 1347 1370 1401 similia
1393 1349 1458 1401 ad
1480 1350 1748 1418 interpre-

161 1440 421 1492 tationem
452 1453 636 1493 eorum
666 1453 785 1507 qute
814 1438 1153 1506 interpretari
1191 1453 1299 1491 nou
1344 1450 1590 1507 possunt.
1627 1439 1751 1495 ideo

158 1529 318 1597 lites,
353 1532 473 1585 ideo
514 1546 705 1599 pugnae
747 1542 1064 1584 nascuntur.
1108 1530 1163 1584 Si
1212 1541 1390 1585 autem
1424 1533 1751 1589 tacuerimus

159 1637 226 1676 ea
260 1622 379 1690 quae
412 1638 572 1691 supra
602 1637 788 1677 vocem
831 1633 977 1687 sunt,
1009 1634 1063 1679 et
1105 1625 1402 1679 dixerimus
1451 1627 1746 1694 possibilia,

160 1714 399 1767 cessabit
430 1713 646 1767 bellum.
685 1712 823 1781 Quid
878 1730 1008 1783 ergo
1040 1715 1284 1771 dicemus
1322 1718 1345 1770 ?
1386 1716 1455 1770 In
1489 1720 1747 1788 principio

158 1817 273 1857 erat
308 1804 555 1861 Verbum.
586 1806 720 1873 Quis
752 1808 927 1862 adhuc
956 1809 1154 1876 poterit
1184 1810 1434 1880 jurgari?
1465 1811 1598 1866 Nam
1622 1824 1677 1867 et
1702 1816 1746 1869 si

153 1896 435 1964 jurgatur,
464 1914 569 1953 non
623 1899 715 1954 tibi
747 1902 842 1954 sed
867 1899 1085 1971 Joanni,
1136 1912 1189 1956 ct
1223 1905 1425 1973 pectori
1475 1905 1688 1960 Domini
1718 1922 1747 1961 a

159 2004 271 2057 quo
300 1990 480 2044 hausit
501 1989 759 2049 Joannes.
803 1992 941 2060 Quid
968 1994 1226 2063 relinquis
1251 2012 1311 2050 ea
1344 2012 1465 2067 qua:
1490 2008 1613 2052 sunt
1634 2000 1751 2054 sine

161 2084 425 2151 periculo,
460 2094 514 2138 et
564 2085 615 2139 in
645 2083 902 2139 ﬂuctibus
940 2097 1339 2157 tempestatum
1394 2091 1751 2158 periclitaris?

163 2174 284 2230 Noli
313 2178 492 2232 dicere
525 2187 635 2243 tua,
671 2188 726 2233 et
755 2178 934 2234 nullus
968 2189 1019 2233 te
1045 2181 1245 2249 arguit.
1275 2181 1449 2237 Dicito
1478 2199 1596 2252 qua:
1626 2187 1752 2239 scri—

165 2278 257 2338 pta
288 2279 436 2333 sunt,
471 2281 525 2324 et
563 2272 742 2326 nullus
785 2282 835 2326 te
879 2274 1227 2342 reprehendit
1262 2294 1275 2330 :
1310 2277 1526 2331 etiamsi
1571 2293 1753 2347 repre-

160 2363 437 2429 henderit,
476 2366 827 2432 semetipsum
887 2367 1088 2435 potius,
1124 2377 1179 2423 et
1225 2384 1330 2423 non
1371 2378 1442 2424 te.
1477 2369 1577 2435 Qui
1606 2371 1749 2425 enim

156 2454 350 2510 divina
389 2459 756 2525 reprehendit,
785 2458 967 2513 divina
1014 2461 1231 2529 quidem
1268 2479 1371 2517 non
1405 2462 1638 2530 delebit;
1668 2480 1753 2519 se-

160 2548 455 2615 metipsmn
487 2549 719 2605 alienum
768 2570 798 2605 ιι
836 2552 1033 2607 divinis
1070 2555 1389 2609 constituet.
1445 2555 1642 2619 Dicito,
1683 2557 1751 2612 In

158 2642 424 2709 principio
479 2653 589 2696 erat
635 2642 877 2711 Verbum,
935 2654 991 2700 et
1055 2647 1435 2717 relinquuntur
1486 2658 1747 2717 tempora.

170 2733 372 2797 Dicito,
405 2733 471 2787 In
507 2736 765 2805 principio
786 2747 922 2802 erat,
947 2747 1001 2792 et
1033 2739 1291 2794 deﬁciunt
1318 2740 1530 2796 saecula.
1555 2742 1748 2806 Dicito,

162 2823 235 2877 In
272 2826 533 2891 principio
569 2840 706 2892 erat,
742 2838 798 2882 et
840 2830 971 2883 nihil
1003 2846 1125 2884 cum
1173 2832 1291 2900 ipso
1334 2840 1453 2887 erat
1495 2831 1747 2888 Verbum.

163 2915 305 2980 Quia
347 2931 476 2982 ergo
521 2926 635 2969 erat
666 2916 871 2972 dictum
930 2927 1035 2984 est,
1088 2936 1155 2975 ne
1203 2931 1359 2990 putes
1390 2937 1578 2978 vocem
1610 2941 1623 2976 :
1652 2938 1752 2976 vox

161 3010 334 3074 enim,
382 3022 493 3064 erat
528 3027 633 3067 non
662 3012 919 3083 suscipiet
968 3032 981 3067 :
1020 3015 1063 3069 si
1101 3016 1321 3084 quidem
1360 3032 1481 3071 cum
1534 3016 1750 3078 dicitur,

166 3111 297 3155 tunc
326 3102 578 3159 eiiicitur.
631 3102 816 3173 Neque
859 3106 1004 3160 enim
1065 3119 1356 3176 antequam
1394 3109 1603 3162 dicatur
1646 3118 1747 3169 est.
1778 3128 1822 3187 ρ

160 3208 346 3262 neque
374 3206 555 3264 postea
612 3210 772 3263 quam
824 3197 987 3251 fuerit
1028 3200 1193 3261 dicta,
1246 3208 1359 3253 erat
1396 3199 1578 3254 habet.
1613 3200 1747 3264 Quia

160 3303 301 3357 ergo
334 3298 468 3355 erat,
517 3306 621 3344 non
654 3304 759 3344 vox
807 3299 911 3355 est,
944 3292 1037 3345 sed
1090 3291 1326 3345 Verbum
1377 3308 1395 3345 :
1432 3292 1590 3360 quale
1619 3290 1750 3345 Ver-

161 3377 337 3432 bum?
388 3378 444 3433 Si
499 3394 607 3434 non
638 3381 774 3434 dixit
814 3376 1071 3447 Joannes,
1100 3397 1407 3450 quaeramus
1449 3381 1535 3436 :si
1573 3392 1750 3435 autem

165 3471 330 3535 dixit,
371 3473 500 3540 quid
539 3474 877 3542 quaeremus?
916 3472 984 3527 Et
1016 3476 1178 3541 Deus,
1219 3475 1416 3544 inquit,
1460 3485 1574 3528 erat
1619 3473 1752 3527 Ver-

163 3565 316 3617 bunt.
348 3564 425 3619 Tu
457 3568 591 3621 dicis
613 3582 821 3633 vocem,
851 3567 1091 3622 Joannes
1127 3577 1307 3620 autem
1348 3567 1446 3629 ait,
1474 3578 1584 3620 erat
1626 3565 1752 3619 Ver-

166 3658 319 3711 bum.
361 3659 426 3711 Et
455 3660 498 3712 si
527 3659 614 3712 ille
642 3661 861 3723 dixerit,
896 3659 960 3712 Et
1001 3657 1219 3712 Verbum
1256 3669 1366 3711 erat
1392 3660 1532 3726 apud
1567 3657 1751 3723 Deum,

168 3756 234 3802 tu
264 3748 399 3803 dicis
423 3751 474 3802 in
503 3750 629 3815 Deo,
655 3762 709 3804 et
742 3766 849 3805 non
872 3750 1013 3819 apud
1042 3749 1231 3803 Deum.
1258 3747 1327 3803 Ut
1359 3750 1502 3802 enim
1526 3750 1618 3811 sit,
1649 3764 1754 3802 non

163 3852 357 3899 tamen
392 3852 450 3895 ut
486 3844 755 3913 cogitatus
805 3844 876 3897 sit
908 3862 923 3898 :
960 3857 1138 3911 neque
1177 3843 1372 3895 iterum
1416 3850 1473 3894 ut
1502 3856 1624 3901 vox.
1660 3841 1755 3893 sed

162 3933 343 3990 Filius
377 3951 392 3989 :
424 3950 527 3988 vox
557 3936 700 3989 enim
749 3935 909 3989 habet
945 3934 1140 3988 fratres
1173 3953 1187 3988 :
1215 3934 1317 3987 mei
1370 3935 1514 3986 enim
1553 3933 1643 4003 qui
1677 3932 1756 3985 di-

161 4040 369 4081 cuntur
397 4042 676 4082 sermones
702 4028 974 4096 prioribus
1001 4027 1182 4079 verbis
1215 4035 1339 4079 sunt
1359 4023 1554 4077 fratres
1588 4042 1601 4076 :
1638 4023 1758 4075 uni-

162 4119 386 4189 geuitns
408 4129 585 4171 autem
620 4135 725 4172 non
757 4119 983 4187 suscipit
1018 4118 1233 4170 fratres.
1269 4115 1403 4169 Nam
1438 4126 1491 4169 et
1522 4116 1564 4168 si
1600 4124 1756 4167 vocat

160 4216 386 4273 l'ratres,
420 4212 872 4279 nuncupationem
913 4212 1097 4265 donat.
1133 4208 1191 4262 Si
1220 4219 1403 4261 autem
1436 4217 1491 4259 et
1522 4208 1754 4260 colui-rc-

161 4304 267 4355 des
292 4317 498 4364 sumus,
532 4318 636 4354 non
679 4311 885 4354 natura:
919 4301 1012 4353 sed
1056 4300 1243 4367 gloriae
1290 4298 1587 4366 accipimus
1616 4295 1750 4367 (98).

159 4397 253 4452 Ad
281 4395 423 4449 illam
450 4395 594 4448 enim
642 4405 890 4447 naturam
925 4408 1098 4461 neque
1141 4390 1430 4461 pervenies
1459 4402 1535 4451 tu,
1582 4402 1756 4457 neque

161 4489 314 4543 ullus
351 4487 643 4556 perveniet.
684 4486 839 4540 Sicut
868 4486 1015 4539 enim
1051 4483 1212 4537 Pater
1249 4484 1468 4548 enunel,
1499 4492 1553 4535 et
1590 4498 1751 4551 supra
1788 4481 1828 4535 D
1862 4452 1937 4508 De
1967 4455 2051 4555 "is

160 4595 386 4634 omnem
418 4590 539 4631 natu
552 4594 662 4630 ram
679 4587 759 4631 est
786 4578 927 4645 quod
952 4587 1029 4629 est
1050 4592 1154 4628 non
1175 4586 1334 4628 natus
1357 4592 1370 4627 :
1404 4574 1477 4627 ita
1504 4585 1556 4627 et
1584 4573 1749 4626 Filius

160 4686 333 4737 supra
366 4684 555 4722 omnes
586 4669 817 4722 habetur
850 4668 902 4720 in
934 4682 999 4720 eo
1031 4667 1176 4734 quod
1205 4675 1285 4719 est
1314 4666 1595 4733 progenies
1620 4678 1748 4716 vera

164 4763 314 4817 Deus
341 4761 479 4831 apud
516 4761 705 4825 Deum,
740 4760 878 4813 Deus
913 4760 978 4812 ad
1011 4760 1289 4811 dexteram
1323 4758 1435 4817 Dei,
1471 4756 1609 4809 Deus
1638 4754 1749 4809 for-

163 4857 262 4919 tis,
296 4855 433 4907 Deus
463 4868 622 4921 quem
671 4853 822 4905 unxit
854 4850 1018 4904 Deus.
1065 4848 1376 4918 Agnoscitis
1433 4846 1745 4914 prophetica

163 4945 335 4999 verba
370 4944 504 5015 (99).
540 4944 679 5009 Quid
710 4945 786 4996 ait
813 4945 1071 5012 propheta
1106 4940 1313 4994 David?
1341 4939 1467 4992 Ideo
1505 4939 1651 4991 unxit
1678 4948 1747 5001 te,

161 5038 333 5099 Deus,
361 5038 495 5089 Deus
519 5047 638 5088 tuus
657 5035 725 5089 “.
754 5033 887 5088 Nam
917 5044 971 5088 et
992 5033 1147 5087 fortis
1177 5033 1350 5086 dictus
1389 5042 1473 5085 cst
1505 5031 1572 5083 ab
1593 5030 1747 5092 Isaia,

158 5138 220 5184 et
255 5127 393 5181 Deus
422 5128 691 5182 nobiscum
713 5127 781 5191 ’⁷,
821 5142 943 5181 cum
966 5141 1035 5179 ex
1058 5124 1300 5194 Virgine.
1336 5122 1452 5176 Non
1471 5138 1599 5188 ergo
1629 5136 1751 5175 cum

159 5235 232 5274 ex
279 5219 500 5289 Virgine
542 5228 671 5273 tunc
719 5217 884 5282 Deus,
932 5217 1026 5271 sed
1086 5216 1369 5271 nobiscum
1424 5224 1570 5267 tunc.
1630 5212 1746 5266 Non

160 5311 404 5381 primum
440 5326 509 5364 ex
548 5308 790 5380 Virgine,
830 5311 923 5363 sed
958 5308 1191 5376 primum
1231 5320 1297 5360 ex
1340 5305 1469 5359 Deo.
1514 5304 1586 5359 Ex
1632 5304 1749 5357 Vir-

160 5403 294 5475 gine
339 5404 482 5458 enim
534 5413 754 5473 propter
793 5400 1274 5471 dispensationem,
1312 5412 1376 5451 es
1420 5399 1526 5451 Deo
1565 5407 1746 5451 autem

235 5512 285 5546 "
311 5511 456 5567 Psnl.
488 5529 629 5579 xuv,
656 5514 710 5568 8.
812 5514 858 5545 "
880 5514 1058 5581 lsa.v,
1090 5513 1162 5579 6;
1195 5528 1289 5573 vn,
1324 5511 1411 5564 14.

162 5598 221 5652 ι,
248 5584 336 5647 14,
367 5585 453 5641 15.

266 5686 355 5791 982
385 5687 481 5741 Ms.
514 5684 639 5739 Non
676 5694 920 5738 naturam
950 5680 1042 5735 sed
1067 5681 1289 5751 gloriam
1316 5679 1635 5746 acciuimus.’

266 5758 333 5791 00
390 5758 461 5791 υς
524 5757 791 5791 Δηηηιρίιο
826 5754 1124 5791 ηνηιώυιὶι-ιι
1163 5754 1333 5791 smrbn-

242 5686 355 5828 2982
385 5687 481 5741 Ms.
514 5686 639 5739 Non
676 5694 920 5764 naturam
950 5686 1289 5761 sedgloriam
1316 5697 1334 5731 η

262 5758 353 5829 99,
388 5758 484 5811 Ms.
514 5761 791 5826 Agnoscat:
824 5757 1126 5822 prophetica
1163 5754 1334 5807 verba.

334 5862 337 5863 '
414 5851 686 5910 Puncta
720 5845 836 5908 Gn.
862 5845 1099 5908 XXIV.

1502 5509 1571 5580 _"
1604 5508 1757 5564 Joan.
1797 5522 1888 5572 ιιι,
1912 5506 2002 5561 36.

1852 515 2094 583 poribus,
2149 527 2216 567 ex
2267 512 2376 568 Deo
2425 522 2552 567 ante
2604 513 2821 568 saecula.
2878 514 2952 568 Ex
3001 512 3242 586 Virgine,
3307 532 3429 570 cum

1854 605 2201 670 hominibus;
2255 619 2321 660 ex
2362 604 2472 659 Deo
2510 613 2689 659 autem
2740 616 2864 659 ante
2902 621 3111 661 omnes.
3168 605 3292 663 lstic
3338 622 3431 661 er-

1852 712 1921 765 go
1951 706 2005 751 et
2040 697 2492 767 dispensationem
2532 698 2818 762 conﬁtere,
2864 707 2919 752 et
2958 707 3206 752 naturam
3250 700 3432 755 delere

1853 789 1981 853 noli,
2021 805 2118 846 nec
2160 791 2471 858 exstinguas
2515 792 2608 845 tibi
2663 790 2839 845 lumen
2876 791 2972 861 (l).
3026 789 3082 846 Si
3129 792 3343 859 quidem
3376 800 3431 846 et

1854 881 1943 948 qui
1974 881 2159 937 oculos
2187 882 2443 937 claudunt
2474 899 2625 950 suos,
2666 898 2769 936 non
2818 883 2995 938 lumen
3051 884 3427 952 exstiuguuut,

1852 977 1946 1029 sed
1971 975 2067 1045 ipsi
2099 976 2298 1030 lumine
2323 993 2427 1030 non
2464 977 2734 1030 fruuntur.
2769 975 2900 1029 Nam
2929 986 2982 1030 et
3012 976 3055 1031 si
3080 977 3201 1046 quis
3243 976 3428 1031 lumen

1854 1083 2041 1121 verum
2073 1084 2177 1122 non
2221 1069 2382 1123 fuerit
2431 1068 2736 1133 confessus,
2783 1085 2887 1122 non
2938 1068 3065 1123 illud
3113 1070 3276 1133 delet,
3333 1070 3429 1124 sed

1855 1160 1967 1227 ipse
2001 1171 2179 1214 manet
2202 1161 2255 1215 in
2285 1163 2542 1217 tenebris.
2591 1164 2663 1217 Ita
2712 1164 2854 1217 enim
2898 1163 3012 1232 ipse
3045 1162 3210 1218 Filius
3243 1164 3375 1218 dicit
3410 1183 3425 1221 :

1855 1251 1958 1315 Qui
1989 1269 2092 1307 non
2148 1254 2430 1309 crediderit
2470 1256 2522 1309 in
2562 1253 2784 1317 Filium,
2824 1273 2925 1308 non
2971 1256 3185 1318 videbit,
3217 1257 3307 1309 sed
3346 1256 3431 1310 ira

1852 1344 1952 1399 Dei
1974 1356 2146 1399 manet
2182 1363 2339 1415 super
2360 1348 2526 1409 ipsum
2555 1348 2621 1402 ⁸⁸.
2650 1349 2778 1414 Qua:
2818 1347 2932 1401 ira?
2970 1348 3061 1403 illa
3093 1350 3277 1419 utique
3311 1364 3431 1419 quae

1855 1437 1921 1491 ab
1948 1437 2122 1492 initio.
2161 1438 2261 1504 Qui
2293 1440 2437 1493 enim
2486 1455 2593 1494 non
2642 1441 2930 1496 conﬁtetur
2972 1456 3093 1495 eum
3140 1458 3235 1511 per
3269 1458 3429 1513 quem

1852 1538 2141 1584 revocatur
2178 1531 2469 1596 sententia,
2498 1533 2609 1600 ipse
2647 1533 2931 1587 adversum
2959 1549 3018 1588 se
3050 1534 3223 1603 ipsum
3275 1550 3432 1590 revo-

1852 1629 1941 1674 cat
1977 1622 2322 1679 sententiam.
2354 1621 2571 1691 Negotia
2612 1625 2757 1678 enim
2789 1636 3041 1693 separata
3086 1626 3287 1681 habent
3328 1643 3430 1681 na-

1853 1719 2029 1765 turam
2065 1729 2080 1765 :
2110 1713 2278 1767 nostri
2318 1726 2496 1769 autem
2520 1716 2783 1783 cogitatus
2815 1716 3088 1784 accipiunt
3125 1717 3429 1783 tructum,a

1853 1804 2084 1859 veritate
2105 1805 2321 1875 quidem
2354 1808 2538 1869 vitam,
2570 1822 2600 1860 a
2626 1807 2908 1862 mendacio
2942 1817 3120 1862 autem
3152 1824 3345 1863 noxam
3373 1817 3431 1865 et

1852 1896 2227 1966 perditionem.
2262 1898 2317 1951 Si
2351 1898 2471 1966 quis
2503 1898 2648 1952 enim
2692 1898 3024 1967 percusserit
3064 1909 3225 1969 caput
3270 1915 3429 1955 suum

1852 1989 1917 2041 ad
1958 1998 2185 2057 petram,
2214 2000 2365 2059 petra
2398 1990 2614 2058 quidem
2655 1990 2769 2059 ipsa
2800 1999 3003 2056 manet,
3048 2001 3212 2061 caput
3245 2002 3427 2047 autem

1852 2077 1921 2131 ab
1953 2079 2259 2149 insipientia
2303 2080 2499 2149 accipit
2529 2079 2762 2149 plagam,
2804 2076 2943 2135 forte
2972 2089 3150 2135 autem
3185 2090 3241 2135 et
3283 2082 3429 2149 peri-

1858 2172 2058 2226 culmn.
2104 2172 2244 2227 Dicit
2302 2187 2434 2227 sane
2487 2181 2542 2227 et
2598 2161 2886 2240 Apostolus
2940 2187 2954 2225 :
3005 2168 3429 2226 Fundamentum

1850 2264 1999 2318 aliud
2020 2281 2165 2318 nemo
2191 2274 2360 2335 potest
2379 2282 2571 2334 ponere
2615 2276 2805 2334 prteter
2831 2282 2948 2317 eum
2987 2266 3077 2334 qui
3111 2274 3183 2318 est
3225 2266 3430 2335 positus

1852 2353 2092 2409 Christus
2141 2356 2295 2410 Jesus
2338 2359 2420 2423 ";
2485 2369 2539 2411 et
2588 2357 2777 2411 itermu
2828 2377 2842 2413 :
2894 2354 3054 2410 Petra
3110 2370 3286 2411 autem
3318 2366 3431 2412 erat

1851 2445 2089 2501 Christus
2117 2449 2156 2500 ι.
2204 2447 2261 2501 Si
2295 2447 2362 2501 ad
2409 2449 2568 2502 istam
2620 2458 2829 2516 petram
2880 2459 3042 2519 caput
3095 2450 3431 2519 percusseris

1852 2546 2021 2599 tuum,
2057 2539 2286 2594 scissum
2314 2549 2397 2594 est
2427 2541 2569 2610 quod
2614 2540 2828 2595 volebas
2858 2560 2871 2596 :
2916 2541 2961 2596 si
2993 2552 3171 2596 autem
3212 2542 3429 2599 confes-

1850 2646 1947 2685 sus
1975 2631 2144 2685 fueris
2178 2632 2381 2695 lumen,
2414 2631 2638 2687 habebis
2682 2634 2823 2701 quod
2857 2634 3158 2691 conﬁteris.
3194 2635 3251 2690 Si
3283 2636 3427 2690 enim

1851 2722 2076 2790 apostoli
2110 2723 2431 2791 quibusdam
2464 2724 2680 2792 quidem
2710 2724 2844 2778 odor
2873 2726 3062 2779 mortis
3095 2725 3161 2779 ad
3194 2732 3424 2779 mortem

1852 2822 1998 2877 sunt,
2026 2812 2350 2881 quihusdam
2387 2824 2564 2867 autem
2611 2815 2745 2866 odor
2788 2816 2910 2868 vitae
2944 2814 3011 2868 ad
3049 2814 3244 2878 vitam;
3280 2814 3324 2868 si
3355 2814 3430 2868 illi

1851 2902 1943 2970 qui
1985 2917 2079 2968 per
2118 2901 2391 2957 Christum
2437 2905 2516 2958 sal
2562 2913 2709 2962 sunt.
2756 2914 2807 2957 et
2860 2906 2951 2975 qui
3006 2921 3101 2975 per
3157 2905 3430 2961 Christum

1854 2993 2136 3046 luminaria
2171 2993 2497 3058 eﬁlciuutur,
2537 2996 2603 3048 ad
2645 3007 2871 3049 mortem
2919 3005 2973 3051 et
3020 2998 3087 3051 ad
3131 2996 3297 3055 vitam
3346 2998 3433 3051 his

1853 3086 1943 3155 qui
1983 3086 2209 3140 credunt
2235 3097 2289 3140 et
2318 3088 2408 3157 qui
2456 3104 2559 3141 non
2608 3090 2837 3144 credunt
2885 3089 3198 3144 habentur:
3230 3101 3434 3159 quanto

1857 3178 2026 3247 magis
2063 3179 2106 3232 is
2147 3180 2237 3246 qui
2280 3180 2501 3233 donavit
2549 3181 2663 3235 haec
2706 3182 3015 3236 hominibus
3049 3182 3337 3237 Christus?
3375 3182 3434 3236 Si

1852 3270 1989 3338 quis,
2038 3269 2232 3339 inquit,
2287 3286 2374 3323 vos
2414 3286 2516 3323 non
2564 3272 2869 3341 susceperit,
2930 3284 3171 3327 exeuntes
3211 3274 3435 3328 excutite

1855 3363 2115 3426 pulverem
2157 3370 2220 3415 de
2259 3364 2476 3432 pedibus
2506 3364 2687 3417 vestris
2729 3380 2749 3418 .°
2790 3364 3117 3420 tolerabilius
3155 3366 3292 3420 enim
3331 3367 3435 3420 erit

1856 3462 2010 3507 terrm
2057 3454 2412 3509 Sodomorum
2445 3458 2499 3508 in
2543 3457 2625 3509 die
2657 3456 2868 3524 iudicii,
2911 3475 3069 3529 quam
3107 3460 3303 3513 civitatt
3352 3459 3435 3513 illi

1853 3561 1969 3613 qua:
1986 3562 2069 3597 vos
2100 3562 2201 3598 non
2228 3547 2445 3614 suscipit
2475 3547 2563 3615 qui
2590 3562 2621 3599 a
2652 3563 2732 3599 me
2763 3548 2909 3601 missi
2939 3550 3063 3602 estis
3093 3550 3131 3602 '.
3162 3551 3217 3603 Si
3254 3561 3433 3607 autem

1856 3638 1978 3705 quis
2003 3637 2175 3705 ipsqu
2210 3653 2314 3691 non
2342 3639 2641 3706 susceperit
2666 3640 2941 3693 Christum
2978 3658 2990 3693 :
3032 3644 3158 3708 quid
3196 3642 3241 3695 si
3267 3646 3432 3697 etiam

1860 3744 1963 3782 non
1992 3728 2163 3782 solum
2196 3744 2300 3781 non
2333 3730 2657 3797 susceperit,
2683 3732 2777 3786 sed
2818 3733 3132 3788 interimere
3167 3735 3439 3791 voluerit?

1857 3820 1900 3873 si
1922 3835 2087 3874 ausus
2117 3822 2237 3889 quis
2276 3820 2436 3873 fuerit
2460 3821 2660 3879 dicere.
2690 3823 2813 3890 quia
2851 3823 2967 3876 sine
2993 3822 3127 3878 Filio
3158 3836 3242 3879 est
3266 3824 3430 3891 Deus,

1855 3920 1948 3964 aut
1977 3912 2099 3979 quia
2156 3912 2272 3964 sine
2317 3910 2479 3965 Patre
2526 3922 2611 3964 est
2660 3911 2870 3966 Filius?
2923 3912 3047 3967 llaec
3096 3914 3240 3968 enim
3288 3930 3435 3971 nunc

1856 4001 2074 4069 quidam
2121 4000 2524 4054 calumniantur
2566 4004 2833 4065 dicentes,
2882 4004 3008 4073 quia
3042 4004 3156 4073 ipse
3198 4007 3301 4061 sibi
3351 4016 3436 4064 est

1857 4090 2038 4153 Pater,
2075 4090 2189 4159 ipse
2216 4100 2301 4144 est
2329 4101 2381 4143 et
2408 4090 2595 4155 Filius,
2627 4102 2681 4146 et
2702 4108 2809 4146 non
2851 4104 2935 4147 est
2974 4092 3165 4152 Filius.
3203 4095 3259 4152 Si
3289 4097 3433 4152 enim

1854 4181 2018 4236 Pater
2043 4184 2151 4253 ipse
2176 4183 2278 4237 sibi
2316 4194 2399 4237 est
2428 4194 2612 4253 pater,
2659 4202 2762 4238 non
2795 4197 2881 4239 est
2928 4185 3108 4253 Pater,
3155 4191 3281 4258 quia
3321 4191 3439 4258 ipso

1855 4274 1955 4328 sibi
2007 4285 2061 4327 et
2114 4276 2255 4328 tilius
2315 4286 2414 4335 est,
2465 4288 2521 4329 ut
2559 4278 2727 4330 aiunt.
2774 4277 3032 4332 Ludimus
3079 4279 3134 4332 in
3182 4280 3425 4337 divinis:

1857 4361 2247 4416 irrationabilia
2274 4364 2417 4415 enim
2456 4364 2559 4417 ista
2591 4378 2656 4417 ne
2687 4364 2902 4433 quidem
2930 4365 3081 4435 parvi
3113 4368 3434 4436 suscipiunt.

2094 4469 2226 4509 sane
2263 4457 2605 4510 sermonibus
2643 4471 2805 4509 unum
2848 4455 3224 4511 brevissimmn
3258 4458 3437 4513 infau-

1864 4555 1969 4597 tem
2012 4545 2302 4615 interroga,
2333 4548 2421 4615 qui
2459 4549 2631 4617 prima
2670 4556 2855 4616 utpote
2906 4564 3036 4603 voce
3073 4549 3437 4618 qualitercun-

1858 4653 1964 4706 que
1990 4639 2219 4705 cmperit
2260 4639 2427 4710 loqui,
2464 4652 2518 4695 et
2546 4644 2707 4698 dicito
2728 4645 2813 4698 ei;
2843 4643 3003 4698 Pater
3031 4653 3154 4697 tuus
3193 4644 3281 4696 ubi
3319 4646 3439 4699 est?

1857 4731 1965 4782 Aut
1999 4730 2137 4783 sicut
2166 4744 2570 4786 consueverunt
2618 4734 2860 4789 infantes
2900 4745 3108 4805 patrem
3157 4733 3433 4803 appellare

1858 4828 1904 4879 si
1946 4827 2298 4895 semetipsum
2346 4830 2677 4891 ostenderit,
2738 4834 2918 4899 arguit
2971 4846 3059 4884 me
3112 4831 3292 4886 iulans
3334 4852 3348 4888 :
3393 4834 3437 4886 si

1858 4929 2038 4972 autem
2076 4921 2334 4989 parvulus
2365 4921 2547 4974 statim
2586 4930 2645 4974 ut
2675 4920 2841 4976 fuerit
2877 4922 3240 4994 interrogatus
3275 4926 3437 4981 intel-
3497 4990 3510 5004 '

1860 5012 2056 5067 lexerit
2090 5016 2217 5083 quid
2249 5015 2449 5083 quaeris
2493 5014 2560 5069 ab
2591 5028 2677 5079 eo,
2713 5029 2837 5069 eum
2886 5015 2975 5083 qui
3025 5031 3085 5070 se
3124 5018 3310 5087 genuit
3343 5033 3435 5072 os-
3507 5034 3521 5063 ι

1866 5112 2038 5167 tendit
2070 5130 2084 5173 ;
2121 5110 2243 5164 vide
2287 5106 2416 5179 quid
2464 5107 2641 5161 audis.
2698 5107 2832 5162 Cum
2886 5119 3067 5162 autem
3117 5110 3437 5165 benedictus
3518 5099 3525 5109 ’

1856 5206 2049 5269 Filius,
2084 5212 2273 5258 tenens
2302 5215 2521 5271 panem,
2564 5200 2707 5254 levat
2734 5216 2926 5255 manus
2952 5217 3077 5255 suas
3106 5218 3344 5266 sursum,
3379 5211 3435 5257 ut

1858 5310 2004 5355 tuam
2042 5310 2276 5367 mentem
2307 5297 2373 5350 ad
2402 5310 2524 5351 eum
2560 5298 2650 5363 qui
2683 5310 2742 5351 se
2772 5297 2956 5365 genuit
2989 5296 3235 5359 estollat,
3274 5311 3434 5352 nosce

1855 5394 2093 5457 Patrem,
2128 5402 2182 5445 et
2207 5404 2357 5444 cessa
2402 5404 2601 5459 negare
2635 5387 2853 5442 Filium.
2890 5388 2945 5443 Si
2990 5388 3154 5459 igitur
3184 5388 3440 5459 Unigeni-

2110 5505 2156 5537 "
2184 5504 2200 5558 Ι
2227 5503 2354 5559 Cor.
2398 5519 2477 5569 ιιι,
2503 5504 2561 5559 Η
2697 5505 2714 5536 ¹
2745 5506 2766 5557 Ι
2792 5502 2916 5558 Cor.
2963 5518 3020 5567 ι,
3044 5506 3101 5556 ι.
3201 5504 3223 5539 ³
3246 5502 3438 5562 Matth.

1926 5672 2004 5743 (1)
2041 5669 2138 5727 Ms.
2165 5669 2248 5725 Ne
2266 5670 2574 5742 exstinguas
2605 5670 2697 5724 tibi
2722 5668 2917 5724 lumen.

2996 5826 3075 5888 35
