3810 6218
413 318 563 374 ’10δῖ
1105 312 1384 366 ἰίλιδιςιιιι
1423 311 1903 366 ιιΑςδΑιιιιιΝδιδ
1942 310 2093 362 Ul’l’.
2136 306 2314 362 PARS
2353 307 2440 364 I'V.
2475 339 2543 352 —
2581 307 3009 365 DOGM'ATICA.
3555 304 3692 363 ιιισε

424 443 517 491 tus
537 431 670 488 dicit
705 449 719 486 :
757 429 946 495 Pater,
964 429 1169 501 gratias
1207 448 1306 502 ago
1349 431 1470 496 tibi,
1513 432 1641 503 quia
1688 447 1889 500 semper
1932 446 2010 483 me
2039 432 2086 489 Α
2112 429 2291 484 omnis
2315 430 2504 486 beatus
2528 429 2698 496 audit,
2724 429 2849 488 inde
2879 439 2936 483 et
2967 442 3066 483 nos
3097 425 3336 483 universi
3383 425 3689 482 audiemus.

423 524 688 581 exaudiui
717 539 736 576 :
764 523 855 576 sed
882 532 1090 592 propter
1110 523 1532 577 circumstantem
1566 523 1816 592 populum
1842 522 2002 576 istum
2106 522 2149 576 A
2181 522 2321 577 Filio
2347 523 2481 578 nihil
2521 523 2704 578 audiat
2751 537 2970 590 sponsa,
3010 522 3153 590 quod
3201 534 3309 575 non
3364 528 3452 573 est
3509 519 3690 588 sponsi

423 617 565 681 dico,
596 624 653 670 ut
682 614 900 669 credant
930 615 1056 683 quia
1085 623 1141 667 tu
1181 629 1262 668 me
1293 613 1484 668 misisti
1510 614 1551 668 ³.
1595 613 1701 669 Ista
1732 613 2001 682 interpre-

427 709 631 762 tatione
675 721 781 761 non
824 704 1110 776 indigent:
1137 713 1194 760 et
1223 704 1474 760 sedemus
1502 712 1562 760 ut
1616 703 1904 768 insensati,
1949 711 2006 757 et

424 797 685 854 ludimus.
740 797 876 853 Num
943 797 1296 868 semetipsum
1363 797 1552 868 genuit
1614 795 1816 852 Pater?
1872 809 2003 848 num

424 889 778 960 semetipsum
827 890 1021 946 misit?
1053 905 1182 944 num
1209 889 1558 959 semetipsum
1590 895 1731 953 orat,
1775 895 1830 942 et
1874 886 2006 942 sibi-

423 982 638 1053 metipsi
665 981 868 1054 gratias
903 982 1031 1054 agit,
1071 991 1128 1036 et
1188 981 1304 1052 ipse
1345 979 1449 1037 sibi
1500 990 1586 1037 est
1625 979 1819 1047 Filius,
1876 979 1996 1051 ipse

424 1073 527 1130 sibi
566 1083 649 1129 est
679 1073 944 1143 pontifex,
977 1075 1092 1144 ipse
1148 1073 1251 1129 sibi
1281 1083 1364 1129 est
1394 1087 1586 1144 agnus,
1625 1071 1740 1144 ipse
1776 1071 1879 1127 sibi
1908 1079 1998 1126 est

425 1165 539 1228 via,
563 1164 678 1234 ipse
711 1166 812 1220 sibi
881 1175 966 1221 est
1006 1164 1209 1237 ianua?
1257 1165 1324 1220 Et
1366 1165 1486 1235 quis
1521 1166 1657 1231 haec,
1691 1163 1905 1220 etiamsi
1934 1165 2006 1218 sit

415 1257 929 1326 ‘insipientissimus,
981 1259 1257 1330 patietur?
1307 1258 1441 1312 Num
1493 1272 1601 1312 una
1657 1271 1761 1311 vox
1820 1265 1903 1311 est
1946 1265 2004 1310 ut

423 1350 938 1418 clrcumveuiamus,
974 1367 1075 1405 una
1115 1359 1198 1407 est
1221 1351 1397 1406 littera
1427 1360 1485 1405 ut
1517 1349 1830 1406 deleamus?
1864 1347 2004 1404 Dicit

423 1441 570 1496 enim
621 1442 814 1497 iterum
873 1442 1190 1497 Dominussz
1232 1442 1371 1498 Ecce
1425 1458 1518 1512 ego
1572 1442 1735 1514 diligo
1787 1439 2004 1496 Patrem

426 1547 599 1586 meum
623 1531 666 1597 ⁸,
700 1549 791 1602 ego
825 1533 1022 1587 honoro
1063 1532 1278 1587 Patrem
1304 1549 1476 1587 meum
1500 1534 1543 1597 ⁸,
1586 1517 1881 1602 ορεναὶιιιω
1910 1547 2002 1601 ego

426 1625 566 1693 facio
586 1625 676 1680 ille
695 1626 844 1695 facit,
880 1624 1044 1680 Pater
1082 1642 1226 1680 meus
1266 1626 1505 1695 quotidie
1534 1634 1790 1693 operatur
1828 1634 1876 1679 et
1909 1641 2002 1694 ego

405 1731 614 1784 -operor
640 1717 682 1779 ⁸,
712 1716 758 1768 si
792 1717 1003 1769 creditis
1033 1716 1087 1769 in
1115 1715 1280 1770 Deum
1312 1727 1360 1769 et
1389 1717 1444 1770 in
1480 1732 1562 1770 me
1603 1716 1836 1781 creditis,
1868 1715 2002 1770 vado

2106 614 2211 668 sui.
2245 613 2302 668 Si
2333 614 2546 685 quidem
2578 630 2682 668 non
2710 613 2836 669 licet
2876 627 3087 682 sponsa:
3119 612 3350 667 alienam
3405 613 3693 681 suscipere

2107 704 2162 759 in
2209 704 2428 759 auribus
2469 720 2690 768 vocem,
2724 706 2888 760 etiam
2923 705 2970 760 si
2993 703 3200 759 ‘Paulus
3254 706 3421 759 dicat.
3482 704 3596 759 Sed
3638 716 3694 757 ut

2105 810 2211 850 non
2238 795 2508 852 dubitaret
2532 811 2729 865 sponsa
2765 796 2834 852 de
2883 795 3073 863 Paulo,
3110 797 3188 851 ait
3220 797 3334 867 ipse
3368 816 3382 852 :
3421 795 3510 852 An
3537 813 3696 866 expe-

2104 887 2381 942 rimeritum
2395 889 2638 958 quaeritis
2660 889 2773 957 ejus
2792 889 2884 956 qui
2909 890 2964 941 in
2993 904 3073 941 me
3090 887 3596 954 loquitur'Christus
3623 888 3697 942 ιη

2099 980 2436 1052 Desponsavi
2466 982 2609 1036 enim
2641 995 2764 1049 vos,
2807 981 2999 1052 inquit,
3039 983 3154 1036 viro
3193 982 3317 1046 uni;
3353 997 3462 1037 non
3495 991 3687 1036 tamen

2105 1075 2324 1145 populo,
2381 1073 2476 1130 sed
2537 1074 2630 1128 uni
2691 1074 2968 1145 unigenito
3027 1088 3133 1128 una
3184 1088 3404 1144 sponsa.
3457 1073 3694 1128 Amicus

2105 1166 2249 1221 enim
2301 1165 2485 1237 sponsi
2533 1165 2621 1221 ille
2656 1176 2741 1221 est
2771 1166 2860 1236 qui
2885 1166 3094 1237 gaudet
3120 1167 3187 1222 de
3236 1182 3438 1238 sponsa
3472 1168 3691 1236 sponsi.

2104 1256 2222 1313 Non
2245 1266 2329 1313 est
2358 1257 2520 1312 vidua
2553 1266 2740 1313 saneta
2774 1258 3035 1314 Ecclesia.
3077 1257 3223 1314 Vivit
3262 1259 3408 1314 enim
3455 1260 3548 1329 qui
3594 1275 3698 1329 pro

2103 1349 2217 1420 ipsa
2247 1357 2330 1404 est
2369 1359 2639 1405 mortuus.
2693 1350 2877 1421 Angeli
2918 1366 3025 1405 non
3073 1363 3357 1408 mortuum
3409 1354 3695 1410 adorant:

2103 1439 2199 1494 sed
2222 1439 2327 1494 vita
2353 1449 2491 1505 erat,
2531 1448 2670 1505 erat,
2693 1432 2832 1507 erat,
2856 1451 2911 1496 et
2938 1451 3042 1507 est,
3079 1453 3135 1496 et
3170 1458 3274 1497 non
3324 1453 3510 1499 cessat
3545 1458 3694 1499 esse.

2102 1520 2470 1601 Neque'euim
2495 1533 2660 1601 coepit
2684 1545 2716 1586 a
2747 1532 3116 1602 temporibus;
3152 1547 3328 1603 neque
3361 1535 3606 1588 cessavit
3641 1534 3695 1588 in

2104 1622 2300 1678 saecula
2347 1623 2449 1696 (εὖ).
2501 1622 2743 1693 Regnum
2792 1625 2937 1679 enim
2990 1623 3105 1693 eius
3137 1641 3240 1680 non
3285 1626 3450 1681 habet
3483 1627 3695 1688 ﬁnem;

2107 1716 2235 1787 quia
2269 1731 2374 1772 non
2403 1717 2699 1788 temporale
2738 1718 3020 1788 imperium
3065 1716 3182 1786 eius
3215 1727 3318 1785 εει,
3361 1720 3462 1774 sed
3499 1735 3702 1790 perpe.

406 1810 496 1861 'ad
528 1806 740 1861 Patrem
781 1824 952 1861 meum
977 1808 1020 1864 ".
1045 1806 1260 1862 Gratias
1295 1807 1426 1878 agit,
1457 1816 1599 1872 orat,
1643 1807 1783 1863 viam
1809 1816 2007 1862 semet-
2036 1783 2079 1839 Β
2109 1817 2280 1863 ιιιιιιιι.
2328 1807 2562 1879 Tempus
2594 1810 2741 1865 enim
2784 1810 3332 1877 resurrectionisest,
3375 1820 3430 1866 et
3473 1820 3699 1884 tempus

409 1898 598 1967 ipsum
627 1908 806 1965 vocat,
843 1908 902 1952 ut
937 1914 1202 1969 agnoscas
1238 1899 1305 1954 ad
1336 1914 1497 1969 quem
1543 1899 1694 1956 vadis
1727 1918 1740 1955 :
1776 1899 2001 1970 ianuam

404 1993 773 2060 ‘setnetipsum
801 1991 932 2044 dicit
959 1999 1005 2054 ε,
1036 2000 1096 2045 ιιι
1119 2005 1383 2060 agnoscas
1423 1991 1490 2045 ad
1526 2005 1682 2061 quem
1724 1990 1996 2062 ingredie-

420 2085 503 2138 ris
541 2102 555 2137 :
589 2083 776 2150 Pater,
804 2083 1001 2152 inquit,
1032 2100 1176 2137 meus
1208 2083 1442 2153 agricola
1467 2091 1566 2150 est,
1599 2094 1646 2138 et
1669 2100 1760 2154 ego
1787 2085 1903 2138 uitis
1931 2085 1954 2116 ’
1983 2101 2000 2141 :

407 2176 550 2230 ‘vitis
591 2184 646 2229 et
697 2176 934 2245 agricola
975 2191 1116 2230 unus
1172 2177 1289 2230 est?
1343 2173 1495 2231 Hanc
1540 2177 2000 2247 comparationem

425 2267 682 2323 Dominus
709 2268 865 2335 dixit,
902 2277 960 2322 ut
993 2283 1062 2323 ne
1089 2268 1210 2338 quis
1234 2283 1319 2324 me
1353 2269 1730 2338 reprehendat.
1766 2267 1879 2339 Ego
1903 2283 2001 2322 au-

412 2368 530 2414 tem
575 2361 696 2414 volo
721 2369 779 2414 ut
808 2376 894 2416 me
931 2363 1145 2430 quidem
1194 2375 1383 2416 omnes
1421 2362 1670 2418 homines
1709 2361 2003 2430 reprehen-

411 2451 553 2504 “dant
585 2469 598 2504 :
633 2465 732 2519 ego
771 2461 953 2504 autem
1003 2449 1169 2504 volo:
1215 2451 1427 2506 Domini
1476 2463 1658 2505 autem
1691 2449 2002 2505 custodiant

418 2541 607 2596 verba.
643 2541 893 2594 Descendi
925 2540 989 2592 de
1028 2541 1154 2593 caelo
1195 2548 1254 2593 ut
1289 2541 1484 2609 faciam
1521 2540 1842 2595 voluntatem
1884 2541 1998 2607 ejus

419 2632 514 2701 qui
552 2647 633 2685 me
663 2631 802 2684 misit
822 2631 874 2662 “°
900 2650 916 2684 τ
947 2629 1182 2686 obedivit
1225 2639 1401 2685 autem
1426 2645 1598 2700 usque
1646 2631 1712 2684 ad
1746 2641 1995 2687 mortem.

421 2720 534 2776 Sed
572 2722 699 2789 quid
751 2737 894 2776 nunc
931 2737 1065 2789 opus
1094 2731 1178 2777 est
1206 2720 1398 2776 Pauli?
1437 2737 1742 2791 quanquam
1773 2731 1825 2776 et
1856 2719 1999 2774 Pau-

408 2811 508 2866 ‘lus
537 2827 645 2865 non
675 2813 988 2868 testimonio
1017 2828 1117 2868 suo
1146 2814 1326 2882 dicat;
1371 2822 1546 2868 tamen
1581 2815 1704 2883 quia
1746 2815 1862 2885 ipse
1893 2813 2000 2868 Do-

421 2906 600 2959 minus
640 2920 743 2959 non
785 2906 1022 2970 auditur,
1064 2915 1123 2960 ut
1152 2906 1281 2975 quid
1317 2906 1382 2960 de
1421 2906 1732 2962 domesticis
1761 2907 1877 2976 ejus
1914 2915 2000 2960 est

411 2998 644 3052 sermo?
673 2998 760 3050 Vis
794 3013 923 3052 sane
954 2998 1221 3052 honorare
1248 2996 1466 3062 Filium,
1501 3009 1558 3050 ut
1592 2999 1704 3052 vult
1742 2999 1852 3063 ille,
1890 3013 1995 3052 non

423 3100 481 3142 ut
506 3098 559 3142 tu
586 3089 683 3143 vis.
706 3088 837 3141 Num
862 3089 906 3143 si
934 3089 1139 3143 dixeris
1163 3104 1264 3142 non
1296 3099 1396 3152 est,
1425 3090 1723 3154 bonorasti,
1749 3091 1792 3144 si
1823 3091 1990 3144 inter-

409 3182 620 3234 emeris
664 3195 822 3249 quem
875 3195 980 3233 non
1048 3189 1336 3248 potuerunt
1386 3179 1590 3235 Judaei?
1632 3180 1800 3236 Judaei
1851 3185 1994 3236 enim

409 3271 558 3325 ‘fubri
584 3271 748 3324 lilium
796 3287 918 3326 eum
961 3279 1306 3340 putaverunt,
1335 3283 1388 3325 et
1419 3281 1477 3325 ut
1509 3271 1648 3326 fabri
1700 3273 1867 3326 lilium
1914 3273 1998 3328 in-

412 3363 785 3428 ‘terlecerunt;
845 3373 897 3416 tu
937 3372 1008 3417 'ut
1057 3361 1252 3417 Filium
1306 3363 1396 3416 Dei
1449 3361 1738 3418 interﬁcis.
1789 3362 1895 3417 Sed
1938 3374 1994 3418 ιιι

420 3455 691 3520 morieris,
735 3471 839 3508 non
878 3453 984 3509 ille.
1022 3455 1139 3510 Non
1169 3454 1311 3511 enim
1357 3468 1422 3508 ex
1459 3455 1545 3509 bis
1579 3469 1698 3524 qua:
1752 3464 1810 3511 tu
1839 3456 1994 3520 dicis,

420 3547 512 3598 ille
542 3561 650 3599 non
693 3555 774 3600 est
810 3559 825 3598 :
857 3546 950 3600 sed
995 3561 1062 3600 ex
1112 3546 1192 3600 his
1223 3545 1342 3614 qua:
1382 3561 1485 3599 non
1529 3547 1726 3613 credis,
1776 3557 1829 3602 tu
1889 3562 1996 3602 non

420 3640 547 3692 eris.
572 3637 706 3704 Qua:
749 3640 951 3708 scripta
1001 3649 1126 3694 sunt
1157 3639 1343 3705 dicito,
1375 3646 1432 3694 et
1461 3639 1872 3710 derelinquetur
1901 3640 1990 3696 lis.

419 3729 534 3784 Non
572 3739 837 3784 meum-et
873 3740 1044 3796 tuum,
1077 3731 1170 3785 sed
1212 3746 1331 3800 qua:
1374 3731 1679 3786 communia
1725 3741 1850 3787 sunt
1891 3732 1993 3786 Ec-

417 3822 614 3876 clesiae.
651 3822 782 3887 Quis
804 3823 946 3874 enim
991 3829 1043 3875 te
1069 3819 1310 3890 iudicat?
1340 3821 1469 3889 quid
1510 3821 1680 3876 habes
1712 3822 1854 3891 quod
1885 3837 1994 3877 non

418 3913 710 3979 accepisti?
744 3910 859 3964 Non
892 3912 991 3964 ista
1013 3918 1095 3964 est
1125 3925 1224 3965 vox
1263 3909 1414 3965 Pauli
1439 3909 1530 3980 qui
1562 3909 1640 3965 ait
1670 3927 1684 3964 :
1725 3909 1812 3964 Ex
1845 3922 1996 3980 parte

418 4003 772 4071 agnoscimus,
808 4011 858 4055 et
889 3995 953 4055 ea:
983 4013 1131 4070 parte
1166 4002 1536 4070 prophetarum
1577 4002 1662 4056 “7
1710 4000 1836 4057 Haec
1863 4002 1996 4057 dixit

420 4093 636 4159 Paulus,
680 4109 745 4147 ne
790 4107 920 4148 sane
970 4093 1115 4146 solus
1156 4101 1438 4161 putaretur
1486 4106 1552 4147 ex
1592 4101 1768 4162 parte,
1817 4094 1912 4148 sed
1941 4103 1996 4146 et

418 4185 668 4253 Apostoli
703 4201 822 4238 cum
848 4186 964 4253 ipso
994 4184 1083 4254 qui
1120 4187 1216 4249 ait,
1237 4201 1384 4240 nunc
1402 4185 1638 4240 uidemus
1681 4201 1774 4256 per
1807 4202 1997 4256 specu-

417 4277 527 4329 lum
567 4276 630 4330 ".
659 4275 762 4328 Sed
795 4275 993 4328 Paulus
1025 4289 1120 4343 per
1152 4275 1470 4342 speculum;
1503 4285 1556 4330 tu
1583 4286 1767 4331 autem
1797 4289 1851 4332 et
1873 4277 1994 4332 istic

418 4371 526 4437 iam
546 4369 622 4423 vis
668 4367 805 4422 facie
833 4369 899 4422 ad
919 4367 1110 4423 faciem
1137 4383 1314 4423 nosse.
1343 4367 1811 4434 Quemadmodum
1863 4382 1995 4424 sane

417 4475 540 4514 eum
559 4459 823 4513 interimis
841 4472 1000 4526 quem
1027 4457 1196 4511 vides.
1225 4455 1347 4510 Haec
1366 4455 1510 4525 (2-5)
1531 4456 2004 4527 videbamusjsem-

419 4569 515 4622 per
534 4567 564 4605 ιι
593 4553 751 4606 beato
773 4549 865 4606 illo
886 4551 1024 4605 viro.
1057 4547 1212 4619 Saepe
1227 4549 1370 4603 enim
1392 4547 1710 4603 dicebantur
1749 4552 1815 4603 ab
1834 4556 1918 4617 eo,
1941 4565 1999 4608 ut

417 4645 634 4714 quidam
662 4644 1071 4712 suspicarentur
1111 4656 1206 4697 ore
1237 4640 1450 4712 quidem
1487 4655 1585 4697 suo
1608 4642 1706 4697 ista
1727 4646 1997 4713 proferre,

417 4739 583 4792 Corde
608 4747 785 4792 autem
814 4736 973 4790 aliter
1000 4736 1219 4789 habere.
1267 4732 1337 4787 Et
1388 4733 1604 4802 quidem
1660 4751 1870 4792 memor
1907 4753 1999 4792 vo-

423 4829 509 4884 bis
538 4844 658 4883 sum
688 4828 905 4882 audisse
935 4841 1022 4882 me
1060 4827 1219 4881 abeo
1255 4834 1445 4881 sancto
1496 4827 1651 4883 nobis
1687 4825 1998 4896 iuramento

420 4920 778 4986 satisfecisse,
805 4922 931 4990 quia
956 4934 1061 4975 non
1092 4918 1234 4974 aliud
1266 4919 1322 4972 in
1357 4919 1561 4989 lingua,
1597 4928 1652 4974 et
1685 4919 1828 4973 aliud
1856 4932 2000 4976 esset

421 5019 475 5073 in
511 5017 676 5073 corde
703 5016 852 5086 ejus;
887 5014 982 5069 sed
1016 5012 1181 5068 corde
1219 5010 1436 5080 quidem
1469 5011 1709 5065 creditur
1733 5012 1799 5064 ad
1831 5011 1995 5082 justi-

421 5105 571 5169 tiam,
592 5118 686 5158 ore
706 5113 886 5156 autem
917 5101 1206 5156 conﬁtetur
1241 5101 1306 5154 ad
1330 5101 1558 5155 salutem
1601 5117 1616 5156 :
1656 5102 1797 5156 unde
1831 5102 1995 5173 igitur

493 5221 512 5250 ³
534 5220 691 5277 Joan.
720 5235 794 5283 xl,
825 5219 915 5284 il,
949 5219 1039 5272 42.
1109 5219 1130 5250 ⁸
1167 5217 1323 5272 Joau.
1353 5235 1464 5284 xtv,
1487 5219 1576 5274 51.

421 5305 477 5352 x,
513 5291 567 5344 9.
677 5291 697 5321 ’
730 5291 883 5345 Joan.
926 5305 1016 5355 xv,
1060 5290 1108 5344 1.
1216 5290 1258 5320 ¹⁰
1292 5289 1448 5344 Joau.
1486 5306 1561 5357 γι,
1591 5291 1682 5346 58.

419 5375 540 5426 vtu,
572 5361 659 5415 i5.

491 5471 630 5541 (lt-'5)
666 5470 795 5525 Hcce
835 5473 1157 5534 videbamus,
1198 5483 1302 5528 etc.
1347 5474 1511 5528 Henr.
1547 5473 1792 5529 Valesius
1818 5473 1944 5543 legit
1974 5492 1989 5531 :

420 5536 554 5593 Hcce
580 5536 920 5595 audiebamus
943 5560 1144 5611 semper
1176 5561 1205 5596 a
1231 5546 1380 5597 beato
1405 5545 1495 5597 illo
1527 5550 1657 5608 viro,
1687 5561 1825 5610 saepe
1851 5536 1991 5599 e'niut

418 5614 508 5683 ita
534 5611 837 5683 dicebantur
880 5615 944 5664 ab
996 5629 1074 5675 eo,
1117 5625 1170 5666 ut
1202 5615 1415 5683 quidam
1464 5618 1859 5683 suspicarentur
1904 5633 1991 5670 ore

418 5680 768 5749 quidemcum
803 5682 903 5733 ista
935 5683 1191 5749 proferre,
1214 5680 1323 5736 etc.

494 5747 572 5812 (ι)
603 5748 783 5813 Neque
806 5747 1042 5806 cessavit.
1069 5750 1231 5807 Forte
1273 5769 1433 5818 neque
1460 5753 1703 5808 cessabit.

1677 5221 1698 5252 ⁸
1728 5218 1882 5274 Joan.
1917 5236 2032 5286 vm,
2076 5221 2168 5277 49.
2246 5218 2440 5274 ‘Joan.
2474 5234 2525 5282 v,
2564 5218 2648 5279 l7,
2695 5215 2784 5270 56.

1781 5291 1820 5322 ¹¹
1855 5292 1871 5345 l
1901 5291 2024 5346 Cor.
2065 5308 2185 5360 xm,
2212 5294 2264 5348 9.

2105 1899 2313 1955 salutis.
2343 1899 2460 1956 Non
2491 1901 2790 1956 moriamur
2815 1915 2965 1971 ergo,
3007 1916 3129 1956 cum
3164 1901 3426 1956 debemus
3469 1903 3689 1957 vivere.

2104 1989 2211 2046 Sed
2235 1978 2379 2046 nunc
2401 1991 2617 2062 quidem
2642 1992 2828 2062 paucis
2855 1992 2925 2047 ob
2948 1993 3273 2048 memoriam
3320 2002 3376 2048 et
3411 1993 3691 2049 honorem

2102 2081 2280 2138 Patris
2307 2083 2450 2138 illius
2483 2084 2676 2149 nostri,
2714 2084 2788 2138 ita
2825 2084 2976 2149 boni,
3015 2085 3089 2139 ita
3135 2083 3423 2149 laboriosi,
3481 2096 3538 2141 et
3592 2102 3696 2157 pro

2103 2167 2359 2230 Ecclesiis
2387 2173 2589 2242 ubique
2609 2173 2866 2244 vigilante
2892 2173 2973 2244 (5)
3003 2175 3145 2229 dicta
3190 2176 3300 2229 sint
3355 2176 3544 2230 nobis.
3592 2175 3696 2230 Ne-

2101 2282 2208 2338 que
2233 2267 2375 2323 enim
2403 2266 2618 2338 generis
2653 2264 2804 2334 eius:
2829 2267 3144 2322 memoriam
3193 2268 3448 2334 fecimus,
3513 2284 3699 2340 neque

2101 2360 2457 2426 educationis,
2504 2368 2598 2412 aut
2652 2358 3000 2426 eruditionis,
3057 2370 3151 2414 aut
3199 2361 3427 2416 alterius
3483 2359 3616 2415 vita:
3644 2370 3699 2414 et

2105 2451 2387 2524 propositi.
2421 2448 2866 2505 Sullicienlenim
2907 2450 2962 2505 in
3005 2451 3242 2508 Ecclesia
3281 2452 3372 2506 Dei
3409 2452 3482 2507 de
3527 2451 3699 2506 Patre

2103 2554 2160 2598 et
2198 2541 2336 2597 Filio
2382 2542 2526 2610 loqui
2588 2541 2685 2612 (6).
2733 2541 2904 2612 Loqui
2960 2543 3158 2613 quippe
3197 2543 3458 2611 dicibilia,
3511 2553 3698 2600 tacere

2101 2643 2278 2688 autem
2319 2646 2438 2702 quae
2460 2633 2671 2689 occulta
2719 2643 2864 2688 sunt.
2901 2632 3238 2704 Tinguamur
3278 2634 3482 2689 fratres
3518 2635 3576 2689 in
3616 2636 3700 2689 his

2097 2740 2220 2794 qua:
2252 2725 2304 2780 in
2330 2725 2625 2794 Scripturis
2675 2726 2874 2794 scripta
2915 2739 3067 2791 sum,
3109 2742 3212 2781 non
3254 2735 3311 2781 ut
3356 2741 3554 2781 vacua:
3605 2726 3698 2781 lit-

2102 2825 2231 2870 tera:
2258 2817 2642 2886 prophetarum
2675 2825 2734 2870 ut
2761 2816 2986 2871 ludazis.
3011 2817 3089 2871 Illi
3114 2818 3260 2873 enim
3300 2819 3602 2873 adversum
3636 2834 3697 2872 se

2100 2907 2316 2978 legunt;
2352 2906 2590 2976 legentes
2628 2907 2773 2961 enim
2807 2905 3016 2962 litteras
3060 2917 3116 2962 et
3163 2923 3268 2962 non
3316 2909 3692 2977 suscipientes

2100 3001 2380 3069 negotium
2407 3014 2473 3054 ex
2512 2999 2594 3053 his
2622 2999 2817 3069 quibus
2862 2999 3165 3071 legunt(7),
3192 3001 3524 3070 semetipsos
3561 3017 3694 3056 con~

2023 3121 2068 3180 α
2101 3095 2356 3148 demnant
2377 3091 2466 3160 qui
2503 3101 2787 3145 excusant.
2831 3089 3020 3147 Videte
3048 3106 3116 3145 ne
3161 3093 3442 3162 patiamur
3473 3107 3539 3146 ea
3569 3109 3693 3165 qua

2102 3183 2302 3238 Judaeis
2342 3183 2708 3252 increpamus.
2749 3182 2806 3237 Si
2850 3184 2994 3238 enim
3039 3184 3269 3240 dicimus
3312 3183 3542 3251 Filium,
3591 3201 3698 3238 non

2101 3273 2424 3329 confitemur
2460 3284 2639 3328 autem
2669 3273 2886 3338 Filium,
2914 3285 2968 3330 et
2994 3275 3036 3329 si
3066 3275 3414 3344 agnoscimus
3445 3274 3698 3338 Patrem,

2100 3378 2417 3433 spernamus
2456 3375 2635 3418 autem
2682 3364 2931 3430 Patrem;
2977 3364 3070 3418 illa
3114 3365 3228 3435 ipsa
3273 3381 3393 3436 qua
3429 3366 3698 3433 legimus.

2107 3456 2223 3528 ipsa
2256 3457 2410 3512 nobis
2438 3457 2495 3512 in
2545 3458 2631 3512 die
2653 3455 2841 3526 iudicii
2883 3456 3130 3527 legentur
3164 3456 3232 3510 ad
3269 3457 3698 3511 condemnatio-

2113 3566 2258 3606 nem.
2290 3550 2423 3606 Dicit
2490 3550 2633 3606 enim
2670 3548 2975 3606 Dominus:
3010 3542 3244 3613 Ego-non
3256 3544 3446 3614 judico
3492 3550 3569 3612 ιδ.
3603 3548 3700 3602 sed

2105 3657 2289 3697 sermo
2315 3656 2480 3712 quem
2543 3641 2753 3695 locutus
2801 3648 2884 3694 est
2931 3637 3051 3709 ipse
3103 3651 3227 3691 eum
3272 3635 3506 3704 iudicat.
3547 3634 3701 3689 Dixit

2102 3734 2221 3801 tibi,
2253 3735 2378 3804 quia
2412 3733 2548 3787 vado
2591 3734 2661 3788 ad
2720 3732 2934 3788 Patrem
2989 3745 3166 3786 meum
3215 3727 3360 3782 Dixit
3411 3726 3536 3791 tibi,
3568 3728 3699 3797 quia

2099 3823 2299 3877 missus
2321 3838 2350 3876 a
2378 3819 2543 3875 Patre
2580 3833 2736 3884 sum;
2762 3828 2819 3873 et
2839 3829 2894 3871 tu
2916 3816 3051 3872 dicis
3069 3816 3198 3886 quia
3222 3831 3329 3870 non
3352 3824 3437 3870 est
3459 3815 3700 3869 missus?

2098 3915 2190 3968 sed
2215 3914 2329 3983 ipse
2349 3921 2432 3967 est
2458 3911 2549 3982 qui
2576 3911 2691 3966 haec
2707 3910 2864 3976 dixit,
2885 3919 2940 3964 et
2959 3918 3086 3963 tunc
3106 3906 3366 3976 iudicabit
3389 3923 3405 3961 :
3426 3906 3578 3976 leget
3601 3909 3697 3962 tibi

2097 4004 2406 4075 Evangelia,
2424 4003 2576 4058 dabis
2596 4003 2884 4068 rationem,
2903 4001 3046 4056 dicet
3061 4015 3158 4055 cur
3181 3999 3293 4053 haec
3307 3999 3513 4068 scripta
3534 3999 3701 4053 sunt?

2099 4097 2222 4152 Haec
2248 4105 2425 4151 autem
2452 4105 2578 4149 tunc
2605 4109 2708 4149 non
2737 4093 2845 4149 dixi
2872 4107 2968 4162 per
2999 4105 3208 4148 vocem.
3230 4089 3297 4143 Et
3317 4105 3426 4160 qua
3449 4088 3600 4146 facie
3621 4091 3700 4144 vi.

2101 4189 2257 4244 debis
2300 4187 2430 4240 illud
2461 4185 2680 4240 lumen?
2709 4183 2959 4240 Contenti
2985 4183 3158 4237 simus
3180 4181 3431 4245 veritate,
3458 4193 3699 4234 excuse-

2102 4295 2220 4334 mus
2245 4278 2388 4332 lites.
2428 4276 2631 4347 Siquis
2653 4286 2831 4331 autem
2867 4285 2927 4331 et
2970 4275 3118 4329 novit
3155 4272 3362 4342 aliquid
3419 4287 3550 4325 cum
3598 4285 3698 4341 pa-

2105 4371 2289 4426 tientia
2320 4378 2375 4425 et
2414 4385 2518 4425 non
2550 4370 2617 4423 ad
2651 4365 3049 4438 instigationem
3089 4380 3209 4435 qua:
3245 4363 3411 4428 ladit,
3440 4365 3542 4417 sed
3573 4377 3699 4418 cum

2037 4471 2078 4525 D
2109 4462 2414 4517 humilitate
2458 4477 2579 4531 quae
2634 4461 2877 4530 prodest,
2929 4473 3034 4512 non
3077 4469 3137 4510 ut
3186 4455 3417 4521 inimici,
3473 4458 3576 4509 sed
3642 4464 3697 4507 ut

2105 4555 2421 4619 Christiani,
2464 4570 2570 4608 nou
2627 4563 2685 4607 ut
2737 4554 2789 4606 i-n
2838 4553 3011 4616 circo,
3067 4550 3159 4604 sed
3201 4558 3260 4601 ut
3308 4548 3360 4601 in
3421 4545 3696 4603 Ecclesia.

2114 4647 2301 4700 Ilabcs
2354 4644 2559 4715 aliquid
2605 4661 2620 4698 :
2666 4645 2818 4698 trade
2873 4658 2977 4696 non
3040 4657 3159 4695 cum
3213 4641 3328 4703 lite,
3379 4655 3489 4694 non
3541 4642 3698 4711 quasi

2107 4751 2318 4802 auctor,
2358 4738 2452 4794 sed
2495 4751 2814 4793 ammonens
2840 4749 2902 4790 ea
2934 4749 3055 4805 quae
3087 4733 3326 4787 didicisti
3376 4747 3411 4787 a
3445 4731 3693 4801 Scriptu-

2107 4833 2202 4886 ris.
2241 4830 2489 4885 Retinete
2510 4829 2647 4894 haec,
2677 4837 2732 4883 et
2763 4827 3055 4882 cessabitis
3087 4824 3251 4887 alite,
3291 4833 3345 4876 et
3384 4823 3455 4876 ab
3488 4820 3686 4877 Eccle-

2106 4923 2182 4978 sia
2222 4922 2464 4990 separari
2510 4920 2700 4975 nolite.
2753 4917 2809 4972 Si
2857 4932 2956 4987 ego
3006 4916 3195 4980 deliro,
3239 4914 3367 4982 quid
3404 4913 3474 4967 ad
3528 4914 3621 4967 te?
3652 4915 3694 4967 si

2106 5031 2207 5086 ego
2239 5014 2417 5069 aliena
2452 5012 2668 5084 loquar,
2704 5027 2788 5065 me
2812 5008 2999 5079 iudica
3032 5017 3086 5063 et
3115 5007 3340 5078 perdere
3366 5004 3501 5059 noli.
3522 5004 3689 5060 Ocea-

2102 5107 2310 5159 sionem
2341 5103 2508 5158 nolite
2550 5115 2795 5171 quazrere
2834 5099 2899 5153 ad
2948 5097 3260 5153 schismata.
3291 5094 3423 5149 Ovis
3446 5108 3573 5162 qua
3600 5108 3692 5146 ex-

2889 5212 3066 5268 7.Ioau.
3095 5226 3204 5273 xxv,
3234 5209 3286 5273 Ι,
3318 5209 3410 5264 28.
3487 5208 3512 5238 ⁸
3535 5207 3670 5262 Joan

2363 5293 2404 5322 "
2446 5279 2598 5353 lbitL,
2637 5287 2721 5340 12.
2820 5285 2862 5316 ⁸³
2886 5283 2925 5338 ιι
2952 5283 3080 5338 Cor.
3135 5297 3251 5345 xm,
3285 5281 3340 5335 5.
3449 5279 3495 5310 ⁸⁵
3527 5279 3686 5334 Joau.

2175 5472 2253 5543 (5)
2300 5471 2580 5543 Vigilante.
2611 5469 2676 5525 li.
2715 5467 2976 5543 Valesius
3001 5465 3131 5543 legit
3154 5462 3445 5543 vigilantis.

2270 5529 2622 5628 lisiSu’ﬂicit
2661 5541 2799 5594 enim
2836 5542 2890 5592 in
2930 5529 3169 5592 Ercl'esia
3203 5529 3300 5588 Dei
3339 5535 3406 5588 de
3448 5529 3608 5587 Patre
3635 5541 3682 5587 ι

2103 5614 2476 5807 ἢέἒῗιιὲῗεωιῖἱε
2519 5681 2703 5753 quibus
2733 5679 2928 5751 legunt.
2963 5676 3150 5732 Graeco
3172 5689 3346 5742 more,
3383 5689 3484 5746 pro
3513 5689 3574 5730 es
3601 5672 3681 5725 δί’

2103 5773 2213 5807 aure
2262 5765 2441 5807 caunt.

2097 5773 2213 5817 quis
2242 5765 2441 5816 lcqunt.
