3810 6218
209 276 236 329 1
248 273 353 331 069

1305 256 1392 315 ur.
1428 247 2029 315 uusuuuscrtoxa
2071 290 2125 300 -
2181 249 2307 312 LIB.
2350 251 2391 311 ι.

3323 252 3342 306 I
3353 251 3456 309 070

202 388 285 434 tra
311 392 527 449 gregem
554 386 660 444 est,
690 392 821 450 pars
857 384 967 450 lupi
1002 392 1106 439 est.
1140 370 1274 438 Nam
1305 384 1407 440 etsi
1440 384 1631 441 fortior
1661 385 1780 440 ovis
1809 392 1857 447 Α
1887 386 1996 440 tres
2032 407 2043 440 :
2088 400 2191 439 non
2236 376 2499 438 faciamus
2538 372 2941 442 conventicula,
2983 391 3094 432 non
3146 375 3455 447 Speluncas.

202 487 283 535 es,
311 472 531 541 expedit
584 462 681 528 tibi
733 472 872 527 infra
930 475 1165 546 parietes
1215 477 1372 532 ovilis
1423 493 1564 544 esse,
1613 493 1775 546 quam

202 563 373 620 foras.
405 563 585 620 Fortis
621 579 701 629 es,
745 575 899 633 porta
952 583 1126 621 meam
1170 568 1542 623 inﬁrmitatem
1576 572 1593 623 ‘:
1630 569 1783 624 infir-

200 672 324 713 mus
356 673 439 723 es,
466 657 652 727 accipe
675 660 936 717 medelam
964 677 994 717 a
1017 663 1288 718 communi
1321 663 1561 721 Ecclesia
1589 682 1603 719 :
1629 672 1780 735 gutta

199 767 309 807 una
372 758 668 809 torrentem
730 768 837 808 non
886 744 1039 809 facit.
1095 752 1152 808 Si
1199 754 1346 808 enim
1392 761 1448 808 et
1498 755 1778 820 ceciderit,

197 855 493 912 antequam
529 845 709 911 cadat,
740 860 767 897 a
798 848 941 899 terra
980 843 1324 900 absurbetur.
1367 843 1531 900 Gutta
1572 854 1780 911 autem,

199 944 257 993 et
295 938 469 1009 gutta,
502 948 558 992 et
582 946 730 1007 gutta
760 937 924 992 etiam
970 945 1179 991 montes
1223 939 1439 993 evertit.
1487 936 1668 993 Canna
1721 952 1781 994 es

205 1020 435 1100 fragilis,
468 1028 621 1083 multi
652 1037 831 1085 autem
883 1017 1033 1083 ferro
1081 1036 1210 1082 sunt
1262 1026 1538 1084 fortiores.
1580 1028 1782 1085 Oculus

202 1121 354 1177 solus
380 1131 486 1174 non
513 1128 595 1175 est
616 1119 830 1185 oculus,
863 1134 1039 1190 neque
1061 1128 1435 1191 caputcaput,
1473 1134 1649 1192 neque
1687 1137 1782 1192 pes

201 1228 324 1284 pes.
363 1212 694 1283 Compositio
740 1212 883 1268 enim
933 1212 1300 1267 membrorum
1361 1221 1529 1267 letum
1581 1217 1781 1268 bonum

202 1298 356 1355 facit.
401 1298 534 1355 Nam
565 1298 669 1355 etsi
713 1306 863 1355 esses
898 1297 1109 1367 oculus,
1158 1300 1395 1365 ablatus,
1421 1316 1544 1357 eras
1582 1314 1779 1359 caecus.

198 1394 246 1448 Δ
272 1404 494 1462 corpore
522 1393 666 1445 enim
696 1390 943 1446 sublatus
966 1390 1181 1457 oculus,
1215 1404 1391 1447 czecus
1435 1400 1520 1449 est
1563 1394 1781 1459 oculos,

198 1484 378 1554 magis
408 1488 589 1539 autem
630 1492 894 1537 mortuus.
921 1482 978 1538 In
1011 1483 1251 1539 Ecclesia
1286 1483 1483 1539 fratres
1534 1488 1636 1540 sub
1671 1487 1784 1542 alas

198 1573 394 1630 matris
418 1573 809 1630 conveniamus
837 1582 855 1634 ξ
884 1573 937 1628 in
958 1572 1203 1630 Ecclesia
1248 1576 1302 1629 in
1330 1588 1434 1646 qua
1462 1580 1781 1633 ornamenta

201 1682 417 1743 sponsae
443 1674 589 1733 sunt,
617 1673 672 1721 et
700 1666 944 1721 membra
965 1664 1190 1732 Christi,
1221 1682 1328 1723 non
1358 1668 1425 1724 ad
1467 1668 1782 1735 schismata,

1884 477 2048 533 Forte
2090 478 2232 533 enim
2288 474 2520 547 apostoli
2577 474 2694 528 haec
2742 470 3056 526 fundarunt.
3090 468 3208 524 Non
3252 469 3457 541 lapides

1882 568 2025 634 dico,
2066 570 2160 625 sed
2197 569 2408 639 negotia
2448 579 2654 621 rerum.
2689 565 2821 621 Exis
2859 565 2928 619 ab
2958 562 3226 629 Ecclesia,
3271 573 3329 619 et
3370 577 3457 620 re-

1881 661 2082 733 linquis
2121 672 2350 717 matrem
2395 669 2539 716 tuam
2570 666 2792 730 pr0pter
2842 672 2948 710 me.
2978 656 3116 722 Quid
3150 671 3268 711 sum
3313 655 3457 712 enim

1882 769 2006 826 ego,
2040 760 2134 810 aut
2171 754 2397 817 Paulus,
2423 761 2518 807 aut
2551 750 2740 819 Apollo
2763 748 2885 819 quis
2921 748 3040 802 est?
3087 748 3162 802 De
3188 762 3273 803 me
3312 757 3368 802 et
3405 756 3458 804 te

1882 848 1988 902 erit
2020 862 2219 903 sermo.
2251 844 2390 899 Num
2426 854 2526 915 ego
2568 841 2863 898 crucifixus
2910 840 3068 896 sum?
3095 840 3338 894 Necdum
3390 853 3459 895 ne

1883 938 2100 1008 quidem
2124 938 2332 1009 alapam
2359 936 2566 1006 accepi.
2599 934 2642 988 E
2663 933 2942 989 contrario
2976 943 3174 997 autem,
3209 942 3264 986 et
3288 932 3459 987 hono-

1884 1038 2036 1085 ratus
2086 1040 2204 1085 sum
2258 1036 2477 1099 prepter
2524 1024 2732 1082 Jesum.
2786 1027 2853 1082 Et
2894 1025 2986 1081 ille
3022 1024 3239 1096 quidem
3290 1024 3459 1079 multa

1887 1136 2078 1191 passus
2101 1129 2184 1176 est
2212 1128 2432 1190 propter
2454 1132 2540 1174 me
2572 1137 2589 1172 :
2628 1134 2729 1187 ego
2768 1128 2947 1173 autem
2998 1118 3297 1172 honoratus
3322 1131 3452 1171 sum

1885 1222 2106 1285 propter
2144 1214 2341 1282 ipsum.
2386 1211 2456 1266 Et
2483 1227 2582 1266 nos
2615 1210 2834 1280 quidem
2884 1210 3147 1266 feriamur
3196 1209 3460 1266 adversus

1885 1320 2129 1369 crucem,
2174 1314 2229 1360 et
2272 1304 2565 1359 adversum
2604 1317 2728 1357 eum
2762 1302 2853 1372 qui
2901 1312 3117 1372 propter
3157 1316 3255 1356 nos
3300 1301 3373 1356 fel
3408 1308 3460 1356 et
3510 1338 3515 1341 -

1886 1406 2097 1452 acetum
2138 1395 2294 1459 bibit,
2326 1403 2381 1451 et
2405 1393 2735 1465 imponimus
2778 1393 2830 1448 ei
2863 1393 3049 1464 spinas
3090 1394 3271 1465 magis
3291 1407 3459 1463 quam

1886 1488 2075 1555 Judaei,
2098 1496 2154 1544 et
2185 1488 2468 1543 etl‘odimus
2500 1499 2695 1543 manus
2736 1486 2854 1556 eius
2896 1495 2953 1542 et
2990 1485 3179 1555 pedes,
3224 1494 3279 1541 et
3299 1486 3462 1541 dinua

1886 1594 2161 1634 metamus
2180 1577 2296 1647 ejus
2322 1592 2445 1632 ossa
2481 1594 2496 1631 :
2528 1575 2661 1643 Qum
2699 1576 2863 1644 enim,
2898 1576 3098 1646 inquit,
3129 1575 3329 1645 fecistis
3365 1574 3462 1630 uni

1888 1687 1954 1725 ea:
1983 1668 2215 1725 minimis
2244 1669 2369 1724 istis
2402 1669 2493 1739 qui
2520 1672 2738 1723 credunt
2780 1668 2836 1722 in
2862 1684 2966 1733 me,
2995 1667 3123 1721 mihi
3171 1667 3366 1735 fecistis
3392 1666 3464 1734 ¹⁶,

202 1774 315 1814 non
341 1759 405 1813 ad
429 1758 684 1814 haereses.
714 1756 1017 1827 Aliquoties
1036 1757 1181 1813 enim
1214 1758 1338 1815 dico
1367 1779 1381 1814 :
1415 1755 1637 1816 offendit
1666 1776 1782 1815 mea
1822 1770 1865 1830 Β
1891 1771 1985 1815 aut
2019 1760 2223 1815 bonum
2258 1769 2351 1816 aut
2384 1758 2613 1815 malum.
2650 1758 2775 1814 Haec
2807 1757 3004 1815 fratres
3042 1768 3096 1815 et
3143 1758 3196 1813 in
3242 1760 3328 1816 his
3354 1759 3464 1815 fra-

202 1851 428 1920 Iingua:
463 1859 642 1919 potest
670 1849 784 1903 fieri
813 1858 872 1903 ut
915 1863 1068 1905 mens
1114 1863 1230 1906 mea
1284 1850 1544 1906 offendat.
1594 1852 1699 1908 Sed
1729 1863 1784 1908 tu

200 1943 317 1997 noli
346 1960 358 1997 :
387 1941 704 1997 obliviscere
746 1936 823 2013 (8)
864 1952 987 1997 eum
1026 1942 1118 2012 Qui
1165 1942 1301 1997 dixit
1342 1959 1357 1997 :
1400 1938 1582 1998 Pretio
1627 1945 1787 2015 empti

202 2035 355 2100 estis,
384 2033 546 2089 nolite
574 2033 690 2102 ﬁeri
719 2032 855 2087 servi
894 2034 1163 2089 hominum
1186 2032 1251 2089 ι’.
1281 2034 1390 2090 Ista
1422 2037 1564 2091 enim
1593 2038 1788 2093 domus

202 2143 317 2182 non
340 2142 457 2183 mea
480 2135 562 2182 est
584 2135 677 2181 aut
705 2135 817 2184 tua.
863 2126 974 2182 Cur
1024 2128 1128 2182 mei
1182 2142 1345 2183 causa
1377 2129 1588 2182 recedis
1621 2144 1648 2182 a
1685 2129 1789 2182 Do-

202 2218 411 2275 minica
457 2219 658 2275 domo?
704 2217 771 2274 Et
821 2219 996 2289 primo
1036 2219 1251 2289 quidem
1298 2220 1427 2291 quid
1477 2221 1788 2291 accepimus

203 2311 365 2368 nobis
392 2311 517 2382 quia
552 2311 907 2382 sapientiores
935 2311 1190 2367 omnibus
1224 2311 1450 2367 sumus?
1476 2310 1681 2367 Deinde
1728 2319 1791 2366 ut

203 2404 337 2473 quid
361 2404 505 2474 quod
534 2403 587 2457 in
612 2417 774 2473 prece
800 2402 877 2476 (9)
907 2401 1152 2457 diabolus
1186 2403 1370 2467 habet,
1402 2403 1667 2457 donamus
1702 2402 1790 2458 ei?

204 2493 269 2548 Si
305 2509 403 2564 ego
427 2495 673 2549 infirmus
702 2510 841 2559 sum,
884 2502 938 2547 tu
959 2493 1048 2562 qui
1085 2508 1145 2549 es
1167 2492 1341 2558 fortis,
1372 2508 1475 2549 non
1506 2494 1800 2559 recedens,-

206 2588 470 2642 conlirma
517 2585 840 2643 Ecclesiam.
889 2586 947 2641 Si
991 2601 1093 2655 ego
1137 2585 1313 2641 aliena
1347 2585 1559 2655 loquor,
1598 2599 1696 2640 cur
1731 2594 1786 2640 tu

208 2677 303 2749 qui
327 2677 465 2733 bene
500 2676 745 2747 loqueris
789 2676 1062 2732 abstrahis
1088 2688 1142 2732 tc
1162 2686 1222 2730 ut
1244 2676 1533 2730 videantur
1562 2692 1681 2730 mea
1708 2677 1791 2731 in-

210 2768 456 2824 firmari?
479 2768 545 2822 Et
572 2782 641 2823 ne
667 2768 790 2839 quis
810 2783 896 2823 me
924 2764 1396 2838 putet'incitatum
1427 2766 1495 2821 ad
1525 2767 1789 2836 quosdam

212 2861 545 2916 dicerezsed
587 2861 655 2916 ab
678 2860 936 2915 exercitio
971 2858 1084 2931 (10)
1125 2874 1244 2915 sum
1297 2857 1588 2913 multorum
1623 2874 1636 2910 :
1678 2858 1793 2913 scio

217 2962 425 3025 quanta
456 2955 596 3010 dicta
634 2963 761 3010 sunt
811 2960 868 3009 et
908 2954 1178 3008 dicuntur.
1225 2950 1610 3019 Unusquisque
1646 2950 1792 3005 enim

215 3062 468 3118 quaerens
493 3047 634 3102 unde
668 3054 925 3117 pascatur
959 3045 1171 3099 furatur
1194 3044 1329 3115 (11).
1362 3043 1602 3097 Minores
1637 3059 1651 3094 :
1682 3041 1793 3096 fra-

1888 1861 2042 1907 tres:
2078 1867 2185 1907 non
2236 1861 2451 1922 semper
2508 1852 2747 1916 nomina,
2797 1853 2893 1908 sed
2938 1867 3047 1907 res.
3119 1852 3464 1911 Christianus

1886 1944 2028 1998 ‘enim
2058 1959 2239 2009 verus,
2294 1943 2463 1999 frater
2505 1943 2597 1999 sit.
2645 1940 2819 1998 Verus
2872 1943 3214 1999 Christianus
3253 1962 3266 2000 :
3301 1960 3464 2001 verus

1887 2045 1973 2092 est
2021 2036 2165 2091 enim
2227 2036 2497 2093 Christus.
2543 2035 2787 2103 Fratres,
2840 2035 3056 2102 fratres,
3118 2038 3283 2093 nolite
3343 2054 3466 2095 esse

1888 2128 2107 2198 piratas,
2171 2128 2339 2183 nolite
2403 2129 2718 2183 bellatores.
2787 2124 2965 2184 Nolite
3030 2144 3272 2198 quaerere
3336 2145 3461 2187 cum

1889 2236 1995 2289 quo
2067 2220 2317 2290 liligetis,
2386 2221 2479 2275 sed
2532 2237 2690 2292 quem
2770 2221 3011 2277 salvetis.
3088 2220 3204 2291 Ipse
3280 2233 3461 2278 autem

1876 2309 2032 2368 ~Deus
2091 2313 2257 2382 pacis,
2307 2313 2398 2382 qui
2445 2328 2549 2367 non
2608 2314 2848 2384 pepercit
2908 2314 3186 2382 unigenito
3217 2329 3315 2370 suo
3368 2313 3461 2369 Fi~

1890 2402 1983 2468 lio,
2018 2412 2074 2457 et
2103 2402 2251 2457 misit
2313 2418 2437 2458 eum
2483 2407 2547 2457 ad
2586 2404 2813 2459 salutem
2863 2415 3126 2470 nostram,
3182 2405 3299 2474 ipse
3337 2420 3459 2460 om-

1891 2495 2037 2549 nium
2081 2505 2323 2549 vestrum
2354 2496 2565 2551 animas
2607 2497 2674 2550 ad
2709 2510 2871 2551 unam
2919 2496 3358 2561 consensionem,
3392 2497 3462 2552 ad

1891 2601 2052 2640 uuam
2077 2587 2447 2651 concordiam,
2487 2588 2553 2641 ad
2598 2600 2761 2641 unam
2813 2602 3000 2655 pacem
3042 2599 3098 2643 et
3145 2588 3464 2644 charitatem

1892 2677 2089 2731 adunet
2114 2690 2212 2746 per
2236 2677 2568 2747 unigenitum
2601 2694 2757 2733 suum
2786 2676 2979 2734 Filiqu
3008 2697 3021 2733 :
3054 2695 3150 2750 per
3187 2695 3348 2751 quem
3380 2689 3468 2737 est

1892 2785 1998 2824 non
2034 2779 2163 2825 nato
2190 2771 2336 2825 Patri
2378 2771 2569 2841 gloria,
2613 2772 2807 2841 honor,
2865 2772 3173 2842 imperium,
3207 2773 3466 2843 majestas

1892 2862 1947 2918 in
1975 2862 2177 2932 Spiritu
2222 2873 2433 2927 sancto,
2463 2873 2516 2919 et
2549 2878 2689 2919 nunc
2719 2873 2775 2919 et
2810 2878 3044 2935 semper,
3075 2874 3126 2919 et
3155 2878 3251 2935 per
3284 2864 3466 2921 omnia

1894 2948 2090 3005 smcula
2121 2949 2466 3004 saeculorum.
2496 2950 2687 3004 Amen.

222 3194 2075 3239 μ

915 3191 3455 3234 mm

979 3415 1737 3573 EUSEBII
1793 3409 2715 3571 PAMPHILI

796 3712 1025 3826 DE
1151 3704 2889 3825 RESURRECTIONE.

1374 4078 1730 4167 LIBER
1804 4078 2300 4169 PRIMUS.

1795 4278 1866 4291 —

284 4438 497 4494 Dictum
517 4446 599 4493 est
620 4436 833 4508 quidem
858 4452 886 4492 a
920 4436 1072 4492 nobis
1100 4444 1154 4492 ct
1180 4447 1302 4492 ante
1326 4435 1393 4492 de
1429 4436 1787 4492 resurrectio-
1812 4445 1854 4502 ς.
1890 4448 2069 4493 autem
2130 4445 2183 4492 et
2218 4450 2338 4506 qua:
2372 4431 2506 4488 lecta
2540 4439 2701 4497 sunt;
2751 4428 2890 4484 forte
2938 4424 3101 4483 etiam
3150 4435 3292 4493 saepe
3315 4420 3475 4476 nobis

209 4545 317 4598 ne;
354 4530 581 4585 audistis
616 4539 670 4584 et
709 4544 806 4584 vos
853 4546 866 4583 :
907 4530 999 4585 sed
1037 4530 1217 4584 omnia
1279 4538 1523 4597 tempora
1570 4528 1793 4596 exigunt

209 4639 367 4680 suum
415 4623 670 4686 fructum,
710 4620 973 4690 siquidem
1024 4630 1079 4676 et
1133 4621 1185 4674 in
1226 4631 1467 4690 tempore
1519 4636 1790 4684 rosarum,

210 4730 349 4770 rosa:
372 4713 678 4769 ﬂorescunt.
718 4713 1031 4784 Agnoscunt
1067 4721 1246 4766 autem
1284 4722 1341 4766 et
1372 4714 1665 4767 secundum
1696 4706 1790 4768 Je-

213 4809 441 4864 remiam
474 4806 551 4871 ιτ,
598 4817 652 4861 et
678 4806 998 4861 hirundines
1053 4814 1262 4874 tempus
1308 4813 1365 4860 et
1413 4804 1499 4857 alii
1541 4818 1790 4875 passeres

209 4901 364 4970 agri;
397 4915 622 4969 quorum
652 4898 911 4969 propheta
936 4896 1136 4953 faciens
1162 4898 1512 4963 mentionem,
1545 4897 1792 4965 increpa-

210 4992 302 5046 bat
345 4990 510 5046 Israel
544 4990 634 5060 qui
660 4998 901 5059 tempora
940 4987 1244 5060 ignorabat.
1291 4987 1358 5043 Et
1389 4997 1600 5057 tempus
1641 4987 1790 5041 omni

211 5084 294 5139 rei
321 5098 439 5140 .sse
461 5081 895 5150 sapientissimus
929 5082 1063 5135 dixit
1089 5080 1345 5136 Salomon
1368 5080 1433 5137 η.
1466 5079 1600 5147 Quia
1627 5078 1791 5149 igitur

211 5182 427 5243 tempus
463 5172 707 5244 exposcit
736 5171 805 5226 de
836 5170 1231 5225 resurrectione
1262 5169 1506 5233 tractari,
1534 5173 1793 5238 expetunt

1894 4530 2220 4595 dicentibus,
2248 4526 2472 4581 necdum
2505 4524 2721 4594 quidam
2762 4522 2827 4576 de
2856 4515 3255 4575 resurrectione
3282 4524 3472 4568 susce-

1894 4628 2092 4691 perunt
2136 4631 2441 4675 sermonem
2486 4634 2499 4669 :
2541 4613 2675 4668 nihil
2723 4609 2977 4681 prohibet
3011 4616 3255 4675 repetere
3288 4616 3388 4658 nos
3418 4611 3477 4659 et

1890 4714 2091 4777 denuo,
2125 4719 2179 4766 et
2211 4711 2276 4765 de
2299 4710 2383 4764 bis
2414 4704 2547 4777 ipsis
2575 4712 2811 4760 tractare
2835 4701 2901 4754 ¹⁹.
2931 4699 3128 4755 Eadem
3160 4696 3303 4750 enim
3339 4692 3475 4749 scri-

1895 4806 2025 4860 bere
2069 4819 2167 4859 nec
2201 4797 2424 4855 Paulum
2463 4796 2635 4869 piguit
2678 4811 2693 4849 :
2735 4794 2791 4851 hi
2818 4793 2962 4849 enim
3008 4790 3101 4862 qui
3126 4787 3353 4844 credunt
3387 4800 3477 4841 re-

1898 4897 2252 4954 surrectionis
2282 4907 2581 4957 sermones,
2624 4896 2785 4945 erunt
2831 4885 3100 4941 tutiores:
3133 4879 3270 4938 ferte
3293 4887 3475 4933 autem

1897 4989 1990 5058 qui
2013 4989 2241 5044 necdum
2272 4985 2415 5041 suasi
2446 4982 2593 5048 sunt,
2621 4978 3014 5035 suadebuntur.
3059 4969 3215 5025 Nunc
3237 4968 3478 5025 creditur

1897 5079 2042 5133 enim
2075 5077 2315 5133 sermoni
2343 5074 2433 5145 qui
2469 5073 2535 5127 de
2566 5067 2958 5127 resurrectione
2985 5064 3251 5125 habetur;
3275 5067 3330 5113 et
3362 5072 3479 5110 ma—

1899 5180 2003 5236 gna
2049 5172 2134 5221 est
2181 5161 2471 5219 multitudo
2503 5174 2609 5214 non
2647 5155 3002 5213 credentium.
3042 5147 3284 5207 Gentiles
3331 5147 3477 5203 enim

286 5310 333 5345 ¹¹
354 5309 378 5365 ι
396 5311 521 5368 Cor.
550 5310 762 5378 vr,-20',:
796 5320 848 5366 et
886 5327 980 5379 vn,
1005 5310 1098 5366 25.
1172 5309 1219 5342 "
1245 5307 1436 5367 Matth.
1467 5322 1597 5375 xxv,
1622 5304 1713 5361 40.

1891 5300 1984 5357 Ier.
2007 5313 2129 5362 vni,
2160 5297 2214 5351 7.
2291 5293 2336 5327 ¹⁸
2373 5292 2551 5349 Eccle.
2586 5305 2668 5357 ιιι,
2696 5291 2784 5344 17.
2863 5290 2907 5321 ⁸³
2944 5283 3178 5356 Philipp.
3206 5296 3291 5349 ιιι,
3316 5280 3370 5335 Ι.

253 5430 367 5514 ,(8)
396 5427 522 5484 Noli
564 5444 583 5483 :
630 5428 954 5483 obliviscere.
1011 5427 1175 5483 Forte
1233 5426 1325 5480 sed
1379 5436 1434 5480 tu
1494 5423 1603 5479 noli
1657 5421 1773 5477 obli-

207 5514 368 5643 ("(33
403 5569 468 5627 In
492 5585 660 5643 prece
697 5568 787 5643 Ἐν
811 5569 969 5641 εὐχῇ,
1004 5568 1057 5623 in
1088 5567 1321 5643 voto,_ln
1349 5564 1568 5643 optatis.

292 5637 403 5713 ([0)
434 5637 516 5694 Atr
549 5641 819 5713 exercitio.
865 5637 1049 5706 I'd'est,
1077 5653 1143 5696 ex
1191 5637 1494 5694 ministerio
1526 5649 1645 5691 meo
1675 5646 1795 5688 mea

215 5711 394 5771 Natio
422 5714 486 5767 ad
516 5711 713 5766 multos
734 5714 983 5771 pertinet.

1972 5415 2083 5487 (Ii)
2112 5411 2374 5487 uratur.
2403 5408 2655 5487 Minores.
2685 5405 2847 5487 Forte
2877 5404 3109 5487 {nititur
3126 5395 3476 5487 mitiores,

1900 5466 2017 5551 est‘,
2033 5466 2258 5540 adducit
2287 5496 2385 5549 per
2425 5480 2667 5551 fraudem
2718 5491 2746 5529 e
2771 5466 2897 5551 sinu
2938 5471 3190 5527 Ecclesiae
3217 5466 3478 5551 paruulos

1904 5537 2120 5619 iﬁ'hdé.
2144 5537 2355 5623 sibique
2385 5546 2820 5623 adjupgithnde
2848 5543 3027 5598 alatur
3061 5560 3075 5596 :
3111 5540 3299 5623 quales
3338 5538 3373 5594 ii
3410 5537 3481 5593 de

1906 5614 2293 5699 quibusrludas
2319 5614 2492 5699 opust.
2518 5618 2602 5682 12,
2628 5614 2939 5685 Ssmctipsos
2968 5619 3254 5683 pascentes.
