3810 6218
453 281 588 340 1051

448 418 558 459 uno
586 412 668 458 est
688 403 870 472 Patre,
889 420 918 460 a
951 409 1065 465 solo
1093 413 1261 478 solus,
1302 416 1370 470 ab
1399 432 1504 472 uno
1524 434 1682 473 unus.
1709 420 1852 476 Nihil
1878 423 2023 477 enim
2057 431 2103 487 Α
2131 428 2202 480 tia

446 497 656 564 aequale
693 507 777 551 est
814 501 1122 568 nnigenito,
1169 507 1304 560 nihil
1350 509 1528 564 simile
1567 511 1744 575 Filio,
1793 515 1924 568 nihil
1973 517 2022 570 ei

447 595 815 654 comparatur,
849 589 984 645 nihil
1012 604 1279 662 aequatur.
1312 596 1504 652 Omnia
1535 614 1655 654 eum
1683 601 1933 668 adorant,
1956 605 2026 659 ob

448 676 712 732 honorem
750 689 806 734 ut
842 691 966 750 pote
996 685 1114 756 ejus
1139 689 1227 757 qui
1259 691 1444 758 genuit
1477 712 1492 747 :
1534 706 1638 747 non
1671 703 1754 748 est
1790 711 1930 750 unus
1958 711 2023 751 ex

446 765 534 821 his
556 783 678 838 quae
716 786 814 840 per
853 773 1230 846 ipsumsunt:
1275 797 1380 836 non
1411 792 1496 839 est
1525 799 1591 838 ex
1639 785 1744 841 hoc
1792 789 2019 856 mundo,

445 856 541 910 sed
584 867 640 912 et
677 863 908 917 mundus
938 881 1035 934 per
1079 869 1276 932 ipsum.
1326 869 1442 926 Non
1489 874 1684 929 ccelum
1714 892 1836 930 cum
1866 877 2023 944 Filio,

445 948 542 1002 sed
585 958 643 1004 et
685 952 880 1008 malum
925 972 1020 1025 per
1053 958 1271 1014 Filium.
1316 962 1456 1029 Quid
1499 980 1636 1034 opus
1665 977 1751 1022 est
1784 969 2026 1037 partibus

445 1041 712 1098 exhibere
757 1049 1008 1102 naturae?
1057 1049 1248 1106 Omnia
1282 1071 1375 1122 per
1412 1057 1582 1123 ipsum
1621 1070 1764 1123 sunt,
1807 1072 1854 1114 et
1895 1063 2025 1117 nihil

445 1131 560 1186 sine
597 1134 707 1202 ipso
733 1151 752 1188 :
779 1146 834 1191 et
883 1140 1041 1194 tertio
1078 1159 1094 1194 :
1127 1141 1277 1209 Quod
1315 1145 1515 1200 factum
1550 1159 1635 1203 est
1679 1167 1774 1219 per
1825 1153 2022 1221 ipsum.

446 1219 566 1276 Noli
589 1225 769 1281 dicere
799 1227 1092 1294 hominem,
1125 1248 1191 1286 ne
1221 1234 1488 1290 irascatur
1513 1239 1602 1306 qui
1626 1243 1828 1301 genuit.
1847 1219 2025 1298 Joan-

447 1327 546 1368 nes
573 1319 900 1388 evangelista
925 1363 941 1387 ,
978 1323 1022 1375 si
1079 1332 1258 1377 tamen
1291 1325 1550 1392 Joannes,
1589 1342 1645 1384 et
1675 1335 1902 1406 non_qui
1931 1351 2026 1403 per

445 1401 733 1474 Joannem,
783 1413 1000 1482 scripsit
1049 1416 1116 1471 de
1158 1417 1315 1484 Filio,
1346 1423 1562 1489 scripsit
1604 1436 1658 1479 et
1709 1401 2022 1483 de'Joanne

445 1495 709 1564 Baptista.
743 1502 1130 1577 Subinterroga
1163 1509 1329 1579 igitur
1350 1516 1800 1580 quemadmodum
1824 1520 1891 1572 de
1917 1521 2022 1575 Deo

447 1588 690 1658 loquitur
722 1596 1079 1665 evangelista,
1115 1611 1168 1654 et
1197 1606 1650 1670 quemadmodum
1681 1609 1746 1662 de
1775 1610 2018 1666 homine:

448 1676 515 1732 In
570 1682 850 1751 principio,
909 1687 1122 1758 inquit,
1181 1704 1291 1745 erat
1331 1693 1593 1752 Verbum:
1629 1699 1730 1753 hoc
1794 1703 1860 1755 de
1915 1703 2022 1756 Deo

1125 291 1391 352 EUSEBII
1431 293 1912 359 CIESARIENSIS
1947 303 2099 362 OPP.
2139 306 2318 365 PARS
2355 306 2446 367 IV.
2481 343 2554 354 —
2589 309 3012 369 DOGMATICA.

3578 317 3724 377 {05!

2255 447 2270 484 :
2321 438 2375 482 et
2428 431 2794 485 adorabantur
2843 435 3056 499 omnia;
3109 442 3164 489 et
3215 437 3340 507 quia
3400 439 3715 500 adorandus

2129 519 2495 586 ignorabatur,
2511 520 2834 578 oll‘ensiones
2847 537 3001 580 erant
3017 527 3169 582 nobis
3183 531 3387 586 omnia.
3403 532 3545 587 Nam
3565 546 3621 590 et
3639 539 3714 591 sol

2128 624 2232 662 non
2256 609 2611 676 illuminabat,
2636 615 2728 667 sed
2752 624 2808 669 et
2831 617 2944 684 ipse
2965 619 3117 672 nobis
3135 629 3253 674 erat
3272 620 3526 678 oﬁ‘ensio.
3554 626 3714 680 Venit

2126 707 2305 754 autem
2330 715 2426 770 per
2441 717 2600 771 quem
2619 706 2940 759 suntomnia
2961 725 2975 761 :
2998 722 3100 761 non
3121 708 3290 763 solum
3308 726 3408 766 nos
3429 713 3712 779 liberavit,

2126 789 2218 844 sed
2238 799 2292 846 et
2313 791 2484 861 ipsum
2502 791 2669 848 solem
2687 796 2755 848 ab
2774 794 2995 863 ignobili
3022 798 3124 852 isto
3147 799 3355 855 honore
3371 802 3609 857 liberum
3641 806 3716 857 le-

2127 883 2218 935 cit.
2255 881 2531 938 Liberavit
2567 899 2698 940 sane
2730 887 2910 940 lunam
2949 903 2978 940 a
3022 889 3343 959 calumniis,
3387 905 3446 947 et
3496 911 3712 964 purga-

2126 973 2204 1026 vit
2229 973 2415 1028 stellas
2440 984 2498 1028 ut
2537 991 2643 1030 non
2683 980 3060 1034 adorarenlur.
3088 981 3144 1037 Si
3174 997 3354 1038 autem
3383 988 3618 1057 quidam
3645 991 3715 1041 ad

2127 1064 2245 1119 haec
2269 1066 2287 1085 ‘
2319 1081 2492 1135 usque
2523 1071 2875 1137 contendunt,
2897 1074 3124 1143 reliquia
3153 1076 3420 1132 malorum
3455 1095 3712 1135 comme-

2126 1158 2450 1211 morantium
2496 1158 2838 1216 beneﬁcium.
2899 1163 3054 1218 Nunc
3092 1165 3256 1234 igitur
3294 1179 3350 1224 et
3385 1185 3587 1224 aurum
3629 1183 3712 1226 est

2125 1248 2404 1302 mundum.
2438 1248 2666 1320 Nuncvet
2702 1261 2983 1321 argentum
3005 1256 3070 1308 ad
3100 1257 3151 1310 id
3184 1260 3324 1327 quod
3343 1272 3598 1315 creatum
3627 1275 3712 1316 est

2125 1341 2274 1396 utile.
2317 1340 2467 1394 Nunc
2495 1354 2845 1399 :eramentum
2873 1360 3221 1404 aeramentum
3256 1361 3340 1408 est
3364 1394 3378 1418 ,
3409 1364 3463 1407 et
3491 1353 3708 1410 ferrum

2127 1431 2329 1484 let-rum
2356 1473 2370 1496 ,
2407 1444 2459 1486 et
2498 1434 2633 1504 lapis
2671 1436 2837 1506 lapis,
2889 1448 2945 1492 et
2993 1440 3194 1510 lignum
3245 1442 3448 1512 lignum
3496 1457 3624 1508 est,
3659 1457 3712 1502 et

2125 1522 2267 1576 Deus
2305 1523 2462 1579 Deus.
2487 1526 2641 1581 Nunc
2681 1529 3016 1585 (temonibus
3067 1533 3380 1599 increpatur
3413 1547 3471 1590 ut
3509 1538 3709 1602 decet,

2123 1626 2177 1670 et
2221 1633 2324 1670 non
2368 1620 2661 1674 adorantur
2690 1631 2880 1676 utnon
2921 1624 3097 1678 decet.
3145 1626 3301 1680 Venit
3334 1629 3480 1682 enim
3520 1647 3618 1685 rex
3656 1643 3708 1685 et

2123 1709 2382 1763 exstinxit
2415 1720 2700 1781 tyrannum
2746 1733 2758 1767 :
2795 1723 2848 1766 et
2887 1717 3106 1783 agnovit
3147 1718 3264 1771 ovis
3307 1729 3585 1787 pastorem
3609 1761 3626 1784 ,
3656 1733 3710 1775 et

445 1767 588 1825 Filio
631 1773 786 1828 dixit.
841 1778 981 1832 Dicit
1025 1793 1079 1835 et
1133 1782 1199 1836 de
1230 1783 1462 1853 Joanne,
1503 1786 1703 1844 Factus
1732 1804 1805 1844 est
1845 1794 2017 1846 homo.
2053 1808 2093 1861 Β
2127 1798 2290 1869 fugati
2331 1767 2610 1868 sunilupi.
2655 1801 2787 1866 Quis
2805 1818 2934 1857 sane
2955 1805 3140 1858 venit?
3167 1807 3349 1876 utique
3381 1808 3427 1862 is
3455 1810 3551 1876 qui
3584 1823 3709 1864 erat

444 1858 590 1932 Lege
629 1865 739 1928 illa,
769 1869 990 1939 sublege
1020 1880 1075 1926 et
1115 1873 1212 1928 ista
1246 1893 1260 1928 :
1290 1883 1342 1929 et
1384 1878 1626 1934 invenies
1655 1884 1924 1949 quomodo
1956 1885 2021 1938 de

445 1956 557 2012 Deo
588 1957 727 2014 Filio
766 1961 1004 2032 loquitur
1034 1984 1047 2018 :
1079 1977 1132 2022 et
1185 1968 1460 2023 hominem
1507 1983 1737 2041 exponet
1766 1975 2017 2032 Joannes.

444 2049 516 2103 In
558 2051 819 2120 principio
868 2069 980 2110 erat
1021 2057 1243 2112 Verbum
1302 2062 1368 2115 de
1411 2061 1549 2117 Filio
1587 2065 1717 2119 dicit
1768 2085 1782 2121 :
1826 2067 2022 2124 Factus

445 2138 611 2195 ltomo
637 2143 702 2197 de
723 2144 931 2202 Joanne
961 2150 1130 2218 ponit.
1170 2149 1237 2204 Et
1263 2151 1489 2206 Verbum
1517 2165 1629 2209 erat
1659 2159 1802 2226 apud
1832 2159 2018 2226 Deum,

442 2239 499 2284 et
527 2231 664 2286 Deus
697 2246 809 2289 erat
854 2235 1077 2294 Verbum
1098 2281 1113 2305 ,
1145 2243 1210 2296 de
1237 2243 1371 2298 Filio
1411 2245 1668 2314 loquitur.
1709 2249 1783 2302 De
1813 2250 2020 2308 Joanne

442 2329 623 2375 autem
657 2340 670 2377 :
705 2322 830 2380 Non
856 2339 967 2382 erat
996 2330 1084 2382 ille
1119 2331 1293 2386 lumen
1321 2336 1391 2399 ⁵⁷,
1417 2345 1468 2388 et
1500 2337 1696 2391 iterum
1735 2340 1800 2393 de
1835 2344 2021 2412 unige-

442 2411 556 2468 nilo
575 2416 676 2480 ait,
709 2416 814 2471 Hic
843 2431 956 2474 erat
981 2423 1036 2476 in
1068 2427 1322 2492 principio
1345 2429 1485 2497 apud
1507 2429 1694 2485 Deum.
1719 2431 1792 2486 De
1811 2411 2020 2490 Joanne

441 2515 646 2574 autem,
679 2509 783 2564 llic
825 2515 962 2566 venit
995 2516 1065 2569 ad
1101 2519 1456 2574 testimonium
1480 2521 1546 2577 ⁵⁸.
1598 2520 1795 2592 lnjuria
1823 2527 2020 2596 quippe

439 2607 543 2662 est,
579 2608 634 2654 et
681 2617 994 2672 praeponere
1038 2611 1371 2679 unigenitum
1413 2616 1585 2669 servis
1618 2619 1749 2671 suis.
1790 2617 1922 2672 Nam
1965 2632 2019 2675 et

441 2693 582 2757 quod
634 2693 857 2760 dicitur,
902 2699 1037 2752 nihil
1085 2703 1132 2756 ei
1187 2715 1533 2774 comparatur
1577 2720 1670 2762 aut
1730 2723 2015 2780 aequatur:

439 2796 548 2836 non
593 2796 679 2840 est
726 2804 1028 2858 magnum:
1083 2795 1179 2849 sed
1230 2798 1416 2866 egenis
1463 2801 1626 2855 etiam
1685 2818 1848 2870 parva
1895 2814 2019 2860 sunt

439 2889 655 2946 magna.
689 2879 804 2935 Non
834 2892 916 2936 est
950 2885 1094 2940 enim
1127 2903 1268 2942 unus
1313 2905 1380 2944 ex
1422 2893 1698 2961 prophetis
1725 2895 1887 2960 ﬁlius,
1922 2899 2015 2952 sed

438 2982 536 3037 per
576 2986 736 3040 quem
771 2990 960 3031 omnes
991 2981 1270 3048 propheta:
1305 3001 1322 3037 :
1363 2998 1468 3038 non
1504 3000 1644 3040 unus
1671 3001 1738 3040 ex
1778 2989 2018 3058 regibus,

439 3069 532 3116 sed
567 3080 663 3133 per
700 3081 858 3136 quem
893 3085 1081 3126 omnes
1124 3089 1282 3142 reges
1322 3093 1340 3130 :
1385 3092 1490 3132 non
1529 3093 1666 3133 unus
1711 3093 1779 3134 ex
1830 3080 2012 3148 jnstis,

2124 1886 2176 1939 in
2220 1889 2436 1940 mundo.
2468 1887 2535 1941 In
2564 1892 2759 1944 mundo
2783 1930 2800 1955 ,
2846 1892 3056 1962 inquit,
3090 1906 3205 1947 erat
3237 1913 3257 1948 :
3288 1896 3568 1966 siquidem
3615 1902 3702 1953 ni-

2122 1978 2198 2032 hil
2225 1994 2452 2033 vacuum
2489 1982 2557 2036 ab
2588 1983 2706 2052 ipso
2731 1984 2893 2037 etiam
2935 1996 3061 2040 ante
3083 1988 3375 2042 adventum
3415 1990 3536 2056 ejus
3559 2005 3700 2047 erat.

2123 2069 2256 2135 Quia
2293 2085 2398 2124 non
2421 2073 2564 2126 enim
2609 2088 2736 2126 cum
2786 2076 3068 2142 apparuit,
3110 2087 3240 2132 tunc
3277 2089 3332 2133 et
3361 2081 3516 2133 venit
3557 2098 3571 2134 :
3609 2085 3702 2136 sed

2121 2169 2238 2214 erat
2269 2161 2475 2224 latens,
2505 2163 2752 2232 apparuit
2791 2166 2880 2232 qui
2915 2177 3033 2220 erat
3059 2167 3253 2222 latens.
3294 2168 3410 2223 Non
3438 2182 3569 2224 sunt
3600 2174 3701 2226 ista

2121 2262 2238 2308 mea
2262 2288 2278 2313 ,
2313 2252 2408 2304 sed
2429 2253 2796 2322 evangelistze.
2851 2255 2944 2308 Ait
2987 2257 3131 2310 enim
3156 2298 3174 2323 ,
3201 2256 3264 2310 ln
3314 2261 3526 2312 mundo
3564 2273 3696 2314 erat.

2123 2342 2228 2396 Sed
2253 2357 2440 2409 parum
2467 2345 2641 2398 visum
2664 2355 2745 2400 est
2772 2346 2819 2400 ei
2843 2348 2932 2415 qui
2967 2348 3136 2413 dixit,
3184 2349 3239 2404 In
3287 2352 3493 2406 mundo
3524 2364 3646 2406 erat
3680 2371 3696 2406 :

2119 2450 2174 2494 et
2227 2442 2348 2495 ideo
2407 2442 2602 2509 repetit
2639 2456 2949 2508 sermonem
3003 2444 3259 2514 religiose
3285 2486 3299 2510 ,
3351 2457 3409 2499 et
3445 2447 3621 2511 dicit,
3650 2461 3696 2501 et

2118 2533 2346 2586 mundus
2375 2549 2467 2601 per
2490 2534 2660 2601 ipsum
2695 2534 2866 2602 factus
2896 2549 2991 2588 est.
3047 2535 3112 2591 Ut
3163 2545 3343 2589 autem
3393 2552 3502 2591 non
3554 2549 3700 2592 esset

2119 2634 2488 2694 contemptus,
2524 2629 2616 2698 qui
2649 2630 2761 2694 ait,
2809 2629 2878 2684 In
2922 2633 3118 2685 mundo
3144 2643 3288 2698 erat,
3340 2633 3480 2687 dixit
3529 2635 3694 2689 etiam

2120 2715 2245 2784 quia
2277 2727 2400 2772 ante
2423 2719 2680 2774 mundum
2708 2731 2826 2774 erat
2860 2739 2873 2774 :
2906 2731 2959 2775 et
2984 2724 3088 2783 ait,
3126 2723 3194 2776 Et
3222 2727 3444 2778 mundus
3483 2743 3580 2794 per
3619 2730 3700 2792 ip-

2119 2797 2429 2878 sumifactus
2454 2821 2551 2868 est.
2609 2811 2720 2866 Hoc
2760 2813 3030 2883 signiﬁcat
3065 2816 3206 2884 quod
3253 2827 3380 2870 ante
3432 2818 3694 2871 mundum

2118 2909 2254 2954 erat.
2286 2899 2353 2954 In
2384 2903 2578 2956 mundo
2603 2943 2618 2967 ,
2651 2904 2862 2972 inquit,
2898 2915 3032 2962 erat.
3070 2907 3350 2972 Quomodo
3392 2907 3443 2959 in
3493 2908 3696 2962 mundo

2117 2992 2274 3045 erat?
2295 2990 2450 3056 Erat,
2481 2993 2578 3058 ait,
2617 2992 2791 3048 lumen
2821 3012 3019 3058 verum,
3049 2995 3139 3064 qui
3183 2995 3449 3048 illuminat
3490 3013 3692 3049 omnem

2119 3085 2378 3139 hominem
2406 3081 2691 3140 venientem
2719 3089 2774 3139 in
2797 3087 2934 3140 hunc
2955 3090 3230 3142 mundum.
3267 3087 3337 3142 Ut
3379 3099 3564 3142 autem
3591 3106 3696 3142 non

439 3153 536 3206 sed
575 3155 688 3223 ipse
711 3156 923 3225 justitia
963 3183 974 3215 :
1014 3179 1122 3217 non
1163 3141 1302 3220 unus
1332 3182 1399 3221 ex
1429 3170 1626 3234 servis,
1677 3172 1772 3226 sed
1799 3171 2010 3228 Filius:
2041 3141 2084 3198 Ο
2119 3176 2660 3239 diceret,venientem
2692 3178 2829 3248 (74),
2854 3179 2928 3232 ita
2957 3179 3112 3248 quasi
3148 3194 3250 3232 non
3285 3182 3506 3233 essetin
3541 3197 3698 3234 mun-

437 3258 546 3298 non
571 3263 734 3302 unum
779 3265 845 3304 ex
885 3248 1174 3322 omnibus,
1211 3260 1306 3312 sed
1339 3277 1438 3328 per
1463 3277 1621 3330 quem
1651 3273 1778 3317 sunt
1802 3267 2011 3322 omnia:

437 3352 545 3392 non
573 3354 640 3393 ex
680 3342 762 3396 his
790 3345 880 3412 qui
915 3347 1176 3404 assistunt
1205 3360 1259 3405 et
1288 3353 1632 3420 ministrant,
1669 3358 1763 3412 sed
1805 3361 1894 3427 qui
1928 3375 2016 3414 se-

436 3429 526 3482 det
553 3432 618 3485 ad
647 3433 924 3489 dexteram
947 3438 1123 3494 Patris
1148 3459 1164 3496 :
1202 3459 1307 3497 non
1346 3460 1412 3500 ex
1439 3445 1521 3500 his
1543 3449 1634 3516 qtti
1679 3448 2016 3518 judicantur,

435 3522 531 3575 sed
579 3523 670 3591 qui
727 3529 968 3598 suscepit
1011 3545 1172 3587 omne
1227 3534 1489 3608 judicium
1540 3541 1844 3610 iudicandi.
1897 3541 2014 3597 Non

434 3616 648 3680 quando
677 3617 815 3686 apud
860 3635 980 3686 nos,
1011 3631 1136 3678 tunc
1159 3635 1212 3679 et
1245 3629 1386 3696 apud
1415 3629 1657 3686 Patrem.
1692 3632 1844 3687 Tune
1870 3634 2014 3688 enim

433 3705 540 3762 hoc
583 3707 785 3763 dictum
836 3710 1210 3770 intercidatur.
1262 3719 1342 3772 Ad
1376 3736 1475 3776 nos
1519 3725 1664 3776 enim
1693 3725 2014 3795 dispensans

431 3799 619 3854 venit:
655 3809 784 3856 tunc
821 3807 1037 3870 quando
1072 3817 1132 3861 ut
1179 3813 1315 3876 ovis,
1352 3815 1569 3882 quando
1603 3825 1658 3870 ut
1685 3816 1870 3885 Agnus
1898 3820 2017 3876 Dei.'

431 3889 490 3945 ln
531 3894 806 3962 principio
849 3905 1027 3951 autem
1066 3911 1181 3954 erat
1208 3902 1346 3958 Deus
1377 3907 1514 3974 apud
1544 3907 1707 3962 Deum
1739 3927 1754 3964 :
1788 3925 1910 3963 nam
1956 3920 2012 3964 et

429 3995 556 4035 eum
609 3987 750 4054 apud
808 4003 930 4053 nos,
990 3991 1129 4046 Deus
1178 3995 1454 4050 nobiscum
1490 3998 1855 4056 Emmanuel:
1905 4017 2010 4057 non

431 4074 573 4129 alius
607 4079 746 4146 apud
787 4076 1030 4146 Patrem,
1064 4084 1200 4138 alius
1232 4097 1411 4142 autem
1444 4090 1726 4145 nobiscum
1769 4101 1826 4147 et
1875 4093 2016 4150 alius

429 4175 589 4220 erat:
621 4183 847 4225 manens
887 4172 1150 4240 siquidem
1196 4176 1248 4230 in
1301 4179 1472 4249 ﬁgura
1515 4180 1611 4236 Dei
1656 4184 2014 4252 constitutus,

429 4256 592 4313 istam
620 4271 864 4316 nostram
907 4263 1133 4333 ﬁguram
1171 4269 1313 4322 servi
1369 4273 1627 4340 accepit:
1678 4288 1784 4328 non
1827 4275 1894 4330 ab
1921 4275 2010 4330 illa

428 4349 688 4403 recedens
719 4351 880 4404 istam
913 4354 1202 4409 honoravit
1231 4370 1248 4409 :
1291 4373 1397 4412 non
1431 4363 1500 4414 ab
1533 4360 1621 4414 illa
1660 4361 1879 4428 exiens,
1911 4378 2010 4420 nos

2118 3265 2217 3328 do,
2241 3273 2294 3318 et
2330 3276 2548 3333 putares
2574 3269 2696 3332 quia
2725 3269 2875 3322 venit
2913 3270 3129 3336 quidem
3159 3270 3247 3338 qui
3301 3285 3407 3322 non
3453 3271 3647 3324 aderat
3677 3289 3692 3322 :

2118 3355 2240 3409 ideo
2271 3365 2451 3411 tutans
2475 3356 2588 3428 ('75)
2614 3359 2773 3412 istam
2805 3360 3164 3428 suspicionem
3184 3360 3364 3419 addit.
3392 3359 3460 3412 In
3499 3365 3695 3416 munda

2116 3456 2250 3500 erat.
2276 3447 2342 3500 Et
2365 3462 2431 3500 ne
2455 3447 2653 3502 iterum
2693 3458 2910 3518 putares
2945 3451 3066 3518 quia
3107 3466 3228 3504 cum
3272 3453 3472 3506 mundo
3517 3452 3694 3507 lactus

2115 3546 2233 3590 erat
2257 3577 2273 3601 ,
2304 3539 2500 3607 repetit
2529 3547 2582 3592 et
2609 3539 2771 3604 dicit,
2801 3539 2870 3594 Et
2901 3545 3131 3594 mundus
3169 3558 3261 3610 per
3299 3543 3475 3610 ipsum
3520 3544 3694 3611 facta:

2115 3636 2212 3681 est.
2256 3629 2310 3682 Si
2339 3629 2504 3698 igitur
2534 3646 2630 3697 per
2675 3632 2852 3700 ipsum
2887 3633 3063 3688 factus
3119 3642 3204 3688 est
3243 3634 3518 3699 mundus,
3575 3647 3693 3690 erat

2115 3720 2301 3790 utique
2321 3721 2495 3776 Filius
2521 3734 2810 3792 antequam
2845 3725 2998 3778 ﬁeret
3026 3725 3256 3779 mundus
3290 3742 3306 3777 :
3332 3726 3460 3795 quia
3481 3729 3552 3781 ab
3581 3730 3696 3797 ipso

2115 3812 2286 3864 laetus
2307 3821 2390 3866 est
2411 3813 2660 3866 mundus.
2689 3813 2926 3883 Denique
2947 3815 3106 3868 etiam
3138 3815 3206 3870 ab
3228 3815 3343 3884 ipso
3363 3815 3504 3871 Filio
3532 3820 3689 3872 audi:

2118 3901 2198 3955 Da
2231 3903 2361 3972 mihi
2382 3942 2394 3964 ,
2428 3903 2639 3972 inquit,
2675 3903 2869 3968 Pater,
2896 3903 3154 3974 gloriam,
3179 3921 3334 3974 quam
3350 3905 3517 3958 habui
3550 3907 3692 3975 apud

2115 4006 2164 4047 te
2188 4004 2467 4063 antequam
2516 3999 2742 4048 mundus
2777 3995 2926 4063 ﬁeret
2955 3995 3022 4051 ⁸³.
3050 3996 3336 4064 Quomodo
3380 4012 3517 4069 ergo
3537 4041 3553 4062 ,
3615 4001 3693 4053 in-

2116 4086 2268 4154 quit,
2296 4093 2416 4139 erat
2443 4085 2495 4140 in
2529 4084 2776 4140 mundo?
2801 4083 2858 4139 In
2896 4087 3094 4141 mundo
3125 4095 3282 4152 erat,
3330 4100 3384 4142 et
3417 4094 3488 4142 ad
3529 4106 3690 4144 mun-

2115 4179 2242 4232 dum
2281 4179 2452 4232 venit.
2483 4177 2948 4244 Quemadmodum
2977 4187 3155 4233 autem
3182 4181 3342 4233 etiam
3379 4181 3514 4234 illud
3547 4184 3696 4236 acci-

2111 4267 2199 4338 pis
2235 4267 2441 4324 dictum
2475 4287 2490 4323 :
2529 4269 2782 4322 Dominus
2809 4272 3041 4339 regnavit
3071 4269 3115 4301 ⁸⁸
3137 4270 3158 4322 ?
3179 4269 3292 4324 Rex
3319 4271 3467 4324 enim
3497 4283 3582 4326 est
3611 4273 3690 4326 in-

2113 4360 2376 4416 deﬁciens
2405 4377 2420 4414 :
2453 4376 2558 4415 non
2589 4377 2732 4416 nunc
2754 4357 2971 4432 quidem
3011 4378 3103 4416 rex
3129 4401 3146 4427 ,
3185 4362 3477 4431 aliquando
3506 4373 3686 4417 autem

427 4439 657 4495 salvavit
692 4461 706 4496 :
741 4458 846 4497 non
887 4445 1104 4515 reliquit
1137 4457 1409 4515 pastorem
1432 4491 1449 4518 ,
1497 4461 1552 4506 et
1581 4455 1790 4522 accepit
1827 4469 2003 4509 ovem.
2038 4477 2084 4533 ι)
2115 4465 2218 4506 non
2243 4491 2258 4517 .
2293 4467 2391 4506 nec
2424 4459 2608 4520 postea
2651 4468 2777 4510 ηοη.
2806 4451 3269 4516 Ουθηιθάιηοάυω
3315 4469 3447 4518 ergo
3483 4455 3686 4508 diem“

425 4526 890 4598 Quemadmodum
922 4535 1066 4589 enim
1095 4537 1187 4606 qui
1217 4552 1324 4592 non
1357 4550 1538 4594 manet
1565 4543 1708 4610 quod
1743 4554 1884 4607 erat,
1918 4559 2006 4612 po~

426 4626 570 4675 terat
594 4625 840 4692 accipere
866 4629 1009 4695 quod
1041 4629 1282 4698 accepit?
1315 4629 1430 4686 Non
1461 4640 1579 4686 erat
1607 4635 1859 4702 possibile
1895 4637 2008 4690 sal-

394 4695 397 4701 ’
421 4725 554 4767 vare
579 4714 825 4770 homines
844 4717 1113 4787 homines,
1147 4722 1272 4790 quia
1306 4723 1551 4779 homines
1579 4726 1920 4794 subjacemus
1947 4738 2004 4782 et

421 4805 656 4873 prepriis
700 4809 936 4876 peccatis
983 4821 1040 4865 et
1087 4811 1240 4869 clade
1266 4815 1418 4886 (75):
1457 4817 1676 4871 tenebat
1711 4832 1844 4873 sane
1886 4833 2003 4872 ma-

421 4891 676 4949 ledictum
711 4912 858 4954 mors
889 4910 946 4953 et
965 4901 1294 4970 corruptela,
1331 4913 1387 4958 et
1413 4913 1472 4959 ut
1510 4914 1772 4976 tyrannus
1805 4921 2000 4976 regna-

419 4986 513 5040 bat
536 4988 783 5046 diabolus
814 5000 866 5046 et
893 4993 1301 5051 bacchabantur
1331 4999 1624 5054 daemones.
1653 5000 2000 5055 Consuetudo

419 5088 598 5135 autem
632 5084 803 5152 magis
834 5096 1018 5140 nostra
1058 5088 1271 5143 vincula
1306 5092 1733 5162 constringebat.
1761 5091 2002 5146 Baccha-

419 5171 582 5228 batur
601 5175 744 5228 enim
772 5178 824 5231 in
855 5180 1011 5236 nobis
1031 5190 1086 5236 et
1105 5181 1272 5240 libido
1294 5197 1349 5241 et
1375 5187 1590 5242 tenebat
1613 5189 2008 5258 concupiscen-

526 5353 573 5387 ⁸⁷
597 5355 756 5412 Joan.
791 5375 831 5425 ι,
861 5360 914 5416 8.
988 5361 1038 5395 ⁸⁸
1065 5362 1198 5420 ibid.
1275 5367 1320 5398 ⁵⁹
1359 5365 1537 5422 Joan.i
1569 5382 1716 5435 xvn,
1771 5370 1823 5423 l.

490 5506 604 5578 (7'5)
640 5510 819 5567 Clade.
846 5513 1008 5570 Forte
1041 5515 1199 5575 cladi.

496 5578 612 5646 (74)
637 5578 932 5638 Venientem
964 5587 1018 5638 in
1048 5589 1208 5644 hunc.
1242 5588 1568 5645 Vertendnm
1599 5593 1693 5646 fuit
1729 5609 1791 5647 ex
1825 5592 1989 5648 Ense-

425 5647 500 5734 hij
526 5652 742 5715 quidem
779 5667 960 5733 mente
999 5658 1208 5734 veniens
1237 5675 1269 5734 ί
1319 5677 1441 5714 nam
1483 5665 1777 5734 ἐρχόμενον
1804 5647 1987 5719 retulit

411 5716 497 5793 ad
531 5733 715 5772 vol-em
756 5722 890 5788 φῶς,
927 5742 1034 5781 non
1065 5729 1128 5780 ad
1163 5728 1448 5801 ἄνθρωπον
1482 5716 1985 5802 ε’ἷίιιὸά-εέιιίὶείοε-

2111 4549 2232 4606 est,
2256 4540 2512 4594 Dominus
2536 4543 2803 4611 regnavit,
2836 4549 2995 4610 prout
3019 4540 3263 4606 diceret,
3304 4539 3569 4597 Ilomines
3599 4558 3683 4596 re-

2108 4631 2257 4702 gnati
2297 4640 2462 4696 sunt,
2501 4642 2594 4686 aut
2625 4640 3007 4701 regnaverunt.
3036 4630 3154 4686 Non
3179 4631 3321 4686 enim
3363 4632 3451 4686 ille
3475 4635 3685 4703 accepit

2105 4722 2246 4793 quod
2271 4738 2376 4778 non
2404 4723 2639 4778 habebat
2665 4740 2681 4778 :
2711 4723 2803 4778 sed
2835 4737 2936 4777 nos
2967 4723 3113 4793 digni
3140 4723 3333 4777 iterum
3366 4721 3680 4790 iudicamur

2104 4830 2170 4871 eo
2196 4831 2226 4869 a
2266 4831 2373 4886 quo
2399 4815 2724 4870 excidimus.
2765 4813 2874 4870 Nos
2898 4815 3080 4884 itaque
3124 4829 3454 4886 regnantur,
3488 4825 3544 4872 et
3581 4817 3680 4870 iste

2100 4918 2316 4976 regnat.
2372 4906 2489 4962 Non
2543 4923 2684 4961 nunc
2736 4921 3022 4962 assumens
3079 4907 3367 4976 imperium
3399 4925 3414 4962 :
3446 4908 3542 4962 sed
3582 4922 3679 4961 nos

2102 4999 2400 5055 liberamur
2429 5015 2460 5054 a
2497 4999 2800 5070 tyrannide.
2835 4997 2903 5051 In
2928 5001 3124 5053 mundo
3145 5040 3160 5066 ,
3197 5001 3414 5068 inquit,
3456 5011 3593 5057 erat.
3619 5000 3675 5055 Si

2103 5091 2158 5146 in
2195 5091 2396 5146 mundo
2415 5101 2568 5156 erat,
2600 5090 2878 5161 quomodo
2918 5091 3064 5143 venit
3089 5090 3139 5143 in
3166 5091 3409 5145 mundo?
3436 5093 3677 5161 Apparet

2105 5186 2160 5240 in
2193 5187 2414 5241 mundo.
2447 5184 2586 5252 Quid
2636 5199 2765 5254 ergo
2809 5199 2918 5239 non
2965 5183 3117 5239 vadit
3161 5199 3226 5240 ex
3268 5186 3672 5242 mundo?Dicit

1902 5368 1944 5401 ⁸ο
1978 5366 2125 5424 Psal.
2173 5382 2319 5435 xcu,
2377 5381 2538 5435 xcvr,
2587 5381 2774 5421 xcvm.

2099 5523 2271 5576 tendit
2299 5532 2408 5577 tum
2439 5522 2717 5578 enarratio
2739 5537 2857 5593 qua:
2875 5522 3138 5590 sequitur,
3169 5531 3278 5577 tum
3309 5522 3447 5578 alius
3485 5534 3657 5593 postea

2095 5593 2248 5646 locus
2285 5596 2422 5646 inl‘ra
2453 5595 2541 5646 ubi
2577 5595 2771 5661 legitur
2797 5592 2923 5646 Erat
2953 5595 3126 5647 lumen
3156 5610 3331 5648 verum
3377 5592 3583 5648 reniens
3609 5597 3657 5646 in

2095 5664 2232 5716 [tunc
2260 5666 2533 5724 mundum,
2563 5675 2668 5716 etc.

2171 5735 2281 5804 (75)
2317 5734 2538 5788 'l'atans.
2586 5731 3060 5805 Aventini-511910;,
3084 5737 3429 5803 propulsans,
3454 5748 3657 5789 arcens.
