3810 6218
91 290 236 348 1053

949 283 1035 342 DE
1073 285 1230 343 FIDE
1269 284 1644 342 ADVERSUS
1681 281 2093 340 SABELLIUM.
2240 279 2369 337 LIB.
2410 277 2461 339 Ι.

3210 277 3348 335 1054

89 415 241 468 enim‘
270 431 283 467 :
317 411 504 464 Adhuc
527 409 730 464 modice
758 408 934 464 lumen
959 411 1222 465 vobiscum
1251 419 1350 464 est.
1401 408 1550 463 Vado
1587 409 1656 464 ad
1685 404 1735 471 Α
1764 410 1837 462 ris
1875 407 2137 477 Spiritum
2159 405 2448 460 venientem
2476 442 2492 469 ,
2518 401 2602 455 hic
2623 409 2698 456 est
2731 401 2816 456 "’i
2838 399 2895 456 Si
2931 398 3096 472 igitur
3117 413 3352 469 evange-

88 522 203 561 eum
229 505 319 576 qui
350 519 431 556 me
456 503 596 556 misit
619 519 638 556 :
667 503 914 572 quaeretis
947 519 1048 565 me,
1076 513 1123 556 et
1164 520 1268 555 non
1295 503 1564 556 invenietis
1589 500 1658 554 “.

89 598 241 652 Nunc
267 597 453 660 vadit,
484 607 540 650 et
567 595 826 664 relinquit
864 594 1146 648 mundum.
1176 594 1283 648 Sed
1323 594 1516 648 iterum
1548 592 1663 661 ipse

91 690 221 745 dicit
253 707 267 744 :
305 686 442 742 Ecce
465 703 558 758 ego
596 688 862 741 vobiscum
894 702 1012 740 sum
1045 702 1208 755 usque
1232 685 1300 737 ad
1327 700 1663 738 consumma-

90 786 281 838 tionem
305 780 488 836 saeculi
519 781 586 833 ".
609 780 815 834 Aderat
841 795 972 848 ergo
995 821 1012 847 ,
1040 789 1096 834 et
1119 785 1407 851 antequam
1443 775 1667 829 adveni-

91 888 211 944 ret,
245 879 400 932 adest
426 877 588 931 etiam
631 885 919 945 postquam
967 877 1232 943 perrexit.
1277 875 1494 926 Intuere
1534 886 1666 940 ergo

94 969 549 1038 quemadmodum
593 969 644 1022 in
673 970 876 1022 mundo
899 978 1018 1022 erat
1043 967 1410 1020 invisibiliter.
1449 964 1580 1018 Nam
1614 966 1664 1018 id

95 1061 406 1116 videntibus
443 1058 730 1128 apostolis,
757 1067 811 1113 et
833 1059 1112 1112 nobiscum
1143 1069 1225 1110 est
1253 1071 1421 1125 usque
1449 1056 1517 1109 ad
1539 1071 1667 1109 con-

95 1154 511 1207 summationem
541 1152 724 1207 sreculi
757 1169 772 1206 :
799 1150 1161 1219 incorporalis
1182 1149 1324 1203 enim
1360 1158 1552 1201 natura
1585 1146 1668 1200 lo-

97 1249 172 1303 cis
199 1263 309 1302 non
336 1244 828 1300 circumscribitur.
859 1243 964 1298 Sed
991 1251 1342 1313 posteaquam
1375 1239 1668 1309 assumpsit

97 1355 324 1408 corpus,
376 1355 481 1393 non
533 1346 592 1391 ut
636 1335 1010 1392 recluderetur
1064 1333 1359 1402 assumpsit
1404 1351 1420 1388 :
1458 1331 1670 1386 salvare

97 1431 236 1484 enim
272 1431 454 1493 venit,
482 1438 536 1483 et
562 1443 670 1482 non
703 1427 881 1480 minus
925 1425 1166 1478 exaltare
1191 1461 1206 1487 ,
1245 1432 1300 1476 et
1351 1436 1456 1475 non
1491 1421 1672 1474 humi-

97 1521 228 1576 liare
257 1520 388 1589 (non
416 1518 542 1588 quia
574 1533 680 1571 non
712 1530 770 1569 se
827 1514 1133 1568 humiliavit
1165 1531 1179 1570 :
1216 1510 1492 1566 humiliari
1527 1509 1672 1564 enim

98 1612 236 1676 dico,
266 1608 517 1664 decidere
553 1621 674 1661 eum
708 1622 736 1660 a
765 1621 857 1660 sua
887 1604 1197 1671 dignitate),
1227 1602 1318 1655 sed
1343 1599 1522 1666 potius
1550 1598 1671 1652 abs-

102 1703 335 1756 condere
387 1715 542 1754 suam
578 1698 919 1768 dignitatem.
959 1694 1012 1746 Si
1041 1695 1185 1748 enim
1225 1692 1340 1760 ipse
1380 1688 1581 1744 decidit
1607 1691 1675 1743 ab

1768 505 1890 558 lista
1916 503 2076 568 dicit,
2112 497 2285 564 Erat;
2311 497 2552 567 Baptista
2594 503 2774 549 autem
2797 494 2930 548 dicit
2956 533 2971 558 ,
2999 492 3106 546 Hic
3140 504 3214 548 est
3245 508 3264 546 :
3295 503 3356 550 et

1771 596 2006 666 Spiritus
2057 601 2289 648 testatur
2321 591 2449 661 quia
2487 589 2602 657 ipse
2656 596 2779 654 est;
2810 595 2865 642 et
2915 586 3078 641 Pater
3125 587 3354 640 demon-

1771 701 1957 744 strans
1989 686 2149 748 dicit,
2188 683 2293 738 Hic
2322 693 2396 736 est
2421 699 2440 748 ;
2463 691 2517 737 et
2546 681 2718 735 Filius
2757 677 2918 744 dicit,
2960 678 3073 748 Ego
3108 697 3262 744 sum;
3291 688 3347 735 et

1771 779 2046 834 daemones
2074 777 2265 831 dicunt
2290 814 2310 841 ,
2335 774 2414 828 Tu
2439 791 2492 828 es
2524 787 2542 825 :
2575 788 2696 843 quae
2729 773 3038 840 procacitas
3069 772 3167 826 ista
3191 781 3274 826 est
3299 780 3359 828 ut

1773 887 1878 926 non
1915 870 2143 924 credat?
2164 870 2273 925 Aut
2302 868 2446 921 enim
2474 866 2617 920 Patri
2652 865 2845 930 crede,
2882 874 2974 917 aut
2999 864 3136 919 Filio
3159 866 3317 920 obedi
3339 905 3357 932 ,

1775 972 1868 1016 aut
1893 961 2156 1029 Spiritum
2186 959 2430 1014 consenti
2449 1001 2464 1024 ,
2492 968 2586 1012 aut
2618 973 2739 1012 cum
2767 957 3044 1028 prophetis
3061 941 3358 1025 concorda,

1775 1063 1869 1108 aut
1899 1070 2020 1108 cum
2041 1054 2347 1123 legislatore
2375 1051 2668 1117 confitere,
2701 1059 2794 1105 aut
2822 1058 2970 1105 certe
3003 1065 3125 1104 cum
3158 1051 3362 1106 daemo-

1781 1149 1941 1202 nibus
1966 1145 2072 1200 noli
2110 1158 2329 1214 negare.
2363 1142 2444 1199 Illi
2488 1142 2633 1197 enim
2660 1141 2846 1196 dicunt
2879 1160 2892 1194 :
2924 1139 3134 1194 Scimus
3175 1150 3223 1194 te
3271 1139 3363 1210 qui

1775 1240 1850 1294 sis
1883 1239 1956 1304 ‘3,
1991 1245 2049 1294 et
2094 1252 2198 1292 non
2253 1243 2469 1291 cessant
2525 1232 2882 1289 conﬁtentes.
2911 1230 3360 1301 Quotiescunque

1779 1331 1922 1386 enim
1955 1328 2324 1384 nominaveris
2355 1327 2695 1382 daemonibus
2746 1326 2941 1380 Filium
2993 1325 3087 1380 Dei
3143 1323 3359 1381 aliixum

1779 1422 1972 1488 cruci,
2036 1429 2331 1475 trementes
2387 1420 2570 1474 statim
2615 1432 2750 1472 voce
2785 1417 2959 1486 prima
3007 1416 3361 1470 conﬁtentur.

1779 1513 1876 1569 Est
1905 1512 2050 1567 enim
2081 1512 2249 1567 Filius
2277 1553 2291 1576 ,
2319 1521 2374 1566 et
2406 1519 2626 1577 manet,
2653 1516 2708 1563 et
2732 1523 2958 1578 regnum
2985 1508 3099 1575 ejus
3133 1523 3239 1562 non
3263 1507 3366 1561 ha—

1781 1607 1872 1660 bet
1898 1604 2082 1659 ﬁnem.
2113 1601 2220 1658 Sed
2256 1603 2418 1656 tinem
2446 1600 2644 1655 habeat
2665 1614 2726 1654 os
2756 1598 2900 1653 illius
2927 1599 3017 1666 qui
3045 1599 3212 1664 dixit,
3237 1597 3365 1666 quia

1782 1699 1934 1769 regni
1962 1697 2080 1768 ejus
2109 1705 2193 1752 est
2229 1695 2370 1748 linis.
2398 1692 2560 1748 Pater
2581 1692 2725 1747 enim
2765 1691 2856 1760 qui
2888 1691 3072 1761 genuit
3107 1705 3213 1744 non
3243 1703 3364 1758 pat-

99 1807 162 1847 eo
196 1792 341 1861 quod
373 1799 493 1844 erat
529 1789 669 1843 Deus
694 1829 709 1852 ,
769 1803 868 1842 nos
910 1801 1016 1839 non
1064 1785 1250 1853 utique
1289 1783 1565 1836 revocavit
1603 1781 1668 1834 ad

1795 1793 1980 1845 titetur
2005 1790 2070 1844 de
2101 1789 2237 1843 bona
2270 1786 2548 1857 progenie,
2577 1799 2681 1838 non
2718 1783 2938 1837 devorat
2963 1797 3118 1836 suum
3146 1780 3366 1836 Filium.

99 1897 212 1938 eam
241 1898 309 1936 ex
339 1898 442 1952 qua
467 1881 785 1937 cecidimus.
813 1878 1040 1932 Salvare
1084 1876 1250 1944 igitur
1298 1874 1460 1937 venit,
1493 1871 1674 1926 Domi-

100 1989 201 2028 nus
224 2013 240 2039 ,
274 1988 382 2028 non
414 1983 594 2027 tamen
631 1971 881 2024 amittere
913 1970 1054 2036 quod
1077 1965 1332 2020 habebat.
1361 1963 1514 2018 Fecit
1539 1963 1674 2017 bene

100 2067 213 2136 ipse
250 2080 480 2121 manens
525 2064 579 2118 in
611 2077 717 2132 quo
739 2070 850 2114 erat
892 2058 1031 2130 (76),
1066 2073 1172 2111 non
1205 2067 1395 2110 natura
1421 2055 1676 2110 excideris

101 2173 228 2225 sua,
257 2156 355 2212 sed
381 2153 759 2210 misericordia
788 2153 961 2205 utitur
992 2147 1192 2203 Patris.
1231 2146 1372 2212 Quid
1401 2161 1527 2214 ergo
1551 2159 1680 2214 pro-

102 2250 336 2323 positum
375 2257 498 2302 erat
518 2248 676 2302 nobis
708 2247 892 2300 dicere
915 2284 930 2307 ,
955 2244 1097 2312 quod
1127 2240 1299 2296 solum
1337 2242 1386 2294 ei
1411 2238 1681 2292 ‘convenit

102 2341 248 2396 dici?
278 2339 456 2395 solum
495 2351 674 2393 autem
726 2335 982 2391 convenit
1030 2333 1135 2388 dici
1164 2373 1180 2398 ,
1213 2331 1339 2400 Quia
1389 2338 1473 2384 est
1522 2329 1684 2382 Pater

99 2451 258 2499 vere,
285 2445 373 2490 est
418 2442 475 2488 et
529 2432 698 2486 Filius
723 2446 885 2493 vere,
919 2437 1003 2482 est
1038 2438 1093 2482 et
1139 2425 1379 2495 Spiritus
1438 2432 1678 2476 sanctus.

101 2525 216 2582 Non
242 2526 404 2582 Otiosi
437 2538 718 2579 sermones
741 2563 755 2586 ,
785 2537 892 2576 non
917 2535 1088 2574 vacua
1112 2517 1282 2572 verba
1309 2556 1325 2581 ,
1353 2515 1446 2570 sed
1493 2524 1683 2568 natura

102 2636 250 2675 vera.
279 2619 442 2674 Pater
465 2633 569 2671 non
602 2624 766 2670 natus
791 2655 806 2678 ,
834 2623 890 2668 et
915 2613 1064 2668 solus
1097 2626 1200 2664 non
1256 2618 1415 2663 natus
1450 2625 1462 2660 :
1493 2617 1547 2660 et
1596 2605 1687 2659 Fi-

108 2710 216 2764 lius
249 2708 564 2776 unigenitus
587 2746 602 2769 ,
659 2713 715 2759 et
763 2703 908 2758 solus
937 2701 1249 2771 unigenitus
1289 2708 1373 2752 est
1407 2715 1421 2750 :
1453 2696 1688 2765 Spiritus

106 2811 329 2857 sanctus
370 2801 460 2870 qui
509 2815 539 2852 a
591 2797 730 2852 Filio
787 2795 1082 2850 secundum
1130 2792 1310 2846 Patris
1354 2791 1688 2844 voluntatem

106 2897 362 2954 mittitur.
389 2893 484 2946 Vis
528 2900 709 2947 autem
759 2889 976 2944 edoceri
1005 2887 1129 2956 quia
1174 2886 1292 2939 haec
1324 2897 1453 2937 vere
1502 2882 1690 2934 dicun-

114 3000 200 3044 tur
221 2988 340 3060 (77)
366 2987 390 3041 ?
427 2985 589 3041 Venit
616 2983 874 3038 Dominus
912 2981 978 3034 ad
996 2979 1319 3049 baptismum
1347 2976 1570 3031 Joannis
1591 3015 1606 3041 ,
1637 2981 1694 3028 et

109 3081 316 3135 videbis
341 3079 431 3147 qui
464 3087 547 3132 est
567 3076 657 3145 qui
688 3075 855 3138 dicit,
901 3073 1002 3126 Hic
1035 3080 1113 3125 est
1148 3069 1324 3123 Filius
1376 3085 1526 3121 meus
1552 3065 1692 3119 dile-

109 3174 370 3227 ctissimus
390 3211 405 3236 ,
430 3172 484 3223 in
512 3184 612 3237 quo
649 3166 780 3219 mihi
818 3165 940 3218 bene
967 3161 1259 3232 complacui
1293 3161 1360 3213 ⁸³.
1395 3159 1531 3226 Quis
1555 3157 1692 3212 dicit

109 3264 262 3320 haec?
296 3263 483 3331 utique
511 3259 673 3312 Pater
693 3258 758 3312 de
786 3257 897 3311 Deo
918 3295 932 3319 ,
967 3254 1058 3323 qui
1087 3252 1372 3306 videbatur
1415 3257 1472 3301 ut
1503 3249 1688 3302 homo.

113 3357 214 3425 Qui
243 3355 380 3410 dicit
435 3367 606 3422 ergo,
669 3349 832 3404 Pater
881 3357 964 3401 est
1003 3365 1017 3400 :
1050 3347 1114 3399 de
1159 3357 1268 3411 quo
1316 3340 1689 3394 testimonium

112 3459 257 3514 erat,
289 3446 459 3502 Filius
513 3453 598 3499 est
629 3462 643 3498 :
671 3441 912 3511 Spiritus
968 3440 1022 3492 in
1071 3437 1250 3505 specie
1299 3434 1582 3487 columbae.
1627 3433 1694 3487 Et

113 3545 201 3614 qui
234 3551 298 3597 ut
324 3541 484 3593 homo
521 3540 845 3606 apparebat,
874 3543 927 3587 et
948 3531 1038 3601 qui
1091 3531 1141 3582 in
1199 3527 1418 3582 homine
1461 3526 1683 3580 habita-

112 3637 202 3690 bat
225 3676 241 3699 ,
272 3643 330 3688 et
355 3632 521 3702 quiin
554 3641 786 3698 corpore
813 3634 966 3689 erat,
993 3622 1299 3679 testabatur
1330 3629 1385 3675 et
1425 3620 1642 3674 dicebat
1671 3637 1686 3672 :

115 3727 339 3798 Expedit
372 3725 509 3778 vobis
540 3732 593 3776 ut
626 3737 719 3791 ego
759 3720 971 3774 vatiam.
1031 3715 1094 3770 Si
1128 3715 1299 3777 enim,
1349 3711 1565 3779 inquit,
1599 3725 1692 3778 ego

117 3841 217 3878 non
241 3823 356 3874 iero
382 3859 397 3884 ,
426 3817 654 3887 Spiritus
673 3829 774 3867 non
805 3813 967 3865 veniet
999 3825 1017 3862 :
1041 3824 1160 3861 cum
1199 3821 1292 3876 ego
1321 3805 1432 3857 iero
1450 3843 1465 3868 ,
1497 3803 1690 3870 rogabo

118 3914 332 3968 Patrem
358 3926 530 3965 meum
559 3908 624 3960 ⁸⁵.
660 3905 778 3960 Νοη
830 3913 1010 3957 tamen
1045 3916 1132 3955 me
1168 3908 1223 3954 et
1266 3898 1432 3952 alium
1464 3899 1696 3949 advoca-

115 4016 226 4061 tum
263 4003 621 4059 mittetPater
649 3999 716 4052 ad
750 4012 870 4054 vos.
907 3995 1011 4062 Qui
1037 3993 1216 4059 vadit,
1241 4000 1295 4046 et
1325 3991 1419 4060 qui
1445 3998 1690 4058 rogatur,

113 4109 167 4153 et
198 4099 292 4169 qui
328 4096 597 4157 mittitur,
654 4107 758 4146 non
815 4091 888 4145 dii
923 4089 1197 4142 dicuntur.
1233 4085 1384 4140 Unus
1425 4082 1577 4137 enim.
1611 4088 1696 4134 est

115 4189 257 4243 Deus
294 4203 322 4241 a
351 4202 458 4256 quo
489 4194 615 4240 sunt
667 4183 846 4236 omnia
871 4220 886 4246 ,
936 4191 992 4234 et
1045 4193 1188 4233 unus
1238 4175 1498 4230 Dominus
1537 4173 1694 4228 Jesus

115 4297 211 4352 per
241 4275 402 4350 quem
437 4286 564 4332 sunt
591 4273 796 4331 omnia.
827 4273 935 4328 Sed
966 4286 1104 4325 unus
1129 4270 1268 4323 Deus
1287 4283 1392 4323 non
1431 4276 1612 4332 natus,
1642 4273 1697 4322 et

116 4390 257 4429 unus
290 4371 606 4442 unigenitus
634 4367 893 4422 Dominus
917 4375 1078 4418 natus
1107 4379 1137 4416 a
1166 4362 1274 4419 Deo
1309 4369 1413 4415 est.
1444 4357 1500 4413 Si
1549 4359 1695 4413 enim

117 4485 225 4524 non
261 4475 449 4521 natum
485 4474 540 4517 et
569 4478 673 4516 non
699 4471 884 4515 natum
918 4461 1155 4513 dicerem
1178 4496 1191 4517 ,
1229 4463 1323 4508 aut
1351 4451 1692 4521 unigenitum
1729 4483 1774 4538 Β

119 4572 173 4619 ει
198 4558 576 4631 unigenitum;
605 4565 734 4610 tunc
765 4565 1136 4607 asseverarem
1166 4549 1215 4601 id
1257 4545 1400 4615 quod
1433 4559 1538 4598 non
1564 4542 1698 4596 dicit

119 4653 388 4714 Ecclesia.
424 4650 564 4717 Quid
600 4662 729 4718 ergo
757 4647 887 4700 dicit
919 4644 1082 4699 Pater
1141 4642 1192 4694 in
1248 4638 1474 4693 Joannis
1514 4637 1695 4705 bapti-

120 4745 334 4804 smum?
367 4742 468 4797 llic
499 4750 571 4795 est
608 4739 780 4793 Filius
803 4753 948 4791 meus
1011 4734 1272 4796 dilectus,
1320 4731 1374 4782 in
1418 4745 1518 4804 quo
1576 4727 1700 4782 bene

120 4838 419 4910 compiacui
448 4836 532 4888 6“‘i
561 4832 773 4888 Sufﬁcit
798 4847 827 4884 a
861 4829 973 4884 Deo
1025 4835 1080 4884 et
1136 4822 1300 4879 semel
1345 4823 1567 4884 audire,
1607 4817 1699 4872 sed

121 4951 228 4992 non
267 4931 402 4986 dicit
436 4927 627 4983 semel.
659 4923 936 4994 Siquidem
965 4930 1019 4975 et
1058 4919 1112 4972 in
1146 4923 1330 4971 monte
1353 4929 1474 4967 cum
1504 4910 1698 4964 fuisset

121 5024 383 5081 Dominus
411 5004 832 5089 transﬁguratus
886 5021 1150 5083 praesente
1205 5008 1388 5079 Moyse
1439 5013 1494 5059 et
1545 5002 1704 5067 Elia,

119 5120 313 5175 eadem
347 5113 545 5184 repetit
574 5121 628 5167 et
667 5110 798 5165 dicit
825 5126 838 5162 :
865 5109 968 5162 Hic
1007 5117 1081 5160 est
1145 5101 1321 5155 Filius
1372 5115 1518 5151 meus
1567 5095 1702 5147 dile-

123 5212 391 5266 ctissimus
419 5209 473 5260 in
501 5221 602 5274 quo
647 5205 774 5256 bene
820 5197 1144 5267 compiacui;
1187 5195 1359 5262 ipsum
1406 5189 1586 5242 audite
1631 5185 1700 5239 ⁸⁸.

122 5305 258 5360 Nam
292 5315 347 5358 et
376 5300 612 5355 Joannes
644 5296 838 5351 similia
887 5293 1085 5346 fatetur
1111 5298 1163 5343 et
1191 5287 1324 5340 dicit
1359 5302 1371 5336 :
1400 5282 1504 5348 Qui
1556 5279 1703 5333 misit

124 5415 204 5453 me
231 5397 501 5464 baptizare
526 5393 578 5445 in
613 5407 750 5460 aqua
772 5428 787 5453 ,
810 5389 918 5456 ipse
949 5384 1074 5438 mihi
1100 5381 1259 5445 dixit,
1291 5375 1358 5430 In
1381 5389 1531 5444 quem
1561 5373 1703 5425 vide-

229 5509 274 5540 “
312 5507 467 5560 Juan.
501 5520 603 5568 xu,
626 5501 715 5556 55.

791 5501 834 5531 θ’
865 5498 1054 5552 Matth.
1101 5508 1266 5548 xxvut
1295 5534 1308 5552 ,
1344 5488 1434 5543 20.
1512 5487 1556 5519 ⁸³
1607 5483 1794 5540 Matth.
1828 5499 1924 5548 ιιι,
1987 5485 2075 5539 l7.

1772 1883 2081 1940 lnvidemus
2107 1879 2322 1934 fabulas
2342 1878 2603 1948 gentium,
2623 1883 2677 1930 et
2692 1875 2888 1928 iterum
2907 1874 3124 1927 easdem
3150 1872 3370 1927 induci-

1775 1989 1897 2028 mus
1932 1990 1947 2026 :
1984 1985 2090 2026 non
2122 1972 2357 2036 nos,sed
2381 1967 2472 2038 qui
2504 1981 2668 2020 ausus
2689 1973 2772 2018 est
2801 1963 3018 2019 Galata.
3055 1963 3196 2017 Deus
3223 1963 3369 2016 enim

1776 2079 1884 2118 non
1905 2077 2092 2118 vocem
2120 2059 2306 2132 genuit
2334 2058 2426 2112 sed
2447 2057 2665 2118 Filium,
2692 2069 2795 2108 non
2821 2067 3124 2109 sermonem
3161 2051 3256 2106 sed
3290 2051 3372 2105 vi-

1778 2164 2036 2218 tam,non
2054 2153 2256 2206 dictum
2272 2150 2366 2205 sed
2399 2148 2588 2202 Deum.
2617 2146 2770 2214 Apud
2805 2145 2970 2200 Deum
2999 2145 3168 2205 enim,
3187 2158 3292 2198 non
3314 2141 3370 2196 it:

1780 2260 1876 2300 ore
1934 2244 2028 2298 Dei
2058 2262 2071 2297 :
2133 2243 2199 2296 ad
2227 2242 2504 2296 dexteram
2536 2239 2654 2303 Dei,
2691 2255 2795 2294 non
2827 2247 3002 2292 tamen
3035 2239 3124 2307 qui
3156 2239 3208 2291 in
3238 2250 3372 2293 voce

1783 2347 1888 2391 est.
1925 2334 2171 2389 Judicem
2208 2348 2329 2388 eum
2354 2331 2446 2401 qui
2470 2331 2741 2393 viviﬁcat,
2781 2344 2970 2384 verum
3024 2329 3244 2394 lumen,
3273 2328 3372 2397 ju-

1783 2430 1944 2485 stitim
1972 2427 2174 2482 solem.
2205 2425 2410 2478 Lumen
2446 2431 2627 2475 autem
2658 2436 2766 2474 non
2803 2421 2928 2486 tale,
2960 2421 3119 2490 quale
3147 2430 3202 2475 et
3230 2420 3372 2490 apud

1785 2536 1928 2574 nos:
1965 2518 2098 2572 nihil
2135 2515 2470 2582 accipiamus
2498 2511 2714 2566 visibile
2747 2512 2812 2565 ad
2858 2511 3248 2565 exhibitionem
3281 2511 3371 2566 in-

1785 2609 2042 2666 visibilis.
2069 2608 2185 2662 Nou
2215 2608 2348 2662 mihi
2375 2607 2536 2661 isthic
2570 2605 2742 2658 fontes
2761 2604 2998 2657 adducas
3024 2604 3075 2659 in
3096 2603 3328 2657 medium
3354 2622 3372 2660 :

1789 2719 1894 2759 non
1921 2702 2088 2757 solem
2125 2710 2180 2756 et
2202 2699 2319 2769 ejus
2347 2700 2550 2754 lumen.
2589 2698 2720 2763 Quae
2750 2697 2893 2750 enim
2930 2711 3026 2764 per
3075 2697 3268 2752 Filium
3295 2697 3376 2750 fa-

1789 2807 1873 2852 cta
1910 2804 2066 2861 sunt,
2102 2810 2206 2850 non
2235 2804 2626 2860 comparantur
2649 2793 2809 2848 Filio.
2841 2791 2953 2846 lloc
2982 2791 3127 2845 enim
3179 2792 3368 2846 lumen

1790 2903 1897 2941 non
1920 2895 2004 2941 est
2023 2886 2184 2951 solis,
2210 2887 2305 2940 sed
2341 2883 2630 2938 eiiicientia
2683 2883 2814 2938 solis
2845 2900 2858 2936 :
2892 2881 2994 2936 hoc
3050 2881 3234 2935 lumen
3265 2895 3374 2935 non

1792 2979 1961 3034 habet
1983 2980 2148 3032 vitam
2179 3021 2193 3044 ,
2220 2975 2390 3031 Filius
2423 2985 2601 3028 autem
2630 2975 2739 3028 vita
2766 2982 2851 3028 est
2883 2973 3026 3028 :hoc
3050 2972 3230 3027 lumen
3267 2985 3375 3025 non

1797 3072 1971 3139 aperit
2031 3069 2216 3124 oculos
2250 3083 2558 3131 caecorum,
2615 3067 2708 3120 sed
2747 3065 2832 3122 his
2879 3067 2970 3133 qui
3028 3064 3204 3120 creati
3251 3071 3378 3118 sunt

1799 3163 2006 3232 praebet
2040 3163 2246 3217 videre.
2279 3160 2383 3215 Sed
2421 3174 2489 3214 ne
2517 3159 2734 3229 quidem
2763 3159 2869 3214 hoc
2899 3173 2926 3212 a
2951 3172 3011 3213 se
3035 3197 3050 3224 ,
3081 3158 3175 3212 sed
3216 3157 3284 3212 ab
3312 3171 3380 3212 eo

1797 3257 1887 3326 qui
1920 3255 2162 3311 indulsit.
2203 3253 2316 3309 l-loc
2350 3254 2527 3308 lumen
2557 3253 2611 3308 in
2647 3237 2883 3312 tenebris
2938 3266 3044 3306 non
3081 3249 3224 3305 lucet
3257 3263 3272 3301 :
3301 3257 3386 3304 te—

1800 3347 1982 3402 nebrae
2008 3345 2152 3400 enim
2201 3360 2324 3399 eum
2380 3359 2483 3397 non
2515 3341 3006 3411 comprehendunt.
3045 3339 3124 3396 De
3158 3340 3250 3394 illo
3279 3354 3383 3394 au-

1801 3449 1908 3493 tem
1938 3438 2141 3492 lumine
2168 3437 2367 3491 dictum
2401 3444 2484 3489 est
2513 3455 2526 3489 :
2561 3433 2760 3488 Lumen
2783 3435 2838 3485 in
2864 3432 3085 3486 tenebris
3108 3431 3275 3499 lucet,
3306 3438 3384 3484 te-

1798 3527 1970 3581 nebrce
1999 3540 2116 3578 eum
2146 3539 2252 3576 non
2279 3520 2777 3590 comprehenderunt
2803 3517 2870 3570 δ’.
2903 3516 3021 3571 Hoc
3063 3515 3241 3569 lumen
3272 3529 3380 3568 non

1798 3619 2006 3688 pascit,
2035 3630 2141 3670 non
2175 3615 2437 3669 transfert
2463 3627 2657 3682 aquam
2686 3610 2753 3664 ad
2788 3609 2974 3663 vinum
3009 3608 3152 3662 :hoc
3198 3607 3381 3660 lumen

1799 3727 1906 3766 non
1937 3709 2166 3764 suscitat
2189 3716 2463 3770 mortuos,
2498 3705 2592 3758 sed
2621 3703 2858 3757 otiosum
2907 3708 2992 3755 est
3022 3698 3248 3753 mortuis
3285 3716 3298 3752 :
3329 3705 3386 3756 ct

1800 3820 1906 3859 non
1935 3802 2062 3872 quia
2089 3815 2378 3855 commune
2410 3808 2494 3852 est
2525 3811 2721 3850 nomen
2751 3835 2765 3859 ,
2795 3802 2954 3864 putas
2993 3790 3117 3860 quia
3142 3798 3196 3844 et
3234 3803 3384 3844 com-

1800 3897 1981 3952 munis
2023 3903 2214 3948 natura
2242 3903 2346 3947 est.
2383 3890 2495 3945 Hoc
2524 3889 2704 3944 lumen
2737 3895 2831 3941 aut
2859 3886 2910 3940 in
2939 3885 3114 3956 primo
3139 3883 3227 3937 die
3251 3919 3267 3948 ,
3291 3889 3387 3934 aut

1801 4003 1922 4044 cum
1949 3986 2063 4042 sole
2092 3987 2147 4040 in
2175 3994 2368 4055 quarto
2393 4024 2408 4048 ,
2431 3980 2885 4052 quemadmodum
2915 3977 3040 4046 quis
3067 3974 3339 4046 putaverit
3366 4013 3383 4037 ,

1801 4082 1889 4136 die
1919 4088 2115 4150 quarto
2145 4077 2481 4132 estfactum.
2518 4073 2689 4130 Filius
2721 4079 2902 4125 autem
2956 4083 3062 4124 non
3100 4067 3153 4122 in
3208 4067 3386 4138 primo

1803 4173 1889 4227 die
1910 4212 1926 4238 ,
1955 4185 2128 4241 neque
2159 4171 2211 4224 in
2242 4178 2434 4239 quarto
2456 4207 2471 4232 ,
2497 4181 2673 4235 neque
2708 4165 2760 4218 in
2789 4173 2961 4218 totum
2986 4162 3041 4216 in
3071 4160 3180 4227 die,
3211 4174 3388 4228 neque

1803 4267 1857 4322 in
1893 4266 2025 4320 hara
2055 4305 2071 4328 ,
2097 4279 2273 4333 neque
2319 4261 2372 4316 in
2428 4256 2800 4330 temporibus,
2833 4271 3010 4325 neque
3066 4255 3121 4309 in
3149 4251 3384 4312 saeculis.

1803 4355 1930 4411 llatae
1959 4357 2102 4410 enim
2131 4342 2227 4422 per
2251 4353 2448 4408 Filium
2471 4395 2486 4418 ,
2517 4333 2628 4405 non
2652 4361 2830 4405 tamen
2858 4346 3027 4406 Filius
3053 4346 3106 4398 in
3135 4343 3242 4398 his.
3269 4339 3386 4397 Non

1803 4451 1947 4503 enim
1981 4464 2009 4500 a
2037 4444 2422 4501 communione
2451 4442 2732 4496 hominum
2767 4437 3100 4494 confundere
3127 4433 3388 4488 debemus

1803 4540 2160 4594 dilferentiam
2199 4545 2433 4590 naturae.
2488 4532 2603 4588 Hoc
2655 4532 2837 4586 lumen
2884 4544 2980 4598 per
3003 4527 3150 4581 illum
3202 4523 3386 4578 lumen

1801 4641 1904 4685 est.
1925 4630 2038 4683 Non
2059 4643 2187 4700 ergo
2218 4639 2597 4696 comparemus
2628 4611 2883 4678 insi’milia
2910 4627 3000 4672 aut
3026 4617 3221 4672 similia
3247 4615 3384 4684 (73).

1803 4721 1988 4792 Neque
2014 4720 2192 4775 fontes
2216 4727 2268 4772 et
2301 4725 2510 4772 meatus
2537 4714 2764 4770 fontium
2788 4754 2803 4780 ,
2833 4720 2889 4766 et
2927 4711 3074 4766 rivos
3089 4717 3145 4763 et
3172 4706 3386 4772 ﬂuvios,

1803 4815 1929 4886 quia
1960 4829 2064 4869 non
2089 4811 2275 4867 deﬂuit
2296 4810 2488 4873 Pater,
2520 4811 2615 4863 sed
2647 4816 2830 4861 manet
2869 4813 2928 4858 ut
2957 4810 3100 4859 erat.
3133 4799 3252 4871 Ipse
3300 4807 3390 4853 est

1807 4908 1950 4964 enim
1986 4907 2076 4978 qui
2108 4915 2210 4960 est.
2237 4903 2421 4974 Neque
2449 4900 2726 4972 passiones
2761 4907 2974 4969 Oportet
3022 4893 3241 4964 adiungi
3283 4892 3388 4947 im-

1807 4997 2047 5068 passibih
2075 4995 2223 5050 Patri
2252 5014 2265 5049 :
2296 4994 2421 5063 quia
2446 5007 2554 5046 non
2581 4989 2874 5053 dividitur,
2910 5001 3015 5040 non
3070 4980 3339 5038 scinditur
3369 5015 3387 5043 ,

1808 5105 1914 5146 non
1950 5097 2271 5159 separatur,
2300 5086 2394 5141 sed
2427 5092 2612 5139 manet
2635 5090 2691 5137 et
2733 5087 2979 5151 generat.
3020 5075 3256 5130 Generat
3287 5086 3387 5123 au-

1809 5195 1916 5238 tem
1947 5192 2005 5238 ut
2035 5183 2210 5251 ipsum
2245 5181 2402 5234 decet
2436 5190 2596 5231 nosse
2616 5214 2631 5240 ,
2665 5183 2723 5228 et
2752 5187 2852 5226 nos
2878 5169 3127 5225 adorare.
3161 5162 3277 5217 Noli
3307 5161 3390 5215 di-

1808 5289 1934 5329 cere
1963 5271 2418 5343 quemadmodum
2445 5307 2462 5334 ,
2494 5280 2668 5339 neque
2721 5277 2933 5335 qumras
2978 5256 3386 5330 generationem

1807 5367 1955 5424 illam
1991 5381 2156 5438 quam
2189 5364 2366 5418 nullus
2387 5367 2640 5427 enarrat,
2677 5356 2858 5412 nullus
2889 5353 3025 5420 seit,
3065 5347 3242 5404 nuilus
3280 5361 3384 5400 no-

2169 5483 2214 5514 “
2267 5479 2425 5536 Joan.
2479 5491 2608 5542 xv1,
2665 5473 2719 5527 7.
2812 5471 2858 5503 ⁸⁵
2905 5468 3097 5523 Matth.
3155 5477 3256 5531 ut,
3293 5458 3386 5517 17.

126 5582 170 5613 ⁶³
204 5553 683 5650 Manlian-vii,
706 5553 775 5602 7"
817 5567 974 5623 Joan.
1001 5583 1055 5633 ι,
1089 5566 1181 5619 55.
1257 5562 1301 5593 ⁸⁸
1343 5561 1474 5614 Luc.
1505 5556 1698 5623 ιν,ῗ›4.

1801 5554 1829 5586 ⁸
1860 5554 2017 5628 Joap.
2049 5571 2102 5620 ι,
2137 5553 2194 5608 5.

197 5676 310 5740 (7b)
355 5673 453 5726 iis.
489 5670 636 5723 Facit
669 5670 792 5722 bene
819 5666 924 5740 ipse
948 5680 1162 5718 manens
1193 5663 1246 5714 in
1287 5677 1386 5728 quo
1414 5666 1546 5711 erat.

201 5738 312 5816 (77)
340 5744 480 5798 Infra
513 5742 603 5796 lib.
636 5756 694 5804 ιι,
730 5740 828 5794 sub
854 5738 972 5789 init.

1877 5644 1989 5722 (73)
2020 5641 2744 5717 1ηεὺηῐ1ἰα,Ἀνόμοιαίηιί“ιι
2771 5639 2865 5694 lib.
2896 5651 2955 5702 ιι,
2987 5639 3106 5704 post
3133 5629 3277 5688 med.

2821 5799 2862 5826 κ
