3810 6218
438 357 580 415 1055

1112 331 1392 409 Ἐιίδιιὶθιὶ
1433 339 1912 405 CESARIENSIS
1950 336 2024 392 or

2144 328 2329 388 PARS
2367 327 2456 383 tv.
2497 355 2570 367 --
2608 317 3055 388 θοοΜΑτιαΑ.ι

3577 312 3706 368 1056

433 481 536 532 vit.
566 476 708 531 Cede
733 518 749 543 ,
779 484 832 532 et
864 473 1126 531 conﬁtere
1183 473 1558 528 inﬁrmitatem
1610 478 1780 523 tuam.
1811 465 2016 521 Ohum-

2142 485 2204 531 εει
2240 471 2410 528 bene!
2446 467 2562 524 Non
2608 467 2750 523 enim
2808 466 2923 519 lucc
2975 471 3060 516 est
3106 473 3355 514 mensura
3390 457 3704 512 distantia:

434 569 556 625 1›ι·θι
580 579 630 623 te
651 568 920 623 Christus.
949 567 1004 622 Si
1033 569 1176 622 enim
1205 576 1258 620 tu
1309 564 1584 635 quomodo
1615 571 1772 615 natus
1805 574 1864 612 es
1920 571 2014 610 ne-

435 662 579 726 scis,
607 662 1064 734 quemadmodum
1091 704 1105 730 ,
1139 661 1234 732 qui
1281 661 1349 716 de
1373 669 1424 714 te
1471 659 1691 727 ignoras
1712 696 1726 721 ,
1756 655 1822 707 de
1854 651 2018 706 Patre

435 764 492 808 et
524 751 662 810 Filio
683 763 774 808 aut
802 754 1033 823 quaeris,
1073 761 1163 807 aut
1188 766 1349 807 nosse
1386 759 1437 806 te
1473 747 1673 818 putas?
1707 747 1845 813 Quid
1889 759 2017 814 ergo

437 860 546 900 non
570 845 828 900 debemus
858 846 1104 900 conliteri
1151 845 1316 898 Deum
1349 849 1405 896 et
1458 839 1695 896 Filium?
1747 835 2018 894 Conﬁtere

437 951 501 993 ea
538 951 657 1007 qua:
682 937 748 992 de
772 936 937 992 Patre
968 947 1021 992 et
1053 936 1190 991 Filio
1219 935 1421 1004 scripta
1463 942 1631 989 sunt:
1669 940 1724 986 et
1767 929 1875 986 noli
1925 944 2020 983 cu-

437 1030 616 1086 riosus
645 1045 705 1084 ea
737 1045 855 1100 qum
882 1044 986 1082 non
1023 1038 1149 1082 sunt
1198 1029 1395 1097 scripta
1429 1026 1727 1095 requirere.
1766 1022 1974 1077 Dicitur
2001 1060 2018 1084 ,

438 1123 507 1178 In
529 1123 786 1192 princivio
812 1133 960 1186 erat,
991 1131 1046 1176 et
1081 1121 1203 1191 quis
1233 1120 1452 1175 audebit
1484 1114 1913 1186 reprehendere?
1961 1112 2020 1168 Si

441 1224 622 1269 autem
650 1225 705 1269 et
729 1215 1136 1285 reprehenderit
1170 1223 1219 1268 te
1245 1255 1260 1280 ,
1300 1220 1471 1267 semet
1527 1212 1702 1280 ipsum
1737 1210 1902 1263 Iaulit.
1952 1205 2020 1260 In

439 1305 700 1374 principio
723 1313 837 1358 erat
878 1303 1102 1358 Verbum
1123 1344 1138 1370 ,
1167 1313 1213 1357 et
1261 1300 1485 1356 Verbum
1513 1313 1624 1355 erat
1651 1299 1792 1369 apud
1829 1298 2017 1363 Deum,

329 1431 341 1450 ι
436 1407 487 1451 et
523 1397 659 1451 Deus
702 1407 815 1452 erat
885 1394 1130 1448 Verbum.
1178 1394 1283 1448 llic
1319 1403 1431 1448 erat
1473 1394 1526 1447 in
1577 1393 1836 1463 principio
1879 1390 2020 1459 apud

439 1488 629 1542 Deum.
658 1488 722 1541 Et
747 1487 939 1556 saepius
969 1489 1067 1540 ista
1105 1487 1376 1547 dicantur,
1405 1495 1458 1539 et
1489 1484 2022 1552 nihilconquutratur

439 1578 588 1631 novi.
618 1576 834 1632 Utinam
865 1585 1042 1630 autem
1080 1573 1254 1629 solum
1283 1574 1614 1642 legeremus!
1650 1573 1857 1626 utinam
1888 1570 2021 1625 solis

440 1668 740 1738 Scripturis
771 1667 1008 1722 contenti
1040 1666 1319 1721 esswtusl
1349 1675 1406 1720 et
1434 1665 1502 1720 lis
1547 1663 1692 1719 nulla
1727 1663 1912 1718 ﬁebat.
1962 1659 2020 1715 Si

441 1759 588 1811 enim
616 1759 740 1827 quis
787 1757 1109 1826 litigat,vel
1155 1757 1519 1820 contradicit,
1561 1756 1806 1825 jurgatus
1855 1752 2022 1807 fuerit

443 1849 529 1903 his
555 1864 674 1918 quae
697 1849 894 1918 scripta
926 1858 1052 1904 sunt
1078 1868 1093 1904 :
1124 1864 1229 1905 non
1261 1849 1329 1904 ad
1377 1847 1648 1902 hominem
1684 1846 1893 1916 litigat,
1925 1846 2021 1899 sed

442 1941 512 1995 ad
566 1940 872 2010 Deum_qui
926 1941 1170 2011 scripsit.
1213 1939 1362 1996 Unde
1389 1950 1569 1993 autem
1627 1938 1858 1991 eﬁicitur
1909 1935 2022 1990 lis?

441 2049 566 2087 eum
594 2048 657 2086 ea
691 2048 809 2102 quae
835 2049 901 2087 ex
932 2035 1097 2089 corde
1135 2043 1259 2088 sunt
1298 2032 1643 2097 proferimus.
1689 2032 1823 2085 Puto
1876 2031 2019 2083 enitn

439 2127 563 2194 quia
601 2125 777 2180 nullus
801 2135 881 2180 est
907 2126 1292 2196 aususjurgari
1323 2129 1389 2180 ad
1423 2125 1612 2181 Deum.
1639 2124 1711 2178 Ea
1735 2138 1856 2194 quae
1881 2122 2021 2176 scri-

443 2228 532 2287 pta
564 2227 688 2271 sunt
720 2217 865 2287 lege,
890 2226 944 2272 et
972 2216 1148 2271 nullus
1174 2217 1502 2286 jurgabitur.
1532 2215 1696 2268 Pater
1749 2214 1931 2268 statim
1965 2221 2023 2266 ut

376 2366 384 2376 _
439 2304 620 2359 dit-tus
651 2305 751 2358 fuit
785 2305 978 2370 Pater,
1008 2305 1237 2375 requirit
1283 2307 1384 2361 ista
1421 2321 1518 2359 vox
1547 2304 1764 2358 Filium.
1817 2302 2024 2357 Dicitur

440 2391 649 2458 Filius,
706 2404 760 2449 et
817 2397 869 2450 itt
923 2411 988 2452 eo
1042 2398 1160 2468 ipso
1213 2399 1338 2452 dum
1391 2397 1632 2460 dicitur,
1669 2395 1828 2449 Pater
1885 2409 2022 2449 con-

439 2485 642 2540 ﬁtetur.
699 2486 813 2542 Non
859 2489 1006 2542 cnim
1039 2505 1206 2544 vacua
1238 2505 1338 2544 vox
1371 2499 1452 2544 est
1492 2488 1690 2553 Pater,
1727 2488 1820 2542 sed
1862 2485 2023 2540 exhi-

437 2577 573 2632 bens
619 2589 864 2635 naturam
916 2580 1062 2636 Filii.
1105 2582 1220 2636 Non
1261 2597 1431 2636 vacua
1472 2591 1555 2636 est
1591 2597 1691 2635 vox
1734 2595 1854 2650 qute
1895 2578 2026 2634 dicit

440 2669 671 2734 Filium,
735 2673 828 2726 sed
896 2676 1209 2741 praecedens
1259 2677 1550 2728 conﬁtetur
1604 2671 1860 2736 Patrem,
1915 2685 2021 2723 non

450 2762 786 2830 temporibus
811 2801 827 2829 ,
864 2777 968 2816 non
1015 2763 1242 2833 spatiis,
1289 2766 1383 2818 sed
1427 2762 1688 2830 dignitate
1712 2770 1765 2814 et
1796 2760 2023 2814 honore.

441 2851 606 2908 Pater
662 2853 835 2925 diligit
875 2855 1102 2922 Filium,
1149 2857 1322 2925 diligit
1363 2864 1416 2910 et
1463 2855 1720 2924 diligitur.
1767 2852 1921 2909 Unde
1961 2852 2026 2908 lis

442 2944 547 2998 ista
610 2954 727 3012 est,
775 2964 880 3002 non
930 2948 1165 3004 invenio.
1225 2946 1337 3002 Illic
1389 2963 1528 3017 pax,
1586 2958 1642 3002 et
1697 2947 1854 3001 isthic
1907 2946 2026 3014 jur-

444 3038 554 3106 gia.
603 3037 720 3093 Illic
778 3039 1028 3106 dilectio,
1085 3049 1142 3094 et
1181 3040 1270 3096 hic
1317 3041 1612 3094 contentio.
1649 3037 1704 3093 Si
1757 3038 2027 3108 diligimus

2051 1813 2094 1868 B

2118 569 2246 638 quia
2273 578 2448 634 neque
2485 571 2866 628 comparamur
2889 595 2906 620 ,
2951 565 3126 622 neque
3175 565 3460 621 aequamur
3489 563 3505 602 :
3540 564 3709 616 neque

2123 661 2178 715 in
2211 674 2319 730 quo
2343 657 2524 710 minus
2559 666 2769 707 sumus.
2805 647 2921 702 Non
2960 662 3058 701 nos
3083 645 3293 709 solum,
3330 645 3426 698 sed
3466 657 3572 697 nec
3616 657 3708 694 au-

2120 753 2265 825 geli,
2295 759 2388 805 aut
2415 744 2764 814 archangeli,
2815 749 2907 796 aut
2944 739 3206 800 virtutes,
3249 745 3344 790 aut
3373 733 3710 789 dominatio-

2120 824 2238 910 nes,
2256 857 2428 914 neque
2451 839 2593 894 aliud
2620 835 2844 906 aliquid,
2874 833 2968 888 sed
2991 832 3174 886 omnia
3190 829 3585 896 relinquuntur
3603 824 3710 895 (80)

2123 940 2192 993 ab
2224 935 2502 1006 unigenito
2522 951 2536 988 :
2559 933 2673 1002 ipse
2692 937 2868 984 autem
2895 925 2992 980 soli
3013 925 3102 979 uni
3129 931 3252 978 nato
3273 937 3378 976 non
3404 920 3553 975 cedit
3581 918 3709 990 (81).

2120 1030 2236 1085 Νοη
2267 1042 2456 1084 sumus
2483 1023 2649 1080 Judaei
2670 1062 2686 1087 ,
2715 1020 3041 1075 conﬁtemur
3065 1017 3207 1071 enim
3226 1014 3447 1069 Filium.
3471 1011 3597 1066 Non
3629 1027 3717 1065 su-

2121 1139 2242 1178 mus
2269 1119 2497 1192 gentiles
2517 1159 2533 1181 ,
2571 1117 2698 1188 quia
2734 1130 2838 1168 non
2880 1111 3110 1168 dicimus
3133 1107 3331 1162 multos
3356 1105 3584 1159 Patres.
3605 1100 3683 1154 No
3706 1123 3714 1148 ι

2122 1229 2309 1271 sumus
2343 1212 2622 1274 lucretici,
2655 1209 2858 1262 scimus
2896 1205 3039 1261 enim
3082 1202 3366 1273 Spiritum.
3423 1200 3538 1255 Sed
3591 1198 3717 1267 quid

2123 1306 2352 1362 sumus?
2403 1305 2612 1374 Sponsa
2649 1300 2882 1355 viventis
2915 1297 3099 1368 sponsi
3150 1311 3247 1364 per
3296 1293 3585 1349 Christum
3625 1307 3720 1345 nos

2123 1413 2326 1454 sumus.
2363 1395 2418 1451 Si
2452 1410 2579 1466 ergo
2606 1409 2704 1449 nos
2732 1393 2822 1462 qui
2857 1407 2954 1461 per
2986 1379 3270 1446 Christum
3291 1401 3483 1441 sumus
3509 1427 3525 1447 ,
3562 1395 3718 1454 putas

2122 1492 2243 1560 quia
2273 1491 2385 1558 ipse
2427 1505 2531 1541 non
2563 1487 2686 1541 est?
2710 1501 2772 1540 ea
2797 1499 2917 1554 quat
2947 1499 3042 1552 per
3084 1483 3260 1551 ipsum
3297 1489 3428 1534 sunt
3453 1487 3685 1532 manent
3706 1517 3718 1539 ,

2123 1595 2177 1637 et
2209 1585 2318 1653 ipse
2345 1582 2504 1636 ﬁnem
2539 1580 2700 1633 habet
2731 1587 2791 1632 ut
2819 1576 3036 1647 quidam
3063 1571 3378 1630 insaniunt?
3424 1569 3546 1624 Non
3575 1569 3718 1624 enim

2127 1675 2361 1745 acquirit
2393 1672 2539 1727 aliud
2569 1670 2713 1740 quod
2746 1684 2850 1724 non
2875 1676 2994 1722 est:
3030 1682 3134 1721 non
3189 1664 3456 1730 assumit,
3514 1662 3616 1716 sed
3671 1671 3723 1713 et

2123 1771 2263 1839 quod
2294 1777 2377 1822 est
2405 1763 2689 1821 abscondit
2745 1781 2759 1816 :
2822 1761 2924 1815 hoc
2951 1759 3094 1814 enim
3135 1754 3426 1827 signiﬁcat,
3455 1753 3542 1806 Da
3571 1752 3722 1813 mihi,

2122 1862 2282 1917 Pater
2309 1877 2330 1917 :
2359 1861 2451 1915 sed
2481 1873 2586 1912 non
2605 1853 2808 1925 aliquid
2841 1867 3038 1907 novum
3064 1851 3194 1919 petit
3219 1848 3341 1902 :sed
3369 1845 3518 1917 quod
3537 1843 3721 1907 habui,

2121 1954 2324 2024 inquit,
2376 1950 2516 2020 apud
2562 1958 2651 2013 te,
2699 1947 2769 2000 da
2809 1945 2940 1998 mihi
2991 1943 3059 1996 ⁷³.
3109 1940 3225 1995 Νοη
3261 1939 3406 2002 enim
3460 1936 3722 2002 habes,o

2126 2047 2374 2110 Domine,
2409 2042 2556 2114 quod
2581 2037 2861 2096 habebas?
2885 2036 2990 2092 Sed
3018 2035 3144 2105 quia
3167 2074 3183 2099 ,
3209 2033 3421 2102 inquit,
3454 2031 3723 2085 absconsa

2123 2148 2208 2194 est
2237 2153 2352 2192 mea
2382 2134 2592 2205 species
2621 2150 2634 2186 :
2664 2129 2791 2200 quia
2825 2143 2930 2183 non
2963 2135 3183 2197 apparet
3225 2138 3340 2177 mea
3371 2119 3574 2192 gloria.
3600 2117 3723 2172 (Nec

2123 2230 2310 2297 ri/ica,
2341 2226 2559 2296 inquit,
2590 2234 2740 2278 tuum
2792 2219 2994 2274 Filium
3040 2218 3108 2272 ⁷⁸.
3170 2215 3237 2269 Et
3281 2215 3411 2282 quid
3443 2213 3725 2281 respondit

2123 2319 2322 2376 Pater?
2351 2316 2675 2384 Glori/icavi.
2705 2313 2760 2369 Si
2785 2311 2954 2383 igitur
2982 2307 3336 2380 gloriﬁcavit,
3362 2305 3500 2374 quid
3528 2305 3724 2368 qntrit

2125 2409 2458 2486 gloriﬁcari?
2484 2407 2588 2463 Sed
2623 2406 2757 2461 dicit
2782 2405 2941 2458 Pater
2967 2442 2982 2466 ,
3026 2399 3093 2453 Et
3141 2403 3332 2454 iterum
3386 2393 3722 2466 gloriﬁsabo.

2126 2508 2184 2563 Si
2211 2505 2322 2575 jam
2346 2500 2685 2574 gloriﬁcasti,
2707 2497 2980 2569 quomodo
3012 2495 3206 2548 iterum
3233 2488 3558 2562 gloriﬁcas?
3588 2486 3725 2541 Num

2126 2597 2330 2662 addes,
2363 2595 2619 2664 quoniam
2646 2593 2715 2648 ab
2749 2591 2906 2644 initio
2947 2587 3223 2660 genuisti?
3251 2584 3365 2640 Non
3403 2581 3555 2636 addo
3591 2599 3606 2636 :
3637 2581 3726 2634 sed

2127 2701 2182 2748 et
2222 2706 2320 2762 per
2346 2703 2551 2759 corpus
2597 2685 2827 2744 ostendo
2877 2683 2983 2737 mei
3033 2679 3160 2734 Filii
3214 2678 3470 2749 gloriam.
3517 2673 3724 2732 Genui,

2127 2783 2472 2858 gloriﬁcavi,
2501 2791 2555 2837 et
2612 2781 2809 2836 iterum
2853 2776 3194 2848 gloriﬁcabo.
3244 2771 3470 2835 Palam,
3518 2768 3725 2836 inquit,

2128 2878 2273 2933 facio
2299 2876 2445 2944 quod
2493 2882 2612 2929 erat
2669 2873 3018 2926 absconsum.
3052 2867 3184 2921 Nam
3219 2873 3273 2919 et
3309 2860 3613 2932 Apostolus
3649 2858 3727 2909 di-

2129 2969 2204 3026 cit
2234 2987 2248 3023 :
2282 2966 2351 3021 Et
2371 2963 2780 3035 superexaltavit
2811 2977 2928 3016 eum
2950 3003 2964 3028 ,
3000 2969 3047 3012 et
3095 2957 3237 3010 dedit
3273 2957 3321 3009 ei
3350 2969 3549 3008 nomen
3591 2953 3725 3022 quod

2129 3071 2204 3116 est
2244 3076 2400 3130 super
2428 3073 2576 3113 omne
2605 3071 2793 3111 nomen
2842 3054 2912 3106 ⁷⁵.
2971 3050 3086 3105 Non
3150 3048 3438 3114 mercede,
3495 3057 3560 3100 ut
3610 3058 3726 3115 pote

444 3126 700 3198 Patrem,
733 3131 1007 3184 imitemur
1036 3145 1224 3201 pacem
1255 3131 1505 3200 quaeillic
1533 3140 1612 3185 est
1641 3130 1776 3201 (79).
1816 3131 1872 3184 Si
1909 3130 2030 3184 dili-
2055 3157 2099 3215 α
2130 3126 2471 3209 οδθάίέηιίπ,
2502 3150 2776 3219 Scriptum
2811 3145 2956 3202 enim
2997 3153 3080 3198 est
3120 3139 3582 3212 quenadmodum
3605 3139 3727 3191 ob..-

447 3222 628 3292 gimus
663 3221 899 3288 Filium,
955 3237 1060 3276 non
1101 3231 1184 3277 est
1243 3222 1598 3277 dissensionis
1629 3223 1790 3277 Deus.
1847 3221 2026 3289 Nosti,

455 3315 589 3365 doce
624 3330 636 3365 :
668 3312 922 3383 ignoras,
973 3311 1222 3367 edocere.
1265 3311 1357 3366 Lis
1401 3315 1547 3366 enim
1601 3326 1778 3380 neque
1834 3313 2030 3381 docet,

455 3419 633 3473 neque
673 3404 922 3460 docetur.
975 3403 1130 3470 Quod
1182 3404 1628 3474 comprehendis,
1673 3404 1777 3458 hoc
1828 3418 2030 3472 quaere.

445 3495 732 3564 Invenisti,
765 3495 973 3568 gratias
1005 3511 1124 3567 age.
1153 3494 1306 3551 Nosti
1331 3537 1346 3562 ,
1380 3497 1553 3551 trade.
1581 3496 1694 3567 Ego
1714 3505 1891 3550 autem
1918 3497 2033 3550 scio

443 3588 574 3658 quia
617 3588 818 3645 nescis.
853 3584 1003 3642 Unde
1034 3587 1151 3643 scio
1194 3591 1317 3659 quia
1347 3603 1446 3658 ego
1491 3589 1694 3643 nescio.
1729 3587 1882 3644 Uude
1933 3589 2035 3644 hoc

445 3681 576 3750 quia
604 3680 812 3750 ignoro.
852 3678 1024 3734 Verax
1052 3679 1197 3734 enim
1235 3688 1320 3735 cst
1355 3681 1448 3748 qui
1485 3679 1621 3734 dixit
1651 3696 1666 3734 :
1706 3676 1876 3733 Nemo
1934 3695 2028 3733 no-

444 3775 515 3827 vit
543 3773 611 3828 '°.
644 3774 950 3828 Secundum
983 3773 1140 3828 istam
1178 3772 1343 3843 igitur
1389 3787 1610 3837 vocem,
1669 3773 1848 3828 omnis
1907 3772 2032 3843 qui-

445 3881 659 3936 cunque
680 3882 740 3921 se
768 3867 898 3922 dicit
929 3867 1071 3922 scire
1096 3869 1378 3921 mentitur.
1407 3865 1515 3922 Sed
1550 3865 1690 3921 forte
1731 3868 1900 3932 dicis,
1940 3866 2035 3921 Dei

448 3974 669 4026 sumus,
699 3967 753 4013 et
803 3975 910 4014 non
961 3960 1164 4015 scimus
1213 3971 1476 4029 quantum
1527 3970 1582 4014 et
1634 3962 2032 4032 pertittgimus:

451 4051 556 4105 hoc
583 4051 761 4106 solum
795 4053 922 4122 quia
952 4060 1037 4107 est
1067 4071 1084 4107 :
1122 4068 1228 4107 non
1262 4063 1440 4106 tamen
1473 4053 1650 4122 qualis
1693 4062 1745 4106 ct
1773 4063 2033 4122 quantum

447 4151 553 4197 est.
581 4143 717 4211 Quia
747 4143 912 4214 igitur
942 4155 1026 4199 est
1047 4185 1062 4210 ,
1085 4144 1320 4211 scimus;
1355 4159 1460 4197 non
1489 4154 1664 4198 tamen
1695 4145 1889 4214 qualis.
1918 4143 2034 4198 Non

447 4237 592 4288 enim
623 4246 865 4289 nostrum
904 4244 988 4289 est
1019 4250 1336 4290 mensurare
1360 4235 1853 4290 immensurahilem
1883 4251 1897 4288 :
1930 4251 2033 4290 non

451 4334 693 4381 nostrum
743 4326 1200 4396 comprehendere
1235 4327 1858 4398 ineomprehensihilem.
1896 4326 2033 4381 Cum

449 4417 595 4472 enim
630 4419 892 4496 memoria
926 4418 992 4473 de
1045 4419 1156 4474 Deo
1203 4428 1320 4487 est,
1360 4435 1512 4474 mens
1576 4418 1827 4489 religiosa
1865 4418 2038 4473 intre-

2134 3244 2274 3300 divit
2301 3259 2475 3312 usque
2499 3243 2566 3297 ad
2596 3249 2828 3295 mortem
2854 3278 2870 3304 ,
2912 3244 3143 3292 mortem
3196 3242 3374 3288 autem
3407 3232 3618 3286 crucis.
3666 3228 3725 3280 Et

2133 3338 2258 3394 ideo
2281 3379 2294 3400 ,
2323 3337 2530 3406 inquit,
2561 3334 2702 3389 Deus
2729 3327 3156 3400 superexaltavit
3178 3341 3325 3381 eum.
3357 3324 3417 3377 Si
3465 3323 3598 3392 quis
3632 3338 3722 3374 au-

2134 3439 2242 3484 tem
2268 3428 2401 3482 dure
2427 3425 2618 3496 legerit
2640 3437 2952 3484 sermones,
2985 3418 3124 3473 forte
3158 3414 3368 3486 putabit
3421 3415 3590 3468 istam
3644 3428 3726 3464 su-

2132 3518 2615 3592 perexaltationem
2650 3513 2956 3569 mercedem
2986 3524 3110 3566 esse
3142 3505 3493 3563 obedientiae.
3523 3505 3602 3558 Ita
3635 3521 3725 3574 pu-

2136 3622 2219 3666 tas
2240 3651 2257 3678 ,
2284 3612 2376 3666 sed
2413 3625 2518 3665 non
2544 3618 2595 3662 te
2623 3607 2901 3678 permittat
2934 3604 3007 3658 ita
3035 3601 3239 3657 sentire
3268 3601 3358 3669 qui
3396 3599 3517 3653 hac
3569 3596 3724 3652 dixit.

2134 3704 2225 3759 Ait
2250 3701 2398 3758 enim
2432 3719 2445 3755 :
2481 3700 2585 3764 Qui
2615 3697 2888 3761 ascendit,
2919 3697 3027 3764 ipse
3050 3703 3196 3748 estet
3223 3693 3314 3762 qui
3342 3692 3617 3745 descendit
3659 3691 3721 3742 ".

2137 3794 2279 3864 Ergo
2299 3793 2704 3848 exaltaviteum
2733 3791 2824 3860 qui
2863 3788 3164 3844 descendit.
3193 3785 3309 3840 Non
3356 3793 3542 3838 tamen
3576 3803 3603 3836 ει
3639 3784 3724 3837 de-

2135 3901 2320 3942 orsum
2348 3899 2569 3940 sursum
2604 3881 2852 3937 adduxit.
2887 3879 2994 3934 Sed
3022 3895 3145 3933 eum
3175 3877 3266 3946 qui
3295 3877 3578 3931 descendit
3601 3916 3616 3938 ,
3639 3875 3726 3928 ite-

2137 3993 2257 4032 rum
2309 3990 2530 4030 sursum
2589 3972 2910 4041 assumpsit.
2962 3969 3179 4024 Assumi
3236 3967 3393 4031 dico,
3443 3981 3556 4020 non
3603 3967 3718 4034 quia

2136 4065 2372 4121 mundus
2423 4064 2766 4120 fraudahitur
2829 4078 2859 4116 a
2915 4061 3205 4133 praesentia
3261 4059 3554 4127 unigeniti.
3614 4057 3716 4110 Non

2137 4166 2315 4229 potest
2353 4159 2588 4212 mundus
2640 4157 2758 4212 sine
2792 4154 3154 4225 gubernatore
3199 4137 3437 4216 salvari,
3484 4165 3590 4203 nun
3635 4164 3720 4215 p0-

2139 4252 2246 4297 test
2303 4243 2538 4297 mundus
2590 4249 2739 4296 stare
2785 4241 2830 4295 si
2880 4239 3166 4294 recesserit
3217 4236 3554 4306 unigenitus.
3622 4232 3717 4284 Sed

2137 4331 2277 4390 forte
2309 4333 2443 4388 dicis
2484 4352 2497 4386 :
2542 4330 2660 4386 Non
2707 4329 2909 4387 sufﬁcit
2961 4329 3106 4384 enim
3153 4327 3361 4383 Pater?
3417 4325 3538 4380 Non
3596 4326 3712 4393 quia

2138 4441 2246 4480 non
2277 4423 2576 4480 suﬁiciebat
2604 4421 2790 4488 Pater,
2822 4422 2944 4477 ideo
2973 4421 3160 4492 genuit
3197 4419 3393 4474 Filium
3438 4436 3451 4471 :
3481 4419 3574 4471 sed
3604 4417 3718 4486 quia

447 4517 657 4564 mescat
681 4527 695 4563 :
721 4509 1072 4564 intremescat
1098 4517 1153 4563 et
1172 4508 1375 4577 lingua.
1399 4507 1509 4562 Non
1537 4509 1662 4577 quia
1681 4508 1848 4563 durus
1871 4509 2033 4575 Deus,
2066 4519 2112 4577 ι)
2141 4531 2246 4570 non
2297 4513 2638 4570 sumciebam
2685 4527 2749 4568 ea
2799 4527 2921 4583 qum
2971 4512 3112 4566 facta
3159 4520 3287 4566 sunt
3333 4506 3566 4563 suﬂ’erre
3622 4522 3717 4560 non

447 4605 542 4655 sed
565 4598 1249 4670 supereminentihonitate
1273 4608 1359 4653 est
1397 4598 1688 4653 timendus.
1710 4597 1802 4652 Sol
1828 4598 1930 4653 iste
1946 4600 2040 4654 oh-
2138 4607 2255 4663 nati
2290 4606 2569 4672 virtutem,
2613 4604 2737 4661 ideo
2765 4620 2864 4676 per
2893 4605 3248 4660 mediatorem
3292 4601 3558 4671 loquitur.
3588 4599 3723 4666 Qua-

447 4700 638 4747 scurat
658 4690 870 4758 oculos,
901 4707 1007 4747 non
1033 4693 1160 4762 quia
1194 4691 1484 4755 obscurus,
1519 4690 1616 4744 sed
1646 4690 1772 4760 quia
1805 4690 2036 4746 multum

446 4794 532 4840 est
557 4784 760 4841 clarus.
779 4784 1000 4839 EtDcus
1028 4782 1322 4848 timendus,
1341 4781 1467 4850 quia
1489 4779 1712 4834 multum
1737 4791 1820 4836 est
1838 4780 2032 4835 bonus.

447 4878 640 4948 Cogita
673 4877 816 4950 apud
848 4885 899 4934 te
943 4876 1038 4948 qui
1085 4874 1162 4930 sis
1195 4873 1435 4929 humilis.
1482 4873 1598 4929 Non
1641 4874 1785 4927 enim
1834 4873 2034 4927 audisti

449 4981 578 5021 cum
607 4966 876 5022 dicentem
913 4984 929 5022 :
961 4963 1065 5019 Vos
1091 4979 1156 5018 ex
1178 4962 1515 5032 inferioribus
1541 4965 1666 5017 estis
1689 5003 1704 5028 ,
1733 4979 1827 5033 ego
1861 4973 2036 5018 autem

452 5062 518 5112 de
546 5059 901 5129 superioribus
947 5072 1064 5111 sum
1116 5054 1212 5108 "?
1257 5053 1392 5108 Nam
1447 5065 1705 5126 quantum
1753 5054 1947 5109 ctelum
2009 5069 2039 5108 a

456 5162 602 5206 terra
634 5151 834 5217 distat,
866 5159 1074 5205 tantum
1106 5159 1157 5205 et
1192 5165 1220 5203 a
1254 5149 1408 5204 nobis
1435 5148 1596 5203 Deus.
1628 5146 1695 5200 Et
1728 5155 1877 5201 certe
1897 5147 2041 5200 scri-

455 5255 605 5314 ptum
635 5253 751 5299 est:
787 5243 1054 5308 Quantum
1095 5243 1254 5296 distat
1307 5239 1492 5295 coelum
1521 5257 1554 5293 a
1600 5249 1776 5305 terra,
1831 5249 2035 5292 tantum

456 5339 556 5392 uiae
579 5354 707 5394 mea:
737 5355 770 5391 a
800 5338 893 5392 viis
923 5337 1104 5391 vestris
1131 5335 1200 5388 ".
1234 5332 1307 5388 Ut
1333 5333 1402 5388 ad
1446 5348 1547 5388 nos
1593 5346 1694 5386 vox
1723 5330 1839 5384 haec
1892 5329 2035 5384 dicta

529 5437 576 5470 ’θ
604 5433 761 5490 Joan.
794 5431 945 5500 t,18.
1020 5431 1064 5464 τί
1111 5427 1267 5484 Joan.
1297 5445 1415 5496 vm,
1451 5427 1542 5484 2'5.

459 5507 508 5539 "
538 5506 736 5576 Ephrs.
780 5521 855 5570 tv,
883 5504 972 5558 10.

533 5648 647 5716 (79)
674 5648 772 5704 Ms.
818 5649 947 5713 Qua:
970 5648 1077 5701 illis
1114 5655 1210 5700 est.

534 5715 649 5784 (ευ)
675 5719 1076 5783 llettnquuntur.
1125 5715 1521 5778 Ἀπολείπεται,
1549 5721 1890 5781 superantur.

537 5791 650 5856 (8|)
680 5787 782 5840 Uni
814 5801 934 5841 nato
972 5805 1072 5842 non
1119 5790 1274 5840 cedit.
1324 5788 1634 5856 Lugendum
1689 5784 1902 5838 videtur
1949 5785 2036 5834 ιυιί

1656 5426 1703 5458 ⁷⁸
1739 5424 1847 5480 lsa.
1878 5441 1977 5491 ιν,
2006 5423 2058 5479 9.

2139 4711 2202 4753 re
2237 4715 2252 4753 :
2291 4697 2382 4767 qui
2412 4695 2526 4767 (82)
2557 4712 2662 4752 non
2691 4705 3002 4764 poteramus
3035 4693 3403 4766 prapinquare
3424 4707 3534 4748 non
3563 4703 3720 4746 noto:

2141 4804 2238 4860 per
2273 4791 2413 4843 viam
2465 4790 2630 4860 igitur
2663 4789 2937 4852 hortatur,
2975 4798 3032 4842 et
3080 4803 3176 4858 per
3202 4785 3428 4854 jauuam
3461 4795 3645 4852 vocat,
3673 4794 3724 4838 et

2139 4894 2238 4948 per
2269 4877 2452 4934 lumen
2500 4879 2740 4934 adducit.
2795 4878 3061 4933 Mediator
3099 4889 3282 4931 autem
3316 4875 3513 4942 Filius,
3545 4885 3602 4931 et
3634 4890 3722 4945 po-

2147 4968 2296 5021 nitur
2318 4967 2405 5022 lex
2431 4986 2444 5022 :
2485 4969 2756 5022 mediator
2784 4966 2977 5031 Filius,
3007 4976 3062 5021 et
3085 4965 3386 5035 loquuntur
3413 4967 3720 5037 prophetat:

2147 5059 2419 5114 mediator
2464 5059 2654 5126 Filius,
2710 5069 2764 5115 et
2800 5059 3124 5130 prtedicatur
3167 5055 3582 5112 Testamentum
3621 5057 3724 5111 No-

2148 5168 2272 5206 vum
2302 5166 2361 5208 et
2407 5153 2665 5224 impletur
2710 5151 2877 5208 Vetus
2918 5172 2930 5207 :
2981 5152 3249 5206 mediator
3279 5149 3475 5213 Filius,
3506 5161 3565 5205 et
3600 5149 3728 5204 ﬁunt

2146 5243 2318 5312 angeli
2348 5263 2361 5299 :
2396 5245 2665 5299 mediator
2713 5243 2904 5308 ltilius,
2959 5250 3016 5296 et
3071 5249 3332 5295 creantur
3361 5241 3678 5309 archangeli
3711 5258 3723 5291 :

2145 5337 2414 5391 mediator
2442 5337 2639 5403 Filius,
2687 5345 2743 5391 et
2786 5347 3008 5391 creator
3056 5334 3235 5388 omnis
3271 5343 3508 5396 naturm,
3547 5345 3602 5387 et
3632 5349 3727 5402 gu-

2137 5429 2182 5461 ⁷³
2215 5431 2372 5488 Joan.
2405 5449 2515 5487 xvii
2541 5473 2556 5501 ,
2602 5433 2656 5487 5.
2733 5430 2779 5462 ⁷⁸
2812 5429 2966 5485 Joan.
3002 5443 3110 5494 stt,
3132 5426 3221 5482 28.
3253 5428 3300 5458 "
3333 5426 3532 5498 Philip.
3566 5443 3603 5483 tt
3626 5468 3642 5492 ,
3674 5426 3722 5481 9.

2147 5659 2248 5696 non
2274 5652 2399 5697 nato
2427 5644 2579 5697 cedit.

2215 5716 2324 5785 (8'2)
2355 5715 2528 5780 Quare
2561 5729 2576 5766 :
2610 5710 2722 5781 qui,
2767 5710 2807 5777 Ῑ.
2837 5707 3036 5778 quare?
3065 5706 3210 5776 quia,
3254 5715 3361 5764 etc.
