3810 6218
149 302 301 360 1057

1005 295 1094 350 DE
1132 293 1288 350 FIDE
1326 242 1700 351 AD‘VERSUS
1743 293 2154 352 SABELLIUM.
2190 326 2258 336 —-
2296 297 2425 352 LIB.
2462 296 2534 351 l.‘

3281 297 3423 356 1058

133 425 435 485 liernator,
463 430 519 476 et
550 417 809 475 salvator.
839 415 957 472 Non
989 418 1135 472 enim
1171 417 1456 471 creavitet
1486 417 1730 470 dimisit:
1765 420 1808 476 Α
1838 416 2094 483 quinetur
2129 415 2265 485 (85).
2300 415 2413 471 Viri
2446 425 2507 468 ut
2544 429 2666 470 sese
2691 415 2802 485 jam
2833 431 2940 470 non
2983 415 3223 470 incidam
3255 433 3269 469 :
3301 432 3424 468 tuu-

131 517 274 585 quia
313 531 416 570 non
457 515 576 569 sine
619 512 958 584 providentia
991 519 1120 564 sunt
1160 525 1281 578 quae
1309 518 1456 564 sunt.
1498 506 1616 561 Non
1644 517 1731 561 est

133 608 406 675 tatigatus
430 603 656 658 faciens.
677 600 872 671 Neque
901 610 962 654 ut
986 598 1250 663 volatilia,
1281 607 1338 651 ut
1364 599 1537 667 pisces
1563 610 1729 667 gene-

137 707 280 751 rant
320 695 564 766 quidem,
591 693 906 762 relinquunt
935 701 1139 745 autem.
1189 690 1255 744 Et
1283 700 1433 744 certe
1484 703 1584 744 nec
1626 687 1726 742 ista

135 796 415 859 generant
460 795 516 841 et
550 783 832 839 dimittunt
869 801 884 838 :
929 782 1024 838 sed
1066 782 1270 837 habent
1299 780 1642 852 diligentiam
1675 785 1732 831 et

134 888 402 950 pascunt.
440 878 498 931 Si
533 876 699 947 igitur
734 877 839 932 iSta
877 877 974 939 ita,
1008 875 1181 929 multo
1219 874 1392 943 magis
1428 887 1527 941 per
1565 886 1727 941 quem

137 979 335 1025 creata
365 977 490 1023 sunt
519 967 722 1031 omnia,
743 981 841 1036 per
873 966 1038 1020 istum
1063 965 1244 1018 omnia
1275 972 1329 1019 et
1357 963 1732 1032 gubernantur

136 1071 200 1116 et
248 1067 548 1130 pascuntur
593 1075 608 1112 :
655 1072 762 1112 non
795 1065 1024 1111 vacante
1069 1055 1254 1119 Patre,
1283 1056 1376 1110 sed
1409 1061 1726 1108 annuente:

137 1161 432 1208 annuente
475 1161 684 1216 autem,
717 1165 824 1204 non
868 1149 1064 1214 oculis,
1114 1150 1208 1202 sed
1244 1158 1302 1200 ut
1339 1149 1496 1202 decet
1545 1146 1729 1198 incor-

141 1243 420 1313 poralem,
453 1244 526 1298 ita
550 1242 742 1296 annuit
773 1253 831 1296 ut
866 1241 965 1310 ipsi
996 1242 1251 1294 decorum
1287 1247 1388 1292 est.
1431 1236 1604 1290 Filius
1629 1251 1728 1288 au-

139 1345 259 1390 tem
295 1334 543 1403 agnoscit
576 1343 634 1387 ut
667 1333 865 1388 Filium
911 1335 1066 1387 decet
1099 1349 1112 1386 :
1162 1345 1326 1399 opera
1371 1337 1551 1383 autem
1593 1326 1730 1380 iiunt

141 1436 207 1480 ut
238 1426 404 1480 Pater
430 1427 570 1490 vult,
607 1437 660 1480 et
691 1424 862 1479 Filius
889 1424 1187 1478 ministrat.
1216 1421 1345 1476 Haec
1381 1437 1480 1475 nos
1510 1429 1729 1488 oporte-

142 1523 243 1574 bat
294 1519 498 1574 dicere.
537 1517 650 1572 lino
683 1533 874 1572 omnes
905 1533 972 1572 ex
1011 1516 1311 1584 Scripturis
1354 1513 1558 1584 legere.
1597 1511 1728 1578 Quis

138 1613 296 1666 enim
325 1625 445 1664 sum
478 1613 616 1682 ego?
647 1611 775 1680 quid
807 1610 980 1664 habeo
1007 1607 1148 1678 quod
1183 1623 1287 1661 non
1340 1605 1568 1674 accepi?
1602 1603 1729 1658 Om-

141 1705 238 1758 nia
271 1703 417 1758 enim
455 1704 522 1757 ab
554 1717 680 1766 uno,
711 1711 763 1756 et
797 1716 891 1770 per
930 1715 1093 1754 unum
1130 1711 1296 1766 sunt;
1339 1706 1394 1752 ει
1432 1712 1554 1766 quae
1587 1695 1728 1750 facta

1839 506 2004 560 lieres
2032 515 2090 560 ut
2121 522 2230 560 non
2255 506 2325 560 ad
2351 505 2607 575 iniuriam
2641 506 2988 560 deludantur.
3028 506 3215 571 Tauri,
3241 506 3420 575 vituli,

1835 605 1895 650 ut
1949 611 2056 652 non
2089 599 2242 650 varie
2287 596 2681 652 comburantur
2728 596 2863 667 (84).
2927 598 3142 662 Vinum,
3196 607 3254 650 ut
3312 612 3420 652 non

1836 689 1954 745 sine
1984 705 2149 744 causa
2179 689 2404 745 libetur.
2437 688 2632 752 Terra,
2679 705 2851 756 mare,
2885 698 2944 742 ιιι
2983 705 3089 744 ιιοιι
3121 688 3422 744 immutatis

1835 779 2150 834 nominibus
2183 779 2483 834 adorentur
2529 797 2543 834 :
2589 780 2766 834 omnis
2809 779 2954 833 enim
3002 789 3197 833 natura
3231 790 3422 834 conta-

1837 872 2043 924 minata
2099 880 2233 925 est:
2283 871 2462 926 omnis
2522 881 2778 926 creatura
2837 870 3110 926 deiﬁcata.
3167 868 3272 924 Sed
3311 884 3417 922 non

1835 961 2088 1030 despexit
2138 962 2184 1015 is
2213 977 2310 1031 per
2342 977 2502 1032 quem
2559 970 2615 1017 et
2665 962 2809 1017 facta
2857 971 3004 1017 sunt.
3063 962 3224 1018 Venit
3270 961 3416 1015 enim

1835 1053 1926 1122 qui
1977 1054 2322 1123 contingeret
2375 1069 2525 1109 sua:
2576 1054 2722 1108 venit
2777 1055 2868 1123 qui
2918 1054 3115 1109 malum
3146 1068 3417 1108 venenum

1837 1144 2077 1199 auferret
2119 1160 2134 1199 :
2177 1146 2326 1200 venit
2372 1147 2544 1214 ipsius
2601 1149 2727 1201 vitae
2781 1147 3142 1202 medicamen.
3173 1147 3418 1203 Mortuus

1833 1245 1916 1291 est
1949 1246 2004 1290 ut
2024 1236 2302 1291 occideret
2350 1247 2582 1291 mortem
2612 1255 2627 1292 :
2655 1240 3050 1294 condemnatus
3077 1248 3160 1294 est
3194 1249 3251 1292 ut
3281 1252 3417 1292 con-

1833 1329 2120 1384 demnaret
2147 1329 2539 1396 corruptelam.
2569 1329 2880 1386 Coronatus
2908 1340 2991 1386 est
3019 1331 3209 1398 spinis,
3232 1340 3290 1384 ut
3315 1344 3416 1384 nos

1835 1436 1940 1474 non
1999 1420 2322 1475 haberemus
2373 1421 2560 1490 spinas
2599 1439 2611 1475 :
2654 1422 2893 1490 suscepit
2945 1421 3287 1474 maledictum
3322 1435 3417 1488 per

1833 1527 2072 1576 crucem,
2119 1521 2175 1566 ut
2209 1528 2310 1566 nos
2355 1514 2757 1580 susciperemus
2792 1515 3225 1568 benedictionem
3263 1529 3416 1565 mun-

1834 1603 1978 1657 dam.
2014 1601 2129 1656 Non
2162 1618 2383 1673 possum
2411 1604 2594 1658 dicere
2616 1614 2877 1674 quantum
2909 1605 3080 1675 sapio.
3116 1603 3230 1658 Non
3282 1618 3405 1672 pos-

1835 1710 1953 1750 sum
2007 1711 2200 1766 sapere
2258 1708 2520 1766 qnantum
2590 1698 2845 1766 possibile
2897 1707 3001 1751 est.
3069 1696 3124 1751 Si
3181 1710 3414 1765 sapuero

142 1805 301 1858 sunt,
333 1803 388 1848 et
432 1808 554 1862 quae
587 1804 734 1847 recte
768 1793 1046 1846 dicuntur.
1088 1790 1297 1857 Quanta
1341 1803 1474 1844 sane
1511 1787 1728 1842 miseri-
1760 1807 1803 1861 Β
1833 1796 2100 1856 quantum
2159 1787 2416 1857 possibile
2465 1797 2580 1852 est,
2638 1804 2744 1843 non
2807 1774 3067 1858 pervenio
3120 1798 3178 1842 ut
3237 1787 3412 1841 dicam

143 1887 342 1942 cordia
391 1895 474 1940 est
524 1885 658 1938 Dei?
699 1887 884 1953 genuit
935 1884 1154 1950 Filium,
1200 1883 1325 1953 quia
1370 1883 1545 1937 bonus
1589 1889 1672 1936 est
1709 1899 1722 1934 :

143 1977 364 2032 creavit
395 1977 650 2032 universa
705 1993 800 2045 per
851 1976 1049 2046 ipsum,
1095 1977 1223 2045 quia
1274 1974 1589 2030 benefactor
1619 1981 1724 2029 est.

142 2069 468 2124 Erravimus
495 2080 550 2123 et
580 2085 683 2122 non
711 2069 982 2139 despexit,
1007 2069 1316 2124 cecidimus
1347 2076 1402 2122 et
1424 2083 1530 2120 non
1573 2079 1727 2136 spre-

141 2165 254 2229 vit,
288 2164 382 2218 sed
417 2165 564 2218 misit
603 2162 800 2217 Filium
849 2178 1006 2218 suum
1045 2162 1414 2224 obedientem,
1451 2168 1510 2212 ut
1555 2158 1728 2213 salva-

143 2265 239 2312 ret
288 2256 561 2310 hominem
593 2253 1018 2311 inobedientem.
1061 2253 1206 2308 Misit
1238 2253 1368 2328 ‘sine
1400 2261 1642 2320 peccato,
1669 2259 1730 2304 ut

146 2355 442 2402 revocaret
471 2359 592 2399 eum
623 2345 716 2414 qui
744 2353 1066 2414 peccaverat
1095 2361 1108 2397 :
1150 2327 1297 2397 misit
1334 2327 1531 2396 Filium
1571 2357 1726 2396 suum

143 2438 444 2494 facientem
495 2437 711 2506 placita,
766 2445 824 2490 ut
854 2435 1093 2491 salvaret
1126 2450 1342 2490 servum
1374 2434 1598 2489 obedire
1633 2449 1730 2486 no-

143 2530 382 2587 lentem.
418 2529 563 2584 Misit
598 2527 888 2597 justitiam,
937 2537 996 2582 ut
1029 2527 1341 2582 auferretur
1386 2535 1671 2595 peccatum
1709 2543 1724 2580 :

143 2622 309 2677 misit
338 2621 528 2682 vitam.
561 2631 616 2673 nt
648 2635 795 2674 mors
837 2629 1164 2674 moreretur.
1205 2618 1351 2672 Misit
1384 2619 1472 2687 qui
1509 2633 1537 2671 a
1566 2633 1648 2682 se,
1672 2626 1730 2672 ut

142 2714 503 2770 salvarentur
525 2713 613 2783 qui
643 2720 798 2765 erant
829 2725 895 2765 ex
927 2711 1165 2764 homine.
1201 2709 1345 2764 Misit
1383 2725 1506 2764 eum
1534 2711 1625 2779 qui
1659 2724 1728 2763 ex

144 2805 404 2875 Virgine,
443 2812 501 2857 ut
549 2801 890 2855 salvarentur
932 2801 966 2855 ii
1014 2801 1106 2871 qui
1143 2815 1210 2856 ex
1241 2799 1468 2855 muliere
1512 2799 1729 2854 fuerant

144 2897 376 2967 perditi.
425 2894 568 2949 Misit
603 2896 653 2949 in
693 2895 866 2966 ﬁgura
906 2893 1036 2957 viri,
1071 2901 1127 2946 ut
1173 2892 1478 2947 salvaretur
1509 2891 1600 2962 qui
1635 2906 1731 2960 pe-

146 2990 329 3042 rierat
371 2985 478 3039 vir.
510 2985 643 3040 Cum
693 2983 1000 3038 latronibus
1034 2982 1218 3054 figitur
1255 2982 1426 3047 cruci,
1460 2991 1520 3035 ut
1566 2997 1730 3051 para-

143 3081 307 3133 disus
348 3087 404 3132 et
434 3075 742 3131 latronibus
788 3075 1110 3144 aperiretur.
1146 3073 1335 3145 Cogita
1386 3074 1726 3144 dignitatem,

1834 1890 2070 1950 quantus
2099 1889 2205 1936 est.
2236 1881 2623 1935 lnenarrabilis
2653 1882 2796 1935 enim
2847 1891 2902 1935 et
2950 1879 3414 1949 incomprehensi-

1835 1974 1961 2029 bilis
1987 1972 2147 2027 Pater
2174 1983 2280 2028 est.
2308 1970 2456 2027 Talis
2483 1984 2666 2026 autem
2695 1985 2749 2028 et
2797 1973 2968 2028 Filius
2999 1973 3167 2042 ipsius
3210 1972 3410 2026 Patris.

1836 2066 1892 2121 Si
1920 2066 2064 2120 enim
2103 2065 2173 2120 ob
2203 2065 2284 2119 sui
2317 2066 2746 2120 misericordiam
2781 2081 2877 2120 nos
2903 2067 3216 2135 assumpsit,
3267 2066 3409 2120 inte-

1835 2153 2035 2206 rimere
2065 2167 2188 2206 eum
2217 2153 2475 2207 debemus
2499 2154 2590 2224 qui
2617 2169 2713 2208 nos
2744 2154 2959 2208 salvat?
2987 2156 3114 2225 quid
3148 2156 3253 2211 hoc
3283 2156 3411 2211 mali

1834 2256 1917 2300 est
1951 2245 2022 2299 ita
2073 2245 2320 2300 homines
2354 2245 2421 2299 de
2449 2244 2588 2299 Filio
2619 2246 2860 2301 sentire?
2917 2245 3130 2300 Maneat
3165 2257 3223 2300 ut
3269 2257 3408 2312 erat,

1835 2345 1891 2390 et
1935 2337 1988 2388 in
2033 2349 2262 2400 corpore
2295 2345 2350 2388 et
2387 2335 2439 2387 in
2473 2335 2740 2404 praesepio
2784 2352 2800 2389 :
2841 2335 2972 2389 nihil
3018 2335 3221 2390 humile
3252 2336 3317 2392 de
3345 2351 3411 2392 eo

1835 2426 2062 2491 sentias,
2092 2426 2181 2494 qui
2221 2436 2272 2478 te
2298 2424 2578 2492 exaltavit,
2624 2425 2758 2479 nihil
2789 2425 3060 2493 abiectum
3099 2436 3193 2480 aut
3223 2427 3413 2482 incon-

1836 2552 2052 2608 gruum.
2085 2535 2204 2590 Noli
2236 2549 2494 2604 Spernere
2525 2534 2866 2589 Salvatorem
2899 2545 3070 2590 tuum.
3101 2535 3157 2591 Si
3189 2537 3410 2606 quidem

1836 2629 2049 2685 etiamsi
2079 2630 2244 2683 verbo
2289 2644 2412 2682 eum
2461 2627 2749 2682 humiliare
2789 2627 3044 2691 volueris,
3077 2639 3268 2682 natura
3303 2645 3410 2684 non

1838 2721 2169 2776 transfertur
2197 2721 2264 2774 ad
2315 2729 2458 2773 tuam
2511 2720 2770 2788 linguam.
2821 2721 2878 2773 Si
2915 2728 3094 2773 autem
3140 2731 3194 2775 et
3245 2722 3414 2776 abne-

1836 2810 2147 2882 gaverimus
2175 2824 2318 2874 eum,
2357 2810 2468 2876 ipse
2499 2810 2672 2864 ﬁdelis
2704 2820 2886 2865 manet
2912 2819 2967 2864 et
2999 2827 3196 2883 negare
3221 2826 3280 2866 se
3302 2826 3411 2867 non

1837 2912 2015 2975 potest
2046 2922 2060 2959 :
2093 2905 2196 2958 hoc
2223 2913 2328 2969 est,
2371 2918 2399 2956 a
2424 2903 2643 2972 propria
2681 2915 2873 2957 natura
2906 2920 3011 2959 non
3047 2906 3274 2959 excidit.
3302 2904 3411 2961 lste

1836 2996 1994 3052 nobis
2036 2997 2200 3051 Pater
2230 3012 2333 3051 non
2370 3006 2528 3051 natus
2572 3005 2679 3062 est,
2709 3011 2848 3051 unus
2890 2997 3038 3054 solus
3067 3014 3173 3052 non
3225 3008 3407 3067 natus,

1839 3103 1942 3141 non
1977 3088 2044 3141 ab
2073 3087 2201 3150 alio,
2236 3102 2334 3141 nec
2366 3099 2434 3141 ex
2463 3086 2589 3139 alio.
2637 3085 2790 3156 Saepe
2819 3086 2942 3141 dico
2983 3089 3190 3142 eadem.
3223 3089 3409 3158 Siqui-

142 3185 204 3227 et
231 3171 443 3226 aestima
472 3167 899 3241 magnitudinem
926 3168 1131 3238 gratim.
1151 3167 1230 3221 Me
1248 3168 1391 3221 enim
1413 3182 1475 3220 ex
1507 3166 1733 3221 muliere
1759 3162 1802 3220 C
1835 3179 1954 3232 dem
1986 3185 2040 3232 ei
2063 3175 2300 3232 Joannes
2330 3176 2420 3246 qui
2453 3179 2518 3230 de
2545 3175 2686 3232 Filio
2710 3178 2851 3232 dixit
2875 3178 2932 3232 θη
2970 3180 3231 3248 principio
3268 3190 3408 3246 eral,

146 3263 328 3324 nasci,
359 3271 455 3315 aut
503 3271 574 3325 te,
620 3275 728 3314 non
764 3274 924 3328 supra
971 3267 1222 3310 naturam
1259 3265 1361 3310 est.
1407 3255 1734 3309 Manducare

144 3363 246 3408 aut
275 3355 482 3416 bibere,
504 3352 744 3406 dormire
770 3361 820 3404 et
856 3363 1100 3419 surgere,
1119 3360 1171 3401 et
1205 3348 1258 3401 in
1291 3347 1554 3416 praesepio
1580 3345 1729 3416 poni,

57 3447 64 3450 ’
147 3447 289 3502 nihil
317 3446 439 3501 novi
466 3447 508 3500 si
549 3445 796 3500 homines
824 3457 885 3496 ea
907 3457 1028 3512 quae
1050 3452 1176 3498 sunt
1209 3441 1485 3496 hominum
1511 3439 1731 3508 patiun-

147 3553 262 3594 tur.
298 3540 438 3605 Quid
462 3548 640 3592 autem
671 3553 892 3600 novum,
915 3537 1045 3606 quid
1069 3533 1406 3598 admirabile,
1433 3532 1562 3601 quid
1590 3546 1728 3600 pra:-

143 3633 401 3701 cipuum,
441 3632 572 3700 quid
613 3642 858 3684 nostrum
887 3629 1127 3682 debitum
1160 3625 1552 3695 irrepensabile
1584 3623 1732 3676 Deo?

147 3726 256 3792 Qui
302 3725 447 3778 misit
481 3725 619 3778 Deus
651 3722 847 3777 Filium
879 3736 1061 3785 suum,
1095 3720 1243 3774 misit
1270 3719 1438 3772 Pater.
1473 3715 1732 3784 Unigeni-

147 3831 296 3884 tum,
333 3818 482 3872 misit
511 3832 615 3870 non
648 3825 808 3869 natus
839 3813 1175 3883 pregeniem,
1214 3810 1360 3864 misit
1387 3809 1728 3863 obedientem

149 3915 360 3976 bonus,
396 3909 548 3964 misit
584 3908 853 3978 justitiam
896 3907 988 3976 qui
1016 3906 1218 3974 genuit.
1248 3902 1360 3959 Cur
1388 3900 1574 3956 misit?
1606 3913 1732 3970 pro-

147 4013 278 4074 pter
333 4011 671 4072 peccatores.
727 3997 838 4054 Cur
887 3996 1076 4050 misit?
1127 4005 1350 4065 propter
1401 3994 1575 4048 Adam
1636 3990 1730 4060 qui

148 4095 473 4151 mandatum
507 4093 854 4163 contempsit.
886 4089 1048 4146 Venit
1077 4104 1207 4159 ergo
1244 4088 1335 4158 qui
1387 4086 1625 4142 obedivit
1661 4085 1730 4139 ad

149 4191 275 4244 haec
310 4205 324 4240 :
360 4198 418 4241 et
450 4186 726 4257 judicatur
751 4185 917 4252 judex
947 4184 1015 4238 ob
1044 4183 1464 4236 condemnatum
1498 4195 1513 4232 :
1553 4175 1730 4230 cruci-

149 4282 345 4352 ﬁgitur
371 4279 476 4334 vita
499 4294 597 4348 pro
623 4288 836 4332 mortuo
869 4294 882 4329 :
905 4284 1205 4330 coronatur
1226 4271 1396 4341 spinis
1421 4268 1724 4340 gloriosus:

147 4351 296 4428 bibit
330 4369 422 4435 fel,
456 4369 576 4423 fons
613 4369 806 4422 dulcis.
839 4365 978 4433 Quid
1032 4365 1368 4419 inveniemus
1412 4362 1478 4414 ad
1529 4373 1727 4430 reprte-
1759 4351 1776 4378 ’

145 4463 517 4521 sentandum?
550 4461 820 4531 quomodo
867 4475 1088 4531 agemus
1139 4456 1381 4528 gratias?
1412 4455 1526 4510 Non
1573 4453 1722 4510 sulﬁ-
1756 4503 1801 4558 Β
1829 4453 2110 4539 “famem

145 4560 305 4614 ciunt
335 4556 527 4626 lingua:
558 4566 902 4619 nostrae,non
937 4552 1291 4618 ora,etiamsi
1321 4548 1524 4603 fuerint
1555 4548 1720 4602 mille.

141 4649 270 4705 Non
299 4647 590 4703 sullicimus
635 4663 757 4711 nos,
795 4645 1076 4714 adjutores
1099 4657 1427 4715 quaeramus.
1456 4640 1725 4710 Adjuvent

146 4756 254 4797 nos
286 4742 459 4811 angeli
495 4759 509 4795 :
555 4741 836 4795 nobiscum
879 4740 1110 4810 gratiam
1143 4739 1372 4793 reddant
1405 4744 1461 4790 ει
1492 4738 1724 4791 archan-

146 4833 284 4903 geli,
339 4847 397 4886 ut
452 4843 509 4888 et
553 4833 656 4903 ipsi
713 4831 1004 4903 gaudeant.
1057 4828 1116 4884 Si
1156 4829 1374 4899 quidem
1433 4836 1489 4882 et
1542 4827 1722 4881 omnis

143 4936 407 4982 creatura
466 4937 656 4996 parata
696 4934 799 4982 est.
843 4924 1086 4980 Parturit
1117 4925 1260 4979 enim
1302 4933 1357 4978 et
1415 4920 1721 4992 ingemiscit

144 5029 206 5076 ct
239 5029 518 5088 exspectat
551 5028 790 5073 nostrain
825 5019 1075 5084 salutem,
1122 5027 1181 5070 ut
1211 5025 1265 5070 et
1307 5015 1422 5085 ipsa
1458 5015 1722 5070 liberetur

147 5126 184 5165 a
217 5111 421 5166 dolore.
455 5109 741 5166 Liberatur
769 5111 915 5166 enim
943 5120 998 5165 et
1035 5109 1116 5164 sol
1145 5123 1212 5162 ne
1239 5108 1378 5163 ultra
1419 5107 1676 5161 adoretur
1703 5123 1717 5160 :

148 5217 210 5261 et
269 5206 416 5272 luna,
479 5223 547 5262 ne
607 5207 724 5277 ipsa
774 5206 1196 5262 calumnietura
1249 5205 1503 5260 deitate:
1549 5203 1722 5259 stella:

145 5301 340 5365 etiam,
387 5309 446 5353 ut
493 5315 597 5354 non
628 5299 1066 5354 contaminentur
1109 5297 1301 5354 hostiis
1335 5317 1348 5353 :
1384 5309 1440 5353 ut
1466 5299 1577 5368 jam
1612 5313 1721 5354 non

147 5391 297 5446 male
347 5392 610 5447 conlletur
659 5401 942 5464 argentum
996 5411 1010 5446 :
1061 5406 1275 5460 aurum,
1312 5404 1370 5448 ut
1416 5409 1522 5450 non
1571 5395 1721 5452 coin-

225 5505 272 5539 "
308 5503 462 5561 Joan.
496 5522 630 5574 xvii,
659 5507 713 5562 5.
790 5506 880 5561 ⁷⁸1
912 5506 1052 5564 Τίιιι.
1074 5523 1150 5577 v1,
1183 5509 1272 5565 l6.

223 5620 338 5746 (εῖτ)
371 5620 470 5677 Ms.
497 5619 765 5682 Conﬂetur
789 5634 1082 5696 argentum,
1107 5641 1318 5697 aurum,
1354 5639 1410 5686 ut
1440 5646 1544 5688 non
1568 5633 1717 5690 coin-

223 5708 307 5746 me
333 5707 411 5746 ur.

147 5708 411 5765 qutnetur.

1833 3283 1942 3323 non
1999 3270 2186 3335 tacuit,
2234 3268 2329 3323 sed
2375 3268 2690 3338 frequenter
2746 3271 2847 3335 ait,
2901 3269 3056 3325 Erat.
3086 3271 3224 3338 Quid
3265 3274 3410 3326 enim

1832 3357 1978 3412 aliud
2029 3369 2084 3412 et
2139 3357 2360 3412 deberet
2412 3358 2560 3412 dici?
2607 3356 2813 3414 Domus
2873 3358 3004 3413 Dei?
3049 3361 3410 3430 quodcunque

1831 3447 2130 3502 dixerimus
2162 3456 2267 3513 est,
2296 3448 2440 3515 quod
2473 3462 2580 3502 non
2615 3448 2681 3502 de
2710 3447 2850 3504 Filio
2872 3459 2954 3503 est
2983 3466 2997 3504 :
3025 3450 3258 3504 alienum
3291 3452 3407 3522 (85)

1833 3555 1863 3594 a
1894 3542 1982 3595 die
2007 3549 2108 3595 est.
2160 3540 2397 3607 Spiritus
2441 3541 2494 3594 in
2546 3543 2724 3597 medio
2767 3552 3012 3596 nostrum
3043 3552 3127 3597 est
3161 3559 3176 3596 :
3223 3543 3267 3598 si
3300 3559 3406 3598 non

1832 3631 2098 3700 spiritalia
2122 3631 2286 3686 locuti
2318 3631 2604 3696 fuerimus,
2642 3633 3034 3688 contristamus
3075 3634 3322 3704 spiritum
3352 3636 3407 3689 in

1831 3740 1938 3794 quo
1990 3725 2185 3793 signati
2241 3741 2444 3780 sumus.
2505 3725 2692 3782 Gloria
2748 3725 2868 3791 Dei,
2902 3727 3106 3782 veritas
3147 3728 3265 3792 Dei,
3299 3743 3405 3782 non

1829 3819 2026 3886 quaerit
2052 3833 2081 3870 a
2123 3827 2176 3871 te
2206 3817 2411 3884 laudes,
2441 3819 2538 3872 sed
2567 3834 2666 3873 nec
2693 3818 2761 3872 ab
2784 3819 3011 3890 angelis.
3052 3819 3167 3874 Non
3195 3821 3314 3876 dico
3349 3831 3408 3874 ut

1829 3924 1860 3962 a
1898 3919 1968 3973 te,
2001 3909 2093 3963 sed
2121 3909 2317 3978 quaerit
2353 3925 2384 3963 a
2437 3919 2490 3965 te
2535 3920 2594 3964 ut
2644 3926 2911 3981 agnoscas
2943 3927 3066 3967 eum
3105 3931 3118 3967 :
3150 3915 3407 3982 prodesse

1829 4001 1974 4056 enim
2009 4001 2057 4056 ei
2089 4013 2266 4071 potes,
2301 4001 2344 4056 si
2377 4015 2502 4056 eum
2546 4005 2868 4072 agnoveris?
2918 4016 3010 4059 aut
3044 4005 3236 4061 lumini
3273 4023 3405 4078 pro-

1827 4093 1967 4159 deat,
1998 4107 2123 4149 cum
2173 4094 2361 4148 vides?
2387 4104 2448 4148 ιιι
2475 4096 2718 4152 dicamus
2746 4097 2872 4167 quia
2912 4107 2962 4153 et
2995 4099 3104 4154 Deo
3146 4100 3406 4169 prodesse

1827 4194 2028 4254 potest.
2084 4186 2225 4240 Deus
2269 4185 2413 4239 enim
2445 4187 2556 4242 vult
2610 4197 2661 4242 te
2690 4203 2986 4259 agnoscere
3018 4205 3097 4246 se.
3147 4192 3401 4261 Cognitio

1827 4301 1972 4353 enim
2024 4300 2117 4354 Dei
2162 4313 2366 4356 aeterna
2405 4303 2514 4358 vita
2559 4313 2676 4371 est;
2727 4319 2834 4360 non
2872 4305 3006 4370 Deo,
3053 4307 3148 4360 sed
3195 4306 3280 4361 his
3309 4309 3400 4376 qui

1828 4403 2184 4462 cognoscunt.
2235 4393 2311 4448 lla
2339 4397 2484 4451 enim
2525 4405 2580 4451 et
2617 4397 2878 4453 Dominus
2908 4400 3244 4467 pronuntiat.
3271 4398 3400 4456 Haec

2141 4487 2247 4539 vita
2274 4496 2493 4555 aeterna,
2525 4497 2584 4540 ut
2612 4498 2927 4558 cognoscant
2958 4500 3006 4542 te
3030 4490 3200 4544 solum
3225 4507 3399 4545 verum

1828 4576 2017 4639 Deum,
2053 4589 2099 4632 et
2147 4594 2301 4648 quem
2353 4581 2546 4634 misisti
2589 4580 2773 4636 Jesum
2810 4580 3078 4636 Christum
3112 4583 3179 4638 '".
3229 4582 3402 4637 Verris

1828 4667 1970 4724 Deus
2013 4679 2098 4724 est
2151 4669 2313 4726 Pater
2358 4671 2411 4726 in
2466 4687 2532 4727 eo
2573 4673 2718 4742 quod
2770 4689 2876 4728 non
2913 4684 3071 4728 natus
3098 4683 3200 4730 est.
3231 4673 3402 4730 Verus

1827 4758 1998 4816 Filius
2027 4770 2110 4817 est
2133 4765 2186 4816 in
2212 4777 2276 4818 eo
2301 4765 2443 4832 quod
2473 4774 2555 4820 est
2585 4766 2909 4835 unigenilus.
2946 4764 3061 4820 Non
3081 4767 3224 4820 enim
3249 4782 3402 4822 men-

1829 4853 2043 4908 dacium
2087 4855 2270 4920 genuit
2301 4870 2480 4909 verus.
2533 4853 2641 4910 Sed
2687 4871 2848 4911 verus
2900 4855 3064 4911 Pater
3099 4857 3241 4912 Deus
3290 4871 3398 4911 non

1831 4955 1989 5000 natus
2023 4963 2037 5000 :
2067 4962 2224 5000 verus
2266 4944 2408 5000 Deus
2436 4945 2606 5001 Filius
2649 4948 2981 5018 unigenitns.
3021 4946 3155 5003 Nam
3187 4959 3242 5004 et
3268 4949 3398 5004 illud

1828 5035 1971 5101 quod
2022 5035 2222 5089 dictum
2270 5045 2400 5090 est:
2443 5034 2598 5090 Solus
2649 5035 2804 5091 habet
2851 5037 3302 5092 immortalitatem
3327 5037 3394 5104 ⁷³,

1826 5140 2016 5180 verum
2046 5135 2147 5182 est.
2176 5128 2221 5181 Α
2247 5129 2540 5196 εειιιειίρεο
2573 5129 2718 5184 enim
2748 5130 2896 5185 solus
2927 5130 3108 5184 habet.
3135 5129 3240 5184 Sed
3288 5129 3396 5186 sic-

1828 5231 1889 5278 ut
1935 5219 2095 5275 Pater
2128 5220 2296 5274 vitam
2348 5220 2511 5275 habet
2538 5220 2594 5274 in
2642 5221 2932 5290 semetipso
2985 5242 2998 5276 :
3036 5222 3108 5276 ita
3154 5231 3208 5276 et
3254 5220 3396 5276 Filio

1830 5313 1980 5370 dedit
2009 5313 2173 5368 vitam
2225 5312 2425 5368 habere
2477 5313 2528 5367 in
2581 5313 2894 5382 semetipso.
2926 5310 3077 5368 Unus
3108 5327 3238 5382 ergo
3287 5328 3394 5367 non

1827 5415 2012 5475 natus,
2048 5415 2104 5461 et
2151 5419 2288 5481 unus
2328 5405 2662 5474 unigenitus,
2706 5413 2762 5459 et
2807 5420 2947 5461 unus
2993 5405 3228 5476 Spiritus
3265 5420 3397 5464 san-

2048 5631 2246 5710 Ms._Ut
2279 5650 2393 5710 non
2413 5651 2542 5690 vane
2574 5636 2958 5710 comburatur.‘

1898 5703 2007 5770 (85)
2048 5703 2092 5757 Α
2115 5707 2200 5761 die
2229 5715 2324 5761 est.
2353 5704 2517 5764 Forte
2543 5723 2574 5761 a
2599 5705 2705 5760 Deo
2727 5715 2826 5761 est.
