3810 6218
487 305 629 370 1059

1193 307 1458 364 EUSEBII
1496 307 1978 366 C/ESARIENSIS
2013 308 2052 364 0

2162 355 2163 358 η
2205 309 2386 363 PARS
2424 308 2514 363 IV.
2555 340 2627 349 -——
2666 307 3090 364 DOGMATICA.

3623 309 3743 364 1060

485 438 627 482 ειιιε.
645 425 768 478 llaec
785 422 918 477 dicit
935 438 1036 476 una
1070 421 1307 476 Ecclesia
1331 439 1346 474 :
1369 421 1471 474 hoc
1495 422 1855 490 consignatur
1891 420 1946 474 in
1976 435 2083 476 uno
2110 427 2160 484 Α
2185 423 2516 478 sentiantur.
2549 421 2659 477 Ista
2686 422 2832 476 enim
2856 430 2945 474 est
2975 431 3180 475 a3terna
3204 421 3336 474 vita.
3363 417 3423 474 In
3449 419 3542 474 his
3560 422 3746 475 erimus

487 519 758 588 baptismo
787 533 801 570 :
829 516 944 568 hinc
975 513 1176 581 scripta
1201 522 1330 566 sunt
1360 514 1414 566 in
1446 512 1709 581 sanguine
1739 521 2065 582 martyrum,

483 619 542 664 et
566 620 692 662 ante
729 616 1000 676 martyres
1047 605 1098 658 in
1129 603 1394 673 sanguine
1431 603 1658 657 Christi.
1695 600 1809 656 Nec
1841 617 2068 671 spernas

484 702 604 770 ejus
660 698 978 768 sanguinem
1005 696 1151 764 quod
1191 696 1267 748 tui
1321 705 1544 764 propter
1580 693 1783 748 eﬂ‘usus
1814 703 1898 748 est.
1929 693 2063 763 (86).

485 793 686 848 Eﬂ‘udit
723 793 866 846 enim
898 805 1055 844 suum
1092 788 1410 858 sanguinem
1455 785 1714 841 Dominus
1744 798 1801 839 ut
1826 786 2066 839 salvare-

483 889 585 951 ris,
619 894 675 941 et
706 895 761 938 tn
795 883 964 938 audes
993 899 1056 937 ea
1087 883 1266 936 delere
1304 895 1424 950 quae
1461 894 1560 948 per
1585 879 1906 949 sanguinem
1939 886 2066 933 sunt

483 977 726 1048 scripta?
760 977 852 1030 sed
879 976 1021 1045 quod
1054 989 1150 1044 per
1177 973 1493 1043 sanguinem
1520 972 1782 1040 scriptum
1812 983 1917 1037 est,
1955 986 2062 1025 non

482 1070 716 1124 deletur.
746 1068 884 1122 Vide
911 1081 1043 1122 sane
1075 1082 1144 1120 ne
1172 1075 1228 1119 et
1269 1076 1327 1120 tu
1375 1065 1440 1120 de
1474 1052 1614 1119 libro
1656 1065 1778 1118 vitae
1805 1065 2056 1120 delearis.

486 1161 661 1214 Adora
693 1175 861 1223 unum
916 1174 1023 1212 non
1071 1169 1280 1220 natum,
1320 1168 1377 1212 ει
1407 1174 1571 1211 ιιιιιιιιι
1609 1158 1964 1227 unigenitum,
1997 1173 2064 1213 ne

377 1242 388 1253 ’
483 1267 711 1322 spernas
739 1266 904 1306 unum
934 1251 1209 1319 spiritum.
1249 1251 1427 1304 Adora
1464 1251 1704 1314 Patrem,
1736 1260 1792 1303 et
1833 1252 2065 1305 salvabit

481 1354 538 1398 te
553 1343 725 1398 Filius
758 1362 771 1397 :
806 1345 969 1397 adora
997 1342 1218 1406 Filium,
1243 1352 1296 1396 et
1320 1343 1579 1411 suscipiet
1604 1353 1653 1396 ιε
1689 1358 1784 1410 ρει·
1807 1358 1928 1395 ειιιιι
1958 1344 2062 1396 Pa—

482 1445 586 1490 ter.
621 1437 892 1491 Conﬁtere
926 1435 1210 1505 Spiritutn,
1237 1445 1293 1488 et
1335 1435 1575 1504 impertit
1604 1436 1717 1505 (87)
1750 1436 1843 1490 tibi
1889 1435 2060 1491 Filius

485 1528 767 1600 Spiritum.
836 1527 962 1582 Haec
1024 1528 1298 1592 dicantur,
1362 1527 1475 1581 haec
1527 1528 1876 1597 cogitentury
1933 1528 2052 1582 haec

2176 517 2296 573 sine
2337 516 2458 578 lite,
2492 513 2610 568 sine
2633 511 2840 580 iurgio,
2879 513 2998 567 sine
3042 512 3416 566 contentione.
3455 510 3542 564 Ad
3579 527 3745 581 pacem

2174 608 2322 664 enim
2351 620 2452 660 nos
2481 604 2696 659 vocavit
2719 603 2881 659 Deus.
2920 602 3039 672 lpse
3074 604 3220 658 enim
3254 600 3518 657 Christus
3549 613 3636 656 est
3660 619 3746 670 pax

2175 709 2364 756 nostra
2417 718 2431 753 :
2481 697 2538 752 In
2583 699 2700 767 ipso
2735 697 2913 751 vocati
2947 711 3155 751 sumus.
3191 694 3330 762 Quid
3363 694 3600 748 dimissa
3638 709 3748 762 pace

2172 793 2298 848 lites
2357 789 2724 845 assumimus?
2781 790 2899 844 Non
2961 789 3162 843 audisti
3223 803 3347 843 eum
3408 788 3689 843 dicentem
3737 806 3748 841 :

2171 886 2363 941 Pacem
2418 901 2588 938 mecm
2638 888 2706 936 do
2758 883 2934 949 vobis,
2989 897 3168 950 pacem
3217 896 3391 934 meam
3456 879 3751 948 derelinquo

2168 977 2313 1033 vobis
2356 976 2444 1031 7’?
2478 976 2645 1031 Suam
2688 990 2876 1044 pacem
2911 977 3003 1031 dat
3035 975 3193 1029 nobis
3241 973 3534 1038 Dominus,
3570 979 3626 1026 et
3670 985 3752 1025 nos

2165 1068 2345 1139 jurgia
2379 1082 2411 1122 e
2456 1076 2644 1122 contra
2683 1067 3013 1121 inducimus.
3061 1065 3212 1120 Finis
3254 1075 3443 1119 autem
3490 1062 3753 1118 sermonis

2171 1161 2276 1215 iste
2311 1161 2401 1215 sit.
2435 1159 2620 1214 Gloria
2653 1160 2744 1213 uni
2786 1176 2892 1212 non
2942 1168 3068 1212 nato
3123 1158 3233 1212 Deo
3269 1173 3366 1226 per
3413 1171 3592 1210 unum
3645 1154 3755 1208 uni-

2171 1253 2410 1322 genitum
2462 1250 2630 1305 Deum
2673 1251 2868 1306 Filium
2917 1250 3009 1304 Dei
3063 1251 3114 1303 in
3147 1264 3254 1304 uno
3285 1249 3499 1320 Spiritu
3549 1259 3752 1309 sancto,

2167 1357 2223 1398 et
2251 1359 2394 1397 nunc
2413 1352 2470 1398 et
2503 1357 2717 1412 semper
2741 1352 2796 1396 et
2830 1358 2927 1411 per
2955 1341 3139 1396 omnia
3165 1340 3362 1396 stecula
3407 1339 3753 1394 saeculorum.

2167 1437 2364 1492 Amen.

467 1789 475 1828 ι
513 1783 3738 1819 ,-.--..--.---.-.--------------------

1574 1983 1931 2072 LIBER
2007 1983 2662 2074 SECUNDUS.

2063 2182 2133 2197 —

549 2342 686 2409 Puto
710 2343 886 2397 adhuc
917 2355 1078 2396 aures
1110 2338 1350 2407 obstrepi
1387 2352 1535 2392 meas
1557 2352 1587 2390 a
1621 2338 1880 2391 memoria
1926 2337 2068 2391 beati
2101 2347 2144 2401 Β
2175 2332 2437 2392 Dominus
2486 2330 2717 2392 reddens
2760 2355 2978 2394 causam
3009 2339 3092 2394 sui
3125 2340 3390 2393 adventus
3421 2333 3476 2392 in
3526 2339 3746 2405 mundo,

479 2435 632 2490 illius
669 2434 769 2486 viri
805 2432 946 2501 (88),
973 2430 1065 2500 qui
1086 2429 1175 2482 illa
1204 2429 1451 2498 religiosa
1483 2426 1793 2496 frequenter
1821 2442 1952 2481 usus
1979 2436 2061 2482 est

477 2539 639 2579 voce.
664 2522 800 2576 Nam
833 2531 890 2576 et
916 2534 1076 2574 aures
1098 2529 1296 2572 vestra:
1319 2517 1496 2570 adhuc
1529 2517 1728 2570 bonum
1759 2514 1873 2580 (89)
1911 2516 2056 2569 illius

475 2615 629 2670 vocis
680 2614 941 2669 retinent.
978 2613 1116 2666 Puto
1167 2611 1310 2663 enim
1351 2623 1435 2662 me
1485 2609 1674 2661 audire
1707 2625 1825 2660 eum
1873 2608 2058 2661 dicen-

479 2717 586 2763 tem
624 2725 636 2758 :
668 2703 978 2774 Unigenitus
1015 2701 1108 2755 Dei
1148 2699 1323 2753 Filius
1351 2700 1418 2752 ⁸ο.
1447 2699 1582 2752 Ecce
1619 2697 1761 2751 enim
1789 2698 1899 2767 (90)
1932 2697 2060 2750 reli-

475 2801 625 2868 giosa
663 2813 768 2851 vox
798 2810 894 2866 per
918 2813 978 2848 ns
1001 2795 1117 2863 ejus
1153 2807 1368 2861 semper
1395 2790 1764 2860 premebatur.
1798 2789 2058 2844 Memoria

474 2890 626 2944 enim
680 2897 800 2944 erat
846 2885 1124 2959 Unigeniti
1181 2885 1250 2939 ad
1304 2882 1533 2952 gloriam
1563 2896 1670 2936 non
1717 2881 1828 2934 nati
1859 2880 2058 2935 Patris.

475 2982 797 3037 Audivimus
845 2988 1026 3034 autem
1074 2976 1380 3046 apostolum
1429 2974 1832 3045 prtecipientem
1886 2974 2060 3027 hono-

477 3075 590 3130 rari
639 3071 842 3142 duplici
907 3072 1116 3125 honore
1171 3067 1368 3122 debere
1424 3065 1776 3136 presbyteros
1807 3063 1851 3095 ⁸⁸
1897 3077 1913 3115 :
1966 3079 2060 3118 eos

477 3164 716 3219 maxime
744 3163 838 3232 qui
865 3161 1119 3215 laborant
1145 3158 1199 3211 in
1227 3157 1392 3210 verbo
1417 3164 1472 3208 et
1495 3153 1759 3208 doctrina.
1787 3150 1889 3218 Qui
1913 3151 2059 3205 enim

475 3255 795 3326 pudicitiam
843 3253 992 3316 colit,
1047 3253 1222 3306 bonus
1269 3259 1352 3304 est
1400 3247 1504 3303 sibi
1546 3264 1561 3302 :
1604 3256 1658 3301 et
1695 3246 1786 3314 qui
1822 3244 2057 3314 jejunat,

473 3347 645 3400 etiam
705 3345 752 3399 si
804 3345 1006 3399 bonum
1063 3341 1228 3396 faciat
1271 3355 1428 3408 opus,
1465 3348 1647 3394 tamen
1683 3339 1831 3392 sibi:
1875 3347 1932 3392 et
1966 3337 2060 3406 qui

475 3440 789 3506 miseretur,
826 3446 882 3493 et
931 3435 1038 3491 sibi
1074 3433 1510 3490 misericordiam
1554 3440 1736 3501 parat,
1773 3439 1832 3485 et
1872 3430 1923 3485 ei
1970 3430 2060 3485 cui

473 3558 705 3628 praebet.
738 3555 842 3623 Qui
872 3563 1053 3608 autem
1088 3551 1409 3622 religionem
1438 3547 1737 3605 secundum
1773 3547 2057 3602 veritatem

474 3650 654 3714 docet,
679 3657 735 3702 et
780 3645 883 3701 sibi
916 3645 1057 3698 viam
1107 3653 1368 3697 aeternam
1401 3639 1659 3710 acquirit,
1707 3648 1763 3692 ει
1803 3637 2058 3692 omnibus

473 3743 566 3812 qui
593 3743 877 3795 docentur.
908 3737 1028 3792 Non
1063 3746 1148 3790 est
1179 3744 1513 3804 praeceptum
1540 3732 1802 3801 apostolis
1832 3741 1890 3785 ut
1925 3746 2054 3798 pau-
2080 3748 2123 3806 (ε

473 3847 635 3904 peres
678 3838 988 3900 pascerent,
1025 3828 1118 3883 sed
1152 3837 1210 3881 ut
1257 3836 1310 3880 et
1357 3825 1458 3894 ipsi
1500 3832 1878 3893 pascerentur.
1909 3821 2055 3876 Reli-

473 3927 651 3997 gionis
676 3941 804 3995 ergo
834 3921 1149 3993 pratdicatio
1185 3920 1356 3988 major
1378 3927 1464 3974 est
1486 3933 1513 3971 a
1538 3917 1909 3972 misericordia
1933 3932 2056 3986 qua:

475 4019 535 4074 ﬁt
580 4019 648 4073 ad
693 4018 942 4072 homines
975 4035 988 4070 :
1018 4022 1232 4083 Oportet
1279 4013 1422 4066 enim
1475 4012 1708 4081 primum
1746 4023 1906 4064 nosse
1930 4024 2052 4063 eum

474 4111 700 4181 propter
736 4123 899 4177 quem
940 4106 1074 4160 ﬁunt
1103 4120 1165 4158 ea
1198 4119 1317 4172 qua:
1348 4103 1507 4168 ﬁunt,
1539 4111 1592 4156 et
1627 4101 1700 4155 ita
1740 4101 1918 4154 facere
1951 4099 2056 4154 mi-

474 4197 830 4254 sericordiam
859 4210 878 4248 :
928 4193 1300 4262 unusquisque
1329 4193 1473 4244 enim
1501 4191 1594 4261 qui
1639 4200 1918 4258 operatur,
1949 4189 2054 4244 sibi

475 4291 712 4362 acquirit
743 4303 878 4358 Opus
909 4305 923 4341 :
959 4285 1275 4352 praedicatio
1299 4293 1479 4336 autem
1523 4282 1769 4335 veritatis
1800 4280 1917 4335 hate
1945 4287 2050 4344 est,

473 4393 697 4454 propter
733 4395 896 4450 quam
927 4389 981 4433 et
1012 4377 1180 4431 Filius
1214 4375 1360 4428 venit
1397 4375 1450 4427 in
1486 4388 1732 4440 corpore.
1771 4371 1886 4426 Non
1915 4373 2054 4427 dixit

476 4473 763 4534 Dominus,
791 4469 939 4523 Beati
970 4465 1112 4522 oculi
1141 4478 1330 4518 eorum
1381 4461 1472 4531 qui
1525 4459 1792 4528 jejunant,
1840 4457 1935 4514 sed
1972 4459 2054 4512 vi-

474 4565 740 4627 dentium,
762 4562 961 4632 inquit,
990 4574 1052 4614 ea
1083 4573 1203 4628 quae
1229 4555 1422 4610 videtis
1440 4554 1505 4606 ⁸³.
1533 4554 1636 4607 Sed
1659 4568 1761 4606 non
1783 4566 1884 4621 ego
1911 4565 2054 4604 nunc

470 4659 644 4714 bonos
676 4666 830 4709 actus
872 4662 1071 4707 aecuso
1103 4670 1116 4703 :
1159 4649 1254 4702 sed
1283 4648 1424 4701 sicut
1446 4645 1600 4701 stella
1635 4646 1806 4699 stella:
1835 4643 2052 4713 praefert

472 4750 668 4820 gloria,
710 4747 784 4801 ita
822 4756 878 4800 et
908 4752 1060 4798 actus
1096 4741 1207 4813 (9|)
1256 4740 1468 4794 actibus
1518 4734 1773 4792 diﬁerunt
1825 4737 2048 4789 honore.

473 4843 756 4897 Summum
813 4837 956 4890 enim
1000 4843 1055 4886 et
1092 4832 1440 4901 praecipuum,
1481 4836 1535 4882 ει
1575 4828 1806 4896 primum
1859 4825 2052 4878 funda-

472 4940 714 4988 mentum
747 4938 802 4983 et
849 4927 998 4980 radix
1037 4924 1278 4977 omnium
1304 4935 1528 4990 operum
1555 4935 1674 4988 quae
1708 4919 1862 4981 ﬁunt,
1915 4918 2049 4970 lides

471 5033 558 5079 est
580 5036 727 5077 vera.
752 5019 888 5073 Dicit
915 5017 1059 5071 enim
1091 5014 1348 5069 Dominus
1371 5027 1386 5064 :
1409 5011 1518 5080 Ego
1539 5020 1753 5080 propter
1781 5010 1876 5062 hoc
1905 5010 2042 5072 veni,

2161 2429 2292 2484 dicit
2317 2431 2440 2498 quia
2482 2430 2602 2484 ideo
2634 2442 2792 2485 natus
2821 2448 2961 2493 sum.
3009 2441 3064 2486 et
3113 2432 3234 2485 ideo
3279 2432 3402 2485 veni
3439 2433 3496 2486 in
3548 2433 3747 2486 mundo

2163 2531 2222 2576 ut
2249 2531 2416 2576 tester
2440 2523 2680 2586 veritati,
2710 2533 2764 2578 et
2792 2534 2846 2576 tu
2875 2524 3106 2578 abnuis?
3137 2523 3270 2578 Nam
3307 2536 3361 2578 et
3384 2524 3587 2579 Petrus
3625 2527 3746 2579 bea-

2161 2621 2268 2677 tus,
2301 2614 2493 2668 beatus
2535 2615 2738 2669 dicitur
2771 2615 2841 2679 ⁸⁸,
2871 2631 2977 2669 non
3025 2615 3097 2670 ob
3120 2615 3406 2684 jejunium,
3459 2633 3650 2686 neque
3686 2615 3747 2671 ob

2159 2705 2306 2760 aliud
2360 2706 2578 2774 aliquod
2632 2723 2791 2776 opus,
2828 2709 2922 2762 sed
2977 2709 3104 2778 quia
3155 2708 3317 2762 Pater
3366 2708 3421 2762 ei
3483 2710 3748 2764 revelavit

2158 2795 2380 2850 Filium.
2417 2797 2484 2852 Et
2528 2799 2724 2853 iterum
2775 2799 2936 2855 Pater
2969 2801 3168 2869 ubique
3203 2800 3269 2854 de
3312 2799 3454 2855 Filio
3491 2811 3743 2855 testatur.

2158 2885 2292 2942 Nam
2337 2898 2392 2943 et
2446 2889 2500 2942 in
2550 2891 2818 2958 baptismo
2878 2889 3126 2957 Joannis,
3181 2901 3238 2944 et
3274 2893 3326 2944 in
3384 2901 3582 2944 monte
3619 2892 3744 2944 nihil

2157 2981 2303 3035 aliud
2331 2982 2704 3051 proclamavit,
2733 2982 2834 3036 nisi
2861 2981 2997 3035 :llic
3029 2990 3107 3036 est
3136 2980 3311 3034 Filius
3338 2997 3490 3034 meus
3525 2982 3747 3036 dilect-Za-

2159 3075 2344 3140 simus,
2373 3075 2428 3128 in
2465 3090 2568 3144 quo
2607 3076 2730 3128 bene
2757 3074 3047 3142 complacui
3071 3074 3138 3129 ⁸⁵.
3173 3072 3440 3127 Similiter
3470 3083 3532 3129 et
3555 3072 3744 3128 Paulus

2161 3169 2285 3221 dum
2325 3167 2546 3221 doceret
2591 3167 2856 3221 dicebat:
2903 3165 3329 3229 Fundamentum
3374 3167 3532 3221 aliud
3565 3179 3746 3236 prater

2157 3275 2277 3314 eum
2297 3259 2387 3329 qui
2421 3267 2496 3312 est
2519 3259 2720 3326 positus
2758 3275 2906 3311 nemo
2949 3268 3115 3325 potest
3157 3274 3368 3325 ponere,
3397 3270 3604 3326 ιιι-αἰει-
3639 3275 3742 3312 ent

2156 3351 2248 3418 qui
2298 3360 2371 3402 est
2420 3347 2657 3402 Christus
2708 3347 2865 3402 Jews
2888 3348 2956 3402 ⁸⁸.
3015 3345 3074 3401 Si
3125 3348 3292 3418 igitur
3329 3350 3740 3404 fundamentum

2158 3441 2323 3496 fuerit
2348 3441 2578 3506 salvum,
2622 3452 2806 3508 sperat
2852 3440 3140 3495 aediﬁcatio
3185 3441 3322 3494 bene
3382 3442 3663 3510 proﬁcere
3693 3454 3741 3494 se

2157 3549 2318 3604 posse
2346 3551 2360 3588 :
2397 3535 2444 3590 si
2471 3533 2622 3589 radix
2653 3533 2818 3589 fuerit
2847 3549 3001 3598 sana,
3044 3547 3169 3602 spes
3194 3541 3281 3585 est
3316 3533 3538 3586 fructus
3561 3547 3629 3586 ex
3673 3547 3742 3585 ra-

2158 3627 2263 3682 mis
2295 3627 2559 3695 accipere.
2593 3627 2649 3680 Si
2677 3638 2858 3681 autem
2890 3627 3104 3680 inﬁrme
3121 3624 3284 3678 fuerit
3305 3620 3737 3684 fundamentum,

2159 3718 2212 3772 in
2261 3717 2504 3787 periculo
2553 3728 2680 3774 sunt
2736 3733 2800 3772 ea
2847 3733 2968 3787 quae
3023 3725 3489 3788 superponuntur.
3543 3717 3738 3769 Aurum

2155 3812 2298 3865 enim
2352 3810 2498 3880 quod
2532 3826 2696 3880 super
2749 3809 3180 3873 fundamentum,
3227 3817 3281 3862 et
3332 3817 3657 3878 argentum,
3695 3820 3740 3860 et

2155 3908 2488 3976 margaritae,
2541 3917 2599 3963 et
2645 3909 2850 3979 lapides
2896 3892 3144 3979 pretiosi,
3199 3919 3254 3963 et
3302 3908 3516 3972 fenum,
3562 3920 3620 3964 et
3656 3912 3739 3964 sti-

2155 4001 2316 4069 pulae,
2350 4010 2404 4056 et
2435 4001 2580 4072 ligna
2626 4011 2903 4072 ponuntur
2940 4017 2956 4055 :
2999 4002 3134 4056 nihil
3168 4001 3315 4056 aliud
3363 4002 3645 4069 signiﬁcat
3690 4004 3736 4056 in

2156 4094 2261 4148 hoc
2298 4093 2440 4158 loco,
2493 4094 2597 4148 nisi
2636 4095 2856 4163 quidem
2909 4093 3354 4164 prmdicatiouem
3399 4110 3502 4165 per
3552 4111 3734 4149 aurum

2154 4194 2206 4240 et
2252 4194 2539 4256 argentum
2576 4197 2631 4240 et
2684 4185 2892 4256 lapides
2936 4186 3230 4256 pretiosos.
3283 4182 3360 4240 Ea
3400 4196 3589 4240 autem
3626 4200 3736 4256 qua:

2153 4288 2350 4347 praeter
2377 4279 2662 4333 veritatem
2697 4288 2846 4344 sunt,
2879 4280 2985 4349 igni
3038 4289 3225 4348 utpote
3277 4278 3464 4348 digna,
3511 4275 3638 4332 leno
3689 4288 3736 4331 et

2155 4369 2366 4440 stipula:
2391 4380 2448 4426 et
2495 4371 2644 4441 ligno
2680 4372 3033 4440 comparavit.
3065 4372 3183 4424 Non
3231 4371 3380 4424 enim
3415 4370 3556 4424 dixit
3600 4372 3735 4440 Apo-

2153 4462 2359 4516 stolus:
2397 4462 2452 4516 Si
2486 4463 2610 4531 quis
2653 4477 2759 4517 non
2801 4462 3008 4517 dederit
3041 4463 3288 4532 pauperi,
3325 4464 3626 4516 anathema
3651 4464 3733 4518 sit.

2154 4553 2268 4609 Non
2306 4556 2406 4610 ista
2435 4557 2640 4626 denego
2685 4573 2700 4611 :
2739 4556 2835 4610 sed
2868 4570 2988 4624 qua:
3028 4557 3202 4619 prima
3233 4566 3386 4619 sunt,
3425 4557 3646 4622 prima;
3687 4564 3733 4607 et

2152 4661 2274 4714 quae
2331 4649 2609 4711 secunda,
2663 4647 2919 4701 secunda.
2977 4644 3162 4700 Primo
3209 4648 3470 4701 condisce
3525 4657 3734 4718 propter

2151 4753 2313 4807 quem
2348 4737 2506 4804 facis,
2541 4749 2596 4792 et
2629 4739 2700 4792 ita
2741 4739 2918 4793 facito.
2949 4737 3096 4791 Multi
3127 4739 3271 4792 enim
3310 4739 3596 4793 hominum
3645 4755 3732 4808 pc-

2153 4829 2371 4883 coribus
2419 4839 2548 4884 sunt
2597 4829 2804 4884 similes
2844 4848 2858 4883 :
2909 4838 3100 4898 putant
3133 4843 3240 4882 non
3271 4842 3398 4882 esse
3429 4830 3734 4883 necessaria

2151 4936 2395 4990 quaerere
2429 4922 2496 4975 de
2529 4922 2614 4976 his
2638 4938 2759 4991 qua:
2790 4922 3069 4991 possibilia
3099 4930 3226 4974 sunt
3248 4933 3592 4990 quaerantur.
3625 4920 3736 4976 Sit?

2151 5023 2210 5067 ut
2231 5030 2362 5085 ergo
2389 5013 2456 5068 de
2483 5015 2568 5069 his
2595 5030 2714 5083 quae
2743 5023 2970 5082 possunt
2993 5015 3186 5084 quaeri,
3222 5013 3481 5068 inertium
3511 5024 3597 5069 est
3638 5030 3732 5068 non

470 5127 518 5171 et
548 5122 759 5186 propter
783 5112 879 5165 hoc
909 5120 1062 5164 natus
1094 5124 1236 5173 sunt,
1272 5117 1328 5158 ut
1369 5115 1523 5159 tester
1565 5105 1773 5156 veritati
1803 5104 1872 5156 ⁸³.
1923 5101 2041 5174 Ipse
2073 5097 2118 5152 D
2145 5119 2423 5175 quaerere;
2479 5104 2556 5158 ita
2601 5104 2666 5159 de
2720 5104 2806 5157 his
2838 5117 2958 5173 qua:
3007 5117 3113 5157 non
3163 5114 3392 5156 necesse
3425 5111 3513 5156 est
3548 5102 3733 5170 queri,

1130 5297 1177 5328 ⁸⁰
1213 5296 1370 5350 Joan.
1416 5311 1456 5362 ι,
1517 5292 1614 5362 18;
1678 5309 1761 5355 ιιι,
1808 5291 1898 5350 18.

521 5299 884 5361 ”Joan.xrv,
934 5297 1064 5368 27..
1130 5297 1177 5328 ⁸⁰
1213 5297 1370 5350 Joan.
1416 5311 1456 5362 ι,
1517 5297 1614 5358 l8;
1678 5309 1761 5355 ιιι,
1808 5297 1868 5348 18

548 5371 739 5425 Matth.
787 5384 899 5431 ut,
940 5368 1027 5422 17.
1105 5368 1151 5399 ⁸³⁵
1177 5369 1366 5421 Matth.
1399 5381 1480 5430 ut,
1516 5361 1611 5429 l7;
1652 5379 1785 5431 xvii,
1815 5366 1868 5419 5.

468 5370 519 5404 ει
548 5355 739 5425 ιιειιιι.
787 5355 899 5434 xvi,
940 5355 1064 5422 t7.‘

541 5486 655 5558 (86)
697 5487 798 5562 1_'ui
818 5485 1263 5562 propter."l€v§xa
1283 5482 1400 5547 σοῦ,
1428 5481 1623 5536 iterum
1648 5481 1786 5534 infra
1819 5483 2042 5562 subdiu.

469 5557 565 5614 lib.
599 5555 672 5622 vi,
701 5556 776 5610 De
797 5573 855 5610 eo
883 5557 1026 5625 quod
1047 5557 1122 5608 ait
1147 5555 1308 5609 Deus.

541 5626 658 5695 (87)
699 5623 960 5692 Imperi—it.
987 5623 1152 5680 Forte
1180 5624 1455 5690 impertiet.

543 5629 633 5695 (87
699 5629 960 5692 Ιηιμενιξι.
989 5629 1152 5680 Forte
1180 5629 1455 5690 impertiet.

543 5629 660 5766 (88;
701 5695 846 5749 Beati
869 5696 1015 5748 illius
1039 5697 1156 5749 viri.
1194 5695 1480 5764 Pamphili.
1511 5707 1570 5750 ut
1598 5695 1762 5749 Henr.
1793 5693 2040 5750 Valesius

467 5779 694 5846 cense};
720 5781 836 5846 nos
863 5768 1161 5847 Agapetum
1211 5769 1387 5869 p'otius
1419 5778 1672 5839 putamus
1701 5766 1919 5825 Eusebii
1946 5770 2040 5825 de-

2027 5292 2114 5345 “l
2147 5292 2288 5346 Tim.
2323 5307 2379 5357 v,
2414 5291 2504 5347 17.

1949 5364 1996 5396 ⁸⁵
2039 5364 2061 5420 l
2096 5360 2222 5420 Cor.
2260 5377 2342 5429 ιιι,
2370 5363 2455 5420 ll.
2547 5366 2569 5376 '

2599 5291 2646 5363 β’
2671 5290 2804 5346 Luc.
2841 5306 2901 5356 χ,
2935 5289 3026 5344 23.
3161 5288 3206 5321 ⁸³
3229 5288 3391 5345 Joan.
3435 5305 3606 5357 xviii,
3652 5286 3730 5342 57.

2152 5496 2448 5543 cessarem,
2481 5481 2548 5535 de
2599 5494 2707 5548 quo
2742 5478 2944 5533 Euseb.
3005 5477 3102 5531 lib.
3156 5491 3235 5548 vti
3289 5474 3438 5530 Hist.
3491 5491 3611 5547 cap.
3645 5471 3725 5534 53.

2151 5553 2219 5608 de
2255 5553 2445 5605 eodem
2481 5547 2639 5604 beato
2665 5550 2780 5603 viro
2809 5549 2950 5603 intra
2982 5549 3086 5601 col.
3120 5547 3280 5601 1063.

2219 5622 2332 5690 (89)
2374 5621 2601 5675 Bonum.
2633 5620 2878 5690 Valesius
2907 5619 3028 5690 legit
3061 5634 3270 5690 sonitm.

2221 5687 2332 5757 (litt)
2376 5691 2509 5745 Ecce
2540 5691 2697 5744 enim.
2749 5687 2989 5743 Valesius
3022 5689 3149 5755 legit
3180 5689 3292 5741 lucc
3320 5688 3486 5745 enim.

2220 5765 2332 5838 (9t)
2379 5762 2498 5834 315.,
2528 5761 2723 5819 Prwest
2753 5763 2948 5832 gloria,
2977 5761 3049 5815 ita
3072 5771 3118 5814 et
3152 5771 3330 5814 actus.
