3810 6218
127 276 299 332 1061

1023 279 1110 334 DE
1144 281 1300 338 FIDE
1331 283 1703 340 ADVERSUS
1741 283 2157 340 SABELLlUM.
2197 312 2268 327 -ι
2302 283 2430 340 LIB.
2473 285 2540 342 ll.

3277 293 3415 348 1063

129 393 386 447 audacia
413 402 495 448 est
519 397 820 464 quaerendi.
846 396 980 464 Quae
1003 411 1134 469 ergo
1157 400 1354 455 debent
1386 403 1596 470 quarri?
1620 417 1741 472 qua:
1767 376 1893 466 Aget
1912 418 2020 458 nos
2049 403 2103 456 in
2127 417 2263 472 pace
2287 403 2520 469 vocavit,
2559 418 2666 460 non
2700 413 2877 461 tamen
2911 406 2979 462 ad
3009 406 3157 464 litem
3189 426 3203 463 :
3235 424 3412 482 pugna

127 485 469 541 invenimus
494 486 550 540 in
584 486 881 557 Scripta-ris
904 489 1080 559 posita
1114 507 1128 544 :
1158 507 1278 561 qua:
1305 503 1482 547 autem
1507 495 1560 548 in
1588 494 1737 548 Scri-

125 575 336 641 pturis
381 591 487 630 non
541 577 880 646 invenimus,
930 596 1039 636 non
1089 597 1419 651 quaeramus.
1480 584 1536 639 Si
1585 587 1731 641 enim

121 680 436 737 oporteret
471 672 628 727 nobis
659 687 781 728 esse
823 675 1059 743 cognita,
1092 677 1279 745 utique
1324 678 1560 746 Spiritus
1603 695 1733 735 san-

121 772 280 816 (ωε
323 764 592 833 posuisset
638 780 702 820 ea
751 766 804 819 in
841 765 1138 836 Scripturis
1175 786 1190 823 :
1222 784 1330 823 non
1360 772 1731 826 sumus'enim

129 857 518 923 sapientiores
563 873 594 912 a
643 859 848 929 Spiritu
895 869 1104 920 sancto.
1147 861 1206 916 Si
1256 862 1458 917 dixerit
1496 863 1730 933 Spiritus

125 960 380 1005 sanctus
414 968 427 1003 :
467 947 865 1006 Generalionem
905 952 1019 1023 ejus
1048 953 1165 1022 quis
1194 954 1464 1008 enarrabit
1487 954 1574 1008 ‘7?
1619 956 1728 1012 noli

125 1056 402 1110 quaerere
435 1057 610 1110 neque
644 1042 712 1097 ab
760 1041 1089 1109 hominibus,
1147 1058 1323 1113 neque
1379 1046 1446 1099 ab
1497 1046 1727 1116 angelis.

131 1132 268 1187 Cur
289 1133 575 1203 abnegavit
617 1132 874 1202 Spiritus,
904 1134 1041 1188 dixit
1071 1134 1216 1189 enim
1249 1136 1374 1204 quia
1415 1137 1726 1206 generatio-

133 1227 424 1298 nem-ejus
464 1228 583 1296 quis
605 1220 918 1282 enarrabit?
950 1227 1041 1296 qni
1073 1235 1252 1281 autem
1277 1228 1525 1282 concedit
1552 1226 1726 1297 Spiri-

131 1331 239 1374 tus
264 1336 524 1390 quaerere,
560 1318 706 1374 Unus
736 1319 878 1375 Deus
907 1335 973 1374 ea:
994 1336 1098 1390 que
1129 1328 1252 1374 sunt
1289 1320 1488 1384 omnia,
1510 1331 1561 1374 et
1589 1337 1726 1375 unus

133 1412 410 1465 Dominus
429 1411 582 1466 Iesus
605 1427 697 1480 per
718 1427 870 1481 quem
902 1421 1022 1464 sunt
1050 1411 1228 1464 omnia
1256 1409 1301 1443 ⁸⁸
1329 1427 1345 1464 ;
1371 1411 1724 1480 quemadmo-

124 1503 276 1556 dum
308 1513 488 1557 autem
522 1503 692 1557 Filius
736 1518 802 1557 ex
833 1502 1012 1565 Patre,
1038 1503 1200 1557 crede
1233 1504 1280 1557 ei
1315 1505 1406 1573 qui
1455 1504 1626 1567 novit,
1672 1505 1722 1557 ei

125 1596 237 1664 qui
268 1595 530 1650 noscitur.
567 1596 670 1650 Sed
702 1603 754 1649 tu
781 1595 1002 1665 quaeris,
1028 1603 1082 1648 et
1115 1595 1237 1664 quis
1266 1606 1350 1650 est
1373 1597 1466 1664 qui
1497 1596 1724 1664 promit-

117 1696 226 1741 tat
275 1702 336 1742 se
370 1687 564 1742 nosse?
591 1688 768 1741 omnis
815 1686 961 1740 enim
1007 1688 1315 1756 quicunque
1349 1688 1618 1756 promittit
1663 1704 1720 1743 se
1752 1717 1796 1772 Β

127 1795 327 1844 ιιοεεε,
384 1783 614 1834 mendax
653 1788 756 1833 est.
815 1778 1190 1834 Pronuntiavit
1237 1780 1382 1834 enim
1437 1779 1713 1848 Dominus,

125 1872 290 1941 quod
349 1871 526 1926 nullus
585 1872 729 1926 norit
788 1872 891 1926 nisi
955 1872 1106 1927 solus
1156 1873 1320 1927 Pater
1374 1872 1612 1941 Filium,
1661 1885 1718 1928 et

122 1963 314 2018 Filius
349 1963 593 2018 Patrem.
643 1964 748 2017 Sed
777 1964 908 2018 dicit
939 1965 1158 2033 quidam
1194 1983 1208 2018 :
1245 1965 1560 2034 Ignoramus
1585 1981 1716 2035 ergo

122 2056 269 2126 quia
300 2065 384 2111 est
419 2055 579 2121 Deus,
611 2063 666 2109 et
710 2057 835 2125 quia
884 2071 988 2111 non
1023 2069 1184 2111 natus
1214 2069 1316 2124 est,
1351 2068 1407 2112 et
1445 2060 1717 2114 nescimus

122 2134 270 2217 quia
321 2160 375 2202 et
408 2149 574 2202 Filius
597 2160 659 2203 et
699 2149 1003 2219 unigenitus
1039 2159 1123 2204 est
1175 2149 1384 2205 Filius?
1438 2152 1716 2218 Quomodo

120 2252 321 2296 autem
358 2243 627 2297 nescimus
675 2243 799 2312 quia
845 2251 1002 2296 natus
1046 2243 1167 2297 est?
1223 2244 1346 2312 quia
1388 2255 1566 2298 autem
1609 2253 1714 2308 est,

119 2332 322 2387 omnis
342 2332 537 2387 clamat
558 2331 836 2402 Scriptura
869 2353 881 2388 :
912 2334 1363 2403 quemadmodum
1405 2344 1582 2388 autem
1608 2346 1713 2398 est,

119 2435 186 2476 et
224 2433 483 2492 quantum
517 2432 616 2487 est,
644 2424 785 2478 nulla
824 2409 967 2478 valet
1005 2436 1195 2478 natura
1227 2424 1427 2487 dicere,
1456 2439 1626 2494 neque
1647 2425 1716 2480 de

123 2513 324 2576 Patre,
356 2529 529 2582 neque
568 2515 633 2566 de
653 2512 808 2566 Filio.
847 2512 946 2580 Qui
969 2513 1113 2568 enim
1148 2513 1324 2567 dixit:
1367 2512 1536 2567 Nemo
1573 2513 1716 2567 novit

124 2603 381 2667 Patrem,
412 2605 513 2657 nisi
552 2604 724 2658 Filius
747 2605 809 2663 3°.
840 2607 953 2674 ipse
985 2605 1118 2660 dixit
1151 2606 1274 2672 quia
1308 2613 1357 2658 et
1388 2603 1588 2657 Filium
1625 2621 1714 2658 ne-

117 2713 221 2749 mo
246 2697 410 2760 novit,
435 2696 538 2749 nisi
565 2695 726 2749 Pater
745 2697 811 2748 ’°.
842 2695 1300 2762 Quemadmodum
1330 2697 1471 2748 enim
1499 2697 1715 2765 capiunt

122 2805 196 2841 ea
226 2804 345 2858 qua:
376 2803 471 2856 per
500 2788 690 2842 Filium
726 2788 862 2841 facta
895 2797 1038 2853 sunt,
1072 2802 1232 2841 nosse
1268 2803 1388 2841 eum
1427 2802 1520 2856 per
1554 2803 1711 2855 quem

121 2893 188 2937 et
220 2882 362 2935 facta
397 2882 560 2935 sunt?
607 2880 662 2935 Si
707 2881 869 2947 igitur
896 2881 1183 2950 imaginem
1228 2896 1334 2935 non
1368 2880 1478 2933 nati
1520 2889 1713 2933 natura

123 2988 246 3028 non
288 2973 529 3041 pervenit
562 2987 740 3038 nosse,
772 2973 1218 3040 quemadmodum
1256 2972 1427 3040 ipsum
1451 2972 1713 3040 principa-

1836 509 1942 548 non
1981 493 2164 560 docet,
2211 495 2306 550 sed
2336 495 2527 550 incitat
2558 497 2732 568 magis
2781 516 2796 552 :
2829 498 2896 553 lis
2935 514 3042 554 non
3083 515 3287 565 monet,
3315 505 3412 558 sed

1833 583 2104 640 ﬂammam
2135 589 2406 643 accendit.
2437 589 2726 644 Contentin
2751 601 2931 646 autem
2956 594 3111 664 equis
3138 597 3410 660 convenit,

1834 691 1941 731 non
1973 688 2153 732 tamen
2185 678 2440 735 Ecclesia:
2466 680 2581 737 Dei.
2616 681 2716 748 Qui
2741 682 2890 737 novit
2919 698 2981 738 ea
3004 700 3126 754 quae
3155 685 3413 755 possibile

1831 778 1920 822 est
1969 769 2130 834 scire,
2176 771 2366 825 doceat
2408 786 2531 826 cum
2576 774 2841 830 modestia
2890 790 3014 831 eum
3039 776 3131 846 qui
3171 777 3410 847 ignorat,

1831 875 1940 914 non
1971 869 2150 916 tamen
2189 862 2542 918 incitamento
2588 881 2602 918 :
2647 865 3054 923 incitamentum
3086 869 3231 923 enim
3257 879 3312 923 et
3339 871 3410 924 ad

1830 964 1896 1005 ea
1933 965 2054 1019 qua:
2083 961 2269 1021 aperta
2320 962 2448 1008 sunt
2491 956 2892 1012 contentionem
2931 958 3075 1026 parit
3130 975 3282 1014 :non
3333 961 3409 1014 ita

1829 1043 2221 1111 periclitemur,
2270 1045 2366 1100 sed
2400 1054 2514 1102 tute
2548 1046 2854 1116 loquamur.
2899 1048 2957 1104 Si
2988 1050 3120 1120 quid
3144 1051 3406 1119 scriptum

1828 1151 1938 1191 non
1973 1145 2078 1202 est,
2139 1152 2206 1190 ne
2239 1139 2458 1208 quidem
2495 1139 2707 1194 dicatur
2747 1157 2764 1197 :
2811 1141 2857 1196 si
2887 1142 3015 1211 quid
3059 1152 3239 1197 autem
3270 1144 3407 1197 scri-

1826 1238 1980 1298 ptum
2009 1237 2110 1293 est,
2154 1244 2222 1284 ne
2263 1230 2544 1286 deleatur:
2567 1232 2685 1288 Non
2721 1249 2909 1289 sumus
2955 1235 3098 1289 enim
3130 1244 3404 1302 auctores,

1827 1322 1922 1374 sed
1953 1320 2221 1390 discipuli.
2263 1320 2379 1376 Non
2424 1337 2547 1394 qua:
2580 1324 2854 1392 volumus,
2901 1326 2996 1381 sed
3031 1342 3095 1382 ea
3135 1326 3406 1397 quaelegi~

1826 1427 1947 1466 mus
1985 1431 1998 1466 :
2036 1429 2140 1468 non
2171 1429 2234 1467 ea
2265 1430 2385 1483 quae
2408 1430 2476 1470 ex
2507 1419 2671 1472 corde
2701 1430 2846 1484 sunt,
2870 1419 2964 1474 sed
2993 1433 3055 1472 ea
3085 1436 3203 1489 qua:
3225 1436 3255 1474 a
3287 1423 3402 1490 spi-

1825 1503 1934 1558 ritu
1959 1505 2019 1585 _in
2045 1504 2345 1575 Scripturis
2384 1508 2584 1562 sanctis
2618 1519 2746 1564 sunt
2775 1513 2968 1580 posita.
3003 1513 3135 1579 Quis
3164 1515 3305 1568 enim
3341 1531 3402 1570 es

1828 1605 1882 1648 tu
1918 1597 2010 1664 qui
2061 1596 2196 1651 dicis
2226 1607 2319 1651 aut
2351 1600 2443 1668 qui
2492 1601 2691 1655 audis?
2728 1602 2842 1656 vult
2889 1603 3085 1674 aliquis
3125 1603 3400 1660 Christum

1825 1686 2128 1753 honorare;
2179 1698 2239 1743 ut
2281 1690 2394 1743 vult
2454 1691 2567 1759 ipse
2599 1692 2868 1758 Christus,
2911 1709 3015 1749 non
3059 1704 3236 1750 tamen
3260 1708 3398 1753 uttu

1821 1777 1923 1834 vis.
1957 1778 2014 1832 Si
2041 1791 2219 1834 autem
2261 1790 2454 1850 praeter
2475 1783 2527 1836 id
2565 1783 2705 1852 quod
2741 1784 2856 1837 vult
2892 1785 3264 1855 honoraveris,
3298 1789 3398 1842 ho-

1819 1884 1920 1923 nor
1944 1879 2068 1924 tuus
2096 1872 2162 1925 ad
2185 1873 2572 1927 contumeliam
2608 1885 2973 1929 convertetur.
3015 1877 3072 1931 Si
3103 1878 3397 1936 intereme-

1821 1962 1894 2016 nis
1923 1961 2040 2030 ejus
2066 1962 2307 2030 Patrem,
2340 1980 2448 2020 non
2481 1965 2760 2020 honorasti
2785 1967 3115 2034 progeniem.
3147 1967 3205 2022 Si
3231 1969 3399 2024 inter—

1817 2056 2016 2110 emeris
2053 2054 2275 2119 Filium,
2319 2073 2426 2111 non
2468 2057 2722 2111 dimisisti
2759 2057 2977 2111 Patrem
3024 2058 3076 2111 in
3109 2059 3395 2114 honorem.

1820 2145 1876 2198 Si
1912 2146 2052 2199 enim
2100 2160 2205 2199 non
2242 2146 2443 2199 dixeris
2484 2156 2690 2214 patrem
2728 2147 2964 2212 Patrem,
2999 2157 3052 2202 et
3083 2147 3274 2202 Filium
3305 2147 3398 2202 Fi-

1816 2238 1968 2309 lium,
2028 2253 2204 2308 neque
2256 2238 2469 2294 Patrem
2501 2256 2703 2308 neque.
2733 2240 2926 2293 Filimn
2965 2241 3260 2295 conliteris.
3293 2240 3396 2307 Qui

1815 2329 1958 2383 enim
1995 2329 2107 2384 haec
2140 2330 2294 2395 dicit,
2328 2331 2449 2384 sine
2500 2330 2612 2384 Deo
2667 2340 2769 2386 est.
2805 2330 2861 2386 Si
2889 2331 3035 2386 enim
3091 2332 3253 2386 Pater
3287 2347 3395 2386 non

1815 2431 1901 2476 est
1927 2421 2129 2486 Pater,
2188 2422 2301 2492 ipse
2339 2424 2482 2476 enim
2515 2424 2682 2478 Filius
2723 2433 2782 2477 ut
2827 2425 2936 2489 ais;
2987 2424 3183 2479 iterum
3226 2423 3396 2480 Filius

1815 2528 1922 2567 non
1959 2523 2042 2567 est
2064 2513 2252 2578 Filius,
2289 2514 2404 2582 ipse
2451 2513 2593 2569 enim
2627 2525 2680 2569 et
2714 2514 2875 2594 Pater
2907 2515 3067 2570 Pater
3094 2526 3178 2570 est
3218 2527 3276 2570 ut
3307 2515 3393 2569 di-

1815 2605 1894 2659 cis
1927 2604 2062 2675 (94).
2106 2605 2367 2674 Sequitur
2390 2606 2706 2674 periculum,
2739 2617 2798 2660 ut
2833 2623 3007 2676 neque
3036 2607 3200 2664 Pater
3234 2606 3395 2662 Pater

1815 2694 1908 2762 sit,
1954 2710 2129 2763 neque
2159 2695 2328 2751 Filius
2381 2696 2573 2763 Filius,
2629 2705 2683 2750 et
2734 2698 2861 2767 quid
2904 2696 3250 2752 tenebimus?
3288 2696 3394 2752 Sed

1814 2787 1977 2842 Pater
2001 2786 2162 2841 Pater
2181 2801 2310 2842 vere
2337 2795 2440 2851 est,
2477 2803 2580 2842 non
2615 2802 2782 2842 vacua
2813 2803 2914 2841 vox
2944 2787 3038 2842 sed
3073 2797 3263 2841 natura
3296 2802 3392 2842 ve-

1813 2877 2010 2931 ritatis.
2047 2876 2164 2931 Non
2203 2893 2374 2932 vanus
2404 2893 2606 2940 sermo,
2631 2879 2725 2932 sed
2753 2893 2915 2932 verus
2959 2877 3121 2933 Deus.
3152 2879 3269 2934 Non
3301 2880 3395 2950 qui

1815 2967 2036 3032 dicitur,
2067 2968 2161 3022 sed
2185 2968 2232 3022 is
2265 2969 2463 3037 quiest
2492 2986 2507 3023 :
2541 2985 2645 3022 non
2669 2982 2735 3021 ex
2770 2968 2856 3022 his
2885 2983 3005 3038 quae.
3035 2969 3263 3024 dicimus
3295 2971 3395 3024 ﬁn-

122 3064 242 3119 lem
277 3065 389 3136 (92)
420 3066 879 3134 comprehendere
914 3064 1035 3133 quis
1068 3074 1246 3134 potest
1273 3075 1332 3118 ut
1358 3063 1538 3118 norit?
1575 3063 1714 3118 Sunt
1739 3059 1786 3124 C
1814 3058 1978 3126 gitur.
2027 3059 2124 3113 sed
2162 3059 2306 3129 quod
2334 3067 2418 3113 est
2446 3060 2780 3128 agnoscitur.
2829 3058 2989 3112 Pater
3031 3059 3174 3113 enim
3217 3073 3395 3131 neque

125 3159 324 3228 itaque
362 3158 606 3228 quaedam
642 3157 800 3211 nobis
828 3156 1075 3221 dicenda,
1111 3165 1234 3210 sunt
1281 3164 1336 3210 et
1359 3156 1618 3225 quaedam.
1641 3153 1716 3209 si-

122 3253 305 3309 lentio
334 3253 576 3307 colenda.
617 3251 756 3305 Sunt
793 3249 1037 3319 quaedam
1068 3249 1124 3302 in
1153 3249 1396 3316 cogitatu
1427 3247 1710 3312 movenda,

124 3353 264 3402 sunt
302 3343 544 3412 quaedam
566 3350 620 3396 ει
643 3343 990 3396 veneratione
1023 3355 1129 3395 non
1160 3341 1444 3396 movenda.
1484 3339 1621 3394 Sunt
1645 3338 1714 3394 de

124 3436 330 3505 quibus
375 3433 628 3488 convenit
674 3432 788 3503 sapi
831 3451 844 3485 :
889 3441 1014 3486 sunt
1061 3439 1116 3484 et
1161 3432 1225 3486 de
1269 3431 1464 3500 quibus
1502 3441 1714 3502 oportet

125 3526 343 3596 paveri.
369 3523 509 3579 Sunt
545 3539 664 3594 qua:
684 3532 910 3592 possunt
948 3522 1130 3591 lingua
1155 3523 1505 3592 interpretari
1538 3541 1551 3576 :
1587 3532 1714 3577 sunt

125 3629 189 3672 et
227 3632 347 3685 quae
373 3617 600 3686 possunt
634 3614 885 3685 religiose
925 3615 1113 3667 taceri.
1153 3613 1327 3667 Dicito
1366 3627 1522 3677 sane,
1562 3613 1713 3668 Unus

131 3710 281 3764 Deus
307 3723 334 3758 a
365 3723 471 3777 quo
519 3716 646 3762 sunt
676 3707 874 3769 omnia,
906 3715 959 3760 et
1003 3705 1178 3758 nullns
1205 3705 1400 3775 poterit
1423 3705 1712 3774 reprehen-

129 3803 285 3856 dere.
314 3798 379 3853 Si'
399 3808 576 3853 autem
597 3807 650 3851 et
674 3795 1076 3865 reprehenderit
1099 3797 1236 3865 quis,
1267 3811 1370 3849 non
1399 3805 1448 3848 te
1471 3796 1560 3850 sed
1587 3810 1709 3848 eum

117 3891 229 3962 qui
259 3890 496 3959 scripsit.
530 3888 587 3942 Si
628 3899 806 3942 autem
836 3901 890 3943 et
928 3883 1151 3942 Paulum
1176 3888 1268 3955 qui
1302 3887 1519 3955 scripsit
1549 3885 1710 3938 audet

130 3984 262 4053 quis
287 3983 703 4052 reprehendere,
732 3997 839 4034 non
871 3980 1115 4045 Paulum,
1147 3981 1242 4035 sed
1280 3995 1402 4033 eum
1434 3979 1524 4047 qui
1562 3991 1706 4032 sem-

129 4088 234 4143 per
269 4073 322 4126 in
353 4086 474 4126 eum
515 4069 630 4138 (95)
668 4073 876 4125 locutus
921 4081 1006 4125 est
1040 4069 1292 4124 Christus
1337 4067 1704 4136 reprehendit.

131 4165 195 4219 Si
219 4172 399 4216 autem
423 4159 623 4216 Christi
655 4161 816 4215 verba
847 4161 1244 4230 reprehendere
1269 4156 1390 4225 quis
1412 4156 1574 4210 fuerit
1610 4171 1708 4208 au-

129 4270 252 4319 sus,
281 4253 394 4322 ipse
419 4254 555 4306 dixit
583 4253 834 4307 Christus
881 4270 895 4306 :
930 4251 1060 4316 Qum
1108 4267 1199 4320 ego
1235 4250 1422 4319 loquor
1453 4264 1558 4301 non
1583 4255 1706 4300 sunt

127 4364 272 4412 mea,
312 4347 401 4401 sed
426 4345 588 4399 Pater
618 4346 705 4415 qui
727 4345 864 4398 misit
900 4359 1002 4409 me,
1030 4344 1140 4412 ipse
1169 4343 1401 4412 loquitur
1426 4357 1618 4410 parante
1636 4340 1702 4392 θί.

133 4437 348 4494 Etenim
386 4451 559 4504 neque
599 4436 825 4504 gentiles
859 4450 1064 4499 sumus,
1107 4449 1282 4503 neque
1304 4431 1497 4498 Judaei,
1533 4446 1708 4500 neque

133 4530 400 4586 haeretici.
441 4529 681 4585 Gentiles
712 4529 852 4583 enim
886 4544 990 4582 non
1030 4543 1235 4594 sumus,
1277 4526 1406 4596 quia
1439 4540 1543 4580 non
1574 4525 1708 4579 dici-

135 4637 259 4676 mus
282 4623 430 4676 deos.
458 4620 624 4675 Judmi
652 4635 756 4674 non
781 4634 988 4685 smnus,
1013 4619 1134 4686 quia
1162 4629 1216 4673 et
1236 4618 1510 4674 Christum
1537 4618 1705 4672 Deum

135 4710 475 4766 conﬁtemur.
528 4707 777 4762 Hmretici
812 4719 992 4762 autem
1025 4709 1145 4762 ideo
1185 4723 1290 4762 non
1335 4721 1544 4772 sumus,
1581 4708 1704 4775 quia

134 4801 461 4856 conﬁtemur
489 4799 649 4853 istum
691 4813 810 4852 esse
838 4798 929 4867 qui
974 4797 1141 4862 venit,
1171 4812 1332 4865 quem
1367 4795 1705 4865 praeveniens

139 4894 305 4946 Vetus
333 4890 737 4945 Testamentum
781 4905 875 4960 per
905 4892 1194 4959 pr0phetas
1237 4888 1549 4956 praedicavit
1577 4901 1708 4939 ven-

137 4993 338 5038 turum.
382 4980 439 5034 Si
472 4981 593 5048 quis
623 4980 763 5033 enim
800 4979 1033 5034 noluerit
1072 4979 1240 5043 litem,
1294 4992 1428 5046 opus
1461 4992 1566 5030 non
1605 4981 1705 5031 ha-

138 5077 250 5131 bet.
293 5072 388 5129 Est
416 5074 661 5142 qumdam
720 5072 982 5128 dubitatio
1041 5066 1180 5126 inter
1233 5069 1426 5125 fratres
1474 5088 1488 5124 :
1533 5071 1709 5140 primo

138 5181 262 5220 cum
297 5165 562 5219 charitate
594 5173 889 5234 quaeratur,
916 5173 976 5216 ut
999 5163 1139 5216 inter
1173 5161 1386 5216 fratres.
1419 5161 1532 5214 Non
1563 5161 1707 5215 enim

140 5256 494 5312 dissensionis
539 5266 622 5311 est
659 5256 799 5311 Deus
842 5265 938 5310 aut
987 5256 1102 5322 irm,
1139 5256 1228 5308 sed
1272 5254 1421 5323 pacis
1450 5255 1496 5286 ⁹²
1532 5272 1546 5307 :
1580 5253 1708 5323 quia

211 5443 254 5475 ⁸⁷
278 5441 381 5498 lsa.
408 5458 526 5509 LIII,
554 5445 610 5500 8.
685 5442 732 5475 ⁸⁸
764 5441 931 5497 lCor.
957 5455 1077 5509 vni,
1101 5451 1153 5497 ι).
1229 5440 1272 5473 ⁸⁸
1303 5439 1495 5495 Matth.
1524 5455 1604 5506 xt,
1629 5439 1718 5496 27.
1795 5442 1839 5474 9°
1873 5439 2001 5494 ibid.

235 5559 318 5626 92)
355 5557 725 5628 I’rincipalem,
753 5559 1076 5631 ἀρχέτυπον.

235 5559 318 5626 92)
355 5559 725 5628 Principalem,
753 5559 1076 5631 ἀρχέτυπον.

213 5559 320 5702 (95)
352 5631 416 5683 1η
431 5647 570 5694 eum,
605 5646 702 5702 pro
725 5633 779 5684 in
800 5648 881 5686 eo.
924 5631 966 5683 ll
991 5631 1116 5702 Cor.
1146 5644 1264 5702 xttt,
1292 5628 1353 5682 4:
1378 5628 1704 5702 ‘dniexperi-

140 5699 366 5784 mentum
394 5701 632 5771 quwritis
659 5701 770 5770 ejus
805 5702 892 5772 qui
920 5702 972 5757 in
996 5717 1075 5757 me
1100 5700 1330 5771 loquitur
1364 5699 1640 5755 Christus?

1814 3172 1880 3211 ex
1909 3156 2036 3221 alio,
2061 3171 2236 3227 neque
2260 3171 2355 3226 per
2395 3157 2580 3224 alium,
2613 3172 2788 3228 neque
2825 3157 2991 3222 aliud,
3024 3160 3117 3213 sed
3161 3159 3281 3228 ipse
3308 3165 3396 3212 est

1814 3250 2032 3316 quiest.
2071 3249 2236 3306 Forte
2265 3251 2412 3306 enim
2461 3261 2515 3306 et
2541 3267 2607 3307 ex
2644 3251 2936 3321 semetipso
2967 3259 3023 3306 et
3061 3265 3157 3321 per
3187 3259 3395 3306 semet-

1813 3342 2026 3410 ipsum;
2052 3343 2208 3399 nobis
2237 3344 2634 3415 quodammodo
2665 3345 2996 3400 conveniens
3021 3353 3106 3399 est
3133 3358 3314 3399 sermo
3335 3352 3396 3398 ut

1815 3432 2047 3489 dicatur.
2088 3432 2327 3489 Necdum
2387 3444 2566 3491 tamen
2609 3434 2702 3489 illa
2747 3435 3137 3503 interpretatur
3175 3445 3390 3488 natura.

1813 3520 1922 3577 Nos
1941 3522 2087 3575 enim
2110 3531 2167 3576 ut
2191 3538 2299 3577 non
2331 3533 2604 3580 taceamus
2626 3525 2746 3579 ideo
2772 3524 3022 3579 dicimus.
3050 3523 3188 3591 Quid
3208 3535 3392 3580 autem

1811 3619 1895 3666 est
1922 3610 2064 3666 Deus
2102 3626 2211 3665 non
2243 3611 2707 3681 interpretamur:
2742 3610 2872 3680 quid
2899 3609 3044 3664 enim
3087 3611 3278 3664 horum
3309 3611 3393 3662 in-

1815 3702 2134 3771 terpretatio
2167 3711 2251 3756 est
2284 3701 2404 3768 Dei,
2440 3703 2556 3757 sine
2587 3701 2766 3766 initio,
2806 3716 2913 3754 non
2949 3709 3130 3762 natus,
3167 3700 3392 3752 immor-

1815 3795 1958 3861 talis,
1995 3795 2360 3863 incorruptus,
2389 3793 2766 3858 immutabilis,
2799 3792 3112 3856 immobilis,
3145 3791 3388 3844 inacces-

1811 3885 2006 3952 sibilis,
2039 3885 2442 3952 inenarrabilis,
2493 3882 3094 3954 incomprehensibilis?
3128 3881 3234 3935 Per
3274 3880 3390 3935 hmc

1810 3993 1940 4048 ergo
1967 3980 2148 4034 omnia
2200 3993 2309 4034 non
2337 3988 2420 4033 est
2446 3978 2652 4032 dictum
2701 3977 2830 4046 quid
2865 3985 2967 4041 est,
2995 3975 3087 4030 sed
3115 3972 3244 4043 quid
3279 3986 3387 4026 non

1809 4081 1895 4127 est
1937 4087 1954 4126 :
1993 4071 2142 4126 velut
2189 4072 2236 4126 si
2260 4072 2385 4140 quis
2412 4069 2765 4139 interpretari
2797 4084 2905 4123 non
2939 4066 3208 4121 sufﬁciens
3243 4064 3389 4134 quod

1807 4171 1896 4216 est
1936 4161 2138 4229 lumen,
2189 4161 2335 4215 dicat
2363 4162 2506 4229 quod
2537 4175 2643 4214 non
2678 4169 2762 4214 est
2795 4159 3164 4212 tenebrosum.
3196 4154 3389 4208 Dicere

1809 4264 1990 4308 autem
2016 4254 2159 4323 quod
2183 4253 2523 4307 tenebrosum
2555 4265 2660 4304 non
2679 4258 2782 4316 est,
2819 4263 2924 4302 non
2959 4247 3132 4301 solum
3165 4259 3266 4297 non
3291 4258 3388 4296 ex-

1812 4346 1988 4401 hibuit
2011 4356 2262 4400 naturam
2295 4343 2536 4408 luminis,
2571 4344 2663 4396 sed
2694 4350 2749 4396 et
2776 4341 2946 4409 magis
2980 4339 3215 4406 ipsarum
3243 4343 3387 4386 tene-

1809 4437 2030 4491 brarum
2069 4444 2319 4488 naturam
2352 4434 2591 4503 negavit.
2635 4429 2962 4486 Immortalis
2989 4427 3132 4480 enim
3164 4425 3383 4489 dicitur,

1808 4529 1934 4596 quia
1967 4542 2072 4581 non
2095 4528 2380 4592 morietur,
2413 4535 2467 4581 et
2492 4526 2835 4590 incorruptus
2865 4521 2990 4590 quia
3019 4534 3123 4573 non
3147 4532 3386 4572 corrum-

1809 4619 1972 4686 pitur.
2001 4615 2120 4670 Non
2162 4628 2340 4682 natus,
2384 4615 2476 4684 qui
2500 4613 2713 4668 initium
2746 4627 2852 4666 non
2882 4609 3063 4664 habet.
3101 4606 3224 4660 Haec
3261 4619 3383 4660 om-

1807 4708 1894 4762 nia
1925 4723 2030 4762 non
2062 4705 2193 4777 quid
2226 4715 2308 4760 est
2346 4706 2487 4760 Deus
2518 4704 2670 4768 dicit,
2719 4702 2814 4758 sed
2863 4699 2991 4770 quid
3022 4714 3127 4753 non
3153 4706 3256 4757 est.
3302 4694 3382 4752 Ita

1807 4815 1906 4870 per
1938 4813 2002 4853 ea
2035 4814 2156 4868 qua:
2188 4799 2419 4854 dicimus
2457 4797 2576 4852 sine
2609 4793 3056 4864 interpretatione
3095 4805 3217 4844 eum
3247 4804 3383 4844 con-

1803 4893 2039 4949 ﬁtemur.
2075 4891 2135 4946 Si
2170 4891 2466 4946 dixerimus
2494 4901 2616 4944 eum
2642 4888 2848 4943 fontem
2884 4883 3153 4947 veritatis,
3188 4896 3385 4938 nomen

1804 4983 2087 5038 veritatem
2110 4997 2218 5037 non
2244 4980 2482 5035 exhibet.
2527 4977 2634 5033 Sed
2659 4979 2785 5047 quia
2811 4992 2918 5030 non
2943 4975 3204 5029 habemus
3239 4971 3384 5040 quod

1803 5075 2070 5141 dicamus,
2113 5089 2183 5130 ex
2237 5074 2322 5128 his
2369 5088 2489 5142 quae
2538 5073 2802 5126 habemus
2841 5067 3108 5130 dicamus,
3155 5064 3383 5116 mutuati

1804 5165 1996 5219 alienis
2029 5163 2339 5218 nominibus
2375 5161 2490 5234 (95)
2524 5164 2725 5218 utimur
2761 5176 2774 5211 ε
2817 5157 2938 5212 fons
2960 5157 3103 5210 enim
3131 5153 3372 5221 agnosci-

1807 5265 1895 5309 tur
1933 5255 2075 5309 unde
2105 5263 2210 5320 est,
2241 5254 2382 5309 Deus
2411 5263 2590 5307 autem
2627 5265 2735 5306 non
2771 5248 2936 5305 habet
2963 5245 3137 5309 unde;
3170 5253 3225 5296 et
3264 5241 3385 5295 fons

2078 5438 2120 5470 ³⁸
2145 5437 2303 5494 Joan.
2326 5453 2429 5504 xu,
2455 5437 2545 5492 49.
2619 5437 2664 5469 θ’
2688 5436 2710 5488 Ι
2734 5434 2861 5490 Cor.
2903 5448 3014 5496 xtv,
3040 5431 3132 5486 55.

1878 5556 1990 5629 (94)
2019 5555 2116 5629 his.
2140 5556 2210 5629 Et
2242 5553 2402 5629 Pater
2426 5563 2522 5629 est,
2553 5561 2608 5629 ut
2630 5552 2783 5629 dicis.

1878 5556 1967 5629 (94
2019 5556 2116 5611 Ms.
2140 5556 2210 5609 Et
2242 5556 2402 5608 Pater
2426 5563 2522 5615 est,
2553 5561 2608 5604 ut
2630 5556 2783 5605 dicis.

1877 5556 1990 5702 (95;
2022 5627 2119 5684 Ms.
2151 5626 2412 5682 Muluatis
2440 5625 2624 5680 alienis
2652 5619 2968 5676 nominibus.
