3810 6218
461 291 596 346 1065

1160 283 1425 339 EUSEBII
1463 281 1933 338 CESABIENSIS
1968 283 2120 340 OPP.
2162 282 2344 339 PARS
2379 283 2472 341 ιν.
2513 314 2582 324 —-
2617 281 3045 338 DOGMATICA.

3588 280 3718 335 {064

453 415 665 462 meatus
689 417 852 472 supra
883 409 1090 456 meatus
1113 400 1361 464 eﬁ‘undit,
1390 401 1528 456 Deus
1553 410 1732 454 autem
1757 403 1808 454 in
1833 416 1897 454 eo
1916 401 2107 471 ipsoA
2131 417 2292 470 quem
2333 410 2459 456 sunt
2501 409 2716 456 cuncta.
2761 400 2874 454 Non
2903 409 2986 455 est
3013 415 3176 454 unum
3214 415 3280 454 ex
3327 398 3613 463 omnibus,
3638 405 3716 456 sed

449 498 594 568 quod
626 506 709 550 est
743 503 967 548 manet:
1004 508 1178 553 neque
1200 494 1343 546 enim
1380 509 1481 547 vox
1507 493 1838 548 conveniens
1872 496 2028 549 iuve-

449 591 620 655 nitur,
651 600 824 654 neque
867 585 1206 654 comparatio
1251 585 1572 652 perveniens
1604 585 1670 638 ad
1702 585 1848 638 illam
1874 597 2033 640 natu-

451 695 568 734 ram
593 696 610 734 :
641 678 734 733 sed
759 689 817 732 ut
839 692 944 732 non
971 687 1244 730 taceamus
1267 675 1581 744 colligentes
1601 692 1721 747 qua:
1737 677 2030 741 habemus;

449 788 572 826 cum
603 781 784 824 autem
817 769 1000 824 omnia
1029 769 1346 833 dixerimus,
1387 780 1515 824 tunc
1550 769 1877 824 conﬁtemur
1906 771 2033 838 quia

444 879 568 936 quae
593 864 830 919 dicimus
883 863 1016 916 nihil
1066 861 1322 916 diﬂ‘erunt
1359 876 1390 915 a
1433 862 1825 917 taciturnitate.
1871 862 2035 918 Pater

445 973 517 1011 ex
545 970 612 1012 eo
662 955 980 1024 agnoscitur
1022 953 1192 1025 ﬁgura
1223 955 1366 1024 quod
1401 963 1484 1008 est
1525 970 1630 1009 non
1660 965 1838 1010 natus.
1882 953 2036 1010 Unus

445 1049 591 1104 enim
615 1058 698 1102 est
729 1049 865 1116 ipse,
897 1049 990 1116 qui
1021 1063 1126 1100 non
1151 1055 1235 1100 est
1269 1047 1336 1100 ab
1367 1045 1474 1101 alio
1519 1065 1534 1100 :
1569 1064 1709 1102 unus
1745 1057 1829 1102 est
1851 1049 1943 1118 qui
1965 1065 2035 1104 ex

445 1155 512 1194 eo
537 1140 681 1209 quod
709 1155 814 1194 non
839 1149 996 1194 natus
1023 1149 1107 1193 est
1128 1139 1460 1208 agnoscitur.
1489 1137 1605 1192 Non
1638 1138 1806 1194 frater
1827 1140 1898 1205 ei,
1929 1155 2035 1194 non

447 1232 612 1287 Pater
639 1231 845 1296 Patris,
894 1233 989 1286 sed
1043 1230 1336 1299 singularis
1389 1240 1580 1284 natura
1629 1242 1756 1284 est:
1805 1242 1859 1285 et
1888 1232 1942 1285 in
1971 1246 2034 1287 ea

449 1326 595 1395 quod
632 1340 736 1379 non
772 1334 934 1378 natus
971 1333 1072 1389 est,
1101 1338 1228 1376 vere
1255 1322 1402 1378 solus
1435 1325 1766 1389 oswnditur,
1800 1339 1907 1378 non
1937 1339 2036 1378 na-

451 1430 540 1474 tus
579 1418 739 1472 Pater
773 1436 786 1471 :
836 1418 904 1471 ab
957 1417 1058 1471 hoc
1099 1430 1231 1471 sane
1265 1433 1372 1471 non
1421 1426 1552 1472 nato
1595 1428 1850 1471 manente
1889 1417 2038 1485 quod

451 1521 537 1566 est
588 1509 876 1573 indivisus,
932 1508 1217 1574 inscissus,
1272 1509 1606 1578 impartitus,
1667 1510 2034 1578 impassibilis,

450 1603 768 1672 unigenitus
804 1612 892 1657 est
921 1599 1091 1655 Filius
1123 1612 1282 1655 natus
1311 1619 1325 1655 :
1355 1617 1528 1671 neque
1550 1602 1688 1656 alius
1709 1613 1789 1657 est
1814 1618 1919 1658 non
1951 1618 2040 1655 na-

453 1704 562 1760 tus,
612 1710 787 1765 neque
823 1694 960 1748 alius
1011 1694 1358 1764 unigenitus;
1414 1698 1506 1749 sed
1548 1712 1689 1750 unus
1731 1711 1836 1750 non
1883 1706 2039 1751 natus

451 1787 636 1854 Pater,
669 1797 725 1842 et
757 1803 897 1841 unus
924 1787 1236 1855 unigenitus
1252 1787 1442 1842 Filius.
1474 1788 1595 1842 llaec
1621 1804 1724 1842 non
1750 1805 1845 1842 nos
1877 1789 2040 1843 extol-

453 1879 589 1944 lunt,
639 1878 898 1931 memoria
933 1876 1077 1930 illius
1125 1879 1264 1932 beati
1303 1879 1424 1931 viri.
1463 1879 1679 1933 Utinam
1735 1891 1911 1934 autem
1966 1882 2039 1934 ita

451 1969 655 2036 possim
688 1967 887 2033 dicere,
911 1977 973 2021 ut
1002 1967 1279 2021 vobiscum
1308 1983 1521 2038 semper
1543 1971 1610 2021 ab
1638 1971 1828 2023 eodem
1855 1970 2040 2025 audie-

452 2058 595 2111 bam.
643 2057 749 2112 Sed
796 2073 859 2111 ea
888 2074 1006 2128 quae
1044 2075 1186 2112 nunc
1214 2060 1493 2124 dicuntur,
1531 2061 1605 2113 illi
1639 2061 1834 2130 placita
1875 2062 2040 2117 fuisse

452 2151 727 2204 videntur.
772 2149 954 2204 Gloria
995 2151 1140 2204 enim
1165 2163 1250 2207 est
1274 2152 1566 2221 proborum
1598 2169 1879 2208 servorum
1909 2170 2035 2210 vera

451 2241 519 2294 de
549 2229 774 2296 Domino
800 2241 982 2296 dicere
1007 2258 1021 2294 :
1053 2250 1109 2296 et
1138 2242 1312 2296 honor
1333 2258 1520 2296 eorum
1548 2255 1760 2313 patrum
1785 2246 1875 2313 qui
1900 2244 2038 2299 bene

453 2333 778 2398 docuerunt,
801 2333 846 2388 si
882 2344 1200 2402 repetantur
1229 2350 1416 2389 eorum
1453 2337 1728 2391 doctrinae.
1758 2335 1910 2392 Unus
1933 2339 2035 2408 igi-

452 2435 545 2480 tur
584 2434 668 2480 est
701 2441 808 2479 non
840 2437 1001 2479 natus
1026 2427 1168 2481 Deus
1206 2445 1220 2482 :
1261 2443 1415 2480 serva
1449 2427 1558 2498 (96)
1592 2445 1696 2482 non
1723 2439 1884 2484 natus
1909 2445 2032 2484 cum

456 2518 638 2586 Patre,
673 2529 729 2574 et
761 2534 867 2574 non
892 2521 1116 2575 habebis
1142 2521 1196 2574 in
1228 2522 1410 2575 anima
1434 2521 1802 2576 confusionem
1835 2537 2033 2577 :serva

455 2610 766 2680 unigenitus
804 2624 926 2664 cum
956 2609 1109 2677 Filio,
1138 2619 1190 2664 et
1217 2625 1322 2665 non
1353 2611 1675 2676 turbaberis,
1729 2625 1902 2679 neque
1919 2611 2033 2680 jam

453 2705 566 2758 eris
589 2703 829 2758 incertus
869 2703 1322 2772 quemadmodum
1353 2703 1493 2757 Deus
1542 2713 1596 2756 et
1629 2701 1790 2770 Deus,
1826 2715 1882 2757 et
1924 2720 2033 2760 non

461 2792 578 2848 Dei.
619 2792 757 2860 Quia
810 2793 956 2848 enim
995 2793 1196 2847 retines
1220 2808 1359 2848 unus
1395 2793 1536 2846 Deus
1579 2809 1684 2846 non
1741 2805 1922 2860 natus,
1962 2780 2034 2850 ἐι

457 2897 596 2937 unus
625 2884 765 2938 Deus
791 2884 1140 2952 unigenitus;
1172 2884 1290 2938 ideo
1314 2899 1419 2938 non
1443 2885 1540 2949 dii,
1565 2885 1689 2954 quia
1719 2901 1898 2955 neque
1925 2902 2029 2941 non

457 2975 599 3038 nati,
632 2989 805 3044 neque
844 2976 1103 3045 unigeniti
1139 2992 1154 3028 :
1194 2990 1352 3030 serva
1401 2976 1628 3044 ﬁguram
1666 2992 1769 3030 non
1803 2978 1931 3040 nati,
1977 2988 2032 3034 et

2134 511 2229 563 per
2248 509 2411 564 quem
2435 503 2566 548 sunt
2607 494 2791 548 omnia
2821 512 2835 548 :
2871 493 2986 562 ipse
3009 508 3038 546 a
3064 491 3224 547 Patre
3272 492 3442 547 habet
3473 495 3623 561 quod
3649 506 3718 548 est

2134 587 2306 642 hatres
2341 605 2356 640 :
2387 601 2491 640 non
2521 596 2604 640 est
2636 603 2701 640 ex
2736 588 3072 641 haereditate.
3098 586 3402 642 Consessor
3424 600 3541 640 non
3561 597 3718 639 estex

2134 679 2342 749 angelis
2374 679 2465 748 qui
2500 679 2738 744 adstant,
2789 693 2964 746 neque
3004 694 3070 734 ex
3113 678 3463 749 archangelis
3503 696 3520 730 :
3571 678 3720 743 iudex

2134 773 2376 826 omnium
2406 787 2510 826 non
2535 781 2620 827 est
2652 788 2791 828 unus
2819 789 2886 828 ex
2918 773 3001 827 his
3041 772 3131 841 qui
3165 771 3509 841 judicantur.
3546 770 3627 824 Ne
3657 781 3726 822 at-

2137 868 2325 923 trahas
2364 879 2614 922 naturam
2654 885 2778 940 qua:
2821 885 2926 923 non
2961 870 3193 931 accedit,
3241 883 3418 936 neque
3459 869 3724 935 pervenit.

2137 959 2306 1026 Quem
2333 977 2399 1015 ex
2441 962 2543 1015 hoc
2577 961 2834 1016 debemus
2862 976 3059 1026 nosse;
3099 959 3227 1029 quia
3259 960 3646 1027 unusquisque
3668 973 3729 1010 ex

2140 1053 2224 1106 his
2267 1068 2387 1122 quae
2430 1054 2581 1118 dicit,
2645 1065 2738 1108 aut
2794 1053 3114 1124 sibimetipsi
3157 1053 3379 1122 prodest
3415 1063 3518 1106 aut
3570 1051 3728 1104 lazdit.

2139 1143 2246 1198 Res
2287 1145 2431 1200 enim
2462 1162 2526 1201 ex
2563 1147 2764 1201 nostris
2816 1147 3153 1200 sermonibus
3195 1161 3300 1200 non
3344 1143 3728 1198 transferetur.

2139 1235 2272 1302 Quia
2303 1238 2465 1307 igitur
2501 1236 2670 1293 Judaei
2703 1252 2806 1291 non
2851 1237 3177 1292 conﬁtentur
3207 1235 3426 1298 Filium,
3470 1250 3587 1289 non
3620 1234 3732 1287 ideo

2140 1346 2246 1384 non
2272 1340 2354 1384 est
2381 1329 2570 1384 Filius.
2606 1328 2874 1384 Judicabit
2911 1331 3056 1384 enim
3079 1343 3174 1383 eos
3197 1329 3291 1398 qui
3321 1343 3428 1381 non
3465 1327 3728 1382 conﬁten-

2141 1432 2231 1476 tur
2254 1437 2378 1476 eum
2411 1439 2426 1476 :
2456 1420 2581 1489 quia
2617 1422 2830 1490 quidem
2874 1435 3072 1474 n0vum
3099 1418 3238 1474 istud
3269 1418 3628 1487 sacrilegium
3655 1417 3734 1469 in-

2144 1515 2498 1570 troduxerunt
2523 1515 2794 1578 dicentes,
2839 1515 3092 1570 eumdem
3137 1513 3310 1582 ipsum
3341 1526 3468 1566 esse
3511 1511 3733 1564 Patrem

2143 1623 2300 1676 quem
2327 1619 2382 1662 et
2411 1607 2606 1660 Filium
2642 1625 2657 1662 :
2698 1623 2874 1672 neque
2902 1605 3116 1661 Patrem
3140 1605 3357 1660 Patrem
3391 1605 3605 1668 dicent,
3645 1621 3736 1657 ne-

2145 1711 2250 1767 que
2271 1697 2464 1750 Filium
2495 1696 2695 1751 Filium
2723 1716 2734 1750 :
2776 1697 2867 1750 sed
2898 1697 3195 1751 secundum
3225 1697 3469 1764 ipsorum
3501 1695 3735 1748 sacrile-

2141 1791 2284 1858 gium
2311 1788 2441 1842 nihil
2465 1803 2706 1856 prorsus.
2732 1787 2950 1842 Sienim
2975 1787 3134 1841 Pater
3157 1802 3260 1840 non
3286 1798 3372 1841 est
3394 1786 3584 1851 Pater,
3610 1787 3735 1855 quia

2143 1880 2256 1948 ipse
2284 1887 2368 1934 est
2399 1889 2453 1933 ει
2477 1877 2666 1941 Filius,
2713 1887 2772 1930 ut
2815 1878 2912 1945 ipsi
2945 1876 3291 1946 ﬂagitantur;
3335 1887 3389 1929 et
3421 1874 3601 1930 Filius
3629 1891 3734 1928 non

2140 1971 2334 2034 Filius,
2355 1972 2482 2040 quia
2511 1971 2624 2040 ipse
2653 1980 2737 2024 est
2763 1969 2925 2022 Pater
2955 1988 2968 2022 :
2999 1983 3164 2037 prope
3192 1977 3275 2021 est
3318 1977 3378 2020 ιιι
3407 1967 3600 2020 dicant
3641 1981 3734 2020 ne-

2139 2078 2245 2133 que
2274 2062 2489 2117 Patrem
2514 2077 2659 2124 esse,
2693 2075 2868 2130 neque
2898 2059 3094 2113 Filium
3129 2077 3142 2112 :
3173 2067 3231 2112 ut
3264 2073 3431 2112 unum
3463 2056 3616 2112 enim
3652 2057 3733 2110 la-

2136 2157 2281 2212 ciunt
2313 2156 2456 2225 quod
2486 2171 2591 2209 non
2629 2154 2706 2207 lit.
2745 2153 2878 2220 Quis
2903 2153 3046 2206 enim
3086 2150 3286 2220 p0terit
3309 2149 3502 2204 audire
3554 2150 3733 2218 ipsum

2137 2265 2196 2305 se
2218 2249 2322 2304 sibi
2354 2263 2475 2303 esse
2519 2247 2777 2302 Patrem?
2816 2246 2938 2316 quis
2989 2246 3187 2315 poterit
3219 2243 3436 2298 Patrem
3469 2243 3650 2311 ipsum
3679 2258 3736 2296 se

2137 2342 2241 2398 sibi
2277 2357 2398 2397 esse
2446 2339 2681 2395 Filium?
2732 2338 2788 2394 Si
2840 2339 2986 2392 enim
3040 2337 3260 2391 voluero
3295 2345 3509 2389 mutare
3547 2350 3735 2389 vocem

2135 2451 2334 2498 meam,
2371 2451 2475 2488 non
2507 2443 2745 2488 mutatur
2771 2441 3007 2485 vestrum
3037 2429 3389 2499 propositum.
3420 2428 3617 2482 Nonne
3641 2443 3738 2496 puo

2138 2531 2264 2582 tatis
2290 2543 2373 2580 me
2409 2527 2584 2579 aliena
2627 2524 2812 2593 loqui?
2840 2523 3028 2577 Dicam
3060 2537 3190 2592 ergo
3213 2521 3374 2576 Pater
3406 2536 3517 2574 non
3547 2518 3735 2581 Pater,

2135 2627 2192 2672 et
2219 2617 2390 2671 Filius
2432 2632 2536 2669 non
2565 2613 2754 2667 Filius.
2795 2612 2928 2666 Nam
2957 2622 3011 2666 et
3047 2612 3093 2666 si
3117 2613 3327 2674 dixero,
3366 2614 3483 2679 ipse
3511 2610 3621 2664 sibi
3655 2622 3740 2663 est

2134 2709 2315 2774 Pater,
2345 2718 2398 2762 et
2423 2709 2535 2778 ipse
2553 2709 2654 2761 sibi
2681 2716 2763 2760 est
2794 2706 2995 2770 Filius;
3025 2719 3204 2759 nonne
3232 2703 3513 2758 insaniam
3545 2707 3736 2757 statim

2134 2802 2441 2872 signiﬁcant
2465 2815 2746 2855 sermones
2785 2798 2927 2852 mei?
2961 2798 3054 2851 sed
3086 2812 3172 2851 me
3213 2811 3317 2850 non
3359 2806 3579 2850 tantum
3620 2813 3737 2849 mo-

2134 2903 2298 2949 veant
2330 2893 2614 2946 adversum
2661 2907 2757 2945 eos
2785 2890 2876 2959 qui
2904 2888 3178 2949 dixerunt,
3234 2894 3503 2954 quantum
3555 2899 3738 2941 movet

2133 2992 2184 3037 et
2215 2981 2478 3036 adversus
2507 2994 2604 3035 eos
2634 2981 2727 3049 qui
2781 2977 3061 3048 patiuntur
3104 2993 3116 3028 :
3144 2976 3557 3031 calumniantur
3592 2979 3738 3031 enim

453 3065 716 3122 conﬁtere
745 3067 971 3138 ﬁguram
1001 3067 1290 3138 unigeniti,
1342 3078 1398 3122 et
1435 3069 1576 3121 nulla
1627 3069 1837 3124 turbela
1863 3080 1945 3124 est
1974 3071 2028 3125 in
2059 3101 2102 3158 ρ
2136 3072 2205 3126 ab
2250 3071 2442 3125 iisdem
2492 3079 2547 3124 et
2598 3067 2910 3142 Scriptum.
2968 3063 3083 3135 Ego
3124 3082 3141 3118 :
3173 3075 3296 3120 tene
3322 3064 3461 3134 Ego,
3497 3075 3556 3118 et
3583 3081 3739 3120 serva

459 3159 662 3224 medio,
696 3175 801 3214 non
830 3159 917 3224 lis,
952 3174 1057 3214 non
1103 3163 1402 3228 contentio,
1433 3177 1540 3217 non
1567 3163 1823 3232 jurgium.
1872 3163 2036 3218 Pater

461 3263 570 3302 non
596 3249 699 3304 sibi
730 3251 958 3305 ascribit
1005 3249 1219 3305 Patrem
1263 3267 1278 3309 :
1318 3251 1489 3307 Filius
1515 3269 1654 3307 unus
1681 3255 1783 3308 sibi
1817 3257 2040 3310 ascribit

459 3339 676 3396 Patrem
710 3360 726 3397 :
755 3342 918 3398 Pater
941 3358 970 3397 a
1011 3343 1162 3398 nullo
1191 3354 1297 3410 est,
1331 3343 1500 3400 Filius
1529 3347 1595 3400 ab
1623 3362 1730 3401 uno
1753 3357 1836 3402 est
1857 3347 2037 3404 Pat-re.

459 3432 575 3488 Non
607 3436 903 3505 suscipiunt
935 3436 1049 3491 haec
1070 3435 1242 3503 litem,
1267 3430 1361 3492 aut
1381 3437 1584 3493 habent
1613 3438 2036 3495 dubitationem:

459 3527 530 3582 Ut
558 3539 875 3599 cognoscant
909 3539 958 3584 te
999 3531 1168 3585 solum
1202 3548 1377 3586 verum
1429 3531 1598 3587 Deum
1623 3532 1670 3564 "
1704 3551 1717 3587 :
1764 3551 1868 3588 non
1912 3537 2039 3604 quia

459 3638 566 3676 non
591 3637 716 3676 vere
736 3631 820 3677 est
848 3623 1153 3693 unigenitus
1177 3621 1349 3680 Filius
1369 3624 1484 3689 Dei,
1517 3627 1612 3681 sed
1635 3627 1760 3697 quia
1783 3641 1812 3680 a
1846 3637 2042 3682 seruet-

456 3713 592 3782 ipso,
623 3723 678 3768 et
719 3730 784 3768 ex
816 3715 1128 3784 semetipso,
1157 3724 1211 3769 et
1253 3730 1348 3784 per
1372 3718 1740 3787 semetipsum,
1779 3718 1825 3772 si
1862 3727 2040 3772 tamen

458 3807 531 3859 ita
560 3807 667 3860 dici
694 3807 850 3861 debet
881 3825 894 3862 :
929 3805 1050 3861 fons
1071 3817 1127 3862 et
1153 3807 1478 3876 principium
1503 3810 1745 3862 omnium
1778 3810 2040 3864 bonorum

457 3907 540 3952 est
579 3896 760 3962 Pater,
792 3899 881 3966 qui
919 3900 1104 3968 genuit
1140 3899 1298 3954 talem
1329 3901 1522 3954 bonam
1573 3901 1901 3971 progeniem.
1936 3900 2042 3954 Bo-

461 4005 562 4042 nus
587 3991 730 4042 enim
767 3989 934 4044 Filius
957 4003 1063 4055 est,
1087 3991 1182 4046 sed
1205 3991 1347 4046 cedit
1376 3993 1671 4046 bonitatem
1703 4009 1802 4046 suo
1837 3995 2043 4063 genito-

458 4080 529 4142 ri,
559 4094 664 4132 non
689 4080 956 4135 mentiens
977 4081 1070 4135 sed
1091 4081 1266 4136 sciens
1287 4082 1429 4138 unde
1450 4092 1552 4136 est.
1582 4081 1711 4137 Sine
1739 4084 2039 4153 principio:

457 4171 787 4240 principium
819 4182 998 4226 autem
1026 4173 1147 4226 dico
1181 4189 1286 4227 non
1321 4183 1640 4243 temporum,
1677 4190 1780 4227 non
1820 4177 2042 4232 saeculo-

461 4277 620 4329 rum;
658 4263 773 4318 haec
808 4264 952 4318 enim
979 4279 1074 4332 per
1107 4262 1304 4318 Filium
1336 4265 1477 4320 facta
1508 4279 1655 4326 sunt,
1695 4277 1748 4322 et
1784 4283 1887 4321 non
1917 4284 2041 4323 cum

457 4354 598 4410 Filio
663 4365 784 4410 nata
841 4372 856 4408 :
916 4369 1022 4408 non
1089 4363 1298 4408 tantum
1370 4356 1514 4409 enim
1577 4371 1685 4410 non
1754 4366 1881 4414 ante
1950 4357 2042 4412 Fi-

2139 3162 2576 3232 conjunctionem
2619 3180 2633 3215 :
2673 3160 2785 3230 Ego
2824 3170 2872 3214 et
2919 3159 3082 3212 Pater
3118 3175 3280 3212 unum
3309 3175 3497 3213 sumus
3521 3159 3594 3212 ".
3622 3158 3736 3213 Non

2142 3266 2321 3310 tamen
2369 3270 2472 3310 non
2517 3269 2730 3307 smnus.
2782 3253 3065 3307 Contraria
3110 3252 3256 3306 enim
3315 3252 3740 3320 importunitate

2141 3345 2298 3414 plena
2327 3355 2472 3399 sunt.
2524 3343 2692 3398 Filius
2740 3343 2891 3408 dicit,
2946 3343 3087 3413 Ego;
3124 3343 3212 3397 ille
3240 3342 3391 3406 dicit,
3442 3342 3567 3396 Non
3604 3357 3734 3410 ego:

2141 3436 2310 3492 Filius
2345 3436 2496 3499 dicit,
2524 3445 2579 3490 et
2627 3434 2818 3499 Pater;
2868 3435 2958 3489 ille
2983 3435 3132 3498 dicit,
3175 3448 3280 3488 non
3310 3433 3496 3488 Pater.
3532 3435 3731 3496 Unum,

2145 3528 2339 3598 inquit,
2370 3543 2587 3592 sumus;
2625 3537 2679 3582 et
2705 3527 2793 3581 ille
2828 3535 3040 3590 contra,
3069 3542 3175 3581 non
3211 3542 3418 3582 sumus.
3473 3529 3585 3581 Aut
3611 3529 3734 3598 quid

2143 3621 2404 3689 scriptum
2433 3619 2561 3674 est?
2587 3627 2682 3673 aut
2712 3619 2840 3687 quid
2871 3618 3152 3673 delemus?
3180 3629 3273 3674 aut
3295 3619 3426 3688 quid
3461 3619 3736 3690 legimus?

2143 3722 2235 3766 aut
2265 3713 2394 3782 quid
2423 3712 2798 3782 agnoscimus?
2828 3711 2937 3780 Ego
2972 3712 3025 3765 in
3055 3710 3218 3767 Patre
3263 3722 3315 3766 et
3336 3711 3502 3766 Pater
3541 3715 3598 3765 in
3628 3728 3732 3766 ne.

2145 3805 2261 3860 Non
2294 3815 2472 3859 tamen
2500 3805 2624 3874 quia
2658 3819 2832 3873 neque
2859 3819 2981 3874 ego,
3019 3819 3195 3873 neque
3219 3803 3381 3858 Pater
3412 3825 3425 3858 :
3468 3805 3735 3873 quemad-

2145 3897 2362 3952 modum
2405 3906 2586 3950 autem
2633 3895 2795 3950 Pater
2831 3896 2886 3950 in
2937 3895 3096 3957 Filio,
3147 3906 3200 3949 et
3230 3895 3402 3949 Filius
3460 3896 3513 3950 in
3550 3895 3732 3959 Patre,

2145 3988 2379 4042 maxime
2400 3988 2618 4057 quidem
2641 4002 2740 4041 cur
2762 3989 2928 4040 audes
2955 3986 3237 4054 quaerere?
3265 3987 3310 4040 is
3325 3987 3473 4039 enim
3501 3987 3599 4055 qui
3623 3987 3733 4056 (97)

2143 4089 2227 4135 est
2253 4083 2306 4133 in
2337 4093 2402 4134 eo
2432 4079 2522 4148 qui
2571 4087 2672 4142 est,
2727 4093 2831 4132 non
2867 4077 2992 4146 quia
3021 4092 3126 4130 non
3169 4078 3596 4148 θδυάνυπὰρχει
3626 4097 3639 4134 :
3669 4097 3734 4132 an

2144 4172 2269 4240 quia
2301 4186 2403 4225 non
2428 4180 2507 4225 est
2540 4169 2702 4224 Pater
2733 4183 2790 4224 ιιι
2821 4171 2892 4225 sit
2935 4172 2986 4223 in
3020 4169 3156 4224 Filio
3177 4170 3525 4241 ἀνυπάρχειῖ
3557 4188 3735 4242 neque

2144 4281 2250 4320 non
2280 4274 2364 4320 est
2391 4265 2558 4318 Filius
2588 4264 2680 4333 qtti
2712 4273 2793 4317 est
2829 4265 2878 4316 in
2913 4263 3077 4318 Patre
3105 4263 3400 4333 signiﬁcat.
3448 4265 3734 4332 Siquidem

2145 4365 2201 4410 et
2236 4354 2462 4425 apostoli
2495 4354 2780 4408 duodecim
2811 4369 2975 4407 unum
3006 4363 3154 4416 sunt,
3187 4363 3243 4407 et
3271 4354 3647 4422 septuaginta,
3684 4366 3734 4408 et

456 4448 588 4503 lium
627 4489 644 4515 ,
697 4457 755 4502 ut
803 4447 849 4502 si
905 4447 1063 4500 aliter
1115 4446 1246 4515 quid
1307 4447 1655 4502 introducere
1715 4463 1836 4502 cum
1898 4448 2036 4504 Filio
2069 4433 2115 4488 ι)
2143 4448 2445 4519 quingenti,
2491 4456 2546 4500 et
2598 4455 2708 4500 tota
2747 4445 2984 4500 Ecclesia
3030 4460 3217 4498 unum.
3258 4443 3323 4497 Et
3352 4459 3420 4497 ne
3454 4455 3620 4513 putes
3652 4461 3734 4500 me

457 4539 731 4603 volueris,
786 4553 892 4592 non
945 4538 1183 4594 salvabis
1260 4537 1592 4608 unigenitum
1628 4581 1643 4605 ,
1725 4541 1818 4595 sed
1893 4541 2036 4596 sicut

403 4648 412 4656 ·
457 4631 619 4686 Pater
651 4631 798 4687 solus
847 4645 952 4686 non
1001 4641 1161 4686 natus
1205 4642 1312 4698 εει,
1359 4641 1414 4685 ει
1473 4632 1519 4687 si
1576 4633 1780 4688 dixeris
1833 4630 2030 4689 Filium

456 4738 562 4778 non
618 4733 825 4788 natum,
866 4722 1188 4792 periclitaris
1255 4723 1320 4776 de
1369 4738 1434 4777 eo
1489 4725 1632 4794 quod
1687 4725 1822 4780 dicis
1872 4741 1888 4778 :
1957 4725 2034 4780 ita

458 4815 504 4870 si
559 4815 688 4885 quid
734 4816 1131 4883 computaveris
1163 4831 1286 4870 cum
1339 4815 1636 4885 unigenito,
1668 4818 1796 4886 quid
1849 4818 2034 4887 loque-

456 4909 535 4964 ris
560 4909 797 4978 ignoras.
839 4905 988 4962 Unus
1011 4891 1154 4961 enim
1188 4917 1273 4961 est
1305 4923 1412 4962 non
1446 4917 1626 4975 natus,
1661 4919 1715 4963 et
1747 4910 1855 4965 noli
1883 4925 2033 4981 qua:-

456 5014 580 5054 rere
605 4999 767 5053 alium
822 5013 929 5052 non
986 5009 1169 5052 natum
1209 5018 1223 5055 :
1263 5015 1402 5054 unus
1449 5001 1780 5070 unigenitus,
1824 5011 1881 5058 ει
1925 5003 2033 5058 noli

456 5105 699 5160 quaerere
725 5090 888 5144 alium
915 5089 1129 5156 Filium,
1161 5105 1227 5144 ne
1260 5093 1622 5162 interrumpas
1647 5095 1978 5164 unigenitum
2016 5113 2029 5149 :

458 5182 765 5251 unigenitus
793 5183 937 5236 enim
974 5197 1080 5236 non
1122 5191 1206 5237 est
1253 5198 1419 5238 unum
1450 5199 1516 5240 ex
1543 5187 1774 5253 cunctis,
1804 5186 1900 5242 sed
1938 5203 2035 5258 per

2142 4543 2206 4596 ad
2247 4541 2479 4594 humana
2508 4539 2778 4594 deducere
2805 4539 2988 4593 divina
3028 4554 3044 4591 :
3078 4537 3172 4591 sed
3201 4537 3405 4590 utimur
3443 4552 3734 4607 compara-

2143 4633 2384 4687 tionibus
2419 4647 2542 4686 cum
2593 4631 2924 4701 indulgentia
2968 4631 3109 4700 apud
3157 4628 3376 4695 fratres,
3420 4640 3478 4684 et
3511 4641 3735 4685 maneat

2144 4727 2286 4781 Deus
2328 4735 2388 4779 ut
2432 4735 2532 4778 est.
2570 4725 2778 4778 Tamen
2814 4725 2859 4778 si
2912 4722 3214 4777 dixerimus
3267 4722 3731 4788 quemadmodum

2135 4817 2312 4871 omnis
2346 4815 2587 4870 Ecclesia
2621 4830 2741 4884 quae
2789 4817 2991 4884 ubique
3036 4827 3142 4881 est,
3174 4830 3341 4869 unum
3373 4831 3580 4884 corpus
3615 4827 3727 4878 est;

2136 4909 2315 4964 nullus
2353 4907 2719 4976 reprehendat
2751 4924 2767 4962 :
2818 4909 2943 4976 quia
2989 4921 3096 4960 non
3135 4909 3399 4960 mentitur
3463 4910 3610 4962 Deus
3641 4911 3728 4978 qui

2136 5001 2272 5054 dixit
2303 5019 2315 5054 :
2350 4999 2462 5069 Ego
2494 5001 2550 5053 in
2582 5002 2729 5068 ipsis,
2760 5011 2807 5053 et
2830 5012 2887 5054 tu
2909 5003 2963 5053 in
2985 5017 3066 5054 me
3087 5001 3153 5054 ³⁸.
3189 4999 3302 5054 Non
3335 5001 3463 5069 quia
3491 5004 3728 5072 abuega-

2138 5097 2340 5148 tionem
2375 5092 2552 5148 Patris
2601 5094 2885 5164 irreligiosi
2941 5109 3218 5148 sermones
3273 5095 3501 5157 docent,
3560 5110 3727 5164 neque

2136 5187 2280 5255 quod
2313 5203 2421 5242 non
2453 5189 2525 5242 sit
2575 5188 2620 5242 is
2645 5189 2736 5256 qui
2767 5189 2973 5258 genuit,
3030 5203 3207 5256 neque
3247 5188 3596 5255 Spretiouem
3620 5189 3727 5256 ejus

524 5299 572 5331 ”
591 5297 745 5354 Joan.
781 5313 914 5362 xvn,
949 5297 1036 5351 l5.
1113 5297 1159 5328 “'
1187 5295 1344 5353 Joan.
1376 5313 1430 5364 x,
1463 5298 1552 5354 '50.
1627 5299 1674 5330 ⁸⁸
1700 5297 1856 5354 Joan.
1885 5314 2024 5365 xvu,
2056 5297 2146 5352 2⁸5.

529 5434 639 5524 (illi)
670 5450 851 5524 Serua.
877 5449 1330 5524 Τήρειηοὺεενυᾳ.
1365 5453 1474 5506 Αυι
1503 5453 1665 5508 etiam
1704 5463 1871 5516 tuere,
1907 5455 2033 5507 reti-

456 5520 547 5575 ne.
571 5523 740 5590 Supra
771 5520 862 5574 lib.
896 5520 1047 5576 tz'VIn
1080 5520 1343 5592 principio
1371 5535 1506 5591 erat,
1538 5540 1686 5578 serua
1719 5525 1858 5593 quod
1891 5535 2025 5589 erat,

455 5603 640 5730 elc('97)
671 5659 725 5713 Is
751 5667 888 5718 enim
924 5665 1033 5732 qui.
1077 5661 1300 5716 Videtur
1327 5661 1430 5717 hoc
1473 5663 1609 5720 velle
1637 5679 1652 5718 :
1693 5666 1738 5718 is
1766 5665 1901 5718 enim
1941 5664 2030 5731 qui

454 5740 528 5784 εει
549 5732 602 5786 in
623 5747 680 5786 eo
706 5735 794 5789 aui
817 5746 914 5791 est.
944 5751 1043 5790 non
1061 5735 1174 5788 ideo
1198 5732 1519 5809 ἁνυπάρχει,
1544 5736 1638 5791 hoc
1663 5747 1760 5800 est,
1788 5751 1889 5790 non
1913 5736 2029 5790 ideo

2135 5471 2240 5536 non
2287 5457 2553 5540 subsistit.
2578 5457 2809 5539 Amidae
2849 5454 3010 5538 Pater
3043 5457 3380 5579 ἀνυπάρῗι,
3417 5474 3526 5512 non
3563 5459 3718 5510 subsi-

2137 5537 2392 5579 sttt.auta
2419 5541 2496 5579 est
2535 5544 2590 5579 tn
2616 5526 2804 5579 Filio?
2836 5530 3014 5579 luitur
3069 5544 3228 5579 neque
3322 5530 3448 5579 rhus
3485 5529 3717 5579 ἀνυπάρ-

2137 5526 2248 5592 ειὶι,
2267 5527 2392 5596 quia
2419 5541 2496 5581 est
2535 5529 2590 5580 in
2616 5526 2760 5580 Filio
2778 5530 2804 5584 7
2836 5530 3041 5598 Igitur‘
3069 5526 3242 5598 neque
3270 5526 3448 5580 Filius
3485 5529 3717 5598 ἀνυπάρ-

2137 5613 2242 5666 χει,
2268 5613 2372 5649 non
2393 5599 2646 5660 subsistit,
2671 5599 2798 5667 quia
2822 5609 2896 5651 est
2927 5599 2980 5650 in
3011 5596 3188 5667 Patre.
3224 5597 3470 5665 Respicit
3505 5603 3572 5652 ad
3600 5596 3712 5652 illud

2135 5667 2488 5792 :XalnétxolS,
2517 5679 2571 5725 ει
2604 5665 2717 5738 xlv,
2744 5667 2834 5736 10,
2868 5670 2928 5724 ll
2957 5685 2970 5722 :
3001 5665 3167 5723 Pater
3198 5667 3253 5722 in
3287 5684 3370 5722 me
3407 5681 3508 5736 εει,
3544 5685 3592 5729 ει
3627 5689 3710 5742 ego
