3810 6218
162 302 313 372 loss

1018 304 1111 366 ne
1148 308 1306 368 FIDE
1342 295 1716 366 ADVERSUS
1749 294 2163 367 saeuum.
2206 339 2271 348 --
2310 303 2444 365 ue.
2477 309 2541 365 ιι.

3300 310 3438 371 1066

162 430 264 501 qui
303 436 388 486 est
414 424 650 499 genitus.
684 422 791 479 Sed
821 425 867 482 si
899 440 1005 483 non
1038 437 1122 481 est
1150 426 1343 487 Filius.
1386 437 1437 483 et
1483 427 1756 498 quomodo
1784 430 1833 487 Α
1862 434 2083 495 propter
2119 434 2391 479 naturam.
2450 423 2529 480 Ex
2573 422 2794 497 Virgine
2836 426 2887 480 in
2944 426 3252 483 novissimis
3295 438 3436 484 tem-

158 532 301 579 sunt
335 536 397 576 ea
424 534 544 589 qua:
573 533 668 588 per
706 517 900 572 Filium
923 517 1063 572 facta
1096 520 1267 573 sunt?
1292 518 1406 573 Non
1436 531 1519 574 est
1548 520 1754 574 Filius:

162 620 226 665 et
253 625 371 678 qua:
398 619 480 661 est
507 607 669 673 spes?
698 606 811 663 Non
839 617 923 661 est
972 610 1063 676 qui
1088 608 1299 677 judicat
1333 627 1349 665 :
1385 618 1440 662 et
1494 610 1760 679 quemad-

164 703 387 757 modum
416 700 721 773 judicium?
748 700 863 755 Non
886 711 969 755 est
990 702 1079 771 qui
1110 711 1338 756 coronat
1367 722 1379 756 :
1409 714 1464 756 et
1490 704 1760 771 quomodo

167 794 426 848 labores?
454 794 546 850 Est
596 810 734 848 unus
764 809 923 863 quem
967 795 1144 847 nullus
1183 796 1390 864 genuit,
1423 806 1478 849 et
1508 797 1759 863 unigeni-

162 895 259 940 tns
292 902 449 954 quem
482 902 617 941 unus
647 888 851 956 genuit.
884 885 1087 941 Gennit
1119 903 1251 941 sane
1301 889 1710 956 impassibiliter
1741 904 1755 941 :

164 994 281 1034 non
312 990 369 1033 ut
406 995 530 1047 nos,
580 982 670 1034 sed
715 989 774 1034 ut
816 980 903 1033 ille
938 998 952 1034 :
1003 997 1107 1034 non
1141 990 1198 1035 ut
1230 980 1423 1049 planta:
1469 998 1588 1051 qua:
1618 982 1757 1053 apud

165 1086 271 1126 nos
296 1082 443 1136 sunt,
470 1088 573 1125 non
610 1083 667 1126 ut
696 1072 889 1136 futiles,
919 1090 1022 1126 non
1062 1085 1119 1127 ut
1145 1073 1221 1127 sol
1256 1092 1269 1127 :
1310 1074 1444 1128 nihil
1475 1077 1617 1129 enim
1657 1078 1756 1130 ho-

167 1181 293 1219 rum
333 1182 452 1235 qua:
490 1166 579 1219 hic
604 1174 750 1230 sunt,
789 1165 1143 1232 interpretari
1177 1166 1320 1218 illam
1352 1169 1756 1237 generationem

168 1266 417 1327 possunt.
449 1254 671 1311 Omnem
708 1258 854 1312 enim
888 1257 1153 1311 tttrbelam
1192 1258 1445 1313 humanae
1472 1274 1755 1328 compara-

168 1351 346 1405 tiones
366 1350 586 1413 laciunt,
605 1365 725 1404 cum
747 1350 1037 1418 accipimus
1055 1365 1157 1404 non
1185 1350 1376 1404 similia
1400 1352 1464 1404 ad
1486 1353 1753 1421 interpre-

169 1443 428 1495 tationem
459 1456 642 1496 eorum
673 1456 792 1510 qua:
820 1442 1160 1509 interpretari
1198 1456 1305 1495 non
1350 1452 1596 1511 possunt.
1633 1442 1757 1498 Ideo

166 1532 325 1599 lites,
360 1534 479 1588 ideo
522 1549 711 1602 pugnze
754 1546 1070 1587 nascuntur.
1115 1534 1170 1587 Si
1219 1545 1396 1588 autem
1430 1537 1757 1592 mouerimus

166 1640 234 1679 ea
268 1642 385 1693 qua:
419 1641 579 1694 supra
610 1640 794 1680 vocem
838 1636 983 1689 sunt,
1015 1637 1070 1682 et
1111 1627 1408 1682 dixerimus
1458 1630 1752 1697 possibilia,

167 1717 406 1769 cessabit
437 1716 652 1770 bellum.
692 1715 829 1785 Quid
884 1733 1014 1786 ergo
1047 1719 1290 1774 dicemus
1328 1720 1351 1773 Ἰ
1392 1720 1461 1773 1η
1495 1723 1754 1791 principio

164 1820 281 1859 erat
316 1806 561 1864 Verbum.
593 1808 727 1876 Quis
758 1811 934 1865 adhuc
963 1813 1160 1879 poterit
1190 1813 1440 1883 jurgari?
1471 1814 1604 1869 Nam
1628 1828 1682 1870 et
1708 1819 1752 1872 si

160 1898 442 1967 jurgatur,
470 1917 575 1955 non
630 1902 722 1957 tibi
753 1904 848 1957 sed
874 1902 1092 1973 Joanni,
1142 1915 1196 1959 ct
1229 1908 1431 1976 pectori
1481 1909 1694 1964 Domini
1724 1926 1753 1964 a

166 2007 279 2060 quo
308 1993 487 2047 hausit
508 1992 765 2051 Joannes.
809 1995 947 2063 Quid
974 1998 1233 2067 relinquis
1257 2015 1318 2053 ea
1351 2016 1471 2070 qua:
1496 2012 1619 2056 sunt
1640 2003 1757 2058 sine

168 2086 431 2153 periculo,
467 2097 521 2141 et
570 2087 621 2142 in
650 2086 908 2143 ﬂuctibus
946 2100 1344 2160 tempestatum
1400 2095 1756 2161 periclitaris?

171 2176 292 2245 Noli
320 2181 498 2235 dicere
531 2190 641 2246 tua,
677 2190 732 2237 et
761 2181 940 2237 nullus
974 2191 1025 2236 te
1051 2184 1251 2252 arguit.
1282 2184 1455 2240 Dicito
1484 2202 1602 2256 qua:
1631 2190 1758 2242 scri-

171 2280 264 2341 pta
295 2282 443 2336 sunt,
477 2283 531 2327 et
570 2274 749 2329 nullus
791 2285 841 2329 te
885 2277 1233 2344 reprehendit
1268 2298 1280 2333 :
1316 2280 1533 2333 etiamsi
1577 2296 1759 2350 repre-

168 2366 444 2432 hemlerit,
483 2369 833 2435 semetipsum
894 2370 1093 2438 potius,
1129 2380 1184 2425 et
1231 2387 1337 2427 non
1377 2382 1448 2427 te.
1483 2373 1583 2438 Qui
1612 2374 1755 2429 enim

165 2457 357 2513 divina
396 2461 762 2528 reprehendit,
791 2462 973 2516 divina
1020 2464 1237 2532 quidem
1274 2482 1377 2520 non
1411 2466 1644 2533 delebit;
1674 2484 1758 2523 se-

167 2550 461 2618 metipsum
492 2552 725 2611 alienum
774 2572 804 2608 a
842 2555 1040 2610 divinis
1076 2559 1395 2615 constituet.
1451 2559 1648 2622 Dicito,
1689 2560 1756 2616 In

166 2644 431 2713 principio
485 2656 595 2699 erat
641 2645 883 2714 Verbum,
941 2657 997 2703 et
1062 2650 1441 2720 relinquuntur
1492 2661 1753 2720 tempora.

176 2736 379 2799 Dicito,
410 2736 477 2790 In
514 2739 771 2808 principio
793 2750 928 2805 erat,
953 2750 1007 2795 et
1039 2742 1296 2797 deﬁciunt
1323 2744 1536 2799 saecula.
1562 2745 1754 2809 Dicito,

168 2825 243 2879 In
280 2829 540 2893 principio
576 2842 712 2895 erat,
748 2840 804 2885 et
846 2832 977 2885 nihil
1009 2849 1131 2887 cum
1180 2835 1296 2903 ipso
1340 2843 1459 2890 erat
1500 2834 1753 2891 Verbum.

171 2917 311 2983 Quia
353 2934 482 2985 ergo
527 2929 641 2972 erat
672 2919 877 2975 dictum
936 2930 1041 2987 est,
1094 2939 1160 2978 ne
1209 2934 1364 2993 putes
1396 2940 1584 2981 vocem
1616 2944 1629 2979 :
1657 2941 1758 2979 vox

169 3012 341 3077 enim,
388 3025 499 3067 erat
535 3030 639 3069 non
668 3016 925 3086 suscipiet
974 3035 987 3070 :
1026 3018 1069 3072 si
1107 3019 1327 3087 quidem
1366 3035 1486 3074 cunt
1540 3020 1755 3082 dicitur,

174 3114 304 3158 tunc
333 3104 584 3162 eﬁicitur.
636 3105 822 3175 Neque
865 3109 1010 3163 enim
1071 3122 1362 3180 antequam
1399 3112 1609 3165 dicatur
1651 3122 1753 3173 est,
1784 3131 1828 3191 ρ

168 3211 351 3265 neque
380 3209 561 3267 postea
619 3213 778 3265 quam
829 3200 992 3254 fuerit
1034 3203 1198 3264 dicta,
1252 3211 1364 3256 erat
1401 3203 1584 3256 habet.
1619 3203 1753 3267 Quia

168 3305 307 3360 ergo
340 3300 474 3357 erat,
524 3308 628 3346 non
660 3308 765 3347 vox
812 3302 917 3358 est,
949 3296 1042 3349 sed
1096 3293 1332 3348 Verbum
1383 3311 1400 3348 :
1438 3295 1595 3362 quale
1625 3294 1755 3349 Ver-

172 3379 344 3435 bum?
394 3380 450 3435 Si
506 3397 613 3437 non
644 3384 780 3437 dixit
819 3380 1077 3450 Joannes,
1106 3400 1412 3453 qttzeratnus
1454 3385 1540 3439 :si
1579 3396 1756 3438 autem

176 3474 336 3537 dixit,
376 3476 506 3543 quid
544 3477 883 3545 quzeremus?
922 3475 990 3530 Et
1022 3478 1183 3545 Deus,
1224 3478 1421 3547 inquit,
1466 3489 1579 3531 erat
1625 3477 1758 3530 Ver-

174 3567 321 3621 bum.
354 3567 431 3621 Tu
462 3570 597 3624 dicis
618 3585 827 3635 vocent,
856 3570 1096 3625 Joannes
1132 3580 1313 3624 autem
1354 3570 1451 3632 ait,
1480 3581 1590 3623 erat
1631 3568 1757 3623 Ver-

178 3659 324 3713 bum.
366 3661 432 3714 Et
461 3662 503 3715 si
533 3662 620 3715 ille
648 3664 867 3726 dixerit,
901 3661 965 3714 Et
1008 3660 1225 3715 Verbum
1261 3672 1371 3715 erat
1397 3663 1538 3729 apud
1573 3660 1757 3726 Deum,

179 3758 241 3804 tu
270 3752 405 3806 dicis
429 3754 480 3805 in
509 3752 635 3818 Deo,
661 3764 715 3807 et
748 3768 855 3808 non
878 3754 1018 3822 apud
1048 3752 1236 3806 Deum.
1263 3750 1333 3806 Ut
1364 3754 1507 3805 enim
1532 3753 1623 3815 sit,
1654 3767 1760 3805 non

174 3853 362 3900 tamen
398 3854 456 3898 ut
492 3846 761 3916 cogitatus
810 3848 881 3900 sit
914 3864 928 3901 :
966 3860 1145 3914 neque
1183 3846 1378 3898 iterum
1421 3854 1479 3897 ut
1508 3859 1629 3903 vox.
1666 3844 1761 3897 sed

173 3935 349 3992 Filius
383 3954 399 3991 :
430 3953 532 3991 vox
563 3938 705 3991 enim
755 3938 914 3991 habet
950 3938 1145 3991 fratres
1179 3956 1192 3991 :
1221 3937 1323 3991 mei
1376 3938 1519 3989 enim
1559 3936 1648 4006 qui
1683 3936 1761 3988 di-

171 4042 375 4084 cuntur
403 4045 682 4084 sermones
707 4031 980 4099 prioribus
1006 4030 1187 4082 verbis
1220 4038 1344 4081 sunt
1365 4026 1560 4080 lratrcs
1593 4045 1606 4080 :
1644 4027 1763 4078 uni-

171 4122 391 4191 genitus
414 4132 591 4174 autem
627 4138 731 4175 non
763 4122 989 4190 suscipit
1024 4121 1239 4173 fratres.
1275 4118 1408 4172 Nam
1444 4130 1497 4173 et
1528 4120 1569 4171 si
1605 4126 1761 4169 vocat

169 4218 392 4275 fratres,
425 4215 878 4282 nuncupationem
918 4215 1103 4268 donat.
1139 4211 1197 4265 Si
1225 4222 1408 4264 autem
1442 4220 1497 4262 et
1528 4211 1760 4263 coha-re-

169 4307 273 4358 des
298 4319 504 4367 sumus,
537 4321 641 4357 non
684 4314 891 4357 natura:
924 4304 1018 4357 sed
1061 4302 1249 4370 gloriae
1296 4301 1593 4370 accipimus
1622 4298 1756 4370 (98).

166 4399 258 4455 Ad
287 4398 429 4451 illam
455 4398 600 4451 enim
648 4408 896 4449 naturain
930 4411 1103 4464 neque
1146 4393 1435 4464 pervenies
1464 4404 1540 4454 tu,
1587 4405 1761 4460 neque

167 4491 320 4546 ullus
358 4491 649 4559 perveniet.
690 4490 845 4543 Sicut
874 4489 1020 4543 enim
1056 4486 1219 4539 Pater
1254 4487 1474 4551 eminet,

166 4598 392 4637 omnem
424 4592 667 4633 naturam
685 4590 765 4634 est
792 4582 933 4648 quod
958 4590 1035 4632 est
1056 4595 1160 4631 non
1181 4588 1339 4630 natus
1363 4595 1375 4630 :
1410 4577 1482 4630 ita
1510 4588 1561 4630 et
1590 4576 1755 4630 Filius

166 4688 340 4740 supra
372 4686 560 4725 omnes
592 4672 823 4725 habetur
857 4671 908 4723 in
940 4686 1006 4723 eo
1037 4670 1181 4737 quod
1211 4678 1291 4721 est
1320 4669 1600 4736 progenies
1626 4681 1754 4719 vera

170 4766 320 4820 Deus
347 4764 486 4833 apud
521 4763 711 4829 Demn,
745 4764 883 4817 Dens
919 4764 984 4815 ad
1016 4762 1294 4814 dexteram
1329 4760 1441 4820 Dei,
1476 4759 1615 4812 Deus
1643 4757 1755 4811 for-

168 4859 267 4921 tis,
302 4857 439 4910 Dens
469 4871 628 4924 quem
677 4856 828 4907 unxit
860 4853 1024 4907 Dens.
1070 4850 1382 4921 Agnoscitis
1438 4849 1750 4917 prophetica

168 4948 342 5002 verba
375 4946 510 5017 (99).
546 4947 686 5012 Quid
715 4948 791 4999 ait
819 4948 1078 5015 propheta
1110 4943 1318 4997 David?
1346 4942 1473 4995 Ideo
1511 4942 1656 4994 unxit
1684 4951 1752 5004 te,

166 5041 339 5102 Deus,
367 5040 501 5092 Deus
524 5050 643 5091 tuus
663 5038 730 5091 “.
762 5036 893 5091 Nam
923 5047 977 5091 et
997 5036 1153 5090 fortis
1182 5036 1356 5089 dictus
1396 5046 1479 5088 est
1511 5034 1577 5087 ab
1598 5032 1753 5095 Isaia,

162 5141 225 5187 et
261 5130 399 5183 Deus
428 5131 696 5185 nobiscum
718 5131 787 5194 ",
826 5145 948 5183 cum
972 5144 1041 5182 ex
1064 5127 1306 5197 Virgine.
1343 5125 1458 5179 Non
1477 5141 1605 5191 ergo
1634 5140 1757 5178 cum

164 5238 237 5277 ex
286 5221 505 5292 Virgine
548 5231 677 5276 tunc
725 5220 890 5285 Deus,
937 5220 1031 5275 sed
1092 5219 1374 5274 nobiscum
1430 5227 1575 5271 tunc.
1636 5215 1751 5269 Non

165 5313 410 5384 primum
446 5328 514 5367 ex
555 5311 796 5383 Virgine,
835 5314 929 5366 sed
964 5311 1197 5379 primum
1237 5322 1304 5363 ex
1346 5308 1474 5362 Deo.
1518 5307 1591 5361 Ex
1637 5306 1754 5359 Vir-

165 5406 300 5478 gine
345 5408 488 5460 enim
540 5416 759 5476 propter
799 5404 1279 5474 dispensationem,
1318 5415 1382 5454 ex
1426 5402 1532 5454 Deo
1570 5410 1751 5453 autem

240 5514 290 5548 “
316 5514 462 5569 Ps:tl.
494 5533 634 5582 XLIV,
662 5517 715 5571 8.

167 5600 227 5654 x,
254 5587 341 5650 14,
373 5588 460 5644 t5.

248 5688 361 5791 (982
391 5690 487 5743 Ms.
520 5687 644 5742 Non
682 5697 925 5741 naturam
956 5684 1047 5739 sed
1073 5683 1294 5754 gloriam
1322 5682 1630 5736 nccivimus.

249 5760 339 5791 mu
396 5760 467 5791 tus
531 5760 796 5791 Αηωιηξοο
831 5757 1130 5791 ..νηιιιιυιὶι-ιι
1169 5757 1335 5791 mrhn,

248 5757 360 5831 (99)
393 5760 490 5813 Ms.
519 5760 796 5829 Agnoscite
830 5757 1132 5825 prOpbetica
1169 5757 1340 5809 verba.

340 5864 345 5867 '
420 5854 691 5913 ΡΑϊιιοι..
725 5849 842 5911 Gn.
868 5848 1105 5911 XXIV.

818 5517 863 5548 "
886 5517 1064 5585 lsa.v,
1096 5516 1168 5582 6;
1201 5530 1295 5576 vtt,
1330 5514 1416 5567 ιι.

1508 5512 1577 5582 ,⁵⁸
1609 5511 1763 5567 Joan.
1803 5525 1893 5575 ιιι,
1917 5510 2007 5565 36.

1859 518 2100 587 poribus,
2156 530 2223 570 ex
2275 516 2384 571 Deo
2432 526 2558 570 ante
2612 517 2827 572 saecula.
2885 518 2958 572 Ex
3008 516 3250 590 Virgine,
3313 536 3435 575 cum

1861 608 2208 673 hominibus;
2262 622 2328 663 ex
2368 607 2478 663 Deo
2517 617 2696 662 autem
2746 621 2870 663 ante
2909 625 3118 665 omnes.
3175 611 3299 667 Istic
3345 627 3437 666 er-

1859 714 1928 769 go
1958 710 2011 755 et
2047 701 2499 770 dispensationem
2539 702 2825 767 conﬁtere,
2870 712 2926 756 ct
2964 711 3212 757 naturam
3256 704 3438 759 delere

1861 792 1987 857 noli,
2028 808 2124 849 nec
2167 794 2478 862 exstinguas
2522 796 2614 849 tibi
2669 794 2846 849 lumcu
2883 796 2979 865 (ί).
3033 793 3089 851 Si
3135 796 3349 864 quidem
3382 805 3438 851 et

1861 884 1949 952 qui
1980 885 2166 940 oculos
2194 885 2450 941 claudunt
2480 903 2633 954 suos,
2673 901 2775 940 non
2824 887 3001 942 lumen
3058 889 3433 957 exstinguuni,

1859 981 1953 1033 sed
1976 979 2074 1048 ipsi
2105 980 2305 1034 lumine
2329 997 2433 1034 non
2470 980 2740 1034 fruuntur.
2775 980 2907 1034 Nam
2936 990 2989 1035 et
3019 980 3062 1036 si
3087 981 3208 1050 quis
3250 980 3434 1035 lumen

1861 1087 2047 1125 verum
2079 1088 2183 1126 non
2227 1072 2389 1127 fuerit
2437 1073 2742 1136 confessus,
2789 1089 2893 1126 non
2944 1073 3072 1127 illud
3119 1074 3282 1137 delet,
3339 1074 3436 1128 sed

1861 1164 1974 1231 ipse
2007 1174 2185 1218 manet
2208 1165 2261 1218 in
2291 1167 2548 1221 tenebris.
2598 1168 2670 1221 Ita
2719 1168 2860 1221 enim
2905 1167 3019 1237 ipse
3051 1166 3216 1222 Filius
3249 1168 3381 1223 dicit
3416 1188 3431 1225 :

1861 1254 1964 1319 Qui
1996 1273 2098 1311 non
2155 1258 2436 1312 crediderit
2476 1260 2529 1313 in
2568 1257 2790 1321 Filium,
2830 1277 2931 1312 non
2977 1260 3190 1323 videbit,
3223 1261 3313 1314 sed
3353 1260 3436 1314 ira

1858 1348 1957 1402 Dei
1980 1359 2153 1403 manet
2189 1367 2344 1419 super
2366 1352 2532 1413 ipsum
2561 1351 2627 1406 ’⁸.
2656 1353 2784 1418 Qua:
2824 1352 2939 1406 ira?
2977 1353 3067 1407 illa
3099 1354 3283 1423 utique
3317 1368 3437 1424 quae

1861 1440 1927 1494 ab
1955 1440 2129 1496 initio.
2167 1442 2267 1507 Qui
2299 1443 2443 1497 enim
2492 1459 2599 1498 non
2648 1446 2936 1499 conﬁtetur
2978 1460 3099 1499 eum
3146 1462 3241 1516 per
3275 1463 3435 1518 quem

1858 1542 2147 1588 revocatur
2184 1535 2475 1600 sententia,
2505 1537 2615 1604 ipse
2653 1538 2937 1592 adversum
2966 1553 3024 1592 se
3056 1538 3229 1608 ipsum
3282 1554 3438 1595 revo-

1858 1632 1947 1677 cat
1983 1626 2328 1683 sententiam.
2359 1625 2578 1695 Negotia
2619 1629 2763 1682 enim
2796 1641 3047 1698 separata
3092 1630 3293 1685 habent
3334 1647 3436 1685 na-

1860 1723 2035 1769 turam
2072 1732 2086 1769 :
2117 1717 2284 1771 nostri
2324 1729 2502 1773 autem
2526 1719 2789 1787 cogitatus
2822 1720 3094 1789 accipiunt
3131 1721 3435 1787 lructum,a

1858 1808 2090 1863 veritate
2110 1809 2327 1879 quidem
2360 1811 2544 1873 vitam,
2577 1826 2606 1864 a
2632 1811 2914 1866 mendacio
2948 1821 3126 1866 autem
3158 1828 3351 1868 noxam
3379 1822 3437 1869 et

1858 1900 2233 1970 perditionem.
2268 1901 2324 1954 Si
2357 1903 2477 1970 quis
2509 1902 2654 1956 enim
2698 1902 3030 1971 percusserit
3070 1913 3232 1973 caput
3275 1919 3434 1959 suum

1858 1992 1923 2045 ad
1963 2002 2191 2061 petram,
2221 2004 2371 2062 petra
2404 1994 2620 2062 quidem
2661 1994 2774 2063 ipsa
2806 2004 3010 2061 manet,
3054 2006 3218 2065 caput
3251 2007 3432 2051 autem

1858 2081 1927 2135 ab
1958 2083 2265 2153 insipientia
2308 2084 2505 2153 accipit
2535 2082 2768 2153 plagam,
2810 2081 2949 2139 forte
2978 2093 3156 2139 autem
3190 2094 3246 2139 et
3289 2086 3435 2154 peri-

1864 2175 2064 2229 cnlmn.
2111 2176 2250 2230 Dicit
2309 2191 2439 2231 sane
2492 2184 2548 2231 et
2604 2165 2891 2243 Apostolus
2945 2192 2959 2229 :
3010 2172 3435 2230 Fundamentum

1857 2267 2004 2321 aliud
2025 2284 2171 2322 nemo
2197 2277 2577 2339 potestpouere
2621 2280 2811 2338 prwter
2837 2286 2953 2322 eum
2992 2269 3083 2338 qui
3117 2278 3188 2322 est
3231 2271 3435 2338 positus

1858 2356 2097 2413 Christus
2147 2360 2301 2414 Jesus
2344 2362 2426 2427 '9;
2491 2372 2545 2415 et
2594 2361 2783 2414 iterum
2834 2382 2848 2417 :
2900 2358 3059 2415 Petra
3116 2375 3291 2416 autem
3323 2371 3437 2417 erat

1857 2449 2162 2504 Christus‘.
2210 2452 2267 2505 Si
2301 2452 2369 2505 ad
2415 2452 2573 2505 istaut
2626 2462 2834 2520 petram
2886 2462 3048 2522 caput
3099 2454 3436 2523 percusseris

1858 2550 2027 2604 tuum,
2062 2543 2291 2598 scissum
2319 2553 2403 2597 est
2433 2545 2575 2614 quod
2620 2544 2833 2599 volebas
2863 2564 2877 2600 :
2922 2545 2967 2601 si
2999 2556 3176 2600 autem
3218 2547 3434 2604 confes-

1856 2650 1952 2689 sus
1981 2634 2149 2689 lueris
2184 2636 2386 2699 lumen,
2420 2635 2643 2691 habebis
2688 2638 2829 2705 quod
2863 2638 3163 2695 conﬁteris.
3199 2638 3257 2694 Si
3288 2640 3432 2694 enim

1856 2726 2081 2793 apostoli
2115 2727 2437 2795 quibusdam
2469 2727 2685 2796 quidem
2715 2728 2849 2781 odor
2878 2730 3068 2784 mortis
3100 2729 3166 2784 ad
3199 2736 3430 2783 mortem

1858 2826 2003 2879 sunt,
2031 2816 2355 2884 quibusdam
2393 2828 2570 2871 autem
2616 2818 2751 2870 odor
2794 2820 2915 2872 vitae
2950 2818 3017 2872 ad
3054 2819 3249 2882 vitam;
3285 2818 3329 2873 si
3360 2818 3435 2873 illi

1857 2905 1948 2973 qui
1991 2921 2084 2972 per
2123 2905 2396 2960 Christum
2442 2908 2522 2961 sal
2568 2916 2714 2966 sunt.
2762 2918 2812 2960 et
2866 2910 2956 2978 qui
3012 2925 3106 2979 per
3162 2909 3435 2964 Christum

1859 2996 2142 3049 luminaria
2176 2997 2501 3062 eﬁiciuntur,
2542 2999 2609 3052 ad
2651 3010 2877 3053 mortem
2924 3009 2979 3055 et
3026 3002 3092 3055 ad
3137 3001 3302 3059 vitam
3351 3002 3438 3055 Itis

1859 3089 1948 3158 qui
1989 3090 2215 3143 credunt
2240 3100 2295 3144 et
2323 3092 2413 3160 qui
2462 3108 2564 3145 non
2614 3093 2843 3148 credunt
2890 3094 3203 3148 habentur:
3235 3105 3439 3163 quanto

1863 3182 2031 3250 magis
2068 3183 2111 3236 is
2152 3183 2242 3250 qui
2285 3184 2507 3237 donavit
2554 3185 2669 3239 lucc
2712 3185 3020 3240 hominibus
3055 3185 3343 3241 Christus?
3380 3186 3438 3240 Si

1858 3274 1995 3341 quis,
2043 3273 2237 3343 inquit,
2293 3290 2379 3327 vos
2420 3290 2521 3327 non
2569 3276 2875 3345 susceperit,
2936 3288 3176 3331 exeuntes
3216 3278 3441 3331 excutite

1860 3366 2121 3429 pulverem
2162 3373 2226 3419 de
2265 3367 2481 3435 pedibus
2511 3368 2694 3421 vestris
2735 3384 2754 3422 :
2796 3369 3122 3423 tolerabilius
3160 3370 3297 3423 enim
3336 3371 3440 3424 erit

1862 3466 2015 3510 terrm
2062 3458 2417 3512 Sodomorum
2450 3462 2504 3512 in
2548 3461 2631 3512 die
2663 3460 2873 3528 iudicii,
2917 3479 3073 3533 quam
3112 3464 3309 3516 civitati
3358 3463 3441 3517 illi

1858 3564 1975 3616 qua:
1992 3565 2075 3601 vos
2106 3565 2206 3601 non
2233 3550 2450 3617 suscipit
2480 3550 2569 3619 qui
2595 3566 2627 3602 a
2657 3567 2737 3602 me
2768 3552 2915 3604 missi
2944 3553 3068 3606 estis
3098 3553 3136 3606 ¹.
3167 3555 3222 3607 Si
3259 3564 3438 3611 autem

1862 3642 1985 3708 quis
2008 3640 2180 3708 ipsum
2215 3657 2319 3694 non
2348 3642 2647 3709 susceperit
2671 3644 2946 3696 Christum
2984 3662 2995 3696 :
3036 3647 3163 3711 quid
3201 3646 3246 3699 si
3272 3649 3437 3700 etiam

1865 3748 1969 3785 non
1997 3731 2169 3786 solum
2201 3746 2305 3784 ιιοιι
2338 3732 2662 3801 susceperit,
2688 3735 2783 3789 sed
2824 3736 3136 3791 interimere
3172 3739 3443 3794 voluerit?

1863 3823 1905 3876 si
1928 3838 2092 3877 ausus
2122 3825 2243 3892 quis
2278 3823 2441 3876 fuerit
2465 3824 2666 3882 dicere,
2696 3826 2818 3893 quia
2856 3825 2972 3879 sine
2998 3825 3132 3881 Filio
3163 3839 3248 3882 est
3271 3827 3435 3894 Deus,

1861 3922 1953 3967 aut
1983 3915 2104 3981 quia
2161 3915 2277 3967 sine
2322 3914 2484 3968 Patre
2531 3925 2616 3966 est
2666 3914 2875 3969 Filius?
2928 3915 3052 3970 llaec
3101 3918 3245 3971 enim
3293 3934 3440 3975 nunc

1862 4004 2079 4072 quidam
2127 4003 2529 4057 calumniantur
2571 4007 2837 4068 dicentes,
2887 4007 3013 4075 quia
3047 4008 3161 4077 ipse
3202 4010 3306 4065 sibi
3356 4020 3441 4067 est

1862 4093 2043 4156 l’alet‘,
2081 4093 2193 4162 ipse
2221 4104 2306 4147 est
2334 4104 2386 4146 et
2413 4093 2600 4158 Filius,
2632 4105 2814 4149 etnon
2856 4107 2940 4149 est
2980 4096 3170 4155 Filius.
3208 4098 3265 4155 Si
3294 4101 3439 4155 enim

1860 4185 2023 4240 Pater
2048 4187 2157 4256 ipse
2181 4186 2283 4239 sibi
2322 4197 2405 4239 est
2433 4197 2617 4256 pater,
2664 4204 2767 4241 non
2800 4200 2886 4242 est
2933 4188 3113 4257 Pater,
3160 4194 3286 4261 quia
3325 4195 3444 4262 ipse

1860 4277 1961 4331 sibi
2013 4289 2066 4330 et
2120 4279 2260 4330 ﬁlius
2320 4289 2419 4338 est,
2471 4290 2526 4332 ut
2565 4281 2732 4333 aiunt.
2779 4280 3036 4335 Ludimus
3084 4282 3139 4336 in
3187 4283 3431 4341 divinis:

1863 4364 2253 4419 irrationabilia
2279 4368 2423 4419 enim
2462 4367 2565 4420 ista
2596 4382 2661 4420 ne
2692 4367 2907 4436 quidem
2935 4368 3086 4438 parvi
3118 4371 3439 4439 suscipiunt.

1504 4496 1558 4539 et
1596 4456 1756 4554 sui)”
1793 4484 1834 4538 υ
1868 4456 1944 4511 De
1972 4457 2056 4510 his
2100 4472 2231 4511 sane
2268 4460 2611 4513 sermonibus
2648 4474 2810 4511 unum
2854 4458 3229 4515 brevissimum
3263 4462 3441 4516 inlan-

1869 4559 1974 4600 tem
2016 4548 2308 4619 interroga,
2338 4551 2427 4619 qui
2464 4552 2635 4620 prima
2674 4560 2860 4619 utpote
2910 4567 3041 4606 voce
3078 4552 3443 4621 qualitercun-

1864 4656 1969 4709 que
1995 4642 2224 4708 coeperit
2265 4641 2432 4713 loqui,
2469 4655 2523 4698 et
2551 4647 2712 4701 dicito
2733 4648 2818 4701 ei;
2848 4646 3007 4702 Pater
3036 4655 3159 4700 tuus
3197 4647 3285 4700 ubi
3324 4649 3444 4702 est?

1862 4734 1969 4785 Aut
2004 4732 2143 4786 sicut
2172 4747 2574 4789 consueverunt
2622 4737 2865 4792 infantes
2905 4748 3113 4809 patrem
3162 4736 3439 4806 appellare

1863 4830 1909 4882 si
1951 4830 2303 4899 semetipsum
2351 4833 2682 4895 ostenderit,
2743 4837 2922 4902 arguit
2976 4849 3063 4887 me
3117 4834 3297 4889 infans
3339 4856 3353 4891 :
3398 4837 3442 4889 si

1863 4931 2043 4975 autem
2081 4924 2339 4992 parvulus
2369 4924 2552 4977 statim
2590 4933 2649 4977 ut
2680 4923 2846 4979 fuerit
2882 4925 3245 4997 interrogatus
3280 4930 3442 4984 intel-
3502 4993 3515 5008 η

1865 5015 2061 5069 lexerit
2095 5019 2222 5085 quid
2254 5018 2453 5085 quaris
2498 5017 2565 5072 ab
2596 5031 2682 5081 eo,
2718 5032 2842 5071 eum
2890 5018 2980 5087 qui
3030 5035 3090 5073 se
3128 5022 3315 5090 genuit
3348 5036 3440 5075 os-
3512 5036 3526 5066 ι

1871 5115 2089 5177 tendit;
2127 5113 2247 5167 vide
2292 5110 2421 5181 quid
2469 5110 2646 5164 audis.
2702 5110 2837 5164 Cum
2891 5122 3071 5166 autem
3123 5113 3441 5168 benedictus
3523 5102 3530 5111 ’

1862 5209 2054 5271 Filius,
2089 5216 2278 5261 tenens
2307 5218 2526 5274 panem,
2568 5202 2712 5257 levat
2739 5218 2931 5257 manus
2957 5220 3082 5259 suas
3110 5220 3349 5270 sursum,
3384 5215 3440 5261 ut

1863 5313 2009 5358 tuam
2047 5312 2281 5371 mentem
2312 5300 2377 5353 ad
2407 5314 2528 5354 eum
2565 5301 2655 5366 qui
2688 5312 2747 5354 se
2777 5300 2961 5369 genuit
2994 5298 3240 5362 extollat,
3278 5314 3439 5355 nosce

1860 5398 2098 5459 Patrem,
2133 5404 2187 5449 et
2212 5408 2362 5447 cessa
2407 5406 2606 5462 negare
2640 5390 2858 5446 Filium.
2894 5391 2951 5446 Si
2994 5392 3159 5463 igitur
3189 5390 3445 5463 Unigeni-

2115 5508 2162 5541 ”
2189 5507 2205 5561 l
2232 5506 2359 5562 Cor.
2403 5523 2482 5572 ιιι,
2507 5508 2567 5562 ll
2702 5508 2719 5539 ¹
2750 5509 2771 5561 I
2797 5506 2921 5561 Cor.
2968 5521 3025 5571 ι,
3050 5509 3105 5559 ι.
3206 5508 3227 5541 ²
3251 5506 3443 5565 Matth.

1931 5675 2009 5746 (l)
2046 5672 2143 5730 Ns.
2170 5671 2253 5728 Ne
2271 5674 2578 5745 exstinguas
2609 5673 2702 5728 tibi
2727 5672 2922 5727 lumen.

3000 5829 3079 5891 3b
