3810 6218
421 331 570 388 1067
1112 325 1390 379 ~131133151311
1429 323 1909 378 CASSARI'ENSIS
1948 323 2003 375 Ul

2142 319 2320 375 PARS
2359 319 2445 377 ΙὛ.
2481 352 2550 364 -
2588 320 3014 378 DOGM'ATICA.
3561 319 3696 375 MSS

431 457 524 504 tus
545 444 676 501 dicit
711 463 726 499 :
765 442 952 508 Pater,
977 441 1175 514 gratias
1213 461 1312 515 ago
1355 444 1476 509 tibi,
1519 444 1647 516 quia
1695 459 1895 512 semper
1938 459 2017 496 me
2045 445 2092 502 Α
2118 442 2297 497 omnis
2321 443 2510 498 beatus
2535 442 2704 510 audit,
2730 442 2856 503 inde
2885 450 2941 496 et
2973 455 3073 496 nos
3104 438 3343 496 universi
3391 438 3694 495 audiemus.

430 537 695 594 exaudiui
724 551 743 589 :
771 535 861 590 sed
888 545 1096 605 propter
1116 535 1538 590 circumstantem
1572 536 1822 605 populum
1849 535 2008 589 istum
2112 535 2156 589 Δ
2188 535 2326 590 Filio
2354 536 2488 591 nihil
2527 535 2711 590 audiat
2757 549 2976 603 sponsa,
3016 535 3159 603 quod
3209 547 3315 588 non
3371 540 3458 586 est
3515 532 3696 601 sponsi

430 630 572 694 dico,
603 637 660 682 ut
689 626 905 682 credant
937 627 1062 695 quia
1091 636 1147 680 tu
1187 643 1269 681 me
1299 627 1490 681 misisti
1517 626 1558 680 ³.
1602 626 1708 682 Ista
1738 626 2007 695 interpre-
2113 627 2218 681 sui.
2251 627 2309 681 Si
2339 627 2552 698 quidem
2585 643 2689 682 non
2717 626 2843 682 licet
2883 641 3093 695 sponsae
3125 625 3357 680 alienam
3411 625 3699 694 suscipere

434 723 638 776 tatione
683 734 788 774 non
831 717 1200 789 indigentzet
1229 717 1480 773 sedemus
1509 725 1568 773 ut
1623 716 1910 782 inscnsati,
1955 725 2012 770 et
2113 717 2168 771 in
2215 717 2435 772 auribus
2485 733 2696 781 vocem,
2730 720 2895 774 etiam
2929 718 2976 772 si
2998 715 3207 772 'Paulus
3260 719 3428 772 dicat.
3489 717 3601 772 Sed
3644 728 3700 770 ut

431 810 692 867 ludimus.
746 810 882 866 Num
950 811 1302 881 semetipsum
1369 810 1558 881 genuit
1621 807 1822 865 Pater?
1879 822 2008 862 num
2111 823 2217 863 non
2244 807 2515 866 dubitaret
2538 824 2735 878 sponsa
2771 809 2840 864 de
2889 808 3079 875 Paulo,
3117 809 3195 864 ait
3227 809 3340 879 ipse
3374 829 3388 864 :
3428 808 3516 864 An
3544 825 3702 879 expe-

431 902 785 972 semetipsum
834 903 1028 958 misit?
1060 917 1188 958 num
1215 902 1564 972 semetipsum
1596 908 1738 966 orat,
1781 909 1836 955 et
1880 899 2011 954 sibi-
2110 900 2387 955 rimentum
2401 903 2644 972 quaeritis
2666 901 2780 970 ejus
2799 901 2890 969 qui
2916 903 2970 954 in
2998 917 3078 954 me
3097 899 3602 966 loquitur‘Cltristus
3629 901 3704 954 ιη

430 995 646 1065 metipsi
672 995 876 1066 gratias
909 995 1038 1067 agit,
1078 1003 1135 1049 et
1195 994 1310 1065 ipse
1351 993 1455 1050 sibi
1507 1003 1592 1050 est
1631 992 1825 1059 Filius,
1882 991 2003 1064 ipse
2107 993 2443 1065 Desponsavi
2472 995 2616 1049 enim
2648 1008 2770 1061 vos,
2813 994 3005 1065 inquit,
3044 995 3160 1049 viro
3200 994 3323 1059 uni;
3359 1009 3468 1050 non
3502 1004 3691 1049 tamen

431 1086 534 1143 sibi
573 1096 656 1142 est
686 1086 950 1156 pontifex,
984 1087 1099 1157 ipse
1155 1087 1258 1142 sibi
1287 1096 1370 1142 est
1400 1100 1592 1157 agnus,
1630 1084 1746 1156 ipse
1782 1083 1885 1140 sibi
1915 1091 2004 1139 est

432 1178 546 1241 via,
571 1177 686 1246 ipse
717 1179 819 1233 sibi
888 1188 972 1234 est
1013 1177 1216 1250 janua?
1264 1179 1330 1234 Et
1373 1179 1492 1248 quis
1527 1180 1663 1245 haec,
1697 1177 1911 1233 etiamsi
1940 1177 2012 1232 sit

433 1270 936 1340 insipientissimus,
987 1271 1264 1342 patietur?
1313 1271 1448 1325 Num
1499 1285 1607 1325 una
1663 1284 1767 1324 vox
1827 1279 1910 1324 est
1952 1278 2011 1323 ut

430 1363 944 1430 circumveniamus,
981 1379 1082 1418 una
1122 1373 1204 1420 est
1228 1365 1404 1418 littera
1433 1373 1491 1418 ut
1523 1362 1836 1419 deleamus?
1870 1360 2010 1417 Dicit

430 1454 578 1510 enim
628 1455 820 1510 iterum
880 1454 1197 1510 Dominuss:
1239 1455 1378 1511 Ecce
1431 1471 1524 1526 ego
1578 1454 1741 1526 diligo
1793 1453 2010 1509 Patrem

433 1561 606 1599 meum
630 1544 672 1610 ⁸,
706 1562 798 1615 ego
831 1545 1029 1600 honoro
1070 1545 1286 1600 Patrem
1311 1562 1483 1599 meum
1507 1547 1550 1610 ⁵,
1592 1530 1888 1615 ορεηιὶμιω
1916 1559 2008 1615 ego

433 1637 574 1706 facio
593 1638 682 1692 ille
702 1639 850 1708 facit,
887 1637 1051 1693 Pater
1089 1655 1233 1693 meus
1273 1639 1511 1708 quotidie
1540 1647 1796 1706 operatur
1833 1647 1882 1693 et
1915 1654 2008 1707 ego

412 1745 621 1797 operor
647 1730 688 1792 ⁸,
719 1730 765 1782 si
800 1729 1010 1782 creditis
1041 1729 1094 1781 in
1122 1727 1287 1782 Deum
1319 1739 1366 1782 et
1395 1729 1450 1782 in
1486 1744 1568 1782 me
1609 1729 1842 1794 creditis,
1874 1727 2008 1782 uado

2111 1088 2330 1158 populo,
2387 1086 2482 1142 sed
2543 1087 2636 1141 uni
2697 1087 2974 1157 unigenito
3033 1101 3139 1141 una
3190 1101 3410 1157 sponsa.
3462 1086 3699 1140 Amicus

2112 1179 2255 1234 enirn
2307 1178 2491 1250 sponsi
2539 1178 2627 1234 ille
2662 1188 2746 1234 est
2777 1179 2867 1248 qui
2891 1179 3100 1249 gaudet
3126 1179 3193 1234 de
3243 1194 3444 1250 sponsa
3478 1179 3694 1248 sponsi.

2110 1269 2228 1326 Non
2252 1279 2335 1326 est
2365 1270 2526 1324 vidua
2559 1278 2745 1326 saneta
2779 1270 3041 1327 Ecclesia.
3083 1270 3229 1327 Vivit
3268 1273 3414 1327 enim
3461 1273 3553 1342 qui
3599 1287 3700 1342 pro

2109 1362 2223 1433 ipsa
2254 1370 2337 1417 est
2375 1372 2645 1418 mortuus.
2699 1362 2883 1434 Angeii
2924 1379 3031 1418 non
3079 1375 3364 1420 mortuum
3415 1366 3697 1421 adorant:

2109 1452 2204 1507 sed
2228 1453 2333 1506 vita
2359 1462 2496 1517 erat,
2537 1461 2676 1517 erat,
2699 1444 2839 1520 erat,
2862 1463 2916 1509 et
2944 1463 3049 1520 est,
3085 1465 3142 1509 et
3177 1471 3280 1509 non
3331 1465 3516 1511 cessat
3551 1471 3696 1512 esse.

2109 1533 2476 1613 Neque'euim
2501 1545 2667 1613 coepit
2690 1558 2721 1598 a
2754 1545 3123 1615 temporibus;
3159 1559 3334 1616 neque
3367 1547 3610 1601 cessavit
3643 1549 3694 1601 in

2110 1635 2306 1692 saecula
2353 1635 2455 1709 (l).
2507 1634 2748 1706 Regnum
2798 1637 2942 1692 enim
2996 1635 3112 1706 ejus
3145 1653 3247 1693 non
3291 1638 3455 1694 habet
3489 1639 3692 1701 linem;

2113 1729 2240 1800 quia
2275 1744 2379 1785 non
2409 1730 2704 1800 temporale
2744 1731 3027 1801 imperium
3071 1729 3189 1798 ejus
3222 1740 3324 1797 est,
3368 1732 3467 1787 sed
3504 1747 3700 1802 perpe-

413 1796 502 1874 -ad
535 1819 746 1874 Patrem
788 1837 959 1874 meum
984 1821 1026 1877 ⁷.
1052 1819 1267 1875 Gratias
1302 1820 1432 1890 agit,
1465 1828 1605 1884 orat,
1649 1819 1789 1875 viam
1815 1829 2013 1875 semet—
2043 1796 2086 1851 Β
2116 1796 2286 1876 tuum.
2334 1796 2568 1892 Tempus
2601 1823 2747 1878 enim
2791 1796 3338 1889 resurrectionisest,
3381 1833 3437 1879 et
3478 1796 3698 1895 tempus

429 1911 605 1980 ipsum
634 1921 812 1978 vocat,
850 1921 909 1966 ut
945 1927 1209 1982 agnoscas
1245 1911 1312 1966 ad
1343 1927 1504 1981 quem
1550 1911 1700 1968 vadis
1733 1930 1747 1967 :
1783 1911 2007 1982 januam

411 2006 780 2073 semetipsum
808 2004 938 2058 dicit
966 2011 1012 2067 ε,
1043 2013 1102 2057 ut
1126 2017 1390 2072 agnoscas
1429 2004 1496 2057 ad
1531 2017 1689 2073 quem
1731 2003 2003 2074 ingredie-

427 2098 510 2151 ‘ris
549 2115 562 2150 :
595 2096 782 2163 Pater,
811 2096 1008 2165 inquit,
1038 2113 1183 2150 meus
1215 2095 1449 2166 agricola
1473 2103 1572 2162 est,
1605 2106 1653 2150 et
1676 2112 1767 2166 ego
1794 2097 1910 2151 uitis
1937 2098 1961 2128 ’
1989 2114 2006 2153 :

415 2189 557 2243 ‘vitis
599 2197 653 2243 et
704 2189 941 2258 agricola
981 2204 1123 2243 unus
1179 2189 1296 2242 est?
1349 2186 1501 2243 Hanc
1546 2190 2006 2259 comparationem

431 2280 690 2336 Dominus
715 2281 872 2348 dixit,
909 2290 966 2335 ut
999 2296 1068 2336 ne
1095 2281 1216 2351 quis
1240 2296 1326 2336 me
1360 2281 1737 2351 reprehendat.
1774 2280 1886 2351 Ego
1909 2295 2007 2334 au-

421 2381 537 2427 tem
581 2374 703 2427 volo
727 2382 786 2428 ut
815 2389 900 2428 me
937 2375 1152 2443 quidem
1200 2387 1389 2429 omnes
1427 2374 1676 2430 homines
1715 2374 2010 2442 reprehen-

427 2465 560 2517 dant
591 2483 605 2517 :
639 2478 738 2531 ego
778 2473 960 2516 autem
1009 2462 1175 2516 volo:
1222 2463 1434 2518 Domini
1483 2475 1665 2518 autem
1697 2461 2008 2518 custodiant

425 2554 614 2609 verba.
650 2553 900 2606 Descendi
931 2552 995 2604 de
1034 2553 1160 2606 caelo
1201 2561 1260 2606 ut
1296 2554 1490 2622 faciam
1527 2552 1848 2606 voluntatem
1891 2554 2005 2619 ejus

426 2645 521 2714 qui
559 2660 640 2698 me
669 2644 809 2697 misit
829 2643 880 2675 τ’
908 2663 923 2696 τ
953 2641 1188 2698 obedivit
1231 2651 1408 2698 autem
1432 2658 1604 2712 usque
1653 2644 1719 2697 ad
1753 2653 2002 2699 mortem.

429 2733 540 2789 Sed
579 2735 704 2801 quid
758 2749 900 2788 nunc
938 2750 1071 2802 opus
1100 2743 1184 2789 est
1213 2733 1404 2789 Pauli?
1443 2749 1749 2803 quanquam
1779 2744 1832 2789 et
1863 2732 2006 2787 Pau-

415 2825 515 2880 ‘lus
544 2840 652 2878 non
681 2826 994 2880 tesunmnio
1024 2841 1123 2880 suo
1153 2826 1332 2894 dicat;
1378 2835 1553 2881 tamen
1587 2828 1712 2896 quia
1753 2828 1868 2898 ipse
1901 2826 2007 2880 Do-

429 2919 607 2972 minus
647 2933 750 2972 non
791 2919 1029 2983 auditur,
1071 2927 1130 2973 ut
1159 2919 1288 2987 quid
1324 2919 1389 2973 de
1428 2919 1738 2974 domesticis
1767 2920 1883 2989 ejus
1920 2927 2006 2972 est

425 3011 650 3065 sermo?
679 3011 767 3064 Vis
801 3026 930 3064 sane
960 3011 1228 3064 honorare
1255 3008 1473 3074 Filium,
1507 3021 1564 3063 ut
1598 3011 1711 3064 vult
1749 3011 1858 3076 ille,
1896 3025 2001 3065 non

429 3113 488 3155 ut
513 3111 566 3154 tu
593 3103 690 3156 vis.
712 3101 843 3154 Num
868 3102 913 3156 si
940 3101 1145 3156 dixeris
1170 3117 1271 3154 non
1303 3111 1403 3165 est,
1431 3103 1729 3167 honorasti,
1755 3104 1799 3156 si
1829 3103 1998 3157 inter-
2030 3134 2075 3193 α

416 3195 627 3247 emeris
670 3207 828 3262 quem
881 3209 986 3246 non
1055 3202 1343 3261 potuerunt
1393 3192 1596 3248 Judzei?
1638 3193 1807 3249 Judaei
1858 3197 2002 3249 enim

416 3284 564 3338 fabri
590 3283 754 3336 lilium
802 3299 926 3338 eum
967 3292 1312 3353 puta-verunt,
1342 3295 1484 3338 etut
1516 3284 1654 3339 fabri
1707 3285 1873 3340 filium
1921 3286 2006 3340 in-

419 3375 792 3441 ‘terfecerunt;
851 3386 903 3429 tu
944 3385 1015 3430 ‘ut
1063 3374 1259 3430 Filium
1313 3376 1402 3429 Dei
1455 3374 1744 3430 interﬁcis.
1795 3375 1901 3430 Sed
1945 3387 2000 3430 tu

427 3467 698 3532 morieris,
741 3483 846 3521 non
885 3466 991 3522 ille.
1030 3467 1146 3523 Non
1176 3467 1318 3523 enim
1364 3481 1429 3521 ex
1467 3467 1552 3522 bis
1585 3482 1704 3537 qua:
1758 3476 1816 3523 tu
1846 3469 2001 3532 dicis,

427 3559 518 3611 ille
550 3574 657 3611 non
699 3567 781 3612 est
817 3571 832 3610 :
863 3559 957 3612 sed
1002 3574 1068 3613 ex
1118 3559 1199 3612 his
1229 3558 1348 3626 quae
1388 3574 1492 3612 non
1535 3559 1732 3626 credis,
1782 3568 1836 3614 tu
1895 3575 2003 3615 non

427 3653 554 3704 eris.
579 3650 712 3716 Qum
756 3653 958 3721 scripta
1007 3662 1133 3706 sunt
1165 3652 1350 3717 dicito,
1383 3658 1438 3707 et
1468 3652 1879 3722 derelinquetur
1909 3652 1996 3708 lis.

426 3742 541 3796 Non
579 3751 844 3796 meum'et
880 3753 1052 3808 tuum,
1085 3744 1177 3797 sed
1219 3759 1338 3813 quae
1380 3743 1684 3798 communia
1731 3754 1857 3799 sunt
1897 3744 1999 3799 Ec-

424 3834 621 3888 Clesiae.
658 3835 789 3899 Quis
811 3835 952 3887 enim
999 3842 1050 3887 te
1076 3832 1317 3903 judicat?
1347 3833 1476 3901 quid
1517 3833 1686 3888 habes
1718 3835 1861 3903 quod
1891 3849 2000 3890 non

425 3925 717 3992 accepisti?
752 3923 866 3976 Non
899 3925 998 3977 ista
1020 3930 1102 3976 est
1132 3937 1230 3977 vox
1271 3921 1421 3977 Pauli
1445 3922 1536 3992 qui
1568 3922 1646 3977 ait
1677 3939 1691 3976 ε
1731 3921 1818 3977 Ex
1851 3934 2003 3992 parte

424 4015 779 4083 agnoscimus,
815 4023 865 4067 et
895 4030 960 4067 ea:
989 4025 1138 4082 parte
1173 4015 1542 4082 prop/tetamus
1584 4014 1668 4068 “‘i
1717 4013 1842 4069 Hinc
1869 4015 2002 4069 dixit

426 4105 643 4171 Paulus,
686 4121 753 4159 ne
797 4119 927 4160 sane
977 4105 1122 4159 solus
1163 4113 1444 4174 putaretur
1493 4119 1558 4159 ex
1599 4114 1774 4174 parte,
1823 4106 1918 4160 sed
1948 4114 2004 4159 et

425 4197 675 4266 Apostoli
710 4213 828 4250 cum
855 4198 971 4265 ipso
1001 4197 1090 4266 qui
1127 4199 1222 4261 ait,
1245 4213 1390 4251 nunc
1409 4197 1644 4253 uidemus
1687 4214 1780 4268 per
1813 4214 2004 4269 specu-

424 4290 534 4342 lum
574 4288 637 4342 η.
666 4287 769 4341 Sed
803 4287 1000 4341 Paulus
1033 4302 1126 4356 per
1159 4287 1476 4354 speculum;
1509 4297 1563 4342 tu
1590 4299 1774 4343 autem
1804 4301 1858 4344 et
1880 4290 2001 4345 istic

424 4383 533 4450 jam
553 4381 629 4435 vis
675 4380 812 4435 facie
840 4382 906 4434 ad
926 4380 1117 4435 faciem
1144 4395 1320 4435 nosse.
1350 4380 1817 4447 Quemadmodum
1870 4395 2001 4437 sane

2111 1912 2319 1967 salutis.
2349 1911 2466 1969 Non
2497 1914 2796 1968 moriamur
2821 1927 2972 1984 ergo,
3013 1929 3136 1969 cum
3170 1914 3432 1969 debemus
3475 1916 3688 1970 vivere.

2111 2001 2217 2058 Sed
2241 1991 2384 2058 nunc
2407 2004 2624 2074 quidem
2648 2005 2835 2074 paucis
2861 2005 2931 2059 ob
2954 2006 3280 2060 memoriam
3326 2015 3382 2060 et
3417 2007 3688 2062 honorem

2109 2094 2286 2151 Patris
2313 2095 2456 2151 illius
2489 2097 2682 2161 nostri,
2720 2096 2794 2151 ita
2830 2097 2983 2162 boni,
3022 2099 3096 2151 ita
3142 2097 3429 2161 laboriosi,
3485 2107 3541 2153 et
3593 2113 3694 2169 pro

2109 2180 2365 2242 Ecclesiis
2394 2185 2595 2255 ubique
2615 2185 2872 2256 vigilante
2898 2186 2980 2257 (5)
3009 2188 3152 2242 dicta
3197 2188 3305 2242 sint
3362 2188 3545 2242 nobis.
3593 2187 3695 2242 Ne-

2107 2294 2214 2350 que
2239 2279 2382 2334 enim
2410 2279 2624 2350 generis
2659 2277 2810 2348 ejus:
2835 2280 3150 2335 memoriam
3199 2280 3452 2346 fecimus,
3516 2296 3698 2352 neque

2107 2372 2463 2438 educationis,
2510 2381 2605 2426 aut
2658 2370 3007 2438 eruditionis,
3063 2382 3156 2426 aut
3205 2373 3432 2428 alterius
3486 2372 3617 2427 vita
3644 2382 3698 2426 et

2112 2464 2394 2536 propositi.
2427 2461 2705 2518 Suﬂicient
2728 2463 2873 2517 enim
2914 2462 2968 2518 in
3011 2464 3248 2519 Ecclesia
3286 2465 3378 2518 Dei
3415 2464 3485 2519 de
3529 2463 3698 2518 Patre

2109 2567 2166 2611 et
2205 2554 2343 2609 Filio
2388 2554 2531 2623 loqui
2594 2554 2692 2624 (6).
2739 2554 2911 2624 Loqui
2967 2556 3164 2626 quippe
3203 2556 3462 2624 dicibilia,
3513 2565 3698 2612 tacere

2107 2655 2285 2700 autem
2325 2658 2444 2714 quae
2466 2645 2677 2701 occulta
2725 2655 2871 2700 sunt.
2907 2645 3244 2716 Tinguamur
3284 2646 3485 2702 fratres
3520 2647 3578 2701 in
3616 2648 3700 2700 his

2104 2753 2226 2807 qnze
2259 2738 2310 2792 in
2336 2737 2631 2806 Scripturis
2681 2738 2881 2807 scripta
2922 2751 3073 2803 sum,
3115 2755 3218 2793 non
3261 2747 3318 2793 ut
3362 2753 3555 2793 vacua:
3605 2738 3698 2792 lit-

2109 2838 2238 2883 tera:
2265 2829 2649 2898 prophetarum
2682 2837 2741 2882 ut
2767 2829 2992 2884 Judzeis.
3017 2830 3095 2884 Illi
3119 2831 3266 2886 enim
3306 2831 3603 2885 adversum
3637 2846 3697 2884 se

2106 2919 2322 2990 legunt;
2358 2919 2597 2990 legentes
2635 2919 2779 2973 enim
2812 2918 3023 2974 litteras
3067 2930 3123 2974 et
3169 2935 3275 2974 non
3323 2922 3691 2989 suscipientes

2107 3013 2386 3082 negotium
2414 3026 2480 3067 ex
2519 3012 2600 3066 bis
2628 3012 2823 3082 quibus
2869 3011 3172 3084 legunt(7),
3198 3014 3525 3082 semetipsos
3561 3029 3694 3068 con-

2108 3104 2472 3173 demnantqui
2509 3113 2793 3158 excusant.
2838 3101 3026 3159 Videte
3055 3119 3121 3158 ne
3167 3105 3446 3175 patiamur
3476 3119 3541 3158 ea
3570 3121 3692 3177 qua

2109 3196 2309 3251 ludatis
2349 3195 2716 3265 increpamus.
2755 3194 2812 3249 Si
2856 3197 3001 3251 enim
3045 3196 3276 3252 dicimus
3318 3195 3543 3263 Filium,
3591 3213 3697 3250 non

2108 3286 2431 3342 confitemur
2467 3296 2646 3341 autem
2675 3286 2893 3351 Filium,
2921 3297 2974 3342 et
3000 3288 3043 3341 si
3073 3287 3418 3356 agnoscimus
3449 3286 3697 3350 Patnem,

2107 3391 2423 3445 spernamus
2463 3387 2642 3431 autem
2688 3377 2938 3443 Patrem;
2983 3377 3076 3431 illa
3120 3377 3236 3448 ipsa
3279 3393 3399 3448 quae
3434 3378 3697 3446 legimus.

2114 3469 2230 3540 ipsa
2262 3469 2416 3524 nobis
2444 3469 2502 3524 in
2551 3470 2637 3524 die
2660 3467 2848 3538 judicii
2889 3468 3136 3539 legentur
3170 3469 3238 3523 ad
3275 3469 3698 3523 condemnatio-

2120 3579 2264 3618 nem.
2297 3563 2429 3618 Dicit
2496 3561 2639 3618 enim
2677 3560 2982 3618 Dominus:
3018 3555 3452 3627 Egovnonjudico
3498 3562 3572 3624 “,
3605 3560 3700 3614 sed

2111 3669 2295 3709 sermo
2321 3669 2486 3725 quem
2549 3653 2760 3708 locutus
2807 3660 2891 3707 est
2939 3650 3058 3722 ipse
3110 3663 3234 3704 eum
3278 3648 3511 3716 judicat.
3551 3647 3701 3700 Dixit

2109 3746 2227 3812 tibi,
2259 3747 2385 3816 quia
2418 3746 2554 3800 uado
2597 3746 2667 3800 ad
2727 3745 2940 3800 Patrem
2996 3757 3173 3798 meum
3223 3739 3366 3795 Dixit
3416 3737 3539 3803 tibi,
3571 3741 3698 3810 quia

2106 3835 2305 3890 missus
2328 3851 2357 3888 a
2385 3832 2550 3887 Patre
2587 3845 2743 3896 sum;
2769 3840 2825 3885 et
2846 3841 2901 3883 tu
2923 3829 3058 3884 dicis
3077 3829 3205 3898 quia
3229 3843 3334 3882 non
3358 3836 3443 3882 est
3465 3827 3700 3882 missus?

2105 3927 2197 3980 sed
2221 3926 2336 3994 ipse
2356 3934 2438 3979 est
2464 3923 2555 3994 qui
2582 3924 2697 3978 haec
2713 3922 2870 3989 dixit,
2892 3933 2947 3977 et
2966 3930 3093 3975 tunc
3113 3918 3372 3988 judicabit
3395 3935 3411 3973 ;
3432 3919 3580 3988 leget
3605 3921 3697 3974 tibi

2104 4017 2412 4087 Evangelia,
2431 4015 2583 4070 dabis
2603 4015 2890 4080 rationem,
2911 4013 3053 4068 dicet
3069 4028 3166 4067 cur
3187 4012 3298 4066 haec
3313 4011 3518 4080 scripta
3537 4010 3700 4066 sunt!

2105 4109 2229 4164 Haec
2254 4118 2432 4163 autem
2459 4117 2584 4162 tunc
2612 4121 2715 4162 non
2744 4106 2852 4162 dixi
2879 4119 2976 4175 per
3006 4118 3214 4160 vocem.
3237 4101 3303 4156 Et
3323 4117 3432 4172 qua
3455 4101 3604 4157 facie
3626 4103 3701 4155 vi-

2108 4201 2264 4257 debis
2307 4199 2436 4253 illud
2468 4197 2687 4252 lumen?
2717 4196 2966 4252 Contenti
2993 4196 3164 4249 simus
3187 4193 3437 4258 veritate,
3464 4206 3701 4247 excuse-

2108 4308 2227 4347 mus
2253 4291 2394 4345 lites.
2434 4289 2638 4359 Siquis
2659 4299 2838 4343 autem
2874 4297 2934 4343 et
2977 4287 3125 4342 novit
3161 4284 3369 4354 aliquid
3425 4299 3555 4337 cum
3604 4297 3700 4354 pa-

2112 4383 2296 4439 tientia
2327 4391 2382 4437 et
2421 4397 2525 4438 non
2557 4383 2623 4436 ad
2658 4378 3056 4451 instigationem
3095 4392 3216 4448 qua;
3252 4375 3418 4441 laedit,
3447 4377 3548 4429 sed
3578 4390 3701 4431 cum

423 4472 830 4527 euminterimis
848 4485 1007 4539 quem
1033 4470 1202 4524 vides.
1233 4467 2010 4540 Haec(2-5)videbamusjsem-
2043 4483 2085 4538 υ
2116 4475 2420 4530 humilitate
2465 4489 2586 4544 quae
2641 4474 2884 4543 prodest,
2936 4485 3041 4524 non
3084 4482 3143 4522 ut
3192 4468 3424 4535 inimici,
3479 4471 3583 4522 sed
3648 4477 3699 4520 ut

426 4581 522 4636 per
541 4581 571 4618 a
599 4566 758 4620 beato
781 4563 872 4619 illo
893 4564 1031 4618 viro.
1064 4560 1218 4631 Saepe
1234 4561 1376 4616 enim
1398 4559 1717 4616 dicebantur
1755 4564 1822 4616 ab
1841 4580 1924 4631 eo,
1947 4577 2006 4622 nt

424 4659 641 4727 quidam
669 4657 1078 4726 suspicarentur
1117 4669 1212 4710 ore
1243 4653 1458 4725 quidem
1493 4668 1592 4710 suo
1615 4655 1713 4710 ista
1734 4659 2004 4726 proferre,

424 4753 591 4806 corde
615 4760 792 4804 autem
822 4749 980 4803 aliter
1007 4748 1226 4802 habere.
1275 4745 1344 4800 Et
1395 4746 1611 4815 quidem
1668 4763 1876 4805 memor
1913 4766 2006 4805 vo-

430 4843 516 4896 bis
545 4857 664 4896 sum
695 4841 912 4896 audisse
941 4854 1030 4894 me
1067 4840 1134 4894 ab
1161 4853 1226 4893 eo
1262 4847 1452 4894 sancto
1503 4839 1658 4895 nobis
1695 4839 2005 4908 juramento

426 4933 784 4998 satisfecisse,
812 4935 938 5003 quia
963 4947 1068 4987 non
1098 4931 1241 4986 aliud
1274 4932 1328 4985 in
1365 4932 1568 5002 lingua,
1604 4941 1658 4987 et
1693 4932 1835 4986 aliud
1863 4944 2006 4989 esset

427 5032 482 5086 in
518 5031 682 5086 corde
709 5029 858 5098 ejus;
893 5027 988 5082 sed
1023 5025 1188 5081 corde
1225 5023 1444 5093 quidem
1476 5024 1717 5078 creditur
1740 5025 1806 5078 ad
1838 5024 2003 5094 justi-

427 5119 578 5182 tiam,
599 5132 693 5171 ore
712 5126 892 5170 autem
924 5114 1213 5169 conﬁtetur
1247 5113 1313 5167 ad
1337 5113 1566 5168 salutem
1609 5130 1623 5168 :
1663 5115 1804 5169 unde
1838 5115 2002 5186 igitur

499 5235 519 5264 ⁸
541 5233 697 5290 Joan.
727 5248 800 5296 xl,
831 5233 921 5298 41,
955 5232 1046 5285 42.
1116 5232 1137 5263 ⁸
1174 5231 1330 5286 Joan.
1360 5247 1470 5297 xlv,
1494 5233 1583 5286 51.

427 5318 483 5366 x,
519 5304 573 5358 9.
683 5304 704 5335 ’
737 5303 890 5358 Joan.
933 5319 1023 5368 xv,
1067 5303 1115 5358 1.
1223 5304 1266 5334 ¹⁰
1299 5302 1455 5357 Joan.
1493 5319 1568 5370 vt,
1598 5303 1689 5359 58.

426 5388 546 5440 vm,
577 5374 666 5428 15.

497 5485 636 5554 (2-3)
673 5483 802 5539 ch
842 5486 1164 5548 videbamus,
1205 5496 1309 5541 etc.
1355 5487 1518 5542 Henr.
1553 5487 1799 5542 Valesius
1825 5487 1996 5556 legit:

425 5551 560 5607 nec
586 5551 926 5609 audiebamus
950 5573 1150 5624 semper
1183 5574 1212 5609 a
1239 5559 1386 5610 beato
1412 5559 1502 5610 illo
1533 5563 1664 5621 viro,
1694 5575 1831 5622 stupe
1859 5551 1998 5612 e'nim

424 5629 511 5696 ita,
540 5624 843 5696 dicebantur
887 5628 950 5678 ab
1003 5643 1081 5689 eo,
1123 5637 1177 5679 ut
1209 5628 1422 5696 quidam
1471 5631 1866 5696 suspicarentur
1911 5645 1998 5682 ore

424 5695 634 5763 quidem
648 5710 776 5763 eum
809 5697 910 5747 ista
942 5696 1198 5763 proferre,
1222 5695 1330 5749 etc.

499 5762 578 5827 (4)
609 5761 790 5827 Neque
812 5761 1048 5820 cessavit.
1076 5764 1238 5820 Forte
1279 5783 1440 5832 neque
1466 5767 1710 5822 cessabit.

1685 5234 1705 5265 '
1735 5230 1889 5287 Joan.
1924 5249 2039 5297 vm,
2084 5234 2174 5290 49.
2253 5231 2447 5287 ‘Joan.
2481 5247 2532 5295 v,
2571 5231 2655 5292 l7,
2702 5228 2791 5282 36.

1788 5305 1827 5334 “
1862 5305 1878 5358 Ι
1908 5304 2032 5358 Cor.
2073 5321 2192 5372 xm,
2219 5306 2271 5361 9.

2111 4568 2428 4631 Christiani,
2471 4583 2576 4620 non
2635 4575 2692 4620 ut
2744 4567 2795 4618 in
2845 4565 3018 4628 circo,
3073 4563 3166 4616 sed
3207 4570 3267 4614 ut
3315 4561 3368 4613 in
3429 4559 3699 4616 Ecclesia.

2120 4659 2308 4713 llabcs
2361 4657 2566 4727 aliquid
2611 4673 2626 4710 :
2673 4658 2826 4710 trade
2879 4671 2984 4709 non
3046 4670 3166 4708 cum
3221 4654 3334 4715 lite,
3385 4669 3495 4706 non
3548 4655 3701 4723 quasi

2113 4764 2324 4814 auctor,
2364 4751 2459 4806 sed
2501 4764 2820 4806 ammonens
2847 4762 2909 4802 ea
2941 4762 3061 4818 quae
3094 4746 3333 4800 didicisti
3383 4760 3417 4800 a
3451 4744 3696 4815 Scriptu-

2113 4845 2209 4899 ris.
2247 4843 2496 4898 Retinete
2517 4843 2654 4906 hac,
2683 4850 2739 4896 et
2770 4839 3062 4894 cessabitis
3093 4837 3258 4899 alite,
3297 4845 3352 4890 et
3390 4836 3463 4889 ab
3494 4833 3690 4890 Eccle-

2113 4937 2189 4991 sia
2229 4935 2470 5003 separari
2517 4933 2707 4988 nolite.
2760 4929 2816 4985 Si
2863 4945 2963 5000 ego
3013 4928 3202 4993 deliro,
3245 4927 3374 4994 quid
3411 4927 3483 4980 ad
3536 4927 3629 4980 te?
3659 4928 3698 4979 si

2113 5044 2213 5098 ego
2245 5027 2424 5082 aliena
2459 5025 2675 5097 loquar,
2710 5039 2795 5078 me
2819 5021 3005 5092 judica
3038 5030 3093 5075 et
3121 5020 3346 5090 perdere
3373 5017 3510 5072 noli.
3531 5017 3692 5072 Occa-

2109 5120 2316 5172 sionem
2348 5116 2515 5170 nolite
2557 5128 2802 5184 quazrere
2841 5111 2906 5166 ad
2955 5109 3268 5166 schismata.
3299 5107 3431 5161 Ovis
3453 5121 3582 5175 qua:
3609 5121 3696 5159 ex-

2895 5226 3072 5281 lJoau.
3102 5239 3211 5285 xiv,
3242 5223 3293 5284 1,
3324 5221 3417 5277 28.
3495 5221 3520 5252 ⁸
3545 5221 3676 5276 Joan

2370 5305 2412 5334 “
2453 5291 2605 5366 ibid.,
2644 5291 2728 5352 12.
2827 5296 2932 5350 "ll
2959 5297 3086 5350 Cor.
3141 5311 3258 5358 xm,
3292 5294 3347 5347 5.
3456 5291 3503 5323 ¹δ
3537 5292 3691 5348 Joan.

2182 5485 2259 5556 (5)
2307 5481 2683 5556 Vigilgntgﬂ.
2722 5480 2982 5556 Valesius
3007 5477 3138 5556 legit
3161 5475 3452 5556 vigilantis.

2167 5543 2253 5642 is;
2276 5543 2629 5642 ,ιιεῗηςυῃῑεει
2668 5553 2806 5606 enim
2843 5554 2896 5604 in
2937 5543 3176 5604 ιςτειξεια
3209 5543 3307 5601 Dei
3346 5549 3413 5601 de
3455 5543 3620 5600 Patre
3645 5555 3686 5600 ε

2111 5626 2483 5820 “iii/zamia
2526 5693 2710 5766 quibus
2739 5691 2935 5763 109"!"-
2969 5689 3156 5745 (ῖτπθο
3179 5702 3354 5755 ’ποκ’
3391 5703 3493 5759 pm
3523 5703 3585 5744 ⁸³
3613 5685 3685 5738 θ’

2111 5787 2220 5820 qua?
2269 5778 2448 5820 caunl.

2104 5787 2220 5830 aute
2248 5778 2448 5828 lcqunt.
