3810 6218
202 284 230 337 Ι
242 280 349 339 069

1301 264 1389 324 ne.
1425 258 2026 324 assentientem.
2068 300 2120 310 -
2176 260 2303 321 LIB.
2346 260 2388 321 l.

3318 261 3451 320 l070

194 397 280 443 tra
306 400 523 458 gregem
552 394 656 453 est,
687 400 817 459 pars
853 392 963 460 lupi
999 401 1102 447 est.
1137 378 1271 447 Nam
1302 393 1403 449 etsi
1437 394 1627 449 fortior
1657 394 1777 449 ovis
1806 401 1853 457 Α
1883 398 1992 450 tres
2028 415 2040 450 :
2084 409 2187 449 non
2232 386 2495 448 faciamus
2532 383 2937 453 conventicula,
2979 401 3089 442 non
3143 385 3451 457 Speluncas.

195 495 278 543 es,
307 481 528 549 expedit
580 472 678 536 tibi
730 480 868 536 in'l‘ra
927 484 1161 554 parietes
1211 486 1369 541 o’vilis
1419 502 1561 554 esse,
1610 502 1771 555 quam

195 572 369 628 foras.
402 571 581 628 Fortis
617 587 698 637 es,
742 583 895 642 porta
948 591 1122 630 meam
1167 577 1538 632 infirmitatem
1572 581 1590 631 ':
1626 578 1779 633 infir-

193 680 320 720 mus
352 680 435 731 es,
463 666 648 735 accipe
671 669 932 726 medelam
960 685 990 725 a
1013 672 1284 726 cemmuni
1317 672 1557 729 Ecclesia
1585 691 1600 728 :
1625 682 1776 744 gutta

192 774 305 816 una
368 771 664 818 torrentem
726 777 833 817 non
882 752 1035 818 facit.
1091 761 1148 817 Si
1196 762 1342 817 enim
1389 770 1444 818 et
1494 764 1774 829 ceciderit,

190 863 489 921 antequam
525 853 706 919 cadat,
736 869 763 905 a
794 846 938 908 terra
976 852 1320 908 absorbetur.
1364 852 1527 909 Gutta
1568 863 1775 920 autem,

192 954 253 1000 et
291 946 466 1018 gutta,
498 956 554 1001 et
578 954 726 1016 gutta
756 945 920 1000 etiam
966 954 1175 1000 montes
1219 948 1435 1001 evertit.
1483 946 1664 1002 Canna
1717 961 1778 1003 es

196 1029 431 1108 fragilis,
464 1036 616 1092 multi
648 1046 827 1093 autem
880 1025 1029 1091 l‘erro
1077 1044 1206 1091 sunt
1258 1035 1534 1093 fortiores.
1577 1037 1779 1094 Oculus

195 1129 350 1186 solus
377 1139 482 1183 non
508 1137 591 1183 est
611 1128 827 1194 oculus,
859 1143 1035 1199 neque
1057 1138 1431 1199 caputcaput,
1469 1143 1645 1201 neque
1683 1146 1778 1201 pes

193 1236 320 1292 pes.
359 1220 690 1292 Compositio
736 1221 879 1276 enim
929 1221 1296 1276 membrorum
1357 1230 1524 1275 letum
1577 1226 1777 1277 bonum

193 1306 352 1363 facit.
398 1306 530 1363 Nam
561 1307 664 1363 etsi
708 1314 859 1364 esses
894 1306 1104 1375 oculus,
1153 1308 1391 1374 ablatus,
1416 1325 1541 1366 eras
1578 1323 1775 1368 eteeus.

191 1402 241 1456 Δ
266 1414 489 1470 corpore
518 1400 662 1454 enim
693 1399 939 1455 sublatus
962 1398 1177 1466 oculus,
1210 1412 1387 1456 czecns
1430 1409 1516 1458 est
1559 1402 1777 1468 oculus,

192 1492 374 1561 magis
404 1498 584 1547 autem
626 1499 890 1546 mortuus.
918 1491 974 1546 ln
1005 1491 1246 1547 Ecclesia
1282 1490 1479 1548 fratres
1529 1497 1632 1549 sub
1666 1496 1779 1551 alas

192 1581 390 1638 matris
413 1581 804 1638 conveniamus
833 1592 850 1642 ζ
879 1582 933 1636 in
956 1580 1198 1639 Ecclesia
1244 1584 1297 1637 in
1325 1596 1430 1654 qua
1458 1590 1777 1643 ornamenta

194 1690 413 1745 sponsae
439 1682 585 1742 sunt,
612 1682 668 1729 et
696 1674 939 1729 membra
961 1673 1185 1741 Christi,
1216 1690 1324 1731 non
1353 1677 1421 1733 ad
1463 1677 1777 1744 schismata,

1880 486 2044 543 Forte
2086 488 2228 542 enim
2284 484 2515 557 apostoli
2574 484 2690 539 hac
2738 480 3052 535 fundarunt.
3086 478 3203 535 Non
3248 479 3453 551 lapides

1879 578 2021 644 dico,
2062 579 2156 634 sed
2193 579 2405 649 negotia
2445 589 2650 631 rerum.
2686 575 2816 630 Exis
2855 575 2924 629 ab
2954 573 3221 639 Ecclesia,
3267 583 3325 630 et
3366 587 3453 631 ro-

1876 671 2078 742 linquis
2117 681 2345 727 matrem
2391 679 2535 726 tuam
2566 676 2788 740 pr0pter
2838 681 2944 721 me.
2973 665 3111 732 Quid
3145 681 3264 721 sum
3308 666 3454 722 enim

1878 778 2001 835 ego,
2036 769 2130 819 aut
2167 764 2393 827 Paulus,
2419 770 2515 816 aut
2547 760 2736 830 Apollo
2759 758 2881 829 quis
2916 758 3036 812 est?
3084 758 3158 812 De
3183 772 3268 813 me
3307 767 3363 812 et
3401 766 3454 815 te

1879 857 1984 911 erit
2015 871 2215 912 sermo.
2248 854 2386 909 Num
2422 864 2522 925 ego
2564 852 2859 908 crucifixus
2906 850 3063 906 sum?
3091 850 3333 905 Necdum
3385 863 3455 905 ne

1879 946 2096 1017 quidem
2120 948 2328 1018 alapam
2354 946 2562 1016 accepi.
2596 944 2638 998 E
2659 943 2937 998 contrario
2971 953 3170 1008 autem,
3204 952 3259 997 et
3284 942 3455 997 hono-

1879 1046 2032 1094 ratus
2082 1050 2200 1094 sum
2254 1045 2473 1108 propter
2520 1035 2728 1091 Jesum.
2782 1037 2848 1092 Et
2890 1035 2981 1090 ille
3018 1034 3234 1105 quidem
3285 1034 3454 1089 multa

1882 1145 2074 1200 passus
2096 1139 2179 1185 est
2209 1138 2428 1199 pr0pter
2449 1142 2536 1183 me
2568 1146 2585 1182 ς
2624 1143 2724 1197 ego
2762 1138 2941 1184 autem
2994 1128 3293 1182 honoratus
3318 1142 3448 1181 sum

1881 1231 2102 1294 propter
2140 1223 2337 1291 ipsum.
2382 1220 2451 1276 Et
2478 1236 2577 1276 nos
2611 1220 2829 1290 quidem
2880 1220 3142 1276 feriamur
3191 1219 3456 1277 adversus

1881 1328 2124 1378 crucem,
2170 1322 2225 1370 et
2268 1314 2561 1369 adversum
2599 1327 2723 1367 eum
2758 1311 2849 1382 qui
2896 1321 3112 1381 propter
3153 1326 3251 1367 nos
3295 1311 3368 1366 fel
3403 1318 3455 1367 et
3508 1346 3511 1351 ι

1882 1415 2093 1462 acetum
2134 1405 2289 1469 bibit,
2322 1413 2377 1460 et
2400 1403 2730 1475 imponimus
2773 1404 2825 1458 ei
2859 1403 3044 1474 spinas
3084 1405 3255 1475 magis
3286 1417 3455 1474 quam

1882 1497 2070 1565 Judaei,
2094 1507 2149 1553 et
2179 1497 2463 1552 eil‘odimus
2495 1508 2690 1552 manus
2731 1495 2848 1566 ejus
2892 1504 2948 1551 et
2987 1495 3174 1565 pedes,
3219 1504 3275 1552 et
3294 1496 3457 1551 dinu-t

1882 1603 2156 1643 meramus
2176 1586 2292 1656 ejus
2318 1602 2440 1641 ossa
2476 1604 2491 1639 :
2523 1584 2657 1651 Qua:
2694 1586 2859 1653 enim,
2894 1586 3092 1655 inquit,
3124 1586 3324 1655 fecistis
3360 1584 3457 1641 uni

1883 1696 1949 1734 ea:
1978 1678 2210 1733 minimis
2239 1678 2364 1733 istis
2397 1678 2488 1749 qui
2516 1683 2733 1732 credunt
2775 1678 2831 1731 in
2857 1693 2961 1743 me,
2991 1677 3118 1731 mihi
3166 1677 3361 1745 fecistis
3387 1676 3459 1744 η,

197 1782 310 1821 ιιοιι
335 1767 401 1821 ad
424 1767 680 1822 haereses.
710 1764 1013 1836 Aliquoties
1032 1767 1177 1822 enim
1210 1767 1333 1824 dico
1363 1787 1376 1823 :
1410 1764 1633 1825 offendit
1661 1786 1778 1824 mea
1817 1779 1860 1839 Β
1887 1780 1980 1824 aut
2015 1769 2219 1824 bonum
2253 1779 2346 1824 aut
2380 1768 2608 1824 malum.
2646 1768 2771 1823 Haec
2801 1767 2999 1824 fratres
3037 1778 3091 1825 et
3138 1768 3192 1823 in
3237 1770 3323 1827 his
3350 1769 3459 1826 fra-

196 1859 379 1928 lingua
409 1876 423 1913 :
459 1867 637 1927 potest
666 1858 780 1911 fieri
809 1866 868 1912 ut
910 1872 1063 1913 mens
1109 1872 1226 1914 mea
1279 1858 1539 1915 oﬂ‘endat.
1589 1860 1695 1916 Sed
1725 1872 1778 1917 tu

192 1951 313 2005 noli
341 1969 354 2005 :
382 1950 700 2005 obliviscere
742 1945 819 2021 (8)
860 1961 982 2005 eum
1021 1951 1113 2021 Qui
1160 1951 1296 2006 dixit
1337 1968 1353 2005 :
1395 1948 1577 2007 Pretio
1622 1954 1781 2024 empti

193 2043 350 2108 estis,
379 2041 542 2097 nolite
569 2041 686 2110 ﬁeri
714 2041 850 2096 servi
889 2042 1158 2097 hominum
1180 2040 1246 2097 i'.
1277 2043 1385 2099 [sta
1417 2046 1559 2100 enim
1588 2047 1783 2102 domus

193 2150 312 2191 non
335 2150 452 2192 mea
475 2144 558 2190 est
579 2143 673 2189 aut
700 2144 813 2193 tua.
858 2134 970 2191 Cur
1020 2137 1123 2191 mei
1177 2151 1340 2192 causa
1372 2138 1584 2191 recedis
1616 2153 1644 2191 a
1680 2138 1784 2192 Do-

193 2226 405 2283 minica
453 2227 653 2283 domo?
699 2225 766 2282 Et
816 2228 990 2297 primo
1032 2228 1246 2298 quidem
1294 2229 1422 2299 quid
1473 2230 1784 2300 accepimus

192 2319 361 2376 nobis
388 2319 513 2390 quia
547 2320 902 2391 sapientiores
930 2320 1185 2375 omnibus
1219 2320 1445 2376 sumus?
1472 2319 1676 2376 Deinde
1723 2329 1785 2375 ut

193 2412 332 2481 quid
357 2412 500 2482 quod
530 2411 583 2466 in
607 2425 770 2481 prece
795 2410 872 2484 (9)
902 2410 1147 2466 diabolus
1182 2412 1365 2476 habet,
1397 2412 1662 2466 donamus
1697 2411 1785 2467 ei?

194 2500 262 2557 Si
301 2516 398 2572 ego
422 2503 668 2558 infirmus
697 2518 837 2567 sum,
879 2511 933 2556 tu
954 2502 1043 2570 qui
1081 2516 1140 2558 es
1163 2500 1336 2567 fortis,
1366 2517 1470 2558 non
1500 2503 1795 2568 recedens,-

195 2596 465 2651 conlirma
512 2593 835 2651 Ecclesiam.
884 2594 942 2650 Si
986 2609 1088 2663 ego
1132 2594 1308 2649 aliena
1342 2593 1554 2664 loquor,
1592 2608 1691 2649 cur
1726 2604 1781 2649 tu

198 2685 298 2757 qui
322 2686 461 2741 bene
495 2684 740 2755 loqueris
784 2684 1057 2741 abstrahis
1084 2697 1137 2740 te
1158 2694 1217 2738 ut
1240 2684 1528 2739 videantur
1557 2701 1676 2739 mea
1703 2686 1786 2740 in-

200 2776 452 2831 firmari?
474 2776 540 2831 Et
567 2790 635 2831 ne
662 2776 785 2847 quis
804 2791 891 2832 me
919 2771 1392 2846 putet’incitatum
1422 2776 1490 2830 ad
1520 2776 1784 2845 quosdam

201 2869 540 2924 dicere:sed
582 2869 650 2924 ab
672 2868 931 2924 exercitio
966 2867 1079 2940 (10)
1120 2882 1240 2923 sum
1293 2866 1582 2922 multorum
1617 2883 1631 2920 :
1673 2867 1787 2922 scio

207 2970 420 3033 quanta
451 2963 591 3018 dicta
629 2971 756 3018 sunt
805 2969 863 3017 et
902 2962 1173 3017 dicuntur.
1221 2959 1605 3028 Unusquisque
1641 2959 1786 3015 enim

204 3070 463 3127 quaerens
487 3055 628 3110 unde
662 3062 919 3126 pascatur
954 3053 1167 3108 furatur
1189 3053 1325 3123 (li).
1357 3051 1596 3106 Minores
1632 3068 1645 3104 :
1676 3049 1787 3105 fra-

1883 1870 2037 1916 tres:
2073 1876 2180 1916 non
2231 1870 2446 1931 semper
2503 1861 2743 1926 nomina,
2792 1862 2888 1917 sed
2933 1877 3041 1917 res.
3114 1863 3459 1922 Christianus

1882 1953 2023 2007 enim
2053 1968 2234 2019 verus,
2289 1952 2458 2008 frater
2500 1952 2592 2008 sit.
2640 1950 2814 2007 Verus
2867 1953 3209 2009 Christianus
3248 1972 3261 2010 :
3295 1970 3459 2011 verus

1882 2054 1967 2101 est
2016 2046 2160 2101 enim
2222 2046 2491 2102 Christus.
2538 2045 2781 2113 Fratres,
2835 2045 3051 2112 fratres,
3112 2048 3277 2104 nolite
3338 2064 3461 2105 esse

1882 2138 2102 2207 pirata,
2166 2138 2334 2193 nolite
2399 2138 2714 2193 bellatores.
2782 2135 2959 2194 Nolite
3025 2154 3267 2209 quaerere
3330 2156 3456 2197 cum

1884 2245 1990 2298 quo
2062 2230 2312 2300 litigetis,
2381 2231 2474 2285 sed
2527 2247 2685 2301 quem
2765 2230 3006 2287 saivetis.
3082 2230 3199 2301 ipse
3275 2243 3455 2288 autem

1871 2318 2027 2377 -Deus
2085 2323 2251 2392 pacis,
2302 2322 2392 2392 qui
2439 2339 2544 2377 non
2603 2324 2843 2394 pepercit
2903 2324 3181 2392 unigenito
3212 2339 3309 2380 suo
3362 2323 3456 2379 Fi-

1885 2411 1978 2477 lio,
2013 2422 2068 2467 et
2098 2412 2246 2467 misit
2308 2428 2432 2467 eum
2478 2417 2541 2467 ad
2580 2414 2807 2469 salutem
2858 2424 3121 2481 nostram,
3176 2415 3294 2484 ipse
3331 2430 3454 2470 om-

1885 2504 2031 2558 nium
2076 2515 2318 2559 vestrum
2348 2505 2560 2561 animas
2602 2507 2669 2560 ad
2703 2518 2865 2560 uuam
2913 2506 3353 2572 consensionem,
3386 2507 3457 2562 ad

1886 2611 2047 2649 uuam
2071 2596 2442 2661 concordiam,
2482 2597 2547 2650 ad
2593 2610 2756 2651 unam
2807 2612 2994 2665 pacem
3036 2609 3093 2653 et
3140 2598 3459 2654 charitatem

1886 2686 2084 2741 adunet
2109 2699 2206 2755 per
2230 2688 2563 2757 unigenitum
2596 2704 2752 2743 suum
2781 2685 2974 2744 Filium
3002 2707 3016 2743 :
3048 2705 3145 2760 per
3182 2705 3342 2761 quem
3374 2699 3463 2747 est

1886 2794 1992 2833 nou
2029 2789 2157 2834 nato
2184 2780 2331 2835 Patri
2372 2781 2564 2851 gloria,
2608 2782 2802 2851 honor,
2858 2782 3167 2852 imperium,
3201 2783 3460 2853 maiestas

1887 2871 1941 2927 in
1971 2871 2171 2941 Spiritu
2216 2883 2427 2937 sancto,
2457 2882 2511 2928 et
2544 2888 2683 2929 nunc
2714 2882 2769 2928 et
2804 2888 3038 2945 semper,
3069 2883 3119 2930 et
3150 2888 3245 2945 per
3278 2875 3460 2931 omnia

1889 2958 2085 3014 saecula
2115 2959 2460 3013 smeulorum.
2490 2959 2681 3014 Amen.

211 3203 2070 3249 Μ

910 3201 3449 3244 W

973 3423 1731 3583 EUSEBII
1789 3418 2710 3580 PAMPHILI

791 3721 1019 3834 DE
1146 3712 2883 3834 RESURRECTIONE.

1368 4087 1725 4176 LIBER
1798 4087 2293 4178 PRIMUS.

1789 4287 1861 4300 _

279 4445 491 4502 Dictum
512 4454 594 4501 est
616 4445 829 4516 quidem
853 4460 882 4500 a
914 4444 1067 4501 nobis
1094 4453 1148 4501 et
1174 4455 1296 4501 ante
1320 4444 1386 4501 de
1424 4444 1781 4501 resurrectio-
1806 4454 1849 4510 c
1884 4456 2063 4502 autem
2124 4453 2178 4500 et
2212 4459 2332 4514 qua:
2366 4440 2500 4497 lecta
2534 4448 2695 4506 sunt;
2744 4437 2884 4492 forte
2932 4433 3096 4492 etiam
3143 4443 3285 4502 saepe
3308 4429 3468 4486 nobis

203 4553 312 4605 ne;
349 4538 576 4593 audistis
612 4548 666 4592 et
705 4552 801 4593 vos
848 4554 861 4591 :
902 4538 994 4593 sed
1031 4539 1212 4593 omnia
1273 4547 1516 4605 tempora
1564 4537 1787 4604 exigunt

202 4647 362 4688 suum
410 4631 667 4694 fructum,
706 4629 968 4698 siquidem
1018 4639 1073 4684 et
1127 4629 1179 4683 in
1220 4640 1461 4699 tempore
1513 4644 1784 4693 rosarum,

202 4738 345 4778 rosae
367 4721 673 4777 florescunt.
715 4721 1026 4792 Agnoscunt
1061 4729 1240 4775 autem
1278 4730 1335 4775 et
1365 4723 1659 4776 secundum
1690 4715 1784 4776 Je-

206 4817 436 4871 remiam
470 4813 546 4879 ⁸⁷,
592 4825 647 4870 et
673 4815 992 4869 hirundines
1048 4822 1256 4883 tempus
1302 4822 1358 4869 et
1406 4813 1493 4866 alii
1534 4826 1783 4883 passeres

202 4908 359 4978 agri;
391 4923 617 4976 quorum
647 4907 905 4977 propheta
931 4905 1131 4961 faciens
1157 4906 1505 4971 mentionem,
1538 4906 1787 4974 increpa-

203 5000 297 5055 bat
342 4998 505 5054 Israel
539 4998 629 5069 qui
655 5005 895 5067 tempora
936 4996 1239 5067 ignorabat.
1284 4996 1351 5052 Et
1383 5005 1593 5065 tempus
1634 4995 1783 5050 omni

204 5092 288 5147 rei
315 5106 434 5148 esse
455 5089 890 5159 sapientissimus
924 5088 1057 5143 dixit
1084 5087 1338 5143 Salomon
1361 5089 1426 5144 ¹⁸.
1459 5087 1594 5154 Quia
1620 5086 1785 5156 igitur

203 5191 421 5251 tempus
457 5179 700 5252 exposcit
731 5179 799 5234 de
831 5177 1226 5233 resurrectione
1256 5176 1500 5241 tractari,
1527 5181 1786 5245 expetunt

1888 4538 2213 4604 dicentibus,
2242 4536 2466 4590 necdum
2498 4533 2715 4603 quidam
2756 4532 2821 4585 de
2850 4524 3249 4583 resurrectione
3276 4533 3466 4577 susce-

1888 4637 2086 4700 perunt
2131 4640 2435 4683 sermonem
2479 4643 2493 4678 :
2534 4622 2670 4677 nihil
2717 4618 2970 4691 prohibet
3004 4626 3249 4685 repetere
3280 4626 3381 4667 nos
3411 4620 3470 4668 et

1884 4723 2084 4785 denuo,
2119 4728 2173 4774 et
2205 4721 2270 4774 de
2294 4719 2377 4773 his
2408 4713 2541 4786 ipsis
2569 4722 2805 4768 tractare
2829 4711 2894 4764 ".
2925 4709 3121 4764 Eadem
3153 4705 3297 4759 enim
3332 4702 3469 4758 scri-

1888 4814 2020 4869 bere
2063 4824 2161 4867 nec
2195 4806 2419 4863 Paulum
2457 4806 2628 4878 piguit
2672 4819 2686 4857 :
2730 4804 2785 4860 hi
2812 4803 2955 4858 enim
3002 4799 3095 4871 qui
3120 4796 3346 4853 credunt
3380 4809 3471 4850 re-

1892 4906 2246 4962 surrectionis
2276 4915 2575 4965 sermones,
2618 4905 2779 4954 erunt
2824 4894 3094 4950 tutiores:
3128 4889 3264 4947 forte
3286 4896 3469 4942 autem

1892 4998 1984 5067 qui
2008 4998 2235 5052 necdum
2266 4993 2409 5049 suasi
2440 4990 2587 5057 sunt,
2615 4987 3007 5044 suadebuntur.
3052 4979 3208 5035 Nunc
3230 4977 3471 5034 creditur

1891 5088 2035 5141 enim
2068 5085 2308 5141 sermoni
2337 5082 2427 5153 qui
2463 5081 2530 5135 de
2561 5076 2952 5135 resurrectione
2979 5073 3244 5134 habetur;
3268 5076 3323 5122 et
3355 5082 3472 5119 ma-

1893 5189 1997 5244 gna
2042 5181 2128 5230 est
2174 5170 2465 5228 multitudo
2497 5182 2603 5223 non
2641 5164 2995 5221 credentium.
3036 5156 3277 5215 Gentiles
3325 5155 3470 5211 enim

280 5319 327 5354 ¹⁸
347 5318 371 5374 1
390 5320 515 5376 Cor.
545 5318 755 5386 ",201:
789 5328 843 5375 et
881 5335 974 5387 vn,
1000 5318 1092 5374 25.
1166 5316 1213 5349 “
1240 5315 1429 5374 Matth.
1460 5330 1591 5383 xxv,
1615 5312 1707 5370 40.

1886 5308 1979 5366 ler.
2001 5322 2123 5371 vin,
2153 5305 2208 5360 7.
2285 5302 2330 5335 "
2366 5300 2545 5358 Eccle.
2580 5314 2663 5367 ιιι,
2690 5299 2778 5352 17.
2857 5298 2901 5330 ⁸⁸
2938 5292 3172 5365 Philipp.
3199 5304 3284 5359 ιιι,
3309 5289 3363 5345 Ι.

246 5438 360 5523 ,(8)
389 5436 517 5492 Noli
558 5454 577 5491 :
625 5438 947 5492 obliviscere.
1004 5434 1170 5491 Forte
1227 5434 1318 5489 sed
1372 5443 1429 5488 tu
1488 5431 1597 5486 noli
1651 5429 1767 5485 obii

198 5541 212 5579 ὁ
240 5526 362 5651 “(€53
396 5578 462 5635 In
502 5594 654 5648 prece
691 5577 780 5651 Ἐν
804 5578 961 5650 εὐχῇ,
996 5577 1050 5632 in
1082 5574 1314 5651 voto,_in
1343 5572 1561 5651 optatis.

285 5645 397 5721 (ili)
428 5645 510 5702 Ab‘
543 5649 812 5721 exercitio.
858 5645 1042 5714 idest,
1070 5662 1136 5704 ex
1186 5645 1488 5701 ministerio
1519 5656 1639 5699 meo
1668 5654 1789 5696 mea

208 5719 388 5779 oratio
417 5722 480 5774 ad
511 5719 706 5775 multos
727 5722 976 5779 pertinet.

1966 5420 2156 5496 (ii)?
2159 5426 2367 5496 uratur.
2397 5416 2649 5496 Minores».
2679 5414 2841 5496 Forte
2870 5412 3105 5496 furatur,
3119 5405 3469 5496 materfuit!

1894 5475 2252 5559 est‘,_a'dducit
2280 5504 2379 5557 per
2419 5488 2661 5560 fraudem
2712 5499 2741 5537 e
2766 5475 2890 5560 _Slnli_
2932 5479 3184 5536 Ecclesia
3211 5475 3472 5560 parvulos

1898 5547 2114 5627 ἷιῖῑιιιέ,
2132 5547 2348 5632 sibique
2379 5555 2814 5632 adjungitLunde
2842 5552 3020 5607 alatur
3054 5569 3068 5606 :
3105 5548 3292 5632 quales
3331 5548 3367 5603 ii
3403 5547 3475 5603 de

1900 5623 2288 5708 quibus-ludas
2313 5623 2486 5707 apoat.
2512 5627 2596 5691 l2,
2622 5623 2933 5694 Semetipsos
2962 5629 3247 5692 pansum.
