3810 6218
463 339 605 396 1055

1137 321 1417 398 Elisson
1459 335 1937 396 cmsamaasns
1975 332 2128 389 opp.
2169 328 2354 386 rans
2392 328 2482 384 tv.
2522 357 2596 369 .-
2633 326 2641 381 J

1578 335 1937 395 SARIENSIS
1975 332 2128 389 OPP.
2169 328 2354 386 PARS
2392 328 2482 384 IV.
2522 357 2596 369 --
2633 323 3079 397 DOGMATICA.‘

3606 324 3724 381 1056

457 463 560 514 νη·
591 460 732 514 Cede
758 502 772 527 ν
803 469 857 516 ει
888 460 1150 517 εοηίίιθτθ
1207 461 1582 517 inﬁrmitatem
1634 471 1804 516 luam-
1835 460 2040 516 Obllm‘
2069 463 2114 519 Α
2143 483 2228 530 est
2263 473 2434 528 bene!
2470 467 2585 526 Non
2631 471 2774 526 enim
2832 471 2947 524 haec
2999 479 3083 523 est
3129 483 3377 523 mensura
3412 469 3723 524 distantia:

457 551 578 608 bret
603 563 652 606 te
675 551 943 608 Christus.
972 554 1027 608 Si
1056 557 1199 610 enim
1228 565 1280 609 tu
1332 556 1606 625 quomodo
1638 564 1794 609 natus
1828 569 1886 607 es
1943 568 2037 607 ne-

457 643 600 708 scis,
628 648 1086 716 quemadmodum
1113 692 1127 718 ,
1161 649 1255 720 qui
1303 651 1371 706 de
1395 660 1446 705 te
1493 650 1713 719 ignoras
1733 690 1748 715 ,
1779 649 1844 702 de
1876 647 2039 703 Patre

457 745 513 790 et
545 733 683 792 Filio
705 747 795 792 aut
823 741 1054 808 quaeris,
1093 750 1184 795 aut
1209 755 1370 798 nosse
1407 750 1459 796 te
1495 741 1694 810 putas?
1727 741 1866 808 Quid
1910 756 2038 811 ergo

458 841 566 882 non
590 828 848 884 debemus
879 832 1124 886 conliteri
1172 833 1336 887 Deum
1369 840 1424 887 et
1477 833 1715 887 Filium?
1768 831 2038 888 Conﬁtere

456 932 520 974 ea
557 933 676 989 qua:
702 921 767 976 de
792 921 956 978 Patre
987 933 1040 978 et
1072 923 1209 980 Filio
1237 926 1440 994 scripta
1482 934 1650 980 sunt:
1688 933 1743 980 et
1786 925 1894 980 noli
1943 941 2039 980 cu-

457 1011 634 1067 riosus
663 1027 723 1068 ea
755 1030 874 1084 qua:
900 1030 1004 1069 non
1041 1026 1168 1070 sunt
1216 1019 1414 1087 scripta
1447 1019 1745 1087 requirere.
1784 1018 1993 1072 Dicitur
2019 1057 2035 1081 ,

456 1104 524 1160 In
547 1106 803 1174 princioio
829 1119 977 1173 erat,
1009 1119 1062 1162 et
1098 1110 1220 1178 quis
1250 1111 1469 1164 audebit
1501 1110 1930 1178 reprehendere?
1978 1109 2037 1165 Si

457 1205 638 1251 autem
666 1209 721 1253 et
746 1200 1153 1269 reprehenderit
1187 1211 1235 1257 te
1261 1244 1276 1269 ,
1317 1213 1487 1257 semet
1543 1205 1719 1272 ipsum
1754 1205 1919 1258 laulit.
1968 1201 2036 1257 In

454 1286 715 1357 principio
739 1298 853 1343 erat
894 1284 1118 1343 Verbum
1137 1333 1153 1360 ,
1181 1302 1228 1345 et
1277 1290 1500 1346 Verbum
1528 1305 1640 1347 erat
1667 1294 1807 1363 apud
1845 1293 2032 1360 Deum,

345 1411 356 1430 ρ
451 1389 502 1432 et
537 1379 674 1433 Deus
717 1392 830 1435 erat
899 1379 1144 1436 Verbum.
1191 1383 1298 1437 llic
1334 1395 1445 1438 erat
1487 1386 1541 1439 in
1591 1388 1850 1456 principio
1894 1387 2034 1455 apud

452 1469 643 1524 Deum.
672 1471 735 1524 Et
760 1473 952 1541 saepius
982 1475 1080 1527 ista
1119 1475 1390 1538 dicantur,
1419 1487 1472 1530 et
1502 1477 1634 1531 nihil
1653 1488 2035 1546 conqumratur

452 1560 600 1613 novi.
631 1559 847 1615 Utinam
877 1571 1055 1616 autem
1092 1561 1266 1616 solum
1296 1565 1628 1632 legeremus!
1663 1567 1869 1620 utinam
1901 1566 2034 1621 solis

453 1649 752 1720 Scripturis
783 1654 1019 1707 contenti
1052 1657 1332 1709 essemus!
1360 1665 1418 1710 et
1446 1657 1514 1712 lis
1559 1657 1704 1711 nulla
1739 1658 1923 1712 ﬁebat.
1973 1656 2031 1712 Si

452 1741 599 1793 enim
627 1743 751 1810 quis
798 1743 1006 1812 litigat,
1034 1745 1120 1799 vel
1166 1748 1530 1812 contradicit,
1571 1748 1816 1818 jurgatus
1866 1748 2032 1804 fuerit

452 1830 538 1885 his
565 1847 684 1900 quae
707 1810 904 1902 scripta
935 1810 1062 1890 sunt
1088 1856 1102 1892 :
1135 1853 1239 1893 non
1271 1839 1338 1894 ad
1387 1810 1865 1911 hominemvlitigat
1889 1883 1903 1907 ,
1934 1843 2030 1896 sed
2060 1810 2103 1865 B

451 1922 521 1977 ad
574 1923 881 1994 Deum,qui
935 1929 1179 1998 scripsit.
1222 1929 1371 1985 Unde
1398 1942 1578 1985 autem
1637 1933 1866 1986 eﬁicitur
1917 1932 2032 1986 lis?

449 2031 573 2069 eum
602 2031 665 2070 ea
699 2033 816 2086 quae
843 2034 909 2073 ex
939 2023 1106 2077 corde
1143 2032 1267 2076 sunt
1306 2023 1651 2088 proferimus.
1697 2027 1831 2080 Puto
1884 2027 2026 2080 enim

447 2109 570 2175 quia
607 2109 783 2164 nullus
808 2121 888 2166 est
914 2114 1300 2183 aususjurgari
1330 2120 1396 2170 ad
1429 2117 1620 2173 Deum.
1645 2118 1718 2171 Ea
1742 2133 1862 2188 qua:
1888 2119 2028 2173 scri-

449 2210 538 2268 pta
569 2211 693 2253 sunt
727 2201 871 2271 lege,
896 2212 950 2257 et
978 2204 1155 2259 nullus
1180 2205 1508 2276 jurgabilur.
1539 2207 1702 2261 Pater
1755 2210 1938 2263 statim
1971 2219 2029 2262 ut

380 2347 389 2356 _
445 2286 625 2342 dictus
656 2288 756 2342 fuit
790 2289 982 2356 Pater,
1015 2294 1242 2363 requirit
1289 2296 1390 2351 ista
1426 2313 1523 2352 vox
1552 2297 1769 2351 Filium.
1822 2299 2029 2353 Dicitur

444 2373 652 2442 Filius,
710 2388 764 2432 et
821 2382 872 2435 in
928 2398 992 2438 eo
1046 2385 1165 2456 ipso
1217 2388 1342 2442 dum
1395 2388 1636 2454 dicitur,
1673 2389 1832 2444 Pater
1890 2406 2026 2445 con-

441 2467 645 2523 ﬁtetur.
701 2471 816 2526 Non
863 2475 1008 2528 enim
1042 2493 1209 2532 vacua
1241 2495 1342 2535 vox
1374 2491 1456 2536 est
1495 2481 1694 2548 Pater,
1730 2484 1823 2537 sed
1866 2483 2026 2537 exhi-

439 2559 574 2615 bens
621 2573 866 2620 naturam
918 2567 1064 2623 Filii.
1106 2570 1222 2626 Non
1264 2588 1433 2628 vacua
1475 2584 1557 2628 est
1593 2590 1694 2630 vox
1737 2591 1856 2644 quae
1897 2575 2027 2631 dicit

441 2651 672 2719 Filium,
737 2659 830 2711 sed
897 2664 1210 2728 praecedens
1261 2667 1552 2718 conlitetur
1605 2664 1862 2732 Patrem,
1917 2682 2022 2720 non

449 2746 786 2813 temporibus
811 2787 827 2814 ,
865 2764 969 2803 non
1015 2752 1243 2821 spatiis,
1289 2757 1384 2808 sed
1428 2755 1688 2822 dignitate
1712 2765 1766 2808 ct
1797 2755 2023 2810 honore.

441 2832 605 2890 Pater
661 2838 835 2909 diligit
876 2840 1102 2910 Filium,
1149 2846 1322 2915 diligit
1362 2855 1416 2902 et
1463 2847 1720 2917 diligitur.
1767 2847 1920 2904 Unde
1960 2849 2026 2905 lis

441 2925 545 2981 ista
608 2938 725 2996 est,
773 2948 879 2987 non
929 2934 1164 2993 invenio.
1224 2936 1336 2992 Illic
1387 2954 1527 3008 pax,
1584 2950 1640 2995 et
1695 2942 1853 2996 isthic
1905 2941 2024 3010 jur-

441 3019 551 3087 gia.
600 3020 716 3076 Illic
775 3023 1026 3092 dilectio,
1083 3037 1140 3083 et
1179 3029 1267 3085 hic
1314 3033 1609 3087 contentio.
1646 3031 1702 3088 Si
1754 3033 2024 3104 diligimus

2141 567 2269 636 quia
2296 579 2470 634 neque
2508 577 2928 632 comparamur,
2973 573 3148 630 neque
3197 575 3478 630 arquamur
3510 575 3529 614 :
3566 577 3726 630 neque

2145 659 2200 714 in
2233 674 2340 728 quo
2366 658 2546 711 minus
2581 671 2791 710 sumus.
2827 652 2943 708 Non
2982 669 3080 708 nos
3105 653 3314 720 solum,
3350 656 3445 708 sed
3482 669 3598 709 nec
3642 670 3726 707 au-

2140 753 2286 824 geli,
2316 759 2409 805 aut
2436 749 2785 818 archangeli,
2835 755 2928 801 aut
2964 746 3227 810 virtutes,
3270 756 3363 800 aut
3393 746 3726 800 dominatio-

2140 860 2258 910 nes,
2276 857 2448 914 neque
2470 842 2613 896 aliud
2640 840 2864 910 aliquid,
2894 840 2987 894 sed
3011 840 3193 893 omnia
3210 839 3608 906 relinquuntur
3627 837 3727 907 (80)

2142 938 2210 992 ab
2244 936 2520 1006 unigenilo
2541 954 2554 990 :
2577 937 2692 1004 ipse
2711 941 2886 989 autem
2913 931 3010 986 soli
3031 933 3120 986 uni
3147 941 3270 986 nato
3292 947 3396 987 non
3423 932 3574 986 cedit
3601 930 3726 1003 (8i).

2138 1028 2253 1083 Non
2285 1044 2474 1084 sumus
2501 1025 2667 1082 Judaei
2688 1066 2704 1091 ,
2733 1025 3059 1080 conﬁtemur
3081 1025 3224 1080 enim
3242 1024 3464 1078 Filium.
3486 1023 3616 1078 Non
3649 1041 3731 1078 su-

2138 1137 2258 1177 mus
2286 1120 2514 1192 gentiles
2534 1162 2550 1184 ,
2589 1120 2714 1190 quia
2751 1135 2855 1173 non
2896 1118 3126 1174 dicimus
3150 1117 3346 1171 multos
3372 1116 3602 1170 Patres.
3623 1113 3727 1168 No.

2138 1229 2325 1269 sumus
2360 1214 2638 1278 hteretici,
2671 1212 2874 1268 scimus
2911 1212 3054 1268 enim
3097 1210 3382 1281 Spiritum.
3439 1212 3556 1267 Sed
3608 1211 3731 1280 quid

2138 1307 2366 1361 sumus?
2417 1307 2627 1376 Sponsa
2664 1305 2897 1360 viventis
2930 1305 3113 1374 sponsi
3164 1319 3260 1373 per
3310 1303 3601 1360 Christum
3642 1321 3732 1358 nos

2137 1413 2341 1452 sumus.
2377 1396 2432 1452 Si
2466 1413 2592 1469 ergo
2620 1413 2719 1452 nos
2747 1397 2836 1467 qui
2871 1413 2968 1467 per
3000 1397 3274 1452 Christum
3304 1413 3500 1452 sumus
3525 1440 3541 1459 ,
3577 1409 3730 1466 putas

2135 1491 2256 1558 quia
2286 1491 2398 1557 ipse
2441 1507 2544 1543 non
2576 1491 2699 1545 est?
2723 1506 2785 1545 ea
2810 1506 2930 1559 qure
2959 1506 3055 1559 per
3096 1491 3271 1559 ipsum
3309 1499 3442 1544 sunt
3468 1501 3730 1554 manent,

2135 1593 2189 1636 et
2221 1585 2330 1652 ipse
2357 1583 2516 1636 ﬁnem
2551 1583 2713 1636 habet
2743 1591 2803 1636 ut
2831 1582 3047 1653 quidam
3075 1581 3392 1638 insaniunt?
3436 1580 3560 1636 Non
3589 1585 3728 1637 enim

2138 1675 2372 1745 acquirit
2405 1674 2550 1729 aliud
2580 1675 2725 1743 quod
2757 1689 2860 1729 non
2886 1682 3004 1729 est:
3041 1690 3144 1729 non
3199 1675 3467 1741 assumit,
3527 1675 3629 1730 sed
3684 1685 3732 1728 et

2133 1770 2274 1838 quod
2305 1777 2387 1823 est
2416 1767 2700 1822 abscondit
2756 1785 2769 1820 :
2831 1767 2934 1820 hoc
2961 1766 3103 1821 enim
3144 1765 3436 1836 signiﬁcat,
3465 1765 3554 1819 Da
3583 1766 3730 1828 mihi,

2131 1860 2291 1915 Pater
2318 1877 2339 1917 :
2368 1863 2460 1916 sed
2491 1875 2596 1915 non
2615 1858 2817 1929 aliquid
2849 1873 3047 1912 novum
3073 1860 3202 1927 petit
3227 1859 3350 1912 :sed
3379 1859 3530 1928 quod
3549 1858 3729 1922 habui,

2130 1954 2332 2023 inquit,
2385 1953 2525 2022 apud
2571 1961 2658 2017 te,
2707 1952 2777 2004 da
2817 1951 2948 2004 mihi
2999 1950 3066 2004 ³⁷³.
3117 1948 3234 2004 Non
3269 1950 3416 2013 enim
3468 1949 3730 2014 habes,o

2134 2046 2380 2111 Domine,
2417 2045 2563 2115 quod
2589 2043 2869 2099 habebas?
2893 2043 2996 2098 Sed
3025 2043 3150 2113 quia
3174 2083 3190 2108 ,
3216 2043 3428 2112 inquit,
3462 2044 3729 2097 absconsa

2129 2146 2215 2194 est
2244 2153 2358 2192 mea
2389 2137 2598 2206 species
2628 2154 2641 2189 :
2670 2134 2797 2204 quia
2831 2149 2936 2188 non
2970 2143 3188 2204 apparet
3230 2149 3346 2187 mea
3377 2132 3584 2204 gloria.
3611 2132 3729 2186 Gtc-

2128 2229 2316 2296 riﬁca,
2348 2228 2564 2298 inquit,
2595 2237 2746 2281 tuum
2797 2225 3000 2280 Filium
3046 2225 3114 2280 7".
3175 2225 3243 2278 Et
3286 2225 3416 2293 quid
3447 2227 3731 2294 respondit

2127 2319 2326 2374 Pater?
2355 2317 2679 2386 Gloriﬁcavi.
2710 2317 2765 2374 Si
2790 2316 2959 2388 igitur
2987 2316 3340 2386 gloriﬁcavit,
3366 2317 3504 2385 quid
3533 2318 3730 2381 queri!

2128 2410 2462 2485 gloriﬁcari?
2487 2410 2592 2466 Sed
2627 2410 2760 2465 dicit
2785 2409 2945 2464 Pater
2971 2449 2986 2473 ,
3029 2406 3097 2461 Et
3145 2411 3335 2462 iterum
3390 2407 3726 2478 gloriﬁcabo.

2129 2507 2185 2561 Si
2213 2505 2324 2574 jam
2349 2503 2687 2575 gloriﬁcasti,
2709 2503 2983 2572 quomodo
3014 2502 3209 2556 iterum
3235 2501 3560 2572 gloriﬁcas?
3590 2499 3729 2554 Num

2128 2597 2331 2662 addes,
2364 2597 2620 2665 quoniam
2647 2597 2716 2652 ab
2750 2595 2908 2649 initio
2949 2595 3225 2666 genuisti?
3251 2593 3366 2649 Non
3403 2593 3555 2648 addo
3592 2612 3607 2649 :
3640 2595 3729 2648 Sed

2128 2701 2182 2747 et
2222 2706 2320 2762 per
2347 2705 2551 2760 corpus
2597 2690 2828 2746 ostendo
2878 2690 2983 2743 mei
3033 2687 3160 2742 Filii
3215 2687 3471 2758 gloriam.
3516 2687 3726 2747 Genui,

2127 2784 2470 2856 gloriﬁcavi,
2501 2793 2554 2839 et
2611 2783 2808 2839 iterum
2852 2783 3194 2854 gloriﬁcabo.
3243 2781 3469 2846 Palam,
3516 2781 3726 2849 inquit,

2126 2876 2271 2932 facio
2298 2877 2443 2944 quod
2491 2885 2612 2931 erat
2667 2877 3016 2930 absconsum.
3051 2874 3183 2928 Nam
3217 2883 3272 2927 et
3307 2871 3611 2943 Apostolus
3649 2871 3728 2923 di-

2127 2967 2201 3023 cit
2231 2985 2245 3022 :
2278 2965 2348 3020 Et
2369 2967 2776 3036 superexaltarit
2807 2983 2926 3021 eum
2948 3009 2962 3032 ,
2997 2976 3045 3019 et
3093 2965 3235 3019 dedit
3269 2967 3318 3018 ei
3347 2980 3545 3018 nomen
3585 2967 3725 3034 quod

2125 3069 2200 3113 est
2240 3075 2396 3129 super
2425 3076 2573 3115 omne
2601 3075 2788 3113 nomen
2839 3060 2908 3112 ⁷³.
2968 3057 3082 3112 Non
3147 3058 3434 3125 mercede,
3491 3069 3557 3112 ut
3605 3073 3726 3128 pate

442 3108 1004 3222 Pfltl‘Ctﬂrtqlillilemur
1033 3134 1220 3189 pacem
1253 3123 1502 3222 quaaillic
1529 3123 1772 3222 estin).
1813 3126 1884 3222 Si
1905 3127 2026 3180 dili-
2051 3155 2094 3212 ρ
2125 3108 2466 3208 δίθᾶξέηιίπ.
2498 3152 2771 3222 Scriptum
2807 3151 2950 3206 enim
2993 3161 3076 3206 ρει
3115 3108 3577 3220 ηυρεηεάιηᾷἀηω
3600 3108 3725 3204 ξιιμ-

444 3204 623 3274 gimus
658 3205 895 3274 Filium,
951 3223 1056 3264 non
1097 3220 1180 3265 est
1239 3212 1593 3270 dissensionis
1625 3215 1785 3270 Deus.
1843 3217 2021 3285 Nosti,

451 3296 584 3348 doce
619 3313 630 3349 :
663 3295 917 3367 ignoras,
969 3299 1216 3355 edocere.
1259 3301 1352 3356 Lis
1396 3307 1541 3358 enim
1596 3319 1772 3374 neque
1829 3309 2024 3376 docet,

450 3401 626 3456 neque
667 3389 915 3445 docetur.
969 3390 1124 3458 Quod
1177 3396 1621 3465 comprehendis,
1666 3397 1770 3452 hoc
1821 3413 2023 3467 quaere.

439 3477 725 3548 invenisti,
759 3481 966 3553 gratias
998 3499 1117 3555 age.
1146 3483 1298 3541 Nosti
1323 3528 1337 3553 ,
1373 3488 1545 3543 trade.
1573 3489 1686 3560 Ego
1707 3499 1882 3544 autem
1910 3493 2026 3546 seio

435 3571 566 3640 quia
609 3573 810 3630 nescis.
845 3570 995 3630 Unde
1025 3577 1143 3631 scio
1185 3581 1308 3648 quia
1339 3594 1437 3649 ego
1482 3582 1685 3636 nescio.
1721 3580 1874 3638 Unde
1924 3584 2026 3640 hoc

437 3664 567 3732 quia
595 3664 803 3733 ignoro.
844 3663 1015 3721 Verax
1043 3667 1187 3722 enim
1225 3678 1310 3724 est
1345 3672 1438 3739 qui
1475 3671 1610 3726 dixit
1641 3689 1655 3727 :
1697 3670 1866 3727 Nemo
1924 3691 2019 3728 no-

434 3757 506 3809 vit
534 3757 601 3811 ⁷⁸.
634 3757 940 3813 Secundum
973 3761 1130 3816 istam
1167 3761 1332 3831 igitur
1378 3779 1598 3830 vocem,
1658 3767 1837 3822 omnis
1896 3769 2022 3839 qui-

435 3864 648 3918 cunque
669 3866 730 3905 se
757 3852 887 3906 dicit
917 3854 1060 3908 scire
1085 3857 1366 3912 mentitur.
1395 3856 1503 3912 Sed
1538 3857 1678 3914 forte
1719 3863 1889 3929 dicis,
1929 3863 2023 3918 Dei

436 3956 657 4009 sumus,
687 3951 741 3997 et
791 3960 897 4000 non
949 3947 1151 4002 scimus
1201 3961 1464 4018 quantum
1515 3962 1569 4006 et
1621 3957 2020 4026 perlingimus:

439 4031 543 4086 hoc
570 4034 748 4088 solum
782 4037 908 4106 quia
939 4047 1023 4093 est
1055 4057 1070 4094 :
1109 4056 1215 4094 non
1249 4051 1426 4096 tamen
1460 4045 1635 4112 qualis
1680 4055 1732 4100 et
1760 4058 2020 4117 quantum

434 4133 540 4178 est.
568 4125 703 4194 Quia
733 4128 898 4198 igitur
927 4141 1011 4184 est
1032 4172 1047 4196 ,
1071 4132 1306 4200 scimus;
1341 4149 1445 4187 non
1474 4145 1649 4190 tamen
1680 4140 1874 4207 qualis.
1905 4139 2020 4195 Non

433 4217 578 4268 enim
609 4228 850 4273 nostrum
889 4229 972 4274 est
1004 4237 1320 4278 mensurare
1345 4226 1838 4284 immensurabilem
1868 4247 1882 4283 :
1915 4248 2018 4287 non

435 4315 677 4361 nostrum
727 4312 1184 4380 comprehendere
1219 4315 1842 4388 incomprchensibilem.
1881 4322 2017 4377 Cum

433 4398 578 4454 enim
613 4404 875 4481 memoria
909 4403 975 4458 de
1028 4405 1138 4460 Deo
1186 4417 1304 4475 est,
1343 4425 1494 4464 mens
1559 4411 1810 4482 religiosa
1849 4413 2020 4470 intre-

2129 3241 2268 3298 divit
2296 3259 2470 3313 usque
2494 3245 2560 3299 ad
2591 3252 2823 3298 mortem
2849 3283 2865 3308 ,
2907 3251 3137 3298 mortem
3192 3251 3370 3298 autem
3403 3244 3614 3299 crucis.
3664 3242 3723 3294 Et

2127 3336 2251 3392 ideo
2274 3378 2288 3400 ,
2317 3338 2524 3406 inquit,
2555 3336 2697 3392 Deus
2723 3335 3150 3405 supercxaltavit
3172 3351 3320 3390 eum.
3352 3335 3412 3388 Si
3460 3337 3592 3404 quis
3627 3352 3719 3388 au-

2127 3437 2234 3482 tem
2261 3428 2394 3482 dure
2420 3428 2610 3498 legerit
2633 3442 2945 3490 sermones,
2978 3425 3116 3480 forte
3151 3425 3363 3495 putabit
3416 3427 3583 3480 istam
3639 3442 3723 3479 su-

2124 3519 2607 3590 perexaltationem
2642 3519 2949 3574 mercedem
2978 3533 3102 3573 esse
3134 3517 3487 3573 obedientiaa.
3517 3517 3595 3572 lta
3630 3535 3722 3588 pu-

2127 3620 2211 3666 tas
2231 3651 2249 3677 ,
2275 3612 2367 3666 sed
2404 3627 2509 3666 non
2536 3621 2586 3665 te
2614 3612 2892 3681 permittat
2925 3611 2998 3664 ita
3027 3610 3230 3664 sentire
3260 3612 3351 3679 qui
3389 3611 3510 3665 haec
3563 3610 3719 3666 dixit.

2124 3703 2217 3757 Ait
2241 3702 2388 3757 enim
2421 3720 2435 3756 :
2471 3703 2576 3767 Qui
2605 3702 2878 3767 ascendit,
2909 3703 3017 3770 ipse
3040 3711 3186 3756 estet
3214 3703 3304 3772 qui
3333 3705 3611 3757 descendit
3654 3705 3715 3756 ".

2126 3793 2269 3863 Ergo
2290 3794 2693 3849 exaltaviteum
2722 3795 2813 3864 qui
2852 3795 3154 3853 descendit.
3183 3794 3299 3849 Non
3346 3804 3534 3851 tamen
3569 3817 3597 3849 ει
3633 3799 3720 3851 de-

2124 3900 2309 3941 orsum
2337 3901 2558 3940 sursum
2591 3885 2840 3940 adduxit.
2875 3885 2984 3941 Sed
3011 3903 3134 3941 eum
3165 3887 3256 3956 qui
3284 3888 3571 3942 descendit
3595 3930 3610 3952 ,
3633 3889 3720 3942 ite-

2125 3991 2245 4030 rum
2297 3991 2516 4030 sursum
2576 3975 2898 4045 assumpsit.
2950 3977 3168 4032 Assumi
3225 3977 3380 4042 dico,
3432 3994 3548 4033 non
3598 3981 3714 4048 quia

2124 4065 2358 4121 mundus
2409 4066 2752 4121 fraudabitur
2816 4083 2845 4122 a
2902 4069 3194 4139 praesentia
3249 4069 3545 4138 unigeniti.
3608 4072 3714 4126 Non

2122 4165 2302 4227 potest
2340 4159 2574 4214 mundus
2625 4161 2744 4216 sine
2777 4160 3140 4230 gubernatore
3185 4145 3423 4227 salvari,
3471 4179 3584 4216 non
3631 4179 3718 4230 po-

2125 4251 2231 4296 test
2288 4244 2522 4299 mundus
2575 4253 2724 4300 stare
2771 4247 2816 4300 si
2865 4248 3152 4302 recesserit
3203 4247 3545 4317 unigenitus.
3617 4248 3718 4299 Sed

2121 4330 2261 4388 forte
2293 4333 2427 4389 dicis
2468 4353 2481 4389 :
2526 4333 2644 4389 Non
2691 4334 2893 4391 sufﬁcit
2947 4337 3091 4391 enim
3138 4336 3345 4392 Pater?
3400 4336 3528 4392 Non
3589 4341 3716 4408 quia

2121 4439 2229 4480 non
2261 4424 2559 4481 sufficiebat
2588 4425 2773 4494 Pater,
2805 4428 2928 4482 ideo
2957 4429 3144 4499 genuit
3181 4428 3377 4483 Filium
3421 4447 3434 4482 :
3464 4433 3565 4485 sed
3595 4432 3721 4500 quia

429 4499 640 4589 ntescat
663 4510 677 4546 :
703 4493 1054 4589 intremescat
1080 4505 1134 4589 et
1154 4495 1357 4566 lingua.
1380 4496 1491 4552 Non
1519 4500 1644 4570 quia
1663 4502 1830 4558 durus
1853 4504 2016 4572 Deus,
2049 4517 2094 4574 ι)
2123 4530 2229 4569 non
2279 4513 2620 4572 sufﬁciebant
2668 4532 2731 4572 ea
2782 4533 2904 4589 qua
2954 4493 3095 4573 facta
3142 4529 3270 4575 sum
3315 4518 3555 4576 sufferre
3614 4493 3719 4576 ἱιοιι

428 4587 523 4636 sed
546 4583 971 4652 super-eminenti
990 4585 1229 4640 bonitate
1253 4597 1339 4642 est
1377 4589 1670 4646 timendus.
1692 4591 1784 4647 Sol
1810 4593 1912 4649 iste
1927 4597 2022 4651 ob-

427 4683 619 4728 scurat
639 4674 850 4742 oculos,
881 4693 987 4732 non
1014 4681 1140 4749 quia
1174 4679 1463 4748 obscurus,
1498 4684 1596 4738 sed
1627 4685 1753 4754 quia
1787 4686 2017 4744 multum

425 4776 511 4821 est
537 4767 739 4823 clarus.
759 4768 978 4825 EtDcus
1007 4770 1300 4839 timendus,
1320 4773 1446 4843 quia
1468 4773 1692 4828 multum
1717 4786 1800 4830 est
1818 4775 2012 4832 bonus.

425 4859 618 4930 Cogita
652 4861 793 4933 apud
826 4871 877 4918 te
921 4863 1016 4934 qui
1064 4862 1140 4918 sis
1172 4864 1414 4921 humilis.
1461 4866 1577 4923 Non
1620 4869 1764 4922 enim
1813 4871 2012 4925 audisti

427 4962 555 5002 cum
585 4949 853 5006 dicentem
890 4970 906 5008 :
939 4950 1042 5006 Vos
1067 4967 1133 5007 ea:
1155 4953 1492 5022 inferioribus
1519 4959 1644 5011 estis
1666 4998 1682 5023 ,
1712 4975 1805 5029 ego
1839 4970 2014 5015 autem

428 5043 493 5094 de
523 5043 878 5111 superioribus
923 5060 1041 5098 sum
1093 5044 1188 5098 “?
1233 5044 1368 5100 Nam
1424 5058 1682 5118 quantum
1730 5051 1924 5105 coelum
1985 5067 2015 5107 a

431 5143 577 5188 terra
609 5135 809 5202 distat,
841 5145 1049 5192 tantum
1081 5149 1132 5194 et
1167 5155 1196 5193 a
1229 5141 1384 5196 nobis
1412 5141 1572 5196 Deus.
1603 5140 1672 5194 Et
1705 5151 1854 5197 certe
1874 5145 2018 5198 scri-

430 5237 579 5294 ptum
609 5237 726 5283 est:
761 5227 1029 5294 Quantum
1070 5232 1228 5285 distat
1282 5230 1467 5286 caelum
1497 5250 1529 5286 a
1575 5243 1751 5300 terra,
1807 5246 2011 5288 tantum

431 5320 529 5374 uite
553 5337 680 5377 mete
711 5340 743 5375 a
774 5324 867 5376 viis
897 5325 1078 5378 vestris
1106 5325 1175 5377 ⁷³.
1208 5322 1281 5379 Ut
1307 5324 1376 5379 ad
1421 5341 1522 5380 nos
1568 5340 1668 5380 vox
1698 5325 1813 5379 haec
1867 5327 2009 5380 dicta

502 5419 549 5451 "°
577 5416 735 5472 Joan.
767 5436 803 5484 ι,
831 5417 918 5472 l8.
994 5419 1037 5451 τί
1084 5417 1240 5474 Joan.
1271 5435 1388 5486 vm,
1425 5420 1515 5477 Ξῖ).

431 5488 480 5520 ’⁸
510 5489 708 5559 Eabae.
752 5505 827 5556 tv,
855 5490 945 5544 10.

504 5631 617 5700 (79)
643 5632 743 5689 Ms.
789 5633 919 5698 Quae
942 5635 1048 5689 illis
1085 5644 1182 5689 est.

503 5704 618 5770 (8U)
644 5704 1046 5775 lietinquuntur.
1096 5705 1490 5771 Ἀπολείπεται,
1520 5717 1860 5775 superantur.

506 5776 618 5843 (8|)
648 5773 751 5827 Uni
784 5788 904 5828 nato
942 5792 1042 5830 non
1088 5779 1244 5830 cedit.
1293 5773 1603 5848 Lugendum
1659 5780 1872 5832 videtur
1918 5783 2007 5832 uni

2120 4607 2237 4662 nati
2271 4607 2551 4676 virtutem,
2594 4608 2718 4665 ideo
2747 4625 2846 4681 per
2874 4613 3230 4667 mediatorem
3274 4613 3545 4683 loquitur.
3577 4613 3722 4682 Qua-

2119 4711 2183 4752 re
2218 4715 2233 4753 :
2271 4699 2362 4768 qui
2393 4697 2507 4770 (82)
2537 4716 2642 4756 non
2671 4711 2984 4768 poteramus
3016 4703 3384 4774 prOpinquare
3404 4720 3516 4761 non
3549 4717 3716 4761 noto:

2121 4803 2218 4859 per
2253 4791 2394 4844 viam
2445 4794 2610 4862 igitur
2643 4793 2916 4858 hortatur,
2955 4805 3011 4849 et
3059 4811 3156 4866 per
3183 4795 3408 4864 jamtam
3441 4809 3633 4865 vocat,
3663 4809 3718 4853 et

2119 4893 2217 4947 per
2249 4877 2431 4936 lumen
2479 4883 2719 4937 adducit.
2775 4884 3039 4940 Mediator
3079 4898 3260 4940 autem
3295 4885 3493 4954 Filius,
3527 4899 3584 4944 et
3620 4905 3714 4959 po-

2124 4967 2274 5021 nitur
2296 4967 2383 5023 lex
2409 4988 2422 5024 :
2463 4972 2733 5027 mediator
2762 4972 2954 5038 Filius,
2984 4984 3040 5029 et
3063 4973 3365 5044 loquuntur
3391 4981 3710 5050 prophetae:

2124 5060 2396 5116 mediator
2442 5061 2631 5130 Filius,
2687 5075 2741 5119 et
2777 5067 3100 5136 praedicatur
3144 5065 3563 5126 Testamentum
3602 5071 3712 5126 No-

2124 5169 2249 5206 vum
2279 5167 2337 5209 et
2383 5155 2641 5227 impletur
2685 5156 2853 5213 Vetus
2894 5179 2906 5214 :
2957 5160 3225 5214 mediator
3255 5161 3452 5227 Filius,
3485 5164 3711 5219 etfiunt

2122 5245 2294 5312 angeli
2323 5264 2336 5300 :
2371 5248 2640 5302 mediator
2688 5249 2879 5315 Itilius,
2934 5258 2990 5304 et
3046 5260 3309 5306 creantur
3338 5255 3660 5324 archangeli
3692 5274 3705 5305 :

2119 5338 2388 5392 mediator
2415 5338 2613 5407 Filius,
2661 5351 2718 5395 et
2761 5353 2982 5398 creator
3031 5345 3210 5398 omnis
3246 5355 3483 5408 natum,
3521 5358 3576 5400 et
3607 5363 3706 5414 gu-

1630 5421 1676 5452 "
1713 5419 1820 5476 lsa.
1851 5437 1951 5488 ιν,
1980 5421 2031 5478 9.
2110 5427 2156 5459 ⁷³
2189 5431 2345 5488 Joan.
2378 5451 2488 5489 xvn
2513 5476 2528 5504 ,
2575 5437 2628 5491 5.
2707 5436 2753 5468 ⁷⁸
2786 5435 2940 5492 Joan.
2977 5453 3084 5503 xu,
3107 5437 3134 5489 Ξ

2193 5431 2345 5488 Joan.
2378 5451 2488 5489 xvn
2513 5476 2528 5504 ,
2575 5437 2628 5491 5.
2707 5436 2753 5468 ⁷⁸
2786 5435 2940 5492 Joan.
2977 5453 3084 5503 xu,
3107 5437 3194 5492 28.
3227 5439 3274 5469 ⁷⁵
3306 5438 3505 5510 Philip.
3538 5455 3575 5496 tt
3599 5481 3616 5505 ,
3648 5439 3697 5494 9.

2118 5658 2219 5696 non
2245 5653 2370 5699 nato
2398 5647 2550 5699 cedit.

2185 5717 2295 5787 (82)
2325 5716 2499 5781 Quare
2532 5734 2547 5769 :
2581 5716 2693 5786 qui,
2738 5717 2778 5783 f.
2809 5716 3008 5785 quare?
3036 5715 3181 5786 quia,
3225 5725 3333 5774 etc.
