3810 6218
110 312 278 370 105⁸7

986 306 1074 360 DE
1112 304 1269 360 FIDE
1306 252 1679 361 AD‘VERSUS
1723 304 2134 361 SABELLIUM.
2170 336 2239 346 —-
2277 307 2406 363 LIB.
2443 306 2514 361 l.‘

3261 307 3403 366 1058

96 435 415 496 hernator,
443 440 499 486 et
530 428 790 485 salvator.
820 425 937 482 Non
970 429 1116 482 enim
1152 427 1437 481 creavitet
1466 426 1711 480 dimisit:
1745 430 1788 485 Α
1819 426 2075 493 quinetur
2109 426 2246 495 (85).
2280 426 2393 481 Viri
2426 436 2487 479 ut
2525 440 2646 480 sese
2671 425 2782 495 jam
2814 441 2920 480 non
2964 426 3203 480 incidant
3235 443 3249 479 :
3281 442 3404 479 uiu-

95 528 248 595 quia
292 542 396 580 non
438 524 557 579 sine
599 522 938 593 providentia
972 528 1101 574 sunt
1141 536 1261 588 qua:
1289 529 1436 573 sunt.
1478 517 1596 572 Non
1624 528 1711 571 est

96 618 386 685 tatigatus
410 613 636 668 faciens.
657 610 853 681 .Neque
882 619 942 665 ut
966 608 1230 673 volatilia,
1262 618 1319 661 ut
1345 609 1516 677 pisces
1543 620 1709 677 gene-

101 717 256 761 rant
300 706 544 776 quidem,
571 703 887 772 relinquunt
915 711 1119 755 autem.
1170 700 1235 754 Et
1263 710 1413 754 certe
1464 714 1564 753 nec
1606 698 1707 752 ista

100 806 394 869 generant
441 804 497 851 et
530 794 813 849 dimittunt
850 811 865 848 :
909 792 1004 848 sed
1047 792 1251 847 habent
1280 790 1622 862 diligentiam
1655 796 1713 842 et

100 898 381 960 pascunt.
421 888 478 941 Si
514 886 679 958 igitur
715 887 819 942 ista
858 887 954 949 ita,
989 886 1161 939 multo
1201 883 1373 953 magis
1408 898 1507 951 per
1545 896 1708 951 quem

104 989 315 1035 creata
345 987 470 1033 sunt
500 977 703 1041 omnia,
724 991 821 1046 per
853 976 1019 1031 istum
1043 975 1225 1028 omnia
1256 982 1310 1029 et
1338 974 1712 1042 gubernantur

103 1081 171 1125 et
224 1078 528 1140 pascuntur
574 1086 588 1122 :
635 1082 742 1123 non
776 1076 1005 1121 vacante
1050 1065 1235 1129 Patre,
1264 1067 1357 1119 sed
1389 1071 1706 1118 annuente:

105 1172 411 1217 annuente
456 1172 664 1226 autem,
697 1175 804 1214 non
848 1159 1044 1224 oculis,
1095 1160 1188 1213 sed
1225 1168 1282 1211 ut
1320 1160 1476 1211 decet
1526 1157 1710 1208 incor-

109 1253 400 1323 poralem,
433 1254 507 1308 ita
532 1252 722 1306 annuit
754 1263 811 1305 ut
847 1251 946 1320 ipsi
977 1252 1232 1304 decorum
1268 1257 1369 1302 est.
1412 1247 1584 1300 Filius
1609 1261 1708 1297 au-

108 1355 236 1400 tem
275 1344 523 1414 agnoscit
557 1354 615 1397 ut
649 1344 845 1398 Filium
892 1346 1047 1397 decet
1080 1361 1093 1395 :
1142 1355 1306 1409 opera
1351 1348 1531 1393 autem
1574 1336 1711 1389 ﬁunt

113 1446 185 1490 ut
216 1436 384 1491 Pater
411 1437 550 1499 vult,
587 1446 641 1490 et
672 1435 843 1489 Filius
870 1435 1167 1487 ministrat.
1198 1431 1325 1486 Haec
1362 1446 1461 1485 nos
1491 1438 1710 1498 oporte-

113 1533 222 1584 bat
274 1529 478 1584 dicere.
517 1528 631 1583 lmo
663 1544 854 1583 omnes
887 1543 952 1582 ex
991 1526 1291 1594 Scripturis
1334 1524 1539 1593 legere.
1578 1521 1709 1588 Quis

111 1623 275 1676 eiiim
305 1636 425 1675 sum
459 1623 595 1692 ego?
628 1621 756 1690 quid
788 1620 961 1674 habeo
987 1618 1129 1688 quod
1164 1633 1268 1671 non
1321 1615 1548 1684 accepi?
1582 1613 1710 1668 0m-

116 1715 217 1768 nia
249 1713 397 1768 enim
436 1714 502 1767 ab
534 1728 660 1776 uno,
692 1721 744 1766 et
776 1726 872 1780 per
911 1726 1074 1764 unum
1110 1720 1276 1775 sunt;
1320 1716 1375 1761 et
1413 1722 1534 1777 quae
1568 1705 1707 1759 facta

1819 516 1985 571 lieres
2013 526 2070 570 ut
2102 532 2210 570 non
2236 516 2304 569 ad
2332 516 2587 585 iniuriam
2621 516 2967 571 deludantur.
3008 516 3195 581 Tauri,
3222 516 3399 585 vituli,

1816 615 1876 660 ut
1930 622 2036 662 non
2069 609 2221 660 varie
2268 606 2661 661 comburantur
2708 606 2843 678 (84).
2908 608 3122 672 Vinum,
3176 618 3234 661 ut
3292 622 3401 661 nou

1817 700 1935 755 sine
1965 715 2130 754 causa
2159 699 2384 755 libetur.
2417 698 2612 763 Terra,
2660 715 2831 765 mare,
2865 709 2925 753 ut
2964 716 3069 754 non
3101 698 3401 753 immutatis

1816 789 2130 844 nominibus
2164 790 2463 844 adorentur
2509 808 2523 845 :
2570 791 2746 844 omnis
2790 790 2934 843 enim
2982 799 3177 843 natura
3211 800 3402 843 conta-

1817 882 2023 933 minata
2079 889 2213 935 est:
2264 882 2442 936 omnis
2502 892 2759 936 creatura
2818 881 3089 935 deificata.
3147 878 3252 933 Sed
3291 894 3397 932 non

1816 971 2068 1040 despexit
2118 972 2164 1025 is
2194 987 2291 1041 per
2322 988 2483 1042 quem
2540 980 2595 1027 et
2645 972 2789 1027 facta
2837 982 2985 1026 sunt.
3042 972 3204 1028 Venit
3250 971 3396 1024 enim

1816 1063 1907 1132 qni
1959 1064 2303 1132 contingeret
2356 1079 2506 1118 sua:
2556 1064 2702 1118 venit
2757 1065 2847 1133 qui
2898 1064 3095 1119 malum
3126 1078 3397 1118 venenum

1818 1154 2057 1209 auferret
2099 1171 2114 1209 :
2159 1156 2306 1209 venit
2353 1156 2524 1224 ipsius
2581 1159 2707 1211 vitae
2762 1157 3121 1212 medicamen.
3153 1158 3398 1213 Mortuus

1814 1256 1896 1301 est
1929 1246 2282 1301 utoccideret
2331 1257 2562 1301 mortem
2593 1265 2607 1302 :
2636 1250 3031 1303 condemnatus
3057 1258 3140 1303 est
3174 1259 3231 1301 ut
3261 1262 3397 1300 con-

1813 1340 2101 1393 demnnret
2128 1338 2520 1407 corruptelam.
2550 1339 2860 1395 Coronatus
2888 1351 2971 1395 est
3000 1341 3189 1408 spinis,
3212 1350 3270 1394 ut
3295 1353 3396 1393 nos

1816 1445 1920 1484 non
1979 1430 2303 1485 haberemus
2353 1431 2540 1500 spinas
2580 1449 2592 1484 :
2635 1432 2873 1500 suscepit
2926 1431 3267 1484 maledictum
3302 1444 3397 1498 per

1814 1537 2052 1586 crucem,
2100 1532 2156 1576 ut
2190 1538 2291 1577 nos
2336 1524 2738 1591 suscipercmus
2773 1525 3204 1577 benedictionem
3242 1538 3397 1575 mun-

1815 1613 1958 1667 dam.
1994 1612 2110 1666 Non
2143 1628 2364 1683 possum
2392 1615 2574 1667 dicere
2597 1624 2858 1683 quantum
2889 1616 3061 1684 sapio.
3097 1613 3211 1667 Non
3263 1628 3385 1682 pos-

1816 1720 1934 1760 sum
1987 1721 2181 1775 sapere
2239 1718 2500 1776 quantutn
2570 1708 2825 1776 possibile
2878 1717 2981 1761 εει.
3050 1706 3105 1761 Si
3162 1719 3394 1774 sapuero

118 1816 281 1868 sunt,
313 1813 369 1858 et
413 1818 534 1873 quae
566 1815 714 1857 recte
748 1804 1026 1857 dicuntur.
1069 1800 1277 1867 Quanta
1322 1814 1455 1854 sane
1491 1797 1709 1852 miseri-
1741 1817 1784 1871 Β
1814 1806 2081 1865 quantum
2140 1798 2396 1867 possibile
2445 1807 2561 1863 est,
2619 1814 2724 1853 non
2789 1784 3047 1869 pervenio
3100 1808 3158 1852 ut
3217 1797 3393 1850 dicam

120 1898 322 1952 cordia
371 1906 453 1951 est
504 1896 637 1949 Dei?
680 1897 865 1963 genuit
916 1894 1134 1960 Filium,
1180 1894 1305 1963 quia
1351 1893 1526 1947 bonus
1570 1900 1652 1945 est
1690 1909 1702 1944 :

120 1987 343 2042 creavit
376 1988 630 2042 universa
685 2004 781 2055 per
832 1987 1030 2057 ipsum,
1076 1988 1203 2055 quia
1254 1984 1570 2040 benefactor
1600 1991 1705 2039 est.

120 2080 449 2134 Erravimus
475 2091 529 2133 et
560 2096 663 2132 non
691 2080 962 2149 despexit,
988 2080 1296 2134 cecidimus
1328 2086 1383 2132 et
1405 2094 1510 2130 non
1554 2089 1707 2145 spre-

121 2176 235 2239 vit,
269 2175 361 2229 sed
397 2175 543 2228 misit
583 2172 780 2227 Filium
828 2189 986 2229 suum
1026 2172 1394 2234 obedientem,
1432 2178 1490 2222 ut
1535 2168 1709 2223 salva-

125 2276 220 2321 ret
269 2265 541 2320 hominem
574 2263 997 2321 iuobedientem.
1041 2264 1186 2318 Misit
1219 2264 1348 2338 _sine
1381 2271 1623 2330 peccato,
1650 2269 1711 2314 ut

127 2365 421 2411 revocaret
452 2370 572 2409 eum
604 2355 695 2425 qui
725 2363 1046 2424 peccaverat
1075 2371 1089 2407 :
1131 2353 1278 2407 misit
1315 2353 1512 2406 Filium
1552 2367 1707 2406 suum

126 2448 424 2503 facientem
474 2448 691 2517 placita,
747 2455 804 2500 ut
835 2446 1074 2501 salvaret
1107 2461 1322 2501 servum
1355 2444 1579 2499 obedire
1613 2459 1711 2496 no-

128 2541 362 2597 lentem.
398 2540 543 2594 Misit
579 2538 869 2607 justitiam,
918 2546 976 2592 ut
1010 2537 1321 2592 auferretur
1368 2546 1651 2606 peccatum
1690 2553 1704 2590 :

130 2632 289 2687 misit
317 2632 509 2692 vitam,
540 2642 597 2684 ut
629 2645 775 2685 mors
816 2639 1145 2684 moreretur.
1185 2628 1332 2682 Misit
1365 2629 1452 2696 qui
1490 2644 1518 2681 a
1546 2643 1628 2693 se,
1653 2636 1711 2682 ut

130 2724 482 2780 salvarentur
505 2723 594 2793 qui
622 2731 778 2775 erant
810 2736 875 2776 ex
907 2721 1146 2774 homine.
1182 2719 1326 2774 Misit
1364 2735 1486 2774 eum
1515 2720 1607 2789 qui
1640 2734 1708 2773 ex

131 2815 384 2885 Virgine,
424 2823 481 2867 ut
528 2812 869 2866 salvarcntur
912 2812 947 2865 ii
995 2812 1086 2880 qui
1123 2824 1190 2865 ex
1221 2809 1448 2865 muliere
1493 2810 1710 2864 fuerant

133 2907 356 2977 perditi.
406 2905 548 2959 Misit
583 2907 634 2959 in
674 2906 845 2975 ﬁgura
887 2905 1017 2968 viri,
1052 2911 1108 2956 ut
1154 2902 1458 2957 salvaretur
1491 2901 1580 2972 qui
1616 2917 1711 2970 pe-

135 3000 310 3051 rierat
352 2996 458 3049 vir.
490 2996 624 3050 Cum
674 2993 980 3049 latronibus
1016 2993 1198 3064 [igitur
1236 2992 1406 3057 cruci,
1441 3001 1500 3045 ut
1547 3007 1711 3061 para-

133 3091 289 3143 disus
329 3097 383 3143 et
415 3086 722 3141 latronibus
768 3086 1090 3154 aperiretur.
1127 3083 1316 3155 Cogita
1367 3084 1707 3154 dignitatem,

1815 1900 2050 1959 quantus
2080 1900 2186 1945 est.
2216 1891 2603 1945 lnenarrahilis
2634 1891 2778 1945 enim
2829 1900 2883 1945 et
2931 1889 3395 1959 incon‘iprehensi-

1816 1985 1942 2038 bilis
1968 1982 2127 2037 Pater
2154 1993 2261 2039 est.
2289 1981 2436 2037 Talis
2464 1994 2646 2036 autem
2676 1994 2729 2038 et
2777 1982 2948 2037 Filius
2980 1983 3148 2052 ipsius
3191 1982 3389 2036 Patris.

1817 2075 1874 2131 Si
1900 2075 2044 2130 enim
2084 2075 2153 2129 ob
2184 2075 2264 2129 sui
2298 2076 2727 2130 misericordiam
2761 2090 2858 2129 nos
2885 2076 3196 2145 assumpsit,
3248 2077 3390 2129 inte-

1816 2164 2015 2217 rimere
2046 2177 2169 2216 eum
2198 2162 2455 2217 debemus
2480 2164 2570 2234 qui
2598 2180 2693 2217 nos
2725 2165 2940 2219 salvat?
2968 2166 3094 2234 quid
3129 2166 3234 2221 hoc
3264 2165 3391 2220 mali

1815 2266 1898 2310 est
1931 2255 2003 2308 ita
2055 2255 2301 2309 homines
2335 2254 2401 2309 de
2430 2255 2568 2309 Filio
2599 2256 2841 2310 sentire?
2897 2255 3111 2310 Maneat
3146 2267 3203 2309 ut
3250 2266 3388 2322 erat,

1816 2355 1871 2399 et
1917 2346 1969 2398 in
2015 2358 2243 2410 corpore
2276 2355 2329 2398 et
2368 2344 2419 2396 in
2455 2344 2720 2413 prmsepio
2766 2362 2781 2399 :
2821 2345 2952 2398 nihil
3000 2346 3201 2399 humile
3233 2346 3298 2401 de
3325 2361 3391 2401 eo

1816 2436 2043 2501 sentias,
2073 2436 2162 2503 qui
2202 2446 2253 2488 te
2279 2434 2558 2501 exaltavit,
2605 2434 2738 2488 nihil
2769 2435 3040 2503 abjectum
3080 2446 3174 2490 aut
3204 2437 3392 2491 incon-

1817 2562 2033 2617 gruum.
2067 2544 2184 2599 Noli
2217 2559 2475 2614 Spernere
2506 2544 2846 2599 Salvatorem
2880 2555 3051 2600 tuum.
3082 2545 3138 2600 Si
3171 2547 3391 2615 quidem

1817 2640 2030 2694 etiamsi
2061 2640 2225 2693 verbo
2271 2654 2392 2692 eum
2442 2636 2729 2691 humiliare
2770 2637 3024 2701 volueris,
3058 2649 3249 2692 natura
3284 2654 3390 2693 non

1820 2730 2150 2787 transfertur
2178 2732 2245 2784 ad
2296 2739 2439 2783 tuam
2491 2730 2751 2798 linguam.
2802 2731 2859 2783 Si
2896 2738 3075 2782 autem
3121 2741 3174 2784 et
3225 2732 3394 2785 abne-

1817 2821 2127 2893 gaverimus
2156 2834 2299 2885 eum,
2337 2820 2449 2886 ipse
2481 2820 2653 2874 lidelis
2685 2830 2867 2875 manet
2893 2829 2947 2874 et
2979 2836 3177 2892 negare
3202 2836 3260 2876 se
3283 2836 3392 2876 non

1817 2922 1996 2985 potest
2027 2932 2041 2968 :
2074 2914 2176 2967 hoc
2204 2923 2309 2979 est,
2352 2929 2380 2965 a
2406 2913 2624 2982 propria
2662 2925 2854 2967 natura
2887 2930 2991 2968 non
3027 2915 3255 2969 excidit.
3283 2914 3391 2970 lste

1817 3006 1974 3062 nobis
2017 3007 2181 3060 Pater
2211 3022 2314 3060 non
2350 3016 2509 3061 natus
2553 3015 2660 3071 est,
2690 3021 2828 3060 unus
2870 3007 3018 3062 solus
3048 3024 3153 3062 non
3205 3018 3387 3076 natus,

1819 3112 1923 3150 non
1958 3098 2025 3151 ab
2054 3097 2181 3160 alio,
2217 3112 2314 3151 nec
2347 3110 2414 3151 ex
2444 3096 2570 3149 alio.
2618 3094 2770 3165 Sarpe
2800 3097 2922 3150 dico
2963 3099 3170 3152 eadem.
3204 3099 3389 3168 Siqui-

132 3194 189 3237 et
215 3182 422 3236 aestima
452 3177 880 3251 magnitudinem
907 3178 1112 3248 gratia}.
1131 3177 1211 3231 Me
1228 3178 1372 3231 enim
1394 3192 1455 3229 ex
1488 3176 1713 3231 muliere
1740 3172 1782 3231 C
1816 3188 1934 3243 dem
1967 3196 2021 3242 et
2044 3185 2280 3241 Joannes
2311 3186 2400 3255 qui
2434 3188 2498 3240 de
2526 3185 2666 3241 Filio
2690 3187 2831 3241 dixit
2856 3188 2912 3241 in
2951 3190 3212 3257 μνίηι-ερξο
3249 3200 3388 3255 cru,

136 3274 311 3334 nasci,
341 3281 435 3325 aut
483 3282 554 3335 te,
600 3285 708 3325 non
745 3284 905 3338 supra
951 3277 1203 3321 naturam
1240 3275 1342 3321 est.
1388 3265 1715 3319 Manducare

134 3373 231 3418 aut
259 3365 462 3426 bibere,
484 3362 725 3417 dormire
750 3371 800 3414 et
837 3374 1080 3429 surgere,
1100 3370 1152 3411 et
1186 3359 1238 3411 in
1272 3358 1535 3427 praesepio
1561 3356 1710 3426 poni,

136 3458 271 3511 nihil
298 3457 419 3511 novi
446 3457 489 3511 si
529 3455 777 3510 homines
804 3467 865 3506 ea
888 3467 1008 3521 quae
1031 3462 1157 3508 sunt
1190 3452 1466 3506 hominum
1492 3450 1712 3518 patiun—

138 3562 247 3604 tur.
281 3551 418 3615 Quid
442 3559 621 3602 autem
651 3564 872 3611 novum,
896 3547 1025 3616 quid
1050 3544 1387 3609 admirabile,
1414 3542 1542 3611 quid
1571 3556 1709 3610 prae-

133 3644 381 3711 cipuum,
421 3642 553 3711 quid
594 3653 838 3695 nostrum
868 3640 1107 3693 debitum
1141 3635 1533 3705 irrepensahile
1564 3633 1713 3687 Deo?

139 3736 241 3801 Qui
283 3735 427 3789 misit
462 3735 600 3789 Deus
632 3732 828 3787 Filium
860 3747 1041 3795 suum,
1076 3730 1223 3784 misit
1250 3729 1419 3783 Pater.
1453 3725 1712 3795 Unigeni-

140 3841 277 3895 tum,
315 3829 462 3882 misit
491 3842 596 3881 non
629 3835 789 3879 natus
820 3823 1156 3893 progeniem,
1195 3820 1340 3874 misit
1367 3819 1709 3873 obedientem

143 3925 339 3986 bonus,
376 3920 527 3974 misit
565 3918 834 3988 justitiam
877 3918 969 3987 qui
997 3917 1199 3985 genuit.
1228 3912 1341 3969 Cur
1369 3910 1554 3967 misit?
1587 3924 1713 3979 pro-

140 4023 261 4084 pter
314 4021 652 4082 peccatores.
708 4008 819 4064 Cur
867 4006 1057 4061 misit?
1108 4016 1330 4075 propter
1382 4005 1555 4058 Adam
1617 4000 1711 4070 qui

141 4106 453 4160 mandatum
488 4104 834 4173 contempsit.
866 4100 1029 4156 Venit
1058 4114 1187 4170 ergo
1225 4098 1316 4167 qui
1368 4096 1606 4152 obedivit
1642 4095 1711 4149 ad

144 4200 257 4253 haec
291 4215 304 4251 :
341 4208 398 4251 et
431 4197 707 4267 judicatur
732 4195 898 4263 judex
928 4194 996 4248 ob
1024 4193 1445 4247 condemnatum
1479 4206 1494 4242 :
1534 4186 1711 4241 cruci-

144 4292 326 4361 ﬁgitur
353 4290 456 4343 vita
480 4305 577 4359 pro
604 4299 818 4343 mortuo
849 4305 862 4339 :
886 4294 1185 4341 coronatur
1207 4282 1377 4351 spinis
1402 4279 1706 4350 gloriosus:

143 4382 277 4437 bibit
310 4380 403 4445 fel,
438 4379 556 4434 fons
594 4380 788 4433 dulcis.
820 4375 959 4443 Quid
1012 4376 1349 4430 inveniemus
1393 4372 1459 4424 ad
1510 4384 1708 4439 repraa-
1740 4363 1757 4389 ’

1814 3293 1924 3333 non
1979 3280 2166 3345 tacuit,
2215 3278 2308 3333 sed
2356 3278 2670 3348 frequenter
2727 3280 2828 3344 ait,
2882 3279 3036 3335 Erat.
3067 3281 3205 3347 Quid
3247 3283 3390 3336 enim

1813 3368 1959 3423 aliud
2011 3378 2065 3423 et
2119 3366 2341 3422 deberet
2393 3368 2541 3422 dici?
2588 3366 2793 3423 Domus
2854 3368 2985 3423 Dei?
3030 3371 3391 3440 quodcunque

1812 3457 2111 3512 dixerimus
2143 3467 2248 3524 est,
2276 3458 2420 3526 quod
2454 3472 2560 3512 non
2596 3458 2661 3512 de
2691 3457 2830 3514 Filio
2852 3469 2934 3513 est
2964 3477 2977 3513 :
3005 3460 3238 3514 alienum
3272 3462 3388 3531 (85)

1813 3565 1843 3604 a
1874 3552 1963 3605 die
1988 3560 2089 3605 est.
2141 3550 2378 3618 Spiritus
2422 3550 2475 3605 in
2526 3552 2705 3607 medio
2748 3562 2992 3606 nostrum
3024 3562 3107 3607 est
3143 3570 3157 3606 :
3203 3554 3248 3607 si
3281 3570 3387 3608 non

1813 3642 2079 3710 spiritalia
2103 3642 2266 3696 locuti
2299 3641 2585 3706 fuerimus,
2623 3644 3015 3699 contristamus
3056 3644 3303 3713 spiritum
3333 3647 3386 3700 in

1812 3750 1918 3803 quo
1971 3735 2166 3804 signati
2221 3751 2426 3790 sumus.
2486 3735 2672 3793 Gloria
2729 3736 2848 3801 Dei,
2882 3737 3086 3792 veritas
3128 3739 3246 3802 Dei,
3279 3753 3385 3791 non

1810 3828 2006 3897 quaerit
2033 3843 2061 3879 a
2104 3838 2156 3881 te
2187 3827 2391 3894 laudes,
2422 3829 2518 3882 sed
2548 3845 2647 3883 nec
2674 3828 2741 3883 ab
2765 3830 2992 3901 angelis.
3033 3829 3148 3884 Non
3176 3832 3295 3886 dico
3329 3842 3389 3885 ut

1810 3935 1840 3972 a
1879 3929 1948 3983 te,
1982 3919 2073 3973 sed
2102 3920 2297 3988 quaerit
2334 3935 2365 3973 a
2418 3930 2471 3975 te
2516 3931 2575 3975 ut
2625 3937 2892 3992 agnoscas
2925 3938 3046 3977 eum
3086 3941 3099 3977 :
3130 3925 3387 3991 prodesse

1810 4011 1955 4066 enim
1989 4011 2037 4066 ei
2070 4023 2247 4080 potes,
2282 4012 2326 4067 si
2359 4026 2483 4066 eum
2527 4015 2849 4082 agnoveris?
2899 4027 2990 4070 aut
3024 4015 3217 4071 lumini
3254 4033 3386 4087 pro-

1808 4103 1948 4168 dest,
1979 4116 2104 4158 cum
2154 4105 2342 4159 vides?
2369 4114 2428 4158 ut
2456 4106 2698 4162 dicamus
2727 4108 2853 4177 quia
2893 4118 2943 4163 et
2976 4109 3085 4164 Deo
3126 4111 3386 4179 prodesse

1808 4204 2009 4264 potest.
2065 4196 2206 4250 Deus
2250 4196 2394 4249 enim
2426 4197 2537 4252 vult
2591 4208 2641 4253 te
2670 4213 2967 4269 agnoscere
2998 4215 3078 4256 se.
3127 4202 3382 4271 Coguitio

1808 4310 1953 4364 enim
2005 4311 2098 4365 Dei
2144 4323 2347 4366 interna
2387 4314 2494 4368 vita
2539 4324 2656 4381 est;
2709 4330 2814 4370 non
2852 4314 2987 4380 Deo,
3034 4317 3129 4370 sed
3176 4316 3260 4371 his
3289 4319 3380 4386 qui

1809 4413 2164 4472 cognoscunt.
2216 4404 2291 4459 lla
2320 4407 2465 4461 enim
2506 4415 2561 4461 et
2598 4408 2859 4463 Dominus
2890 4411 3225 4477 pronuntiat.
3252 4408 3380 4465 Ηιεε

141 4474 497 4569 εθιιιειιᾎάυιητ
531 4471 801 4542 Ψ¹⁰¹¹¹⁰ι¹⁰
847 4486 1068 4541 ³Βθ¹η¹¹³
1119 4466 1361 4569 βτθιίξίξῗ
1393 4465 1507 4569 Nf)"
1553 4463 1703 4569 εἶφ’
1737 4513 1782 4569 ι)
1810 4504 1884 4548 est
1913 4505 2091 4549 autem
2122 4497 2228 4549 vita
2256 4507 2474 4565 (eterna,
2506 4507 2564 4551 ut
2593 4463 2907 4568 cognoscan;
2938 4511 2986 4553 te
3010 4500 3180 4553 solum
3205 4518 3379 4555 verum

140 4570 285 4624 ciunt
316 4567 507 4637 linguae
538 4577 759 4630 nostrae,
778 4580 882 4619 non
917 4562 1272 4628 ora,etiamsi
1302 4559 1505 4613 fuerint
1535 4559 1701 4611 mille.

138 4660 252 4714 Non
280 4657 571 4714 sufﬁcimus
616 4673 738 4721 nos,
776 4655 1056 4725 adjutores
1080 4668 1407 4725 quairamus.
1437 4650 1706 4720 Adjuvent

141 4767 237 4807 nos
267 4753 440 4821 angeli
476 4769 489 4806 :
536 4752 816 4805 nobiscum
859 4751 1091 4820 gratiam
1124 4749 1352 4803 reddant
1386 4754 1441 4800 et
1473 4748 1706 4801 archan-

140 4844 265 4913 geli,
321 4857 378 4897 ut
433 4853 490 4898 et
534 4843 636 4913 ipsi
694 4842 984 4914 gaudeant.
1038 4839 1097 4894 Si
1137 4840 1354 4909 quidem
1414 4846 1469 4892 et
1522 4838 1703 4891 omnis

137 4947 388 4993 creatura
448 4948 638 5007 parata
677 4944 779 4993 est.
824 4935 1066 4990 l’arturit
1098 4936 1241 4990 enim
1283 4943 1338 4988 et
1396 4932 1702 5002 ingemiscit

138 5040 195 5086 et
225 5040 499 5098 exspectat
532 5038 770 5084 nostram
806 5030 1056 5093 salutem,
1102 5037 1162 5081 ut
1192 5035 1246 5081 et
1289 5026 1403 5095 ipsa
1440 5026 1703 5080 liberetur

140 5137 175 5176 a
205 5122 402 5177 dolore.
437 5120 722 5177 Liberatur
750 5121 895 5176 enim
924 5130 979 5175 et
1017 5119 1096 5174 sol
1126 5134 1193 5173 ne
1220 5118 1359 5173 ultra
1399 5118 1656 5171 adoretur
1684 5133 1698 5171 :

142 5228 199 5272 et
252 5217 397 5282 luna,
460 5233 528 5272 ne
588 5218 704 5287 ipsa
756 5216 1177 5272 calumnietura
1230 5215 1484 5270 deitate:
1531 5214 1702 5270 stella:

138 5312 321 5376 etiam,
369 5320 428 5364 ut
474 5326 578 5364 non
609 5310 1047 5365 contaminentur
1090 5308 1282 5364 hostiis
1316 5328 1328 5363 :
1365 5319 1421 5363 ut
1447 5310 1558 5378 jam
1593 5324 1701 5364 non

141 5402 279 5457 male
327 5402 591 5457 conﬂatur
640 5412 923 5473 argentum
976 5421 990 5456 :
1042 5417 1255 5470 aurum,
1292 5414 1350 5459 ut
1397 5420 1503 5461 non
1552 5406 1701 5463 coin-

213 5516 256 5549 "
291 5514 443 5571 Joan.
477 5533 611 5583 xvu,
641 5516 694 5572 5.
771 5517 861 5571 ⁷⁸1
893 5517 1033 5574 Tim.
1056 5533 1131 5587 Vl,
1165 5519 1253 5576 £6.

212 5631 319 5756 (83‘)
351 5631 450 5687 Ms.
479 5630 747 5692 Conﬂetur
770 5645 1062 5706 argentum,
1088 5652 1298 5707 aurum,
1335 5650 1390 5696 ut
1421 5657 1524 5698 non
1549 5644 1697 5701 coin-

212 5718 289 5756 tne
314 5718 392 5756 ur.

141 5718 392 5775 qumetur.

1810 4586 1997 4650 Deum,
2034 4600 2080 4642 et
2129 4605 2282 4659 quem
2333 4591 2527 4644 misisti
2569 4590 2753 4645 Jesum
2791 4590 3058 4645 Christum
3092 4593 3160 4647 ".
3210 4592 3383 4647 Verus

1809 4678 1951 4735 Deus
1994 4690 2079 4734 est
2132 4680 2293 4737 Pater
2339 4682 2392 4735 in
2447 4696 2513 4737 eo
2554 4684 2698 4752 quod
2751 4700 2856 4738 non
2893 4694 3052 4738 natus
3078 4694 3181 4740 est.
3212 4684 3382 4740 Verus

1808 4769 1980 4827 Filius
2008 4781 2090 4827 est
2115 4776 2168 4826 in
2193 4788 2257 4828 eo
2282 4775 2424 4843 quod
2454 4784 2536 4830 est
2565 4776 2890 4845 unigenitus.
2927 4774 3040 4830 Non
3062 4776 3204 4830 enim
3229 4792 3382 4832 men-

1811 4864 2024 4919 dacium
2069 4866 2251 4932 genuit
2282 4880 2460 4919 verus.
2514 4862 2622 4921 Sed
2667 4881 2829 4921 verus
2881 4865 3045 4920 Pater
3081 4867 3221 4921 Deus
3269 4881 3378 4921 non

1812 4965 1971 5010 natus
2004 4974 2018 5010 :
2048 4972 2205 5011 verus
2247 4955 2389 5011 Deus
2417 4956 2587 5011 Filius
2631 4958 2963 5028 unigenitus.
3002 4956 3136 5012 Nam
3167 4969 3223 5013 et
3249 4959 3379 5014 illud

1809 5045 1952 5112 quod
2003 5045 2203 5098 dictum
2251 5056 2381 5099 est:
2424 5045 2579 5100 Solus
2630 5046 2785 5101 habet
2832 5046 3282 5101 immortalitatem
3307 5047 3374 5114 ⁷³,

1807 5151 1996 5190 verum
2027 5145 2128 5192 est.
2157 5139 2202 5190 Α
2228 5140 2521 5207 semetipso
2554 5138 2699 5194 enim
2729 5140 2876 5194 solus
2908 5140 3088 5194 habet.
3115 5139 3220 5194 Sed
3269 5139 3377 5195 sic-

1809 5242 1870 5288 ut
1916 5229 2076 5285 Pater
2109 5231 2277 5284 vitam
2329 5231 2491 5285 habet
2519 5231 2574 5284 in
2623 5232 2913 5300 semetipso
2966 5252 2978 5285 :
3018 5232 3089 5285 ita
3134 5241 3188 5285 et
3235 5230 3376 5286 Filio

1811 5324 1961 5380 dedit
1990 5323 2154 5378 vitam
2207 5322 2405 5379 habere
2458 5323 2509 5377 in
2562 5323 2874 5391 semetipso.
2906 5320 3057 5377 Unus
3088 5337 3217 5391 ergo
3268 5337 3375 5376 non

1808 5425 1992 5485 natus,
2029 5426 2085 5471 et
2131 5430 2269 5491 unus
2309 5415 2643 5484 unigenitus,
2687 5422 2743 5469 et
2788 5430 2927 5471 unus
2973 5415 3208 5485 Spiritus
3245 5429 3377 5473 san-

2029 5642 2227 5721 Mant
2260 5662 2374 5721 nor:
2394 5662 2522 5700 vane
2555 5646 2938 5721 comburatur.‘

1878 5714 1988 5780 (85)
2028 5715 2073 5768 A
2097 5717 2181 5771 die
2210 5726 2304 5772 est.
2333 5716 2498 5774 Forte
2524 5734 2555 5772 a
2580 5715 2686 5771 Deo
2709 5725 2807 5771 est.
