3810 6218
485 303 627 367 1059

1192 305 1458 362 EUSEBII
1495 304 1976 364 CAESARIENSIS
2011 307 2162 362 OPP.
2204 307 2385 362 PARS
2422 307 2513 362 IV.
2553 340 2625 348 ——
2664 307 3089 364 DOGMATICA.

3639 309 3751 364 1060

484 435 625 480 ctus.
644 421 766 476 Haec
784 419 916 474 dicit
933 435 1034 473 una
1068 419 1306 473 Ecclesia
1330 438 1344 472 :
1367 420 1470 472 hoc
1494 419 1854 488 consignatur
1891 419 1944 472 in
1975 434 2081 474 uno
2108 427 2158 482 Α
2183 422 2515 478 sentiantur.
2547 420 2657 476 Ista
2684 420 2831 475 enim
2855 430 2942 474 est
2973 430 3176 474 aeterna
3201 421 3334 474 vita.
3360 417 3423 473 In
3448 418 3554 473 bis
3575 421 3753 474 erimus

483 515 756 584 baptismo
786 530 800 566 :
829 513 942 565 haec
973 511 1175 578 scripta
1200 520 1328 563 sunt
1358 511 1412 563 in
1444 511 1707 579 sanguine
1737 521 2063 580 martyrum,

481 615 540 660 et
565 617 690 659 ante
727 613 998 673 martyres
1045 603 1096 655 in
1128 601 1392 670 sanguine
1429 600 1656 654 Christi.
1694 598 1808 655 Nec
1840 616 2066 670 spernas

482 698 602 766 ejus
658 695 977 765 sanguinem
1003 693 1150 762 quod
1189 693 1265 745 tui
1319 702 1543 762 propter
1579 691 1782 747 eﬂ'usus
1813 701 1896 746 est
1927 692 2062 762 (86).

483 789 684 844 Effudit
721 790 864 843 enim
897 802 1052 841 suum
1090 786 1409 856 sanguinem
1453 784 1713 839 Dominus
1742 795 1800 838 ut
1824 784 2064 838 salvare-

482 885 583 947 ris,
618 891 673 937 et
703 892 759 935 ιιι
794 880 962 934 audes
991 896 1053 934 ea
1085 880 1265 934 delere
1302 893 1423 948 quae
1460 891 1558 946 per
1583 877 1905 947 sanguinem
1937 884 2063 932 sunt

481 974 724 1044 scripta?
758 973 850 1027 sed
877 973 1018 1042 quod
1052 985 1149 1042 per
1175 971 1492 1040 sanguinem
1518 971 1780 1038 scriptum
1810 982 1915 1035 est,
1953 985 2060 1024 non

480 1067 714 1120 deletur.
744 1065 881 1119 Vide
909 1079 1041 1119 sane
1072 1079 1141 1118 ne
1170 1073 1226 1117 et
1267 1073 1325 1117 tu
1373 1063 1439 1117 de
1473 1050 1612 1116 libro
1654 1063 1776 1116 vitae
1803 1063 2053 1118 deleatis.

484 1158 659 1210 Adora
691 1172 859 1220 unum
913 1171 1020 1210 non
1069 1167 1278 1217 natum,
1319 1167 1375 1209 et
1406 1171 1569 1209 unum
1607 1156 1963 1224 unigenitum,
1995 1171 2062 1211 ne

374 1238 386 1250 ’
481 1265 709 1318 spernas
737 1263 900 1303 unum
932 1247 1206 1316 spiritum.
1246 1248 1425 1302 Adora
1461 1248 1702 1312 Patrem,
1733 1257 1789 1302 et
1831 1250 2062 1304 salvabit

479 1350 535 1394 te
550 1339 722 1395 Filius
755 1359 768 1394 :
804 1342 967 1394 adora
994 1339 1216 1403 Filium,
1240 1350 1294 1393 et
1318 1340 1577 1408 suscipiet
1601 1351 1652 1394 te
1686 1356 1781 1406 per
1805 1356 1926 1394 eum
1956 1343 2059 1394 Pa-

480 1442 584 1486 ter.
618 1433 890 1488 Conﬁtere
923 1433 1208 1501 Spiritum,
1235 1442 1290 1485 et
1333 1433 1573 1500 impertit
1602 1433 1714 1502 (87)
1747 1434 1840 1488 tibi
1886 1433 2058 1489 Filius

482 1525 764 1596 Spiritum.
833 1525 959 1580 Haec
1021 1525 1296 1589 dicantur,
1359 1524 1472 1578 hanc
1524 1525 1873 1594 cOgitentnr,-
1931 1525 2050 1580 hare

2174 516 2294 572 sine
2336 514 2457 577 lite,
2491 512 2608 566 sine
2631 511 2838 580 jurgio,
2878 511 2997 566 sine
3041 511 3414 566 contentione.
3451 510 3555 564 Ad
3596 526 3753 581 pacem

2173 608 2321 662 enim
2349 619 2449 659 nos
2479 603 2694 658 vocavit
2717 602 2879 658 Deus.
2919 601 3038 671 lpse
3072 603 3218 657 enim
3252 600 3524 656 Christus
3562 612 3651 656 est
3673 618 3754 670 pax

2173 709 2361 755 nostra
2415 716 2429 752 :
2479 696 2536 751 In
2580 697 2698 766 ipso
2733 695 2912 750 vocati
2944 711 3153 750 sumus.
3189 693 3327 761 Quid
3360 694 3617 748 dimissa
3651 709 3755 762 pace

2171 791 2296 846 lites
2355 788 2721 844 assumimus?
2779 789 2897 842 Non
2959 789 3159 842 audisti
3220 802 3343 842 eum
3405 787 3755 842 dicentem:

2169 885 2361 939 Pacem
2416 899 2586 936 meam
2635 887 2703 934 do
2756 882 2932 948 vobis,
2987 897 3164 950 pacem
3215 896 3389 933 meam
3451 880 3758 947 derelinqmo

2166 977 2311 1032 vobis
2354 975 2442 1030 τοι
2475 975 2642 1030 Suam
2685 989 2875 1043 pacem
2909 976 3000 1030 dat
3033 975 3190 1030 nobis
3237 973 3541 1037 Dominus,
3582 978 3639 1026 et
3681 986 3760 1026 nos

2162 1067 2342 1137 jurgia
2377 1081 2409 1121 e
2454 1075 2641 1120 contra
2680 1066 3010 1120 inducimus.
3057 1064 3210 1119 Finis
3251 1075 3439 1118 autem
3490 1063 3760 1118 sermonis

2168 1159 2274 1214 iste
2308 1160 2398 1214 sit.
2432 1158 2616 1213 Gloria
2649 1160 2741 1212 uni
2782 1175 2888 1211 non
2939 1168 3066 1212 nato
3120 1158 3231 1210 Deo
3267 1173 3362 1227 per
3410 1171 3605 1210 unum
3655 1155 3762 1208 uni-

2167 1252 2407 1320 genitum
2458 1249 2628 1304 Deum
2670 1249 2864 1304 Filium
2915 1249 3006 1302 Dei
3061 1250 3110 1302 in
3144 1265 3251 1303 uno
3283 1248 3501 1318 Spiritu
3557 1260 3759 1309 sancto,

2165 1356 2220 1396 et
2249 1357 2392 1396 nunc
2411 1351 2466 1396 et
2499 1356 2714 1411 semper
2738 1351 2793 1396 et
2827 1357 2924 1410 per
2953 1341 3136 1396 omnia
3161 1340 3356 1396 saecula
3405 1340 3759 1393 saeculorum.

2165 1435 2360 1490 Amen.

509 1785 3744 1816 h—I——_——-——-———_——-————W

1571 1981 1928 2069 LIBER
2003 1981 2660 2072 SECUNDUS.

2060 2181 2129 2195 _

544 2339 683 2406 lPuto
707 2340 883 2394 adhuc
913 2352 1074 2392 aures
1107 2335 1346 2404 obstrepi
1382 2350 1532 2389 meas
1555 2349 1583 2388 a
1618 2336 1876 2389 memoria
1923 2335 2065 2389 beati
2097 2345 2140 2399 Β
2172 2329 2434 2391 Dominus
2482 2330 2713 2391 reddens
2756 2354 2974 2392 causam
3005 2338 3088 2392 sui
3120 2339 3389 2392 adventus
3422 2333 3481 2392 in
3533 2339 3748 2406 mundo,

475 2432 628 2486 illius
665 2431 765 2483 viri
802 2429 942 2499 (88),
969 2428 1061 2497 qui
1082 2427 1171 2480 illa
1199 2426 1447 2496 religiosa
1478 2423 1790 2494 frequenter
1818 2440 1948 2479 usus
1976 2434 2057 2480 est

474 2536 634 2575 voce.
661 2519 796 2572 Nam
829 2527 886 2573 et
912 2531 1072 2571 aures
1095 2526 1293 2570 vestra:
1315 2515 1492 2567 adhuc
1525 2514 1724 2567 bonum
1755 2512 1870 2576 (89)
1907 2514 2053 2568 illius

471 2611 625 2666 vocis
676 2611 936 2665 retinent.
973 2610 1112 2663 Puto
1163 2608 1306 2660 enim
1347 2621 1432 2659 me
1481 2606 1671 2658 audire
1703 2622 1822 2658 eum
1868 2606 2055 2659 dicen-

475 2713 582 2758 tem
619 2722 632 2754 :
664 2699 975 2770 Unigenitus
1012 2699 1104 2752 Dei
1144 2695 1319 2750 Filius
1347 2697 1414 2750 8°.
1443 2696 1579 2749 Ecce
1615 2695 1757 2749 enim
1785 2695 1896 2765 (90)
1928 2695 2056 2749 reli-

471 2797 621 2865 giosa
658 2809 764 2848 vox
794 2807 890 2862 per
914 2809 975 2845 ns
997 2793 1113 2860 ejus
1149 2804 1364 2858 semper
1391 2788 1760 2858 premebatur.
1794 2787 2054 2841 Memoria

469 2887 622 2940 enim
676 2893 795 2940 erat
842 2882 1120 2956 Unigeniti
1163 2882 1246 2947 ad
1300 2879 1529 2948 gloriam
1559 2894 1666 2933 non
1713 2880 1824 2932 nali
1854 2877 2054 2933 Patris.

471 2979 792 3033 Audivimus
841 2985 1022 3030 autem
1070 2973 1377 3044 apostolum
1425 2971 1828 3042 praecipientem
1882 2971 2056 3025 hono-

473 3071 586 3126 rari
634 3069 837 3139 duplici
902 3069 1112 3122 honore
1167 3065 1365 3119 debere
1419 3063 1772 3133 presbyteros
1803 3061 1846 3092 ⁸¹
1892 3075 1908 3113 :
1962 3077 2056 3116 eos

473 3161 712 3216 maxime
739 3161 834 3229 qui
861 3158 1114 3211 laborant
1140 3155 1194 3208 in
1222 3155 1388 3207 verbo
1413 3161 1468 3205 et
1490 3150 1755 3205 doctrina.
1783 3148 1884 3215 Qui
1908 3150 2054 3202 enim

470 3251 790 3322 pudicitiam
838 3250 988 3313 colit,
1041 3249 1218 3302 bonas
1264 3256 1348 3301 est
1395 3244 1500 3300 sibi
1541 3262 1556 3299 :
1599 3253 1654 3299 et
1691 3243 1782 3312 qui
1817 3242 2052 3312 jejunat,

468 3343 640 3396 etiam
701 3341 747 3396 si
798 3341 1001 3396 bonum
1057 3338 1222 3394 faciat
1267 3352 1424 3406 opus,
1461 3345 1643 3390 tamen
1679 3337 1826 3390 sibi:
1871 3345 1927 3390 et
1962 3335 2054 3404 qui

471 3436 784 3502 miseretur,
821 3443 876 3489 et
925 3431 1033 3488 sibi
1070 3431 1505 3486 misericordiam
1549 3438 1730 3498 parat,
1768 3437 1826 3483 et
1868 3428 1918 3482 ei
1965 3427 2055 3483 cui

467 3554 700 3625 praebet.
733 3552 838 3620 Qui
867 3560 1048 3604 autem
1083 3549 1404 3619 religionem
1433 3544 1732 3602 secundum
1768 3545 2051 3599 veritatem

468 3646 649 3710 docet,
674 3653 730 3698 et
775 3642 878 3697 sibi
911 3643 1052 3695 viam
1103 3650 1363 3694 aeternam
1397 3637 1654 3707 acquirit,
1701 3646 1758 3690 et
1798 3636 2053 3690 omnibus

468 3739 560 3809 qui
587 3739 872 3792 docentur.
903 3733 1023 3788 Non
1058 3743 1143 3787 est
1174 3741 1509 3800 praeceptum
1535 3730 1796 3798 apostolis
1827 3739 1885 3783 ut
1920 3744 2048 3797 pau-
2075 3746 2117 3804 ο

467 3844 630 3901 peres
673 3835 983 3898 pascerent,
1020 3825 1112 3880 sed
1147 3834 1205 3878 ut
1252 3834 1305 3877 et
1351 3822 1452 3891 ipsi
1495 3831 1873 3891 pascerentur.
1905 3819 2050 3874 Reli-

468 3923 645 3994 gionis
671 3938 799 3992 ergo
829 3919 1144 3990 praidicatio
1180 3917 1351 3985 major
1373 3925 1459 3972 est
1481 3931 1508 3968 a
1533 3915 1904 3970 misericordia
1928 3929 2050 3984 quae

468 4016 530 4071 ﬁt
575 4015 642 4069 ad
687 4015 936 4069 homines
970 4033 982 4068 :
1013 4019 1226 4080 oportet
1273 4010 1416 4064 enim
1470 4009 1702 4078 primum
1741 4021 1901 4062 nosse
1925 4022 2046 4061 eum

467 4108 694 4178 propter
730 4120 893 4174 quem
934 4103 1068 4157 ﬁunt
1097 4118 1160 4156 ea
1192 4116 1312 4170 quae
1342 4101 1502 4165 ﬁunt,
1533 4109 1587 4154 et
1621 4099 1694 4153 ita
1734 4098 1912 4152 facere
1946 4097 2050 4152 mi—

467 4194 824 4250 sericordiam
854 4207 871 4246 :
921 4191 1294 4259 unusquisque
1323 4190 1467 4242 enim
1495 4189 1588 4258 qui
1635 4198 1912 4256 operatur,
1943 4187 2048 4242 sibi

468 4288 706 4360 acquirit
737 4299 871 4355 opus
903 4302 916 4338 :
953 4282 1269 4349 praedicatio
1293 4290 1473 4333 autem
1517 4280 1763 4333 veritatis
1795 4278 1911 4333 ilch
1939 4285 2044 4342 est,

467 4390 690 4451 propter
727 4392 889 4447 quam
921 4386 975 4430 et
1006 4373 1174 4428 Filius
1207 4373 1355 4425 venit
1392 4372 1444 4424 in
1481 4385 1726 4438 corpore.
1765 4369 1880 4424 Non
1910 4370 2048 4424 dixit

469 4470 756 4531 Dominus,
784 4466 932 4520 Beati
964 4463 1105 4518 oculi
1135 4475 1325 4515 eorum
1375 4458 1467 4528 qui
1519 4457 1786 4525 jejunant,
1834 4455 1929 4512 sed
1967 4456 2048 4510 vi-

467 4563 734 4625 dentium,
755 4559 955 4629 inquit,
984 4571 1046 4611 ea
1077 4569 1197 4625 qum
1222 4553 1417 4607 videtis
1434 4551 1500 4604 δ’.
1527 4551 1630 4605 Sed
1653 4566 1755 4604 non
1777 4564 1877 4620 ego
1905 4563 2048 4602 nunc

463 4655 638 4711 bonos
669 4664 824 4707 actus
865 4659 1066 4705 aecuso.
1097 4667 1110 4702 :
1152 4647 1248 4700 sed
1277 4646 1418 4698 sicut
1440 4643 1594 4698 stella
1630 4644 1800 4696 stellae
1829 4641 2046 4710 praefert

466 4747 662 4818 gloria,
703 4745 778 4798 ita
816 4753 871 4798 et
902 4751 1054 4797 actus
1089 4739 1200 4812 (91)
1250 4738 1462 4792 actibus
1511 4732 1767 4790 diﬁerunt
1819 4735 2041 4787 honore.

467 4841 750 4894 Summum
807 4835 950 4888 enim
993 4842 1048 4885 et
1085 4830 1434 4899 prmcipuum,
1475 4834 1528 4880 et
1568 4826 1800 4895 primum
1853 4823 2046 4876 funda-

465 4937 708 4985 mentum
741 4936 796 4980 et
843 4925 991 4976 radix
1030 4921 1272 4975 omnium
1297 4934 1521 4988 operum
1549 4933 1668 4986 qua:
1702 4918 1856 4980 liunt,
1909 4917 2042 4970 ﬁdes

465 5031 551 5076 est
573 5033 721 5074 vera.
745 5017 882 5070 Dicit
909 5015 1052 5068 enim
1085 5011 1342 5066 Dominus
1365 5025 1379 5062 :
1402 5009 1512 5078 Ego
1533 5018 1747 5078 propter
1775 5008 1870 5061 hoc
1899 5009 2035 5071 veni,

2158 2427 2288 2482 dicit
2313 2429 2436 2497 quia
2478 2429 2598 2482 ideo
2630 2440 2788 2484 natus
2817 2447 2957 2491 sum.
3004 2440 3059 2485 et
3109 2431 3230 2484 ideo
3274 2432 3402 2485 veni
3440 2433 3501 2486 in
3555 2434 3749 2486 mundo

2159 2529 2218 2574 ut
2246 2529 2412 2575 tester
2437 2522 2676 2585 veritati,
2706 2531 2761 2576 et
2788 2533 2842 2574 tu
2871 2523 3102 2576 abnuis?
3132 2522 3265 2577 Nam
3302 2535 3358 2577 et
3381 2523 3596 2580 Petrus
3631 2527 3749 2579 bea-

2157 2619 2264 2675 tus,
2297 2612 2489 2666 beatus
2531 2613 2734 2668 dicitur
2767 2613 2837 2678 ⁸⁸,
2867 2631 2973 2668 non
3021 2614 3092 2668 ob
3115 2614 3405 2682 jejunium,
3459 2633 3656 2686 neque
3691 2615 3749 2671 ob

2155 2703 2301 2758 aliud
2356 2704 2574 2773 aliquod
2628 2721 2787 2775 opus,
2824 2708 2917 2761 sed
2974 2707 3100 2777 quia
3149 2707 3313 2761 Pater
3362 2707 3420 2761 ei
3483 2710 3750 2764 revelavit

2154 2793 2376 2848 Filium.
2413 2796 2480 2850 Et
2524 2797 2720 2851 iterum
2771 2798 2931 2854 Pater
2965 2799 3163 2868 ubique
3199 2799 3264 2854 de
3307 2799 3454 2854 Filio
3492 2811 3746 2855 testatur.

2154 2883 2288 2940 Nam
2333 2897 2388 2942 et
2441 2888 2495 2941 in
2546 2889 2814 2956 baptismo
2873 2888 3120 2956 Joannis,
3177 2899 3233 2942 et
3268 2892 3322 2943 in
3381 2901 3587 2945 monte
3623 2892 3746 2944 nihil

2153 2979 2298 3034 aliud
2326 2980 2700 3048 proclamavit,
2729 2980 2830 3035 nisi
2857 2980 2992 3034 :llic
3024 2990 3102 3034 est
3131 2980 3306 3033 Filius
3333 2996 3490 3034 meus
3527 2982 3749 3036 dilecti:-

2154 3074 2340 3138 simus,
2369 3073 2424 3126 in
2461 3089 2563 3142 quo
2602 3075 2724 3128 bene
2753 3073 3042 3140 complacui
3066 3071 3133 3128 ⁸⁵.
3169 3071 3440 3126 Similiter
3469 3083 3534 3128 et
3556 3073 3745 3128 Paulus

2156 3167 2280 3218 dum
2320 3165 2542 3219 doceret
2586 3166 2805 3219 dicebat
2838 3184 2850 3219 :
2899 3163 3325 3229 Fundamentum
3370 3167 3532 3220 aliud
3565 3179 3746 3236 pra-tn

2153 3274 2272 3312 eum
2293 3258 2383 3327 qui
2417 3265 2491 3310 est
2514 3257 2714 3324 positus
2753 3273 2901 3310 nemo
2945 3266 3110 3324 potest
3152 3273 3364 3324 ponere,
3394 3271 3605 3326 praeter
3639 3274 3743 3312 cui

2151 3349 2243 3416 qui
2293 3357 2366 3401 est
2415 3345 2652 3400 Christus
2703 3347 2860 3400 Jesus
2883 3346 2952 3401 ⁸⁸.
3011 3344 3069 3400 Si
3120 3347 3287 3417 igitur
3323 3349 3742 3404 fundamentum

2153 3439 2318 3493 fuerit
2343 3439 2572 3504 salvum,
2617 3450 2801 3507 sperat
2846 3439 3134 3493 mdilicatio
3180 3441 3317 3492 bene
3379 3441 3664 3509 proﬁcere
3694 3455 3742 3494 se

2152 3547 2313 3602 posse
2341 3549 2354 3586 :
2391 3533 2439 3588 si
2466 3532 2617 3587 radix
2648 3531 2813 3587 fuerit
2842 3547 2996 3597 sana,
3039 3545 3164 3600 spes
3188 3540 3276 3584 est
3310 3532 3536 3586 fructus
3561 3547 3629 3586 ex
3673 3545 3742 3585 ra-

2153 3625 2258 3679 mis
2290 3625 2554 3693 accipere.
2588 3625 2644 3678 Si
2671 3636 2852 3680 autem
2885 3625 3099 3679 inﬁrme
3115 3623 3279 3678 fuerit
3300 3621 3738 3685 fundamentum,

2153 3716 2206 3770 in
2256 3716 2498 3785 periculo
2547 3726 2675 3772 sunt
2731 3731 2794 3771 ea
2842 3731 2963 3786 qua:
3018 3724 3486 3786 superponuntur.
3543 3716 3739 3769 Aurum

2150 3810 2294 3864 enim
2347 3808 2492 3878 quod
2527 3823 2690 3879 super
2743 3808 3175 3872 fundamentum,
3221 3816 3276 3861 et
3327 3816 3656 3878 argentum,
3694 3819 3740 3859 et

2149 3906 2482 3975 margarita,
2535 3916 2594 3962 et
2639 3907 2846 3977 lapides
2890 3890 3139 3978 pretiosi,
3195 3918 3249 3962 et
3297 3907 3514 3972 fenum,
3562 3919 3619 3965 et
3655 3911 3740 3964 sti-

2149 3999 2310 4067 pulae,
2344 4009 2398 4054 et
2429 4000 2574 4070 ligna
2620 4010 2898 4071 ponuntur
2935 4017 2951 4054 :
2993 4001 3130 4056 nihil
3163 4000 3310 4056 aliud
3357 4001 3644 4069 signiﬁcat
3691 4004 3736 4056 in

2151 4092 2255 4146 hoc
2292 4091 2434 4157 loco,
2486 4093 2591 4147 nisi
2631 4093 2850 4162 quidem
2904 4093 3348 4163 praedicationem
3393 4109 3500 4164 per
3552 4110 3733 4150 aurum

2148 4192 2200 4238 et
2246 4192 2532 4254 argentum
2571 4195 2625 4238 et
2678 4184 2886 4255 lapides
2931 4185 3224 4255 pretiosos.
3277 4182 3353 4239 Ea
3394 4197 3589 4240 autem
3626 4200 3736 4256 qua:

2148 4287 2344 4345 praeter
2371 4278 2655 4332 veritatem
2691 4287 2840 4343 sunt,
2872 4279 2979 4348 igni
3032 4288 3220 4347 utpote
3269 4277 3458 4347 digna,
3509 4275 3637 4332 [eno
3689 4287 3735 4331 et

2149 4367 2360 4438 stipula:
2385 4378 2442 4424 et
2489 4370 2638 4439 ligno
2673 4371 3027 4439 comparavit.
3059 4371 3178 4423 Non
3225 4371 3374 4423 enim
3410 4370 3556 4423 dixit
3597 4372 3733 4439 Apo-

2147 4460 2352 4515 stolus:
2391 4460 2446 4514 Si
2481 4461 2604 4530 quis
2646 4476 2753 4516 non
2795 4461 3002 4515 dederit
3034 4462 3281 4531 pauperi,
3318 4464 3623 4516 anathema
3647 4464 3729 4517 sit.

2148 4552 2262 4608 Non
2300 4555 2399 4608 ista
2429 4556 2634 4624 denego
2678 4571 2694 4610 :
2733 4554 2828 4609 sed
2862 4569 2982 4623 qua:
3021 4555 3196 4618 prima
3227 4565 3379 4618 sunt,
3421 4555 3640 4622 prima;
3683 4563 3730 4606 et

2147 4659 2268 4713 quae
2325 4648 2602 4710 secunda,
2657 4646 2912 4700 secunda.
2970 4643 3156 4699 Primo
3202 4647 3464 4700 condisce
3520 4656 3730 4716 propter

2145 4751 2308 4805 quem
2342 4735 2500 4802 facis,
2535 4749 2590 4792 et
2623 4738 2694 4790 ita
2734 4738 2910 4792 facito.
2941 4737 3088 4790 Multi
3121 4739 3264 4792 enim
3303 4737 3590 4792 hominum
3636 4753 3726 4806 pes

2146 4827 2365 4881 coribus
2413 4838 2540 4882 sunt
2589 4828 2796 4882 similes
2838 4847 2851 4881 :
2902 4837 3093 4897 putant
3125 4842 3234 4880 non
3263 4841 3390 4881 esse
3423 4828 3726 4882 necessaria

2145 4935 2388 4990 quaerere
2423 4921 2490 4973 de
2522 4921 2607 4974 his
2632 4936 2753 4989 qua:
2783 4920 3062 4990 possibilia
3092 4929 3218 4973 sunt
3241 4932 3586 4988 quaerantur.
3613 4917 3726 4974 Sic.

2144 5021 2204 5066 ut
2224 5028 2356 5083 ergo
2382 5012 2449 5067 de
2477 5013 2562 5067 bis
2589 5028 2708 5082 quae
2737 5023 2962 5081 possunt
2986 5013 3178 5082 quaeri,
3215 5012 3474 5067 inertium
3505 5024 3588 5069 est
3621 5027 3718 5065 non

463 5125 512 5168 et
541 5119 753 5183 propter
777 5108 873 5162 hoc
902 5117 1056 5160 natus
1087 5121 1228 5172 sum,
1265 5114 1322 5156 ut
1361 5113 1516 5157 tester
1559 5103 1766 5155 veritati
1797 5103 1865 5155 ⁸³.
1916 5099 2034 5172 Ipse
2066 5095 2110 5150 D
2139 5117 2416 5173 quaerere;
2472 5103 2549 5156 ita
2594 5102 2659 5157 de
2713 5103 2798 5156 his
2831 5116 2951 5172 qua:
2999 5115 3105 5156 non
3157 5113 3384 5155 necesse
3417 5111 3506 5155 est
3541 5099 3719 5170 quaeri,

1123 5294 1170 5326 ³ο
1206 5294 1362 5348 Joan.
1409 5309 1449 5360 ι,
1509 5290 1607 5357 18;
1670 5307 1755 5353 ιιι,
1802 5290 1891 5348 l8.

515 5297 876 5358 "Joan.x1v,
927 5294 1056 5366 27.‘
1123 5294 1170 5326 ³ο
1206 5294 1362 5348 Joan.
1409 5309 1449 5360 ι,
1509 5294 1607 5357 18;
1670 5307 1755 5353 ιιι,
1802 5294 1862 5346 18

541 5369 731 5423 Matth.
780 5381 891 5430 xvr,
933 5366 1019 5420 17.
1098 5366 1144 5397 ⁸⁸
1171 5367 1358 5421 Matth.
1392 5380 1474 5430 ιιι,
1509 5360 1604 5428 17;
1645 5378 1778 5430 xvu,
1809 5364 1862 5417 5.

461 5368 512 5401 ³⁸
541 5353 731 5423 Matth.
780 5353 891 5432 xvi,
933 5353 1056 5420 17.’

535 5483 648 5556 (86)
689 5484 790 5560 1_'ui
810 5484 1255 5560 μωρίᾳ-,Ἕνεκα
1275 5483 1392 5546 σοῦ,
1420 5481 1616 5535 iterum
1641 5479 1780 5533 infra
1813 5481 2035 5560 sub'ﬁn.

463 5553 558 5610 lib.
591 5553 664 5620 vi,
693 5553 768 5608 De
789 5571 847 5608 eo
875 5555 1013 5623 quod
1039 5556 1114 5608 ait
1139 5554 1300 5608 Deus.

534 5623 650 5693 (87)
692 5623 952 5689 lmpertit.
979 5623 1144 5680 Forte
1173 5623 1448 5690 impertiat.

535 5626 625 5693 (87
692 5626 952 5689 lmpertit.
979 5626 1144 5680 Forte
1173 5626 1448 5690 impertiat.

535 5626 652 5764 (88)
693 5693 839 5747 Beati
862 5694 1007 5748 illius
1031 5696 1148 5748 viri.
1186 5694 1472 5762 Pamphili,
1505 5705 1564 5748 ut
1591 5693 1754 5747 Henr.
1786 5692 2032 5748 Valesius

459 5775 687 5843 censet;
713 5779 828 5844 nos
855 5766 1153 5846 Agapetum
1203 5767 1380 5867 p'otius
1412 5777 1665 5851 putamus
1695 5765 1912 5823 Eusebii
1939 5768 2034 5824 de-

2020 5290 2107 5344 “l
2140 5291 2281 5344 Tim.
2317 5305 2372 5354 ν,
2407 5289 2496 5345 17.

1942 5363 1989 5395 ³³
2032 5363 2055 5418 l
2088 5359 2215 5418 Cor.
2253 5375 2335 5427 ιιι,
2363 5362 2448 5419 11.
2539 5365 2562 5376 '

2590 5290 2638 5362 ξδ’
2663 5289 2797 5344 Luc.
2834 5305 2894 5354 x,
2927 5289 3019 5343 25.
3154 5287 3200 5320 ⁸³
3222 5287 3382 5344 Joan.
3427 5303 3589 5356 xvm,
3632 5284 3713 5338 37.

2145 5494 2442 5543 cessarem,
2474 5479 2541 5533 de
2591 5492 2699 5546 quo
2735 5476 2937 5532 Euseb.
2999 5475 3095 5530 lib.
3148 5491 3221 5529 vn
3281 5473 3430 5530 Ηιει.
3480 5489 3590 5545 cap.
3622 5469 3706 5530 52.

2145 5553 2211 5606 de
2248 5552 2438 5604 eodem
2475 5552 2632 5603 beato
2657 5549 2773 5602 viro
2801 5549 2942 5602 intra
2975 5548 3079 5600 col.
3114 5546 3272 5600 1065.

2213 5621 2325 5689 (89)
2368 5619 2593 5674 Bonum.
2624 5619 2871 5689 Valesius
2899 5617 3021 5689 legit
3054 5634 3262 5689 sonum.

2213 5687 2325 5757 (90)
2368 5690 2501 5743 Ecce
2533 5689 2690 5742 enim.
2741 5687 2982 5742 Valesius
3014 5688 3143 5754 legit
3172 5688 3284 5741 lure
3313 5688 3473 5743 enim.

2213 5762 2325 5837 (91)
2371 5761 2491 5832 Ms.,
2520 5760 2715 5818 Prwest
2746 5762 2940 5831 gloria,
2970 5761 3042 5814 ita
3065 5771 3111 5813 et
3145 5770 3322 5813 actus.
