3810 6218
84 285 298 344 1061
565 354 578 365 .
1025 290 1112 346 ne
1145 292 1302 351 FIDE
1332 294 1702 353 snvsnsus

1812 293 2160 354 ιειςιιιυιί.
2198 324 2270 340 ι·-
2304 296 2431 353 LIB.
2474 298 2542 355 ll.
3277 305 3417 365 1062

88 404 388 460 audacia
406 413 497 460 est
519 407 822 477 quaerendi.
846 408 983 477 Quae
1003 423 1135 482 ergo
1159 412 1355 468 debent
1387 415 1599 483 quatri?
1620 429 1743 485 quae
1767 422 1816 479 Α
1841 425 1895 472 ει
1913 430 2022 471 nos
2051 415 2106 470 in
2129 430 2265 485 pace
2288 416 2522 483 vocavit,
2559 431 2668 473 non
2701 425 2878 474 tamen
2911 418 2981 476 ad
3010 418 3159 478 litem
3189 440 3204 476 :
3235 437 3414 495 pugna

88 495 470 554 invenimus
494 498 551 553 in
584 497 883 569 Scriptor-is
905 501 1082 572 posita
1115 519 1131 558 :
1158 519 1280 573 quae
1306 514 1484 561 autem
1508 506 1561 561 in
1589 506 1739 562 Scri-
1837 521 1945 561 non
1982 506 2166 573 docet,
2212 508 2309 563 sed
2337 509 2529 564 incitat
2559 509 2733 580 magis
2782 527 2796 564 :
2829 510 2898 566 lis
2934 527 3044 567 non
3084 527 3288 578 monet,
3315 517 3412 572 sed

88 586 336 651 pruris
380 602 489 643 non
541 589 882 659 invenimus,
931 607 1041 649 non
1090 609 1420 664 quaeramus.
1479 597 1538 652 Si
1586 598 1733 654 enim
1834 596 2106 654 ﬂammam
2136 601 2407 657 accendit.
2437 602 2728 657 Contentio
2752 614 2933 659 autem
2956 606 3112 677 equis
3138 610 3412 673 convenit,

86 692 437 747 oporteret
470 683 630 739 nobis
658 698 783 740 esse
824 686 1060 756 cognita,
1093 689 1280 758 utique
1325 690 1562 759 Spiritus
1603 707 1735 747 san-
1835 703 1943 744 non
1974 700 2155 746 tamen
2185 690 2442 749 Ecclesia
2466 692 2582 750 Dei.
2617 693 2717 762 Qui
2741 695 2892 751 novit
2919 710 2984 752 ea
3005 712 3127 767 quae
3155 698 3414 768 possibile

86 781 274 828 ctus
322 777 593 846 posuisset
639 792 703 832 ea
751 778 805 832 in
841 778 1140 849 Scripturis
1176 797 1191 835 :
1222 796 1330 836 non
1361 784 1732 839 sumus‘enim
1831 790 1922 835 est
1970 782 2132 847 scire,
2176 783 2368 839 doceat
2409 798 2533 840 cum
2577 786 2842 843 modestia
2890 802 3014 844 eum
3040 788 3133 859 qui
3171 790 3411 860 ignorat,

95 868 519 935 sapientiores
563 885 595 925 a
642 871 850 941 Spiritu
895 881 1106 933 sancto.
1147 872 1209 929 Si
1257 874 1460 930 dixerit
1497 875 1732 946 Spiritus
1832 886 1942 927 non
1971 880 2152 930 tamen
2190 874 2544 932 imitamenta
2589 893 2605 931 :
2646 878 3055 936 incitamentum
3086 881 3232 936 enim
3258 890 3313 936 ει
3339 883 3411 938 ad

90 972 381 1017 sanctus
413 980 428 1016 :
467 959 866 1019 Generationem
905 964 1021 1035 ejus
1048 965 1166 1035 quis
1194 966 1575 1021 enarrabit"?
1619 968 1731 1024 noli
1830 976 1897 1017 ea
1934 977 2056 1032 quae
2082 973 2270 1034 aperta
2320 974 2449 1021 sunt
2492 968 2893 1024 contentionem
2932 971 3077 1039 parit
3131 987 3283 1027 :non
3333 973 3410 1028 ita

94 1067 403 1121 quaerere
435 1068 611 1123 neque
644 1054 713 1110 ab
761 1053 1090 1121 hominibus,
1147 1071 1324 1126 neque
1380 1058 1447 1112 ab
1498 1058 1728 1128 angelis.
1830 1054 2224 1124 periclitemur,
2270 1057 2368 1114 sed
2400 1066 2516 1115 tute
2549 1059 2855 1130 loquamur.
2899 1060 2958 1117 Si
2989 1062 3120 1133 quid
3144 1064 3408 1132 scriptum

100 1143 263 1199 Cur
289 1145 576 1215 abnegavit
617 1144 875 1215 Spiritus,
904 1145 1042 1201 dixit
1072 1146 1218 1202 enim
1250 1148 1376 1217 quia
1416 1149 1728 1218 generatio-
1829 1163 1940 1204 non
1974 1157 2080 1214 est,
2140 1163 2208 1204 ne
2240 1151 2460 1221 quidem
2495 1151 2709 1207 dicatur
2748 1170 2766 1209 :
2811 1154 2859 1209 si
2888 1154 3017 1224 quid
3058 1164 3240 1210 autem
3270 1156 3408 1210 serio

94 1240 425 1311 nem-ejus
463 1241 585 1309 quis
606 1232 919 1295 e‘narrabit'?
950 1239 1043 1309 qui
1073 1248 1253 1294 autem
1277 1240 1527 1295 concedit
1552 1238 1728 1310 Spiri—
1827 1250 1981 1311 ptum
2010 1249 2112 1306 est,
2155 1256 2224 1297 ne
2264 1241 2545 1299 deleatur:
2567 1244 2686 1301 Non
2721 1260 2911 1303 sumus
2954 1246 3098 1302 enim
3130 1256 3406 1315 auctores,

102 1341 227 1386 tus
257 1348 525 1402 quaerere,
560 1330 708 1387 Unus
736 1331 879 1388 Deus
907 1348 974 1387 ea:
994 1347 1098 1403 quo
1129 1341 1253 1387 sunt
1289 1332 1490 1398 omnia,
1511 1342 1563 1387 et
1589 1349 1728 1388 unus
1827 1334 1924 1388 sed
1953 1332 2222 1403 discipuli.
2263 1331 2380 1389 Non
2425 1349 2549 1407 qua:
2581 1336 2855 1404 volumus,
2901 1338 2997 1394 sed
3031 1354 3096 1394 ea
3135 1338 3406 1409 quatiegi~

104 1422 411 1477 Dominus
428 1423 584 1478 Iesus
605 1439 698 1492 per
717 1439 870 1494 quem
902 1433 1024 1478 sunt
1050 1422 1230 1477 omnia
1256 1422 1303 1455 ⁸⁸
1330 1438 1346 1477 :
1371 1423 1726 1493 quemadmo—
1827 1439 1949 1479 mus
1985 1443 1999 1479 :
2036 1441 2141 1480 non
2172 1441 2235 1480 ea
2266 1442 2387 1496 quae
2409 1442 2478 1482 ex
2507 1431 2672 1485 corde
2701 1441 2847 1497 sunt,
2871 1431 2966 1487 sed
2993 1445 3057 1485 ea
3086 1448 3204 1502 qua:
3225 1448 3256 1487 a
3287 1434 3403 1504 spi-

99 1514 277 1568 dum
307 1524 488 1570 autem
521 1515 693 1570 Filius
737 1530 802 1570 ex
833 1514 1012 1578 Patre,
1039 1515 1202 1570 crede
1233 1516 1283 1570 ei
1316 1516 1408 1586 qui
1457 1516 1627 1580 novit,
1672 1517 1724 1570 ei
1824 1515 1936 1570 ritu
1969 1517 2020 1569 in
2046 1516 2347 1588 Scripturis
2385 1520 2587 1575 sanctis
2619 1531 2748 1577 sunt
2776 1524 2970 1592 posita.
3003 1525 3136 1592 Quis
3165 1527 3306 1581 enim
3340 1543 3403 1583 es

104 1607 228 1676 qui
268 1607 531 1662 noscitur.
567 1608 672 1662 Sed
703 1615 755 1661 tu
780 1607 1003 1677 quaeris,
1028 1615 1083 1661 et
1115 1607 1239 1677 quis
1267 1618 1351 1663 est
1374 1608 1468 1677 qui
1498 1608 1726 1678 promit-
1828 1616 1883 1661 tu
1919 1593 2010 1677 qui
2062 1608 2198 1664 dicis
2226 1619 2321 1664 aut
2352 1612 2444 1681 qui
2493 1613 2692 1668 audis?
2728 1614 2843 1668 vult
2889 1615 3086 1686 aliquis
3125 1615 3401 1673 Christum

98 1707 215 1752 tat.
274 1714 336 1755 se
370 1699 565 1755 nosse?
591 1699 769 1754 omnis
815 1698 961 1753 enim
1007 1700 1316 1769 quicunque
1346 1700 1619 1769 promittit
1663 1715 1722 1756 se
1753 1729 1796 1786 Β
1825 1698 2130 1766 honorare;
2179 1710 2241 1755 ut
2281 1702 2395 1756 vult
2455 1703 2569 1772 ipse
2600 1704 2870 1771 Christus,
2911 1722 3017 1762 non
3060 1717 3238 1764 tamen
3261 1720 3321 1764 ut
3341 1721 3399 1766 tu

107 1806 327 1857 nosse,
385 1795 615 1847 mendax
653 1799 757 1846 est.
815 1789 1191 1847 Pronuntiavit
1238 1792 1383 1847 enim
1439 1791 1715 1861 Dominus,

106 1884 290 1952 quod
349 1884 528 1938 nullus
585 1884 730 1939 norit
788 1883 892 1939 nisi
953 1883 1107 1940 solus
1156 1884 1320 1940 Pater
1374 1884 1613 1954 Filium,
1662 1896 1719 1941 et

100 1975 314 2031 Filius
348 1975 594 2031 Patrem.
643 1976 749 2030 Sed
777 1976 908 2031 dicit
939 1977 1159 2046 quidam
1194 1996 1209 2031 :
1245 1977 1562 2046 lgnoramus
1585 1992 1716 2048 ergo

104 2067 269 2138 quia
299 2077 385 2124 est
418 2066 580 2134 Deus,
612 2074 667 2121 et
710 2069 836 2138 quia
884 2083 988 2124 non
1024 2081 1185 2124 natus
1215 2080 1317 2137 est,
1351 2080 1408 2125 et
1445 2072 1718 2126 nescimus

106 2145 269 2229 quia
319 2172 376 2216 et
403 2160 575 2215 Filius
596 2171 660 2216 et
699 2161 1004 2231 unigenitus
1039 2171 1124 2217 est
1174 2160 1385 2218 Filius?
1439 2163 1717 2231 Quomodo

106 2264 320 2308 autem
358 2255 627 2309 nescimus
676 2255 800 2324 quia
844 2263 1003 2309 natus
1046 2254 1168 2309 est?
1224 2256 1348 2325 quia
1388 2267 1568 2310 autem
1610 2264 1715 2321 est,

107 2344 322 2399 omnis
341 2344 538 2400 clamat
558 2343 837 2415 Scriptura
869 2365 882 2400 :
912 2346 1364 2416 quemadmodum
1405 2355 1585 2401 autem
1609 2358 1715 2410 εει,

108 2445 176 2488 ει
216 2445 484 2505 quantum
516 2444 618 2500 est,
643 2436 786 2491 nulla
825 2421 968 2490 valet
1004 2448 1196 2491 natura
1227 2436 1429 2500 dicere,
1456 2450 1627 2507 neque
1648 2436 1718 2492 de

111 2523 325 2589 Patre,
357 2540 530 2594 neque
568 2528 634 2579 de
654 2524 809 2579 Filio.
846 2524 947 2592 Qui
969 2525 1114 2580 enim
1149 2525 1325 2579 dixit:
1367 2524 1538 2579 Nemo
1573 2525 1717 2580 novit

115 2614 382 2679 Patrem,
412 2616 513 2670 nisi
552 2615 725 2670 Filius
746 2616 810 2675 ⁸⁸.
840 2619 954 2687 ipse
985 2618 1119 2673 dixit
1151 2618 1275 2685 quia
1308 2624 1358 2671 et
1387 2615 1590 2670 Filium
1625 2633 1715 2670 ne—

109 2724 215 2761 mo
243 2709 411 2773 novit,
435 2708 538 2762 nisi
565 2707 727 2762 Pater
745 2708 812 2760 ὀ.
843 2707 1301 2775 Quemadmodum
1330 2708 1472 2762 enim
1499 2708 1717 2778 capiunt

114 2815 189 2853 ea
220 2815 347 2871 qua:
376 2815 472 2869 per
500 2800 692 2854 Filium
726 2800 863 2854 facta
894 2809 1039 2866 sunt,
1072 2814 1233 2854 nosse
1268 2815 1390 2853 eum
1427 2814 1522 2868 per
1554 2814 1713 2868 quem

114 2905 180 2949 et
211 2893 363 2948 facta
397 2893 561 2948 sunt?
607 2891 664 2947 Si
706 2893 871 2959 igitur
896 2892 1184 2963 imaginem
1227 2907 1335 2948 non
1367 2892 1479 2946 nati
1519 2901 1715 2946 natura

116 2999 245 3039 non
287 2984 531 3054 pervenit
562 2998 742 3050 nosse,
772 2984 1219 3052 quemadmodum
1255 2984 1428 3053 ipsum
1452 2983 1714 3053 principa-

115 3074 240 3131 lem
275 3076 389 3149 (92)
420 3078 881 3147 comprehendere
914 3076 1036 3146 quis
1068 3086 1246 3147 potest
1274 3087 1334 3131 ut
1358 3075 1540 3131 norit?
1575 3074 1715 3130 Sunt

120 3171 325 3241 itaque
362 3170 607 3241 quaedam
641 3168 800 3223 nobis
828 3168 1076 3234 dicenda,
1110 3177 1236 3223 sunt
1281 3176 1338 3222 et
1359 3165 1717 3238 quadam.“-

112 3265 306 3321 lentio
334 3264 577 3320 colenda.
618 3262 757 3318 Sunt
793 3261 1037 3331 quaedam
1069 3261 1124 3315 in
1152 3261 1397 3329 cogitatu
1426 3258 1711 3325 movenda,

120 3364 262 3413 sunt
302 3354 544 3425 quaedam
565 3362 620 3409 et
643 3354 991 3408 veneratione
1022 3367 1130 3408 non
1159 3353 1445 3409 movenda.
1483 3350 1621 3406 Sunt
1645 3344 1715 3406 de

120 3448 331 3517 quibus
374 3445 628 3501 convenit
673 3444 788 3515 sapi
831 3463 844 3497 :
889 3453 1015 3499 sunt
1060 3451 1116 3498 et
1160 3443 1227 3499 de
1268 3443 1465 3513 quibus
1502 3453 1714 3514 oportet

122 3538 343 3608 paveri.
368 3535 508 3591 Sunt
543 3551 665 3607 quae
685 3544 912 3604 possunt
947 3534 1131 3603 lingua
1155 3534 1506 3604 interpretari
1538 3552 1552 3589 :
1587 3544 1715 3590 sunt

124 3640 185 3683 et
225 3642 347 3697 qua:
372 3629 600 3698 possunt
634 3625 886 3698 religiose
925 3627 1113 3679 taceri.
1153 3624 1328 3680 Dicito
1365 3638 1522 3690 sane,
1561 3625 1714 3681 Unus

128 3720 281 3777 Deus
307 3734 334 3771 ιι
364 3735 471 3789 quo
519 3727 646 3774 sunt
676 3718 875 3781 omnia,
907 3728 960 3773 et
1003 3717 1179 3770 nullus
1205 3717 1401 3787 poterit
1424 3717 1713 3786 reprehen-

128 3815 284 3868 dere.
313 3810 379 3866 Si'
399 3820 576 3866 autem
597 3818 651 3864 et
675 3807 1078 3878 reprehenderit
1099 3809 1237 3878 quis,
1267 3823 1371 3862 non
1399 3817 1449 3861 te
1470 3808 1561 3862 sed
1587 3822 1710 3861 eum

118 3903 227 3974 qui
257 3902 496 3972 scripsit.
529 3900 587 3955 Si
628 3912 806 3954 autem
836 3911 891 3955 et
928 3894 1152 3954 Paulum
1176 3899 1267 3968 qui
1302 3899 1520 3968 scripsit
1549 3897 1711 3951 audet

130 3996 260 4064 quis
286 3995 704 4065 reprehendere,
732 4008 841 4047 non
871 3992 1116 4058 Paulum,
1148 3993 1242 4047 sed
1279 4007 1402 4046 eum
1434 3990 1524 4060 qui
1562 4003 1707 4045 sem-

128 4099 232 4154 per
266 4084 322 4138 in
352 4098 475 4138 eum
514 4080 631 4151 (95)
668 4084 877 4137 locutus
921 4093 1006 4137 est
1040 4081 1293 4137 Christus
1337 4078 1705 4149 reprehendit.

132 4176 193 4230 Si
217 4183 400 4228 autem
422 4171 624 4228 Christi
653 4173 816 4227 verba
847 4172 1244 4242 reprehendere
1268 4167 1390 4238 quis
1411 4167 1575 4222 fuerit
1610 4183 1709 4221 au-

130 4281 250 4332 sus,
279 4265 394 4335 ipse
419 4266 556 4319 dixit
583 4265 834 4320 Christus
880 4282 896 4319 :
930 4263 1061 4328 Qum
1109 4278 1200 4331 ego
1235 4261 1423 4332 loquor
1453 4276 1558 4313 non
1583 4266 1707 4313 sunt

126 4375 271 4424 mea,
309 4359 401 4413 sed
425 4356 589 4411 Pater
618 4358 705 4428 qui
726 4357 865 4410 misit
899 4371 1003 4421 me,
1030 4356 1141 4424 ipse
1168 4354 1402 4424 loquitur
1425 4368 1619 4422 penme
1636 4352 1703 4405 “.

134 4448 348 4505 Etenim
385 4462 560 4517 neque
598 4448 825 4517 gentiles
858 4461 1064 4511 sumus,
1106 4460 1282 4515 neque
1303 4443 1498 4511 Judaei,
1532 4458 1708 4512 neque

110 4542 400 4598 “haeretici.
440 4541 681 4597 Gentiles
711 4541 854 4596 enim
885 4555 992 4594 non
1030 4554 1236 4606 sumus,
1277 4538 1407 4608 quia
1438 4551 1544 4592 non
1574 4537 1708 4592 dici-

137 4649 257 4689 mus
280 4634 430 4688 deos.
458 4631 624 4688 Judaei
652 4646 757 4687 non
781 4645 988 4697 sumus,
1011 4630 1136 4699 quia
1162 4640 1217 4684 et
1236 4629 1511 4686 Christum
1536 4629 1705 4684 Deum

138 4721 475 4777 conﬁtemur.
527 4719 778 4775 Haeretici
812 4731 993 4775 autem
1025 4720 1146 4774 ideo
1185 4734 1290 4774 non
1335 4733 1545 4784 sumus,
1579 4720 1706 4788 quia

136 4812 462 4868 conﬁtemur
489 4811 649 4865 istum
691 4825 811 4865 esse
838 4809 931 4880 qui
973 4808 1142 4874 venit,
1170 4822 1333 4876 quem
1367 4807 1705 4877 praeveniens

143 4904 304 4959 Vetus
333 4902 738 4957 Testamentum
780 4916 876 4972 per
905 4904 1195 4971 prophetas
1237 4900 1550 4969 pradicavit
1577 4913 1707 4952 ven-

140 5003 339 5049 turum.
381 4992 439 5047 Si
472 4993 593 5061 quis
622 4991 764 5046 enim
799 4990 1034 5046 noluerit
1071 4991 1240 5055 litem,
1293 5004 1429 5058 opus
1461 5003 1567 5043 non
1604 4993 1705 5043 ba-

141 5087 249 5143 bet.
292 5084 388 5141 Est
415 5086 661 5155 quaedam
720 5083 982 5140 dubitatio
1041 5077 1181 5139 i'nter
1231 5081 1428 5138 fratres
1474 5101 1489 5137 :
1533 5082 1709 5152 primo

142 5192 261 5232 cum
296 5176 563 5232 charitate
593 5185 889 5246 quaeratur,
916 5185 977 5229 ut
998 5175 1139 5229 inter
1172 5173 1387 5229 fratres.
1419 5172 1533 5227 Non
1563 5173 1707 5228 enim

143 5267 493 5325 dissensionis
538 5277 622 5324 est
658 5268 799 5323 Deus
842 5276 939 5322 aut
986 5268 1103 5334 irae,
1138 5268 1229 5321 sed
1272 5265 1421 5335 pacis
1450 5267 1497 5298 ’³
1532 5283 1546 5320 :
1579 5265 1709 5335 quia

1821 1789 1924 1847 vis.
1957 1790 2015 1845 Si
2042 1803 2220 1847 autem
2261 1802 2455 1863 praeter
2475 1794 2529 1849 id
2566 1795 2706 1865 quod
2741 1795 2857 1850 vult
2893 1796 3266 1869 honoraveris,
3299 1801 3399 1856 ho-

1819 1896 1922 1936 nor
1945 1890 2069 1938 tuus
2096 1884 2163 1938 ad
2186 1885 2573 1940 contumeliam
2608 1896 2974 1942 convertetur.
3016 1889 3073 1944 Si
3103 1890 3398 1949 intereme-

1820 1974 1896 2028 tis
1924 1973 2041 2043 ejus
2067 1975 2308 2043 Patrem,
2340 1993 2449 2032 non
2483 1976 2761 2032 honorasti
2785 1979 3116 2047 progeniem.
3147 1979 3206 2035 Si
3232 1981 3401 2036 inter—

1818 2068 2017 2122 emeris
2054 2067 2276 2132 Filium,
2319 2084 2427 2123 non
2469 2069 2724 2123 dimisisti
2759 2068 2978 2124 Patrem
3025 2070 3078 2124 in
3109 2071 3396 2128 honorem.

1821 2157 1877 2211 Si
1912 2157 2053 2211 enim
2100 2171 2206 2212 non
2242 2157 2444 2212 dixeris
2485 2167 2692 2227 patrem
2728 2159 2965 2225 Patrem,
2999 2170 3053 2215 et
3084 2159 3275 2215 Filiqu
3304 2159 3399 2215 Fi-

1817 2250 1969 2321 lium,
2028 2265 2205 2321 neque
2256 2250 2470 2306 Patrem
2502 2268 2705 2321 neque.
2733 2251 2928 2306 Filium
2965 2252 3262 2307 conliteris.
3294 2252 3396 2320 Qui

1815 2340 1959 2395 enim
1995 2341 2109 2397 haec
2140 2342 2295 2408 dicit,
2329 2342 2451 2397 sine
2501 2342 2613 2397 Deo
2667 2351 2770 2398 εει.
2806 2342 2862 2398 Si
2890 2343 3036 2398 enim
3090 2343 3254 2398 Pater
3286 2358 3396 2399 non

1815 2442 1902 2488 est
1926 2433 2088 2488 Pater
2113 2472 2131 2499 ,
2188 2434 2303 2504 ipse
2340 2436 2484 2490 enim
2516 2435 2683 2491 Filius
2723 2444 2784 2490 ut
2828 2437 2938 2502 ais;
2987 2437 3184 2492 iterum
3226 2435 3397 2493 Filius

1816 2539 1923 2579 non
1959 2534 2043 2579 est
2065 2524 2254 2590 Filius,
2290 2526 2405 2595 ipse
2450 2526 2595 2582 enim
2627 2536 2681 2582 et
2713 2526 2877 2609 Pater
2907 2527 3068 2583 Pater
3094 2537 3179 2583 est
3219 2539 3277 2582 ut
3308 2527 3394 2582 di-

1815 2617 1896 2671 cis
1927 2615 2063 2688 (94).
2106 2616 2368 2687 Sequitur
2390 2618 2707 2687 periculum,
2739 2628 2799 2673 ut
2833 2634 3009 2689 neque
3037 2619 3200 2678 Pater
3233 2618 3396 2674 Pater

1816 2706 1909 2774 sit,
1954 2722 2131 2776 neque
2159 2706 2329 2763 Filius
2381 2707 2574 2775 Filius,
2629 2717 2685 2763 et
2734 2709 2863 2779 quid
2905 2708 3250 2765 tenebimus?
3288 2708 3395 2765 Sed

1815 2798 1978 2854 Pater
2002 2798 2163 2854 Pater
2182 2813 2312 2855 vere
2337 2808 2442 2863 est,
2476 2815 2581 2854 non
2616 2814 2783 2854 vacua
2814 2814 2916 2854 vox
2944 2799 3040 2854 sed
3072 2808 3264 2854 natura
3296 2814 3394 2855 ve—

1813 2889 2012 2944 ritatis.
2047 2888 2167 2943 Non
2202 2904 2375 2945 vanus
2405 2904 2607 2953 sermo,
2631 2890 2727 2945 sed
2754 2905 2916 2945 verus
2958 2888 3122 2946 Deus.
3152 2890 3270 2946 Non
3300 2892 3396 2962 qui

1816 2979 2037 3045 dicitur,
2068 2980 2163 3035 sed
2186 2979 2234 3035 is
2266 2980 2357 3049 qui
2381 2990 2464 3036 est
2492 2998 2508 3036 :
2542 2996 2647 3035 non
2669 2994 2736 3034 ex
2772 2980 2858 3035 his
2885 2995 3005 3050 quae
3035 2981 3264 3037 dicimus
3295 2981 3396 3037 tin-

1739 3071 1787 3136 α
1814 3070 1979 3139 gitur,
2028 3071 2125 3125 sed
2162 3071 2308 3141 quod
2335 3078 2420 3126 est
2446 3071 2781 3141 agnoscitur.
2829 3069 2990 3125 Pater
3031 3071 3175 3126 enim
3216 3085 3395 3143 neque
3498 3102 3505 3109 ν

1814 3183 1881 3223 ex
1910 3168 2038 3233 alio,
2060 3183 2237 3240 neque
2260 3182 2356 3239 per
2395 3168 2581 3236 alium,
2613 3184 2790 3241 neque
2825 3169 2993 3234 aliud,
3024 3172 3118 3226 sed
3160 3171 3282 3241 ipse
3308 3177 3396 3225 est

1814 3262 2033 3329 quiest.
2072 3260 2237 3318 Forte
2265 3263 2413 3319 enim
2461 3272 2516 3319 et
2541 3279 2609 3319 ex
2645 3263 2937 3333 semetipso
2967 3270 3023 3318 et
3061 3276 3157 3333 per
3187 3271 3395 3318 semet-

1814 3353 2028 3423 ipsum;
2052 3354 2208 3411 nobis
2236 3356 2634 3427 quodammodo
2666 3357 2997 3413 conveniens
3021 3364 3107 3412 est
3133 3370 3314 3412 sermo
3335 3364 3396 3411 ut

1815 3444 2049 3502 dicatur.
2088 3444 2329 3502 Necdum
2387 3455 2567 3503 tamen
2610 3446 2703 3502 illa
2747 3447 3138 3516 interpretatur
3175 3457 3390 3501 natura.

1812 3531 1924 3590 Nos
1941 3534 2087 3589 enim
2110 3543 2168 3588 ut
2192 3550 2300 3590 non
2332 3546 2605 3593 taceamus
2626 3536 2747 3593 ideo
2772 3535 3023 3592 dicimus.
3050 3535 3188 3604 Quid
3207 3546 3392 3593 autem

1810 3631 1896 3679 est
1922 3622 2066 3679 Deus
2102 3638 2212 3678 non
2243 3624 2666 3694 interpretamur
2692 3641 2708 3680 :
2742 3623 2874 3693 quid
2898 3621 3044 3678 enim
3086 3622 3279 3677 horum
3308 3623 3393 3675 in-

1815 3714 2135 3784 terpretatio
2167 3724 2252 3769 est
2285 3712 2404 3781 Dei,
2439 3715 2558 3770 sine
2588 3714 2766 3780 initio,
2806 3728 2913 3767 non
2949 3720 3130 3776 natus,
3166 3713 3392 3766 immor-

1814 3806 1960 3874 talis,
1994 3808 2361 3876 incorruptus,
2389 3806 2766 3871 immutabilis,
2799 3804 3112 3870 immobilis,
3144 3803 3389 3857 inacces-

1810 3897 2007 3964 sibilis,
2038 3897 2444 3964 inenarrabilis,
2492 3894 3095 3967 incomprehensibilis?
3128 3893 3234 3948 Per
3273 3893 3391 3948 haec

1809 4004 1941 4061 ergo
1967 3992 2149 4046 omnia
2200 4005 2310 4046 non
2336 4000 2421 4046 est
2446 3990 2654 4045 dictum
2700 3989 2830 4059 quid
2864 3997 2968 4054 est,
2995 3988 3087 4042 sed
3114 3985 3244 4056 quid
3279 3998 3388 4039 non

1809 4093 1895 4139 est
1936 4098 1954 4139 :
1994 4083 2142 4139 velut
2189 4083 2238 4139 si
2260 4083 2385 4153 quis
2411 4080 2765 4152 interpretari
2796 4096 2906 4136 non
2939 4078 3209 4135 sufﬁciens
3242 4076 3389 4147 quod

1806 4183 1896 4229 est
1935 4173 2139 4241 lumen,
2188 4172 2335 4228 dicat
2363 4173 2507 4241 quod
2537 4187 2644 4227 non
2678 4180 2763 4226 est
2796 4172 3164 4226 tenebrosum.
3196 4167 3390 4221 Dicere

1808 4276 1991 4321 autem
2016 4265 2160 4336 quod
2183 4265 2524 4320 tenebrosum
2554 4277 2662 4317 non
2680 4270 2783 4329 est,
2820 4276 2926 4315 non
2959 4259 3133 4314 solum
3164 4271 3267 4310 non
3291 4271 3389 4309 ex-

1812 4358 1988 4413 hibuit
2010 4368 2263 4413 naturam
2294 4354 2537 4420 luminis,
2571 4356 2664 4410 sed
2693 4362 2749 4409 et
2776 4352 2946 4422 magis
2980 4351 3215 4419 ipsarum
3243 4355 3388 4399 tene-

1808 4449 2030 4504 brarum
2069 4455 2320 4502 naturam
2352 4446 2592 4516 negavit.
2635 4441 2962 4499 Immortalis
2989 4439 3133 4494 enim
3163 4436 3383 4502 dicitur,

1808 4540 1935 4609 quia
1966 4554 2072 4594 non
2094 4540 2381 4605 morietur,
2413 4547 2468 4593 et
2492 4538 2836 4603 incorruptus
2865 4534 2990 4603 quia
3018 4546 3123 4586 non
3147 4544 3387 4585 corrum-

1807 4631 1973 4699 pitur.
2000 4627 2121 4684 Non
2162 4640 2341 4695 natus,
2385 4628 2477 4698 qui
2500 4625 2713 4681 initium
2746 4639 2853 4679 non
2881 4621 3063 4677 habet.
3100 4618 3224 4673 Haec
3260 4631 3383 4672 om-

1806 4720 1895 4775 nia
1924 4735 2032 4775 non
2062 4718 2194 4790 quid
2226 4728 2309 4774 est
2346 4718 2488 4773 Deus
2518 4716 2672 4782 dicit,
2719 4714 2815 4771 sed
2863 4712 2992 4784 quid
3022 4726 3127 4766 non
3153 4718 3256 4770 est.
3301 4706 3382 4765 Ita

1807 4827 1907 4882 per
1938 4826 2004 4866 ea
2035 4827 2157 4881 qua:
2188 4811 2419 4867 dicimus
2457 4810 2577 4865 sine
2607 4805 3056 4876 interpretatione
3095 4817 3218 4857 eum
3246 4816 3384 4857 con-

1802 4904 2040 4962 ﬁtemur.
2074 4903 2136 4959 Si
2169 4903 2466 4960 dixerimus
2494 4914 2616 4956 eum
2642 4900 2848 4956 fontem
2883 4896 3153 4959 veritatis,
3188 4908 3385 4950 nomen

1803 4994 2087 5050 veritatem
2109 5010 2218 5050 non
2243 4992 2483 5049 exhibet.
2527 4989 2634 5046 Sed
2659 4991 2785 5060 quia
2810 5004 2919 5043 non
2943 4986 3204 5042 habemus
3239 4983 3384 5053 quod

1802 5087 2071 5153 dicamus,
2113 5100 2182 5142 ex
2237 5087 2323 5141 his
2368 5100 2489 5155 quae
2537 5085 2802 5139 habemus
2840 5080 3109 5143 dicamus,
3155 5076 3384 5129 mutuati

1804 5176 1997 5231 alienis
2028 5175 2339 5231 nominibus
2375 5174 2490 5247 (95)
2524 5177 2725 5230 utimur
2760 5189 2775 5225 :
2817 5169 2939 5225 fons
2960 5168 3104 5224 enim
3131 5165 3373 5233 agnosci~

1807 5275 1896 5322 tur
1933 5266 2075 5322 unde
2104 5275 2210 5332 est,
2240 5266 2382 5322 Deus
2411 5275 2591 5320 autem
2627 5277 2735 5319 non
2771 5261 2936 5318 habet
2964 5258 3137 5322 unde;
3170 5265 3226 5309 et
3263 5253 3386 5308 fons

210 5455 253 5488 "'
277 5453 382 5510 lsa.
408 5470 528 5522 LIII,
553 5456 610 5512 8.
685 5453 733 5487 ⁸⁸
764 5453 782 5508 Ι
807 5454 931 5509 Cor.
957 5467 1078 5521 vui,
1100 5462 1154 5509 ιι.
1228 5451 1272 5486 ⁸⁸
1302 5450 1496 5508 Matth.
1524 5467 1605 5519 xi,
1628 5450 1700 5505 27

1812 5434 1839 5485 ’δ
1872 5449 2002 5507 ibid.
2077 5450 2121 5482 ⁹¹
2144 5448 2303 5507 Joan.
2326 5464 2429 5518 xit,
2454 5449 2546 5505 49.
2619 5449 2665 5481 ⁹¹
2689 5448 2711 5502 Ῑ
2733 5446 2861 5503 (ἒοῐο
2903 5459 3015 5509 XIV:
3040 5443 3132 5499 ’ὅδ’

233 5570 318 5639 92)
354 5568 726 5643 Principalem,
753 5571 1076 5643 dpxésurcov.

233 5570 318 5639 92)
354 5570 726 5641 Principalem,
753 5571 1076 5643 ἀρχέτυπον.

212 5570 321 5714 (95)
350 5641 571 5714 lneum,
604 5657 705 5714 pro
725 5644 780 5697 in
800 5659 887 5714 eo.
923 5642 966 5695 ll
991 5642 1118 5714 Cor.
1145 5655 1264 5714 xnt,
1292 5639 1354 5694 ιτ
1377 5640 1704 5714 adaperi-

142 5710 367 5795 mentum
394 5713 632 5783 quaeritis
659 5713 771 5783 ejus
805 5713 892 5784 qui
919 5714 973 5769 in
996 5728 1075 5770 me
1100 5711 1331 5783 loquitur
1363 5710 1640 5767 Christus?

1877 5566 1990 5641 (94)
2018 5567 2116 5641 his.
2140 5567 2210 5641 [ξι
2242 5565 2403 5641 Pater
2425 5575 2523 5641 est,
2553 5573 2609 5641 ut
2629 5564 2783 5641 dicis.

1877 5568 1967 5641 (94
2018 5567 2116 5624 Ms.
2140 5567 2210 5621 Et
2242 5566 2403 5621 Pater
2425 5575 2523 5626 est,
2553 5573 2609 5617 ut
2629 5566 2783 5618 dicis.

1877 5566 1990 5714 (95;
2021 5638 2120 5698 Ms.
2150 5638 2412 5695 Mutuatis
2439 5636 2626 5693 alienis
2652 5630 2968 5690 nominibus.
