3810 6218
470 298 605 353 1065

1169 290 1434 346 EUSEBII
1472 287 1942 345 CAESARIENSIS
1977 290 2129 347 OPP.
2171 289 2352 346 PARS
2388 289 2481 348 IV.
2522 321 2591 332 ——
2624 287 3054 344 DOGMATICA.

3610 283 3740 340 1064

461 423 674 470 meatus
699 424 862 480 supra
893 415 1100 464 meatus
1121 408 1371 471 ell'nndit,
1400 408 1538 462 Deus
1563 416 1742 461 autem
1766 409 1818 462 in
1843 408 2116 478 eoipso.A
2141 423 2302 477 quem
2342 417 2468 463 sunt
2510 415 2725 462 cuncta.
2769 406 2883 460 Non
2912 415 2995 461 est
3022 421 3184 460 unum
3222 421 3289 460 ex
3337 404 3637 468 omnibus,
3661 408 3739 460 sed

458 507 603 575 quod
635 514 718 558 est
753 510 975 556 manet:
1013 515 1186 560 neque
1209 501 1353 554 enim
1389 516 1491 554 vox
1516 499 1847 554 conveniens
1882 503 2037 555 inve-

458 599 629 663 nitur,
661 608 832 662 neque
877 593 1216 662 comparatio
1261 593 1582 660 perveniens
1613 592 1680 646 ad
1711 592 1858 644 illam
1883 603 2042 646 natu-

459 703 577 743 ram
601 704 619 742 :
650 686 744 742 sed
768 697 826 739 ut
848 700 953 739 non
981 694 1254 738 taceamus
1276 683 1590 750 colligentes
1611 699 1730 754 quae
1747 683 2040 748 habemus;

458 797 581 834 cum
613 789 792 833 autem
827 778 1010 831 omnia
1039 777 1356 840 dixerimus,
1396 787 1525 830 tunc
1559 776 1887 831 conﬁtemur
1916 777 2042 845 quia

454 888 578 944 qua:
603 872 840 928 dicimus
893 871 1026 924 nihil
1076 868 1332 924 differunt
1369 883 1400 922 a
1442 869 1834 924 taciturnitate.
1881 869 2044 924 Pater

455 982 526 1020 ex
554 979 621 1020 eo
672 964 990 1034 agnoscitur
1031 961 1201 1033 ﬁgura
1233 962 1376 1031 quod
1410 971 1494 1016 est
1534 977 1640 1016 non
1670 971 1848 1016 natus.
1892 960 2045 1017 Unus

455 1057 600 1112 enim
625 1066 708 1111 est
739 1056 873 1124 ipse,
906 1056 998 1124 qui
1031 1070 1136 1108 non
1160 1062 1244 1108 est
1279 1055 1345 1107 ah
1375 1053 1484 1108 alio
1530 1071 1543 1108 :
1579 1070 1719 1109 unus
1755 1063 1839 1109 est
1861 1056 1953 1125 qui
1975 1071 2045 1110 ex

455 1164 521 1202 eo
547 1149 690 1218 quod
717 1163 824 1201 non
848 1157 1005 1202 natus
1032 1157 1117 1200 est
1137 1147 1469 1216 agnoscitur.
1499 1144 1614 1200 Non
1648 1145 1816 1201 frater
1837 1147 1907 1212 ei,
1939 1161 2045 1200 non

457 1240 621 1295 Pater
649 1239 854 1304 Patris,
903 1241 998 1294 sed
1052 1238 1346 1307 singularis
1399 1247 1590 1291 natura
1638 1249 1766 1291 est:
1815 1249 1869 1292 et
1898 1238 1952 1292 in
1981 1253 2044 1293 ea

458 1334 604 1402 quod
642 1347 744 1387 non
781 1342 944 1386 natus
980 1341 1082 1397 est,
1111 1345 1238 1384 vere
1264 1330 1412 1384 solus
1445 1331 1776 1396 ostenditur,
1810 1346 1917 1384 non
1946 1346 2045 1384 na-

461 1439 550 1482 tus
589 1426 748 1480 Pater
783 1444 795 1480 :
846 1426 913 1478 ab
966 1424 1067 1478 hoc
1109 1438 1240 1478 sane
1276 1440 1381 1478 non
1431 1433 1562 1480 nato
1605 1434 1860 1478 manente
1899 1423 2047 1492 quod

461 1529 546 1574 est
597 1518 886 1581 indivisus,
941 1517 1227 1582 inscissus,
1282 1517 1616 1585 impartitus,
1677 1516 2044 1585 impassibilis,

460 1611 777 1681 unigenitus
814 1620 901 1664 est
930 1607 1101 1663 Filius
1132 1619 1292 1662 natus
1321 1626 1335 1662 :
1365 1624 1538 1678 neque
1560 1608 1698 1663 alius
1719 1619 1800 1663 est
1824 1625 1929 1664 non
1961 1624 2050 1662 na-

463 1712 571 1768 tus,
622 1718 797 1772 neque
834 1702 970 1756 alius
1022 1701 1368 1771 unigenitus;
1424 1705 1516 1756 sed
1557 1718 1699 1756 unus
1741 1717 1846 1756 non
1893 1713 2048 1758 natus

461 1795 645 1862 Pater,
679 1805 734 1849 et
767 1811 906 1849 unus
934 1794 1245 1863 unigenitus
1263 1795 1452 1850 Filius.
1485 1795 1606 1848 Haec
1631 1811 1734 1848 non
1760 1812 1855 1849 nos
1888 1796 2050 1850 extol-

462 1888 599 1952 lunt,
649 1886 907 1939 memoria
943 1884 1087 1938 illius
1135 1887 1275 1939 beati
1312 1887 1434 1938 viri.
1472 1886 1689 1940 Utinam
1745 1898 1922 1941 autem
1978 1889 2050 1941 ita

461 1977 665 2044 possim
698 1975 896 2039 dicere,
921 1985 983 2028 ut
1013 1975 1290 2029 vobiscum
1318 1991 1530 2044 semper
1553 1978 1620 2028 ab
1648 1977 1838 2030 eodem
1865 1977 2052 2032 audie-

462 2066 605 2119 bam.
653 2065 759 2119 Sed
807 2081 869 2119 ea
898 2082 1016 2136 quae
1053 2082 1197 2120 nunc
1224 2067 1503 2131 dicuntur,
1541 2067 1615 2120 illi
1649 2068 1845 2137 placita
1885 2069 2050 2124 fuisse

463 2159 737 2211 videntur.
782 2157 964 2212 Gloria
1006 2160 1149 2212 enim
1175 2170 1260 2214 est
1284 2160 1576 2228 proborum
1609 2176 1890 2214 servorum
1919 2177 2046 2217 vera

461 2249 529 2303 de
560 2236 785 2303 Domino
810 2248 992 2304 dicere
1017 2266 1032 2301 :
1063 2257 1119 2303 et
1148 2250 1322 2303 honor
1343 2265 1530 2303 eorum
1558 2262 1770 2320 patrum
1795 2253 1886 2320 qui
1911 2251 2049 2305 bene

463 2341 788 2406 docuerunt,
813 2341 856 2396 si
893 2351 1210 2410 repetantur
1239 2358 1427 2396 eorum
1463 2343 1740 2398 doctrinae.
1769 2342 1920 2399 Unus
1943 2345 2046 2414 igi-

462 2443 556 2487 tur
595 2443 679 2488 est
711 2449 819 2487 non
851 2445 1011 2487 natus
1037 2435 1179 2489 Deus
1216 2453 1230 2488 :
1271 2450 1426 2488 serva
1460 2434 1568 2505 (96)
1603 2452 1706 2488 non
1734 2445 1894 2490 natus
1919 2451 2043 2490 cum

467 2527 649 2595 Patre,
685 2537 740 2582 et
772 2541 878 2581 non
903 2528 1126 2583 habebis
1152 2528 1206 2582 in
1239 2529 1420 2582 anima
1444 2528 1813 2583 confusionem
1845 2547 1858 2581 :
1884 2543 2044 2584 serva

467 2618 777 2688 unigenitus
815 2632 937 2672 cum
967 2617 1120 2684 Filio,
1148 2626 1200 2672 et
1227 2632 1332 2672 non
1363 2618 1686 2683 turbaberis,
1740 2631 1912 2686 neque
1930 2617 2044 2686 jam

465 2714 576 2766 eris
599 2711 840 2766 incertus
879 2711 1332 2780 quemadmodum
1364 2711 1504 2764 Deus
1552 2720 1606 2763 et
1640 2708 1801 2776 Deus,
1837 2722 1892 2764 et
1935 2727 2044 2766 non

472 2800 589 2856 Dei.
630 2800 768 2868 Quia
821 2801 968 2855 enim
1006 2801 1207 2854 retines
1230 2815 1370 2854 unus
1406 2799 1548 2854 Deus
1590 2815 1695 2853 non
1752 2811 1934 2867 natus,
1973 2786 2045 2857 ἐι

468 2905 606 2944 unus
636 2891 776 2946 Deus
803 2891 1151 2960 unigenitus;
1182 2891 1300 2944 ideo
1325 2906 1430 2944 non
1455 2892 1551 2955 dii,
1575 2892 1700 2960 quia
1731 2908 1909 2962 neque
1936 2909 2040 2948 non

468 2983 610 3046 nati,
643 2996 816 3052 neque
855 2983 1114 3052 unigeniti
1150 3000 1165 3036 :
1205 2997 1364 3037 serva
1411 2983 1640 3052 ﬁguram
1677 2998 1780 3037 non
1814 2985 1943 3047 nati.
1988 2995 2043 3040 et

2143 517 2238 570 per
2257 516 2420 570 quem
2445 509 2574 554 sunt
2617 500 2801 554 omnia
2830 518 2844 554 :
2880 500 2996 568 ipse
3018 514 3048 552 a
3073 497 3234 553 Patre
3281 498 3452 553 habet
3482 500 3645 566 quod
3672 510 3740 552 est

2143 593 2316 648 haeres
2351 611 2365 647 :
2396 607 2501 646 non
2530 602 2612 647 est
2645 609 2710 646 ex
2745 594 3080 646 haereditate.
3107 592 3412 648 Consessor
3435 605 3562 645 non
3581 601 3667 644 est
3686 606 3739 644 ex

2143 685 2350 756 angelis
2383 685 2474 754 qui
2509 685 2747 749 adstant,
2798 699 2974 752 neque
3013 700 3078 740 ex
3122 684 3468 754 archangelis
3517 701 3539 736 :
3593 683 3743 748 iudex

2144 779 2385 833 onmium
2415 793 2518 832 non
2544 788 2628 833 est
2661 794 2800 834 unus
2829 795 2896 834 ex
2927 779 3010 833 his
3050 778 3140 846 qui
3173 777 3526 846 judicantur.
3567 774 3648 828 Ne
3678 785 3746 827 at-

2146 874 2334 930 trahas
2373 886 2623 929 naturam
2663 890 2788 946 quas
2831 891 2936 929 non
2970 875 3202 938 accedit,
3251 889 3429 942 neque
3465 874 3743 941 pervenit.

2146 965 2316 1032 Quem
2342 983 2408 1021 ex
2450 969 2552 1022 hoc
2586 967 2844 1022 debemus
2871 983 3068 1032 nosse;
3108 966 3236 1035 quia
3267 965 3666 1033 unusquisque
3689 979 3746 1016 ex

2149 1060 2234 1112 his
2276 1074 2396 1128 quae
2440 1060 2590 1124 dicit,
2655 1070 2747 1114 ant
2803 1059 3122 1130 sibimetipsi
3167 1059 3388 1128 prodest
3426 1068 3536 1112 aut
3588 1057 3745 1109 Ιςειίἱι.

2149 1149 2256 1204 Res
2297 1152 2440 1206 enim
2471 1169 2536 1206 ex
2573 1153 2774 1207 nostris
2825 1153 3162 1207 sermonibus
3204 1167 3310 1206 non
3352 1149 3745 1204 transferetur.

2148 1242 2282 1308 Quia
2313 1244 2474 1312 igitur
2510 1242 2680 1299 Judaei
2713 1259 2815 1297 non
2860 1243 3186 1297 confitentur
3217 1241 3436 1302 Filium,
3477 1256 3606 1294 non
3637 1239 3748 1292 ideo

2150 1353 2256 1390 non
2282 1347 2364 1391 est
2391 1335 2579 1390 Filius.
2615 1334 2883 1390 Judicabit
2921 1337 3066 1390 enim
3089 1349 3182 1388 eos
3207 1334 3300 1404 qui
3330 1349 3438 1387 non
3472 1331 3743 1388 conﬁten-

2152 1437 2241 1482 tur
2263 1443 2388 1482 eum
2422 1445 2436 1482 :
2466 1427 2590 1495 quia
2626 1428 2840 1496 quidem
2884 1441 3082 1481 navum
3108 1424 3248 1479 istud
3277 1423 3647 1493 Sacrilegium
3672 1422 3747 1474 in-

2155 1522 2508 1576 troduxerunt
2533 1522 2804 1584 dicentes,
2849 1521 3101 1576 eumdem
3147 1519 3319 1588 ipsum
3349 1531 3476 1572 esse
3527 1516 3746 1570 Patrem

2153 1629 2311 1682 quem
2338 1625 2392 1668 et
2421 1613 2616 1667 Filium
2653 1631 2666 1668 :
2709 1629 2883 1678 nequc
2912 1611 3126 1667 Patrem
3150 1611 3364 1665 Patrem
3402 1611 3624 1674 dicent,
3664 1626 3747 1662 ne-

2155 1718 2260 1773 que
2281 1704 2474 1756 Filium
2505 1703 2705 1757 Filium
2733 1722 2744 1756 :
2786 1703 2877 1756 sed
2908 1702 3204 1757 secundum
3235 1703 3480 1770 ipsorum
3518 1700 3745 1754 sacrile-

2151 1798 2294 1864 gium
2321 1795 2451 1849 nihil
2475 1809 2716 1861 prorsus.
2742 1793 2798 1848 Si
2815 1794 2959 1846 enim
2985 1793 3144 1846 Pater
3166 1807 3270 1846 non
3295 1804 3381 1847 est
3405 1791 3604 1856 Pater,
3629 1792 3744 1860 quia

2153 1886 2267 1955 ipse
2295 1894 2378 1940 est
2410 1895 2464 1939 et
2487 1883 2676 1947 Filius,
2723 1893 2782 1936 ut
2826 1884 2922 1951 ipsi
2955 1882 3301 1952 flagitantur;
3345 1893 3401 1934 et
3435 1880 3619 1934 Filius
3648 1896 3743 1933 non

2150 1977 2344 2041 Filius,
2366 1978 2491 2046 quia
2521 1977 2633 2046 ipse
2664 1986 2748 2030 est
2773 1974 2936 2028 Pater
2965 1993 2978 2028 :
3009 1989 3174 2042 prope
3202 1982 3284 2027 est
3328 1983 3388 2025 ut
3421 1973 3619 2026 dicant
3661 1987 3742 2025 ne-

2149 2085 2256 2139 que
2285 2068 2500 2123 Patrem
2525 2083 2670 2130 esse,
2703 2082 2878 2136 neque
2909 2065 3104 2119 Filium
3139 2083 3152 2118 :
3183 2073 3242 2118 ut
3274 2079 3444 2117 unum
3476 2063 3636 2118 enim
3670 2062 3740 2115 fa-

2147 2163 2291 2218 ciunt
2325 2162 2467 2231 quod
2496 2177 2602 2215 non
2640 2160 2716 2214 ﬁt.
2755 2158 2888 2225 Quis
2913 2159 3057 2212 enim
3096 2155 3294 2226 poterit
3319 2155 3519 2209 audire
3573 2156 3739 2224 ipsum

2148 2271 2207 2310 se
2229 2256 2333 2310 sibi
2365 2269 2485 2309 esse
2530 2253 2788 2307 Patrem?
2827 2251 2948 2321 quis
2999 2252 3196 2321 poterit
3230 2248 3449 2303 Patrem
3483 2249 3668 2316 ipsum
3695 2263 3743 2300 sc

2147 2349 2252 2404 sibi
2287 2363 2408 2403 esse
2457 2345 2692 2402 Filium?
2743 2344 2799 2399 Si
2850 2345 2996 2398 enim
3050 2343 3269 2397 voluero
3305 2351 3527 2395 mutare
3566 2355 3740 2394 vocem

2146 2457 2344 2505 meam,
2382 2457 2485 2494 non
2517 2449 2756 2494 mutatur
2781 2447 3017 2491 vestrum
3047 2435 3401 2504 propositum.
3435 2433 3635 2487 Nonne
3657 2448 3742 2500 pu-

2149 2537 2275 2589 tatis
2301 2549 2384 2587 me
2419 2533 2594 2586 aliena
2639 2530 2823 2599 loqui?
2850 2529 3038 2583 Dicam
3070 2543 3201 2598 ergo
3223 2527 3385 2581 Pater
3420 2541 3535 2579 non
3565 2523 3739 2585 Pater,

2146 2633 2202 2679 et
2230 2623 2402 2678 Filius
2443 2638 2547 2676 non
2576 2619 2765 2674 Filius.
2807 2618 2940 2672 Nam
2967 2627 3022 2672 et
3058 2618 3102 2671 si
3127 2618 3338 2680 dixero,
3376 2620 3498 2684 ipse
3529 2615 3637 2669 sibi
3670 2626 3742 2668 est

2145 2717 2327 2781 Pater,
2356 2725 2410 2768 et
2434 2715 2546 2784 ipse
2564 2714 2666 2768 sibi
2692 2722 2774 2767 est
2805 2712 3006 2776 Filius;
3035 2725 3214 2764 nonne
3241 2708 3530 2764 insaniam
3563 2711 3740 2762 statim

2145 2808 2452 2879 signiﬁcant
2477 2821 2757 2862 sermones
2796 2804 2938 2858 mei?
2972 2803 3072 2857 sed
3095 2818 3182 2856 me
3223 2817 3328 2855 non
3368 2811 3594 2855 tantum
3634 2817 3740 2853 mo-

2146 2909 2310 2956 veant
2341 2899 2626 2952 adversum
2672 2912 2768 2952 eos
2796 2896 2887 2964 qui
2915 2895 3188 2955 dixerunt,
3244 2900 3517 2960 quantum
3572 2902 3739 2944 movet

2143 2999 2197 3044 et
2226 2988 2489 3042 adversus
2518 3001 2615 3040 eos
2646 2986 2738 3055 qui
2792 2983 3072 3053 patiuntur
3114 2999 3126 3033 :
3155 2981 3574 3036 calumniantur
3606 2983 3739 3036 enim

465 3074 727 3130 conﬁtere
757 3075 982 3146 figuram
1012 3075 1302 3145 unigeniti,
1353 3085 1408 3129 et
1445 3076 1587 3128 trulla
1637 3076 1849 3132 turbela
1874 3087 1956 3132 est
1986 3078 2040 3132 in
2071 3107 2114 3165 ρ
2148 3079 2216 3132 ab
2261 3077 2453 3132 iisdem
2504 3085 2558 3130 et
2609 3073 2922 3147 Scriptum.
2980 3069 3094 3140 Ego
3134 3087 3151 3123 :
3183 3080 3307 3125 tene
3333 3069 3470 3139 Ego,
3510 3079 3572 3124 et
3597 3086 3740 3125 serva

471 3167 673 3232 medio,
707 3183 812 3222 non
841 3167 928 3232 lis,
962 3181 1069 3222 non
1114 3169 1413 3235 contentio,
1444 3185 1552 3224 non
1578 3171 1835 3239 jurginm.
1883 3168 2048 3225 Pater

473 3271 580 3310 non
607 3257 710 3311 sibi
742 3259 969 3312 ascribit
1016 3256 1231 3312 Patrem
1274 3275 1289 3316 :
1329 3259 1500 3315 Filius
1527 3276 1665 3314 unus
1693 3261 1794 3316 sibi
1829 3263 2051 3317 ascribit

471 3347 687 3404 Patrem
723 3367 737 3404 :
767 3349 930 3405 Pater
953 3365 982 3404 a
1022 3349 1172 3405 nullo
1202 3361 1308 3418 est,
1343 3351 1511 3407 Filius
1540 3355 1606 3408 ab
1634 3369 1741 3408 uno
1765 3364 1848 3408 est
1869 3354 2048 3410 Patre.

471 3441 915 3513 Non-suscipiunt
946 3444 1060 3498 haec
1082 3443 1254 3510 litem,
1277 3438 1372 3499 aut
1393 3444 1594 3500 habent
1624 3445 2010 3501 dubitationem
2035 3467 2047 3502 :

471 3534 542 3590 Ut
569 3548 886 3607 cognoscant
921 3547 969 3592 te
1011 3538 1179 3593 solum
1214 3555 1389 3593 verum
1441 3539 1610 3593 Deum
1635 3539 1682 3571 "
1715 3558 1729 3594 :
1775 3558 1880 3595 non
1923 3543 2051 3611 quia

471 3646 578 3684 non
603 3645 728 3684 vere
748 3639 832 3685 est
860 3630 1164 3700 unigenitus
1189 3629 1360 3686 Filius
1380 3631 1496 3697 Dei,
1528 3634 1623 3688 sed
1648 3633 1772 3704 quia
1795 3648 1824 3686 a
1858 3645 2054 3688 seruet-

468 3721 604 3790 ipso,
634 3731 690 3776 et
731 3737 796 3776 ex
828 3723 1140 3792 semetipso,
1169 3731 1223 3777 et
1265 3737 1360 3792 per
1383 3724 1751 3794 semetipsum,
1791 3725 1837 3778 si
1874 3733 2052 3779 tamen

470 3815 543 3867 ita
571 3814 678 3869 dici
706 3815 862 3869 debet
894 3833 907 3870 :
941 3813 1062 3869 fons
1083 3825 1138 3870 et
1166 3815 1491 3884 principium
1515 3817 1757 3870 omnium
1790 3817 2052 3871 bonorum

469 3915 552 3960 est
591 3904 772 3969 Pater,
804 3907 894 3974 qui
931 3907 1116 3976 genuit
1151 3906 1310 3962 talem
1341 3908 1534 3961 bonam
1585 3908 1913 3977 progeniem.
1948 3907 2054 3960 Bo-

473 4012 574 4050 nus
599 3999 742 4050 enim
778 3996 946 4052 Filius
969 4011 1075 4063 est,
1099 3998 1194 4053 sed
1217 3999 1359 4053 cedit
1388 4000 1683 4053 bonitatem
1715 4015 1815 4053 suo
1850 4002 2054 4070 genito-

472 4088 542 4149 ri,
571 4102 676 4141 non
701 4088 969 4143 mentiens
989 4088 1082 4142 sed
1103 4088 1278 4143 sciens
1299 4089 1441 4144 unde
1462 4099 1563 4143 est.
1595 4089 1724 4144 Sine
1751 4090 2051 4160 principio:

469 4179 799 4248 principium
832 4190 1010 4234 autem
1038 4180 1159 4234 dico
1193 4196 1298 4234 non
1332 4190 1652 4250 temporum,
1689 4197 1792 4235 non
1833 4183 2054 4238 saeculo-

474 4285 633 4337 rum;
671 4271 786 4326 haec
820 4272 964 4326 enim
989 4286 1087 4340 per
1120 4270 1316 4325 Filium
1348 4272 1490 4326 facta
1521 4285 1667 4334 sunt,
1707 4284 1761 4328 et
1796 4291 1900 4328 non
1929 4290 2053 4330 cum

470 4361 610 4418 Filio
674 4372 798 4418 nata
855 4380 868 4416 :
927 4377 1034 4416 non
1101 4370 1311 4415 tantum
1383 4363 1527 4416 enim
1589 4379 1698 4418 non
1767 4373 1893 4421 ante
1963 4364 2054 4419 Fi-

469 4456 600 4510 lium
640 4497 656 4523 ,
709 4465 767 4509 ut
815 4454 861 4509 si
917 4454 1075 4508 aliter
1128 4453 1258 4523 quid
1319 4453 1668 4509 introducere
1727 4470 1849 4509 cum
1911 4455 2049 4510 Filio

469 4547 744 4610 volueris,
798 4561 904 4600 non
958 4545 1195 4601 salvabis
1272 4544 1655 4614 unigenitum,
1737 4547 1831 4602 sed
1906 4548 2048 4602 sicut

416 4655 424 4663 ·
469 4639 631 4694 Pater
663 4639 810 4694 solus
859 4653 964 4693 non
1014 4647 1173 4693 natus
1217 4648 1324 4704 est,
1371 4648 1427 4692 et
1485 4639 1532 4694 si
1589 4639 1793 4696 dixeris
1845 4637 2043 4696 Filium

468 4746 575 4785 non
631 4740 838 4796 natum,
878 4729 1200 4800 pcriclitaris
1267 4730 1333 4784 de
1382 4745 1447 4784 eo
1502 4732 1645 4800 quod
1700 4732 1835 4788 dicis
1885 4748 1901 4785 :
1969 4732 2047 4787 ita

471 4823 517 4877 si
572 4822 700 4892 quid
747 4823 1144 4890 computaveris
1176 4839 1299 4877 cum
1351 4822 1649 4892 unigenito,
1681 4825 1808 4893 quid
1861 4824 2047 4894 loque-

470 4916 548 4971 ris
573 4917 810 4985 ignoras.
852 4913 1000 4969 Unus
1024 4897 1166 4968 enim
1201 4925 1285 4968 est
1317 4931 1425 4969 non
1459 4924 1639 4982 natus,
1674 4925 1728 4970 et
1760 4917 1868 4972 noli
1896 4933 2046 4988 qua:-

469 5021 592 5062 rere
617 5007 780 5060 alium
834 5021 942 5059 non
999 5017 1181 5060 natum
1222 5025 1235 5062 :
1276 5023 1414 5061 unus
1462 5009 1793 5078 unigenitus,
1837 5019 1894 5064 et
1937 5011 2046 5066 noli

469 5113 712 5168 quaerere
737 5098 900 5152 alium
929 5096 1142 5164 Filium,
1173 5113 1240 5151 ne
1273 5101 1636 5170 interrumpas
1661 5102 1991 5170 unigenitum
2029 5120 2042 5156 :

471 5189 778 5258 unigenitus
806 5190 949 5242 enim
987 5205 1093 5245 non
1135 5199 1218 5244 est
1265 5205 1433 5246 unum
1463 5206 1529 5247 ex
1557 5195 1787 5260 cunctis,
1817 5193 1912 5249 sed
1951 5209 2048 5264 per

537 5306 585 5338 ⁹³
605 5305 758 5361 Joan.
795 5319 927 5370 xvu,
962 5305 1048 5358 l5.

543 5440 652 5528 (9'6)
683 5457 864 5530 Serua.
891 5457 1343 5530 Τήρβιηοὺεενυα.
1378 5460 1488 5512 Aut
1516 5460 1678 5515 etiam
1719 5470 1885 5524 tuere,
1921 5462 2046 5514 reti-

469 5527 560 5582 tte.
584 5529 754 5597 Supra
784 5527 875 5580 lib.
909 5527 966 5582 1:7
980 5527 1060 5583 ’1η
1093 5527 1356 5599 principio
1384 5541 1520 5597 erat,
1552 5547 1700 5584 serva
1733 5532 1872 5600 quod
1905 5541 2038 5596 erat,

469 5609 653 5739 el0(9'1)
685 5667 738 5721 Is
764 5675 902 5727 enim
937 5673 1046 5740 qui.
1091 5668 1314 5723 Videtur
1341 5668 1444 5724 hoc
1487 5669 1624 5726 velle
1652 5685 1666 5724 :
1707 5673 1751 5724 is
1780 5672 1915 5724 enim
1954 5670 2043 5738 qui

467 5749 541 5794 'cst
562 5741 614 5795 in
635 5757 693 5795 eo
718 5744 806 5798 aui
830 5754 926 5800 est.
957 5759 1056 5798 non
1075 5742 1188 5796 ideo
1211 5740 1532 5816 ἁνυπάργει,
1558 5742 1652 5797 hoc
1677 5753 1774 5806 est,
1802 5758 1902 5797 non
1927 5742 2042 5797 ideo

2151 3169 2587 3239 coniunctionem
2631 3185 2644 3220 :
2683 3166 2796 3236 Ego
2835 3175 2884 3219 et
2930 3164 3093 3217 Pater
3129 3181 3289 3217 unum
3320 3181 3511 3218 sumus
3537 3165 3607 3218 ".
3633 3162 3736 3217 Non

2152 3273 2332 3317 tamen
2380 3276 2484 3315 non
2529 3274 2740 3314 sumus.
2793 3258 3076 3313 Contraria
3121 3257 3267 3311 enim
3327 3257 3739 3325 importunitate

2153 3352 2309 3421 plena
2339 3361 2484 3405 sunt.
2535 3349 2703 3404 Filius
2751 3349 2902 3414 dicit,
2957 3348 3099 3418 Ego;
3135 3348 3223 3402 ille
3251 3347 3404 3412 dicit,
3453 3347 3580 3402 Non
3615 3362 3733 3414 ego:

2152 3443 2322 3498 Filius
2356 3442 2507 3506 dicit,
2536 3450 2591 3495 et
2639 3439 2830 3504 Pater;
2879 3440 2969 3494 ille
2994 3441 3143 3504 dicit,
3185 3453 3290 3492 non
3321 3438 3508 3494 Pater.
3549 3440 3730 3500 Unum,

2155 3535 2350 3604 inquit,
2381 3549 2599 3598 sumus;
2637 3543 2690 3587 et
2717 3533 2804 3587 ille
2839 3541 3051 3596 contra,
3081 3547 3186 3586 non
3222 3547 3430 3587 sumus.
3483 3534 3597 3586 Aut
3620 3532 3732 3603 quid

2155 3627 2416 3696 scriptum
2445 3625 2572 3680 est?
2599 3633 2693 3678 aut
2723 3625 2852 3693 quid
2882 3624 3165 3679 delemus?
3191 3635 3283 3678 aut
3306 3624 3439 3693 quid
3473 3623 3733 3696 legimus?

2155 3728 2247 3773 aut
2276 3719 2406 3788 quid
2435 3717 2810 3788 agnoscimus?
2838 3717 2948 3786 Ego
2983 3717 3036 3770 in
3067 3716 3230 3772 Patre
3274 3728 3327 3772 et
3347 3717 3517 3772 Pater
3557 3720 3611 3771 in
3637 3732 3728 3771 me.

2156 3811 2273 3866 Non
2306 3821 2484 3866 tamen
2512 3811 2636 3880 quia
2670 3825 2842 3879 neque
2870 3825 2992 3879 ego,
3031 3824 3207 3878 neque
3231 3809 3392 3864 Pater
3426 3830 3438 3863 :
3481 3809 3732 3878 quemad-

2156 3904 2374 3958 modum
2417 3911 2598 3957 autern
2645 3901 2806 3956 Pater
2843 3902 2898 3955 in
2948 3900 3108 3965 Filio,
3159 3911 3212 3954 et
3241 3900 3415 3955 Filius
3472 3903 3531 3954 in
3568 3901 3727 3962 Patre,

2156 3994 2391 4049 maxime
2411 3994 2631 4062 quidem
2653 4007 2752 4046 cur
2773 3994 2940 4046 audes
2967 3991 3248 4060 quaerere?
3275 3993 3321 4045 is
3336 3992 3487 4044 enim
3518 3993 3615 4061 qui
3635 3990 3727 4060 (97)

2155 4095 2239 4142 est
2265 4090 2318 4140 in
2348 4099 2414 4140 eo
2443 4085 2534 4154 qui
2583 4093 2684 4148 est,
2739 4098 2843 4138 non
2879 4083 3004 4151 quia
3033 4097 3138 4136 non
3180 4083 3611 4154 θδνὰνυπάρχει
3636 4103 3648 4138 :
3675 4100 3727 4136 an

2156 4179 2281 4246 quia
2312 4193 2415 4231 non
2440 4187 2520 4232 est
2552 4175 2714 4231 Pater
2743 4189 2802 4230 ut
2833 4177 2903 4230 sit
2946 4177 2998 4229 in
3032 4175 3168 4230 Filio
3189 4175 3545 4246 ἁνυπάρχειῖ
3577 4192 3729 4246 neque

2156 4287 2262 4326 non
2293 4280 2375 4326 est
2403 4271 2570 4325 Filius
2601 4269 2691 4339 qui
2724 4279 2805 4323 est
2840 4271 2890 4322 in
2924 4269 3089 4323 Patre
3117 4268 3414 4338 signiﬁcat.
3461 4271 3726 4339 Siquidem

2157 4372 2213 4416 et
2248 4361 2475 4431 apostoli
2507 4360 2792 4414 duodecim
2823 4375 2987 4412 unum
3018 4368 3166 4422 sunt,
3198 4368 3255 4412 et
3281 4361 3653 4428 septuaginta,
3684 4367 3726 4411 et

2155 4454 2457 4525 quingenti,
2503 4461 2558 4507 et
2610 4461 2719 4506 tota
2759 4451 2995 4506 Ecclesia
3041 4465 3230 4503 unum.
3268 4449 3334 4503 Et
3363 4465 3435 4503 ne
3468 4461 3631 4519 putes
3656 4463 3725 4502 me

2154 4549 2219 4602 ad
2259 4547 2492 4600 humana
2520 4545 2790 4600 deducere
2817 4544 3000 4599 divina
3040 4559 3054 4596 :
3089 4543 3184 4596 sed
3213 4543 3420 4596 utimur
3457 4557 3724 4612 compara-

2155 4639 2396 4694 tionibus
2431 4653 2554 4692 cum
2605 4637 2936 4708 indulgentia
2979 4636 3120 4705 apud
3168 4633 3388 4700 fratres,
3435 4645 3492 4689 et
3528 4642 3724 4689 maneat

2157 4734 2298 4788 Deus
2341 4741 2400 4786 ut
2445 4741 2544 4785 est.
2583 4731 2790 4784 Tamen
2826 4731 2871 4784 si
2923 4727 3228 4782 dixerimus
3279 4728 3721 4794 quemadmodum

2148 4823 2324 4878 omnis
2359 4822 2600 4876 Ecclesia
2633 4836 2754 4889 qua;
2801 4822 3003 4889 ubique
3048 4833 3154 4886 est,
3186 4836 3354 4874 unum
3385 4837 3591 4889 corpus
3622 4831 3717 4880 est;

2148 4915 2327 4970 nullus
2366 4913 2731 4982 reprehendat
2763 4930 2779 4968 :
2830 4915 2956 4981 quia
3003 4927 3108 4966 non
3147 4914 3414 4965 mentitur
3475 4916 3616 4967 Deus
3642 4911 3716 4981 qui

2149 5007 2284 5061 dixit
2315 5025 2327 5060 :
2363 5005 2474 5075 Ego
2507 5007 2563 5059 in
2595 5007 2742 5074 ipsis,
2772 5016 2819 5058 et
2842 5017 2899 5059 tu
2921 5009 2976 5059 in
2997 5023 3078 5059 me
3099 5006 3166 5058 θ’.
3200 5005 3316 5060 Non
3347 5008 3476 5074 quia
3503 5009 3717 5075 abnega-

2150 5103 2352 5154 tionem
2388 5099 2565 5154 Patris
2613 5101 2898 5170 irreligiosi
2953 5114 3231 5154 sermones
3285 5100 3514 5163 docent,
3569 5111 3716 5166 neque

2149 5194 2293 5262 quod
2325 5210 2433 5249 non
2465 5195 2538 5248 sit
2588 5195 2633 5249 is
2657 5195 2748 5263 qui
2780 5195 2985 5265 genuit,
3042 5208 3219 5262 neque
3259 5193 3598 5261 Spretionem
3620 5192 3714 5258 ejus

1126 5304 1172 5335 "
1199 5302 1357 5360 Joan.
1389 5320 1443 5370 χ,
1476 5305 1565 5361 50.
1639 5306 1688 5337 9'
1713 5303 1870 5361 Joan.
1899 5321 2036 5372 xvu,
2069 5305 2159 5361 25.

2148 5478 2253 5516 non
2299 5463 2558 5517 subsistit.
2591 5463 2673 5532 Aa
2706 5463 2821 5517 ideo
2861 5459 3021 5515 Pater
3055 5462 3382 5532 ἀνυπάρχει,
3431 5479 3534 5515 non
3565 5459 3705 5532 subsi-

2150 5533 2261 5599 stit,
2281 5534 2404 5602 quia
2432 5547 2508 5587 est
2548 5535 2604 5586 in
2629 5531 2772 5586 Filio
2790 5536 2816 5589 ?
2847 5535 3026 5601 Igitur
3080 5531 3254 5601 neque,
3281 5531 3459 5585 Filius
3493 5531 3703 5602 ἀνυπάρτ

2149 5619 2256 5674 χει,
2281 5598 2384 5656 non
2406 5605 2660 5674 subsistit,
2684 5605 2810 5674 quia
2834 5598 2908 5657 est
2938 5605 2992 5656 in
3024 5598 3200 5674 Patre.
3218 5602 3478 5674 iliespicit
3510 5605 3571 5654 ad
3595 5598 3699 5652 illud

2148 5671 2502 5796 ggall’léthfs,
2531 5685 2585 5731 et
2617 5671 2730 5744 xxv,
2756 5674 2846 5742 10,
2879 5676 2939 5730 ll
2968 5691 2982 5728 :
3012 5671 3178 5728 Pater
3209 5673 3264 5726 in
3299 5689 3381 5727 me
3417 5684 3512 5740 est,
3545 5687 3588 5732 et
3621 5689 3698 5742 ego

2148 5759 2203 5798 ιη
2231 5755 2409 5798 I'atre.
