3810 6218
165 299 319 370 loss

1023 301 1116 363 ne
1154 306 1311 365 nos
1347 292 1721 364 ADVERSUS
1754 292 2169 364 sanatum.
2210 337 2276 345 —
2314 302 2449 363 LIB.
2482 306 2546 364 ιι.

3304 307 3442 369 1066

163 428 270 499 qui
308 434 393 483 est
419 422 654 497 genitus.
689 420 796 477 Sed
826 422 872 479 si
904 437 1010 480 non
1043 434 1127 478 est
1155 424 1348 484 Filius.
1391 435 1443 481 et
1488 425 1760 495 quomodo
1790 428 1837 485 Α
1867 432 2089 492 propter
2124 432 2396 476 naturam.
2454 422 2533 478 Ex
2578 421 2799 494 Virgine
2840 423 2891 478 in
2948 424 3256 481 novissimis
3300 436 3440 481 tem-

161 530 306 577 sunt
340 533 401 573 ea
429 531 549 587 qua:
577 531 673 585 per
710 515 906 569 Filium
928 514 1068 570 facta
1101 518 1271 570 sunt?
1298 516 1411 571 Non
1441 528 1524 572 est
1553 517 1759 571 Filius:

162 618 230 662 et
259 622 376 676 quae
403 616 485 658 est
512 605 673 670 spes?
703 604 816 660 Non
844 615 929 658 est
978 607 1068 673 qui
1093 606 1305 675 judirat
1338 625 1354 662 :
1390 616 1445 660 et
1499 608 1765 677 quemad-

165 701 391 755 modum
422 698 725 771 judicium?
752 698 868 752 Non
891 709 974 752 est
995 700 1084 768 qui
1116 708 1343 753 coronat
1372 719 1383 753 :
1414 712 1469 753 et
1494 701 1765 769 quomodo

167 790 430 846 labores?
459 791 551 847 Est
600 807 739 845 unus
769 807 928 860 quem
972 792 1149 845 nullus
1188 794 1395 861 genuit,
1428 803 1483 846 et
1512 794 1764 860 unigeni-

165 891 265 937 ιιιε
296 900 453 951 quem
486 899 623 938 unus
651 886 857 953 genuit.
889 883 1091 939 Gennit
1124 900 1257 939 sane
1306 886 1715 953 impassibiliter
1745 902 1760 939 :

163 991 286 1031 non
317 987 374 1030 ut
411 992 535 1044 nos,
585 979 675 1032 sed
719 986 779 1031 ut
821 978 907 1031 ille
944 996 957 1031 :
1008 994 1112 1031 non
1145 987 1203 1032 ut
1235 978 1428 1046 planta:
1473 995 1594 1049 qua:
1622 980 1762 1051 apud

162 1084 275 1124 nos
300 1080 447 1133 sunt,
474 1086 577 1122 non
615 1080 672 1123 ut
701 1070 894 1133 fontes,
924 1088 1026 1123 non
1067 1082 1124 1124 ιιι
1150 1071 1226 1125 sol
1261 1089 1275 1125 :
1316 1072 1449 1125 nihil
1480 1074 1623 1126 enim
1662 1075 1761 1127 hu-

166 1178 297 1217 rum
338 1179 456 1233 qua:
494 1163 584 1216 hic
610 1171 755 1227 sunt,
794 1163 1148 1230 interpretari
1182 1163 1325 1216 illam
1356 1167 1761 1234 generationem

167 1264 422 1324 pessunt.
453 1251 676 1308 Omnem
713 1255 859 1309 enim
892 1255 1157 1308 turbelatn
1198 1255 1450 1310 humana:
1476 1272 1760 1325 compara-

168 1349 351 1402 tiones
370 1348 591 1411 faciunt,
611 1362 729 1402 cum
752 1348 1042 1416 accipimus
1060 1363 1162 1401 non
1190 1347 1381 1401 similia
1405 1350 1469 1401 ad
1491 1351 1760 1419 interpre-

167 1440 433 1492 tationem
463 1453 647 1493 eormn
678 1454 796 1508 qua:
826 1439 1165 1507 interpretari
1202 1454 1310 1492 non
1355 1450 1601 1508 possunt.
1638 1440 1762 1495 Ideo

165 1529 330 1597 lites,
364 1531 484 1585 ideo
526 1546 716 1599 pngme
759 1542 1075 1585 nascuntur.
1119 1530 1175 1585 Si
1224 1542 1401 1586 autem
1435 1534 1762 1590 tacuerimus

165 1637 241 1675 ea
273 1638 390 1691 quae
424 1638 584 1692 supra
614 1637 799 1677 vocem
842 1633 988 1687 sunt,
1020 1634 1075 1680 et
1116 1625 1413 1679 dixerimus
1462 1628 1757 1694 possibilia,

165 1714 410 1767 cessabit
442 1713 658 1767 bellum.
697 1712 834 1782 Quid
889 1730 1019 1784 ergo
1052 1716 1296 1771 dicemus
1333 1718 1356 1771 ?
1397 1716 1466 1771 In
1500 1721 1758 1789 principio

164 1817 285 1857 erat
321 1804 566 1861 Verbum.
598 1805 731 1873 Quis
763 1808 939 1863 adhuc
968 1810 1165 1877 poterit
1194 1811 1445 1880 jnrgari?
1475 1812 1609 1867 Nam
1634 1825 1687 1867 et
1713 1817 1757 1869 si

158 1896 446 1964 jurgatur,
475 1914 580 1953 non
634 1899 727 1955 tibi
758 1902 853 1955 sed
878 1899 1097 1969 Joanni,
1147 1912 1201 1956 et
1234 1906 1436 1973 pectori
1486 1906 1699 1961 Domini
1729 1923 1759 1961 a

165 2004 283 2057 quo
313 1990 491 2045 hausit
512 1989 769 2049 Joannes.
814 1992 951 2060 Quid
978 1995 1237 2064 relinquis
1262 2012 1323 2051 ea
1356 2013 1475 2067 qua:
1501 2009 1624 2054 sunt
1646 2001 1762 2055 sine

166 2084 437 2151 periculo,
472 2094 525 2139 et
575 2085 626 2139 in
655 2084 913 2140 fluctibus
951 2097 1350 2157 tempestatum
1405 2092 1761 2159 pericliteris?

168 2174 297 2230 Noli
325 2178 503 2232 dicere
536 2187 646 2243 tua,
682 2188 737 2235 et
766 2178 945 2235 nullus
979 2188 1030 2233 te
1056 2182 1257 2250 arguit.
1286 2182 1460 2237 Dicito
1488 2200 1606 2252 qua:
1637 2187 1763 2239 scri-

170 2278 269 2338 pta
300 2279 447 2334 sunt,
482 2280 536 2324 et
574 2272 753 2327 nullus
796 2283 845 2326 te
890 2274 1238 2342 reprehendit
1273 2295 1286 2330 :
1321 2278 1537 2331 etiamsi
1582 2294 1763 2348 repre-

166 2363 448 2429 henderit,
487 2366 838 2432 semetipsum
898 2367 1098 2435 potius,
1134 2378 1189 2423 et
1236 2384 1341 2424 non
1382 2379 1453 2425 te.
1488 2370 1588 2436 Qui
1617 2372 1760 2426 enim

162 2454 361 2510 divina
400 2458 767 2525 reprehendit,
796 2459 977 2514 divina
1024 2462 1242 2530 quidem
1278 2480 1382 2517 non
1415 2463 1648 2531 delebit;
1678 2481 1763 2520 se-

165 2548 466 2615 metipsum
497 2550 730 2605 alienum
779 2569 809 2605 a
847 2553 1045 2608 divinis
1081 2556 1400 2610 constituet.
1456 2556 1653 2620 Dicito,
1694 2558 1761 2613 In

165 2641 435 2710 principio
490 2653 600 2696 erat
646 2643 887 2711 Verbum,
946 2654 1002 2700 et
1066 2647 1446 2717 relinquuntur
1496 2659 1757 2718 tempora.

176 2733 383 2796 Dicito,
415 2733 481 2788 In
518 2736 776 2805 principio
798 2747 933 2803 erat,
958 2749 1013 2792 et
1044 2740 1302 2795 deficiunt
1328 2741 1541 2796 saecula.
1566 2743 1759 2807 Dicito,

168 2823 248 2877 In
284 2826 545 2891 principio
580 2840 717 2892 erat,
753 2838 809 2882 et
851 2830 982 2883 nihil
1014 2846 1135 2884 cum
1184 2832 1301 2900 ipso
1344 2841 1464 2887 erat
1504 2832 1757 2889 Verbum.

170 2915 316 2981 Quia
357 2930 487 2983 ergo
532 2926 646 2970 erat
677 2917 882 2972 dictum
941 2927 1046 2984 est,
1099 2937 1165 2975 ne
1214 2932 1369 2990 putes
1400 2938 1589 2978 vocem
1621 2941 1634 2977 :
1662 2938 1762 2977 vox

169 3010 345 3074 enim,
393 3022 504 3064 erat
540 3027 644 3066 non
673 3013 931 3083 suscipiet
979 3032 992 3068 :
1031 3016 1074 3069 si
1111 3016 1332 3085 quidem
1370 3033 1491 3072 cum
1545 3017 1760 3079 dicitur,

174 3112 309 3156 tunc
337 3102 589 3160 efﬁcitur.
641 3102 826 3173 Neque
870 3107 1015 3161 enim
1076 3118 1367 3177 antequam
1404 3110 1614 3162 dicatur
1656 3120 1757 3171 εει,
1788 3129 1832 3188 C

169 3208 356 3263 neque
384 3206 566 3264 postea
624 3210 783 3263 quam
834 3197 997 3251 fuerit
1039 3201 1203 3261 dicta,
1257 3208 1369 3254 erat
1406 3200 1588 3254 habet.
1623 3200 1757 3265 Quia

169 3302 311 3357 ergo
344 3298 478 3355 erat,
528 3306 632 3344 non
665 3305 769 3344 vox
817 3300 922 3355 est,
954 3292 1047 3345 sed
1101 3291 1336 3345 Verbum
1387 3308 1405 3345 :
1442 3292 1600 3360 quale
1630 3291 1760 3346 Ver-

172 3377 347 3432 bum?
398 3378 455 3433 Si
510 3395 618 3433 non
649 3381 785 3434 dixit
824 3376 1082 3447 Joannes,
1110 3398 1417 3450 qureramus
1459 3383 1545 3436 :si
1584 3393 1761 3436 autem

176 3471 339 3535 dixit,
381 3473 510 3540 quid
549 3474 888 3543 quaeremus?
926 3472 995 3527 Et
1028 3476 1188 3542 Deus,
1229 3475 1426 3545 inquit,
1471 3486 1584 3528 erat
1628 3474 1763 3528 Ver-

174 3565 325 3618 bum.
358 3564 435 3619 Tu
467 3567 602 3621 dicis
624 3582 831 3633 vocem,
862 3567 1101 3621 Joannes
1137 3578 1317 3621 autem
1359 3567 1456 3629 ait,
1485 3578 1595 3620 erat
1636 3566 1761 3619 Ver-

178 3657 328 3711 bum.
372 3659 436 3712 Et
465 3660 508 3712 si
538 3659 625 3713 ille
652 3661 871 3723 dixerit,
906 3659 970 3712 Et
1012 3656 1230 3713 Verbum
1266 3669 1376 3712 erat
1402 3660 1543 3727 apud
1577 3658 1761 3724 Deum,

179 3756 245 3802 lu
272 3749 409 3803 dicis
433 3751 484 3802 in
514 3750 639 3815 Deo,
665 3762 720 3804 et
752 3766 859 3805 non
883 3751 1023 3819 apud
1052 3750 1241 3803 Deum.
1268 3747 1337 3803 Ut
1369 3751 1511 3802 enim
1537 3750 1628 3812 sit,
1659 3764 1764 3803 non

176 3851 366 3898 tamen
402 3851 460 3895 ut
496 3844 766 3913 cogitatus
815 3845 886 3897 sit
918 3862 933 3898 :
970 3858 1148 3911 neque
1186 3843 1382 3895 iterum
1426 3851 1484 3894 ut
1513 3857 1634 3901 vox,
1670 3841 1766 3894 sed

174 3932 353 3990 Filius
386 3951 403 3989 :
435 3951 537 3988 vox
567 3936 709 3989 enim
759 3935 919 3989 habet
954 3935 1149 3988 fratres
1184 3953 1197 3988 :
1226 3934 1327 3988 mei
1380 3935 1524 3986 enim
1563 3934 1652 4003 qui
1688 3933 1766 3985 di-

172 4040 379 4081 cuntur
407 4042 686 4082 sermOnes
712 4028 984 4097 prioribus
1009 4026 1192 4079 verbis
1225 4024 1564 4079 suntfratrcs
1598 4042 1611 4077 :
1648 4024 1768 4075 nni-

173 4120 395 4189 genitus
418 4129 595 4171 autem
631 4135 735 4172 non
767 4119 993 4187 suscipit
1029 4118 1243 4170 fratres.
1280 4115 1413 4169 Nam
1448 4127 1501 4170 et
1533 4117 1574 4168 si
1610 4124 1765 4167 vocat

172 4215 396 4272 fratres,
429 4212 882 4279 nuncupationem
923 4212 1107 4265 donat.
1144 4208 1201 4262 Si
1230 4219 1413 4261 autem
1446 4218 1501 4260 et
1533 4208 1764 4260 coha-re-

172 4303 275 4355 des
301 4317 509 4365 sumus,
542 4318 646 4354 non
689 4312 895 4354 naturae
929 4302 1022 4353 sed
1066 4300 1254 4367 gloria:
1300 4299 1597 4366 accipimus
1626 4295 1760 4367 (98).

170 4396 260 4452 Ad
289 4395 433 4449 illam
460 4395 604 4448 enim
652 4405 900 4447 naturain
935 4408 1108 4462 neque
1151 4391 1440 4461 pervenies
1469 4402 1545 4451 ιιι,
1591 4402 1765 4457 neque

173 4488 322 4542 ullus
361 4487 653 4556 perveniet.
694 4487 849 4540 Sicut
878 4486 1024 4539 enim
1060 4483 1223 4537 Pater
1259 4484 1479 4548 eminet,
1508 4493 1563 4535 et
1600 4498 1761 4551 supra
1797 4482 1838 4535 D

172 4595 396 4634 omnem
427 4590 671 4631 naturam
689 4587 769 4632 est
796 4578 937 4646 quod
962 4587 1040 4629 est
1060 4592 1164 4629 non
1185 4586 1344 4628 natus
1367 4592 1380 4627 :
1414 4574 1487 4627 ita
1514 4585 1566 4627 et
1594 4573 1759 4627 Filius

172 4685 342 4737 supra
375 4684 564 4723 omnes
595 4669 827 4722 habetur
861 4668 912 4720 in
945 4683 1010 4720 eo
1041 4668 1185 4734 quod
1215 4675 1295 4719 est
1324 4666 1604 4733 progenies
1629 4678 1758 4716 vera

176 4763 323 4816 Deus
350 4761 489 4830 apud
525 4761 715 4825 Deum,
749 4760 888 4813 Dens
923 4760 989 4812 ad
1020 4760 1299 4811 dexteram
1333 4758 1445 4817 Dei,
1481 4756 1619 4809 Dens
1648 4754 1759 4808 for-

174 4856 269 4919 tis,
304 4855 443 4907 Dens
473 4868 632 4921 quem
680 4854 832 4905 unxit
864 4851 1028 4904 Deus.
1075 4848 1386 4919 Agnoscitis
1442 4846 1754 4914 prophetica

174 4945 344 4999 verba
379 4944 513 5015 (99).
550 4944 690 5009 Quid
720 4945 795 4996 ait
822 4946 1082 5013 propheta
1115 4940 1322 4995 David?
1351 4938 1477 4991 Ideo
1514 4938 1661 4991 unxit
1688 4949 1756 5001 te,

172 5038 341 5099 Deus,
371 5037 505 5089 Deus
528 5048 648 5088 tuus
666 5035 734 5089 “.
765 5034 897 5088 Nam
926 5045 980 5088 et
1001 5034 1157 5087 fortis
1187 5033 1360 5086 dictus
1400 5042 1484 5085 est
1514 5030 1582 5084 ab
1603 5029 1757 5092 lsaia,

169 5138 229 5183 et
263 5128 403 5181 Deus
432 5128 700 5182 nobiscum
722 5127 791 5191 ",
830 5142 952 5181 cum
975 5141 1045 5179 ex
1068 5124 1310 5194 Virgine.
1347 5122 1462 5176 Non
1481 5138 1609 5188 ergo
1638 5136 1760 5175 eum

170 5234 241 5274 ex
288 5219 509 5289 Virgine
552 5228 681 5273 tunc
729 5217 894 5283 Deus,
941 5218 1035 5272 sed
1096 5216 1378 5271 nobiscum
1434 5224 1580 5268 tunc.
1640 5212 1755 5267 Non

172 5311 413 5380 primum
450 5326 518 5364 ex
557 5308 800 5380 Virgine,
840 5311 932 5363 sed
967 5308 1201 5376 primum
1241 5320 1307 5360 ex
1350 5305 1478 5359 Deo.
1522 5304 1595 5359 Es
1642 5304 1759 5356 Vir-

171 5402 303 5474 gine
348 5404 491 5457 enim
544 5413 763 5473 propter
803 5400 1283 5471 dispensationem,
1322 5412 1386 5451 es
1430 5399 1536 5451 Deo
1574 5406 1756 5450 autem

243 5512 294 5545 ⁹⁶
320 5511 465 5567 ΡείιΙ.
498 5529 638 5579 XLIV,
666 5514 720 5568 8.

173 5597 231 5651 x,
256 5584 345 5647 14,
377 5585 463 5641 t5.
652 5600 653 5603 ‘

251 5686 366 5787 (982
395 5687 491 5740 Ms.
524 5684 648 5740 Non
686 5694 928 5738 naturam
960 5681 1051 5735 sed
1077 5680 1298 5751 gloriam
1326 5679 1634 5734 accivimus.

253 5757 343 5787 ιου
399 5757 471 5787 lla
536 5757 800 5787 Αηηηοηὶοο
835 5754 1134 5787 ηνηηΙιυήι-ιι
1172 5754 1322 5787 emrhn

251 5754 364 5828 {99)
398 5757 494 5811 Ms.
524 5757 800 5825 Aguoscile
834 5754 1135 5822 prophetica
1172 5754 1344 5806 verba.

344 5860 349 5863 ‘
424 5851 695 5909 ΡΑι-ιιοι.
729 5845 845 5909 Gn.
872 5845 1109 5908 XXIV.

821 5514 867 5545 "
890 5514 1068 5582 lsa.v,
1100 5513 1172 5580 6;
1205 5527 1299 5573 vn,
1334 5511 1420 5564 ll.

1512 5509 1581 5579 _"
1613 5508 1767 5563 Joan.
1807 5522 1897 5572 ιιι,
1921 5506 2011 5562 36.

1864 517 2105 585 poribus,
2161 528 2228 568 ex
2279 514 2388 569 Deo
2437 524 2563 568 ante
2616 514 2832 570 saecula.
2889 516 2963 570 Ex
3014 514 3254 588 Virgine,
3317 533 3439 572 eum

1866 606 2213 672 hominibus;
2266 620 2333 661 ex
2373 606 2483 659 Deo
2521 615 2700 660 autem
2750 618 2875 661 ante
2913 623 3122 663 omnes.
3179 608 3303 665 Istic
3349 624 3441 663 er-

1863 713 1933 766 go
1962 707 2016 752 et
2051 699 2503 768 dispensationem
2544 700 2829 764 confitere,
2875 709 2930 754 et
2968 709 3216 755 naturam
3260 702 3443 756 delere

1865 789 1992 855 noli,
2033 806 2129 847 nec
2171 792 2483 859 exstinguas
2526 794 2619 847 tibi
2673 792 2850 847 lumen
2887 793 2983 863 (l).
3037 791 3093 848 Si
3140 794 3354 862 quidem
3386 803 3442 849 et

1865 882 1954 949 qui
1986 882 2170 938 oculos
2199 883 2455 939 claudunt
2485 901 2635 952 suos,
2678 900 2780 938 non
2829 885 3006 940 lumen
3062 887 3437 954 exstinguunl,

1864 978 1957 1031 sed
1982 976 2079 1046 ipsi
2110 977 2310 1031 lumine
2335 995 2438 1032 non
2476 978 2745 1032 fruuntur.
2779 977 2911 1032 Nam
2940 988 2993 1033 et
3023 977 3066 1033 si
3091 979 3212 1048 quis
3254 978 3438 1033 lumen

1866 1084 2052 1122 verum
2084 1085 2188 1124 non
2232 1070 2394 1125 fuerit
2442 1070 2747 1135 confessus,
2794 1087 2897 1124 nou
2948 1070 3076 1125 illud
3123 1072 3286 1135 delet,
3343 1072 3440 1126 sed

1866 1161 1979 1229 ipse
2012 1172 2190 1216 manet
2213 1163 2267 1216 in
2297 1164 2553 1219 tenebris.
2602 1166 2674 1219 Ita
2723 1166 2864 1219 enim
2909 1165 3023 1234 ipse
3056 1164 3221 1220 Filius
3254 1166 3385 1220 dicit
3420 1185 3435 1223 :

1867 1252 1969 1316 Qui
2000 1270 2104 1309 non
2160 1256 2441 1309 crediderit
2482 1257 2533 1310 in
2574 1254 2795 1319 Filium,
2834 1275 2935 1310 non
2981 1258 3194 1320 videbit,
3227 1258 3317 1311 sed
3357 1259 3441 1312 ira

1864 1346 1963 1399 Dei
1986 1357 2158 1401 manet
2194 1364 2349 1416 super
2371 1350 2537 1410 ipsum
2566 1349 2633 1403 ’⁸.
2661 1351 2789 1415 Quae
2829 1349 2943 1403 ira?
2982 1350 3071 1404 illa
3103 1351 3287 1421 utique
3321 1366 3441 1422 qua:

1866 1438 1933 1492 ab
1959 1438 2134 1493 initio.
2173 1439 2272 1505 Qui
2304 1441 2448 1495 enim
2498 1456 2604 1495 non
2653 1443 2941 1497 confitetur
2982 1458 3104 1497 eum
3151 1459 3245 1513 per
3280 1460 3439 1515 quem

1864 1539 2152 1585 revocatur
2189 1532 2479 1597 sententia,
2509 1534 2620 1601 ipse
2658 1535 2942 1589 adversum
2970 1550 3029 1589 se
3061 1535 3233 1605 ipsum
3286 1552 3442 1592 revo-

1863 1630 1952 1675 cat
1988 1623 2333 1679 sententiam.
2364 1623 2583 1692 Negotia
2623 1627 2768 1679 enim
2800 1638 3052 1696 separata
3097 1628 3298 1683 habent
3339 1645 3441 1683 na-

1864 1720 2040 1766 turam
2077 1729 2090 1767 :
2122 1714 2289 1769 nostri
2329 1727 2506 1770 autem
2531 1716 2793 1784 cogitatus
2827 1718 3098 1786 accipiunt
3135 1718 3439 1785 fructum,a

1864 1805 2095 1861 veritate
2115 1806 2332 1876 quidem
2364 1808 2549 1870 vitam,
2581 1823 2610 1861 a
2637 1809 2919 1863 mendacio
2952 1819 3131 1864 autem
3162 1825 3355 1865 noxam
3383 1819 3441 1867 et

1863 1897 2238 1968 perditionem.
2273 1898 2329 1952 Si
2361 1900 2482 1967 quis
2514 1899 2658 1954 enim
2703 1900 3035 1969 percusserit
3074 1910 3236 1970 caput
3280 1917 3439 1957 suum

1862 1990 1929 2043 ad
1968 1999 2196 2058 petram,
2225 2002 2376 2060 petra
2408 1991 2624 2060 quidem
2666 1991 2779 2061 ipsa
2811 2001 3014 2058 manet,
3058 2003 3223 2062 caput
3255 2004 3437 2048 autem

1862 2078 1932 2132 ab
1963 2080 2269 2150 insipientia
2313 2081 2509 2150 accipit
2540 2080 2773 2151 plagam,
2814 2078 2953 2136 forte
2983 2090 3160 2137 autem
3195 2092 3251 2136 et
3294 2084 3439 2151 peri-

1868 2172 2068 2227 culum.
2116 2174 2254 2227 Dicit
2313 2189 2444 2229 sane
2497 2182 2553 2228 et
2608 2162 2896 2241 Apostolus
2950 2189 2964 2226 :
3015 2170 3439 2228 Fundamentum

1861 2264 2009 2319 aliud
2030 2282 2176 2319 nemo
2202 2274 2371 2336 potest
2389 2283 2582 2335 ponere
2626 2277 2816 2335 prwter
2842 2283 2959 2319 eum
2997 2267 3087 2335 qui
3121 2276 3193 2319 est
3235 2268 3440 2337 positus

1863 2353 2102 2411 Christus
2152 2357 2305 2411 Jesus
2348 2359 2431 2425 ’9;
2496 2369 2550 2413 et
2598 2359 2788 2412 itermu
2838 2379 2852 2414 ;
2904 2356 3064 2412 Petra
3120 2372 3296 2413 autem
3328 2368 3441 2414 erat

1861 2447 2100 2502 Christus
2128 2450 2167 2501 ί.
2215 2449 2271 2503 Si
2306 2449 2373 2502 ad
2419 2450 2578 2503 istatn
2630 2460 2839 2517 petram
2890 2459 3053 2520 caput
3104 2452 3441 2520 percusseris

1863 2547 2032 2601 tuum,
2067 2540 2295 2595 scissum
2324 2550 2408 2595 est
2437 2542 2580 2611 quod
2625 2542 2838 2596 volebas
2868 2561 2881 2597 :
2926 2542 2971 2598 si
3004 2554 3181 2597 autem
3222 2544 3438 2601 confes-

1860 2648 1956 2686 sus
1986 2632 2154 2686 fueris
2188 2633 2391 2696 lumen,
2425 2632 2648 2688 habebis
2692 2636 2833 2703 quod
2867 2636 3168 2693 conllleris.
3203 2636 3261 2692 Si
3292 2637 3436 2691 enim

1861 2723 2086 2791 apostoli
2120 2724 2441 2792 quibusdam
2474 2725 2690 2793 quidem
2720 2726 2854 2779 odor
2884 2727 3072 2781 mortis
3104 2727 3170 2781 ad
3204 2734 3434 2780 mortem

1862 2823 2009 2878 sunt,
2036 2813 2360 2882 quibusdam
2397 2826 2575 2869 autem
2621 2817 2756 2867 odor
2798 2818 2920 2870 vitae
2954 2815 3021 2869 ad
3059 2816 3253 2880 vitam;
3289 2816 3333 2870 si
3364 2815 3439 2870 illi

1861 2902 1953 2970 qni
1996 2918 2089 2969 per
2128 2902 2401 2958 Christum
2447 2906 2526 2959 sal
2572 2914 2719 2965 sunt.
2766 2915 2816 2958 et
2870 2908 2961 2976 qui
3016 2922 3111 2976 per
3166 2907 3440 2962 Christum

1863 2994 2146 3047 linninaria
2181 2994 2507 3060 eﬂlciuntur,
2547 2997 2613 3049 ad
2655 3008 2881 3050 mortem
2929 3007 2983 3053 et
3030 2999 3097 3053 ad
3140 2998 3306 3057 vitam
3356 2999 3443 3052 his

1863 3086 1953 3156 qui
1994 3087 2219 3141 credunt
2245 3098 2299 3141 et
2328 3089 2418 3158 qui
2466 3106 2569 3143 non
2618 3091 2847 3145 credunt
2895 3091 3208 3145 habentur:
3239 3103 3444 3161 quanto

1867 3179 2036 3247 uiagis
2073 3180 2116 3233 is
2157 3181 2247 3248 qui
2290 3180 2511 3234 donavit
2559 3183 2673 3236 ha-c
2716 3182 3024 3238 hominibus
3059 3183 3347 3238 Christus?
3384 3183 3443 3237 Si

1862 3271 2000 3338 quis,
2048 3270 2242 3340 inquit,
2297 3287 2384 3325 vos
2424 3288 2526 3325 non
2574 3274 2879 3343 susceperit,
2940 3285 3181 3329 exeuntes
3221 3276 3445 3329 excutite

1865 3364 2126 3427 pulverem
2167 3371 2231 3417 de
2270 3366 2486 3433 pedibus
2516 3366 2698 3419 vestris
2740 3382 2759 3420 :
2800 3366 3126 3421 tolerabilius
3166 3367 3302 3421 enim
3340 3368 3444 3421 erit

1866 3463 2020 3508 terrm
2067 3456 2421 3510 Sodomorum
2455 3459 2508 3510 in
2553 3459 2635 3511 die
2666 3458 2878 3526 iudicii,
2921 3476 3078 3530 quam
3117 3461 3313 3514 civitatt
3362 3460 3445 3515 illi

1863 3562 1979 3614 qua:
1996 3562 2079 3598 vos
2110 3563 2211 3599 non
2238 3548 2455 3615 suscipit
2484 3548 2573 3616 qui
2600 3564 2631 3600 a
2661 3564 2741 3600 me
2773 3549 2919 3602 missi
2949 3551 3072 3603 estis
3102 3550 3140 3603 ‘.
3171 3552 3226 3605 Si
3263 3563 3443 3608 autem

1866 3640 1989 3705 quis
2012 3638 2184 3706 ipsum
2220 3654 2323 3691 non
2352 3640 2651 3707 susceperit
2676 3641 2950 3693 Christum
2988 3660 3000 3693 :
3041 3645 3167 3709 quad
3205 3644 3251 3697 si
3276 3647 3441 3698 etiam

1870 3745 1974 3782 non
2002 3729 2173 3783 solum
2205 3744 2310 3782 non
2342 3730 2666 3798 susceperit,
2692 3733 2787 3787 sed
2828 3734 3140 3789 interimere
3176 3736 3447 3792 voluerit?

1867 3821 1910 3873 si
1933 3836 2096 3874 ausus
2126 3822 2246 3889 quis
2287 3821 2445 3873 fuerit
2470 3822 2670 3880 dicere.
2700 3823 2822 3890 quia
2860 3824 2976 3876 siue
3002 3823 3136 3879 Filio
3168 3837 3252 3880 est
3275 3825 3438 3892 Deus,

1865 3920 1959 3964 ant
1987 3912 2109 3979 quia
2165 3912 2282 3964 sine
2327 3911 2488 3965 Patre
2535 3922 2620 3964 est
2670 3912 2879 3966 Filius?
2932 3912 3056 3968 llaec
3106 3915 3249 3969 enim
3297 3931 3444 3973 nunc

1866 4002 2083 4069 quidam
2131 4001 2533 4055 calumniantur
2576 4005 2842 4065 dicentes,
2891 4004 3018 4073 quia
3051 4005 3165 4074 ipse
3207 4008 3311 4063 sibi
3360 4017 3445 4065 est

1867 4090 2048 4153 Pater,
2085 4090 2198 4159 ipse
2225 4101 2311 4145 est
2338 4102 2390 4143 et
2417 4090 2605 4155 Filius,
2636 4102 2818 4147 etnon
2860 4104 2945 4147 est
2985 4093 3174 4153 Filius.
3212 4096 3269 4152 Si
3299 4098 3442 4153 enim

1864 4182 2028 4237 Pater
2052 4184 2161 4254 ipse
2185 4184 2288 4237 sibi
2326 4194 2409 4237 est
2438 4194 2621 4254 pater,
2668 4202 2771 4239 nou
2805 4197 2891 4240 est
2938 4186 3117 4253 Pater,
3165 4192 3290 4259 quia
3330 4192 3448 4260 ipse

1864 4275 1965 4328 sibi
2017 4286 2070 4327 et
2124 4276 2264 4328 tilius
2325 4286 2424 4335 est,
2474 4288 2530 4329 ut
2569 4279 2737 4330 aiunt.
2784 4277 3041 4333 Ludimus
3088 4279 3143 4333 in
3191 4281 3435 4339 divinis:

1867 4362 2257 4416 irrationabilia
2283 4365 2427 4416 enim
2466 4364 2569 4417 ista
2601 4379 2666 4417 ne
2697 4365 2911 4433 quidem
2939 4366 3090 4435 parvi
3122 4368 3443 4436 suscipiunt.

1872 4452 1947 4508 De
1976 4454 2061 4507 his
2104 4470 2235 4509 sane
2273 4458 2615 4510 sermonibus
2652 4472 2814 4509 unum
2858 4456 3233 4512 brevissimmn
3267 4459 3445 4513 infan-

1874 4556 1978 4598 tem
2022 4546 2312 4616 interroga,
2343 4549 2431 4616 qui
2469 4550 2640 4617 prima
2679 4557 2865 4616 utpote
2914 4564 3044 4603 voce
3082 4550 3446 4618 qualitercun-

1868 4654 1973 4707 que
1999 4640 2228 4706 cteperit
2270 4639 2437 4710 loqui,
2473 4652 2527 4696 et
2555 4645 2716 4698 dicito
2737 4645 2822 4698 ei;
2852 4644 3011 4699 Pater
3040 4652 3163 4698 tuus
3201 4644 3289 4697 ubi
3328 4647 3448 4699 est?

1866 4731 1975 4782 Aut
2008 4730 2147 4783 sicut
2176 4744 2579 4787 consueverunt
2626 4734 2869 4789 infantes
2909 4746 3117 4806 patrem
3165 4734 3442 4804 appellare

1867 4828 1914 4880 si
1956 4828 2307 4896 semetipsum
2356 4830 2686 4892 ostenderit,
2746 4834 2927 4900 arguit
2980 4846 3067 4885 me
3121 4832 3300 4886 infans
3343 4853 3357 4889 :
3402 4834 3446 4887 si

1868 4929 2047 4973 autem
2085 4921 2344 4989 parvulus
2374 4922 2556 4975 statim
2595 4930 2654 4974 ut
2683 4920 2849 4976 fuerit
2886 4923 3249 4994 interrogatus
3284 4927 3445 4982 intel-
3505 4990 3519 5005 .

1870 5012 2065 5067 lexerit
2099 5016 2227 5083 quid
2258 5016 2457 5082 quaeris
2502 5014 2569 5069 ab
2600 5028 2685 5079 eo,
2722 5030 2846 5069 eum
2895 5016 2985 5084 qui
3034 5032 3094 5071 se
3132 5019 3319 5087 genuit
3352 5034 3443 5073 οε·
3514 5032 3529 5063 ξ

1875 5112 2047 5167 tendit
2080 5130 2093 5175 ;
2130 5110 2251 5164 vide
2296 5107 2425 5178 quid
2474 5108 2651 5162 audis.
2706 5107 2841 5162 Cum
2895 5120 3075 5163 autem
3127 5110 3445 5166 benedictus
3527 5100 3533 5109 ’

1865 5205 2058 5268 Filius,
2093 5212 2282 5258 tenens
2311 5215 2530 5271 panem,
2573 5200 2716 5255 levat
2743 5216 2935 5255 manus
2961 5217 3087 5256 suas
3114 5218 3353 5267 sursum,
3388 5212 3443 5258 ut

1868 5310 2013 5355 tuam
2051 5310 2285 5365 mentem
2316 5297 2381 5349 ad
2411 5311 2533 5351 eum
2569 5298 2659 5363 qui
2692 5309 2750 5351 se
2781 5297 2965 5365 genuit
2997 5296 3244 5359 extollat,
3282 5312 3443 5353 nosce

1864 5394 2102 5456 Patrem,
2137 5401 2191 5445 et
2217 5404 2366 5444 cessa
2411 5404 2610 5458 negare
2644 5387 2862 5442 Filium.
2898 5388 2954 5443 Si
2998 5389 3163 5459 igitur
3193 5387 3449 5460 Unigeni-

2119 5505 2165 5537 ⁹⁹
2193 5504 2209 5558 1
2236 5503 2363 5559 Cor.
2407 5520 2486 5569 ut,
2512 5505 2571 5559 ll
2706 5505 2723 5536 ¹
2754 5506 2775 5558 l
2801 5503 2925 5558 Cor.
2972 5518 3029 5568 ι,
3054 5506 3109 5556 ι.
3210 5505 3231 5538 ³
3254 5502 3447 5563 Μοιιιι.

1935 5672 2013 5743 (1)
2050 5669 2147 5727 Ms.
2174 5668 2257 5725 Ne
2275 5671 2582 5741 exstinguas
2614 5670 2707 5724 tibi
2731 5668 2926 5725 lumen.

3004 5826 3083 5888 35
