3810 6218
421 327 570 384 106’s

1112 321 1391 376 ‘ElJbEBll
1430 320 1910 375 CESANENSIS
1949 320 2003 371 U!

2143 315 2321 372 PARS
2360 316 2446 373 Ν.
2482 349 2550 360 --
2588 316 3015 374 DOGM'ATICA.

3564 315 3694 372 11168

431 453 524 500 tus
545 441 677 498 dicit
712 459 726 496 :
765 439 953 504 Pater,
978 437 1176 510 gratias
1214 457 1313 512 ago
1355 441 1477 505 tibi,
1520 441 1648 512 quia
1695 455 1896 509 semper
1939 455 2018 492 me
2045 441 2093 498 Α
2118 439 2298 494 omnis
2323 439 2510 494 beatus
2535 439 2704 506 audit,
2731 438 2856 496 inde
2886 448 2942 492 et
2973 451 3073 493 nos
3104 435 3344 492 universl
3391 434 3691 491 audiemus.

429 533 696 590 exaudiui
725 548 743 585 :
771 532 862 586 sed
889 542 1097 602 propter
1117 532 1539 586 circumstantem
1573 532 1823 602 papulum
1850 531 2009 585 istum

431 627 572 690 dico,
603 633 661 679 ut
690 623 906 678 credant
937 624 1063 692 quia
1092 632 1148 676 tu
1187 639 1269 677 me
1301 623 1490 677 misisti
1517 623 1558 677 ⁸.
1602 623 1708 678 Ista
1739 622 2008 691 interpre-

434 719 638 772 tatione
683 731 788 770 non
831 713 1117 785 indigent:
1144 723 1201 770 et
1230 713 1480 769 sedemus
1509 721 1568 769 ut
1623 713 1910 778 insensati,
1956 720 2013 766 et

431 806 692 863 ludimus.
747 806 882 862 Num
951 807 1302 877 semetipsum
1369 806 1559 878 genuit
1621 804 1822 860 Pater?
1879 818 2010 858 num

431 899 786 969 semetipsum
834 899 1028 954 misit?
1061 914 1189 953 num
1215 899 1564 968 semetipsum
1597 904 1738 962 orat,
1781 905 1837 952 et
1881 895 2012 950 sibi-

431 991 645 1062 metipsi
672 991 875 1062 gratias
910 991 1038 1062 agit,
1079 999 1136 1045 et
1195 990 1311 1060 ipse
1352 989 1455 1046 sibi
1507 999 1592 1046 est
1632 988 1825 1056 Filius,
1882 987 2003 1060 ipse

431 1083 534 1138 sibi
573 1092 656 1138 est
687 1082 950 1153 pontifex,
985 1083 1099 1153 ipse
1155 1082 1258 1138 sibi
1288 1093 1370 1138 est
1401 1096 1593 1153 agnus,
1631 1080 1747 1152 ipse
1782 1079 1886 1136 sibi
1915 1087 2005 1136 est

433 1174 546 1237 via,
570 1174 685 1243 ipse
717 1175 819 1229 sibi
887 1184 972 1230 est
1013 1173 1216 1246 ianua?
1264 1174 1331 1230 Et
1373 1174 1493 1244 quis
1528 1175 1663 1240 haec,
1697 1173 1911 1229 etiamsi
1940 1173 2012 1228 sit

433 1265 936 1335 insipientissimus,
987 1267 1264 1338 patietur?
1313 1266 1448 1321 Num
1499 1281 1608 1321 una
1663 1280 1768 1320 vox
1827 1274 1910 1320 est
1952 1274 2011 1319 ut

429 1359 944 1426 circumveniamus,
981 1375 1082 1414 una
1122 1368 1204 1416 est
1228 1360 1404 1415 littera
1433 1369 1491 1413 ut
1523 1358 1836 1416 deleamus?
1871 1356 2010 1413 Dicit

430 1449 576 1505 enim
628 1451 820 1506 iterum
880 1450 1197 1506 Dominuss:
1239 1451 1378 1507 Ecce
1432 1467 1525 1521 ego
1579 1450 1741 1522 diligo
1794 1449 2011 1505 Patrem

433 1556 605 1594 meum
630 1540 672 1605 ’⁵,
705 1558 798 1611 ego
831 1541 1028 1595 honoro
1071 1541 1286 1596 Patrem
1311 1557 1483 1595 meum
1507 1543 1550 1606 ⁵,
1593 1526 1888 1610 operaque:
1916 1555 2008 1610 ego

433 1633 573 1702 facio
593 1633 682 1688 ille
702 1634 850 1703 facit,
887 1633 1050 1689 Pater
1089 1651 1233 1689 meus
1273 1635 1511 1704 quotidie
1541 1643 1796 1702 operatur
1834 1643 1883 1689 et
1915 1650 2009 1703 ego

2113 532 2156 586 A
2188 531 2327 586 Filio
2353 532 2488 587 nihil
2527 532 2710 587 audiat
2757 545 2976 599 sponsa,
3016 531 3160 600 quod
3208 543 3316 584 non
3371 536 3460 582 est
3518 528 3694 597 sponsi

2113 623 2218 677 sui.
2251 623 2309 678 Si
2339 624 2553 694 quidem
2584 639 2689 678 non
2717 622 2843 678 licet
2883 637 3094 691 sponsa:
3125 621 3357 676 alienam
3413 622 3694 690 suscipere

2114 713 2168 768 in
2215 713 2435 768 auribus
2485 729 2697 777 vocem,
2731 716 2895 770 etiam
2929 715 2976 768 si
2999 712 3206 768 'Paulus
3260 715 3430 768 dicat.
3490 713 3601 768 Sed
3642 725 3697 766 ut

2111 819 2218 859 non
2245 804 2515 862 dubitaret
2538 820 2735 874 sponsa
2771 805 2840 861 de
2890 804 3078 872 Paulo,
3117 806 3195 860 ait
3227 805 3341 876 ipse
3375 825 3389 861 :
3429 805 3518 861 An
3547 822 3698 875 expe-

2111 897 2387 951 rimentum
2402 899 2644 967 quaeritis
2666 898 2780 966 ejus
2799 898 2890 966 qui
2917 899 2971 951 in
2999 913 3079 950 me
3097 897 3330 963 loquitur
3347 896 3602 953 Christus
3626 897 3700 950 ιιι

2107 989 2443 1062 Desponsavi
2473 991 2615 1045 enim
2647 1004 2770 1058 vos,
2813 990 3005 1062 inquit,
3044 992 3160 1046 viro
3199 990 3323 1056 uni;
3359 1006 3468 1046 non
3503 999 3689 1046 tamen

2111 1084 2330 1154 populo,
2387 1083 2483 1139 sed
2543 1083 2636 1138 uni
2697 1083 2974 1153 unigenito
3032 1097 3140 1138 una
3191 1097 3410 1154 sponsa.
3462 1083 3698 1137 Amicus

2113 1175 2256 1230 enim
2308 1174 2491 1246 sponsi
2539 1174 2628 1231 ille
2662 1185 2747 1230 est
2777 1176 2867 1245 qui
2891 1175 3100 1246 gaudet
3126 1176 3193 1231 de
3242 1191 3444 1247 sponsa
3477 1177 3693 1245 sponsi.

2110 1265 2228 1322 Non
2251 1275 2336 1323 est
2365 1266 2526 1321 vidua
2559 1275 2745 1323 saneta
2779 1267 3041 1324 Ecclesia.
3083 1267 3229 1323 Vivit
3267 1269 3415 1323 enim
3459 1269 3556 1338 qui
3599 1284 3700 1339 pro

2109 1358 2224 1429 ipsa
2254 1366 2337 1414 est
2376 1369 2645 1414 mortuus.
2699 1359 2883 1430 Angeli
2924 1375 3031 1415 non
3080 1372 3362 1417 mortuum
3416 1363 3698 1418 adorant:

2109 1448 2205 1503 sed
2228 1449 2334 1503 vita
2359 1458 2497 1513 erat,
2537 1457 2676 1514 erat,
2699 1442 2839 1516 erat,
2863 1460 2917 1506 et
2944 1461 3048 1516 est,
3085 1461 3141 1505 et
3176 1467 3279 1506 non
3331 1462 3518 1508 cessat
3552 1467 3698 1508 esse.

2109 1529 2476 1610 Neque'enim
2501 1542 2666 1610 coepit
2690 1555 2722 1594 a
2754 1541 3123 1611 temporibus;
3159 1556 3334 1612 neque
3367 1544 3611 1597 cessavit
3646 1544 3698 1598 in

2110 1631 2306 1688 saecula
2354 1632 2455 1705 (1).
2507 1631 2749 1702 Regnum
2798 1634 2943 1688 enim
2996 1632 3112 1702 ejus
3145 1650 3246 1689 non
3291 1635 3455 1690 habet
3488 1636 3697 1697 linem:

412 1740 620 1794 -operor
646 1726 688 1788 ‘,
718 1725 764 1777 si
799 1725 1010 1778 creditis
1040 1725 1094 1778 in
1121 1723 1287 1778 Deum
1319 1735 1367 1778 et
1396 1726 1451 1778 in
1486 1741 1568 1778 me
1609 1725 1843 1790 creditis,
1874 1724 2010 1779 vado
2043 1791 2080 1799 _
2113 1725 2241 1796 quia
2275 1740 2379 1781 non
2409 1726 2705 1797 temporale
2744 1727 3026 1797 imperium
3071 1726 3188 1796 ejus
3221 1737 3324 1793 est,
3367 1729 3468 1784 sed
3505 1743 3704 1799 perpe-

413 1819 502 1870 -ad
534 1814 746 1870 Patrem
788 1833 958 1870 meum
983 1817 1026 1872 ⁷.
1052 1815 1267 1871 Gratias
1302 1816 1432 1886 agit,
1465 1824 1605 1880 orat,
1649 1815 1789 1871 viam
1815 1825 2013 1871 semet-
2043 1791 2086 1847 Β
2116 1826 2287 1872 tuum.
2334 1817 2568 1888 Tempus
2601 1819 2747 1874 enim
2791 1818 3337 1885 resurrectionis-est,
3381 1829 3436 1876 et
3479 1791 3700 1892 tempus

429 1907 604 1976 ipsum
633 1917 812 1974 vocat,
849 1917 908 1961 ut
945 1922 1209 1978 agnoscas
1245 1907 1312 1962 ad
1342 1922 1504 1977 quem
1549 1907 1700 1964 vadis
1733 1927 1746 1963 :
1783 1907 2007 1978 ianuam

411 2001 780 2069 semetipsum
807 1999 938 2053 dicit
966 2007 1011 2063 ο,
1042 2009 1102 2054 ιιι
1126 2013 1390 2068 agnoscas
1430 2000 1496 2053 ad
1532 2013 1689 2069 quem
1731 1999 2003 2070 ingredie-

435 2093 509 2146 ris
548 2111 561 2145 :
595 2091 782 2158 Pater,
811 2091 1008 2160 inquit,
1038 2109 1183 2145 meus
1215 2091 1449 2162 agricola
1473 2100 1572 2158 est,
1605 2103 1653 2146 et
1675 2108 1767 2162 ego
1794 2093 1910 2147 uitis
1937 2094 1960 2125 ’
1989 2110 2006 2150 :

413 2184 556 2238 Vitis
597 2192 652 2238 et
704 2185 940 2253 agricola
981 2200 1123 2238 unus
1179 2185 1296 2239 est?
1350 2183 1501 2239 Hanc
1546 2186 2006 2255 comparationem

431 2275 689 2331 Dominus
715 2276 872 2344 dixit,
909 2285 966 2332 ut
1000 2291 1068 2331 ne
1095 2277 1217 2346 quis
1240 2293 1326 2332 me
1360 2278 1737 2347 reprehendat.
1773 2276 1886 2348 Ego
1910 2292 2007 2331 au-

418 2377 537 2423 1em
580 2369 702 2422 volo
727 2377 786 2423 ut
814 2385 900 2424 me
937 2371 1152 2438 quidem
1200 2383 1390 2426 omnes
1427 2370 1676 2427 homines
1715 2370 2009 2438 reprehen-

427 2460 604 2512 dant:
639 2473 738 2527 ego
778 2469 960 2512 autem
1009 2458 1175 2513 volo:
1222 2459 1434 2514 Domini
1483 2471 1665 2514 autem
1697 2458 2008 2514 custodiant

424 2549 613 2604 verba.
649 2549 900 2602 Descendi
931 2548 995 2600 de
1034 2549 1161 2602 caelo
1202 2557 1260 2602 ut
1296 2549 1490 2618 faciam
1527 2549 1848 2603 voluntatem
1890 2550 2005 2615 ejus

426 2641 520 2709 qui
559 2655 639 2694 me
669 2640 808 2693 misit
828 2640 880 2670 '“
907 2659 922 2693 :
953 2637 1189 2694 obedivit
1231 2647 1408 2694 autem
1433 2654 1604 2709 usque
1653 2640 1718 2693 ad
1753 2650 2002 2696 mortem.

429 2729 540 2784 Sed
579 2731 705 2797 quid
757 2745 900 2784 nunc
938 2746 1072 2798 opus
1101 2739 1184 2785 est
1212 2729 1404 2785 Pauli?
1443 2745 1748 2799 quanquam
1779 2740 1832 2785 et
1863 2728 2005 2783 Pau-

415 2820 514 2875 ‘lus
543 2836 651 2874 non
681 2822 994 2876 teStimonio
1025 2837 1124 2877 suo
1153 2823 1332 2890 dicat;
1378 2831 1552 2877 tamen
1587 2823 1711 2892 quia
1753 2824 1868 2894 ipse
1900 2822 2006 2877 Do-

428 2915 607 2968 minus
646 2929 750 2968 non
791 2915 1029 2980 auditur,
1071 2924 1129 2970 ut
1158 2915 1288 2984 quid
1324 2915 1389 2969 de
1428 2915 1738 2970 domesticis
1767 2916 1882 2984 ejus
1919 2923 2006 2968 est

425 3007 650 3060 sermo?
679 3007 766 3060 Vis
801 3022 930 3060 sane
960 3007 1227 3060 honorare
1255 3005 1472 3071 Filium,
1507 3017 1564 3059 ut
1598 3007 1711 3060 vult
1748 3007 1858 3072 ille,
1896 3022 2001 3062 non

429 3109 488 3151 ut
513 3107 566 3150 tu
592 3098 690 3151 vis.
713 3097 844 3150 Num
868 3099 912 3152 si
940 3098 1145 3152 dixeris
1170 3113 1270 3150 non
1302 3107 1402 3161 est,
1431 3099 1729 3163 honorasti,
1755 3100 1798 3152 si
1829 3099 1997 3153 inter-
2030 3131 2074 3189 ο

415 3191 626 3243 «emeris
671 3203 828 3258 quem
881 3205 986 3242 non
1055 3198 1342 3257 potuerunt
1392 3188 1596 3244 Judaei?
1638 3189 1806 3245 Judaei
1857 3194 2002 3245 enim

416 3280 564 3334 febri
590 3280 754 3332 lilium
802 3295 925 3334 eum
967 3288 1312 3349 putaverunt,
1341 3292 1394 3334 et
1425 3290 1484 3334 ut
1515 3280 1653 3335 labri
1706 3281 1872 3336 filium
1920 3282 2005 3336 in-

419 3371 792 3436 terfecerunt;
851 3381 903 3425 tu
944 3381 1014 3426 ιιι
1064 3371 1258 3426 Filium
1311 3372 1402 3425 Dei
1455 3371 1744 3427 interﬁcis.
1795 3371 1900 3426 Sed
1945 3384 2000 3427 ιιι

426 3463 697 3528 morieris,
742 3479 846 3517 non
885 3462 990 3518 ille.
1028 3463 1145 3518 Non
1175 3463 1317 3520 enim
1364 3477 1429 3518 ex
1465 3464 1551 3518 his
1585 3479 1704 3534 quae
1758 3473 1816 3519 tu
1846 3465 2000 3529 dicis,

427 3555 518 3607 ille
550 3570 656 3607 non
699 3563 781 3608 est
817 3567 831 3606 :
863 3555 956 3608 sed
1001 3569 1067 3609 ex
1118 3555 1198 3608 his
1229 3554 1348 3622 qua:
1387 3570 1492 3609 non
1535 3556 1732 3622 credis,
1782 3565 1835 3610 tu
1895 3571 2002 3611 non

427 3648 554 3700 eris.
581 3646 712 3713 Qua:
756 3648 958 3717 scripta
1007 3658 1132 3702 sunt
1164 3648 1349 3712 dicito,
1381 3654 1437 3703 et
1467 3649 1879 3719 derelinquetnr
1908 3649 1996 3705 lis.

425 3738 541 3792 Non
579 3747 843 3792 mcum-et
879 3748 1051 3804 tuum,
1083 3740 1176 3793 sed
1219 3755 1337 3809 quae
1380 3740 1684 3794 communia
1730 3750 1857 3796 sunt
1897 3740 1998 3796 Ec-

424 3830 620 3884 Clesiae.
657 3830 788 3895 Quis
811 3831 952 3883 enim
998 3838 1050 3883 te
1075 3828 1317 3899 judicat?
1346 3830 1475 3897 quid
1516 3830 1686 3885 habes
1718 3831 1861 3900 quod
1891 3846 2000 3886 non

425 3920 716 3988 accepisti?
751 3918 865 3972 Non
898 3921 997 3973 ista
1019 3927 1102 3972 est
1131 3934 1230 3973 vox
1269 3917 1420 3973 Pauli
1444 3918 1536 3988 qui
1568 3919 1645 3974 ait
1676 3935 1690 3974 :
1731 3917 1818 3974 Ex
1851 3930 2002 3989 parte

424 4012 779 4080 agnoscimus,
815 4020 864 4063 et
895 4025 960 4064 ea:
989 4021 1137 4079 parte
1172 4011 1542 4078 prophetamus
1583 4010 1668 4064 “i
1716 4009 1842 4066 Hac
1869 4011 2002 4066 dixit

426 4102 642 4168 Paulus,
685 4117 752 4155 ne
796 4115 926 4156 sane
976 4102 1122 4155 solus
1163 4110 1444 4170 putaretur
1492 4115 1557 4156 ex
1599 4110 1774 4170 parte,
1823 4102 1918 4156 sed
1947 4111 2003 4155 et

425 4194 674 4262 Apostoli
709 4209 828 4246 cum
855 4195 970 4262 ipso
1000 4193 1090 4262 qui
1126 4195 1222 4258 ait,
1243 4210 1389 4248 nunc
1408 4194 1644 4249 videmus
1686 4211 1780 4265 per
1813 4210 2003 4265 specu-

424 4286 533 4338 lum
573 4285 636 4338 ".
665 4283 768 4337 Sed
802 4283 1000 4337 Paulus
1031 4299 1126 4352 per
1158 4283 1476 4351 speculum;
1508 4294 1562 4339 tu
1589 4295 1773 4340 autem
1803 4298 1857 4341 et
1879 4287 2000 4341 istic

424 4379 532 4446 iam
553 4378 628 4432 vis
675 4377 811 4431 facie
839 4378 905 4430 ad
925 4376 1116 4432 faciem
1143 4391 1319 4432 nosse.
1355 4376 1816 4443 Quemadmodum
1869 4391 2001 4433 sane

423 4485 546 4522 eum
565 4468 829 4522 interimis
847 4481 1006 4535 quem
1032 4466 1202 4520 vides.
1232 4463 1354 4519 llaec
1372 4465 1516 4534 (2-5)
1539 4465 2010 4536 γὶιιειηιιηιιεξεειιι-

426 4577 521 4631 per
540 4577 570 4614 ιι
599 4562 756 4615 beato
780 4558 872 4615 illo
893 4559 1030 4614 viro.
1063 4557 1218 4628 Saepe
1233 4558 1375 4612 enim
1397 4556 1716 4612 dicebantur
1754 4561 1821 4612 ab
1840 4576 1924 4626 eo,
1947 4573 2005 4618 ut

424 4654 640 4722 quidam
668 4653 1076 4721 suspicarentur
1116 4666 1212 4706 ore
1242 4649 1457 4721 quidem
1492 4665 1590 4707 suo
1614 4651 1712 4706 ista
1733 4655 2003 4722 proferre,

423 4749 590 4801 eorde
615 4756 792 4801 autem
822 4745 979 4799 aliter
1005 4745 1225 4798 habere.
1273 4741 1343 4796 Et
1393 4742 1610 4811 quidem
1667 4760 1875 4801 memor
1913 4763 2005 4802 vo-

429 4838 516 4893 bis
545 4853 664 4892 sum
695 4837 911 4891 audisse
941 4850 1028 4890 me
1066 4836 1134 4890 ab
1159 4849 1225 4889 eo
1261 4843 1450 4891 sancto
1502 4836 1657 4892 nobis
1693 4835 2004 4905 iuramento

426 4929 784 4994 satisfecisse,
811 4931 937 4999 quia
962 4943 1067 4984 non
1098 4927 1240 4982 aliud
1273 4928 1328 4981 in
1363 4928 1566 4998 lingua,
1603 4937 1657 4983 et
1691 4929 1834 4983 aliud
1862 4941 2005 4986 esset

427 5027 481 5081 in
517 5026 682 5082 corde
708 5025 858 5094 ejus;
893 5023 988 5078 sed
1022 5021 1187 5077 corde
1225 5019 1442 5089 quidem
1474 5021 1716 5075 creditur
1739 5021 1805 5074 ad
1837 5021 2001 5091 justi-

427 5113 577 5177 tiam,
598 5127 692 5167 ore
711 5122 892 5166 autem
923 5110 1212 5165 conﬁtetur
1247 5110 1312 5163 ad
1336 5110 1564 5164 salutem
1607 5127 1621 5165 :
1661 5111 1802 5166 unde
1836 5112 2001 5182 igitur

498 5230 518 5259 ⁸
541 5228 696 5285 Joan.
726 5243 800 5291 xl,
831 5229 921 5293 ll,
955 5228 1045 5281 42.
1115 5229 1136 5260 ⁸
1173 5227 1328 5282 Joan.
1359 5244 1470 5293 xlv,
1492 5229 1582 5282 31.

426 5314 482 5362 x,
519 5299 572 5353 9.
681 5299 703 5330 ν
736 5299 890 5353 .loan.
932 5315 1022 5364 xv,
1067 5299 1114 5354 l.

425 5383 546 5435 vm,
577 5369 664 5424 l5.

1222 5300 1264 5330 ¹⁰
1298 5298 1454 5353 Joan.
1492 5315 1566 5367 γι,
1597 5300 1687 5355 58.

496 5481 635 5551 (tt-'5)
672 5479 802 5534 Hazc
842 5482 1162 5543 videbamus,
1204 5493 1308 5537 etc.
1353 5483 1517 5537 Henr.
1552 5483 1798 5538 Valesius
1824 5483 1995 5553 legit:

425 5546 559 5603 Htec
585 5546 926 5604 audiebamus
949 5569 1149 5620 semper
1181 5570 1211 5605 a
1237 5554 1385 5606 beato
1410 5555 1501 5606 illo
1532 5559 1662 5617 uiro,
1693 5571 1830 5618 ηερε
1858 5546 1996 5609 εἷιὶιιι

423 5624 512 5693 ita
539 5621 842 5693 dicebantur
886 5624 950 5674 ab
1002 5639 1080 5693 eo,
1122 5633 1175 5675 ut
1208 5624 1420 5692 quidam
1469 5627 1864 5693 suspicarentur
1910 5641 1997 5679 ore

423 5691 633 5756 quidem
658 5706 774 5742 eum
808 5692 908 5743 ista
941 5692 1196 5758 proferre,
1220 5691 1328 5746 etc.

498 5758 576 5823 (4)
607 5758 788 5823 Neque
811 5762 1047 5816 cessavit.
1075 5759 1236 5816 Forte
1278 5779 1439 5828 neque
1465 5763 1708 5818 cessabit.

1683 5230 1703 5261 '
1733 5227 1888 5283 Joan.
1923 5245 2038 5294 vm,
2082 5231 2173 5286 «l9.
2252 5227 2446 5283 ‘Joan.
2481 5243 2531 5291 v,
2570 5227 2654 5289 l7,
2701 5224 2790 5279 36.

1787 5301 1826 5331 “
1861 5301 1876 5355 Ι
1907 5301 2030 5356 Cor.
2071 5317 2191 5369 xm,
2217 5303 2270 5358 9.

2111 1908 2319 1964 salutis.
2350 1907 2466 1966 Non
2498 1910 2796 1965 moriamur
2821 1923 2971 1980 ergo,
3013 1925 3136 1965 cum
3170 1910 3432 1966 debemus
3475 1913 3693 1966 vivere.

2111 1997 2218 2054 Sed
2241 1988 2385 2055 nunc
2407 2000 2624 2071 quidem
2648 2001 2835 2071 paucis
2861 2001 2931 2056 ob
2954 2002 3278 2055 memoriam
3326 2011 3382 2056 et
3418 2003 3692 2058 honorem

2109 2090 2286 2147 Patris
2313 2092 2456 2148 illius
2489 2093 2682 2157 nostri,
2720 2093 2793 2147 ita
2830 2093 2982 2158 boni,
3021 2095 3094 2148 ita
3142 2093 3428 2158 laboriosi,
3485 2104 3542 2149 et
3596 2110 3698 2166 pro

2109 2176 2365 2238 Ecclesiis
2395 2181 2595 2251 ubique
2615 2181 2872 2252 vigilante
2897 2182 2980 2253 (5)
3009 2184 3152 2238 dicta
3197 2185 3305 2238 sint
3361 2185 3545 2239 nobis.
3596 2184 3699 2239 Ne-

2107 2291 2214 2347 que
2239 2275 2382 2331 enim
2410 2275 2624 2346 generis
2659 2273 2810 2344 ejus:
2834 2277 3150 2331 memoriam
3199 2277 3451 2342 fecimus,
3517 2292 3701 2348 neque

2107 2368 2463 2434 educationis,
2510 2377 2605 2422 aut
2659 2367 3007 2435 eruditionis,
3064 2379 3157 2423 aut
3205 2369 3430 2424 alterius
3486 2368 3620 2423 vita:
3649 2378 3701 2422 et

2112 2459 2394 2532 putpositi.
2427 2457 2872 2514 Sullicientenim
2914 2458 2968 2514 in
3012 2461 3248 2516 Ecclesia
3286 2461 3378 2515 Dei
3414 2460 3484 2516 de
3530 2460 3701 2514 Patre

2109 2563 2166 2607 et
2205 2551 2343 2606 Filio
2388 2551 2531 2619 loqui
2593 2551 2692 2620 (6).
2739 2550 2911 2621 Loqui
2966 2553 3163 2622 quippe
3203 2553 3460 2620 dicihilia,
3513 2561 3701 2608 tacere

2107 2652 2284 2697 autem
2325 2655 2444 2710 qute
2466 2641 2676 2697 occulta
2724 2651 2870 2696 sunt.
2907 2641 3244 2713 Tinguamur
3284 2643 3484 2698 fratres
3520 2644 3578 2698 in
3621 2645 3703 2698 Iris

2104 2749 2226 2803 quas
2259 2734 2310 2788 in
2335 2733 2631 2803 Scriptnris
2681 2734 2880 2803 scripta
2922 2748 3073 2800 sum,
3115 2751 3218 2789 non
3260 2744 3316 2790 ut
3359 2749 3554 2790 vacnte
3609 2735 3700 2790 lit-

2109 2834 2237 2879 tera:
2264 2825 2649 2894 prophetarum
2682 2835 2740 2878 ut
2767 2825 2992 2881 ludaeis.
3017 2826 3094 2880 llli
3119 2827 3266 2882 enim
3305 2828 3604 2882 adversum
3641 2843 3698 2881 se

2106 2915 2322 2986 legunt;
2358 2915 2596 2985 legentes
2635 2916 2779 2970 enim
2812 2914 3022 2971 litteras
3066 2926 3122 2970 et
3169 2931 3274 2971 non
3321 2918 3694 2985 suscipientes

2106 3010 2385 3078 negotium
2413 3023 2480 3064 ex
2518 3009 2600 3062 liis
2628 3009 2822 3078 quibus
2868 3008 3171 3080 legunt('l),
3197 3010 3524 3079 semetipsos
3561 3027 3695 3065 con-

2107 3100 2472 3170 demnantqui
2509 3110 2793 3154 excusant.
2838 3098 3026 3156 Videte
3053 3115 3121 3154 ne
3166 3102 3444 3171 patiamur
3475 3116 3539 3154 ea
3570 3118 3694 3172 qua

2109 3192 2308 3247 Judazis
2349 3192 2715 3261 increpamus.
2755 3191 2812 3245 Si
2855 3193 3000 3247 enim
3045 3193 3275 3248 dicimus
3316 3191 3541 3259 Filium,
3593 3209 3699 3248 non

2108 3282 2431 3338 confitemur
2466 3293 2645 3337 autem
2675 3283 2892 3348 Filium,
2920 3293 2974 3339 et
2999 3285 3042 3338 si
3071 3283 3416 3352 agnoscimus
3447 3283 3698 3347 Patrem,

2107 3387 2423 3441 spernamus
2462 3384 2641 3428 autem
2688 3373 2937 3439 Patrem;
2983 3373 3075 3427 illa
3119 3374 3234 3444 ipsa
3278 3389 3398 3444 qua:
3433 3375 3698 3443 legimus.

2113 3465 2229 3536 ipsa
2262 3465 2502 3521 nobisin
2551 3467 2636 3521 die
2659 3464 2847 3534 judicii
2889 3464 3136 3536 legentur
3170 3465 3238 3520 ad
3275 3467 3699 3520 condemnatis-

2119 3575 2264 3614 nem.
2296 3559 2429 3615 Dicit
2497 3559 2639 3615 enim
2676 3557 2982 3615 Dominus:
3016 3551 3250 3623 Ego-non
3262 3553 3452 3624 judico
3499 3559 3573 3621 l‘,
3608 3557 3699 3612 sed

2110 3665 2294 3706 sermo
2321 3665 2486 3721 quem
2549 3649 2759 3704 locutus
2807 3657 2890 3703 est
2938 3646 3058 3718 ipse
3110 3660 3233 3700 eum
3278 3645 3512 3713 iudicat.
3551 3643 3700 3698 Dixit

2108 3743 2226 3810 tibi,
2259 3744 2384 3812 quia
2418 3742 2554 3796 vado
2597 3743 2667 3796 ad
2726 3741 2939 3797 Patrem
2995 3755 3172 3794 meum
3221 3737 3366 3791 Dixit
3415 3735 3538 3800 tibi,
3571 3737 3696 3806 quis

2105 3832 2305 3886 missus
2327 3847 2356 3885 a
2385 3828 2548 3884 Patre
2586 3842 2742 3893 sum;
2768 3837 2824 3882 et
2845 3837 2900 3880 tu
2923 3825 3058 3881 dicis
3077 3825 3204 3896 quia
3227 3840 3334 3878 non
3357 3833 3442 3878 est
3465 3824 3699 3878 missust

2104 3923 2196 3977 sed
2221 3923 2335 3991 ipse
2355 3930 2438 3976 est
2464 3920 2555 3990 qui
2582 3920 2696 3974 haec
2713 3918 2869 3985 dixit,
2891 3929 2946 3973 et
2966 3927 3093 3972 tunc
3113 3915 3372 3985 judicabit
3395 3932 3409 3970 :
3431 3915 3581 3985 leget
3606 3919 3694 3971 tibi

2104 4013 2411 4083 Evangelia,
2430 4012 2582 4066 dabis
2603 4012 2890 4076 rationem,
2909 4009 3053 4064 dicet
3068 4025 3164 4064 cur
3187 4009 3298 4062 hazc
3313 4008 3518 4077 scripta
3537 4007 3698 4063 sunt!

2105 4106 2228 4161 Hac
2253 4114 2432 4159 autem
2458 4114 2584 4158 tunc
2611 4117 2714 4158 non
2743 4102 2850 4159 dixi
2878 4116 2976 4172 per
3006 4114 3214 4156 vocem.
3235 4098 3302 4152 Et
3321 4114 3431 4168 qua
3456 4097 3603 4154 facie
3625 4101 3698 4152 vi-

2107 4197 2263 4253 debis
2306 4195 2436 4249 illud
2467 4193 2686 4249 lumen?
2716 4193 2966 4249 Contenti
2992 4192 3163 4246 simus
3186 4190 3436 4255 veritate,
3465 4203 3696 4244 excuse-

2108 4304 2227 4343 mus
2251 4287 2393 4341 lites.
2434 4285 2637 4356 Siquis
2659 4295 2836 4340 autem
2873 4293 2933 4340 et
2977 4284 3124 4338 novit
3160 4281 3369 4351 aliquid
3423 4296 3554 4334 cum
3602 4293 3696 4350 pa-

2111 4380 2296 4435 tientia
2327 4388 2381 4434 et
2420 4394 2524 4434 non
2556 4379 2622 4432 ad
2657 4374 3055 4447 instigationem
3094 4389 3215 4444 qua:
3250 4372 3416 4437 laedit,
3445 4374 3544 4426 sed
3576 4387 3697 4427 cum

2043 4480 2085 4534 υ
2115 4471 2420 4526 humilitate
2465 4485 2585 4540 quae
2640 4471 2884 4540 prodest,
2935 4482 3040 4521 non
3083 4479 3142 4519 ut
3192 4464 3422 4530 inimici,
3479 4467 3579 4517 sed
3645 4472 3695 4517 ut

2110 4564 2427 4628 Christiani,
2470 4579 2575 4617 non
2633 4572 2691 4616 ut
2743 4563 2794 4614 in
2844 4561 3017 4625 circo,
3073 4559 3165 4612 sed
3206 4567 3266 4610 nt
3313 4557 3366 4610 in
3427 4555 3694 4612 Ecclesia.

2120 4655 2307 4710 [labes
2361 4653 2565 4724 aliquid
2611 4671 2625 4707 :
2672 4655 2825 4707 trade
2879 4667 2983 4706 non
3045 4667 3165 4705 cum
3219 4650 3333 4712 lite,
3385 4665 3495 4703 non
3543 4651 3695 4720 quasi

2113 4760 2324 4811 auctor,
2363 4747 2458 4802 sed
2500 4760 2820 4803 ammonens
2846 4759 2908 4799 ea
2939 4759 3060 4814 quae
3092 4742 3331 4797 didicisti
3382 4756 3415 4796 a
3449 4741 3692 4811 Scriptu-

2113 4842 2208 4895 ris.
2247 4839 2495 4894 Retinete
2516 4839 2653 4903 haec,
2683 4846 2738 4892 et
2769 4835 3061 4892 cessabitis
3092 4833 3256 4896 alite,
3295 4842 3351 4886 et
3389 4833 3460 4886 ab
3493 4830 3684 4886 Ecclus

2111 4933 2188 4987 sia
2228 4931 2470 5000 separari
2516 4929 2706 4984 nolite.
2759 4926 2815 4982 Si
2862 4942 2962 4996 ego
3011 4925 3201 4989 deliro,
3245 4924 3374 4991 quid
3408 4923 3480 4977 ad
3530 4923 3624 4976 te?
3655 4924 3692 4975 si

2111 5040 2213 5094 ego
2244 5023 2423 5079 aliena
2458 5021 2675 5093 loquar,
2710 5036 2794 5074 me
2818 5017 3004 5088 iudica
3037 5026 3092 5072 et
3120 5017 3345 5087 perdere
3371 5013 3686 5069 noli.0eca-

2108 5116 2316 5169 sionem
2347 5112 2514 5167 nolite
2555 5124 2801 5180 qumrere
2839 5107 2905 5162 ad
2953 5106 3267 5162 schismata.
3296 5103 3427 5158 Ovis
3451 5117 3577 5172 quae
3604 5117 3689 5155 ex-

2894 5222 3072 5277 7.Ioan.
3101 5236 3209 5282 xtv,
3240 5219 3291 5282 l,
3322 5218 3413 5273 28.
3492 5217 3515 5248 ⁸
3539 5217 3669 5272 Joan

2369 5302 2410 5331 ¹¹
2451 5288 2604 5362 ibtd.,
2643 5288 2727 5349 12.
2827 5294 2868 5326 ⁸³
2891 5293 2930 5347 ll
2957 5293 3085 5347 Cor.
3139 5307 3258 5354 xm,
3290 5291 3345 5344 5.
3453 5288 3500 5320 ¹δ
3532 5288 3684 5343 Joau.

2181 5482 2258 5553 (5)
2306 5478 2682 5553 Vigilgnte.ll.
2721 5477 2980 5553 Valesius
3006 5474 3136 5553 legit
3159 5472 3450 5553 vigilantis.

2165 5539 2628 5638 llsiSu'fﬁcit
2667 5551 2804 5603 enim
2842 5551 2895 5601 in
2936 5539 3175 5602 Eccl'esia
3208 5539 3305 5598 Dei
3344 5545 3410 5597 de
3452 5539 3678 5596 Patrest

2110 5623 2482 5816 “(iﬁlli-(imis.
2525 5690 2709 5762 quibus
2738 5688 2934 5760 legunt.
2967 5685 3154 5742 Graeco
3178 5699 3352 5752 more,
3387 5699 3490 5755 pro
3517 5699 3580 5740 es
3607 5681 3677 5734 bis

2110 5783 2219 5816 ante
2267 5775 2446 5816 caunt.

2103 5783 2219 5826 ante
2247 5775 2446 5825 lcqunt.
