3810 6218
198 266 347 324 i069

1298 248 1386 308 DE
1422 244 2024 308 RESURRECTIONE.
2066 284 2118 293 —
2174 244 2300 304 LIB.
2344 243 2386 304 Ι.

3316 242 3449 301 1070

191 382 278 427 tra
305 385 520 443 gregem
550 379 654 438 est,
685 385 815 444 pars
851 378 961 444 lupi
996 386 1100 431 est.
1135 362 1269 431 Nam
1299 378 1401 433 etsi
1435 377 1625 433 fortior
1655 378 1775 433 ovis
1803 384 1851 440 Α
1881 380 1990 433 tres
2026 398 2037 433 :
2082 393 2185 432 non
2230 370 2493 431 faciamus
2535 366 2935 434 conventicula,
2977 383 3087 423 non
3140 368 3449 439 Speluncas.

192 481 277 528 es,
306 466 526 535 expedit
578 457 675 521 tibi
728 465 866 521 infra
924 468 1159 539 parietes
1209 470 1367 525 ovilis
1417 486 1559 537 esse,
1607 486 1769 539 quam

192 557 367 613 foras.
399 556 579 613 Fortis
615 572 695 622 es,
740 568 893 627 porta
946 576 1120 615 meam
1164 561 1536 617 inﬁrmitatem
1570 565 1587 615 ξ
1624 562 1777 616 inflr—

192 666 318 705 mus
350 666 433 717 es,
460 651 646 720 accipe
669 653 930 710 medelam
958 670 988 710 a
1011 656 1282 711 communi
1315 656 1556 714 Ecclesia
1583 675 1598 713 :
1623 666 1775 727 gutta

190 760 304 801 una
366 756 663 803 torrentem
724 761 831 801 non
880 738 1033 802 facit.
1089 745 1147 801 Si
1194 747 1340 801 enim
1387 754 1443 802 et
1493 748 1773 813 ceciderit,

189 848 487 906 antequam
524 838 704 904 cadat,
735 854 761 890 a
792 842 936 893 terra
975 836 1318 892 abs0rbetttr.
1361 834 1525 893 Eutta
1567 846 1774 904 autem,

191 940 251 986 et
289 931 464 1003 gutta,
497 941 552 986 et
576 939 725 1001 gutta
755 929 918 985 etiam
964 938 1174 985 montes
1217 932 1434 986 evertit.
1482 928 1662 986 Canna
1715 945 1777 987 es

196 1014 429 1093 fragilis,
462 1021 615 1077 multi
646 1030 826 1077 autem
878 1010 1027 1076 ferro
1076 1028 1205 1075 sunt
1257 1019 1533 1077 fortiores.
1575 1021 1777 1078 Oculus

194 1114 348 1171 solus
376 1124 481 1168 non
507 1122 589 1168 est
610 1112 825 1179 oculus,
858 1127 1034 1183 neque
1056 1122 1429 1184 caputcaput,
1468 1126 1643 1185 neque
1682 1130 1777 1185 pes

193 1222 318 1277 pes.
357 1205 689 1277 Compositio
734 1205 878 1261 enim
928 1206 1295 1260 membrorum
1356 1214 1523 1260 t0lum
1576 1210 1775 1261 bonum

195 1292 350 1349 facit.
396 1292 529 1348 Nam
560 1291 663 1348 etsi
707 1299 858 1348 esses
893 1290 1103 1359 oculus,
1152 1292 1390 1358 ablatus,
1415 1309 1539 1350 eras
1578 1306 1774 1351 caecus.

192 1388 239 1441 Δ
264 1394 488 1455 corpore
518 1385 661 1439 enim
692 1384 938 1440 sublatus
961 1382 1176 1450 oculus,
1210 1398 1386 1440 ezecus
1430 1393 1515 1441 est
1558 1387 1775 1451 oculus,

190 1477 372 1547 magis
402 1480 583 1532 autem
625 1484 889 1531 mortuus.
917 1476 973 1531 ιιι
1004 1476 1246 1532 Ecclesia
1282 1475 1478 1531 fratres
1529 1481 1630 1533 sub
1666 1480 1778 1535 alas

191 1566 389 1623 matris
412 1566 803 1623 conveniamus
832 1576 849 1627 ξ
880 1567 932 1621 in
956 1564 1198 1623 Ecclesia
1243 1569 1296 1622 in
1325 1581 1429 1638 qua
1457 1572 1776 1626 ornamenta

194 1675 412 1731 sponsae
438 1667 584 1727 sunt,
612 1667 667 1714 et
696 1659 938 1714 membra
960 1658 1184 1725 Christi,
1216 1675 1323 1715 non
1353 1661 1420 1716 ad
1462 1660 1776 1727 schismata,

1877 470 2043 526 Forte
2083 472 2226 525 enim
2282 467 2513 540 apostoli
2572 467 2688 521 haec
2736 462 3050 518 fundarunt.
3084 460 3201 516 Non
3245 461 3451 533 lapides

1877 562 2019 627 dico,
2060 562 2154 617 sed
2191 562 2402 632 negotia
2443 572 2648 614 rerum.
2684 557 2815 613 Exis
2853 557 2923 611 ab
2952 555 3220 620 Ecclesia,
3265 566 3323 611 et
3364 569 3451 612 re-

1875 654 2076 726 linquis
2115 664 2344 710 matrem
2389 662 2534 709 tuam
2565 658 2786 723 propter
2836 664 2942 704 me.
2972 648 3109 715 Quid
3143 662 3262 703 sum
3306 647 3452 703 enim

1876 762 2000 818 ego,
2034 754 2129 803 aut
2165 747 2391 810 Paulus,
2417 753 2513 799 aut
2545 742 2734 813 Apollo
2757 740 2879 812 quis
2914 740 3035 794 est?
3082 740 3156 795 De
3182 754 3267 795 me
3306 749 3362 794 et
3399 748 3452 797 te

1877 840 1982 895 erit
2014 854 2213 895 sermo.
2246 837 2384 892 Num
2420 847 2520 908 ego
2562 834 2857 891 crucillxus
2904 832 3061 888 sum?
3089 832 3331 887 Necdum
3384 845 3453 887 ne

1878 930 2095 1001 quidem
2119 931 2327 1001 alapam
2353 928 2560 999 accepi.
2594 926 2636 981 E
2658 925 2935 981 contrario
2970 936 3168 990 autem,
3202 935 3257 979 et
3281 924 3453 979 hono-

1878 1030 2031 1078 ratus
2080 1033 2199 1077 sum
2252 1029 2472 1092 pr0pter
2519 1017 2726 1074 Jesum.
2781 1019 2847 1074 Et
2888 1017 2979 1072 ille
3016 1016 3233 1087 quidem
3284 1015 3453 1070 multa

1882 1129 2072 1184 passus
2095 1122 2178 1168 est
2207 1122 2427 1183 propter
2448 1124 2535 1166 me
2567 1129 2583 1164 :
2622 1126 2723 1179 ego
2761 1120 2940 1165 autem
2992 1110 3292 1163 honoratus
3326 1123 3447 1163 sum

1880 1215 2101 1277 propter
2139 1206 2335 1275 ipsum.
2382 1202 2450 1259 Et
2477 1219 2577 1259 nos
2610 1203 2827 1272 quidem
2879 1202 3140 1258 feriamur
3190 1201 3454 1258 adversus

1880 1313 2123 1361 crucem,
2168 1306 2224 1353 et
2267 1297 2560 1351 adversum
2598 1309 2722 1349 eum
2756 1294 2847 1365 qui
2895 1304 3111 1364 propter
3151 1308 3250 1348 nos
3294 1293 3367 1348 fel
3402 1300 3455 1348 et
3505 1328 3509 1333 ι

1881 1399 2092 1445 acetum
2134 1388 2289 1452 bibit,
2321 1396 2376 1443 et
2400 1385 2729 1457 imponimus
2772 1386 2824 1440 ei
2858 1385 3043 1456 spinas
3084 1386 3255 1457 magis
3286 1399 3454 1456 quam

1881 1481 2069 1547 Judaei,
2093 1489 2149 1537 et
2179 1480 2462 1535 etfodimus
2495 1491 2689 1535 manus
2731 1478 2848 1548 ejus
2891 1487 2947 1534 et
2985 1477 3173 1547 pedes,
3218 1486 3274 1533 et
3296 1478 3457 1533 diuus

1881 1587 2155 1627 meramus
2175 1569 2291 1639 ejus
2317 1584 2439 1625 ossa
2476 1586 2490 1623 :
2522 1566 2656 1634 Qua:
2694 1569 2858 1636 enim,
2893 1568 3092 1638 inquit,
3124 1568 3323 1637 fecistis
3359 1566 3457 1622 imi

1882 1679 1948 1717 ea:
1977 1658 2210 1717 minimis
2239 1661 2363 1717 istis
2396 1661 2487 1732 qui
2515 1665 2732 1715 credunt
2775 1660 2830 1714 in
2856 1675 2961 1725 me,
2990 1659 3118 1713 mihi
3166 1659 3360 1726 fecistis
3387 1657 3459 1726 “,

197 1768 310 1807 non
335 1752 399 1807 ad
424 1752 679 1807 haereses.
710 1749 1012 1821 Aliquoties
1031 1751 1177 1807 enim
1210 1752 1333 1808 dico
1363 1771 1376 1808 :
1409 1748 1632 1809 offendit
1660 1769 1778 1808 mea
1816 1763 1860 1822 Β
1886 1763 1980 1807 aut
2014 1752 2218 1807 bonum
2252 1761 2346 1807 aut
2380 1751 2607 1807 malum.
2646 1750 2770 1806 Haec
2801 1749 2998 1806 fratres
3037 1760 3091 1807 et
3138 1750 3191 1805 iu
3236 1752 3322 1807 his
3350 1751 3458 1807 fra-

198 1845 423 1914 lingua:
458 1852 637 1912 potest
665 1842 779 1897 fieri
808 1851 867 1897 ut
910 1856 1063 1898 mens
1109 1856 1225 1899 mea
1279 1842 1539 1899 oll‘endat.
1588 1844 1694 1900 Sed
1724 1856 1778 1901 tu

197 1936 353 1990 noli:
382 1935 699 1991 obliviscere
741 1930 818 2006 (8)
859 1945 982 1990 eum
1021 1935 1113 2005 qui
1160 1935 1296 1989 dixit
1337 1952 1352 1989 :
1395 1932 1576 1990 Pretio
1621 1938 1782 2008 empti

198 2029 349 2094 estis,
379 2027 541 2082 nolite
568 2026 686 2095 ﬁeri
714 2025 850 2081 serti
889 2027 1158 2082 hominum
1181 2025 1246 2082 υ.
1277 2027 1384 2083 Ista
1416 2030 1559 2084 enim
1588 2030 1782 2085 domus

199 2135 312 2176 non
336 2135 452 2177 mea
475 2129 558 2175 est
579 2128 673 2174 aut
700 2129 813 2178 tua.
858 2119 969 2175 Cur
1020 2121 1123 2175 mei
1178 2135 1340 2176 causa
1372 2121 1584 2175 recedis
1616 2136 1643 2174 a
1680 2121 1784 2175 Do-

198 2212 406 2268 miuica
452 2212 653 2268 domo?
699 2211 766 2267 Et
816 2212 991 2282 primo
1032 2212 1247 2283 quidem
1293 2213 1422 2283 quid
1473 2213 1783 2283 accepimus

199 2305 361 2361 nobis
388 2305 513 2375 quia
547 2304 902 2376 sapientiores
930 2304 1186 2360 omnibus
1220 2304 1445 2360 sumus?
1472 2304 1676 2359 Deinde
1722 2313 1785 2359 ut

200 2397 332 2467 quid
357 2397 501 2467 quod
530 2396 583 2451 in
607 2410 770 2466 prece
795 2395 872 2469 (9)
902 2394 1147 2451 diabolus
1182 2396 1366 2460 habet,
1398 2396 1663 2450 donamus
1697 2394 1785 2451 ei?

200 2486 264 2542 Si
301 2502 398 2558 ego
422 2488 669 2542 infirmus
697 2502 837 2552 sum,
880 2495 934 2541 tu
955 2486 1044 2555 qui
1081 2500 1141 2541 es
1162 2484 1336 2551 fortis,
1367 2501 1470 2541 non
1500 2486 1795 2551 recedens,-

202 2582 465 2635 conlirma
512 2578 835 2635 Ecclesiam.
885 2579 942 2634 Si
987 2593 1089 2648 ego
1133 2578 1309 2633 aliena
1343 2577 1555 2647 loquor,
1593 2592 1692 2632 cur
1726 2587 1782 2632 tu

204 2670 299 2742 qui
323 2671 461 2726 bene
495 2670 740 2740 loqueris
785 2669 1058 2725 abstrahis
1084 2681 1138 2724 te
1158 2678 1218 2722 ut
1240 2668 1528 2723 videantur
1558 2684 1677 2723 mea
1704 2669 1786 2723 in-

206 2761 452 2817 firmari?
475 2761 541 2815 Et
568 2776 636 2816 ne
663 2761 786 2831 quis
805 2775 891 2816 me
920 2756 1392 2832 putet‘incitatum
1423 2759 1491 2813 ad
1521 2759 1785 2828 quosdam

206 2854 542 2910 dicere:sed
583 2854 651 2909 ab
673 2852 931 2909 exercitio
967 2852 1080 2924 (10)
1120 2866 1241 2907 sum
1294 2850 1583 2906 multorum
1618 2866 1632 2903 :
1674 2850 1787 2905 scio

213 2956 421 3018 quanta
452 2948 592 3003 dicta
630 2956 757 3003 sunt
806 2953 864 3001 et
904 2947 1175 3001 dicuntur.
1221 2942 1605 3012 Unusquisque
1642 2943 1787 2998 enim

210 3055 463 3113 quaerens
488 3040 630 3095 unde
664 3047 921 3110 pascatur
955 3038 1167 3092 furatur
1190 3036 1325 3108 (11).
1358 3035 1597 3090 Minores
1633 3052 1646 3087 :
1677 3033 1788 3088 fra-

1882 1853 2037 1900 tres:
2073 1860 2181 1899 non
2231 1852 2446 1914 semper
2503 1844 2742 1908 nomina,
2792 1844 2887 1900 sed
2933 1858 3041 1899 res.
3114 1844 3459 1904 Christianus

1881 1937 2023 1990 enim
2052 1951 2233 2001 verus,
2290 1935 2458 1991 frater
2500 1935 2592 1991 sit.
2640 1933 2814 1990 Verus
2867 1935 3209 1991 Christianus
3248 1954 3261 1992 :
3295 1952 3459 1993 verus

1882 2037 1967 2085 est
2016 2029 2160 2084 enim
2222 2029 2491 2085 Christus.
2538 2028 2781 2095 Fratres,
2834 2027 3051 2094 fratres,
3112 2030 3277 2086 nolite
3338 2045 3460 2086 esse

1882 2121 2102 2190 piratte,
2166 2121 2334 2176 nolite
2398 2120 2713 2175 bellatores.
2782 2116 2959 2176 Nolite
3026 2136 3267 2191 quaerere
3331 2137 3456 2178 cum

1884 2228 1990 2282 quo
2061 2212 2313 2283 litigetis,
2381 2213 2473 2268 sed
2527 2229 2685 2283 quem
2765 2213 3006 2269 salvetis.
3082 2212 3199 2283 ipse
3275 2224 3455 2270 autem

1872 2302 2027 2360 vDeus
2086 2305 2252 2375 pacis,
2302 2305 2393 2374 qui
2440 2321 2544 2360 non
2604 2306 2843 2376 pepercit
2903 2306 3181 2375 unigenito
3212 2321 3310 2361 suo
3363 2305 3456 2360 Fi-

1884 2394 1978 2460 lio,
2013 2405 2068 2450 et
2098 2394 2246 2450 mislt
2308 2410 2433 2451 eum
2478 2399 2542 2449 ad
2581 2396 2808 2451 salutem
2858 2406 3121 2462 nostram,
3176 2397 3294 2466 ipse
3332 2412 3454 2452 om-

1885 2488 2033 2541 nium
2076 2497 2319 2542 vestrum
2349 2488 2561 2543 animas
2602 2489 2669 2542 ad
2704 2502 2866 2542 uuam
2913 2488 3353 2553 consensionem,
3386 2489 3457 2544 ad

1886 2593 2048 2632 uuam
2072 2580 2442 2644 concordiam,
2483 2580 2548 2633 ad
2594 2592 2756 2634 unam
2808 2594 2995 2647 pacem
3036 2590 3093 2635 et
3140 2580 3458 2636 charitatem

1887 2669 2085 2724 adunet
2110 2682 2206 2738 per
2231 2670 2563 2740 unigenitum
2596 2686 2752 2725 suum
2782 2667 2974 2726 Filiqu
3002 2689 3017 2725 :
3048 2686 3145 2742 per
3182 2687 3343 2743 quem
3374 2681 3463 2728 est

1886 2778 1993 2817 non
2029 2772 2158 2817 nato
2185 2763 2331 2817 Patri
2373 2763 2565 2834 gloria,
2610 2764 2803 2833 honor,
2860 2764 3168 2834 imperium,
3202 2764 3460 2835 maiestas

1888 2855 1942 2910 in
1970 2854 2172 2925 Spiritu
2217 2865 2428 2920 sancto,
2458 2865 2511 2911 et
2544 2871 2684 2911 nunc
2715 2865 2770 2911 et
2805 2870 3039 2927 semper,
3070 2865 3120 2912 et
3150 2870 3246 2927 per
3279 2856 3461 2913 omnia

1890 2942 2085 2997 saecula
2117 2942 2461 2996 saeculorum.
2491 2942 2683 2996 Amen.

217 3187 2071 3231 WE

911 3182 3451 3226 Μ

975 3407 1734 3567 EUSEBII
1790 3402 2711 3563 PAMPHILI

793 3706 1021 3819 DE
1148 3696 2884 3818 RESURRECTIONE.

1370 4070 1727 4160 LIBER
1800 4070 2296 4161 PRIMUS.

282 4431 494 4487 Dictum
514 4440 597 4487 est
618 4429 831 4501 quidem
856 4445 885 4485 a
917 4428 1069 4485 nobis
1097 4438 1151 4485 et
1177 4439 1299 4484 ante
1323 4428 1389 4484 de
1426 4428 1784 4485 resurrectio-
1809 4438 1851 4494 ς.
1887 4440 2066 4485 autem
2127 4436 2181 4483 et
2215 4442 2334 4498 quae
2369 4423 2503 4480 lecta
2537 4430 2698 4489 sunt;
2747 4419 2886 4475 forte
2934 4415 3098 4474 etiam
3146 4425 3288 4484 saepe
3311 4410 3471 4467 uobis

208 4538 314 4590 ne;
351 4523 578 4578 audistis
614 4533 669 4577 et
707 4537 803 4577 vos
850 4539 863 4576 :
905 4522 997 4578 sed
1034 4523 1215 4577 omnia
1276 4530 1519 4589 tempora
1566 4520 1790 4588 exigunt

208 4632 364 4672 suum
411 4616 669 4679 fructum,
708 4614 972 4683 siquidem
1022 4623 1076 4669 et
1130 4613 1183 4667 in
1223 4624 1464 4682 tempore
1515 4628 1787 4676 rosarum,

1892 4521 2216 4587 dicentibus,
2244 4518 2469 4573 necdum
2501 4515 2717 4586 quidam
2758 4514 2824 4567 de
2853 4506 3252 4565 resurrectione
3279 4514 3469 4558 susce-

1891 4621 2090 4684 perunt
2134 4624 2437 4667 sermonem
2482 4626 2495 4661 :
2537 4605 2672 4660 nihil
2720 4600 2973 4672 prohibet
3009 4607 3252 4666 repetere
3285 4602 3474 4684 noset

208 4722 346 4763 rosa:
370 4706 676 4762 ﬂorescunt.
717 4706 1029 4777 Agnoscunt
1064 4714 1244 4759 autem
1281 4714 1338 4759 et
1369 4707 1663 4760 secundum
1694 4699 1787 4760 Je-
1888 4683 2088 4768 denuo,
2122 4712 2176 4757 et
2208 4703 2273 4757 de
2296 4701 2380 4755 his
2411 4696 2544 4769 ipsis
2572 4704 2807 4751 tractare
2831 4692 2898 4745 ¹⁹.
2928 4690 3125 4746 Eadem
3157 4687 3301 4741 enim
3336 4683 3472 4740 scri-

212 4802 439 4856 rcmiam
472 4798 548 4864 ‘7,
595 4810 650 4854 et
677 4799 995 4854 hirumliues
1051 4807 1259 4867 tempus
1306 4806 1362 4852 et
1410 4797 1497 4850 alii
1538 4810 1787 4867 passeres
1891 4798 2024 4853 bere
2066 4806 2165 4851 nec
2198 4788 2422 4846 Paulum
2460 4788 2631 4861 piguit
2675 4802 2689 4840 :
2733 4786 2788 4842 hi
2815 4784 2959 4840 enim
3006 4781 3099 4853 qui
3123 4778 3350 4835 credunt
3384 4791 3474 4832 re-

208 4893 362 4963 agri;
394 4908 620 4962 quorum
650 4891 909 4962 propheta
934 4889 1134 4946 faciens
1160 4890 1509 4955 mentionem,
1542 4890 1790 4957 increpa-

209 4984 301 5039 bat
345 4983 508 5039 Israel
542 4983 632 5053 qui
658 4992 898 5052 tempora
940 4980 1242 5051 ignorabat.
1289 4980 1355 5036 Et
1387 4989 1597 5049 tempus
1638 4979 1787 5033 omni

210 5076 292 5132 rei
318 5090 437 5132 .sse
459 5074 893 5143 sapientissimus
928 5073 1061 5127 dixit
1088 5072 1342 5128 Salomon
1366 5072 1430 5129 ".
1463 5071 1598 5139 Quia
1624 5070 1789 5140 igitur

210 5176 426 5236 tempus
461 5164 704 5237 exposcit
734 5164 803 5218 de
835 5162 1230 5217 resurrectione
1260 5160 1504 5225 tractari,
1531 5164 1791 5229 expetunt

1895 4889 2250 4946 surrectionis
2279 4898 2579 4948 sermones,
2621 4888 2782 4936 erunt
2828 4876 3097 4932 tutiores:
3130 4871 3268 4929 forte
3290 4877 3472 4924 autem

1895 4982 1987 5050 qui
2011 4981 2239 5036 necdum
2269 4976 2412 5032 suasi
2443 4974 2590 5039 stlnt,
2618 4969 3011 5027 suadebuntur.
3056 4961 3212 5016 Nunc
3234 4958 3475 5015 creditur

1894 5071 2039 5125 enim
2072 5068 2312 5125 sermoni
2340 5065 2430 5136 qui
2466 5064 2533 5119 de
2564 5058 2955 5118 resurrectione
2982 5055 3248 5115 habetur;
3272 5057 3327 5103 et
3359 5063 3476 5100 ma-

1896 5172 2000 5227 gna
2046 5164 2132 5213 est
2179 5153 2469 5210 multitudo
2500 5165 2607 5206 non
2644 5146 2999 5204 credentium.
3040 5138 3281 5198 Gentiles
3328 5136 3474 5193 enim

285 5304 331 5339 ³⁸
352 5303 375 5359 1
395 5305 519 5361 Cor.
549 5304 759 5372 vt,-20‘,:
793 5312 847 5359 et
884 5320 978 5372 vn,
1004 5302 1096 5358 ΞΒ.
1170 5300 1217 5334 ³⁸
1244 5299 1434 5359 Matth.
1464 5314 1595 5366 xxv,
1619 5296 1711 5354 40.

1887 5291 2127 5354 ler.vm,
2158 5289 2212 5343 7.
2288 5285 2334 5318 ¹⁸
2371 5284 2549 5341 Eccle.
2585 5297 2666 5349 Ill,
2694 5282 2782 5335 l7.
2861 5280 2905 5312 ¹⁹
2942 5274 3175 5347 Philipp.
3203 5287 3288 5340 ιιι,
3313 5270 3367 5326 Ι.

252 5423 365 5507 ,(ἦὶ
394 5421 521 5477 Noli
562 5438 582 5476 :
629 5422 952 5477 obliviscere.
1009 5419 1174 5476 Forte
1232 5418 1322 5473 sed
1377 5427 1432 5473 tu
1493 5415 1601 5470 noli
1655 5412 1771 5468 obli

246 5510 341 5550 ιιει

205 5540 219 5563 ⁸
401 5563 467 5621 1η
506 5579 658 5633 prece
696 5561 784 5636 Ἐν
809 5562 966 5633 εὐχῇ,
1002 5561 1055 5615 in
1086 5559 1319 5636 voto,_ln
1347 5556 1566 5636 optatis.

291 5629 402 5706 (lii)
433 5629 515 5688 ΑΒ
548 5634 817 5706 exercitio.
864 5629 1048 5698 idest,
1075 5646 1141 5688 ex
1190 5629 1493 5686 ministerio
1523 5640 1643 5683 meo
1673 5638 1794 5680 mea

214 5704 394 5765 mus
422 5707 484 5760 ad
515 5704 711 5759 multos
732 5707 981 5765 pertinet.

1970 5403 2160 5479 (Hllj'
2163 5410 2372 5479 uratur.
2401 5399 2653 5479 llinores.
2683 5396 2845 5479 Forte
2874 5395 3113 5479 {uiolato
3124 5386 3474 5479 Effci-1:33:39

1898 5457 2257 5542 esu—adducit
2285 5487 2383 5540 per
2423 5471 2665 5543 fraudem
2716 5482 2744 5520 e
2770 5457 2894 5543 simi
2936 5462 3188 5518 Ecclesiae
3215 5457 3476 5543 parvulos

1901 5528 2353 5615 iii-viide,sibique
2383 5540 2664 5615 adiungit;
2679 5537 2818 5615 unde
2846 5534 3024 5589 alatur
3058 5551 3072 5587 :
3109 5531 3297 5615 quales
3335 5529 3371 5584 ii
3407 5528 3479 5584 de

1905 5606 2292 5691 quibus-ludas
2318 5606 2490 5690 apost.
2516 5609 2600 5674 12,
2625 5606 2937 5675 Semetipsos
2966 5611 3252 5674 pascentes.
