3810 6218
267 349 282 360 ’-
352 321 522 384 ’ἾοἩ

1053 316 1325 378 EUSEBII
1360 314 1837 375 CESARIENSIS
1872 312 2020 369 OPP.
2063 312 2242 369 PARS
2279 312 2368 366 iV.
2408 342 2478 353 -——
2516 310 2936 367 DOGMATICA.

3500 308 3641 361 107!

380 460 495 501 non
514 442 779 508 credunt;
813 439 1054 497 haeretici
1089 439 1253 497 simili
1279 438 1439 494 modo
1487 439 1677 494 iisdem
1719 453 1825 493 non
1863 436 1954 490 ha-
1983 441 2027 496 Α
2062 433 2208 489 tilice
2237 432 2327 502 qui
2353 432 2495 503 apud
2525 446 2623 487 nos
2645 444 2748 496 est,
2776 430 2980 484 humile
3008 428 3279 497 loquatur.
3309 425 3379 481 Et
3406 440 3518 481 non
3550 442 3641 481 (εοι

382 536 513 593 bent
540 533 700 589 fidem
718 530 933 599 {duin
960 530 1116 586 divisi
1144 538 1268 586 sunt
1292 532 1359 586 de
1384 529 1800 585 resurrectione.
1820 526 1955 582 Sad-

385 627 555 684 duczei
584 626 727 680 enim
757 624 1104 693 intercipiunt
1130 622 1242 695 (12)
1264 623 1739 689 resurrectionem,
1758 619 1953 674 Phari-

384 720 477 776 αἱ
507 726 1001 784 autem-suscepere
1036 731 1051 768 :
1086 714 1188 768 nisi
1229 714 1402 784 magis
1446 715 1501 766 in
1532 712 1742 781 injuriis
1784 710 1953 781 petie-

372 819 735 878 'runl,>quam
769 806 1173 860 honoraverunt
1203 824 1216 859 :
1244 806 1384 860 forte
1435 814 1613 858 autem
1666 812 1720 857 et
1766 802 1858 872 qui
1900 801 1952 854 in

372 896 1000 961 Ecclesia-conveniunt,
1032 896 1184 950 multi
1215 897 1461 949 dubitant
1500 895 1563 949 de
1603 892 1957 948 resurrectio-

386 1006 489 1059 ne;
512 1004 647 1060 quae
679 989 819 1043 enim
858 988 1082 1043 necdum
1117 987 1292 1042 oculis
1323 987 1593 1051 videntur,
1636 1001 1667 1040 a
1710 984 1956 1055 plurimis

386 1096 493 1137 non
516 1079 833 1135 creduntur.
859 1075 992 1131 Nam
1014 1087 1068 1132 et
1095 1077 1129 1130 ii
1155 1078 1245 1145 qui
1281 1077 1578 1145 suscipiunt
1605 1077 1955 1129 resurrectio-

365 1169 846 1236 mem,--coustituti
896 1178 1079 1239 utpote
1130 1169 1183 1222 in
1226 1167 1484 1231 Ecclesia,
1535 1168 1697 1222 multa
1756 1168 1959 1223 habent

384 1265 547 1321 dubia
568 1263 639 1316 in
667 1269 850 1316 mente
879 1260 945 1313 de
983 1258 1099 1329 ipsa
1126 1260 1543 1313 resurrectione.
1580 1259 1747 1311 Aiunt
1778 1260 1954 1320 enim,

370 1352 656 1424 quomodo
675 1349 1062 1420 resurgemus?
1096 1350 1149 1402 in
1183 1364 1290 1417 quo
1339 1349 1548 1411 habitu,
1578 1362 1681 1417 qua
1722 1361 1951 1401 convcr-

384 1446 617 1507 satione,
645 1443 697 1497 in
725 1457 832 1510 quo
861 1439 1018 1495 loco?
1049 1439 1174 1493 nudi
1199 1454 1265 1491 an
1284 1438 1506 1492 vestiti?
1536 1437 1958 1492 mandat-antes?

382 1550 491 1591 non
507 1532 825 1604 ,indigentes
845 1531 1007 1585 esca?
1033 1530 1085 1582 in
1102 1528 1258 1593 caelo,
1277 1529 1329 1582 in
1356 1528 1640 1597 paradiso?
1664 1542 1852 1582 omnes
1881 1527 1958 1581 si-

383 1626 520 1690 mul,
554 1640 622 1678 an
660 1622 751 1677 alii
785 1620 945 1676 alibi?
972 1620 1101 1685 Quae
1127 1619 1452 1674 diversitas?
1498 1628 1677 1671 utrum
1712 1619 1763 1672 in
1802 1618 1955 1683 locis,

361 1728 476 1772 .aut
505 1718 558 1771 in
580 1714 985 1784 dignitatibus?
1024 1712 1091 1767 Et
1121 1713 1186 1767 de
1214 1713 1295 1766 his
1321 1713 1410 1781 qtti
1440 1712 1734 1781 puniuntur
1777 1720 1956 1765 utrum

370 1818 696 1875 -et~semper,
728 1816 819 1859 aut
845 1815 1055 1873 tempus
1077 1803 1316 1872 aliquod,
1342 1812 1397 1856 et
1416 1814 1591 1856 utrum
1625 1816 1837 1871 semper
1864 1818 1960 1871 per

372 1899 700 1968 igneum-aut
725 1896 1012 1965 aliquando
1040 1894 1231 1947 aliter?
1258 1894 1323 1947 Et
1353 1904 1530 1947 utrum
1575 1893 1663 1961 qui
1702 1895 1876 1961 plura,
1907 1903 1961 1947 et

358 2002 572 2057 φίλι-νει,
608 1997 662 2040 et
694 1986 785 2055 qui
811 1985 975 2039 multa
1011 1994 1394 2053 peccaverunt,
1444 1999 1655 2053 semper
1691 1984 1961 2038 habebunt

382 2076 634 2147 poenam?
666 2076 732 2130 Et
761 2074 804 2129 si
834 2074 1091 2129 videbunt
1137 2088 1195 2128 se
1245 2074 1498 2128 invicem.
1542 2084 1635 2127 aut
1665 2075 1958 2128 secundum

358 2168 707 2223 ~eminentias
734 2166 822 2221 alii
856 2166 909 2219 in
936 2166 1038 2219 alio
1065 2166 1186 2220 loco
1216 2163 1505 2235 punientur
1528 2207 1540 2219 .
1574 2166 1639 2220 Et
1662 2177 1839 2220 utrum
1867 2168 1958 2236 qui

373 2260 687 2331 puniuntur
733 2259 778 2313 si
834 2258 1153 2327 semetipsos
1180 2259 1437 2314 videbunt
1471 2259 1618 2330 (13);
1654 2268 1708 2313 et
1744 2261 1788 2313 si
1830 2260 1959 2327 justi

376 2364 496 2413 eos,
516 2350 615 2418 qui
658 2350 710 2402 in
742 2348 919 2418 pmnis
947 2357 1074 2401 sunt
1107 2366 1120 2401 :
1157 2359 1210 2402 et
1244 2351 1288 2403 si
1328 2349 1363 2403 ii
1393 2349 1485 2418 qui
1524 2350 1575 2402 in
1611 2350 1787 2417 pinnis
1815 2361 1957 2414 sunt,

382 2445 551 2509 iustos
592 2439 974 2510 conspiciunt?
1001 2440 1065 2495 Et
1090 2440 1235 2495 mille
1252 2450 1378 2495 sunt
1401 2442 1727 2511 qumstiones
1750 2443 1814 2497 de
1839 2458 1962 2512 pro-

382 2537 557 2606 posita
599 2536 1017 2591 resurrectione.
1069 2535 1259 2590 Tantis
1292 2537 1457 2607 igitur
1498 2537 1789 2615 propositis
1823 2552 1964 2606 quae-

380 2629 677 2695 stionibus,
719 2638 772 2684 et
794 2628 959 2683 tantis
989 2642 1094 2683 non
1125 2629 1489 2698 credentibus,
1527 2640 1581 2683 et
1610 2631 1774 2684 tantis
1802 2630 1962 2683 dubi—

382 2720 658 2786 tantibus;
685 2720 931 2776 oratione
964 2734 1101 2788 opus
1129 2730 1232 2787 est,
1261 2731 1317 2775 ut
1345 2721 1513 2791 ipsius
1553 2720 1964 2775 resurrectionis

381 2812 669 2878 nominus,
713 2821 770 2867 et
824 2813 1119 2880 impensius
1150 2812 1367 2880 quidem
1405 2812 1609 2866 tribuat
1657 2825 1962 2866 sermonem

376 2903 605 2968 dicenti,
634 2903 961 2957 intellectum
988 2913 1166 2957 autem
1199 2902 1565 2957 audientibus.
1602 2903 1877 2972 Siquidem
1908 2912 1964 2957 et

379 2994 452 3048 iis
474 3008 592 3063 qua:
625 2995 765 3048 dicta
793 3005 919 3048 sunt
949 2995 1094 3049 aliud
1118 3011 1282 3048 unutn
1323 3004 1407 3047 est
1436 3010 1726 3049 commune
1748 2996 1961 3057 vitium,

383 3088 525 3155 quod
560 3087 809 3156 jurgatur
830 3087 1092 3140 adversus
1128 3087 1604 3139 resurrectionem.
1639 3085 1790 3139 Multi
1818 3087 1961 3140 enim

384 3187 512 3230 sunt
539 3179 628 3245 qui
670 3186 917 3245 peccant,
955 3177 1108 3245 pauci
1156 3188 1336 3230 autem
1384 3178 1477 3247 qui
1528 3193 1587 3232 se
1631 3178 1961 3232 custodiunt.

381 3264 464 3320 llli
490 3268 653 3336 igitur
683 3266 775 3335 qui
814 3267 1152 3336 delinquunt,
1199 3266 1389 3322 nolunt
1440 3282 1560 3323 esse
1606 3269 1966 3323 resurrectio-

385 3373 531 3422 nem,
562 3367 619 3411 ttt
651 3373 758 3411 non
789 3360 1069 3413 incurrant
1094 3359 1146 3413 in
1177 3374 1399 3427 pinnas;
1435 3361 1527 3415 sed
1549 3375 1699 3415 suam
1728 3360 1967 3415 volunta-

384 3459 494 3502 tem
548 3451 768 3504 decreto
801 3450 1218 3505 resurrectionis
1270 3461 1573 3521 opponunt,
1612 3462 1666 3505 et
1706 3454 1966 3507 resistunt

384 3541 516 3596 Deo.
563 3542 699 3609 Quia
745 3542 888 3596 enim
936 3542 1121 3596 volunt
1170 3559 1198 3595 a
1248 3544 1464 3612 negotio
1521 3543 1737 3596 liberari
1796 3544 1965 3597 semel

390 3634 707 3697 morientes,
763 3634 951 3689 nolunt
1006 3635 1058 3688 in
1095 3644 1264 3689 totum
1308 3650 1432 3690 esse
1487 3637 1964 3699 resurrectionem,

384 3734 448 3779 ut.
478 3741 583 3779 non
627 3726 860 3781 habeant
892 3740 1134 3787 causam,
1174 3741 1347 3795 neque
1388 3728 1646 3781 rationem
1677 3727 1801 3780 vita:
1829 3743 1965 3795 pra:-

384 3828 534 3872 stent
566 3827 689 3887 post
718 3826 947 3870 mortem
968 3817 1137 3885 jodici
1181 3815 1308 3871 Deo.
1344 3818 1482 3888 Ergo
1507 3820 1758 3887 jurgatur
1791 3830 1845 3872 et
1870 3820 1967 3873 ho-

384 3922 507 3963 rum
561 3906 813 3961 voluntas
863 3907 1081 3961 decreto
1128 3910 1590 3964 resurrectionis:
1630 3910 1755 3978 quia
1803 3910 1967 3977 igitur

385 4008 538 4053 tanta
573 4007 629 4052 et
662 3997 787 4051 talia
821 4006 949 4051 sunt
997 4012 1117 4066 qua;
1163 4010 1498 4067 quaeruntur,
1551 4002 1800 4057 oratione
1831 4017 1966 4071 opus

384 4098 490 4152 est,
524 4097 581 4141 ut
610 4088 783 4141 victor
816 4099 1033 4156 superet
1062 4089 1362 4145 universos.
1387 4089 1503 4146 Non
1532 4092 1842 4163 ignoramus
1870 4112 1966 4148 au-

388 4193 497 4235 tem
539 4191 587 4234 et
612 4180 763 4243 illud,
795 4184 920 4250 quia
945 4184 1096 4238 multi
1130 4195 1450 4251 putaverunt
1486 4186 1653 4239 Deum
1684 4186 1823 4241 nihil
1849 4203 1966 4240 am-

389 4272 531 4341 plius
559 4285 718 4341 posse
745 4288 904 4338 quam
938 4288 1057 4330 nos.
1092 4274 1287 4328 Incerti
1327 4283 1453 4327 sunt
1486 4274 1628 4327 enim
1658 4283 1713 4327 et
1748 4286 1980 4330 movent

383 4371 439 4417 et
464 4362 741 4417 adducunt
773 4364 824 4415 in
856 4364 1032 4417 medio
1066 4364 1367 4418 istiusmodi
1398 4366 1772 4431 quaestionem.
1817 4366 1963 4420 Mor-

2058 526 2229 595 gitant
2260 534 2523 594 quantum
2575 525 2806 577 interest
2862 522 3001 574 inter
3056 519 3223 572 Deum
3280 527 3335 570 et
3390 518 3645 572 homines

2057 626 2318 671 mortuos.
2345 616 2639 671 Gentilium
2677 616 2841 683 igitur
2867 613 3015 666 multi
3042 610 3207 666 semel
3238 610 3645 680 providentiam

2057 709 2110 762 in
2145 707 2227 762 his
2249 708 2500 763 omnibus
2526 708 2825 777 ejicientes,
2851 714 2903 758 et
2938 721 2965 758 a
2994 705 3101 758 Deo
3149 704 3272 757 vivo
3312 704 3647 771 semetipsos

2058 797 2395 865 fraudantes,
2441 800 2555 852 ausi
2590 808 2714 853 sunt
2745 800 2950 859 dicere,
2984 796 3125 866 quod
3170 805 3223 850 et
3274 806 3529 864 repetere
3560 808 3649 847 tu-

2060 902 2172 945 tum
2203 907 2309 945 non
2343 900 2444 947 cst.
2486 890 2565 944 llli
2593 889 2739 944 enim
2770 889 2887 944 sine
2935 888 3044 941 Deo
3088 896 3306 957 agentes
3356 902 3513 956 spem
3564 902 3647 939 re-

2056 984 2415 1038 surrectionis
2441 983 2776 1037 interiumnt.
2818 979 2918 1047 Qui
2950 980 3093 1034 enim
3136 995 3260 1034 eum
3288 980 3377 1046 qui
3415 980 3650 1033 suscitat

2061 1087 2274 1143 negant,
2304 1073 2515 1129 dillicile
2545 1083 2630 1128 est
2671 1084 2729 1127 ut
2754 1072 3118 1126 confiteantur
3163 1070 3648 1123 resurrectionem.

2060 1167 2165 1223 Sed
2206 1168 2575 1236 relinquamus
2607 1167 2800 1220 horum
2832 1162 3326 1233 importunitatem,
3358 1173 3417 1215 ut
3447 1178 3477 1213 a
3515 1176 3653 1230 pue-

2058 1261 2133 1315 ris
2163 1260 2572 1316 convincantur.
2621 1256 2731 1312 Nec
2770 1258 2913 1311 enim
2948 1255 3013 1308 ad
3048 1268 3237 1309 omnes
3286 1264 3502 1309 certare
3546 1270 3653 1309 nos

2059 1369 2156 1424 par
2185 1362 2289 1419 est,
2316 1367 2490 1422 neque
2530 1353 2595 1405 ad
2618 1348 3065 1418 omnesjurgari;
3103 1347 3369 1416 siquidem
3422 1362 3525 1401 nec
3583 1346 3653 1398 ad

2060 1445 2278 1499 insanos
2310 1442 2689 1497 consuevimus
2735 1442 2801 1495 de
2828 1440 3250 1510 cogitationibus
3276 1440 3425 1493 sanis
3452 1438 3607 1508 loqui
3636 1456 3651 1490 :

2058 1538 2149 1607 qui
2185 1549 2364 1591 autem
2412 1537 2782 1604 imprudenter
2829 1535 2903 1588 ita
2943 1533 3251 1603 jnrgantur,
3283 1548 3386 1586 non
3429 1532 3499 1585 ad
3528 1550 3657 1595 nus,

2059 1631 2154 1684 sed
2181 1630 2246 1683 ad
2279 1630 2450 1698 ipsum
2482 1629 2723 1681 ordinem
2749 1626 3069 1692 olliciorum,
3104 1636 3158 1679 et
3184 1626 3249 1679 ad
3285 1625 3503 1694 opiﬁcia
3531 1640 3657 1692 qn;e

2058 1722 2208 1792 jussa
2257 1731 2578 1788 sequuntur,
2615 1720 2680 1773 ad
2730 1720 2862 1772 solis
2899 1719 3111 1773 scilicet
3149 1733 3393 1782 cursum,
3442 1717 3511 1769 ad
3549 1717 3657 1769 im-

2064 1812 2411 1866 mutationem
2441 1811 2603 1875 lunaa,
2647 1810 2713 1862 ad
2744 1809 3021 1863 stellarum
3056 1810 3274 1870 choros,
3308 1812 3376 1862 ad
3405 1807 3654 1861 transla-

2062 1904 2262 1957 tionem
2297 1903 2553 1956 horarum
2587 1901 2699 1973 (H)
2732 1917 2851 1971 qua:
2879 1914 2973 1968 per
2995 1915 3166 1954 annos
3186 1897 3319 1953 efﬁci
3348 1911 3659 1952 consueve-

2062 2005 2207 2061 runt,
2256 1994 2321 2047 ad
2357 1993 2591 2048 oliicium
2640 1992 2826 2057 maris,
2870 1991 2938 2046 ad
2981 2000 3201 2056 terram,
3238 1991 3304 2043 ad
3337 2005 3554 2053 aerem,
3588 1992 3658 2043 ad

2061 2087 2318 2155 pluviam,
2345 2096 2400 2139 et
2422 2084 2488 2138 ad
2513 2083 2696 2138 omnia
2725 2098 2843 2151 quae
2869 2092 3193 2149 sequuntur,
3222 2081 3289 2134 ad
3310 2078 3497 2135 oﬂicia
3522 2088 3660 2133 mla-

2063 2190 2197 2242 tum,
2229 2180 2294 2232 ad
2323 2178 2629 2243 hominum,
2653 2177 2720 2231 ad
2746 2175 3085 2239 animalium,
3115 2174 3182 2228 ad
3210 2174 3389 2227 avium
3416 2171 3660 2227 diversis

2063 2280 2221 2336 tates,
2276 2270 2343 2323 ad
2381 2269 2651 2335 vultuum,
2708 2268 2775 2322 ad
2811 2267 3111 2337 specierum
3154 2265 3419 2332 habitum,
3480 2273 3539 2318 ut
3589 2266 3662 2319 ἐι

2062 2363 2353 2433 unicuique
2412 2363 2746 2418 conveniens
2800 2376 2947 2426 esca,
3016 2361 3383 2414 membrorum
3445 2370 3661 2429 partes,

2062 2454 2304 2507 dentium
2336 2453 2570 2520 numeri,
2621 2454 2944 2522 ungularum
2992 2468 3279 2517 mensurae,
3326 2451 3657 2520 capillorum

2062 2547 2258 2610 ollicia,
2290 2547 2613 2615 compositio
2642 2552 3012 2603 membrorum
3059 2565 3073 2601 :
3112 2547 3226 2600 haec
3255 2549 3440 2601 omnia
3489 2546 3665 2605 silere

2067 2638 2141 2691 tio
2168 2638 2407 2691 clamant
2438 2638 2709 2707 opiﬁcem,
2740 2650 2795 2694 et
2825 2641 3158 2708 provisorem
3181 2639 3423 2693 omnium
3461 2640 3662 2694 Deum.

2064 2730 2200 2797 Quia
2236 2730 2401 2799 igitur
2450 2732 2552 2783 ista
2612 2731 2739 2784 caeci
2798 2747 2906 2785 non
2969 2731 3241 2797 viderunt,
3284 2747 3383 2798 per
3433 2748 3499 2786 ca
3537 2748 3665 2800 qua:

2064 2820 2317 2874 videntur
2348 2819 2670 2875 invisibiletn
2701 2839 2717 2874 :
2749 2822 2973 2875 stultum
3016 2829 3102 2874 est
3133 2822 3198 2874 de
3223 2820 3503 2875 coloribus
3543 2821 3665 2888 jur-

2063 2911 2179 2982 gari
2212 2912 2277 2965 ad
2313 2927 2488 2967 czecos
2539 2928 2554 2966 :
2595 2914 2725 2981 quid
2755 2912 2899 2966 enim
2928 2909 3202 2966 ellicactus
3230 2920 3312 2966 est
3338 2912 3435 2967 Dei
3474 2915 3667 2982 provi-

2065 3005 2437 3074 dentia‘lquid
2486 3014 2666 3060 autem
2697 3006 2861 3060 breve
2890 3006 3031 3075 quod
3063 3015 3285 3074 putatur
3333 3021 3441 3059 non
3495 3007 3553 3060 in
3610 3020 3667 3059 se

2066 3095 2332 3164 aequalem
2379 3110 2409 3148 a
2456 3095 2749 3162 majoribus
2794 3095 3097 3150 invenietur
3125 3096 3325 3151 habere
3358 3097 3667 3166 providen-

2070 3187 2236 3240 tiam?
2261 3186 2369 3241 Cur
2395 3189 2539 3241 enim
2572 3187 2920 3243 formicarum
2949 3188 3191 3243 salvetur
3220 3203 3390 3258 genus
3417 3189 3473 3241 in
3497 3189 3663 3241 simi-

2069 3276 2332 3331 litudine?
2354 3294 2452 3331 cur
2478 3278 2658 3347 apium
2686 3290 2740 3333 et
2766 3280 3104 3344 Operationes
3129 3279 3183 3332 in
3207 3293 3502 3333 commune
3533 3280 3663 3331 res“

2067 3368 2234 3422 duntu
2246 3386 2291 3433 r,
2315 3379 2369 3423 et
2392 3370 2574 3424 habita
2596 3370 2833 3425 minimis
2858 3371 2909 3424 in
2935 3370 3277 3424 substantia?
3298 3386 3416 3438 qua:
3434 3372 3663 3439 quidem

2066 3469 2120 3513 et
2151 3460 2202 3513 in
2232 3459 2435 3524 volatu,
2470 3472 2523 3514 et
2564 3475 2844 3531 processu,
2881 3471 2935 3515 et
2965 3476 3238 3529 regressu,
3295 3472 3350 3514 et
3394 3461 3447 3513 in
3492 3476 3665 3528 opere

2067 3552 2419 3605 consentiunt
2444 3553 2569 3606 sibi.
2601 3552 2733 3617 Quis
2771 3553 2899 3606 fecit
2939 3553 3076 3605 tnel?
3105 3553 3292 3621 utique
3334 3552 3421 3619 qui
3450 3554 3665 3605 Consti-

2069 3643 2170 3696 tuit
2203 3644 2550 3710 medicinam,
2598 3659 2720 3714 quae
2765 3660 2829 3698 eo
2863 3646 2929 3697 ad
2960 3643 3225 3697 medelam
3261 3649 3432 3705 utitur
3487 3645 3663 3696 hami-

2069 3750 2221 3788 num.
2252 3735 2393 3801 Quid
2425 3737 2567 3790 enim
2595 3753 2700 3791 non
2732 3737 2954 3806 plenum
2984 3745 3068 3789 est
3104 3736 3483 3803 providentia?
3527 3737 3661 3805 quid

2068 3841 2173 3878 non
2214 3827 2412 3879 clamat
2448 3827 2781 3894 provisorem
2815 3827 3018 3880 Deum?
3056 3826 3245 3883 Noone
3296 3828 3500 3891 herbae,
3537 3844 3662 3897 qua:

2069 3918 2356 3971 utilitatem
2394 3919 2636 3986 pra-bent
2686 3918 2946 3971 medelis?
2993 3934 3170 3974 nmine
3201 3918 3377 3988 pisces
3436 3934 3469 3974 e
3516 3922 3660 3973 mari

2067 4010 2335 4078 producti,
2368 4009 2586 4076 quidam
2628 4010 2845 4078 quidem
2882 4012 2950 4063 ad
2977 4026 3152 4075 escas,
3205 4012 3421 4078 quidam
3474 4022 3661 4065 autem

2066 4101 2131 4154 ad
2161 4100 2357 4154 curas?
2379 4099 2569 4155 Nonne
2594 4100 2798 4168 lapides
2838 4102 3015 4166 incisi,
3045 4113 3102 4156 ut
3130 4102 3221 4155 alii
3251 4103 3471 4171 quidem
3499 4103 3664 4156 utiles

2066 4191 2173 4245 sint
2201 4193 2267 4245 ad
2296 4192 2524 4245 aedilicia
2563 4201 2618 4245 et
2652 4200 2789 4247 tecta
2823 4203 2879 4249 et
2907 4203 3280 4261 operamenta,
3323 4193 3417 4247 alii
3464 4208 3660 4247 ncces.

2067 4285 2195 4340 sarii
2255 4284 2323 4338 ad
2367 4300 2653 4353 corporum
2681 4287 2966 4350 sanitates,
3012 4287 3134 4356 quia
3166 4294 3221 4340 et
3259 4285 3661 4339 inlirmantur?

2066 4377 2255 4433 Nonne
2291 4394 2428 4432 escae
2458 4378 2579 4433 aliae
2605 4379 2726 4434 aliis
2751 4382 3120 4443 succedentes,
3149 4391 3204 4434 et
3236 4380 3354 4434 alia:
3384 4395 3510 4435 cum
3542 4384 3661 4437 aliis

388 4463 511 4508 tuus
533 4465 640 4519 est,
677 4454 869 4523 inquit,
916 4456 1005 4522 qui
1043 4465 1286 4508 mortuus
1314 4465 1434 4520 est;
1471 4466 1525 4508 et
1559 4456 1704 4510 illam
1747 4459 1958 4527 quidem

2071 4470 2431 4539 insequentes.
2462 4474 2749 4526 ostendunt
2778 4483 3196 4543 prmparatorem
3234 4473 3443 4528 Deum?
3469 4473 3661 4529 Nonne

385 4560 594 4617 partem
648 4550 766 4618 ejus
809 4547 988 4617 aquila
1028 4547 1376 4601 manducavit
1423 4557 1516 4600 aut
1555 4547 1751 4603 vultur.
1799 4548 1965 4604 Forte

383 4650 565 4694 autem
596 4655 697 4694 non
721 4641 1001 4708 patiuntur
1027 4640 1225 4709 aquilae
1252 4639 1555 4694 istiusmodi
1581 4639 1961 4696 humilitatem.

381 4731 581 4796 Aliam,
616 4734 810 4802 inquit,
844 4733 1052 4801 accepit
1080 4732 1249 4795 canis,
1274 4741 1328 4785 et
1354 4746 1545 4787 canem
1577 4742 1632 4786 ut
1654 4742 1782 4802 puta
1816 4749 1957 4787 saeva

382 4824 562 4877 bellua
621 4825 969 4879 manducavit
1016 4840 1029 4875 :
1083 4834 1174 4877 aut
1213 4824 1356 4877 aliud
1402 4825 1618 4893 aliquod
1647 4825 1868 4890 animal,
1908 4837 1962 4879 et

381 4916 527 4971 istud
554 4916 755 4970 animal
781 4915 1141 4979 interfectum,
1173 4917 1514 4973 combustum
1548 4926 1653 4982 est,
1687 4928 1779 4971 aut
1811 4927 1965 4972 certe

380 5010 686 5079 oltputruit,
723 5017 817 5063 aut
838 5010 1012 5078 ipsum
1037 5010 1104 5064 ab
1137 5010 1242 5062 alio
1269 5011 1501 5078 quodam
1529 5019 1827 5063 comestum
1855 5021 1960 5073 est,

382 5099 500 5154 ﬁeri
546 5100 691 5153 enim
742 5099 845 5152 hoc
886 5107 1090 5167 potest;
1139 5106 1307 5161 tanta,
1364 5099 1563 5166 inquit,
1608 5098 1957 5153 successione

382 5189 547 5251 facta,
575 5201 630 5245 et
656 5205 785 5244 casu
820 5204 1009 5244 eorum
1039 5190 1128 5257 qtti
1162 5190 1358 5242 mortui
1405 5202 1531 5242 sunt
1564 5191 1632 5242 ab
1665 5188 1771 5243 alio
1798 5189 1851 5243 in
1880 5193 1958 5242 al-

383 5291 581 5342 terum,
611 5282 901 5349 quomodo,
936 5282 1128 5350 inquit,
1178 5290 1356 5349 potest
1404 5280 1543 5334 Deus
1590 5281 1831 5335 invenire
1861 5283 1962 5335 itii-

383 5373 554 5429 tium?
579 5384 830 5444 tanquam
860 5376 923 5428 de
948 5374 1110 5445 ﬁgulo
1142 5374 1347 5442 aliquo,
1383 5383 1469 5426 aut
1506 5374 1573 5427 de
1601 5373 1832 5443 quodam
1869 5391 1959 5427 ar-

456 5507 568 5577 (12)
604 5507 973 5575 Intercipitmt.
1010 5507 1149 5561 Infra
1182 5507 1547 5564 001.1075A:
1574 5506 1632 5560 Si
1669 5508 1955 5566 intercepe-

385 5580 550 5633 rimus
577 5581 1128 5649 resvrrecltonisispem
1153 5595 1171 5632 :
1196 5590 1249 5632 et
1282 5594 1429 5649 supr.
1462 5578 1551 5632 lib.
1586 5593 1623 5637 ι,
1649 5581 1805 5646 paulo
1838 5588 1956 5644 pust

383 5648 596 5776 igitium
664 5662 679 5701 :
755 5647 924 5700 Filius
976 5648 1194 5702 Verbum
1264 5652 1435 5703 dictus
1525 5666 1627 5701 non
1694 5650 1952 5715 intercipit

437 5734 576 5773 eum.

437 5734 576 5773 eum.

2065 4565 2360 4617 secundum
2386 4564 2809 4634 uniuscujusque
2830 4566 3072 4620 habitum
3091 4567 3339 4621 animalis
3363 4583 3657 4633 mensurae,

2068 4656 2488 4722 magnitudines,
2542 4659 2910 4735 compagi'ncs,
2953 4660 3192 4711 membra
3242 4670 3369 4713 sunt
3399 4659 3554 4722 data,
3608 4676 3660 4713 et

2069 4749 2492 4817 unumquodque
2546 4750 2613 4802 ad
2670 4765 2823 4804 suam
2873 4751 3251 4804 necessitatem
3298 4757 3350 4804 el
3394 4750 3655 4805 virtutem

2068 4839 2312 4906 accepit?
2346 4839 2511 4909 Equis
2536 4840 2682 4893 enim
2711 4840 2968 4894 velocitas
2992 4841 3115 4894 data
3135 4851 3241 4904 est,
3268 4850 3327 4893 ut
3356 4841 3659 4910 insequan-

2071 4937 2158 4980 tur
2192 4939 2246 4983 et
2272 4928 2517 4999 fugiant;
2545 4930 2666 4984 aliis
2694 4931 3019 4985 animalibus
3044 4930 3326 4995 fortitudo,
3362 4940 3422 4983 ut
3451 4932 3656 4985 sensim

2068 5032 2351 5089 portarent
2384 5022 2620 5091 pondera
2668 5027 2770 5080 sibi
2802 5025 3075 5092 imposita.
3116 5022 3183 5078 Et
3224 5035 3542 5078 mensurata
3576 5037 3657 5078 est

2070 5111 2361 5180 unicuique
2395 5114 2588 5179 virtus,
2634 5117 2896 5185 potentia,
2942 5114 3280 5184 magnitudo,
3322 5116 3655 5169 conveniens

2070 5217 2214 5267 esca,
2243 5213 2298 5257 et
2322 5204 2453 5273 ipsis
2481 5207 2806 5262 animalibus
2837 5209 3057 5277 propria
3088 5207 3256 5273 salus,
3280 5222 3400 5274 qua:
3433 5220 3652 5276 gustare

2072 5292 2347 5355 deberent,
2385 5305 2439 5347 et
2474 5309 2505 5347 a
2545 5296 2741 5365 quibus
2783 5311 2841 5351 se
2867 5298 3183 5352 abstinere:
3219 5298 3425 5352 homini
3472 5308 3650 5350 autem

2071 5392 2123 5436 et
2155 5384 2223 5437 ab
2260 5386 2377 5439 aliis
2409 5389 2738 5445 animalibus
2776 5391 3243 5446 irratiOnabilibus
3279 5406 3412 5445 usus
3442 5401 3528 5445 est
3555 5392 3648 5445 da-

2059 5587 2092 5636 d
2127 5517 2246 5638 ἐίό)
2278 5518 2375 5574 Ms.
2409 5520 2475 5574 Et
2508 5524 2694 5575 iterum
2716 5525 2805 5594 qui
2834 5525 3144 5593 puniuntur,
3173 5526 3221 5578 si
3246 5528 3555 5597 sentuipros
3577 5524 3646 5582 vi-

2097 5603 2122 5638 e
2162 5604 2272 5638 ΠΙΗ.

2097 5603 2272 5640 eun/tl.

2132 5658 2242 5727 (li)
2275 5661 2564 5716 Horarum.
2608 5661 2803 5734 Ὥρων,
2836 5674 3235 5734 tempestatum.
