3810 6218
176 348 312 406 1073

1276 349 1365 404 DE
1402 349 2006 407 RESURRECTIONE.
2037 378 2103 398 ο-
2138 349 2269 404 LIB.
2305 351 2349 405 ι.

3278 346 3439 405 νοτε

177 472 272 526 tus.
299 475 354 518 et
381 478 411 517 a
442 463 636 534 plantis
658 470 712 517 et
734 465 801 518 ab
827 462 1135 526 arboribus,
1168 477 1195 516 ι
1228 462 1511 532 lapidibus,
1541 478 1570 517 a
1599 462 1734 515 mari
1767 466 1813 523 Α
1842 474 1945 514 non
1968 460 2242 529 pertinet?
2282 459 2730 528 quemadmodum
2773 466 2951 514 autem
2986 458 3243 529 pertinet,
3266 460 3310 517 si
3341 461 3415 516 si‘

174 566 222 614 tt
257 572 285 610 a
317 546 461 608 terra
495 574 508 608 :
545 555 777 622 undique
820 554 963 607 enim
1008 553 1336 608 constitutus
1371 562 1457 607 est
1491 551 1653 606 veluti
1685 551 1739 605 in

172 662 278 702 uno
302 661 527 715 corpore
551 646 782 698 mundus
811 646 1133 712 coniunctus
1164 645 1287 699 sibi.
1321 644 1389 698 Et
1410 643 1742 713 unumquod-

179 752 271 809 que
304 740 515 805 quidem
545 746 683 805 quod
712 737 912 791 factum
945 748 1048 801 est,
1086 738 1359 806 propriam
1395 736 1553 789 habet
1580 744 1739 788 natu-

170 845 281 887 ram
317 840 371 883 et
416 830 682 893 salutem;
716 829 943 895 plurima
980 838 1157 881 autem
1199 842 1425 897 qumque
1459 827 1510 880 in
1543 840 1601 881 se
1648 839 1744 879 ne-

166 923 400 977 cessaria
431 922 687 976 continet.
719 922 956 989 Denique
988 926 1068 975 sol
1101 922 1306 989 positus
1333 921 1549 989 quidem
1582 920 1739 974 estin

170 1026 268 1067 suo
292 1012 429 1074 loco,
468 1012 627 1065 habet
661 1021 837 1065 autem
885 1011 1157 1078 propriam
1205 1010 1651 1075 magnitudinem,
1688 1018 1743 1063 et

172 1104 407 1176 possidet
440 1115 717 1170 acceptum
750 1118 903 1156 suum
951 1102 1232 1171 fulgorem,
1268 1112 1322 1155 et
1373 1101 1639 1155 illuminat
1678 1117 1742 1161 ea

172 1210 288 1264 qua:
336 1198 387 1249 in
423 1203 562 1247 terra
607 1194 889 1256 habentur,
922 1192 1060 1246 fovet
1093 1200 1147 1246 et
1178 1191 1444 1246 calefacit.
1494 1192 1560 1245 Et
1605 1207 1745 1248 nunc

172 1287 385 1354 quidem
411 1286 619 1355 longius
656 1286 971 1349 abscedens,
1005 1285 1495 1340 ceditconfectioui
1529 1287 1742 1351 hiemis,

174 1384 229 1426 ut
256 1384 512 1428 statutum
545 1384 660 1438 est;
705 1389 844 1426 nunc
898 1384 1077 1428 autem
1124 1375 1312 1428 iterum
1352 1384 1655 1439 revocatus,
1690 1387 1746 1430 et

172 1467 237 1519 ad
258 1480 532 1518 mensuras
560 1467 842 1526 accedens,
871 1480 977 1518 non
1007 1466 1182 1519 subito
1212 1475 1402 1531 nocet;
1450 1466 1746 1520 exussisset

172 1555 314 1607 enim
355 1555 555 1619 omnia,
609 1556 653 1608 si
686 1557 861 1609 suhilo
890 1556 955 1609 ad
994 1570 1055 1607 ea
1100 1556 1272 1623 spatia
1315 1571 1434 1624 qua:
1471 1556 1747 1609 dimiserat

175 1646 525 1710 recurrisset;
564 1660 735 1715 neque
757 1647 947 1699 iterum
973 1640 1075 1699 neu
1102 1646 1409 1699 illuminans
1436 1646 1744 1707 intermisit,

170 1748 234 1791 ot
272 1738 477 1792 fructus
512 1754 614 1791 non
649 1748 1040 1807 coquerentur;
1064 1752 1237 1805 neque
1262 1738 1514 1790 advenire
1553 1738 1617 1790 ad
1650 1738 1749 1790 im-

174 1834 353 1895 petum
386 1827 561 1879 subito
596 1806 798 1880 currit:
835 1834 1176 1879 at-meusurtc
1201 1835 1256 1879 et
1280 1826 1548 1880 recedenti
1576 1838 1632 1879 et
1664 1840 1737 1879 re-
1780 1806 1823 1861 Β

173 1918 409 1969 currenti
443 1926 567 1971 sttut
591 1918 746 1969 dat-.e.
777 1917 892 1970 Non
923 1916 1323 1987 conjunguutur
1351 1920 1466 1971 dies
1497 1918 1744 1971 noctibus

172 2006 436 2063 habentes
475 2002 673 2069 solem;
722 2022 764 2061 sn
797 2008 935 2061 enim
965 2007 1077 2061 hare
1121 2008 1194 2060 ita
1233 2017 1435 2072 essent,
1484 2009 1751 2061 arsissent

172 2101 377 2157 onmia.
412 2101 517 2154 Sed
551 2100 631 2153 sol
663 2100 876 2167 quidem
914 2113 1009 2167 per
1037 2099 1175 2153 diem
1224 2098 1388 2165 fovet,
1421 2113 1512 2153 ros
1567 2109 1745 2152 autem

172 2202 495 2245 nocturnum
526 2191 836 2255 consolatur
858 2192 1126 2244 ardorem.
1157 2190 1222 2243 Et
1249 2205 1499 2245 mensura
1544 2206 1571 2243 a
1604 2200 1748 2244 terra

171 2285 254 2336 sol
286 2285 470 2346 distat,
494 2292 551 2336 ut
579 2296 751 2351 neque
774 2282 1138 2351 propinquans
1170 2290 1406 2344 noceret,
1441 2298 1613 2351 neque
1641 2282 1751 2334 lon-

172 2374 293 2441 gius
316 2373 527 2427 distans
553 2371 739 2441 frigori
766 2372 999 2425 cederet.
1034 2371 1297 2425 Mensurae
1328 2372 1487 2441 igitur
1516 2373 1598 2426 his
1630 2387 1751 2442 quae

173 2464 227 2517 in
256 2465 391 2518 coelo
426 2475 550 2519 sunt
576 2467 641 2517 ad
671 2480 731 2518 ea
757 2479 881 2533 qua:
915 2464 966 2516 in
997 2474 1137 2517 terra
1177 2463 1480 2528 habentur;
1514 2477 1613 2516 nec
1643 2478 1749 2516 non

169 2566 225 2610 et
252 2572 369 2625 qua:
422 2558 475 2610 in
530 2556 663 2611 mari
710 2556 776 2609 ad
822 2564 1044 2618 terram,
1088 2562 1142 2609 et
1175 2555 1279 2608 diei
1313 2555 1379 2607 ad
1409 2565 1659 2618 noctem,
1697 2564 1753 2609 et

171 2650 333 2703 hiemi
374 2649 439 2702 ad
484 2660 748 2703 astatem.
809 2649 872 2702 Et
927 2664 1031 2701 non
1074 2657 1219 2700 tanta
1264 2647 1443 2715 eloqui
1505 2657 1749 2716 possunt,

168 2750 368 2808 quanta
418 2742 665 2794 universa
714 2752 902 2795 natura
944 2741 1259 2809 proclamat.
1322 2740 1450 2794 Caeli
1502 2752 1752 2794 citarrant

166 2834 393 2902 gloriam
437 2832 555 2897 Dei,
604 2850 760 2899 opera
800 2845 972 2887 autem
1009 2850 1258 2887 manuum
1303 2833 1418 2902 ejus
1469 2835 1750 2886 annuntiat

168 2928 561 2994 ﬁrmamentum
595 2928 662 2990 '°,
691 2927 822 2980 dicit
846 2925 1132 2994 Propheta.
1169 2926 1223 2978 In
1259 2924 1363 2978 alio
1397 2935 1576 2978 autem
1609 2926 1755 2993 psal-

172 3031 265 3070 tuo
296 3034 323 3069 a
354 3032 564 3070 sursum
608 3033 778 3085 usque
813 3018 1062 3070 deorsum
1103 3017 1279 3091 omnis
1307 3025 1557 3069 creatura
1587 3017 1748 3068 diuu-

174 3122 441 3163 meratur.
488 3111 554 3164 Et
585 3122 730 3165 certe
777 3121 830 3163 et
865 3112 975 3178 ipse
1006 3110 1098 3179 qui
1135 3108 1296 3171 dicit,
1345 3107 1474 3162 Caeli
1500 3118 1751 3162 enarrant

1843 550 2045 604 militer
2071 551 2303 605 moritur
2321 551 2520 620 justus,
2543 559 2598 604 et
2620 548 2848 619 impius?
2874 550 2925 605 Is
2952 550 3093 605 enim
3121 551 3215 620 qui
3241 550 3417 606 aliena

1843 642 2005 711 rapit,
2033 642 2228 696 frnitus
2251 653 2335 696 est
2368 657 2487 711 quc
2517 642 2736 711 diripuit
2769 640 2881 712 (l5)
2914 658 2929 696 :
2958 642 3048 711 qui
3090 653 3279 697 autem
3321 658 3421 698 sua

1844 733 2048 795 amisit,
2082 733 2213 787 abiit
2232 747 2452 803 gemens
2483 748 2586 786 non
2615 734 2819 788 habens
2855 734 3050 801 spem?
3079 735 3182 789 Sed
3209 752 3320 790 non
3336 746 3438 792 esu

1845 825 2108 895 iniquitas
2134 828 2273 894 apud
2306 826 2490 881 Deum.
2523 825 2579 880 Si
2615 826 2759 879 enim
2785 841 2887 879 non
2922 836 3005 881 est
3031 842 3153 898 spes
3175 842 3419 883 resurre-

1843 917 2057 980 ctionis,
2096 924 2149 970 et
2181 916 2428 971 solatium
2456 916 2560 970 illis
2590 916 2677 985 qui
2708 916 2830 971 istic
2866 928 3149 979 uocentur,
3182 926 3237 972 et
3279 933 3406 973 men

1845 1023 1937 1064 ces
1967 1008 2051 1062 his
2083 1009 2173 1077 qui
2199 1022 2294 1062 sua
2332 1007 2455 1062 istic
2482 1017 2763 1078 spargunt,
2816 1023 3005 1079 magna
3052 1009 3311 1077 iniquitas
3339 1015 3421 1064 est

1847 1100 1985 1169 apud
2007 1100 2233 1169 justum.
2279 1097 2335 1153 Si
2362 1100 2505 1153 cnim
2533 1115 2682 1169 aequa
2710 1102 3009 1155 redduntur
3042 1102 3311 1166 omnibus,
3336 1102 3417 1172 je-

1839 1189 2049 1260 junanti
2085 1200 2139 1246 et
2170 1191 2405 1254 ebrioso,
2453 1190 2737 1247 libidinoso
2777 1202 2829 1247 et
2852 1194 3068 1263 pudico,
3106 1194 3335 1263 rapienti
3367 1204 3416 1248 et

1846 1281 2091 1346 donanti,
2135 1283 2401 1338 occidenti
2448 1292 2503 1338 et
2557 1283 2606 1338 ei
2648 1284 2737 1353 qui
2786 1284 3072 1347 occiditur,
3128 1295 3181 1339 et
3233 1284 3281 1339 ei
3327 1286 3418 1355 qui

1846 1371 2164 1440 martyrium
2196 1370 2337 1425 tollit
2358 1370 2492 1441 (l6),
2527 1372 2617 1427 ubi
2646 1373 2816 1428 virtus
2850 1383 2933 1428 est
2959 1375 3345 1444 providentiae?
3368 1375 3419 1430 In

1848 1462 2133 1531 praecipuis
2160 1463 2303 1516 enim
2344 1463 2390 1518 si
2423 1462 2674 1529 defuerit,
2704 1480 2810 1520 non
2847 1466 2953 1520 erit
2980 1466 3125 1520 utilis
3158 1481 3332 1535 neque
3366 1466 3419 1521 in

1850 1554 2108 1608 minimis.
2143 1553 2247 1608 Sed
2284 1570 2387 1609 non
2431 1555 2501 1609 sit
2549 1555 2890 1626 sacrilegium
2940 1555 3080 1611 istud
3139 1557 3420 1613 admittere

1848 1659 2215 1715 quemquam:
2252 1645 2366 1699 sive
2404 1645 2548 1700 enim
2591 1648 2819 1718 gentiles
2863 1656 2988 1702 sunt
3033 1646 3125 1716 qui
3165 1648 3421 1702 adversus

1850 1736 2307 1791 resurrectionem
2347 1747 2542 1803 augent
2576 1740 2731 1791 nobis
2774 1737 3059 1803 rationem,
3108 1737 3198 1807 qui
3236 1736 3422 1791 volunt

1850 1829 2062 1881 ratione
2118 1842 2179 1881 se
2214 1842 2373 1897 agere
2412 1840 2630 1888 cuncta,
2679 1828 2771 1897 qui
2805 1836 2932 1882 sunt
2977 1827 3370 1883 irrationabiles
3402 1844 3417 1881 :

1849 1921 2297 1988 quemadmodum
2343 1917 2450 1971 Deo
2479 1919 2687 1984 justitia
2727 1919 3064 1975 salvabitur?
3114 1920 3234 1975 istic
3276 1921 3419 1974 enim

1850 2012 2095 2065 videmus
2126 2026 2504 2079 nonnunquam
2536 2025 2789 2080 perverse
2814 2012 3025 2080 negotia
3057 2013 3190 2082 geri,
3217 2020 3275 2067 ut
3304 2013 3423 2067 illos

1849 2104 2069 2172 quidem
2102 2104 2192 2173 qui
2217 2112 2439 2156 cantant
2461 2115 2707 2171 putemus
2735 2104 2869 2157 bene
2894 2102 3093 2157 habere
3117 2104 3167 2157 in
3191 2104 3389 2158 mundo
3407 2122 3425 2159 :

1851 2195 1984 2249 alios
2013 2205 2216 2260 autem,
2245 2194 2334 2263 qui
2368 2194 2627 2262 diripiunt
2657 2203 2712 2247 et
2743 2193 3003 2258 ditantur,
3045 2194 3212 2248 laetari
3250 2201 3306 2249 et
3334 2208 3425 2249 sa-

1824 2280 1950 2340 °nos
1982 2301 2105 2340 esse
2124 2300 2371 2355 corpore,
2412 2287 2551 2340 forte
2579 2286 2750 2356 magis
2788 2286 3001 2357 iniquos
3028 2302 3188 2356 quam
3225 2286 3427 2355 justos,

1850 2388 1905 2432 et
1958 2393 2339 2447 nonnunquam
2390 2377 2580 2433 melius
2636 2393 2832 2448 corpus
2890 2378 3126 2443 habere,
3181 2387 3236 2433 et
3290 2378 3439 2433 filios

1851 2470 2220 2539 quamplures,
2247 2478 2300 2525 et
2321 2470 2422 2524 hos
2449 2469 2766 2534 incolumes,
2788 2481 2842 2525 et
2873 2469 3126 2525 mulieres
3154 2485 3275 2524 cum
3300 2470 3441 2525 viris

1852 2561 2026 2615 betam
2065 2562 2261 2630 degere
2304 2561 2494 2623 vitam,
2524 2569 2577 2615 et
2603 2574 2878 2616 servorum
2924 2560 3319 2615 multitudinem
3351 2560 3451 2615 eis.

1852 2667 1996 2715 esse,
2031 2660 2086 2706 et
2117 2666 2277 2720 opum
2329 2660 2384 2705 et
2420 2652 2843 2721 possessionum,
2896 2661 2952 2707 et
3004 2653 3218 2709 condita
3259 2651 3455 2707 multa.

1851 2744 2154 2799 substantia
2188 2744 2359 2813 larga,
2397 2759 2556 2814 quam
2600 2753 2667 2799 eL
2702 2746 3089 2799 transmittunt
3134 2747 3199 2799 ad
3247 2744 3424 2800 ﬁlios:

1845 2832 1975 2901 justi
2007 2843 2186 2887 autem
2219 2846 2460 2904 gemunt,
2482 2844 2541 2889 et
2557 2850 2676 2889 cum
2704 2849 2937 2890 maerore
2973 2837 3169 2905 degunt
3197 2835 3249 2890 in
3278 2851 3433 2891 mun-

1853 2924 1959 2981 do:
1983 2934 2036 2978 et
2070 2926 2158 2979 ubi
2186 2936 2268 2980 est
2303 2926 2507 2996 justitia
2532 2942 2653 2997 qua:
2685 2943 2712 2980 a
2741 2927 2851 2983 Deo
2889 2927 3011 2983 est?
3034 2928 3109 2982 Et
3136 2928 3182 2982 si
3212 2927 3430 2997 quidem

1853 3016 1918 3070 ad
1957 3014 2168 3070 Jttdmos
2202 3017 2273 3070 sit
2297 3032 2477 3073 sermo
2499 3057 2516 3083 ,
2557 3018 2685 3088 quid
2714 3018 2914 3087 profuit
2941 3021 3189 3085 Abrahae,
3218 3028 3275 3075 ut
3305 3034 3432 3089 pro-

1856 3108 2167 3163 missionem
2190 3110 2408 3177 quidem
2432 3110 2723 3179 acciperet,
2755 3111 2819 3163 ad
2844 3111 3229 3179 promissioncs
3252 3121 3430 3167 autem

170 3203 401 3271 gloriam
443 3202 554 3262 Dei.
592 3220 695 3256 non
739 3202 1065 3270 loquentiam
1109 3200 1332 3255 audivit.
1366 3201 1456 3253 Ait
1479 3200 1620 3254 enim
1652 3216 1752 3254 non
1780 3180 1821 3235 (ἶ
1858 3217 1962 3255 non
1993 3203 2297 3270 perveniret
2330 3218 2344 3255 :
2380 3203 2579 3272 quique
2612 3212 2821 3272 patrem
2864 3203 3082 3272 quidem
3122 3202 3435 3256 amantissi-

169 3306 285 3343 esae
317 3291 566 3357 loquelas,
616 3308 777 3359 neque
825 3306 1086 3343 sermones
1108 3290 1152 3320 “
1187 3307 1200 3343 :
1239 3290 1530 3344 lucentium
1576 3300 1754 3343 autem

170 3397 365 3436 eorum
391 3383 442 3434 in
475 3398 687 3439 omnem
714 3384 967 3437 mundum
994 3383 1190 3437 cxiisse
1220 3398 1410 3438 sonum
1440 3397 1624 3435 eorum
1659 3383 1755 3435 ait.

171 3472 312 3536 Quia
377 3472 537 3541 igitur
590 3488 683 3540 per
734 3480 881 3529 tanta
930 3488 1048 3541 qua:
1080 3473 1312 3526 diximus
1373 3473 1753 3533 ettacuimus,

171 3565 291 3629 ipsa
325 3579 503 3617 rerum
538 3569 747 3633 negotia
784 3565 1036 3628 clamant,
1066 3574 1118 3619 et
1149 3564 1539 3634 providentiam
1566 3565 1758 3634 prazdi-

171 3665 305 3708 cant
357 3654 449 3708 Dei
472 3673 503 3721 ς,
523 3658 743 3709 rationis
794 3672 897 3709 non
936 3668 1014 3710 est
1049 3657 1115 3708 ad
1142 3670 1237 3710 eos
1273 3656 1361 3723 qui
1412 3654 1759 3723 praescribere

172 3760 427 3800 Naturam
460 3750 666 3815 volunt,
689 3760 741 3802 et
773 3748 1002 3801 visibilia
1035 3762 1137 3800 non
1162 3748 1365 3809 videre,
1400 3745 1759 3814 nosmetipsos

171 3842 517 3910 protendere.
578 3842 682 3895 Sed
724 3842 791 3895 ab
830 3840 1036 3893 illorum
1086 3840 1301 3910 quidem
1362 3837 1759 3904 irreligiositate

171 3933 411 3987 transire
439 3934 552 4000 jam
590 3944 798 4001 tempus
834 3948 929 3987 nos
964 3933 1237 3994 admonet,
1263 3944 1555 4000 properare
1578 3938 1756 3981 autem

168 4026 242 4076 ad
271 4025 458 4087 aliam,
493 4039 559 4079 ne
601 4028 879 4079 videamur
925 4035 979 4078 et
1016 4024 1375 4078 contaminari
1412 4021 1759 4090 inspicientcs

165 4128 293 4177 eos,
342 4114 431 4182 qui
481 4130 585 4168 non
622 4114 822 4168 vident.
871 4113 1100 4167 Tantum
1136 4121 1314 4166 autem
1371 4112 1490 4165 addi
1526 4120 1755 4180 oportet,

168 4206 307 4274 quia
341 4205 585 4259 confessa
618 4204 953 4273 providentia
980 4216 1316 4270 consequens
1341 4210 1424 4255 est
1456 4202 1647 4255 adesse
1675 4215 1762 4254 re—

167 4297 599 4358 surrectionem,
637 4295 1090 4376 quemadmodum
1120 4308 1458 4362 consequens
1490 4300 1545 4348 et
1576 4307 1762 4347 neces-

167 4391 328 4445 saria
371 4401 452 4443 cst
496 4392 839 4445 resurrectio.
892 4390 1021 4443 Sine
1076 4404 1237 4443 causa
1298 4388 1561 4459 justitiam
1633 4387 1761 4442 colit

1857 3310 2026 3359 mum,
2066 3304 2294 3347 matrem
2323 3294 2537 3363 quidem
2570 3294 2841 3359 dilectam,
2873 3298 3102 3364 patriam
3142 3292 3195 3347 in
3219 3308 3323 3364 qua
3352 3304 3437 3349 est

1856 3387 2117 3440 educatus
2150 3386 2369 3455 reliquit
2397 3396 2616 3456 propter
2643 3386 3015 3456 praeceptum?
3040 3385 3228 3440 Scitis
3256 3393 3435 3439 autem

1856 3491 1911 3533 et
1944 3494 2038 3533 vos
2073 3488 2272 3546 quanta
2307 3478 2575 3547 pernicies
2625 3479 2693 3532 sit
2733 3477 3132 3531 consuetudinis
3172 3476 3439 3531 suSIinore

1859 3583 2153 3623 recessum.
2183 3568 2492 3621 Adveniens
2519 3576 2696 3621 autem
2736 3570 2802 3620 ad
2832 3577 3029 3622 terram
3064 3566 3440 3635 repromissio-

1859 3659 1967 3720 nis,
1999 3658 2324 3712 circumibat
2353 3666 2409 3709 ut
2432 3657 2751 3727 peregrinus
2780 3666 2833 3711 et
2869 3658 3094 3721 advena,
3123 3658 3438 3712 desiderans

1859 3749 2046 3803 satiari
2091 3764 2253 3817 aqua,
2292 3748 2447 3816 cujus
2488 3750 2603 3818 ipse
2632 3748 2772 3813 fons,
2808 3757 2997 3817 puteus
3035 3756 3152 3803 erat
3179 3749 3441 3802 adinveu-

1860 3849 1964 3905 tor,
2006 3840 2095 3909 qui
2130 3840 2177 3893 ei
2210 3840 2419 3894 fructus
2458 3855 2521 3893 ex
2570 3840 2927 3907 promissione
2971 3837 3259 3908 provenit?
3301 3836 3441 3891 Tor-

1861 3942 2097 3987 mentum
2138 3933 2282 3985 enim
2315 3932 2364 3985 ei
2392 3942 2508 3986 erat
2534 3933 2701 4001 ipsius
2731 3932 3104 4002 promissionis
3140 3932 3436 3988 adventus:

1859 4026 2043 4080 videre
2072 4026 2215 4080 enim
2255 4025 2690 4094 promissionem,
2720 4040 2824 4079 non
2850 4025 3085 4094 permitti
3131 4034 3305 4079 autem
3349 4038 3442 4078 ea-

1858 4116 1982 4181 dem
2012 4114 2138 4180 frui,
2166 4116 2337 4186 magis
2369 4116 2433 4167 ad
2459 4116 2845 4183 blasphemiam
2876 4113 3309 4179 adducebat,sed
3332 4128 3438 4169 non

1861 4207 2156 4261 Abraham.
2194 4207 2467 4260 Abraham
2506 4206 2649 4260 enim
2678 4207 2883 4261 addens
2924 4215 2979 4261 et
3014 4222 3120 4260 non
3156 4206 3440 4276 perfruens

1863 4307 1921 4349 ut
1949 4310 2131 4349 mensa
2163 4295 2513 4365 appositnhet
2538 4294 2843 4363 prohibitus
2867 4294 3157 4364 degustare
3185 4294 3344 4349 etiam
3371 4308 3467 4351 ex.

1866 4387 1950 4439 his
1975 4402 2091 4455 qua:
2113 4395 2592 4455 exsuperaveraut,
2619 4387 2691 4441 ita
2714 4386 2968 4441 dimissus
2994 4386 3197 4455 gratias
3225 4386 3439 4455 agebat.

161 4484 393 4554 justus?
424 4485 540 4536 sine
569 4498 729 4535 causa
766 4482 1073 4550 pudicitiam
1111 4490 1257 4534 amat
1284 4482 1543 4548 pudicus?
1584 4489 1638 4534 et
1667 4483 1757 4548 qui
1790 4519 1837 4577 υ
1864 4478 2001 4546 Quid
2030 4493 2160 4548 ergo
2189 4477 2390 4546 profuit
2422 4478 2539 4532 illi?
2565 4478 2669 4533 Sed
2697 4479 2821 4547 quia
2875 4478 3045 4531 filium
3073 4476 3262 4577 habuit
3282 4484 3444 4577 ipost

168 4575 434 4643 providet
456 4574 537 4626 his
565 4590 681 4641 quae
704 4574 819 4627 sine
838 4574 1012 4625 anima
1047 4580 1191 4636 sunt,
1216 4572 1499 4625 arboribus
1524 4582 1575 4624 et
1609 4570 1759 4637 plan-

170 4667 272 4729 tis,
312 4664 472 4727 Deus,
506 4666 779 4718 invenitur
817 4663 1161 4718 rationabiles
1196 4663 1408 4715 animas
1446 4660 1757 4731 negligens?

165 4768 229 4811 et.
263 4759 362 4826 qui
396 4759 786 4825 providentiam
834 4772 984 4810 suam
1016 4754 1254 4808 formicis
1286 4755 1543 4823 impertit,
1586 4762 1640 4805 et
1667 4768 1758 4805 os-

171 4852 474 4904 tenditeas
497 4865 612 4918 qua:
645 4865 749 4902 non
783 4850 979 4902 habent
1009 4847 1378 4900 rationabilem
1414 4862 1651 4907 sensum,
1686 4845 1760 4897 si-

171 4943 361 4994 bimet
383 4940 711 5001 consentire,
745 4950 799 5009 et
820 4937 1176 4990 imitationem
1202 4936 1503 4989 concordiae
1526 4935 1762 4997 habere;

166 5034 218 5088 si
259 5041 445 5085 tamen
493 5040 546 5084 et
582 5040 829 5099 oporteat
863 5031 965 5081 dici
1004 5028 1308 5081 consentire
1355 5027 1456 5080 sibi
1504 5042 1590 5089 ea,
1645 5042 1765 5095 qua:

166 5138 290 5178 non
324 5124 523 5175 habent
554 5136 806 5183 sensum;
835 5122 958 5189 quin
992 5120 1152 5189 igitur
1175 5132 1229 5171 et
1259 5117 1500 5170 formicis
1520 5118 1767 5185 providet

167 5217 353 5280 Deus,
382 5225 435 5269 et
461 5215 607 5268 dedit
654 5216 730 5268 eis
778 5226 831 5267 et
872 5212 1205 5279 receptacula
1256 5223 1412 5265 terrae
1455 5222 1509 5264 et
1538 5226 1763 5265 concor-

164 5310 358 5370 diam,
392 5308 630 5360 Omnium
672 5307 791 5360 licet
836 5306 942 5358 sint
975 5314 1162 5357 natura
1205 5303 1548 5361 infirmiores.
1586 5313 1762 5355 tamen

162 5401 284 5464 eis,
318 5415 438 5467 quae
465 5400 726 5463 videmus,
757 5398 970 5452 donavit
1000 5415 1015 5455 :
1054 5401 1119 5451 de
1148 5398 1317 5450 bobus
1352 5409 1529 5448 autem
1571 5411 1764 5449 secun-

162 5492 312 5547 dum
348 5492 661 5560 Apostolum
697 5492 927 5560 pertinet
959 5491 1023 5541 ad
1058 5490 1219 5541 Deum
1239 5488 1306 5553 ",
1333 5498 1387 5540 et
1423 5489 1488 5540 de
1531 5488 1683 5541 ltOltlS
1714 5490 1761 5542 ei

246 5584 304 5619 ³⁸
343 5584 485 5638 Psal.
526 5600 681 5651 xvnt,
718 5586 768 5639 l.
862 5584 907 5617 ’ί
949 5585 1075 5639 ibid.
1103 5582 1155 5638 4.
1200 5578 1430 5637 “lCnr.
1468 5597 1541 5645 Ix,
1572 5583 1625 5636 9.

250 5698 381 5768 (15)
413 5698 509 5753 Ms.
546 5696 798 5752 Frunitns
822 5711 893 5750 est
920 5714 1036 5765 qua!
1059 5698 1299 5764 diripuit.

251 5772 305 5839 μ
323 5771 379 5839 6)
414 5768 507 5824 Ms.
540 5768 605 5822 Et
634 5772 681 5822 ei
704 5771 790 5835 qui
824 5768 1129 5833 martyrium
1166 5769 1308 5822 colit.

1863 4580 2061 4638 quanta
2122 4581 2409 4637 tormenta,
2463 4581 2584 4640 post
2640 4580 2870 4638 quantas
2922 4567 3229 4623 orationes?
3286 4566 3445 4620 Servi

1865 4662 2136 4715 Abraham
2167 4662 2458 4728 habebant,
2482 4671 2536 4717 et
2566 4662 2838 4716 Abraham
2868 4662 3180 4716 desiderans
3215 4675 3319 4714 non
3344 4659 3440 4712 ha-

1866 4755 2028 4808 bebat
2060 4773 2072 4808 :
2105 4757 2196 4809 sed
2226 4755 2507 4826 coniugem
2555 4755 2809 4820 habebat,
2844 4762 2899 4808 et
2941 4754 3100 4807 istam
3140 4754 3440 4815 honestam,

1871 4863 2095 4917 qua-que
2127 4851 2195 4902 ab
2220 4863 2284 4902 eo
2309 4849 2482 4901 ablata
2516 4855 2616 4909 est.
2652 4856 2705 4898 et
2735 4846 2888 4899 valde
2916 4858 3122 4906 amare,
3146 4858 3249 4896 non
3279 4842 3446 4895 inter-

1873 4937 2082 5001 ficiens,
2120 4949 2173 4991 et
2200 4948 2415 4990 mutans
2443 4937 2617 4990 locum
2654 4932 2768 5006 (l7)
2803 4944 2857 4987 ct
2900 4934 3095 4999 locum,
3132 4944 3447 5002 persevera-

1874 5030 1970 5080 vit.
2000 5029 2187 5082 Dicant
2234 5044 2365 5099 ergo
2394 5026 2562 5081 Judaei
2598 5042 2717 5094 quae
2754 5024 3097 5095 provenerint
3122 5023 3351 5079 Abrahae
3379 5036 3443 5075 ex

1875 5121 2234 5189 promiSsione
2286 5124 2338 5173 iu
2386 5121 2634 5189 praesenti
2685 5120 2785 5171 hac
2830 5118 2965 5181 vita,
3014 5127 3074 5169 ιιι
3108 5116 3448 5169 abscidamus

1871 5226 2057 5266 eorum
2127 5229 2273 5281 spem
2348 5212 2782 5267 resurrectionis.
2838 5210 2944 5264 Sed
3003 5207 3190 5262 habuit
3255 5206 3444 5261 illium.

1872 5302 2096 5369 Quando
2117 5305 2141 5358 ἲ
2166 5307 2320 5358 Circa
2350 5307 2701 5358 centesimum
2749 5319 2946 5358 annum
2999 5302 3155 5355 datus
3180 5310 3263 5354 est
3298 5301 3346 5353 ei
3386 5297 3451 5352 ll-

1874 5397 1997 5460 lius,
2037 5406 2425 5451 tormentorum
2451 5399 2626 5465 potius
2653 5395 2767 5463 ejus
2788 5403 2843 5448 et
2861 5408 3100 5462 precum.
3134 5389 3268 5459 Quia
3296 5390 3446 5446 enim

1873 5489 2062 5542 habuit
2110 5498 2166 5543 et
2212 5489 2409 5543 bonum
2448 5489 2635 5552 (illum,
2681 5497 2735 5542 et
2776 5487 2986 5541 laetatus
3038 5484 3092 5538 in
3145 5482 3289 5539 dono
3340 5490 3465 5553 εει,

1953 5695 2066 5767 (l7)
2097 5693 2311 5748 Locum.
2344 5691 2518 5746 Τόπον
2541 5694 2602 5744 ἐκ
2634 5690 2795 5747 τόπου
2820 5686 3083 5761 ἀμείϐων.
