3810 6218
441 344 584 401 1035

1115 321 1395 399 inSt-inn
1437 332 1915 396 cmssmsusns
1953 329 2106 386 ore.
2148 323 2332 382 rans
2370 323 2460 378 tv.
2500 351 2573 364 .-
2611 315 3058 388 DOGMATICAJ

3575 313 3706 370 1056

435 467 538 519 vit.
569 464 711 519 Cede
737 506 751 531 ,
782 472 836 520 et
867 463 1129 519 conﬁtere
1186 463 1561 518 inﬁrmitatem
1613 470 1782 515 tuam.
1813 458 2016 514 Obum-

2126 479 2207 526 est
2243 467 2413 524 bene!
2449 462 2564 520 Non
2610 464 2753 519 enim
2811 463 2926 517 haec
2979 471 3062 515 est
3108 473 3357 513 mensura
3391 458 3705 514 distantias:

437 555 558 612 brat
582 567 632 610 te
654 556 923 610 Christus.
952 555 1006 610 Si
1036 558 1179 612 enim
1208 565 1260 610 tu
1312 556 1586 625 quomodo
1618 563 1774 607 natus
1808 567 1867 605 es
1922 565 2016 604 ne-

437 649 581 714 scis,
609 650 1066 721 quemadmodum
1093 694 1107 719 ,
1141 650 1236 722 qui
1283 652 1351 706 de
1375 660 1426 704 te
1473 650 1692 719 ignoras
1713 689 1728 713 ,
1758 647 1824 700 de
1857 645 2020 700 Patre

437 750 495 795 et
525 737 663 796 Filio
685 751 775 796 aut
804 743 1034 811 quaeris,
1075 751 1165 796 aut
1189 756 1351 798 nosse
1388 751 1439 796 te
1475 740 1675 809 putas?
1708 739 1846 805 Quid
1891 752 2019 808 ergo

439 846 547 886 non
571 832 829 887 debemus
859 835 1106 888 conﬁteri
1153 834 1317 888 Deum
1350 840 1406 886 et
1458 831 1696 886 Filium?
1749 829 2019 886 Conﬁtere

438 937 502 979 ea
539 938 658 994 quae
683 925 748 980 de
773 923 937 979 Patre
969 934 1022 980 et
1053 925 1190 981 Filio
1219 925 1422 995 scripta
1463 934 1632 980 sunt:
1669 932 1724 978 et
1769 923 1876 978 noli
1925 938 2021 976 cu-

439 1016 616 1072 riosus
645 1032 705 1071 ea
737 1033 856 1086 quae
882 1033 986 1071 non
1023 1027 1149 1071 sunt
1198 1019 1396 1087 scripta
1429 1017 1727 1086 requirere.
1766 1015 1975 1070 Dicitur
2001 1054 2018 1077 ,

439 1109 507 1164 In
530 1110 785 1178 prineivio
811 1121 959 1175 erat,
991 1119 1045 1165 et
1081 1112 1202 1180 quis
1232 1110 1452 1165 audebit
1483 1107 1913 1178 reprehendere?
1961 1105 2019 1161 Si

440 1210 622 1256 autem
649 1212 704 1256 et
729 1203 1136 1272 reprehenderit
1170 1212 1218 1257 te
1244 1244 1260 1269 ,
1299 1212 1470 1257 semet
1525 1203 1702 1271 ipsum
1737 1202 1902 1256 laedit.
1951 1199 2019 1254 In

438 1291 699 1361 principio
723 1301 835 1346 erat
877 1289 1101 1346 Verbum
1121 1334 1136 1360 ,
1165 1303 1212 1346 et
1259 1290 1484 1346 Verbum
1511 1303 1623 1346 erat
1650 1292 1791 1361 apud
1829 1291 2016 1356 Deum,

329 1417 339 1436 ρ
435 1394 486 1438 et
521 1383 658 1438 Deus
701 1395 814 1439 erat
883 1382 1128 1437 Verbum.
1175 1384 1282 1437 Hic
1318 1395 1429 1439 erat
1472 1385 1525 1438 in
1576 1385 1835 1454 principio
1878 1384 2018 1453 apud

437 1474 627 1528 Deum.
656 1475 720 1528 Et
744 1476 937 1543 sacpius
966 1477 1064 1528 ista
1103 1476 1374 1538 dicantur,
1403 1486 1457 1530 et
1487 1475 2020 1544 nihilcouquwratur

437 1565 585 1617 novi.
616 1563 831 1619 Utinam
862 1574 1040 1618 autem
1078 1563 1251 1618 solum
1281 1565 1613 1633 legeremus!
1649 1565 1855 1618 utinam
1886 1564 2019 1618 solis

437 1654 736 1725 Scripturis
769 1657 1004 1709 contenti
1037 1657 1316 1710 essemus!
1346 1656 1499 1712 etiis
1545 1655 1690 1710 nulla
1724 1656 1908 1711 ﬁebat.
1959 1653 2017 1708 Si

438 1746 584 1797 enim
612 1746 736 1814 quis
784 1745 991 1815 litigat,
1020 1747 1105 1801 vel
1152 1747 1516 1812 contradicit,
1557 1748 1802 1817 jurgatus
1852 1746 2018 1800 fuerit

439 1835 525 1890 his
552 1851 670 1904 quae
693 1837 890 1905 scripta
921 1847 1048 1892 sunt
1075 1858 1089 1894 :
1121 1855 1226 1895 non
1257 1839 1325 1894 ad
1373 1807 1851 1909 hominemvlitigat
1875 1880 1890 1904 ,
1921 1840 2017 1893 sed
2047 1807 2090 1862 B

437 1927 508 1981 ad
561 1927 868 1997 Deum,qui
922 1931 1166 2000 scripsit.
1209 1929 1358 1987 Unde
1385 1941 1565 1985 autem
1623 1931 1853 1984 eﬂicitur
1904 1929 2018 1983 Iis?

437 2035 561 2074 cnm
589 2035 652 2074 ea
687 2036 804 2089 quae
830 2037 896 2076 ex
926 2025 1093 2079 corde
1130 2033 1255 2078 sunt
1293 2023 1638 2088 proferimus.
1684 2025 1818 2078 Puto
1871 2024 2014 2077 enim

435 2113 558 2180 quia
595 2113 772 2168 nullus
796 2125 876 2169 est
902 2115 1287 2185 aususjurgari
1318 2120 1384 2171 ad
1417 2117 1607 2172 Deum.
1633 2117 1706 2170 Ea
1729 2131 1851 2186 quae
1876 2116 2016 2170 scri-

437 2215 527 2273 pta
558 2215 682 2257 sunt
714 2204 859 2275 lege,
884 2215 938 2260 et
967 2206 1143 2261 nullus
1169 2207 1496 2277 jurgabitur.
1527 2205 1690 2260 Pater
1743 2207 1926 2261 statim
1959 2215 2018 2260 ut

370 2352 378 2361 _
433 2290 614 2346 dit-tus
646 2291 745 2346 fuit
779 2292 972 2359 Pater,
1003 2295 1231 2364 requirit
1278 2296 1378 2351 ista
1415 2312 1512 2351 vox
1541 2296 1758 2350 Filium.
1811 2295 2018 2350 Dicitur

433 2378 643 2447 Filius,
700 2391 754 2436 et
811 2385 862 2437 iu
917 2401 982 2441 eo
1035 2387 1154 2457 ipso
1207 2389 1332 2442 dum
1384 2389 1626 2452 dicitur,
1663 2388 1821 2442 Pater
1879 2403 2016 2442 con-

432 2472 635 2527 ﬁtetur.
692 2474 806 2529 Non
853 2478 998 2531 cnim
1033 2494 1199 2534 vacua
1232 2495 1332 2534 vox
1364 2491 1446 2535 est
1485 2479 1684 2546 Pater,
1721 2481 1813 2534 sed
1856 2480 2015 2534 exhi-

431 2564 566 2619 bens
613 2578 857 2623 naturam
908 2569 1054 2625 Filii.
1097 2572 1212 2626 Non
1255 2589 1424 2627 vacua
1465 2582 1548 2628 est
1583 2588 1684 2628 vox
1727 2588 1847 2642 qua:
1887 2573 2018 2628 dicit

433 2656 664 2722 Filium,
727 2661 821 2714 sed
888 2665 1201 2730 praecedens
1251 2667 1542 2718 conﬁtetur
1596 2663 1852 2730 Patrem,
1908 2678 2013 2717 non

441 2749 777 2817 temporibus
802 2789 819 2817 ,
856 2766 961 2805 non
1007 2752 1234 2822 spatiis,
1280 2757 1375 2808 sed
1419 2753 1680 2822 dignitate
1703 2763 1757 2806 et
1788 2753 2015 2807 honore.

433 2837 598 2894 Pater
653 2841 827 2912 diligit
867 2843 1092 2912 Filium,
1141 2846 1313 2915 diligit
1354 2855 1408 2900 et
1455 2847 1712 2916 diligitur.
1759 2845 1912 2901 Unde
1952 2845 2017 2902 lis

433 2930 537 2985 ista
601 2942 718 3000 est,
766 2951 872 2990 non
922 2937 1156 2994 invenio.
1215 2937 1328 2993 lllic
1379 2954 1520 3007 pax,
1577 2949 1632 2994 et
1688 2940 1845 2994 isthic
1897 2938 2016 3007 jur-

434 3025 544 3092 gia.
594 3025 710 3080 Illic
769 3027 1019 3095 dilectio,
1075 3039 1132 3084 et
1171 3029 1260 3086 hic
1307 3033 1602 3086 contentio.
1639 3030 1694 3086 Si
1747 3031 2016 3101 diligimus

2120 563 2248 632 quia
2275 574 2450 628 neque
2488 569 2869 625 comparamur
2891 593 2908 618 ,
2953 564 3128 621 neque
3177 564 3502 620 aquantur:
3536 565 3710 619 neque

2125 655 2180 710 in
2213 670 2320 724 quo
2345 653 2526 706 minus
2561 663 2770 704 sumus.
2807 645 2923 700 Non
2962 660 3060 700 nos
3085 644 3294 710 solum,
3331 645 3424 698 sed
3463 658 3568 698 nec
3613 659 3708 696 an-

2121 748 2266 820 geli,
2296 755 2390 800 aut
2416 741 2766 811 archangeli,
2816 746 2909 793 aut
2945 737 3207 800 virtutes,
3250 746 3345 790 aut
3374 735 3708 790 dominatio-

2121 856 2238 905 nes,
2257 852 2429 909 neque
2451 836 2594 890 aliud
2621 833 2845 903 aliquid,
2875 831 2969 886 sed
2993 831 3174 885 omnia
3191 829 3579 896 relinquuntur
3597 825 3708 897 (80)

2124 934 2192 987 ab
2225 931 2502 1001 unigenito
2522 948 2536 984 :
2559 929 2673 998 ipse
2692 934 2868 981 autem
2895 923 2992 979 soli
3013 925 3102 977 uni
3129 931 3252 978 nato
3273 937 3378 977 non
3401 922 3546 976 cedit
3572 920 3706 992 (81).

2120 1025 2235 1080 Non
2267 1038 2456 1079 sumus
2483 1019 2649 1076 Judaei
2670 1059 2686 1084 ,
2715 1018 3041 1073 conﬁtemur
3063 1016 3206 1070 enim
3225 1014 3444 1069 Filium.
3467 1013 3587 1068 Non
3621 1029 3712 1067 su-

2120 1133 2240 1172 mus
2269 1115 2496 1187 gentiles
2517 1156 2532 1178 ,
2571 1114 2697 1184 quia
2733 1127 2838 1165 non
2879 1110 3109 1166 dicimus
3132 1107 3330 1161 multos
3355 1105 3574 1160 Patres.
3593 1102 3676 1157 No
3700 1125 3709 1153 I

2121 1223 2308 1266 sumus
2343 1208 2621 1272 hzcretici,
2654 1206 2857 1260 scimus
2895 1203 3037 1259 enim
3080 1202 3365 1272 Spiritum.
3419 1202 3530 1256 Sed
3580 1200 3712 1270 quid

2121 1302 2350 1358 sumus?
2401 1301 2611 1370 Sponsa
2647 1298 2881 1352 viventis
2913 1297 3097 1366 sponsi
3147 1311 3244 1364 per
3294 1293 3572 1349 Christum
3613 1309 3714 1347 nos

2121 1409 2325 1448 sumus.
2361 1391 2417 1446 Si
2450 1407 2576 1463 ergo
2603 1407 2703 1446 nos
2730 1390 2820 1460 qui
2855 1405 2952 1460 per
2985 1379 3268 1445 Christum
3288 1402 3477 1442 sumus
3501 1428 3515 1448 ,
3551 1398 3713 1454 putas

2120 1486 2241 1554 quia
2271 1487 2383 1552 ipse
2425 1501 2528 1537 nun
2561 1485 2683 1538 est?
2707 1499 2770 1538 ea
2795 1498 2914 1552 qum
2944 1498 3040 1551 per
3082 1483 3256 1550 ipsum
3294 1489 3423 1534 sunt
3449 1490 3712 1542 manent,

2120 1589 2174 1632 et
2205 1579 2315 1648 ipse
2342 1578 2501 1631 linem
2536 1577 2698 1630 habet
2727 1585 2788 1629 ut
2817 1575 3032 1645 quidam
3060 1571 3376 1629 insaniunt?
3418 1570 3534 1626 Non
3564 1572 3712 1625 enim

2124 1671 2358 1740 acquirit
2391 1668 2536 1724 aliud
2566 1667 2710 1737 quod
2744 1682 2847 1722 non
2872 1674 2991 1721 est:
3027 1681 3130 1720 non
3185 1665 3449 1731 assumit,
3505 1664 3602 1718 sed
3662 1673 3716 1716 et

2119 1765 2260 1834 quod
2291 1772 2373 1818 est
2402 1760 2686 1817 abscondit
2743 1778 2755 1813 :
2819 1759 2921 1813 hoc
2947 1758 3089 1813 enim
3130 1755 3418 1827 signiﬁcat,
3446 1754 3530 1808 Da
3559 1754 3715 1815 mihi,

2118 1857 2277 1911 Pater
2305 1873 2326 1912 :
2355 1857 2447 1910 sed
2477 1869 2582 1909 non
2601 1851 2804 1922 aliquid
2836 1865 3034 1905 novum
3059 1851 3189 1918 petit
3214 1849 3336 1902 :sed
3365 1848 3507 1917 quod
3526 1846 3714 1910 habui,

2117 1949 2320 2018 inquit,
2372 1947 2512 2016 apud
2558 1955 2646 2009 te,
2695 1945 2765 1998 da
2805 1943 2936 1996 mihi
2987 1942 3054 1996 ⁷³.
3104 1939 3220 1995 Non
3256 1940 3400 2004 enim
3451 1937 3717 2004 habes,o

2122 2041 2368 2104 Domine,
2405 2039 2551 2110 quod
2576 2035 2856 2092 habebas?
2880 2035 2985 2090 Sed
3013 2033 3137 2104 quia
3162 2073 3177 2099 ,
3204 2033 3412 2102 inquit,
3445 2032 3715 2086 ahsconsa

2117 2143 2203 2190 est
2232 2148 2347 2187 mea
2377 2131 2586 2201 species
2616 2147 2629 2182 :
2659 2127 2786 2197 quia
2819 2142 2924 2181 non
2959 2135 3176 2196 apparet
3219 2138 3334 2176 mea
3365 2121 3559 2193 gloria.
3586 2120 3714 2174 Cle-

2117 2225 2304 2292 riﬁea,
2336 2221 2553 2292 inquit,
2584 2231 2734 2274 tuum
2787 2217 2988 2272 Filium
3034 2217 3102 2271 7".
3163 2215 3231 2269 Et
3275 2215 3402 2282 quid
3433 2215 3715 2282 respondit

2116 2315 2316 2371 Pater?
2345 2311 2669 2381 Cloriﬁcavi.
2699 2310 2755 2367 Si
2779 2309 2948 2381 igitur
2975 2306 3329 2378 gloriﬁcavit,
3355 2306 3485 2375 quid
3513 2307 3714 2369 quierit

2118 2405 2452 2480 gloriﬁcari?
2477 2404 2582 2460 Sed
2617 2403 2750 2458 dicit
2775 2402 2934 2456 Pater
2961 2441 2975 2465 ,
3019 2397 3086 2452 Et
3134 2402 3325 2453 iterum
3378 2395 3711 2467 giariﬁsabo.

2119 2503 2176 2558 Si
2203 2500 2315 2570 jam
2339 2497 2678 2570 gloriﬁcasti,
2700 2495 2973 2566 quomodo
3005 2494 3198 2546 iterum
3225 2489 3542 2562 gloriﬁcas?
3570 2488 3713 2542 Num

2119 2592 2322 2657 addes,
2355 2591 2611 2660 quoniam
2638 2590 2707 2645 ab
2741 2589 2898 2642 initio
2940 2586 3216 2658 genuisti?
3242 2584 3357 2639 Non
3393 2582 3538 2636 addo
3573 2600 3589 2637 :
3621 2583 3714 2636 sed

2119 2696 2174 2743 et
2213 2701 2311 2757 per
2338 2699 2542 2754 corpus
2589 2683 2820 2740 ostendo
2869 2682 2974 2735 mei
3025 2679 3151 2733 Filii
3205 2678 3457 2749 gloriam.
3501 2675 3712 2735 Genui,

2118 2779 2463 2852 gloriﬁcavi,
2493 2787 2546 2834 et
2603 2777 2800 2833 iterum
2844 2775 3185 2846 gloriﬁcabo.
3235 2771 3456 2836 Palam,
3502 2769 3712 2837 inquit,

2119 2871 2264 2928 facio
2291 2871 2436 2938 quod
2483 2879 2604 2925 erat
2660 2870 3008 2924 absconsum.
3043 2865 3176 2920 Nam
3209 2873 3264 2918 et
3300 2860 3595 2932 Apostolus
3632 2859 3714 2911 di-

2119 2963 2195 3020 cit
2224 2981 2238 3018 :
2272 2961 2342 3016 Et
2362 2960 2771 3030 superexaltavit
2801 2975 2919 3014 eum
2940 3001 2954 3025 ,
2990 2967 3038 3010 et
3086 2957 3228 3009 dedit
3262 2957 3311 3009 ei
3340 2970 3531 3008 nomen
3570 2955 3713 3023 quod

2120 3065 2194 3110 est
2234 3071 2390 3124 super
2418 3070 2566 3109 omne
2595 3068 2782 3106 nomen
2832 3051 2902 3104 ⁷⁵.
2961 3049 3076 3104 Non
3140 3048 3425 3114 mercede,
3480 3057 3542 3100 ut
3590 3059 3714 3117 pote

435 3113 997 3215 Pilil'ell‘lifNilemur
1026 3135 1213 3190 Pacem
1245 3137 1365 3215 (illa?
1385 3123 1495 3215 “lic
1523 3132 1602 3177 δεῖ
1631 3122 1766 3193 (⁷9)ο
1806 3123 1862 3177 Si
1899 3123 2020 3178 ἀίίί·
2045 3151 2089 3209 C
2119 3113 2461 3203 obedientize.
2492 3146 2765 3215 Scriptum
2801 3143 2945 3199 enim
2987 3151 3068 3197 est
3109 3139 3561 3210 quemadmodum
3586 3113 3713 3192 obv-

437 3209 617 3278 gimus
653 3208 889 3276 Filium,
945 3225 1050 3265 non
1091 3221 1174 3266 est
1233 3213 1588 3270 dissensionis
1619 3215 1779 3269 Deus.
1837 3215 2015 3283 Nosti,

445 3302 578 3352 doce
613 3317 625 3353 :
657 3299 911 3370 ignoras,
963 3300 1211 3357 edocere.
1254 3301 1346 3357 Lis
1390 3307 1535 3357 enim
1590 3318 1766 3373 neque
1823 3307 2018 3374 docet,

445 3405 622 3460 neque
662 3392 910 3447 docetur.
963 3392 1118 3460 Quod
1171 3396 1616 3465 coniprehendis,
1661 3396 1765 3450 hoc
1817 3411 2018 3465 quaere.

434 3481 720 3551 Invenisti,
754 3484 961 3555 gratias
993 3501 1112 3556 age.
1141 3484 1294 3542 Nosti
1319 3527 1334 3552 ,
1369 3488 1541 3542 trade.
1569 3488 1681 3559 Ego
1702 3498 1878 3543 autem
1906 3491 2020 3544 seio

431 3575 562 3644 quia
605 3575 806 3633 nescis.
841 3573 991 3631 Unde
1021 3577 1139 3632 scio
1181 3581 1305 3648 quia
1335 3594 1434 3649 ego
1479 3581 1682 3635 nescio.
1717 3579 1870 3636 Unde
1921 3582 2021 3637 hoc

433 3668 564 3736 quia
592 3667 800 3737 ignoro.
841 3665 1012 3722 Verax
1039 3668 1184 3724 enim
1222 3678 1308 3724 est
1343 3671 1436 3739 qui
1472 3671 1608 3725 dixit
1639 3688 1652 3726 :
1693 3668 1863 3726 Nemo
1920 3689 2014 3726 no-

431 3761 502 3813 vit
530 3759 598 3815 ⁷⁸.
631 3761 937 3815 Secundum
970 3762 1127 3818 istam
1165 3762 1330 3833 igitur
1377 3778 1597 3828 vocem,
1656 3765 1834 3819 omnis
1893 3765 2018 3836 qui-

432 3868 646 3922 cunque
667 3869 727 3908 se
755 3855 885 3910 dicit
915 3855 1057 3910 scire
1083 3859 1364 3912 mentitur.
1393 3855 1501 3912 Sed
1536 3856 1677 3913 forte
1717 3860 1887 3926 dicis,
1926 3859 2020 3914 Dei

434 3961 655 4013 Sumus,
685 3954 738 4001 et
789 3963 896 4002 non
947 3949 1150 4004 scimus
1199 3961 1462 4019 quantum
1513 3961 1568 4005 et
1620 3955 2018 4024 pertingimns:

436 4036 541 4091 hoc
569 4038 746 4093 solum
780 4041 906 4110 quia
937 4049 1022 4096 est
1053 4059 1068 4096 :
1107 4058 1213 4096 non
1247 4052 1425 4096 tamen
1459 4043 1635 4112 qualis
1679 4054 1730 4098 et
1759 4055 2018 4114 quantum

432 4137 538 4183 est.
567 4129 701 4198 Quia
731 4131 897 4202 igitur
927 4143 1010 4188 est
1031 4174 1046 4199 ,
1069 4133 1305 4200 scimus;
1341 4149 1445 4187 non
1473 4144 1649 4189 tamen
1679 4137 1874 4205 qualis.
1903 4136 2020 4192 Non

431 4223 577 4274 enim
607 4233 849 4276 nostrum
889 4233 972 4278 est
1004 4239 1321 4278 mensurare
1344 4226 1838 4282 immensurahilem
1867 4245 1881 4280 :
1914 4244 2018 4284 non

434 4321 677 4366 nostrum
727 4315 1184 4384 comprehendere
1219 4317 1842 4388 incomprehensibilem.
1880 4319 2017 4374 Cum

432 4404 578 4458 enim
613 4407 876 4484 memoria
909 4407 976 4461 de
1028 4408 1138 4462 Deo
1186 4417 1304 4477 est,
1343 4425 1495 4464 mens
1559 4409 1810 4481 religiosa
1849 4411 2021 4466 intre-

2123 3238 2262 3294 divit
2291 3254 2464 3308 usque
2489 3239 2554 3293 ad
2585 3246 2818 3292 mortem
2844 3275 2860 3300 ,
2901 3243 3132 3289 mortem
3186 3241 3364 3287 autem
3396 3232 3599 3286 crucis.
3651 3229 3712 3282 Et

2122 3332 2246 3388 ideo
2269 3373 2283 3394 .
2311 3332 2518 3401 inquit,
2550 3330 2691 3385 Deus
2717 3326 3145 3397 snpercxaltavit
3167 3340 3314 3380 eum.
3347 3324 3405 3377 Si
3451 3323 3578 3392 quis
3614 3339 3709 3375 au—

2122 3433 2230 3478 tem
2256 3423 2389 3476 dure
2416 3422 2605 3491 legerit
2628 3434 2940 3481 sermones,
2973 3416 3112 3471 forte
3146 3414 3357 3484 putabit
3409 3415 3570 3468 istam
3625 3428 3713 3466 su-

2119 3513 2602 3586 perexaltationem
2638 3511 2944 3566 mercedem
2975 3523 3097 3564 esse
3129 3505 3477 3562 obedientite.
3504 3505 3582 3559 lta
3617 3522 3712 3574 pu-

2122 3616 2206 3661 tas
2227 3646 2244 3672 ,
2271 3607 2364 3661 sed
2401 3621 2505 3660 non
2531 3614 2582 3658 te
2610 3605 2888 3674 permittat
2921 3602 2994 3656 ita
3022 3600 3226 3655 sentire
3256 3601 3347 3669 qui
3383 3600 3499 3654 hate
3549 3597 3712 3653 dixit.

2121 3698 2212 3752 Ait
2236 3697 2384 3752 enim
2418 3714 2432 3751 :
2469 3695 2572 3760 Qui
2603 3695 2875 3759 ascendit,
2905 3695 3014 3762 ipse
3036 3702 3182 3746 estet
3210 3692 3301 3762 qui
3330 3693 3599 3745 descendit
3642 3692 3708 3745 ".

2123 3789 2266 3859 Ergo
2286 3789 2546 3842 exaltavit
2567 3803 2689 3842 eum
2719 3787 2810 3857 qui
2848 3787 3152 3843 descendit.
3179 3785 3296 3839 Non
3343 3793 3522 3839 tamen
3555 3804 3586 3837 a
3621 3786 3712 3839 de-

2121 3895 2306 3936 orsum
2334 3895 2555 3935 sursum
2589 3879 2838 3933 adduxit.
2872 3877 2981 3932 Sed
3009 3893 3131 3932 eum
3161 3877 3253 3946 qui
3282 3877 3559 3931 descendit
3583 3917 3599 3940 ,
3622 3876 3714 3930 ite-

2123 3987 2243 4026 rum
2295 3985 2515 4025 sursum
2574 3970 2895 4038 assumpsit.
2947 3968 3166 4022 Assnmi
3223 3967 3378 4031 dico,
3427 3981 3536 4020 non
3586 3968 3710 4034 quia

2122 4060 2356 4116 mundus
2407 4060 2751 4115 fraudabitur
2814 4075 2844 4114 a
2900 4059 3192 4130 praesentia
3246 4059 3534 4127 unigeniti.
3597 4059 3709 4113 Non

2121 4160 2300 4223 potest
2339 4153 2573 4208 mundus
2625 4153 2742 4208 sine
2777 4152 3139 4222 gubernatore
3185 4136 3419 4216 salvari,
3466 4166 3573 4204 non
3622 4165 3713 4217 po-

2123 4246 2230 4291 test
2288 4238 2522 4293 mundus
2574 4247 2723 4292 stare
2770 4239 2814 4292 si
2864 4238 3151 4292 recesserit
3202 4236 3534 4306 unigenitus.
3607 4235 3711 4287 Sed

2120 4325 2261 4383 forte
2293 4328 2427 4382 dicis
2468 4347 2481 4383 :
2526 4326 2644 4382 Non
2691 4326 2893 4384 sufﬁcit
2945 4328 3090 4383 enim
3137 4327 3345 4382 Pater?
3399 4325 3518 4381 Non
3579 4329 3706 4395 quia

2122 4435 2229 4475 non
2261 4419 2559 4475 suﬁiciebat
2588 4418 2772 4486 Pater,
2805 4421 2928 4474 ideo
2957 4420 3144 4490 genuit
3182 4418 3376 4473 Filium
3420 4436 3433 4472 :
3463 4420 3555 4472 sed
3587 4420 3711 4488 quia

430 4496 1055 4552 mescatzintremescat
1080 4507 1136 4551 et
1154 4496 1358 4567 lingua.
1381 4497 1492 4552 Non
1520 4500 1645 4569 quia
1663 4501 1830 4555 durus
1853 4501 2016 4568 Deus,
2049 4513 2095 4571 ι)
2123 4525 2230 4565 non
2280 4507 2620 4566 sumciebam
2669 4524 2732 4565 ea
2783 4525 2904 4581 qua;
2955 4511 3096 4564 facta
3143 4520 3270 4565 sum
3316 4507 3546 4564 suﬂerre
3606 4525 3710 4563 ηοιι

429 4592 524 4641 scd
547 4587 972 4656 supereminenti
991 4587 1232 4642 bonitate
1255 4598 1341 4642 est
1379 4589 1670 4644 timendus.
1693 4589 1784 4645 Sol
1811 4591 1912 4646 iste
1928 4594 2022 4647 ob-

428 4687 620 4733 scurat
640 4677 851 4746 oculos,
882 4695 989 4735 non
1015 4682 1142 4752 quia
1176 4680 1465 4746 obscurus,
1501 4682 1598 4736 sed
1628 4683 1754 4751 quia
1787 4683 2019 4740 multum

427 4781 513 4826 est
538 4771 741 4827 clarus.
761 4772 826 4827 Et
841 4773 981 4827 Deus
1010 4771 1303 4838 timendus,
1322 4773 1449 4842 quia
1470 4771 1694 4826 multum
1719 4783 1801 4828 est
1819 4772 2014 4829 bonus.

427 4865 621 4935 Cogita
654 4865 796 4937 apud
829 4874 880 4922 te
925 4865 1019 4936 qui
1067 4864 1143 4920 sis
1175 4865 1416 4921 humilis.
1463 4865 1580 4921 Non
1622 4867 1767 4920 enim
1815 4867 2016 4921 audisti

430 4967 557 5008 cum
588 4954 856 5010 dicentem
893 4973 910 5010 :
942 4952 1045 5008 Vos
1071 4969 1136 5008 ea:
1158 4953 1496 5023 inferioribus
1523 4957 1647 5010 estis
1669 4996 1685 5021 ,
1715 4972 1808 5026 ego
1842 4967 2016 5012 autem

431 5048 497 5099 de
525 5047 881 5116 superioribus
927 5062 1044 5100 sum
1097 5045 1192 5099 '"?
1237 5045 1372 5100 Nam
1428 5057 1685 5117 quantum
1733 5047 1928 5102 coelum
1989 5064 2018 5102 a

435 5148 581 5192 terra
614 5138 814 5206 distat,
845 5148 1053 5194 tantum
1085 5150 1136 5195 et
1171 5156 1200 5193 a
1233 5141 1389 5195 nobis
1416 5140 1576 5195 Deus.
1608 5139 1675 5193 Et
1708 5148 1857 5194 certe
1877 5141 2021 5194 scri-

435 5241 584 5300 ptum
613 5241 730 5287 est:
766 5231 1033 5297 Quantum
1074 5233 1233 5286 distat
1286 5231 1472 5286 caelum
1502 5250 1534 5285 a
1580 5242 1755 5298 terra,
1811 5243 2014 5286 tantum

435 5325 534 5379 viae
558 5343 686 5381 mete
716 5344 748 5380 a
778 5327 872 5380 viis
901 5327 1082 5380 vestris
1110 5327 1179 5379 ".
1212 5323 1286 5379 Ut
1312 5324 1382 5379 ad
1425 5340 1527 5380 nos
1573 5339 1673 5378 vox
1703 5323 1818 5377 haec
1871 5323 2014 5377 dicta

508 5423 556 5455 "
582 5420 740 5477 Joan.
772 5421 922 5488 r,18.
999 5421 1042 5454 ⁷⁸
1089 5419 1246 5476 Joan.
1276 5436 1394 5487 vni,
1430 5419 1520 5476 25.

437 5493 486 5525 ’⁸
516 5493 714 5563 Ephesi.
758 5509 832 5558 tv,
860 5493 950 5547 10.

511 5635 624 5703 (³79)
651 5636 750 5691 Ms.
795 5637 924 5700 Quae
947 5638 1054 5692 illis
1091 5647 1187 5691 est.

511 5707 626 5773 (δυ)
652 5707 1052 5770 Relinquantur.
1101 5707 1498 5770 Ἀπολείπεται,
1527 5715 1868 5773 superantur.

515 5778 626 5843 (8|)
657 5774 759 5827 Uui
792 5789 911 5828 nato
949 5793 1049 5831 non
1095 5780 1251 5830 cedit.
1301 5779 1611 5846 Lugendum
1667 5779 1880 5831 videtur
1926 5780 2014 5830 imi

1635 5419 1681 5450 ⁷⁸
1718 5417 1826 5474 lsa.
1856 5434 1956 5485 LV,
1985 5418 2037 5474 9.

2120 4602 2238 4657 nati
2273 4601 2552 4669 virtutem,
2596 4601 2720 4658 ideo
2748 4617 2847 4673 per
2876 4603 3232 4657 mediatorem
3276 4602 3537 4672 loquitur.
3570 4601 3714 4669 Qua-

2121 4706 2184 4747 re
2220 4710 2235 4747 :
2273 4693 2365 4762 qui
2395 4691 2508 4764 (82)
2539 4709 2644 4748 non
2673 4703 2985 4761 poteramus
3018 4693 3386 4765 prepinquare
3405 4708 3513 4750 non
3542 4705 3709 4749 noto:

2123 4799 2220 4854 per
2255 4786 2395 4838 viam
2447 4787 2612 4856 igitur
2645 4786 2918 4850 hortatur,
2957 4796 3014 4841 et
3062 4802 3158 4858 per
3185 4786 3409 4854 januatn
3442 4797 3627 4855 vocat,
3657 4797 3711 4842 et

2121 4889 2220 4943 per
2251 4873 2434 4930 lumen
2481 4877 2722 4930 adducit.
2777 4876 3043 4932 Mediator
3081 4889 3264 4931 autem
3297 4875 3492 4943 Filius,
3524 4886 3582 4932 et
3615 4893 3708 4947 po-

2127 4963 2276 5017 nitur
2299 4962 2385 5017 lex
2412 4982 2425 5018 :
2466 4966 2737 5020 mediator
2765 4964 2958 5030 Filius,
2987 4976 3043 5021 et
3066 4965 3368 5034 loquuntur
3394 4968 3705 5038 prophetae:

2127 5054 2399 5110 mediator
2445 5055 2635 5122 Filius,
2691 5067 2745 5112 et
2781 5059 3104 5129 praedicatur
3147 5056 3561 5114 Testamentum
3600 5058 3705 5114 No-

2128 5163 2252 5200 vum
2282 5161 2341 5203 et
2387 5149 2645 5220 impletur
2690 5149 2857 5206 Vetus
2898 5171 2911 5206 :
2961 5151 3229 5205 mediator
3258 5151 3455 5216 Filius,
3486 5162 3542 5206 et
3577 5152 3706 5206 ﬁunt

2125 5239 2340 5308 angeli:
2376 5242 2645 5296 mediator
2693 5241 2884 5307 Itilius,
2938 5249 2995 5295 et
3051 5249 3312 5295 creantur
3341 5243 3654 5312 archangeli
3686 5261 3699 5293 :

2124 5333 2393 5388 mediator
2421 5333 2618 5401 Filius,
2666 5344 2723 5389 et
2765 5345 2988 5390 creator
3036 5334 3214 5388 omnis
3249 5343 3486 5398 naturze,
3523 5346 3578 5388 et
3606 5351 3703 5404 gu-

2115 5423 2162 5455 ⁷³
2194 5427 2351 5484 Joan.
2383 5445 2494 5484 xvn
2519 5471 2535 5499 ,
2580 5431 2634 5484 5.
2713 5429 2758 5461 ⁷⁸
2791 5428 2944 5484 Joan.
2981 5443 3054 5482 xu
3075 5469 3088 5493 ,
3111 5426 3200 5482 28.
3233 5429 3279 5459 "
3311 5427 3508 5499 Philip.
3539 5444 3615 5494 ιι,
3647 5428 3696 5482 9.

2124 5655 2226 5693 non
2252 5649 2376 5694 nato
2404 5641 2557 5694 cedit.

2192 5712 2302 5781 (82)
2332 5712 2506 5776 Quare
2539 5727 2554 5763 .'
2587 5709 2699 5780 qui,
2745 5709 2784 5775 f.
2814 5707 3014 5777 quare?
3043 5706 3188 5776 quia,
3231 5715 3337 5764 etc.
