3810 6218
84 356 230 413 1057

938 341 1024 396 DE
1063 338 1219 394 FIDE
1257 284 1630 393 AD‘VERSUS
1673 331 2085 388 SABELLIUM.
2121 360 2189 370 ——
2227 330 2356 384 LIB.
2394 327 2464 382 l.‘

3212 320 3353 379 1058

73 480 367 537 bemator,
395 481 450 527 et
482 467 741 525 salvator.
772 462 889 519 Non
921 464 1067 518 enim
1104 459 1313 515 creavit
1334 466 1388 512 et
1419 456 1662 509 dimisit:
1697 459 1740 514 Α
1770 452 2026 520 quinetur
2061 449 2197 519 (85).
2231 448 2344 503 Viri
2378 457 2438 500 ιιι
2477 460 2597 500 sese
2622 444 2734 514 jam
2765 459 2871 497 non
2914 441 3154 496 incidam
3187 458 3200 492 :
3232 455 3355 491 tnu-

73 572 203 639 quia
243 583 349 622 non
390 566 510 620 sine
551 559 891 633 providentia
925 563 1053 610 sunt
1093 568 1214 622 qua
1242 560 1388 606 sunt.
1430 547 1548 603 Non
1577 556 1663 600 est

76 661 339 728 tatigatus
364 654 589 709 faciens.
611 649 806 719 Neque
835 656 895 702 ut
919 642 1184 706 volatilia,
1215 650 1273 694 ut
1298 640 1471 709 pisces
1496 649 1663 707 gene-

80 727 211 804 rant
252 742 841 819 quidem,relinquunt
869 746 1073 792 autem.
1124 734 1190 788 Et
1217 742 1368 787 certe
1419 744 1518 784 nec
1561 727 1661 781 ista

79 848 350 912 generant
396 844 452 892 et
485 833 767 889 dimittunt
805 848 819 886 :
865 828 959 884 sed
1002 826 1206 881 habent
1235 821 1577 893 diligentiam
1610 824 1668 871 et

80 940 337 1004 pascunt.
377 929 434 982 Si
470 927 635 997 igitur
671 925 775 980 ista
814 923 910 985 ita,
945 920 1117 973 multo
1156 915 1329 985 magis
1364 928 1463 982 per
1501 925 1663 980 quem

80 1032 272 1078 creata
302 1028 427 1075 sunt
456 1016 660 1079 omnia,
680 1028 778 1084 per
811 1013 976 1067 istum
1000 1008 1182 1063 omnia
1212 1015 1266 1062 et
1295 1005 1668 1074 gubernantur

79 1125 136 1169 et
184 1119 486 1182 pascuntttr
531 1125 546 1162 :
593 1120 700 1161 non
733 1111 963 1158 vacante
1007 1100 1192 1162 Patre,
1222 1099 1315 1151 sed
1348 1101 1664 1149 annuente:

81 1214 369 1261 annuente
415 1212 622 1265 autem,
656 1213 762 1252 non
807 1195 1003 1259 oculis,
1053 1193 1147 1246 sed
1184 1201 1241 1243 ut
1279 1191 1435 1243 decet
1485 1187 1667 1238 incor-

83 1296 360 1367 poralem,
392 1295 466 1348 ita
491 1291 681 1346 annuit
712 1301 771 1343 ut
806 1288 905 1357 ipsi
936 1288 1191 1339 decorum
1227 1289 1329 1334 est.
1370 1277 1544 1331 Filius
1569 1290 1668 1327 au-

83 1366 198 1443 tem
234 1385 484 1456 agnoscit
517 1393 575 1437 ut
608 1382 805 1437 Filium
852 1382 1007 1433 decet
1040 1394 1053 1429 :
1102 1388 1266 1442 opera
1312 1378 1492 1424 autem
1534 1366 1672 1419 ﬁunt

88 1490 152 1533 ut
181 1479 346 1534 Pater
372 1478 512 1540 vult,
548 1486 602 1529 et
634 1473 804 1527 Filius
831 1470 1128 1524 ministrat.
1159 1465 1287 1519 Haec
1323 1478 1422 1516 nos
1453 1467 1672 1528 oporte-

90 1578 187 1628 bat
235 1572 439 1626 dicere.
480 1568 593 1622 lmo
626 1581 816 1621 omnes
848 1579 914 1618 ex
953 1561 1253 1629 Scripturis
1296 1556 1501 1625 legere.
1540 1550 1671 1617 Quis

88 1666 239 1719 enim
268 1678 388 1717 sum
422 1663 558 1732 ego?
590 1659 719 1728 quid
751 1658 924 1711 habeo
951 1652 1092 1724 quod
1126 1667 1231 1705 non
1284 1646 1511 1715 accepi?
1545 1642 1673 1698 Om-

92 1758 185 1811 nia
214 1755 362 1810 enim
400 1755 466 1807 ab
498 1767 625 1815 uno,
656 1760 707 1804 et
740 1763 835 1818 per
874 1761 1038 1801 unum
1074 1754 1241 1808 sunt;
1284 1749 1339 1793 et
1377 1753 1499 1808 quae
1532 1735 1671 1789 facta

1772 543 1937 597 lieres
1965 550 2022 595 ut
2055 556 2163 594 non
2189 540 2257 593 ad
2284 537 2540 607 iniuriam
2573 536 2921 590 deludantur.
2960 532 3146 595 Tauri,
3174 528 3352 596 vituli,

1770 642 1829 688 ut
1883 647 1990 688 non
2023 632 2175 685 varie
2221 628 2614 684 comburantur
2662 625 2796 695 (84).
2860 625 3076 686 Vinum,
3129 631 3187 674 ut
3244 636 3353 674 non

1771 726 1889 782 sine
1919 739 2084 779 causa
2115 723 2339 777 libetur.
2371 720 2567 783 Terra,
2614 733 2785 783 mare,
2819 725 2879 769 ut
2917 731 3023 769 non
3055 711 3355 768 immutatis

1772 815 2086 870 nominibus
2119 813 2419 867 adorentur
2464 828 2479 865 :
2525 809 2701 864 onmis
2745 807 2889 860 enim
2938 815 3132 859 natura
3166 813 3356 857 conta-

1774 908 1980 960 minata
2036 914 2170 960 est:
2220 904 2399 958 omnis
2458 911 2714 957 creatura
2774 897 3045 953 deiﬁeata.
3103 892 3208 947 Sed
3247 906 3352 945 non

1773 996 2024 1067 despexit
2076 997 2121 1049 is
2151 1011 2247 1064 per
2279 1009 2439 1064 quem
2496 1000 2552 1047 et
2602 992 2746 1045 facta
2794 998 2942 1044 sunt.
3000 986 3161 1043 Venit
3207 984 3353 1038 enim

1774 1090 1865 1159 qui
1917 1089 2261 1156 contingeret
2314 1101 2464 1139 sua:
2513 1084 2660 1137 venit
2715 1083 2805 1151 qui
2856 1080 3053 1134 malum
3084 1091 3354 1132 venenum

1776 1180 2017 1236 auferret
2058 1195 2073 1233 :
2118 1180 2265 1233 venit
2311 1179 2483 1246 ipsius
2539 1179 2666 1230 vitae
2720 1174 3080 1229 medicamen.
3111 1172 3357 1227 Mortuus

1774 1282 1856 1328 est
1889 1282 1945 1325 ut
1965 1271 2242 1325 occideret
2291 1278 2522 1323 mortem
2552 1285 2566 1321 :
2596 1268 2990 1321 condemnatus
3016 1273 3099 1319 est
3134 1274 3191 1315 ut
3220 1275 3356 1314 ron-

1774 1366 2062 1420 damnaret
2089 1360 2481 1429 corruptelam.
2511 1359 2820 1413 Coronatns
2849 1367 2932 1413 est
2960 1356 3149 1425 spinis,
3173 1364 3231 1407 ut
3255 1366 3356 1406 nos

1777 1473 1882 1511 non
1940 1455 2264 1509 haberemus
2315 1453 2501 1521 spinas
2541 1469 2553 1505 :
2596 1450 2835 1518 suscepit
2888 1447 3228 1500 maledictum
3263 1457 3358 1511 per

1776 1563 2015 1611 crucem,
2062 1556 2118 1600 ut
2152 1561 2253 1599 nos
2298 1545 2700 1612 susciperemus
2735 1542 3167 1595 benedictionem
3205 1551 3358 1588 mttu-

1778 1640 1921 1694 dam.
1957 1637 2073 1691 Non
2106 1652 2327 1707 possunt
2355 1636 2538 1688 dicere
2561 1643 2822 1703 quantum
2852 1632 3024 1701 sapio.
3061 1628 3174 1682 Non
3226 1641 3349 1695 pos-

1780 1747 1898 1787 sum
1952 1745 2144 1800 sapere
2203 1739 2464 1798 quantum
2534 1726 2790 1796 possibile
2842 1734 2945 1778 est.
3014 1721 3069 1776 Si
3126 1732 3358 1788 sapuero

94 1858 247 1910 sunt,
279 1855 334 1899 et
378 1858 499 1913 quae
531 1853 679 1896 recte
713 1842 991 1894 dicuntur.
1034 1835 1243 1902 Quanta
1286 1845 1419 1886 sane
1456 1826 1673 1883 miseri-
1705 1845 1749 1899 Β
1779 1832 2046 1893 quantum
2104 1820 2361 1891 possibile
2410 1828 2526 1883 eSt,
2584 1833 2689 1871 non
2754 1802 3012 1886 pervenio
3065 1822 3123 1867 ut
3182 1811 3358 1864 dicam

94 1940 288 1995 cordia
338 1946 420 1992 est
471 1935 603 1988 Dei?
646 1934 831 2002 genuit
881 1930 1100 1995 Filium,
1146 1927 1271 1997 quia
1316 1925 1491 1978 bonus
1535 1929 1618 1975 est
1656 1938 1668 1973 :

95 2029 310 2085 creavit
343 2028 596 2082 universa
653 2042 747 2093 per
799 2024 996 2093 ipsum,
1043 2021 1169 2089 quia
1220 2016 1536 2072 benefactor
1566 2020 1671 2068 est.

95 2121 417 2177 Erravimus
442 2131 497 2173 et
527 2134 631 2171 non
659 2117 930 2186 despexit,
955 2114 1264 2169 cecidimus
1295 2119 1350 2164 et
1373 2124 1478 2161 non
1521 2119 1674 2175 spre-

96 2219 205 2282 vit,
238 2216 330 2271 sed
367 2215 512 2269 misit
552 2211 749 2265 Filium
798 2225 955 2265 suum
995 2206 1363 2266 obedientem,
1400 2209 1458 2253 ut
1503 2198 1677 2254 salva-

99 2319 191 2365 ret
240 2307 511 2362 hominem
544 2302 967 2357 inobedientem.
1010 2298 1156 2352 Misit
1188 2296 1318 2371 ‘sine
1351 2301 1593 2362 peccato,
1619 2298 1680 2343 ut

103 2407 393 2455 revocaret
422 2410 543 2449 eum
574 2393 666 2463 qui
695 2398 1016 2462 peccaverat
1046 2406 1059 2442 :
1100 2386 1248 2441 misit
1285 2385 1481 2439 Filium
1521 2396 1677 2435 suum

101 2492 396 2546 facientem
446 2487 663 2557 placita,
718 2493 776 2537 ut
806 2482 1045 2538 salvaret
1078 2493 1294 2534 servum
1326 2475 1549 2531 obedire
1584 2488 1681 2526 no-

102 2585 335 2639 lentem.
371 2581 515 2635 Misit
551 2576 841 2647 justitiam,
890 2582 949 2627 ut
982 2571 1293 2626 auferretur
1339 2576 1623 2638 peccatum
1662 2581 1675 2619 :

104 2675 264 2731 misit
291 2673 481 2732 vitam,
513 2682 570 2723 ut
601 2683 748 2723 mors
789 2674 1118 2721 moreretur.
1158 2661 1304 2715 Misit
1337 2660 1425 2729 qui
1463 2675 1491 2712 a
1519 2673 1601 2722 se,
1626 2665 1684 2710 ut

104 2767 456 2824 salvarentur
479 2763 567 2833 qui
596 2768 753 2814 erant
784 2773 849 2813 ex
881 2756 1120 2810 homine.
1156 2752 1300 2807 Misit
1337 2766 1460 2805 eum
1488 2750 1580 2819 qui
1614 2763 1682 2802 ex

106 2858 359 2927 Virgine,
398 2864 455 2908 ut
503 2851 844 2906 salvarentur
887 2847 921 2901 ii
970 2846 1061 2916 qui
1098 2858 1166 2900 ex
1196 2842 1422 2897 muliere
1468 2840 1685 2894 fuerant

108 2949 332 3021 perditi.
382 2946 523 3000 Misit
559 2946 609 2999 in
650 2944 822 3013 ﬁgura
863 2940 993 3003 viri,
1028 2946 1083 2991 ut
1129 2936 1434 2991 salvaretur
1466 2931 1556 3003 qui
1591 2946 1687 2999 pe-

110 3044 287 3095 rierat
329 3037 434 3090 vir.
466 3036 600 3091 Cum
650 3029 956 3087 latronibus
992 3028 1175 3099 ﬁgitur
1213 3024 1383 3089 cruci,
1417 3032 1477 3076 ut
1524 3035 1686 3090 para-

109 3134 267 3187 disus
307 3140 360 3184 et
392 3124 699 3182 latronibus
746 3122 1068 3192 aperiretur.
1104 3117 1293 3189 Cogita
1344 3115 1685 3185 dignitatem,

1781 1925 2016 1986 quantus
2046 1924 2152 1970 est.
2182 1912 2570 1967 lnenarrabilis
2599 1910 2743 1964 enim
2794 1917 2849 1961 et
2896 1901 3360 1974 incomprehensi-

1783 2011 1908 2066 bilis
1934 2008 2094 2062 Pater
2121 2016 2228 2062 est.
2255 2003 2403 2059 Talis
2430 2014 2613 2057 autem
2643 2012 2696 2056 et
2743 2000 2915 2055 Filius
2946 1998 3114 2067 ipsius
3158 1996 3357 2050 Patris.

1784 2103 1841 2158 Si
1868 2102 2013 2156 enim
2052 2099 2121 2154 ob
2152 2099 2232 2152 sui
2266 2096 2695 2151 misericordiam
2729 2108 2825 2146 nos
2852 2091 3164 2159 assumpsit,
3215 2089 3358 2142 inte-

1784 2190 1984 2243 rimere
2015 2202 2137 2241 eum
2167 2185 2423 2238 debemus
2448 2184 2538 2254 qui
2567 2199 2662 2237 nos
2694 2182 2908 2237 salvat?
2936 2181 3062 2250 quid
3097 2181 3202 2234 hoc
3232 2178 3360 2232 mali

1784 2292 1867 2337 est
1900 2281 1972 2334 ita
2024 2279 2270 2334 homines
2304 2276 2371 2330 de
2399 2276 2537 2329 Filio
2569 2273 2809 2328 sentire?
2866 2271 3080 2326 Maneat
3115 2281 3172 2323 ut
3219 2279 3357 2334 erat,

1786 2382 1841 2427 et
1886 2373 1939 2424 in
1985 2381 2213 2434 corpore
2246 2377 2300 2420 et
2338 2367 2390 2418 in
2425 2363 2691 2432 przesepio
2736 2380 2751 2417 :
2792 2362 2922 2415 nihil
2969 2360 3171 2414 humile
3203 2359 3268 2413 de
3295 2373 3361 2414 eo

1787 2462 2015 2526 sentias,
2044 2460 2133 2528 qui
2173 2470 2223 2511 te
2250 2456 2530 2521 exaltavit,
2576 2452 2709 2507 nihil
2740 2452 3010 2519 ahjectum
3050 2460 3144 2503 aut
3175 2450 3364 2504 incon-

1789 2588 2005 2645 gruum.
2040 2569 2157 2624 Noli
2190 2580 2447 2637 Spernere
2478 2564 2818 2619 Salvatorem
2852 2572 3023 2615 tuum.
3053 2560 3110 2615 Si
3142 2559 3364 2629 quidem

1789 2665 2003 2722 etiamsi
2033 2664 2198 2717 verbo
2244 2676 2365 2715 eum
2415 2656 2703 2712 bumiliare
2743 2654 2997 2716 volueris,
3031 2663 3222 2705 natura
3257 2667 3363 2706 non

1793 2756 2123 2813 transfertur
2152 2755 2219 2807 ad
2270 2761 2412 2805 tuam
2465 2751 2725 2818 linguam.
2776 2748 2832 2800 Si
2870 2754 3049 2798 autem
3095 2754 3148 2798 et
3199 2745 3367 2798 abne-

1792 2846 2101 2920 gaverimus
2131 2858 2274 2907 eum,
2312 2842 2424 2907 ipse
2456 2839 2628 2894 ﬁdelis
2659 2847 2841 2891 manet
2867 2845 2922 2890 et
2954 2851 3150 2907 negare
3176 2849 3234 2888 se
3258 2848 3366 2888 non

1794 2948 1971 3012 potest
2002 2957 2017 2993 :
2050 2940 2152 2992 hoc
2179 2946 2285 3002 est,
2328 2950 2355 2987 a
2380 2933 2599 3003 propria
2637 2943 2829 2985 natura
2863 2946 2967 2984 non
3003 2929 3230 2983 excidit.
3258 2926 3367 2983 lstc

1794 3033 1950 3090 nobis
1994 3032 2157 3086 Pater
2187 3045 2290 3083 non
2328 3038 2485 3082 natus
2530 3034 2637 3091 est,
2666 3038 2805 3079 unus
2847 3023 2995 3078 solus
3025 3038 3130 3076 non
3182 3030 3363 3087 natus,

1797 3139 1901 3178 non
1935 3124 2002 3177 ab
2032 3121 2159 3184 alio,
2194 3134 2292 3174 nec
2324 3131 2391 3172 ex
2422 3117 2548 3169 alio.
2595 3113 2747 3183 Saape
2777 3114 2898 3167 dico
2940 3114 3147 3167 eadem.
3181 3111 3367 3180 Siqui-

109 3238 168 3280 et
193 3224 401 3279 aestima
430 3215 858 3291 magnitudinem
885 3214 1090 3284 gratiae.
1110 3211 1189 3264 Me
1207 3211 1350 3264 enim
1372 3224 1433 3261 ex
1466 3206 1691 3259 muliere
1718 3200 1760 3259 C
1795 3216 1913 3269 dem
1945 3221 1999 3267 et
2023 3210 2259 3266 Joannes
2289 3208 2379 3278 qui
2412 3209 2476 3261 de
2504 3205 2644 3261 Filio
2669 3206 2810 3259 dixit
2834 3205 2891 3257 in
2929 3204 3189 3272 principio
3227 3212 3367 3267 erat,

114 3317 289 3377 nasci,
320 3322 413 3367 aut
462 3322 533 3375 te,
579 3325 687 3363 non
724 3321 884 3376 supra
931 3312 1182 3356 naturam
1219 3307 1321 3354 est.
1367 3296 1694 3350 Manducare

113 3417 212 3461 aut
239 3408 441 3467 bibere,
464 3402 704 3457 dormire
730 3409 780 3452 et
817 3409 1060 3465 surgere,
1080 3404 1132 3446 et
1166 3392 1218 3445 in
1252 3388 1515 3459 praesepio
1541 3384 1690 3456 poni,

115 3501 252 3555 nihil
279 3498 401 3553 novi
427 3498 469 3552 si
510 3494 758 3550 homines
785 3505 846 3543 ea
869 3504 989 3559 qua:
1011 3496 1139 3543 sunt
1171 3485 1446 3540 hominum
1473 3479 1693 3550 patiun-

118 3606 229 3647 tur.
262 3592 399 3657 Quid
424 3599 603 3643 autem
633 3602 854 3648 novum,
878 3583 1007 3652 quid
1032 3576 1369 3640 admirabile,
1396 3572 1524 3642 quid
1553 3586 1691 3640 prat-

114 3687 364 3755 cipuum,
403 3682 534 3752 quid
577 3691 821 3734 nostrum
850 3676 1090 3729 debitum
1124 3666 1515 3739 irrepeusabile
1546 3662 1695 3716 Deo?

119 3779 223 3846 Qui
266 3777 410 3830 misit
445 3776 583 3829 Deus
614 3771 811 3825 Filium
843 3782 1025 3830 suum,
1059 3765 1207 3818 misit
1234 3762 1403 3816 Pater.
1437 3755 1696 3824 Unigeni-

122 3885 261 3937 tum,
299 3870 446 3923 misit
476 3883 580 3921 non
614 3874 773 3919 natus
804 3858 1141 3930 progeniem,
1179 3853 1325 3908 misit
1352 3849 1694 3905 obedientem

123 3969 324 4028 bonus,
360 3961 513 4015 misit
550 3957 819 4028 justitiam
862 3954 953 4023 qui
982 3951 1185 4020 genuit.
1214 3945 1325 4002 Cur
1354 3941 1539 3998 misit?
1573 3953 1698 4009 pro-

122 4066 246 4127 pter
300 4062 638 4124 peccatores.
694 4046 805 4102 Cur
854 4042 1043 4097 misit?
1093 4048 1317 4109 propter
1369 4036 1542 4090 Adam
1603 4029 1697 4099 qui

122 4124 441 4203 mandatum
475 4142 822 4212 contempsit.
852 4137 1015 4192 Venit
1044 4148 1174 4204 ergo
1213 4131 1303 4201 qui
1355 4126 1593 4183 obedivit
1630 4124 1698 4178 ad

125 4244 244 4297 lucc
278 4258 293 4292 :
328 4250 386 4293 et
419 4237 695 4307 judicatur
720 4233 886 4301 judex
915 4230 984 4283 ob
1012 4227 1432 4281 condemnatum
1468 4236 1482 4272 :
1522 4215 1699 4271 cruci-

125 4335 314 4404 ﬁgitur
341 4331 445 4385 vita
468 4345 566 4400 pro
592 4337 806 4381 mortuo
838 4342 851 4377 :
875 4329 1174 4376 coronatur
1196 4314 1366 4384 spinis
1391 4309 1694 4381 gloriosus:

125 4390 266 4481 bibit
301 4422 391 4486 fel,
428 4390 546 4474 fdus
584 4418 777 4472 dulcis.
810 4412 948 4481 Quid
1002 4409 1339 4465 inveniemus
1382 4403 1449 4455 ad
1501 4413 1698 4469 reprae-
1730 4390 1746 4417 ’

1793 3320 1903 3360 non
1959 3304 2145 3369 tacuit,
2194 3301 2288 3356 sed
2335 3299 2649 3369 frequenter
2706 3298 2807 3361 ait,
2862 3296 3015 3350 Erat.
3046 3295 3184 3361 Quid
3226 3295 3370 3349 enim

1793 3394 1938 3449 aliud
1991 3404 2045 3448 et
2100 3390 2321 3446 deberet
2373 3388 2521 3443 dici?
2569 3386 2773 3441 Domus
2834 3384 2964 3439 Dei?
3009 3385 3370 3453 quodcunque

1793 3483 2093 3538 dixerimus
2124 3489 2229 3547 est,
2258 3479 2401 3548 quod
2434 3493 2541 3533 non
2577 3477 2642 3532 de
2672 3475 2811 3531 Filio
2833 3486 2915 3529 est
2945 3492 2957 3529 :
2986 3474 3219 3528 alienum
3252 3474 3368 3544 (85)

1795 3592 1826 3631 a
1856 3578 1945 3631 die
1970 3584 2070 3630 est.
2123 3574 2359 3642 Spiritus
2404 3572 2456 3625 in
2508 3571 2687 3626 medio
2729 3579 2974 3623 nostrum
3006 3576 3088 3622 est
3124 3584 3139 3620 :
3185 3566 3229 3621 si
3262 3582 3368 3619 non

1796 3667 2062 3737 spiritalia
2085 3667 2249 3719 locuti
2281 3663 2567 3726 fuerimus,
2605 3661 2997 3717 contristamus
3038 3658 3285 3728 spiritum
3315 3659 3369 3711 itt

1795 3777 1902 3831 quo
1955 3760 2149 3829 signati
2204 3773 2409 3812 sumus.
2470 3755 2655 3813 Gloria
2712 3753 2831 3818 Dei,
2866 3753 3069 3807 veritas
3110 3752 3229 3815 Dei,
3262 3766 3368 3804 non

1795 3854 1991 3924 quaerit
2017 3869 2047 3904 a
2089 3862 2140 3905 te
2170 3851 2375 3915 laudes,
2407 3850 2502 3904 sed
2533 3864 2631 3903 nec
2658 3846 2725 3901 ab
2749 3846 2975 3917 angelis.
3016 3844 3132 3899 Non
3161 3845 3279 3898 dico
3312 3854 3373 3897 ut

1796 3962 1826 3999 a
1864 3956 1934 4009 te,
1967 3944 2058 3998 sed
2087 3942 2282 4013 quaerit
2319 3957 2349 3995 a
2403 3951 2456 3996 te
2501 3951 2560 3994 ut
2610 3954 2877 4010 agnoscas
2910 3953 3031 3993 eum
3071 3956 3084 3992 :
3116 3938 3373 4005 prodesse

1796 4038 1941 4093 enim
1976 4036 2024 4091 ei
2056 4047 2233 4105 potes,
2268 4034 2312 4089 si
2344 4048 2469 4088 eum
2513 4032 2834 4102 agnoveris?
2885 4042 2977 4085 aut
3012 4031 3203 4086 lumini
3241 4045 3372 4101 pro-

1796 4130 1935 4195 deSt,
1966 4141 2091 4184 cum
2141 4127 2328 4181 vides?
2356 4135 2415 4179 ιιι
2442 4127 2686 4180 dicamus
2714 4126 2840 4195 quia
2880 4134 2929 4179 et
2963 4125 3072 4179 Deo
3114 4123 3373 4194 prodesse

1796 4230 1997 4292 petest.
2053 4221 2193 4275 Deus
2237 4218 2382 4272 enim
2414 4217 2524 4272 vult
2578 4228 2629 4272 te
2659 4230 2955 4288 agnoscere
2987 4230 3065 4271 se.
3115 4214 3370 4285 Cognitio

1797 4337 1942 4391 enim
1994 4335 2087 4390 Dei
2133 4346 2335 4389 aeterna
2375 4335 2483 4389 vita
2528 4343 2645 4400 est;
2698 4347 2804 4387 non
2842 4331 2975 4396 Deo,
3023 4331 3117 4385 sed
3165 4330 3249 4384 his
3278 4331 3369 4398 qui

1799 4436 2154 4499 cognoscunt.
2206 4427 2281 4481 lta
2310 4429 2454 4483 enim
2496 4435 2551 4482 et
2588 4426 2848 4481 Dominus
2879 4425 3215 4494 pronuntiat.
3240 4421 3369 4477 Hac

123 4514 487 4575 semandu'“?
521 4510 791 4581 q"°“'°d°
838 4520 1058 4577 agemus
1111 4501 1315 4597 gratia?
1329 4498 1352 4552 ?
1382 4496 1498 4597 N_°"
1544 4492 1694 4597 εἶφ’
1728 4541 1773 4597 ι)
1801 4531 1874 4575 est
1904 4531 2082 4575 autem
2112 4520 2219 4573 vita
2246 4529 2465 4586 (eterna,
2498 4526 2555 4571 ut
2584 4492 2898 4587 cognoscant
2930 4527 2977 4568 te
3001 4514 3171 4569 solum
3196 4530 3369 4567 verum

122 4614 276 4668 ciunt
307 4609 499 4677 lingua:
529 4616 874 4667 nostrae,non
908 4595 1263 4664 ora,etiamsi
1294 4590 1497 4645 fuerint
1527 4588 1692 4642 mille.

122 4703 243 4757 Non
272 4698 563 4755 suﬁicimus
608 4712 730 4759 nos,
768 4692 1048 4761 adjutores
1072 4700 1401 4759 quaaramus.
1430 4681 1698 4750 Adjuvent

126 4810 227 4850 nos
259 4794 433 4863 angeli
469 4810 483 4846 :
529 4791 809 4844 nobiscum
852 4786 1084 4857 gratiam
1117 4782 1346 4838 reddant
1379 4786 1435 4831 et
1466 4778 1699 4831 archan-

127 4887 257 4956 geli,
313 4899 371 4939 ut
428 4893 484 4938 et
528 4882 630 4953 ipsi
688 4879 978 4952 gaudeant.
1032 4874 1091 4929 Si
1131 4873 1349 4943 quidem
1409 4878 1464 4924 et
1517 4866 1697 4921 omnis

124 4990 383 5035 creatura
442 4988 632 5047 parata
671 4982 775 5031 est.
819 4972 1061 5026 l‘arturit
1092 4969 1236 5024 enim
1278 4975 1333 5021 et
1391 4959 1697 5033 ingemiscit

125 5082 185 5129 ct
216 5080 495 5140 exspectat
528 5077 766 5123 nostram
802 5066 1052 5128 salutem,
1098 5071 1158 5115 ut
1188 5068 1242 5114 et
1284 5058 1399 5127 ipsa
1435 5056 1699 5109 liberetur

128 5180 163 5219 a
195 5165 398 5219 dolore.
434 5161 718 5216 Liberatur
746 5158 892 5213 enim
921 5166 976 5211 et
1013 5154 1093 5209 sol
1122 5167 1190 5206 ne
1217 5151 1355 5205 ultra
1396 5148 1653 5202 adoretur
1681 5162 1695 5199 :

130 5270 188 5315 et
246 5259 394 5323 luna,
456 5273 525 5312 ne
585 5257 702 5326 ipsa
753 5252 1115 5310 calumnietur
1145 5266 1175 5304 a
1228 5248 1481 5302 deitate:
1528 5242 1701 5300 stella:

127 5355 320 5417 etiam,
368 5361 426 5405 ut
472 5366 576 5404 non
607 5346 1045 5403 contaminentur
1088 5342 1281 5397 hostiis
1315 5360 1327 5395 :
1363 5350 1420 5394 ut
1446 5341 1557 5409 jam
1592 5353 1701 5392 non

128 5445 275 5500 male
326 5443 591 5498 conﬁetur
640 5449 922 5511 argentum
976 5457 989 5492 :
1041 5452 1255 5503 aurum,
1292 5446 1350 5491 ut
1396 5450 1503 5491 non
1551 5435 1701 5491 coin-

204 5559 252 5592 "
289 5556 444 5613 Joan.
478 5572 612 5622 xvn,
641 5555 695 5610 ὅ.
771 5553 861 5608 ⁷⁸1
893 5552 1034 5608 Tim.
1055 5568 1131 5621 vt,
1166 5552 1254 5609 l6.

204 5673 319 5798 (83‘)
352 5672 452 5728 Ms.
480 5669 747 5731 Canﬂetur
771 5680 1064 5742 argentum,
1090 5686 1300 5740 aurum,
1336 5681 1392 5727 ut
1423 5687 1526 5728 non
1551 5673 1699 5729 coin-

204 5760 289 5800 me
315 5759 394 5798 ur.

128 5762 394 5818 qumemr.

1801 4614 1989 4675 Deum,
2025 4625 2071 4667 et
2120 4629 2273 4682 quem
2325 4613 2518 4666 misisti
2561 4610 2745 4664 Jesum
2782 4607 3050 4663 Christum
3083 4607 3151 4661 ".
3201 4606 3374 4659 Verus

1802 4705 1945 4760 Deus
1987 4715 2072 4759 est
2124 4705 2286 4760 Pater
2331 4704 2385 4758 in
2440 4718 2505 4758 eo
2547 4702 2691 4772 quod
2744 4717 2848 4755 non
2886 4710 3044 4754 natus
3071 4708 3173 4754 est.
3204 4696 3375 4752 Verus

1802 4796 1974 4852 Filius
2002 4806 2084 4853 est
2108 4801 2161 4850 in
2186 4811 2250 4852 eo
2276 4797 2417 4865 quod
2448 4805 2529 4851 est
2559 4793 2883 4864 unigenitus.
2920 4790 3035 4845 Non
3055 4790 3198 4845 enim
3223 4805 3375 4844 men-

1805 4890 2019 4946 dacium
2063 4889 2245 4956 genuit
2276 4902 2455 4941 verus.
2508 4883 2615 4939 Sed
2662 4899 2823 4939 verus
2874 4881 3039 4937 Pater
3074 4881 3215 4935 Deus
3264 4894 3372 4933 nun

1807 4992 1966 5036 natus
1999 4999 2013 5035 :
2043 4996 2200 5035 verus
2243 4978 2384 5032 Deus
2412 4976 2582 5032 Filius
2625 4975 2957 5045 unigenitus.
2997 4971 3131 5027 Nam
3162 4982 3218 5027 et
3244 4971 3374 5026 illud

1805 5070 1949 5138 quod
2000 5070 2199 5124 dictutn
2247 5078 2377 5122 est:
2420 5066 2575 5120 Solus
2626 5064 2779 5118 habet
2828 5061 3278 5117 immortalitatem
3302 5059 3370 5126 ⁷³,

1804 5177 1993 5217 verum
2024 5170 2125 5217 est.
2154 5162 2199 5214 Α
2225 5160 2518 5227 semetipso
2550 5157 2696 5212 enim
2726 5157 2873 5212 solus
2906 5156 3085 5209 habet.
3112 5152 3216 5208 Sed
3266 5152 3374 5208 sic-

1807 5268 1868 5315 ut
1914 5255 2074 5310 Pater
2107 5254 2275 5307 vitam
2327 5251 2489 5306 habet
2516 5250 2572 5304 in
2621 5249 2911 5317 semetipso
2964 5268 2977 5301 :
3015 5247 3086 5300 ita
3132 5255 3186 5299 et
3233 5243 3373 5299 Filio

1810 5350 1960 5407 dedit
1989 5348 2152 5402 vitam
2205 5345 2405 5400 habere
2455 5343 2508 5397 in
2560 5341 2873 5409 semetipso.
2905 5336 3056 5393 Unus
3087 5350 3216 5405 ergo
3266 5350 3373 5389 non

1808 5451 1992 5511 natus,
2028 5450 2084 5496 et
2130 5452 2268 5513 unus
2309 5436 2643 5505 unigenitus,
2686 5440 2742 5487 et
2788 5446 2927 5487 unus
2973 5430 3208 5501 Spiritus
3245 5442 3376 5485 san-

1880 5668 1992 5736 (84)
2031 5666 2131 5724 Ms.
2163 5664 2228 5721 Ut
2262 5683 2364 5720 non
2396 5682 2524 5721 vane
2557 5665 2940 5736 comburatur.‘

1881 5734 1991 5804 (85)
2031 5738 2075 5792 Α
2099 5740 2182 5794 die
2213 5748 2307 5793 est.
2336 5736 2500 5794 Forte
2526 5754 2558 5791 a
2582 5734 2689 5789 Deo
2711 5743 2810 5789 est.
