3810 6218
480 309 620 372 1059

1186 310 1450 367 EUSEBII
1488 309 1970 368 CAESARIENSIS
2005 311 2154 366 OPP.
2197 311 2378 366 PARS
2416 311 2508 366 IV.
2547 343 2619 351 ——
2658 310 3081 367 DDGMATICA.

3611 311 3732 368 1060

477 441 619 486 ctus.
638 427 760 482 Haec
777 425 910 479 dicit
927 441 1028 478 una
1062 424 1300 478 Ecclesia
1324 442 1338 477 :
1361 424 1464 478 hoc
1487 424 1847 492 consignatur
1884 423 1938 476 in
1968 438 2074 478 uno
2102 430 2152 486 Α
2177 425 2509 481 sentiantur.
2541 423 2651 479 Ista
2678 424 2823 478 enim
2848 433 2936 476 est
2965 433 3170 477 aeterna
3194 424 3325 476 vita.
3353 420 3412 476 lu
3437 421 3529 476 bis
3549 424 3735 479 erimus

479 521 750 590 baptismo
779 536 793 572 :
822 518 936 570 haec
967 516 1169 584 scripta
1193 525 1322 568 sunt
1352 516 1406 568 in
1439 515 1702 584 sanguine
1731 525 2057 584 martyrum,

476 621 534 667 et
558 622 684 664 ante
721 618 992 678 martyres
1039 608 1090 660 in
1122 605 1386 675 sanguine
1423 605 1650 659 Christi.
1688 602 1802 658 Nec
1834 619 2060 674 spernas

476 704 596 772 ejus
652 701 971 771 sanguinem
998 698 1143 767 quod
1183 698 1259 750 tui
1313 707 1536 766 propter
1573 695 1776 751 eﬂ'usus
1806 705 1890 750 est
1921 696 2056 765 (86).

478 795 678 850 Eﬂ'udit
714 795 858 849 enim
891 807 1047 846 suum
1084 790 1403 861 sanguinem
1447 788 1706 844 Dominus
1736 799 1794 842 ut
1818 789 2058 841 salvare-

476 891 577 953 ris,
612 897 668 943 et
698 898 753 940 tu
788 885 956 940 audes
985 901 1048 939 ea
1079 885 1259 938 delere
1296 898 1417 952 qua:
1454 896 1552 950 per
1577 881 1899 952 sanguinem
1931 889 2058 935 sunt

475 979 718 1050 scripta?
752 979 844 1032 sed
871 978 1013 1047 quod
1046 991 1142 1047 per
1169 975 1486 1045 sanguinem
1513 975 1775 1043 scriptum
1805 985 1909 1039 εει,
1948 989 2054 1027 non

475 1073 708 1126 deletur.
739 1071 875 1125 Vide
903 1084 1036 1124 sane
1067 1084 1136 1123 ne
1164 1077 1220 1122 et
1262 1078 1320 1122 tu
1367 1068 1433 1122 de
1467 1055 1606 1121 libro
1648 1067 1770 1120 vita:
1798 1067 2048 1122 delearis.

478 1163 654 1216 Adora
686 1177 854 1224 unum
908 1177 1015 1216 non
1063 1172 1272 1222 uatum,
1313 1171 1369 1214 et
1400 1176 1563 1213 unttm
1601 1161 1958 1229 unigenitum,
1989 1174 2057 1214 ne

370 1244 380 1255 ’
475 1270 704 1324 spernas
731 1269 895 1309 unum
926 1253 1201 1321 spiritum.
1241 1253 1420 1307 Adora
1457 1252 1696 1316 Patrem,
1728 1261 1784 1306 et
1825 1254 2057 1308 salvabit

473 1357 530 1400 te
545 1345 717 1400 Filius
749 1365 763 1400 :
799 1347 961 1399 adora
989 1345 1210 1408 Filium,
1235 1355 1288 1398 et
1312 1345 1572 1414 suscipiet
1596 1355 1646 1398 te
1680 1360 1776 1412 per
1799 1360 1921 1398 eum
1951 1346 2054 1398 Pa-

474 1448 578 1492 ter.
613 1439 884 1493 Confitere
918 1438 1202 1507 Spiritum,
1229 1447 1285 1491 et
1327 1438 1568 1506 impertit
1596 1438 1709 1507 (87)
1742 1437 1835 1492 tibi
1881 1437 2054 1492 Filius

477 1531 759 1602 Spiritum.
828 1531 954 1585 Haac
1016 1530 1290 1594 dicantur,
1354 1530 1467 1584 haec
1519 1530 1868 1599 cogitentur;
1925 1530 2044 1584 haec

2168 520 2288 576 sine
2330 518 2450 581 lite,
2484 515 2602 570 sine
2625 514 2831 582 iurgio,
2871 515 2990 569 sine
3033 513 3405 568 contentione.
3443 513 3530 567 Ad
3568 529 3735 584 pacem

2167 611 2315 666 enim
2343 623 2444 662 nos
2473 607 2688 662 vocavit
2711 605 2872 661 Deus.
2913 605 3030 674 Ipse
3065 606 3211 659 enim
3245 603 3504 659 Christus
3538 615 3624 659 est
3647 621 3736 674 pax

2167 712 2356 759 nostra
2409 720 2423 756 :
2473 700 2530 754 In
2575 701 2692 770 ipso
2727 699 2905 753 vocati
2938 713 3146 754 sumus.
3181 696 3320 764 Quid
3353 696 3590 751 dimissa
3625 712 3739 766 pace

2165 795 2290 850 lites
2350 791 2715 847 assumimus?
2773 792 2891 846 Non
2953 791 3152 845 audisti
3214 805 3337 845 eum
3397 790 3674 846 dicentem
3725 809 3738 844 :

2163 888 2356 943 Pacem
2411 903 2580 940 meam
2629 890 2697 938 do
2750 885 2926 951 vobis,
2980 900 3159 952 pacem
3209 899 3380 936 meam
3443 881 3743 950 derelinquo

2161 980 2306 1034 vobis
2349 978 2437 1034 7’?
2470 978 2637 1033 Suam
2680 992 2869 1046 pacem
2903 979 2994 1033 dat
3027 977 3184 1032 nobis
3231 975 3520 1039 Dominus,
3556 981 3612 1029 et
3656 987 3747 1028 nos

2157 1070 2337 1141 jurgia
2372 1084 2404 1124 e
2449 1077 2636 1123 contra
2675 1069 3004 1123 inducimus.
3051 1067 3203 1122 Finis
3245 1077 3429 1121 autem
3476 1065 3747 1120 sermonis

2163 1163 2268 1217 iste
2303 1163 2393 1216 sit.
2427 1161 2611 1216 Gloria
2645 1162 2736 1215 uni
2777 1177 2883 1214 non
2934 1170 3060 1214 nato
3113 1160 3225 1213 Deo
3261 1175 3356 1228 per
3401 1173 3578 1211 unum
3631 1157 3750 1211 uni-

2163 1255 2402 1324 genitum
2453 1252 2622 1307 Deum
2665 1253 2859 1308 Filium
2909 1253 3000 1306 Dei
3054 1253 3244 1305 inuno
3276 1251 3484 1321 Spiritu
3534 1261 3748 1312 sancto,

2160 1359 2215 1400 et
2244 1361 2386 1399 nunc
2405 1354 2462 1400 et
2495 1359 2709 1414 semper
2733 1354 2788 1399 et
2823 1360 2919 1413 per
2947 1343 3130 1398 omnia
3155 1342 3352 1398 saecula
3396 1341 3748 1396 saaculorum.

2161 1440 2356 1494 Amen.

459 1792 467 1830 ἱ
504 1785 3730 1822 ——————-——————-————————-———-—-———-—-—————-—-—-———-

1566 1985 1923 2074 LIBER
1999 1984 2654 2076 SECUNDUS.

540 2345 678 2412 Puto
703 2346 879 2400 adhuc
909 2358 1070 2398 aures
1102 2340 1342 2409 obstrepi
1378 2355 1528 2394 meas
1550 2354 1579 2392 a
1613 2341 1872 2394 memoria
1919 2339 2062 2393 beati
2094 2349 2137 2403 Β
2168 2333 2430 2394 Dominus
2478 2332 2710 2394 reddens
2753 2357 2970 2396 causam
3001 2341 3084 2395 sui
3115 2342 3380 2394 adventus
3410 2337 3465 2394 in
3515 2341 3742 2407 mundo,

471 2438 624 2492 illius
661 2436 761 2489 viri
797 2435 938 2504 (88),
965 2433 1057 2502 qui
1078 2432 1167 2484 illa
1196 2431 1443 2500 religiosa
1475 2428 1786 2499 frequenter
1815 2444 1944 2482 usus
1971 2438 2054 2484 est

469 2541 630 2581 voce.
657 2524 791 2578 Nam
825 2533 881 2578 et
907 2537 1068 2576 aures
1091 2531 1288 2574 vestrae
1310 2520 1488 2572 adhuc
1521 2519 1720 2572 bonum
1752 2517 1866 2581 (89)
1903 2518 2049 2571 illius

467 2617 621 2672 vocis
672 2617 932 2671 retinent.
970 2615 1108 2669 Puto
1159 2613 1302 2666 enim
1343 2626 1428 2664 me
1477 2611 1667 2664 audire
1699 2627 1818 2662 eum
1865 2611 2051 2663 dicen-

471 2720 578 2765 tem
616 2728 628 2761 :
660 2705 970 2776 Unigenitus
1007 2703 1100 2757 Dei
1139 2701 1187 2754 F
1195 2703 1315 2755 ilius
1343 2702 1410 2754 ⁸ο.
1440 2701 1574 2754 Ecce
1611 2700 1754 2754 enim
1782 2700 1892 2770 (90)
1925 2700 2053 2753 reli-

467 2803 617 2871 giosa
655 2815 760 2854 vox
790 2813 971 2868 peros
993 2798 1109 2866 ejus
1145 2809 1360 2863 semper
1387 2792 1756 2863 promebatur.
1791 2791 2051 2846 Memoria

466 2892 618 2946 enim
673 2899 792 2946 erat
838 2887 1116 2961 Unigeniti
1173 2887 1243 2940 ad
1296 2884 1525 2953 gloriam
1555 2898 1662 2938 non
1709 2884 1821 2937 nati
1851 2881 2050 2937 Patris.

467 2984 789 3039 Andivimus
837 2991 1018 3036 autem
1066 2979 1373 3049 apostolum
1422 2976 1824 3048 praecipientem
1879 2976 2054 3029 hono-

469 3077 583 3132 rari
631 3074 834 3144 duplici
899 3075 1108 3128 honore
1163 3070 1360 3124 debere
1416 3067 1768 3138 presbyteros
1799 3066 1843 3097 ⁸⁸
1889 3079 1905 3117 :
1959 3081 2053 3120 eos

469 3166 708 3222 maxime
736 3165 830 3234 qui
857 3164 1111 3217 laborant
1137 3160 1190 3214 in
1219 3160 1384 3212 verbo
1409 3167 1464 3210 et
1487 3155 1752 3211 doctrina.
1779 3153 1882 3219 Qui
1905 3154 2051 3207 enim

467 3257 787 3329 pudicitiam
835 3255 984 3318 colit,
1038 3255 1214 3308 bonus
1261 3261 1344 3306 est
1392 3249 1496 3306 sibi
1538 3267 1553 3304 :
1596 3258 1650 3304 et
1687 3248 1778 3317 qui
1814 3247 2050 3317 jejunat,

464 3349 637 3402 etiam
697 3347 744 3402 si
795 3347 998 3401 bonum
1055 3344 1220 3399 l'aéiat
1264 3357 1420 3411 opus,
1457 3351 1640 3396 tamen
1675 3341 1823 3394 sibi:
1868 3349 1924 3394 et
1959 3339 2052 3409 qui

467 3442 782 3508 miseretur,
818 3449 874 3495 et
923 3437 1030 3494 sibi
1067 3435 1502 3492 misericordiam
1546 3443 1728 3504 parat,
1765 3441 1824 3488 et
1865 3432 1915 3488 ei
1963 3432 2052 3487 cui

464 3561 697 3631 praebet.
730 3557 834 3625 Qui
865 3565 1045 3610 autem
1081 3554 1401 3624 religionem
1430 3549 1730 3607 secundum
1766 3550 2050 3604 veritatem

465 3652 646 3716 docet,
671 3659 728 3704 et
773 3648 875 3702 sibi
908 3647 1050 3701 viam
1099 3655 1360 3699 aeternam
1394 3642 1651 3712 acquirit,
1699 3650 1756 3694 et
1795 3640 2050 3694 omnibus

465 3745 558 3815 qui
585 3745 869 3797 docentur.
901 3739 1020 3794 Non
1056 3748 1140 3793 est
1171 3746 1506 3806 praeceptum
1533 3734 1794 3803 apostolis
1825 3743 1883 3787 ut
1918 3749 2046 3800 pau-
2073 3750 2115 3808 ο

465 3850 628 3907 peres
671 3840 981 3903 pascerent,
1017 3830 1110 3885 sed
1145 3839 1203 3883 ut
1249 3839 1303 3882 et
1349 3827 1450 3896 ipsi
1493 3835 1871 3895 pascerentur.
1903 3823 2048 3878 Reli-

465 3929 643 4000 gionis
669 3943 796 3998 ergo
827 3923 1142 3995 prmdieatio
1178 3922 1348 3990 major
1371 3929 1456 3976 est
1478 3936 1505 3973 a
1531 3920 1902 3975 misericordia
1925 3934 2048 3988 quae

466 4021 527 4077 ﬁt
572 4021 640 4075 ad
685 4020 934 4075 homines
968 4037 980 4073 :
1010 4025 1224 4086 Oportet
1271 4015 1414 4068 enim
1468 4014 1700 4082 primum
1738 4025 1898 4066 nosse
1923 4026 2044 4065 eum

466 4114 692 4184 propter
728 4125 890 4180 quem
932 4109 1066 4162 ﬁunt
1095 4122 1157 4160 ea
1190 4121 1310 4174 quae
1341 4105 1500 4170 ﬁunt,
1531 4114 1584 4158 et
1620 4103 1692 4157 ita
1732 4103 1910 4156 facere
1944 4101 2048 4156 mi-

466 4199 822 4258 sericordiam
851 4213 869 4251 :
919 4195 1293 4265 unusquisque
1321 4195 1465 4246 enim
1493 4193 1586 4263 qui
1633 4203 1911 4260 operatur,
1942 4191 2046 4246 sibi

466 4295 703 4366 acquirit
735 4306 869 4361 opus
901 4308 914 4344 :
951 4288 1267 4356 prmdicatio
1291 4296 1472 4338 autem
1515 4285 1762 4338 veritatis
1793 4282 1910 4338 base
1937 4290 2043 4346 est,

465 4396 688 4457 propter
725 4399 887 4453 quam
919 4393 973 4436 et
1005 4379 1172 4434 Filius
1206 4378 1353 4431 venit
1389 4378 1442 4430 in
1479 4390 1725 4443 corpore.
1763 4373 1878 4429 Non
1908 4375 2046 4429 dixit

467 4476 755 4538 Dominus,
783 4472 931 4526 Beati
962 4468 1103 4524 oculi
1133 4481 1323 4521 eorum
1373 4465 1465 4534 qui
1517 4462 1784 4531 jejuuant,
1833 4460 1928 4517 sed
1965 4460 2046 4514 vi-

466 4568 732 4631 dentium,
753 4565 953 4635 inquit,
982 4578 1044 4616 ea
1075 4576 1195 4630 qua:
1221 4559 1414 4612 videtis
1432 4557 1498 4609 θ’.
1525 4557 1628 4610 Sed
1651 4571 1754 4609 non
1775 4569 1876 4624 ego
1903 4567 2046 4607 nunc

462 4661 636 4717 bonos
669 4669 822 4712 actus
863 4665 1063 4710 aecuso
1095 4673 1108 4706 :
1151 4651 1246 4706 sed
1275 4651 1416 4704 sicut
1438 4649 1592 4704 stella
1628 4649 1798 4701 stella:
1828 4646 2044 4715 praefert

464 4753 660 4824 gloria,
702 4751 777 4804 ita
814 4759 870 4803 et
900 4755 1053 4802 actus
1088 4744 1199 4816 (9|)
1249 4743 1461 4796 actibus
1510 4737 1766 4794 diﬂerunt
1817 4740 2040 4792 honore.

465 4847 748 4900 Summum
805 4840 949 4893 enim
992 4847 1047 4890 et
1084 4835 1432 4904 praecipuum,
1474 4839 1527 4884 et
1567 4831 1798 4898 primum
1851 4828 2044 4880 funda-

465 4943 707 4990 mentum
740 4941 794 4986 et
842 4930 990 4983 radix
1029 4926 1271 4980 omnium
1296 4939 1520 4993 operum
1547 4938 1667 4990 qua:
1701 4922 1855 4983 liunt,
1907 4921 2042 4973 lides

463 5036 550 5082 est
572 5039 720 5080 vera.
744 5023 880 5076 Dicit
907 5020 1051 5074 enim
1083 5017 1378 5072 Dominus:
1401 5013 1511 5083 Ego
1531 5023 1746 5082 propter
1774 5012 1868 5065 hoc
1897 5012 2034 5075 veni,

2155 2431 2284 2486 dicit
2309 2433 2432 2501 quia
2475 2431 2594 2486 ideo
2626 2444 2785 2487 natus
2813 2450 2953 2494 sum.
3001 2443 3056 2488 et
3105 2433 3225 2487 ideo
3269 2434 3392 2487 veni
3427 2433 3484 2487 in
3535 2435 3743 2488 mundo

2155 2533 2214 2576 ut
2242 2534 2408 2578 tester
2433 2525 2672 2588 veritati,
2703 2535 2757 2580 et
2785 2535 2838 2578 tu
2867 2526 3097 2580 abnuis?
3128 2525 3260 2579 Nam
3298 2537 3352 2580 et
3374 2525 3576 2581 Petrus
3613 2528 3742 2581 bei-

2154 2623 2260 2678 tus,
2293 2615 2485 2670 beatus
2527 2617 2731 2671 dicitur
2764 2617 2833 2681 ⁸⁸,
2863 2633 2969 2670 non
3017 2617 3088 2671 ob
3111 2617 3396 2685 jejunium,
3448 2635 3639 2687 neque
3677 2618 3744 2674 ob

2151 2707 2297 2762 aliud
2352 2708 2571 2776 aliquod
2625 2725 2784 2778 opus,
2821 2711 2914 2764 sed
2970 2710 3096 2779 quia
3146 2709 3308 2764 Pater
3357 2709 3409 2763 ei
3471 2712 3746 2766 revelavit

2151 2797 2372 2852 Filium.
2410 2800 2476 2854 Et
2521 2801 2717 2855 iterum
2769 2801 2929 2857 Pater
2961 2803 3160 2871 ubique
3195 2802 3260 2857 de
3303 2801 3444 2856 Filio
3479 2813 3740 2858 testatur.

2151 2888 2284 2944 Nam
2329 2901 2385 2946 et
2439 2891 2492 2945 in
2543 2893 2812 2960 baptismo
2871 2891 3118 2959 Joannis,
3174 2902 3229 2945 et
3265 2895 3319 2945 iu
3375 2903 3568 2946 monte
3607 2894 3741 2946 nihil

2150 2983 2295 3037 aliud
2323 2984 2697 3053 proclamavit,
2726 2984 2827 3038 uisi
2853 2999 2866 3036 :
2889 2983 2989 3037 llic
3021 2992 3098 3037 est
3128 2982 3303 3036 Filius
3330 2998 3478 3036 meus
3511 2984 3746 3037 dilecti:-

2151 3077 2337 3142 simus,
2366 3077 2421 3130 in
2457 3093 2560 3146 quo
2599 3079 2722 3130 bene
2749 3076 3039 3144 complacui
3063 3075 3130 3130 ³⁸.
3166 3073 3431 3129 Similiter
3460 3085 3517 3130 et
3539 3074 3742 3130 Paulus

2153 3171 2276 3223 dum
2317 3169 2538 3223 doceret
2583 3169 2848 3222 dicebat:
2895 3167 3322 3232 Fundamentum
3366 3169 3518 3222 aliud
3549 3182 3745 3238 preter

2150 3277 2269 3316 eum
2289 3261 2379 3330 qui
2413 3269 2488 3313 est
2511 3261 2712 3328 positus
2751 3277 2898 3313 nemo
2941 3269 3107 3327 potest
3149 3276 3360 3327 ponere,
3389 3272 3591 3328 pra’ter
3628 3277 3741 3314 euut

2149 3353 2240 3420 qui
2291 3361 2363 3404 est
2412 3349 2650 3404 Christus
2701 3349 2858 3404 Jesus
2881 3349 2948 3404 ⁸⁸.
3007 3347 3068 3402 Si
3118 3350 3284 3420 igitur
3321 3351 3740 3405 fundamentum

2151 3443 2315 3498 fuerit
2340 3443 2570 3508 salvum,
2615 3453 2798 3510 sperat
2844 3441 3132 3496 aediﬁcatio
3178 3443 3314 3495 bene
3375 3443 3655 3512 proiicere
3687 3457 3742 3497 ιε

2150 3551 2311 3606 posse
2339 3553 2352 3590 :
2389 3536 2436 3592 si
2463 3535 2614 3591 radix
2645 3535 2810 3591 fuerit
2839 3551 2993 3600 sana,
3037 3549 3162 3604 spes
3187 3543 3274 3587 est
3308 3535 3524 3588 fructus
3546 3549 3619 3587 ex
3667 3549 3742 3588 ra-

2151 3629 2256 3684 mis
2287 3629 2552 3697 accipere.
2585 3629 2641 3683 Si
2670 3640 2850 3683 autem
2883 3629 3097 3682 inﬁrme
3113 3625 3276 3680 fuerit
3297 3624 3738 3688 fundamentum,

2151 3720 2204 3774 in
2254 3720 2496 3789 periculo
2545 3730 2673 3776 sunt
2729 3735 2792 3775 ea
2839 3735 2960 3788 qua:
3015 3727 3478 3790 superponuntur.
3528 3718 3740 3770 Aurum

2148 3814 2291 3867 enim
2345 3811 2490 3882 quod
2525 3827 2688 3882 super
2741 3811 3173 3874 fundamentum,
3218 3819 3274 3864 et
3324 3819 3648 3880 argentum,
3689 3821 3742 3862 et

2147 3910 2480 3978 margaritae,
2534 3919 2592 3966 et
2637 3910 2843 3981 lapides
2888 3893 3137 3980 pretiosi,
3193 3921 3247 3965 et
3295 3909 3504 3974 fenum,
3551 3922 3611 3966 et
3647 3914 3742 3966 sti~

2148 4003 2308 4070 pulse,
2343 4013 2396 4058 et
2427 4003 2572 4074 ligna
2619 4013 2896 4074 ponuntur
2933 4019 2948 4058 :
2991 4004 3127 4067 nihil
3162 4003 3308 4058 aliud
3355 4003 3637 4071 signiﬁcat
3687 4006 3738 4059 in

2148 4096 2253 4150 hoc
2291 4095 2433 4160 loco,
2485 4096 2590 4151 nisi
2629 4097 2848 4166 quidem
2901 4095 3346 4166 praedicationem
3389 4111 3492 4166 per
3542 4112 3737 4152 aurum

2147 4196 2198 4242 et
2244 4196 2531 4258 argentum
2569 4199 2623 4242 et
2677 4187 2883 4258 lapides
2928 4189 3222 4258 pretiosos.
3275 4185 3351 4242 Ea
3390 4198 3582 4242 autem
3621 4203 3740 4258 qua:

2146 4291 2342 4350 praeter
2369 4281 2654 4336 veritatem
2689 4289 2838 4347 sunt,
2871 4282 2977 4350 igni
3030 4291 3217 4350 utpote
3269 4279 3455 4350 digna,
3501 4277 3634 4334 [eno
3689 4290 3740 4334 et

2147 4371 2358 4442 stipula:
2384 4383 2440 4428 et
2488 4373 2637 4443 ligno
2671 4373 3025 4442 comparavit.
3057 4374 3176 4426 Non
3223 4373 3372 4426 enim
3406 4372 3550 4426 dixit
3595 4374 3740 4442 Apo-

2146 4464 2351 4519 stolus:
2389 4464 2444 4518 Si
2479 4465 2603 4534 quis
2645 4480 2752 4519 non
2794 4464 3000 4519 dederit
3033 4465 3279 4534 pauperi,
3316 4465 3623 4518 anathema
3647 4467 3736 4520 sit.

2147 4555 2261 4611 Non
2299 4558 2398 4612 ista
2427 4559 2632 4628 denego
2677 4574 2692 4613 :
2731 4558 2827 4612 sed
2861 4572 2980 4626 qum
3020 4559 3194 4621 prima
3225 4567 3377 4621 sunt,
3417 4558 3642 4624 prima;
3687 4568 3737 4611 et

2144 4663 2266 4717 qua:
2323 4651 2602 4714 secunda,
2655 4649 2911 4703 secunda.
2969 4647 3154 4702 Primo
3201 4650 3463 4703 condisce
3516 4659 3738 4720 prapter

2143 4755 2306 4810 quem
2341 4739 2499 4805 facis,
2535 4752 2590 4795 et
2622 4741 2692 4794 ita
2733 4741 2910 4796 facito.
2941 4739 3088 4793 Multi
3119 4741 3263 4794 enim
3301 4740 3590 4795 hominum
3639 4757 3734 4810 pe-

2145 4832 2364 4885 coribus
2411 4842 2540 4886 sunt
2589 4831 2796 4886 similes
2837 4849 2850 4884 :
2901 4840 3092 4901 putant
3124 4844 3233 4884 non
3263 4844 3391 4884 esse
3423 4832 3734 4886 necessaria

2143 4939 2387 4993 quaerere
2422 4925 2488 4977 de
2523 4925 2607 4978 his
2631 4940 2752 4993 qua:
2783 4923 3061 4994 possibilia
3091 4932 3218 4976 sunt
3241 4934 3585 4992 quaerantur.
3619 4921 3735 4978 Sie-

2143 5025 2203 5070 ut
2224 5032 2354 5087 ergo
2381 5015 2448 5071 de
2475 5017 2561 5071 his
2588 5033 2707 5085 qua:
2736 5026 2962 5084 possunt
2985 5016 3178 5085 quarri,
3214 5015 3474 5070 inertium
3503 5026 3590 5071 est
3629 5031 3730 5070 non

463 5131 510 5174 et
540 5125 752 5189 propter
776 5115 871 5168 hoc
901 5123 1055 5166 natus
1086 5126 1227 5176 sum,
1264 5120 1320 5162 ut
1361 5118 1514 5162 tester
1557 5107 1766 5160 veritati
1796 5106 1864 5159 ⁸³.
1915 5103 2033 5176 Ipse
2064 5099 2110 5154 D
2138 5121 2415 5178 quarere;
2471 5107 2549 5160 ita
2593 5107 2659 5161 de
2713 5106 2798 5160 his
2831 5119 2950 5175 qua:
2998 5119 3105 5159 non
3155 5116 3386 5158 necesse
3418 5114 3504 5158 est
3540 5105 3730 5173 queri,

1122 5299 1169 5332 ⁸ο
1205 5299 1361 5354 Joan.
1407 5315 1448 5365 l,
1508 5295 1607 5365 18;
1670 5311 1755 5357 III,
1801 5294 1890 5352 18.

514 5303 876 5364 "Joan.xtv,
927 5299 1056 5371 27..
1122 5299 1169 5332 ⁸ο
1205 5299 1361 5354 Joan.
1407 5315 1448 5365 ι,
1508 5299 1607 5362 18;
1670 5311 1755 5357 ιιι,
1801 5299 1861 5350 18

540 5374 730 5428 Matth.
779 5387 890 5434 xvi,
932 5371 1018 5426 17.
1097 5371 1143 5403 ⁸⁵
1170 5373 1357 5425 Matth.
1391 5385 1473 5434 tu,
1508 5364 1604 5432 l7;
1645 5382 1778 5434 xvu,
1809 5368 1861 5421 5.

461 5373 511 5407 ³⁸
540 5359 730 5428 Matth.
779 5359 890 5437 xvi,
932 5371 1018 5426 17.
1047 5359 1056 5371 ’

534 5489 648 5560 (86)
689 5489 790 5564 1_'ui
809 5489 1254 5564 prapter."Ev§xa
1275 5486 1391 5551 σοῦ,
1419 5485 1616 5540 iterum
1641 5484 1780 5537 infra
1812 5485 2034 5564 sub'ﬁn.

461 5559 557 5617 lib.
591 5559 664 5626 vi,
692 5559 768 5614 De
789 5577 847 5613 eo
874 5561 1013 5628 quod
1038 5561 1114 5612 ait
1139 5559 1300 5613 Deus.

533 5629 649 5699 (87)
691 5629 952 5695 Impertit.
979 5628 1144 5685 Forte
1173 5628 1448 5694 impertiet.

535 5633 625 5699 (87
691 5633 952 5695 Impertit.
980 5633 1144 5685 Forte
1173 5633 1448 5694 impertiet.

535 5633 652 5770 (88)
693 5699 838 5752 Beati
861 5699 1006 5753 illius
1031 5701 1148 5753 viri.
1185 5699 1472 5768 Pamphili,
1504 5709 1564 5752 ut
1592 5697 1754 5770 Henr.
1785 5696 2032 5770 Valesius

459 5769 686 5848 censet;
712 5785 828 5849 nos
855 5771 1153 5849 Agapetum
1203 5771 1379 5849 potius
1412 5781 1665 5842 putamus
1695 5769 1912 5827 Eusebii
1939 5772 2034 5827 deo

2019 5294 2107 5348 δίΙ
2139 5295 2280 5348 Tim.
2316 5309 2372 5358 ν,
2406 5294 2496 5349 17.

1941 5367 1988 5399 ⁸⁸
2031 5367 2054 5422 l
2088 5364 2215 5422 Cor.
2253 5379 2335 5431 ιιι,
2362 5365 2448 5423 ll.
2539 5369 2561 5379 '

2591 5294 2638 5365 f”
2663 5293 2796 5348 Luc.
2833 5308 2893 5358 χ,
2927 5291 3018 5346 25.
3153 5290 3199 5323 ⁸⁸
3221 5290 3384 5347 Joan.
3429 5307 3596 5359 xvm,
3643 5288 3725 5344 57.

2144 5498 2441 5546 cessarem,
2474 5483 2540 5537 de
2591 5496 2700 5550 quo
2735 5480 2936 5534 Euseb.
2998 5479 3094 5533 lib.
3148 5494 3220 5550 Vll
3281 5476 3430 5533 Hist.
3481 5493 3603 5548 cap.
3637 5473 3720 5535 59..

2144 5556 2211 5609 de
2248 5555 2438 5607 eodem
2474 5549 2632 5606 beato
2658 5553 2772 5605 viro
2801 5552 2942 5605 intra
2973 5551 3078 5604 col.
3113 5549 3272 5603 1065.

2212 5625 2324 5694 (89)
2368 5623 2871 5694 Bonum.7Valesius
2898 5621 3022 5694 legit
3053 5637 3263 5694 sonum.

2213 5690 2325 5760 (an)
2368 5693 2502 5747 Ecce
2533 5693 2690 5746 enim.
2741 5690 2981 5744 Valesius
3014 5690 3142 5756 legit
3173 5691 3284 5743 haec
3312 5691 3477 5747 enim.

2213 5765 2325 5841 (91)
2371 5764 2490 5836 Ms.,
2521 5764 2716 5821 Prwcst
2746 5765 2940 5834 gloria,
2969 5763 3040 5817 ita
3065 5773 3110 5816 et
3145 5773 3322 5815 actus.
