3810 6218
95 347 247 403 1061

975 335 1060 391 DE
1095 335 1251 392 FIDE
1281 331 1653 391 ADVERSUS
1691 323 2107 385 SABELLIUM.
2147 349 2218 364 ι·-
2252 319 2379 375 LIB.
2422 318 2490 374 ll.

3225 312 3249 368 Ι
3258 309 3364 367 063

97 463 338 519 audacia
358 469 447 516 est
471 459 772 530 quaerendi.
799 457 933 524 Quae
955 470 1086 526 ergo
1109 455 1306 510 debent
1339 451 1548 522 quaeri?
1571 465 1693 519 quae
1719 421 1846 510 Αἐι
1865 459 1973 499 nos
2002 443 2056 496 in
2080 455 2215 510 pace
2240 437 2472 502 vocavit,
2511 450 2618 490 non
2651 441 2828 488 tamen
2863 431 2930 488 ad
2961 430 3108 487 litem
3141 447 3154 483 :
3187 445 3364 501 pugna

98 559 423 612 invenimus
448 553 504 608 in
537 551 835 621 Scripturis
857 548 1034 619 posita
1068 564 1082 601 :
1112 563 1232 616 quae
1259 555 1436 599 autem
1461 544 1514 598 in
1541 541 1690 596 Scrio

98 645 289 714 pruris
335 659 444 699 non
495 643 836 707 invenimus,
886 655 994 694 non
1045 652 1375 708 quaeramus.
1435 634 1492 689 Si
1541 633 1686 687 enim

97 748 392 809 oporteret
427 737 585 793 nobis
615 750 739 791 esse
780 733 1016 804 cognita,
1049 733 1236 800 utique
1281 730 1517 798 Spiritus
1559 742 1690 782 san-

95 844 234 889 ctus
279 832 550 904 posuisset
596 844 660 884 ea
710 829 762 882 in
799 825 1097 895 Scripturis
1133 841 1148 878 :
1180 838 1289 877 non
1319 835 1508 876 sumus
1544 819 1689 874 enim

105 928 478 995 sapientiores
523 939 554 978 a
602 923 808 992 Spiritu
855 926 1066 977 sancto.
1107 917 1167 972 Si
1217 915 1418 970 dixerit
1455 912 1691 982 Spiritus

103 1031 341 1076 sanctus
375 1037 387 1072 :
428 1015 827 1072 Generationem
865 1011 982 1082 ejus
1010 1009 1126 1079 quis
1156 1005 1426 1062 enarrabit
1448 1003 1535 1057 ⁸⁷2
1581 1002 1691 1057 noli

105 1126 364 1182 querere
398 1124 573 1177 neque
607 1107 675 1161 ab
723 1100 1053 1166 hominibus,
1110 1111 1286 1167 neque
1343 1097 1410 1150 ab
1461 1093 1691 1164 angelis.

108 1205 231 1259 Cur
252 1200 540 1271 abnegavit
581 1196 838 1266 Spiritus,
868 1192 1006 1248 dixit
1036 1189 1182 1246 enim
1214 1188 1338 1258 quia
1380 1184 1691 1256 generatio-

109 1313 244 1354 nem
263 1298 390 1368 ejus
429 1295 550 1363 quis
571 1281 884 1347 e‘narrahit‘?
916 1285 1008 1355 qui
1039 1291 1218 1336 autem
1243 1278 1492 1334 concedit
1519 1275 1692 1345 Spiri-

110 1405 208 1446 tus
230 1403 492 1460 quzerere,
528 1383 674 1439 Unus
704 1382 845 1436 Deus
874 1395 941 1434 ea:
962 1393 1066 1448 quo
1098 1383 1219 1430 sunt
1257 1371 1456 1435 omnia,
1478 1379 1528 1423 et
1556 1383 1694 1422 unus

111 1482 379 1538 Dominus
397 1479 551 1533 Iesus
575 1491 666 1544 per
687 1488 839 1544 quem
871 1479 992 1524 sunt
1019 1466 1198 1521 omnia
1226 1463 1271 1496 ⁸⁸
1298 1479 1315 1517 :
1340 1458 1694 1532 quemadmo-

107 1576 247 1629 dum
279 1581 459 1626 autem
494 1569 663 1624 Filius
708 1580 773 1620 ex
804 1563 983 1624 Patre,
1010 1559 1171 1614 crede
1203 1559 1252 1611 ei
1286 1556 1378 1626 qui
1428 1553 1597 1616 novit,
1643 1551 1694 1603 ei

109 1668 210 1736 qui
239 1664 502 1720 noscitur.
539 1661 644 1714 Sed
675 1668 728 1712 tu
753 1654 974 1727 quieris,
1001 1661 1054 1706 et
1088 1650 1210 1720 quis
1239 1659 1324 1703 est
1346 1647 1440 1716 qui
1470 1643 1697 1714 promit-

1790 551 1897 592 non
1935 534 2118 597 docet,
2165 531 2260 586 sed
2289 530 2479 584 incitat
2511 527 2684 598 magis
2733 544 2748 580 :
2781 525 2849 579 lis
2887 539 2996 579 non
3036 534 3240 584 monet,
3269 522 3365 576 sed

1788 627 2060 683 ﬂammam
2091 624 2360 679 accendit.
2392 622 2680 677 Contentio
2707 629 2886 673 autem
2910 617 3066 688 equis
3092 615 3365 676 convenit,

1791 734 1898 774 non
1931 730 2110 773 tamen
2142 715 2396 770 Ecclesiae
2421 713 2537 769 Dei.
2572 712 2672 778 Qui
2697 709 2846 765 novit
2875 723 2938 764 ea
2960 722 3082 778 quae
3111 704 3369 776 possibile

1789 821 1878 866 est
1929 810 2089 873 scire,
2135 808 2325 863 doceat
2367 820 2490 859 cum
2534 803 2799 859 modestia
2847 816 2971 856 eum
2997 797 3089 868 qui
3129 799 3366 867 ignorat,

1791 918 1900 957 non
1931 909 2110 956 tamen
2149 899 2502 954 incitamento
2548 913 2562 950 :
2606 895 3013 949 incitamentum
3045 889 3190 944 enim
3216 897 3271 942 et
3298 889 3369 942 ad

1791 1007 1858 1048 ea
1895 1007 2016 1061 qua:
2044 998 2231 1060 aperta
2282 996 2409 1044 sunt
2453 985 2852 1041 contentionem
2897 982 3036 1051 parit
3091 995 3242 1035 :non
3293 979 3369 1032 ita

1792 1083 2186 1155 periclitemur,
2234 1081 2329 1137 sed
2363 1088 2478 1134 tute
2509 1078 2816 1147 loquamur.
2861 1073 2919 1130 Si
2951 1073 3082 1143 quid
3107 1071 3368 1139 scriptum

1793 1194 1904 1234 non
1939 1185 2043 1241 εει,
2104 1189 2172 1229 ne
2205 1174 2423 1245 quidem
2459 1171 2672 1226 dicatur
2713 1186 2729 1224 :
2775 1168 2821 1223 si
2851 1166 2979 1236 quid
3023 1173 3203 1219 autem
3235 1161 3370 1215 serio

1793 1282 1947 1342 ptum
1975 1277 2077 1333 est,
2121 1282 2189 1322 ne
2230 1265 2511 1321 deleatur:
2534 1263 2652 1319 Non
2687 1275 2875 1317 sumus
2920 1257 3063 1313 enim
3095 1263 3370 1319 auctores,

1795 1364 1890 1418 sed
1920 1358 2190 1430 discipuli.
2231 1355 2347 1412 Non
2392 1370 2515 1427 quae
2548 1353 2821 1418 volumus,
2868 1351 2963 1406 sed
2998 1364 3062 1404 ea
3101 1345 3372 1418 quaelegi-

1795 1469 1916 1510 mus
1955 1472 1968 1508 :
2005 1468 2110 1507 non
2141 1467 2204 1505 ca
2235 1465 2354 1520 quae
2378 1464 2446 1504 ex
2476 1449 2640 1502 corde
2670 1456 2816 1510 sunt,
2839 1444 2934 1500 sed
2962 1457 3025 1496 ea
3054 1457 3172 1511 quae
3194 1455 3224 1493 a
3255 1440 3370 1509 spi-

1797 1547 1906 1600 ritu
1928 1547 1990 1626 _in
2017 1542 2316 1612 Scripturis
2355 1539 2556 1595 sanctis
2590 1547 2718 1594 sunt
2747 1538 2940 1607 posita.
2974 1535 3106 1602 Quis
3136 1535 3276 1588 enim
3311 1548 3372 1588 es

1800 1648 1855 1691 tu
1891 1625 1982 1706 qui
2035 1635 2169 1689 dicis
2199 1642 2293 1688 aut
2324 1633 2416 1702 qui
2465 1630 2663 1686 audis?
2701 1629 2814 1682 vult
2861 1627 3058 1697 aliquis
3097 1625 3372 1680 Christum

105 1769 201 1813 tat
248 1772 309 1813 se
343 1753 538 1810 nosse?
565 1751 742 1806 omnis
790 1747 935 1802 enim
981 1745 1289 1814 quicunque
1323 1737 1593 1809 promittit
1637 1751 1695 1789 se
1727 1763 1770 1817 Β
1799 1729 2103 1792 honorare;
2152 1735 2213 1780 ut
2255 1724 2368 1779 vult
2428 1724 2542 1792 ipse
2574 1720 2842 1784 Christus,
2885 1733 2989 1773 non
3033 1727 3210 1770 tamen
3235 1727 3294 1770 ut
3315 1726 3372 1770 tu

113 1867 302 1914 nosse,
360 1850 590 1902 mendax
629 1851 732 1897 est.
792 1837 1166 1894 Pronuntiavit
1213 1833 1358 1888 enim
1413 1827 1690 1894 Dominus,

113 1943 269 2014 quod
326 1940 504 1994 nullus
562 1936 706 1991 norit
767 1933 869 1987 nisi
931 1930 1084 1985 solus
1134 1929 1296 1982 Pater
1351 1923 1590 1988 Filium,
1639 1930 1695 1974 et

109 2036 293 2091 Filius
331 2033 572 2087 Patrem.
621 2028 728 2081 Sed
756 2025 887 2080 dicit
918 2022 1138 2092 quidam
1173 2038 1188 2073 :
1225 2019 1540 2087 lgnoramus
1563 2027 1695 2082 ergo

113 2128 251 2199 quia
281 2135 365 2181 est
399 2123 559 2188 Deus,
591 2127 646 2174 et
691 2119 817 2188 quia
865 2131 968 2171 non
1005 2125 1165 2167 natus
1195 2121 1296 2177 est,
1332 2119 1388 2164 et
1425 2108 1698 2161 nescimus

113 2207 254 2290 quia
302 2230 357 2272 et
390 2217 557 2271 Filius
578 2224 641 2268 et
681 2209 986 2281 unigenitus
1022 2215 1106 2260 est
1157 2202 1366 2258 Filius?
1421 2199 1698 2268 Quomodo

114 2325 304 2368 autem
342 2311 611 2365 nescimus
659 2306 784 2375 quia
829 2311 986 2357 natus
1031 2297 1150 2354 est?
1208 2297 1331 2366 quia
1373 2304 1550 2348 autem
1593 2298 1698 2354 est,

113 2404 306 2460 omnis
327 2402 522 2456 clamat
543 2397 822 2466 Scriptura
855 2413 867 2448 :
897 2389 1350 2462 quemadmodum
1390 2393 1568 2438 autem
1594 2392 1700 2445 est,

115 2507 176 2549 et
211 2503 470 2564 quantum
503 2498 604 2553 est,
631 2487 772 2542 nulla
812 2469 955 2538 valet
992 2493 1182 2534 natura
1214 2478 1415 2539 dicere,
1443 2487 1613 2543 neque
1634 2471 1704 2525 de

118 2559 313 2647 Patre,
345 2596 518 2650 neque
556 2581 622 2631 de
641 2575 797 2629 Filio.
835 2573 936 2640 Qui
959 2570 1102 2626 enim
1137 2567 1314 2622 dixit:
1356 2563 1526 2618 Nemo
1562 2559 1705 2614 novit

121 2676 372 2736 Patrem,
403 2672 502 2725 nisi
542 2669 714 2723 Filius
737 2667 800 2724 ⁸⁸.
831 2669 944 2735 ipse
976 2663 1110 2718 dixit
1142 2661 1265 2728 quia
1298 2665 1348 2711 et
1379 2654 1579 2708 Filium
1616 2668 1704 2704 ne-

116 2785 213 2822 mo
240 2766 403 2828 novit,
427 2763 528 2817 nisi
557 2761 718 2815 Pater
737 2758 803 2810 ’°.
834 2753 1293 2822 Quemadmodum
1322 2748 1464 2801 enim
1491 2744 1708 2813 capiunt

121 2877 191 2914 ea
220 2874 340 2929 qum
369 2872 463 2925 per
492 2855 684 2908 Filium
718 2851 856 2904 facta
888 2855 1032 2911 sunt,
1066 2857 1226 2897 nosse
1261 2854 1383 2894 eum
1421 2852 1514 2906 per
1547 2849 1705 2902 quem

123 2967 186 3010 et
215 2953 357 3006 facta
393 2947 555 3004 sunt?
602 2945 659 3000 Si
700 2944 864 3009 igitur
891 2938 1179 3008 imaginem
1223 2949 1329 2988 non
1363 2930 1474 2984 nati
1516 2937 1709 2981 natura

125 3060 247 3102 non
287 3040 526 3112 pervenit
558 3051 738 3101 nosse,
768 3029 1216 3102 quemadmodum
1253 3025 1424 3094 ipsum
1449 3018 1710 3090 principa-

126 3135 243 3193 lem
277 3104 386 3207 (92)
417 3129 878 3201 comprehendere
913 3122 1034 3192 quis
1067 3129 1244 3191 potest
1273 3127 1332 3171 ut
1356 3112 1537 3168 norit?
1574 3110 1713 3165 Sunt
1737 3104 1785 3168 C

131 3199 325 3299 itaque
362 3199 606 3297 quaedam
641 3219 800 3274 nobis
829 3214 1075 3278 dicenda,
1111 3219 1234 3266 sunt
1281 3216 1336 3263 et
1359 3205 1619 3277 quaedam.
1641 3199 1716 3256 si-

129 3293 306 3382 leniio
336 3293 577 3377 colenda.
619 3315 758 3370 Sunt
795 3308 1038 3380 quaedam
1071 3306 1126 3358 in
1155 3302 1399 3371 cogitatu
1429 3293 1713 3359 movenda,

132 3423 268 3474 sunt
306 3411 546 3482 quaedam
569 3415 623 3462 et
646 3378 993 3460 veneratione
1026 3412 1132 3452 non
1163 3393 1448 3450 movenda.
1487 3387 1624 3442 Sunt
1649 3378 1718 3439 de

134 3507 334 3577 quibus
378 3499 632 3556 convenit
679 3495 792 3565 sapi
837 3511 849 3546 :
894 3499 1019 3546 sunt
1065 3495 1121 3542 et
1165 3487 1231 3541 de
1273 3483 1469 3554 quibus
1507 3487 1719 3550 oportet

135 3572 349 3670 paveri.
373 3592 515 3648 Sunt
550 3604 671 3660 quae
691 3593 917 3655 possunt
953 3581 1137 3648 lingua
1162 3572 1512 3644 interpretari
1545 3589 1558 3624 :
1594 3577 1721 3624 sunt

138 3702 197 3744 et
238 3701 354 3756 qua:
381 3683 607 3754 possunt
642 3677 893 3747 religiose
933 3671 1121 3726 taceri.
1161 3667 1335 3722 Dicito
1374 3679 1530 3727 sane,
1570 3661 1722 3716 Unus

142 3753 290 3836 Deus
316 3793 342 3828 a
373 3753 480 3845 quo
529 3780 654 3828 sunt
685 3767 884 3829 omnia,
916 3774 969 3820 et
1013 3761 1188 3815 nullus
1215 3757 1410 3829 poterit
1433 3753 1721 3823 reprehen-

142 3876 295 3928 dere.
324 3869 390 3923 Si'
410 3876 586 3920 autem
608 3871 662 3916 et
686 3853 1088 3928 reprehenderit
1111 3852 1248 3921 quis,
1278 3864 1382 3902 non
1410 3857 1458 3899 te
1482 3845 1572 3899 sed
1598 3856 1721 3896 eum

143 3961 241 4034 qui
271 3959 508 4028 scripsit.
542 3955 599 4008 Si
640 3963 818 4006 autem
849 3960 903 4003 et
942 3946 1164 4000 Paulum
1189 3941 1279 4010 qui
1315 3937 1532 4006 scripsit
1562 3932 1723 3986 audet

144 4055 275 4126 quis
300 4049 717 4122 reprehendere,
746 4058 854 4097 non
886 4039 1130 4101 Paulum,
1163 4035 1256 4089 sed
1295 4047 1416 4086 eum
1448 4027 1538 4097 qui
1576 4039 1721 4080 sem-

144 4113 248 4216 per
283 4143 337 4196 in
361 4113 490 4194 eum
531 4136 646 4204 (9'5)
683 4137 892 4187 locutus
937 4139 1021 4183 est
1056 4125 1308 4181 Christus
1353 4113 1721 4187 reprehendit.

148 4205 211 4291 Si
236 4242 417 4287 autem
440 4227 640 4284 Christi
670 4223 834 4277 verba
864 4216 1261 4289 reprehendere
1286 4207 1408 4278 quis
1429 4205 1591 4259 fuerit
1627 4217 1726 4255 au-

147 4341 269 4391 sus,
298 4324 413 4393 ipse
438 4321 574 4374 dixit
602 4317 852 4372 Christus
900 4330 915 4366 :
949 4309 1078 4375 Qua:
1127 4321 1218 4375 ego
1254 4303 1441 4372 loquor
1473 4313 1576 4350 non
1602 4300 1724 4347 sunt

145 4435 291 4484 mea,
319 4386 420 4470 sed
446 4412 608 4466 Pater
638 4409 725 4480 qui
747 4407 884 4459 misit
920 4419 1024 4467 me,
1051 4401 1160 4469 ipse
1189 4397 1422 4466 loquitur
1447 4403 1638 4460 perime
1656 4386 1723 4438 ⁹¹.

152 4507 369 4567 Etenim
408 4517 581 4571 neque
621 4498 846 4570 gentiles
880 4507 1086 4556 sumus,
1129 4502 1304 4557 neque
1326 4483 1520 4547 Judaei,
1555 4492 1730 4546 neque

153 4599 423 4658 hatretici.
464 4595 704 4652 Gentiles
735 4591 877 4646 enim
909 4602 1015 4641 non
1054 4597 1259 4647 sumus,
1301 4578 1430 4648 quia
1463 4589 1567 4628 non
1597 4571 1732 4626 dici-

157 4709 281 4748 mus
306 4693 455 4746 deos.
483 4686 649 4742 Juda'i
677 4698 781 4738 non
807 4693 1013 4742 sumus,
1037 4675 1160 4744 quia
1187 4683 1242 4727 et
1261 4670 1536 4726 Christum
1562 4665 1730 4719 Deum

157 4781 500 4837 conﬁtemur.
553 4770 804 4828 Ηεετειίεἱ
839 4779 1019 4821 autem
1051 4765 1172 4818 ideo
1212 4777 1316 4816 non
1362 4770 1571 4820 sumus,
1607 4753 1732 4822 quia

158 4872 488 4928 conﬁtemur
517 4867 676 4920 istum
719 4875 838 4916 esse
867 4857 958 4928 qui
1002 4853 1169 4918 venit,
1199 4863 1361 4918 quem
1395 4842 1733 4915 praeveniens

164 4965 333 5017 Vetus
362 4959 767 5014 Testamentum
810 4966 904 5022 per
934 4949 1224 5018 prophetas
1267 4936 1580 5010 przedicavit
1607 4948 1738 4986 ven-

163 5065 370 5110 turum.
413 5049 470 5103 Si
503 5047 624 5116 quis
654 5043 794 5098 enim
831 5038 1064 5094 noluerit
1103 5035 1272 5096 litem,
1325 5043 1460 5097 opus
1493 5040 1597 5078 non
1637 5029 1736 5078 ha-

162 5151 280 5204 bet.
324 5142 422 5198 Est
449 5140 693 5211 quaedam
753 5132 1014 5190 dubitatio
1073 5123 1213 5182 inter
1265 5123 1460 5178 fratres
1507 5138 1521 5174 :
1567 5117 1742 5188 primo

162 5253 294 5294 cum
330 5233 596 5290 charitate
627 5235 923 5298 quaeratur,
950 5231 1010 5275 ut
1033 5221 1172 5274 inter
1207 5217 1421 5269 fratres.
1454 5210 1567 5264 Non
1597 5208 1742 5263 enim

164 5325 529 5386 dissensionis
574 5331 658 5377 est
695 5320 835 5374 Deus
878 5324 974 5370 aut
1022 5313 1139 5379 iraa,
1174 5310 1264 5364 scd
1309 5305 1457 5376 pacis
1486 5305 1533 5336 ⁹³
1569 5320 1583 5356 :
1616 5300 1744 5371 quia

243 5515 290 5547 ⁸⁷
316 5512 421 5568 lsa.
447 5526 567 5576 LIII,
593 5509 649 5565 8.
724 5505 771 5538 ⁸⁸
803 5503 821 5558 l
846 5503 970 5558 Cor.
996 5515 1117 5566 vui,
1139 5507 1192 5552 ι).
1268 5493 1310 5526 ⁸⁸
1343 5489 1534 5547 Matth.
1564 5503 1644 5554 ιιι,
1668 5486 1758 5541 27.

246 5629 360 5702 (92)
397 5621 1116 5702 Ρνὶηεὶραιειη,ἁρχέτιψργ.

472 5675 932 5772 eumgiprojiu'e'o.
967 5688 1008 5770 ιι
1033 5688 1160 5772 (Ζοι-ἶ
1188 5698 1306 5772 xui,
1334 5680 1367 5733 4
1385 5675 1746 5772 ειῇηρῐτρεζί-

168 5746 675 5858 ,Μέιῖιᾶιᾶ-ᾇῖιῇλῖἰίἱὲ
703 5746 814 5834 ejus
849 5761 935 5833 qui
963 5761 1016 5815 in
1040 5774 1119 5814 me
1144 5755 1374 5826 loquitur
1408 5746 1683 5806 Christus?

1797 1821 1900 1876 vis.
1933 1820 1990 1874 Si
2017 1829 2195 1873 autem
2237 1824 2430 1886 praeter
2451 1815 2504 1868 id
2541 1812 2681 1883 quod
2715 1810 2832 1864 vult
2868 1808 3240 1878 honoraveris,
3274 1807 3374 1860 ho-

1797 1927 1898 1966 nor
1922 1921 2045 1965 tuus
2073 1910 2139 1963 ad
2163 1906 2550 1964 contumeliam
2585 1911 2950 1958 convertetur.
2993 1900 3048 1954 Si
3081 1899 3374 1954 intereme-

1799 2005 1873 2060 n‘s
1903 2002 2019 2072 ejus
2046 2002 2286 2065 Patrem,
2318 2015 2427 2053 non
2461 1992 2738 2052 honorasti
2764 1991 3094 2060 progeniem.
3125 1988 3184 2042 Si
3211 1988 3379 2042 inter-

1798 2097 1996 2153 cmeris
2034 2094 2256 2156 Filium,
2300 2107 2407 2145 non
2449 2085 2702 2143 dimisisti
2740 2084 2957 2138 Patrem
3005 2081 3057 2134 in
3089 2080 3375 2133 honorem.

1803 2188 1859 2242 Si
1895 2187 2034 2240 enim
2083 2198 2187 2237 non
2224 2180 2425 2236 dixeris
2467 2187 2672 2246 patrem
2710 2175 2945 2236 Patrem,
2981 2180 3034 2226 et
3065 2168 3256 2222 Filium
3287 2165 3380 2220 Fi-

1801 2282 1952 2352 lium,
2011 2291 2188 2346 neque
2240 2274 2454 2328 Patrem
2485 2285 2688 2339 neque.
2715 2266 2910 2321 Filium
2948 2260 3244 2318 conliteris.
3277 2258 3379 2324 Qui

1800 2371 1944 2426 enim
1979 2369 2093 2423 hac
2126 2367 2280 2431 dicit,
2313 2365 2435 2418 sine
2486 2362 2598 2414 Deo
2652 2367 2754 2414 εει.
2789 2357 2846 2412 Si
2874 2355 3020 2410 enim
3075 2353 3237 2407 Pater
3271 2364 3380 2403 non

1803 2474 1888 2519 est
1914 2463 2116 2524 Pater,
2176 2460 2289 2529 ipse
2327 2457 2470 2512 enim
2503 2454 2668 2508 Filius
2710 2459 2769 2504 ut
2815 2450 2924 2514 ais;
2973 2448 3170 2502 iterum
3212 2441 3382 2496 Filius

1804 2571 1911 2610 non
1948 2563 2032 2608 est
2053 2551 2241 2614 Filius,
2279 2549 2393 2618 ipse
2439 2545 2582 2602 enim
2616 2553 2668 2598 et
2702 2542 2864 2621 Pater
2895 2539 3054 2593 Pater
3082 2546 3166 2591 est
3205 2545 3264 2588 ut
3295 2531 3381 2586 di-

1805 2648 1885 2702 cis
1917 2645 2052 2716 (94).
2096 2642 2357 2711 Sequitur
2380 2637 2697 2708 periculmn,
2729 2643 2788 2688 ut
2824 2646 2997 2701 neque
3025 2629 3189 2686 Pater
3222 2625 3384 2679 Pater

1808 2737 1900 2804 sit,
1927 2712 2121 2803 Vneque
2152 2732 2320 2786 Filius
2373 2729 2565 2794 Filius,
2621 2735 2676 2780 et
2725 2724 2853 2794 quid
2895 2716 3240 2776 tenebimus?
3279 2712 3385 2769 Sed

1808 2830 1971 2885 Pater
1995 2826 2156 2880 Pater
2175 2837 2304 2878 vere
2330 2829 2434 2883 est,
2470 2834 2574 2874 non
2609 2830 2776 2870 vacua
2807 2828 2908 2867 vox
2937 2810 3031 2865 sed
3065 2817 3256 2862 natura
3289 2819 3386 2859 ve-

1809 2919 2006 2975 ritatis.
2043 2915 2160 2970 Non
2197 2927 2370 2967 vanus
2399 2924 2601 2970 sermo,
2626 2907 2720 2961 sed
2749 2919 2909 2958 verus
2953 2901 3115 2956 Deus.
3146 2898 3263 2953 Non
3294 2897 3389 2967 qui

1813 3009 2033 3073 dicitur,
2064 3005 2159 3061 sed
2182 3005 2229 3059 is
2262 3003 2354 3072 qui
2377 3011 2460 3056 est
2489 3018 2504 3054 :
2538 3014 2642 3052 non
2666 3011 2732 3049 ex
2767 2995 2853 3049 his
2881 3007 3000 3062 qua:
3031 2990 3259 3044 dicimus
3291 2987 3390 3040 ﬁn-

1813 3101 1977 3170 gitur,
2028 3097 2122 3152 sed
2161 3094 2305 3166 quod
2333 3101 2417 3148 est
2444 3089 2778 3160 agnoscitur.
2827 3083 2986 3138 Pater
3029 3080 3172 3134 enim
3213 3091 3392 3148 neque

1815 3215 1882 3254 ex
1910 3197 2037 3261 alio,
2061 3208 2236 3265 neque
2261 3205 2355 3262 per
2395 3189 2581 3254 alium,
2613 3199 2789 3256 neque
2825 3181 2991 3246 aliud,
3023 3181 3116 3236 sed
3159 3179 3280 3248 ipse
3307 3182 3394 3230 est

1816 3292 1910 3360 qui
1932 3298 2034 3346 est.
2074 3287 2238 3342 Forte
2267 3286 2414 3342 enim
2462 3292 2517 3338 et
2543 3298 2609 3337 ex
2647 3277 2937 3346 semetipso
2967 3281 3023 3328 et
3061 3285 3157 3342 per
3188 3275 3395 3325 semet-

1817 3385 2030 3453 ipsum;
2055 3381 2211 3437 nobis
2240 3374 2637 3450 quodammodo
2669 3370 2999 3428 conveniens
3023 3373 3108 3420 est
3135 3376 3317 3419 sermo
3337 3369 3398 3415 ut

1819 3475 2053 3529 dicatur.
2093 3471 2332 3527 Necdum
2391 3477 2571 3522 tamen
2615 3463 2707 3519 illa
2751 3462 3140 3528 interpretatur
3179 3464 3394 3508 natura.

1818 3563 1930 3618 Nos
1948 3562 2093 3616 enim
2116 3569 2174 3614 ut
2198 3574 2306 3613 non
2337 3568 2610 3612 taceamus
2633 3553 2752 3608 ideo
2778 3549 3028 3604 dicimus.
3055 3545 3193 3613 Quid
3213 3553 3398 3596 autem

1819 3661 1904 3709 est
1930 3651 2073 3707 Deus
2111 3663 2219 3703 non
2251 3647 2673 3714 interpretamur
2699 3657 2715 3695 :
2750 3636 2880 3707 quid
2906 3632 3051 3690 enim
3094 3631 3285 3684 horum
3316 3628 3400 3680 in-

1825 3742 2142 3813 terpretatio
2177 3748 2261 3794 est
2294 3735 2413 3802 Dei,
2449 3735 2566 3789 sine
2597 3730 2775 3794 initio,
2815 3741 2922 3780 non
2957 3732 3139 3784 natus,
3175 3720 3400 3772 immor-

1825 3837 1970 3903 talis,
2005 3836 2371 3900 incorruptus,
2399 3822 2776 3887 immutabilis,
2809 3815 3122 3878 immobilis,
3154 3811 3399 3863 inacces-

1823 3927 2018 3992 sibilis,
2050 3920 2455 3984 inenarrabilis,
2505 3903 3106 3982 incomprehensibilis?
3140 3902 3246 3955 Per
3284 3898 3402 3952 haec

1824 4035 1954 4090 ergo
1981 3991 2162 4073 omnia
2214 4029 2323 4070 non
2351 4021 2433 4066 est
2460 4010 2668 4064 dictum
2714 4003 2844 4074 quid
2878 4009 2981 4064 est,
3009 3997 3100 4052 sed
3128 3991 3256 4064 quid
3293 4003 3401 4043 non

1825 4123 1911 4169 est
1952 4128 1969 4167 :
2009 4110 2157 4166 velut
2205 4107 2252 4162 si
2275 4106 2400 4175 quis
2427 4096 2780 4170 interpretari
2812 4109 2920 4148 non
2955 4088 3224 4145 sufﬁciens
3258 4080 3404 4152 quod

1825 4213 1914 4260 est
1952 4202 2155 4266 lumen,
2205 4173 2352 4252 dicat
2380 4193 2524 4261 quod
2555 4204 2660 4244 non
2695 4197 2779 4241 est
2812 4183 3180 4238 tenebrosum.
3215 4173 3406 4227 Dicere

1828 4306 2009 4352 autem
2035 4291 2177 4362 quod
2202 4288 2542 4343 tenebrosum
2574 4285 2802 4343 nonest,
2838 4288 2943 4327 non
2978 4269 3150 4324 solum
3183 4277 3285 4316 non
3309 4275 3406 4314 ex-

1833 4387 2009 4444 hibuit
2031 4395 2282 4440 naturam
2316 4374 2556 4438 luminis,
2591 4373 2684 4427 sed
2714 4377 2769 4422 et
2797 4365 2966 4434 magis
3000 4362 3234 4429 ipsarum
3263 4361 3407 4404 tene-

1830 4481 2052 4534 brarum
2092 4481 2341 4528 naturam
2374 4464 2613 4535 negavit.
2657 4453 2983 4515 Immortalis
3011 4448 3154 4503 enim
3185 4443 3404 4506 dicitur,

1832 4571 1959 4639 quia
1989 4582 2095 4622 non
2118 4564 2404 4626 morietur,
2436 4568 2490 4613 et
2516 4557 2859 4618 incorruptus
2889 4545 3013 4615 quia
3042 4555 3146 4594 non
3170 4549 3409 4592 corrum-

1835 4626 1997 4730 pitur.
2026 4655 2146 4710 Non
2188 4665 2366 4716 natus,
2409 4648 2500 4717 qui
2525 4643 2737 4700 initium
2771 4652 2877 4693 non
2906 4632 3087 4688 habet.
3124 4626 3248 4681 llmc
3285 4637 3407 4677 om-

1834 4711 1922 4806 hia
1952 4763 2058 4804 non
2089 4743 2220 4817 quid
2253 4711 2513 4797 est'Deus
2544 4734 2697 4797 dicit,
2746 4727 2842 4784 sed
2889 4723 3017 4795 quid
3049 4735 3153 4774 non
3179 4724 3282 4774 est.
3327 4711 3408 4768 lta

1836 4858 1934 4913 per
1967 4855 2032 4894 ea
2063 4816 2185 4908 quae
2217 4836 2447 4891 dicimus
2485 4829 2604 4884 sine
2636 4816 3084 4890 interpretatione
3123 4824 3244 4864 eum
3274 4821 3410 4862 con-

1833 4904 2165 4990 iitemurJSi
2199 4926 2495 4983 dixerimus
2523 4933 2646 4975 eum
2671 4917 2877 4971 fontem
2912 4904 3182 4966 veritatis,
3218 4913 3413 4955 nomen

1835 4987 2119 5080 veritatem
2142 5035 2249 5075 non
2275 5014 2513 5071 exhibet.
2558 5006 2664 5064 Sed
2690 5005 2815 5075 quia
2842 5016 2949 5056 non
2973 4997 3235 5052 habemus
3270 4987 3414 5080 quod

1835 5118 2103 5180 dicamus,
2147 5126 2215 5166 ex
2270 5109 2355 5164 his
2401 5119 2521 5175 qua:
2570 5102 2834 5156 habemus
2872 5092 3141 5150 dicamus,
3187 5079 3416 5135 mutuati

1839 5208 2031 5262 alienis
2063 5199 2373 5256 nominibus
2409 5194 2524 5268 (95)
2557 5194 2758 5248 utimur
2794 5202 2808 5236 :
2850 5182 2971 5237 fons
2994 5178 3137 5233 enim
3165 5169 3406 5268 agnosci-

1844 5308 1932 5352 tur
1969 5294 2111 5349 unde
2141 5300 2246 5357 est,
2277 5258 2626 5343 Deus‘autem
2663 5293 2770 5334 non
2806 5273 2971 5330 habet
2999 5267 3172 5329 unde;
3205 5271 3261 5315 et
3299 5258 3421 5312 fons

1833 5467 1878 5518 οδ
1911 5480 2040 5537 ibid.
2116 5477 2159 5509 ⁹¹
2184 5475 2341 5532 Joan.
2367 5485 2468 5537 xu,
2493 5468 2584 5523 49.
2658 5465 2702 5496 ⁸⁸
2727 5463 2748 5516 l
2773 5460 2899 5517 Cor.
2940 5470 3053 5518 xw,
3078 5452 3170 5508 '53.

1919 5596 2030 5670 (94)
2059 5595 2157 5670 iis.
2283 5589 2443 5670 Pater
2467 5595 2564 5670 est,
2595 5591 2649 5663 ut
2670 5579 2823 5655 dicis.

2182 5643 2454 5720 iiutuatis
2481 5643 2667 5710 alienis
2694 5643 3010 5704 nominibus.

3461 5438 3472 5482 ι
