3810 6218
478 305 612 361 1065

1176 299 1441 355 EUSEBII
1479 297 1949 355 CESARIENSIS
1984 299 2136 358 OPP.
2179 299 2360 356 PARS
2396 300 2488 358 IV.
2529 331 2598 342 —
2633 298 3060 356 DOGMATICA.

3594 297 3715 354 i063

469 431 682 477 meatus
706 432 869 488 supra
900 425 1106 472 meatus
1129 417 1378 480 effundit,
1407 417 1545 472 Deus
1570 426 1748 471 autem
1773 419 1824 471 in
1849 432 1914 471 eo
1933 418 2123 488 ipsoA
2148 434 2308 487 quem
2349 428 2475 473 sunt
2517 426 2732 473 cuncta.
2776 417 2891 470 Non
2919 426 3001 472 est
3028 433 3192 471 unum
3229 433 3295 472 ex
3342 417 3617 480 omnibus,
3639 422 3714 473 sed

465 514 610 583 quod
643 522 726 566 est
761 518 984 564 manet:
1021 524 1194 569 neque
1216 509 1359 563 enim
1397 525 1498 563 vox
1523 509 1854 564 conveniens
1888 512 2044 566 inve-

465 607 636 670 nitur,
667 615 840 670 neque
885 602 1222 670 comparatio
1267 602 1589 668 perveniens
1620 601 1686 655 ad
1718 601 1864 654 illam
1890 613 2049 656 natu-

467 710 584 750 ram
609 711 626 750 :
657 693 750 749 sed
775 705 834 747 ut
855 708 961 747 non
989 703 1261 747 taceamus
1283 691 1598 760 colligentes
1618 708 1737 763 qua:
1753 693 2047 758 habemus;

465 803 588 841 cum
621 796 800 840 autem
834 785 1017 839 omnia
1046 785 1362 849 dixerimus,
1403 796 1532 840 tunc
1566 785 1894 841 conﬁtemur
1923 787 2049 855 quia

461 895 584 950 quae
609 880 847 935 dicimus
900 879 1033 932 nihil
1083 877 1338 932 differunt
1375 892 1406 932 a
1449 879 1841 933 taciturnitate.
1887 879 2051 934 Pater

462 989 533 1026 ex
561 986 628 1027 eo
679 971 997 1040 agnoscitur
1038 969 1208 1041 figura
1239 971 1383 1040 quod
1416 980 1500 1025 est
1541 986 1646 1026 non
1676 981 1854 1026 natus.
1897 970 2052 1027 Unus

461 1065 607 1119 enim
631 1074 714 1118 est
745 1064 881 1132 ipse,
913 1063 1006 1132 qui
1037 1071 1251 1116 nonest
1285 1064 1352 1116 ah
1382 1062 1490 1118 alio
1536 1081 1549 1117 :
1585 1080 1725 1118 unus
1761 1074 1845 1119 est
1867 1066 1958 1135 qui
1981 1081 2051 1121 ex

462 1171 528 1209 eo
553 1156 697 1225 quod
725 1171 831 1209 non
855 1165 1012 1210 natus
1039 1165 1124 1209 est
1144 1155 1476 1224 agnoscitur.
1505 1153 1620 1208 Non
1654 1154 1822 1210 frater
1843 1157 1913 1221 ei,
1945 1171 2051 1210 non

463 1247 628 1302 Pater
656 1247 861 1312 Patris,
910 1249 1005 1302 sed
1059 1246 1352 1315 singularis
1405 1256 1596 1300 natura
1644 1258 1772 1300 est:
1820 1259 1875 1302 et
1904 1248 1958 1302 in
1987 1262 2050 1303 ea

465 1341 611 1410 quod
648 1355 752 1395 non
789 1351 950 1394 natus
986 1350 1088 1405 est,
1117 1354 1244 1392 vere
1270 1338 1418 1393 solus
1451 1340 1781 1406 ostenditur,
1816 1355 1923 1394 non
1952 1355 2051 1394 na-

467 1446 557 1489 tus
595 1434 754 1488 Pater
789 1452 802 1488 :
852 1434 920 1486 ab
973 1433 1074 1487 hoc
1115 1446 1246 1487 sane
1281 1449 1388 1487 non
1437 1442 1568 1488 nato
1611 1444 1866 1487 manente
1905 1433 2053 1502 quod

467 1537 553 1582 est
604 1525 892 1588 indivisus,
947 1525 1233 1591 inscissus,
1287 1525 1621 1593 impartitus,
1683 1525 2050 1593 impassibilis,

467 1619 783 1688 unigenitus
820 1628 908 1673 est
937 1615 1106 1671 Filius
1138 1628 1296 1671 natus
1326 1635 1341 1671 :
1370 1632 1544 1686 neque
1566 1618 1704 1672 alius
1724 1628 1805 1672 est
1830 1634 1934 1673 non
1967 1633 2055 1672 na-

468 1720 576 1776 tus,
629 1726 802 1781 neque
839 1710 975 1764 alius
1027 1710 1372 1780 unigenitus;
1429 1714 1522 1765 sed
1563 1727 1704 1766 unus
1747 1726 1852 1766 non
1898 1723 2054 1768 natus

466 1803 651 1869 Pater,
685 1812 740 1857 et
773 1818 912 1857 unus
939 1802 1251 1870 unigenitus
1267 1803 1457 1858 Filius.
1490 1804 1610 1858 Haec
1636 1820 1739 1857 non
1765 1821 1860 1858 nos
1893 1806 2056 1860 extol.

468 1895 604 1960 lunt,
654 1893 913 1947 memoria
948 1891 1092 1946 illius
1141 1894 1280 1948 beati
1318 1895 1439 1948 viri.
1479 1895 1694 1949 Utinam
1750 1908 1927 1951 autem
1982 1899 2055 1951 ita

467 1985 670 2050 possim
703 1983 902 2048 dicere,
927 1993 988 2036 ut
1018 1983 1295 2038 vobiscum
1323 1999 1536 2053 semper
1558 1987 1625 2038 ab
1653 1987 1843 2040 eodem
1870 1987 2056 2042 audie-

467 2073 611 2126 bam.
659 2072 764 2127 Sed
811 2089 874 2127 ea
903 2090 1022 2144 qua:
1059 2090 1202 2128 nunc
1230 2075 1508 2140 dicuntur,
1546 2077 1620 2130 illi
1655 2078 1850 2146 placita
1890 2079 2055 2133 fuisse

468 2166 742 2219 videntur.
787 2165 969 2220 Gloria
1011 2167 1154 2220 enim
1181 2179 1265 2222 est
1289 2168 1582 2237 proborum
1613 2185 1894 2224 servorum
1924 2187 2051 2227 vera

467 2257 534 2310 de
565 2244 789 2311 Domino
815 2256 996 2312 dicere
1022 2274 1036 2310 :
1067 2265 1124 2312 et
1153 2258 1327 2312 honor
1348 2273 1535 2312 eorum
1563 2271 1776 2329 patrum
1800 2262 1890 2329 qui
1916 2261 2054 2315 bene

469 2348 792 2413 docuerunt,
817 2349 861 2403 si
898 2359 1215 2418 repetantur
1244 2366 1432 2405 eorum
1469 2353 1744 2407 doctrinae.
1774 2351 1925 2408 Unus
1947 2355 2050 2424 igi-

467 2450 560 2495 tur
599 2450 683 2496 est
716 2456 823 2495 non
855 2453 1016 2495 natus
1042 2443 1183 2497 Deus
1221 2461 1235 2498 :
1276 2459 1430 2496 serva
1464 2443 1573 2514 (96)
1607 2461 1711 2498 non
1739 2455 1899 2500 natus
1923 2461 2048 2500 cum

471 2534 654 2601 Patre,
689 2544 744 2589 et
776 2549 881 2590 non
907 2536 1132 2591 habebis
1157 2536 1210 2590 in
1243 2538 1425 2591 anima
1450 2537 1818 2592 confusionem
1850 2553 2048 2593 :serva

471 2625 781 2695 unigenitus
819 2639 940 2680 cum
971 2625 1124 2692 Filio,
1152 2635 1204 2680 et
1232 2641 1337 2680 non
1368 2627 1690 2692 turbaberis,
1744 2641 1917 2695 neque
1934 2627 2048 2696 jam

469 2721 580 2774 eris
605 2718 844 2773 incertus
883 2719 1336 2788 quemadmodum
1369 2719 1508 2773 Deus
1557 2729 1611 2772 et
1644 2718 1806 2786 Deus,
1841 2731 1896 2774 et
1939 2736 2048 2776 non

476 2807 594 2863 Dei.
633 2808 772 2875 Quia
825 2809 972 2863 enim
1011 2809 1211 2863 retines
1235 2825 1374 2864 unus
1411 2809 1552 2864 Deus
1595 2825 1699 2863 non
1757 2821 1938 2876 natus,
1977 2797 2049 2867 ἐι

472 2913 610 2952 unus
639 2899 780 2953 Deus
807 2899 1155 2968 unigenitus;
1186 2899 1304 2954 ideo
1329 2915 1434 2954 non
1458 2901 1555 2965 dii,
1580 2901 1704 2970 quia
1735 2917 1913 2971 neque
1940 2919 2044 2958 non

472 2990 613 3054 nati,
647 3003 820 3060 neque
859 2991 1117 3061 unigeniti
1154 3008 1168 3044 :
1209 3006 1368 3045 serva
1416 2992 1644 3060 figuram
1681 3008 1784 3047 non
1817 2995 1946 3056 nali,
1992 3005 2047 3050 et

468 3081 730 3138 confitere
760 3083 986 3154 figuram
1015 3083 1305 3154 unigeniti,
1357 3094 1412 3138 et
1449 3085 1591 3138 nulla
1641 3085 1852 3140 turbela
1878 3098 1959 3141 est
1989 3088 2043 3141 in

473 3175 676 3240 medio,
711 3190 816 3230 non
845 3175 931 3240 lis,
966 3189 1072 3230 non
1117 3179 1416 3244 contentio,
1447 3194 1554 3233 non
1581 3179 1838 3248 jurgium.
1888 3179 2050 3234 Pater

475 3279 583 3318 non
611 3265 714 3320 sibi
745 3267 973 3320 ascribit
1019 3265 1234 3321 Patrem
1277 3284 1292 3325 :
1332 3268 1504 3324 Filius
1529 3285 1668 3324 unus
1696 3271 1798 3324 sibi
1833 3273 2054 3327 ascribit

472 3355 690 3411 Patrem
725 3376 740 3413 ε
770 3357 933 3413 Pater
955 3374 984 3413 a
1025 3359 1176 3414 nullo
1205 3370 1311 3426 est,
1346 3359 1514 3416 Filius
1543 3364 1610 3416 ab
1637 3379 1744 3418 uno
1768 3373 1852 3418 est
1871 3363 2052 3420 Patre.

474 3449 918 3521 Non'suscipiunt
949 3452 1063 3507 hac
1085 3451 1257 3518 litem,
1281 3447 1375 3508 aut
1396 3453 1598 3509 habent
1627 3455 2050 3511 dubitationem:

473 3542 544 3598 Ut
572 3556 890 3615 cognoscant
924 3555 972 3600 te
1014 3547 1182 3601 solum
1217 3564 1391 3602 verum
1444 3547 1613 3603 Deum
1637 3549 1685 3580 "
1719 3568 1732 3603 :
1778 3567 1883 3605 non
1927 3553 2054 3621 quia

473 3653 580 3692 non
605 3653 731 3693 vere
751 3647 834 3693 est
862 3638 1167 3708 unigenitus
1192 3638 1363 3696 Filius
1383 3640 1499 3706 Dei,
1531 3643 1626 3697 sed
1650 3643 1775 3713 quia
1798 3658 1827 3696 a
1861 3654 2057 3698 seruet-

471 3729 607 3798 ipso,
637 3739 692 3784 et
734 3745 799 3785 ex
831 3731 1142 3800 semetipso,
1172 3740 1225 3786 et
1267 3745 1362 3801 per
1386 3734 1754 3803 semetipsum,
1793 3735 1839 3788 si
1877 3743 2056 3789 tamen

472 3823 545 3874 ita
573 3823 681 3876 dici
708 3823 865 3877 debet
896 3841 909 3878 :
944 3822 1065 3878 fons
1086 3833 1141 3878 et
1168 3823 1493 3892 principium
1517 3826 1760 3879 omnium
1793 3827 2054 3881 bonorum

471 3923 555 3968 est
593 3912 774 3977 Pater,
806 3915 896 3983 qui
933 3916 1119 3984 genuit
1153 3915 1312 3970 talem
1343 3917 1536 3970 bonam
1587 3917 1916 3987 progeniem.
1951 3917 2057 3970 Bo-

475 4021 576 4058 nus
601 4007 744 4059 enim
782 4005 948 4060 Filius
971 4019 1077 4070 est,
1101 4007 1195 4062 sed
1219 4008 1361 4062 cedit
1390 4009 1686 4063 bonitatem
1717 4025 1817 4064 suo
1852 4012 2057 4080 genito-

473 4096 543 4158 ri,
573 4110 678 4148 non
703 4097 970 4152 mentiens
990 4097 1084 4152 sed
1105 4097 1280 4153 sciens
1301 4099 1443 4154 unde
1464 4109 1565 4152 est.
1596 4099 1726 4154 Sine
1753 4101 2053 4170 principio:

470 4187 801 4256 principium
833 4198 1012 4242 autem
1039 4189 1160 4242 dico
1195 4206 1300 4244 non
1335 4200 1654 4260 temporum,
1691 4207 1794 4244 non
1834 4193 2056 4248 saeculo-

474 4294 635 4345 rum;
672 4279 787 4334 haec
821 4281 966 4334 enim
992 4295 1088 4349 per
1122 4279 1317 4335 Filium
1350 4282 1491 4337 facta
1523 4296 1669 4344 sunt,
1709 4295 1763 4338 et
1798 4301 1901 4338 non
1931 4301 2055 4340 cum

470 4371 612 4426 Filio
675 4381 798 4426 nata
855 4389 869 4425 :
929 4386 1036 4424 non
1103 4381 1313 4425 tantum
1385 4373 1528 4426 enim
1591 4389 1699 4428 non
1768 4384 1895 4431 ante
1964 4375 2056 4429 Fi-

2150 528 2245 580 per
2265 526 2427 580 quem
2452 520 2582 565 sunt
2623 511 2806 565 omnia
2837 529 2852 564 :
2887 511 3003 578 ipse
3024 525 3054 563 a
3079 509 3240 564 Patre
3287 510 3455 565 habet
3484 513 3626 579 quod
3651 524 3714 566 est

2151 603 2323 658 haeres
2357 621 2372 658 :
2403 618 2507 656 non
2536 612 2619 657 est
2652 619 2717 657 ex
2752 605 3086 658 haereditate.
3113 603 3416 659 Consessor
3440 617 3550 657 non
3569 615 3714 658 estex

2150 695 2358 766 angelis
2390 696 2481 765 qui
2515 695 2754 761 adstant,
2805 711 2980 763 neque
3019 711 3085 751 ex
3129 695 3475 766 archangelis
3514 713 3530 748 :
3579 695 3718 760 iudex

2150 789 2391 843 ornuium
2422 804 2525 843 non
2551 798 2635 844 est
2667 805 2807 845 unus
2835 805 2903 845 ex
2933 790 3016 844 his
3056 789 3147 858 qui
3180 789 3520 858 judicantur.
3556 787 3630 841 Ne
3657 799 3721 840 at-

2153 885 2340 940 trahas
2380 896 2629 939 naturam
2669 901 2794 957 quas
2837 902 2942 940 non
2976 887 3208 948 accedit,
3257 900 3433 953 neque
3471 887 3720 953 pervenit.

2153 975 2323 1042 Quem
2349 993 2416 1032 ex
2457 979 2558 1032 hoc
2591 978 2850 1033 debemus
2877 993 3073 1044 nosse;
3114 977 3242 1047 quia
3274 978 3648 1045 unusquisque
3669 991 3722 1028 ex

2156 1070 2240 1122 his
2282 1085 2403 1138 qua:
2446 1071 2596 1134 dicit,
2661 1081 2753 1125 aut
2809 1070 3129 1141 sibimetipsi
3172 1071 3394 1139 prodest
3430 1080 3531 1124 aut
3578 1069 3722 1122 hedit.

2155 1160 2262 1215 Res
2303 1162 2447 1216 enim
2478 1179 2542 1217 ex
2579 1163 2780 1218 nostris
2831 1165 3168 1218 sermonibus
3210 1178 3314 1217 non
3357 1161 3723 1216 transferetur.

2154 1252 2288 1318 Quia
2320 1254 2481 1323 igitur
2516 1252 2686 1310 Judaei
2718 1269 2821 1308 non
2866 1254 3191 1308 confitentur
3222 1253 3440 1315 Filium,
3483 1267 3594 1307 non
3623 1252 3726 1305 ideo

2156 1363 2262 1400 non
2288 1357 2370 1401 est
2397 1345 2585 1401 Filius.
2621 1345 2889 1401 Judicahit
2926 1348 3071 1402 enim
3094 1359 3188 1400 eos
3213 1346 3305 1415 qui
3335 1361 3442 1399 non
3478 1344 3722 1400 conﬁten-

2157 1448 2246 1492 tur
2270 1453 2394 1492 eum
2427 1455 2442 1492 :
2472 1437 2596 1506 quia
2631 1439 2846 1506 quidem
2890 1452 3086 1492 novum
3113 1436 3252 1490 istud
3283 1435 3633 1505 sacrilegium
3655 1435 3726 1486 in-

2160 1531 2514 1587 troduxerunt
2539 1533 2801 1595 dicentes,
2854 1531 3106 1586 eumdem
3152 1531 3324 1598 ipsum
3354 1543 3481 1584 esse
3526 1528 3725 1582 Patrem

2158 1639 2316 1692 quem
2343 1636 2397 1678 et
2425 1623 2622 1678 Filium
2658 1643 2673 1678 :
2713 1640 2888 1689 neque
2918 1622 3131 1678 Patrem
3154 1623 3370 1677 Patrem
3406 1623 3614 1686 dicent,
3649 1637 3728 1674 ne-

2160 1728 2264 1783 que
2286 1713 2479 1767 Filium
2511 1713 2710 1768 Filiqu
2737 1733 2750 1768 :
2791 1714 2882 1767 sed
2913 1713 3209 1768 secundum
3240 1715 3484 1781 ipsomm
3517 1713 3727 1766 sacrile-

2157 1808 2299 1875 gium
2326 1805 2456 1859 nihil
2481 1820 2721 1872 prorsus.
2747 1804 2803 1859 Si
2820 1805 2964 1858 enim
2989 1805 3148 1858 Pater
3171 1819 3275 1858 non
3300 1815 3385 1858 est
3408 1803 3596 1869 Pater,
3619 1803 3727 1872 quia

2158 1897 2272 1966 ipse
2299 1904 2384 1950 est
2415 1906 2468 1950 et
2493 1893 2682 1958 Filius,
2729 1904 2787 1948 ut
2830 1895 2927 1962 ipsi
2960 1893 3306 1963 flagitantur;
3349 1904 3403 1947 et
3435 1891 3612 1947 Filius
3638 1908 3726 1945 non

2156 1988 2348 2052 Filius,
2371 1989 2497 2057 quia
2526 1988 2639 2056 ipse
2669 1997 2752 2040 est
2779 1985 2940 2039 Pater
2970 2004 2982 2040 :
3013 2001 3179 2054 prope
3206 1994 3290 2039 est
3332 1995 3391 2037 ut
3420 1985 3613 2038 dicant
3650 1999 3725 2038 ne-

2154 2095 2260 2150 que
2290 2079 2505 2134 Patrem
2529 2094 2674 2141 esse,
2708 2093 2882 2147 neque
2913 2076 3108 2130 Filium
3143 2094 3156 2130 :
3189 2084 3246 2130 ut
3278 2091 3444 2129 unum
3478 2075 3627 2130 enim
3659 2075 3725 2127 fa-

2152 2174 2296 2228 ciunt
2329 2173 2472 2241 quod
2501 2188 2606 2226 non
2645 2170 2721 2224 fit.
2760 2169 2894 2236 Quis
2918 2171 3061 2224 enim
3101 2168 3299 2237 poterit
3323 2167 3520 2221 audire
3571 2167 3725 2235 ipsum

2152 2282 2212 2321 se
2233 2266 2337 2320 sibi
2369 2280 2490 2319 esse
2535 2263 2792 2318 Patrem?
2831 2263 2952 2332 quis
3003 2264 3201 2332 poterit
3234 2261 3449 2314 Patrem
3485 2261 3658 2328 ipsum
3682 2275 3728 2312 se

2152 2359 2256 2414 sihi
2292 2374 2413 2413 esse
2462 2356 2696 2412 Filium?
2747 2355 2804 2410 Si
2855 2355 3000 2409 enim
3055 2355 3274 2408 voluero
3309 2363 3528 2407 mutare
3563 2367 3726 2406 vocem

2151 2467 2348 2514 meam,
2387 2467 2490 2504 non
2523 2459 2760 2504 mutatur
2785 2458 3021 2502 vestrum
3051 2446 3402 2516 propositum.
3431 2445 3628 2499 Nonne
3649 2459 3728 2512 pu-

2153 2547 2279 2599 tatis
2305 2559 2388 2596 me
2424 2543 2598 2596 aliena
2643 2541 2827 2610 loqui?
2854 2539 3043 2594 Dicam
3075 2554 3206 2609 ergo
3227 2538 3388 2592 Pater
3419 2553 3535 2591 non
3563 2535 3726 2597 Pater,

2150 2643 2206 2689 et
2234 2633 2406 2688 Filius
2447 2648 2550 2686 nou
2580 2629 2769 2684 Filius.
2811 2629 2944 2683 Nam
2971 2638 3026 2684 et
3062 2629 3108 2682 si
3132 2629 3340 2692 dixero,
3379 2631 3501 2696 ipse
3530 2627 3630 2680 sibi
3662 2637 3729 2679 est

2149 2726 2330 2791 Pater,
2360 2735 2413 2778 et
2438 2726 2550 2794 ipse
2569 2725 2670 2778 sibi
2696 2733 2778 2777 est
2809 2723 3010 2787 Filius;
3039 2736 3218 2776 nonne
3245 2720 3532 2774 insaniam
3562 2723 3727 2774 statim

2148 2818 2456 2889 significant
2481 2832 2762 2872 sermones
2800 2815 2941 2869 mei?
2976 2815 3078 2868 sed’
3100 2829 3186 2868 me
3227 2829 3331 2867 non
3372 2823 3592 2866 tantum
3628 2828 3727 2865 mo-

2149 2919 2313 2966 veaut
2345 2909 2629 2963 adversum
2676 2924 2772 2963 eos
2800 2907 2891 2976 qui
2918 2906 3192 2966 dixerunt,
3248 2911 3520 2972 quantum
3571 2913 3727 2956 movet

2147 3009 2199 3054 et
2230 2998 2493 3054 adversus
2522 3011 2619 3052 eos
2649 2997 2742 3066 qui
2797 2995 3076 3065 patiuntur
3118 3011 3130 3045 :
3159 2993 3572 3048 calumniantur
3602 2995 3728 3047 enim

2074 3117 2117 3175 α
2151 3089 2220 3142 ab
2265 3089 2456 3142 iisdem
2507 3097 2561 3141 et
2613 3085 2925 3154 Scriptor-ae.
2983 3080 3096 3151 Ego
3138 3092 3310 3137 :teue
3335 3081 3474 3150 Ego,
3514 3091 3571 3135 et
3594 3097 3728 3175 serva

2154 3179 2590 3249 coniunctionem
2635 3197 2648 3232 :
2688 3177 2800 3247 Ego
2838 3187 2886 3231 et
2933 3175 3096 3229 Pater
3132 3193 3293 3228 unum
3323 3192 3515 3230 sumus
3539 3177 3604 3229 ".
3628 3173 3725 3228 Non

2157 3283 2336 3327 tamen
2383 3286 2488 3325 non
2532 3285 2744 3324 sumus.
2796 3269 3079 3324 Contraria
3124 3269 3270 3323 enim
3328 3269 3728 3337 importunitate

2157 3362 2312 3431 plena
2341 3372 2487 3416 sunt.
2539 3360 2706 3414 Filius
2754 3361 2905 3425 dicit,
2960 3359 3101 3430 Ego;
3138 3360 3225 3414 ille
3253 3359 3403 3424 dicit,
3455 3359 3579 3414 Non
3613 3373 3723 3425 ego:

2155 3453 2325 3508 Filius
2359 3453 2510 3516 dicit,
2539 3461 2594 3506 et
2642 3451 2832 3515 Pater;
2883 3451 2972 3505 ille
2997 3452 3146 3515 dicit,
3189 3465 3293 3504 non
3323 3449 3513 3505 Pater.
3549 3451 3722 3510 Unum,

2159 3545 2353 3614 inquit,
2384 3560 2602 3609 sumus;
2639 3554 2693 3598 et
2719 3543 2808 3598 ille
2842 3552 3053 3607 contra,
3083 3559 3189 3598 non
3224 3559 3428 3599 sumus.
3488 3546 3595 3599 Aut
3617 3543 3723 3614 quid

2157 3639 2418 3706 scriptum
2447 3635 2576 3690 est?
2602 3645 2696 3689 aut
2726 3635 2854 3704 quid
2885 3635 3167 3690 delemus?
3193 3646 3286 3691 aut
3309 3636 3438 3704 quid
3477 3634 3725 3708 legimus?

2157 3739 2250 3783 aut
2279 3730 2408 3799 quid
2437 3729 2812 3799 agnoscimus?
2842 3728 2952 3797 Ego
2985 3729 3038 3782 in
3069 3727 3231 3784 Patre
3277 3739 3328 3784 et
3349 3729 3520 3784 Pater
3558 3732 3606 3782 in
3634 3744 3721 3782 me.

2159 3821 2275 3878 Non
2308 3832 2486 3876 tamen
2514 3821 2638 3892 quia
2673 3835 2845 3890 neque
2873 3837 2995 3890 ego,
3033 3836 3208 3890 neque
3233 3821 3394 3876 Pater
3425 3843 3438 3875 :
3485 3821 3724 3891 quemad-

2159 3914 2376 3968 modum
2419 3923 2600 3968 autem
2648 3911 2808 3968 Pater
2845 3913 2899 3967 in
2951 3912 3110 3977 Filio,
3160 3924 3214 3967 et
3243 3912 3414 3968 Filius
3476 3915 3532 3968 in
3565 3913 3720 3973 Patre,

2159 4005 2393 4059 maxime
2414 4005 2633 4074 quidem
2655 4019 2754 4058 cur
2776 4005 2942 4058 audes
2969 4003 3251 4072 quaerere?
3278 4005 3324 4058 is
3337 4004 3490 4057 enim
3519 4004 3608 4073 qui
3630 4002 3720 4071 (97)

2157 4100 2320 4152 estin
2351 4110 2416 4151 eo
2446 4097 2536 4165 qui
2584 4105 2687 4159 est,
2741 4110 2844 4149 non
2881 4095 3006 4163 quia
3035 4109 3140 4148 non
3182 4095 3605 4167 est'dvurtipxst
3632 4113 3643 4149 :
3669 4112 3720 4147 an

2159 4189 2283 4257 quia
2315 4203 2418 4242 non
2443 4197 2521 4242 est
2554 4187 2716 4242 Pater
2746 4199 2804 4241 ut
2835 4188 2905 4242 sit
2948 4189 3000 4240 in
3033 4187 3171 4242 Filio
3192 4187 3543 4258 ἀνυπάρχειῖ
3572 4204 3722 4257 neque

2158 4298 2264 4337 non
2294 4291 2378 4337 est
2405 4282 2572 4336 Filius
2602 4281 2693 4350 qui
2725 4289 2806 4334 est
2842 4282 2892 4333 in
2927 4280 3091 4335 Patre
3119 4280 3414 4350 significat.
3462 4281 3720 4350 Siquidem

2159 4383 2215 4428 et
2250 4372 2476 4442 apostoli
2509 4371 2794 4425 duodecim
2825 4387 2989 4424 unum
3020 4380 3168 4434 sunt,
3201 4380 3257 4424 et
3285 4373 3648 4440 septuaginta,
3679 4379 3720 4422 et

469 4464 601 4519 lium
641 4505 658 4532 ,
709 4473 768 4518 ut
816 4463 862 4518 si
918 4463 1076 4517 aliter
1129 4462 1259 4532 quid
1321 4463 1670 4519 introducere
1729 4481 1850 4519 cum
1912 4465 2050 4521 Filio
2083 4449 2129 4506 Ῑ)
2157 4465 2458 4536 quingenti,
2505 4473 2560 4518 et
2612 4473 2721 4517 tota
2760 4462 2997 4517 Ecclesia
3044 4477 3231 4515 unum.
3271 4461 3336 4515 Et
3365 4478 3433 4515 ne
3469 4472 3625 4532 putes
3652 4473 3720 4512 me

469 4555 745 4620 volueris,
800 4570 905 4610 non
959 4555 1196 4610 salvabis
1274 4553 1656 4624 unigenitum,
1738 4557 1833 4612 sed
1907 4559 2049 4612 sicut

417 4664 424 4672 ·
469 4648 632 4702 Pater
664 4648 811 4703 solus
861 4663 965 4703 non
1015 4657 1174 4702 natus
1219 4658 1325 4714 e5t,
1372 4657 1428 4702 et
1487 4649 1533 4704 si
1590 4649 1793 4706 dixeris
1847 4647 2044 4706 Filium

469 4755 576 4794 non
632 4749 838 4805 natum,
880 4739 1202 4809 periclitaris
1268 4740 1334 4793 de
1383 4755 1448 4794 eo
1503 4742 1646 4810 quod
1701 4743 1835 4798 dicis
1885 4758 1901 4796 :
1971 4743 2048 4798 ita

471 4833 516 4886 si
573 4831 701 4901 quid
748 4833 1144 4900 computaveris
1177 4849 1300 4887 cum
1353 4832 1650 4902 unigenito,
1682 4836 1809 4904 quid
1862 4835 2048 4904 loque—

469 4926 548 4980 ris
574 4925 810 4994 ignoras.
853 4921 1001 4978 Unus
1025 4907 1167 4978 enim
1201 4935 1287 4978 est
1318 4941 1426 4979 non
1460 4934 1639 4992 natus,
1675 4936 1728 4980 et
1761 4927 1867 4982 noli
1897 4943 2045 4998 qua:-

469 5030 593 5070 rere
619 5015 780 5069 alium
835 5030 942 5068 non
999 5027 1182 5069 natum
1223 5035 1236 5071 :
1277 5032 1415 5072 unus
1463 5018 1794 5088 unigenitus,
1837 5029 1894 5074 et
1937 5021 2046 5075 noli

469 5121 712 5176 quaerere
738 5107 900 5161 alium
929 5106 1142 5174 Filium,
1174 5123 1240 5161 ne
1273 5110 1636 5179 interrumpas
1661 5111 1992 5180 unigenitum
2029 5131 2042 5165 :

470 5198 778 5267 unigenitus
807 5199 950 5252 enim
987 5214 1093 5254 non
1135 5208 1218 5254 est
1267 5214 1432 5255 unum
1463 5216 1529 5256 ex
1556 5204 1786 5269 cunctis,
1817 5203 1912 5258 sed
1951 5219 2048 5274 per

2156 4560 2220 4613 ad
2260 4558 2492 4611 humana
2521 4556 2791 4612 deducere
2819 4557 3001 4611 divina
3042 4571 3057 4608 :
3091 4555 3185 4608 sed
3215 4555 3418 4609 utimur
3457 4568 3719 4623 compara-

2156 4650 2398 4705 tionibus
2433 4664 2556 4703 curu
2606 4649 2938 4718 indulgentia
2981 4649 3121 4717 apud
3170 4646 3390 4713 fratres,
3433 4658 3492 4701 et
3527 4653 3719 4700 maneat

2157 4745 2299 4799 Deus
2342 4753 2402 4796 ut
2446 4752 2546 4796 est.
2584 4742 2791 4796 Tamen
2827 4743 2871 4796 si
2925 4739 3227 4795 dixerimus
3280 4740 3716 4807 quemadmodum

2149 4833 2325 4888 omnis
2361 4833 2600 4888 Ecclesia
2635 4847 2755 4901 qua:
2802 4834 3004 4901 ubique
3049 4845 3155 4898 est,
3187 4848 3354 4886 unum
3386 4849 3586 4902 corpus
3616 4840 3712 4891 est;

2148 4926 2328 4981 nullus
2367 4925 2732 4994 reprehendat
2765 4942 2780 4979 :
2831 4926 2956 4992 quia
3003 4939 3108 4978 non
3148 4927 3413 4978 mentitur
3475 4928 3611 4979 Deus
3637 4922 3712 4992 qui

2149 5018 2285 5071 dixit
2315 5036 2328 5071 :
2363 5016 2475 5086 Ego
2508 5018 2564 5070 in
2596 5019 2742 5085 ipsis,
2773 5028 2819 5070 at
2842 5029 2899 5070 tu
2922 5020 2976 5070 in
2998 5035 3079 5071 me
3099 5018 3166 5071 θ’.
3201 5017 3316 5071 Non
3349 5020 3476 5087 quia
3502 5021 3712 5085 abnega-

2150 5114 2353 5165 tionern
2388 5109 2566 5165 Patris
2614 5111 2898 5180 irreligiosi
2954 5125 3232 5165 sermones
3287 5112 3510 5175 docent,
3564 5121 3711 5176 neque

2149 5204 2293 5272 quod
2326 5220 2433 5258 non
2465 5206 2538 5258 sit
2589 5205 2634 5258 is
2657 5206 2748 5273 qui
2780 5206 2985 5275 genuit,
3043 5220 3220 5273 neque
3260 5206 3594 5273 spretionem
3615 5202 3710 5269 ejus

537 5315 585 5346 ”
605 5313 758 5370 Joan.
795 5329 928 5378 xvu,
962 5315 1048 5368 i5.
1126 5313 1171 5344 “
1200 5312 1357 5370 Joan.
1389 5329 1442 5380 x,
1475 5315 1565 5370 50.
1640 5315 1687 5346 ³⁸
1713 5313 1869 5370 Joan.
1898 5331 2036 5382 xvtt,
2069 5313 2159 5370 2'5.

543 5449 653 5540 (9b)
683 5466 864 5540 Serua.
891 5466 1343 5540 Τήρβιηοὸεενυα.
1377 5470 1487 5522 Aut
1515 5469 1678 5524 etiam
1717 5479 1884 5533 tuere,
1920 5471 2045 5524 reti-

469 5555 554 5658 nf.
585 5539 753 5606 Supra
783 5537 875 5591 lib.
909 5537 1060 5592 taln
1092 5537 1355 5608 principio
1383 5551 1518 5608 erat,
1551 5557 1698 5594 serva
1732 5542 1871 5609 quod
1904 5551 2038 5606 erat,

469 5623 499 5661 e
526 5623 572 5660 c.

543 5676 653 5750 (97)
684 5677 738 5730 Is
763 5684 901 5736 enim
937 5683 1045 5750 qui.
1090 5678 1312 5733 Videtur
1339 5678 1442 5734 hoc
1486 5679 1621 5736 velle
1649 5695 1664 5735 :
1705 5683 1750 5735 is
1779 5682 1914 5735 enim
1953 5681 2043 5748 qui

466 5755 541 5801 est
562 5748 614 5803 in
635 5765 692 5803 eo
718 5753 805 5807 aui
829 5763 925 5809 est.
950 5748 1054 5808 non
1073 5751 1186 5806 ideo
1210 5750 1531 5826 a’tvorcdtpxst,
1556 5752 1650 5808 hac
1675 5763 1773 5816 est,
1800 5768 1901 5806 non
1926 5753 2042 5808 ideo

2148 5488 2252 5546 non
2299 5473 2561 5546 subsistit.
2590 5473 2677 5546 Art
2707 5475 2822 5528 ideo
2861 5471 3022 5527 Pater
3056 5474 3383 5546 dwrtdpxet,
3430 5491 3530 5528 non
3563 5470 3703 5546 subsi-

2150 5543 2261 5608 stit,
2281 5545 2405 5612 quia
2433 5557 2508 5598 est
2548 5545 2603 5597 in
2629 5543 2772 5597 Filio
2790 5547 2816 5601 ?
2847 5547 3027 5613 Igitur
3081 5541 3257 5613 neque
3278 5541 3458 5598 Filius
3491 5541 3700 5613 ἁνυπάρτ

2149 5629 2255 5683 χει,
2281 5609 2384 5666 non
2407 5616 2659 5677 subsistit,
2684 5616 2810 5684 quia
2834 5609 2909 5668 est
2939 5617 2993 5668 in
3025 5609 3202 5684 Patre.
3237 5615 3478 5684 Respicit
3509 5618 3571 5666 ad
3595 5609 3697 5665 illud

2147 5684 2501 5807 gzall:‘.u:;.18,
2530 5697 2584 5742 et
2617 5683 2729 5756 xxv,
2757 5685 2846 5753 10,
2880 5688 2940 5742 il
2969 5703 2983 5740 :
3014 5683 3180 5742 Pater
3210 5685 3266 5740 in
3300 5683 3383 5740 me
3418 5698 3511 5753 est,
3545 5699 3590 5744 et
3622 5701 3696 5756 ego

2148 5770 2202 5808 tn
2231 5765 2409 5809 t'atre.
