3810 6218
164 292 315 363 loss

1020 293 1113 356 ne
1150 298 1309 358 nos
1346 284 1718 357 Αυνειιειιδ
1751 284 2166 357 smmum.
2208 329 2273 337 —-
2313 292 2446 354 LIB.
2479 298 2544 356 ιι.

3301 299 3439 360 1066

162 421 268 491 qui
305 426 390 475 est
417 415 651 489 genitus.
686 412 793 469 Sed
823 415 870 472 si
902 430 1008 473 non
1040 427 1125 471 est
1152 416 1346 477 Filius.
1388 427 1440 473 et
1485 417 1757 488 quomodo
1787 420 1835 477 Α
1864 424 2086 485 propter
2121 424 2393 468 naturam.
2452 413 2531 469 Ex
2575 413 2796 487 Virgine
2837 416 2888 469 in
2946 417 3253 473 novissimis
3296 428 3437 473 tem-

161 522 303 569 sunt
338 525 399 566 ea
426 524 547 580 quae
574 524 670 579 per
708 507 903 563 Filium
926 506 1065 563 facta
1098 510 1269 563 sunt?
1295 508 1409 563 Non
1438 521 1521 565 est
1550 509 1756 564 Filius:

162 611 226 655 et
256 615 373 669 qua:
401 609 483 651 est
509 597 671 663 spes?
700 596 814 653 Non
841 607 926 651 est
975 600 1065 666 qui
1090 598 1302 666 judirat
1335 617 1351 655 :
1387 608 1442 653 et
1496 600 1762 669 quemad-

164 694 389 748 modum
419 691 723 762 judicium?
749 690 865 744 Non
888 701 971 745 est
992 692 1081 761 qui
1113 701 1340 745 coronat
1370 712 1381 745 :
1412 704 1466 746 et
1492 693 1762 761 quomodo

166 783 427 839 labores?
456 784 548 840 Est
597 800 735 838 unus
766 799 925 853 quem
969 784 1147 838 nullus
1184 786 1392 854 genuit,
1425 795 1480 839 et
1511 786 1761 853 unigeni-

162 884 262 930 tus
294 892 450 944 quem
484 892 619 931 unus
648 878 854 946 genuit.
886 875 1089 932 Genuit
1121 893 1254 932 sane
1304 878 1713 946 impassibiliter
1743 893 1757 931 :

162 984 283 1024 non
314 980 370 1023 ut
408 985 532 1037 nos,
582 972 672 1025 sed
716 979 776 1024 ut
819 970 904 1023 ille
941 988 954 1024 :
1005 986 1110 1024 non
1143 980 1201 1024 ut
1233 971 1426 1039 plantae
1471 988 1591 1041 qua:
1620 972 1759 1043 apud

162 1077 272 1117 nos
297 1072 445 1126 sunt,
472 1078 575 1115 non
612 1072 669 1116 ut
698 1062 891 1127 fontes,
921 1080 1024 1116 non
1064 1074 1121 1117 ut
1147 1063 1223 1117 sol
1258 1081 1272 1117 :
1313 1064 1446 1118 nihil
1477 1066 1620 1119 enim
1660 1068 1759 1120 ho-

164 1171 294 1210 rum
335 1171 453 1226 quze
492 1156 581 1209 hic
607 1163 752 1220 sunt,
791 1155 1145 1223 interpretari
1179 1156 1323 1208 illam
1354 1159 1758 1227 generationem

166 1256 419 1317 possunt.
450 1244 673 1301 Omnem
710 1248 856 1301 enim
890 1247 1155 1301 turbelam
1195 1248 1448 1302 humana:
1474 1264 1757 1317 compara-

166 1342 347 1395 tiones
366 1340 587 1404 faciunt,
607 1355 727 1394 cum
750 1340 1039 1408 accipimus
1057 1355 1159 1393 non
1188 1340 1379 1394 similia
1402 1342 1466 1393 ad
1489 1343 1757 1411 interpre-

166 1433 429 1485 tationem
461 1446 644 1486 eorum
675 1446 794 1500 qua:
823 1431 1163 1499 interpretari
1200 1446 1307 1484 non
1353 1442 1599 1500 possunt.
1636 1432 1760 1488 ldeo

164 1522 326 1590 lites,
361 1525 481 1578 ideo
523 1538 713 1592 pugnae
756 1535 1073 1577 nascuntur.
1117 1523 1172 1577 Si
1222 1534 1399 1578 autem
1433 1526 1760 1582 tacuerimus

163 1630 237 1669 ea
270 1632 387 1684 quze
420 1631 581 1684 supra
612 1630 796 1669 vocem
839 1626 985 1680 sunt,
1018 1627 1072 1672 et
1114 1618 1410 1672 dixerimus
1460 1620 1755 1687 possibilia,

164 1707 407 1760 cessabit
438 1706 654 1760 bellum.
694 1706 831 1774 Quid
886 1722 1017 1776 ergo
1050 1708 1293 1764 dicemus
1330 1710 1353 1764 ?
1395 1709 1464 1764 In
1498 1713 1756 1781 principio

162 1809 282 1850 erat
318 1796 563 1854 Verbum.
595 1799 729 1866 Quis
760 1800 936 1855 adhuc
965 1802 1163 1869 poterit
1193 1803 1443 1873 jurgari?
1473 1804 1607 1859 Nam
1632 1818 1685 1859 et
1711 1809 1755 1861 si

157 1888 444 1957 jurgatur,
473 1907 577 1947 non
632 1892 724 1947 tibi
755 1895 850 1947 sed
876 1892 1094 1961 Joanni,
1145 1904 1199 1949 et
1232 1898 1433 1966 pectori
1484 1898 1697 1953 Domini
1727 1915 1757 1953 a

163 1997 280 2050 quo
309 1983 489 2037 hausit
510 1982 767 2041 Joannes.
811 1984 949 2053 Quid
976 1987 1235 2056 relinquis
1260 2004 1321 2043 ea
1354 2005 1473 2059 quae
1498 2001 1622 2046 sunt
1643 1993 1760 2048 sine

166 2076 433 2144 periculo,
469 2087 522 2131 et
572 2077 623 2131 in
654 2076 911 2133 fluctibus
948 2090 1347 2149 tempestatum
1402 2085 1759 2151 periclitaris?

167 2166 293 2223 Noli
322 2171 501 2225 dicere
533 2180 644 2236 tua,
680 2180 734 2227 et
763 2171 943 2226 nullus
977 2181 1028 2226 te
1053 2174 1254 2242 arguit.
1284 2174 1458 2230 Dicito
1487 2192 1605 2245 quae
1634 2180 1760 2232 scri-

168 2269 267 2331 pta
297 2272 445 2327 sunt,
479 2273 534 2317 et
572 2264 751 2319 nullus
793 2275 843 2319 te
888 2267 1237 2334 reprehendit
1271 2287 1284 2323 :
1319 2270 1536 2323 etiamsi
1580 2286 1761 2340 repre-

166 2356 445 2422 henderit,
484 2359 835 2424 semetipsum
896 2360 1095 2427 potius,
1132 2370 1187 2415 et
1234 2376 1339 2416 non
1380 2371 1451 2417 te.
1486 2362 1585 2428 Qui
1614 2364 1758 2418 enim

162 2446 358 2503 divina
398 2451 765 2518 reprehendit,
793 2452 975 2506 divina
1023 2454 1240 2522 quidem
1276 2472 1380 2509 non
1414 2455 1646 2522 delebit;
1676 2473 1761 2512 se-

164 2541 463 2608 metipsum
495 2542 727 2597 alienum
777 2562 807 2598 ιι
844 2545 1042 2600 divinis
1078 2548 1398 2602 constituet.
1454 2548 1652 2612 Dicito,
1692 2550 1759 2605 In

163 2634 432 2703 principio
487 2646 598 2689 erat
644 2635 885 2704 Verbum,
944 2647 1000 2693 et
1064 2639 1444 2709 relinquuntur
1495 2650 1755 2710 tempora.

174 2726 380 2789 Dicito,
413 2726 478 2781 In
515 2729 774 2798 principio
795 2740 931 2795 erat,
956 2741 1010 2785 et
1042 2732 1299 2787 deficiunt
1326 2733 1539 2789 saecula.
1564 2735 1757 2798 Dicito,

166 2816 246 2870 In
281 2820 542 2884 principio
578 2832 715 2884 erat,
751 2830 807 2875 et
848 2822 980 2875 nihil
1012 2839 1133 2877 cum
1182 2824 1299 2893 ipso
1343 2833 1462 2880 erat
1503 2824 1756 2881 Verbum.

168 2908 313 2973 Quia
355 2924 485 2975 ergo
530 2918 644 2963 erat
675 2909 881 2964 dictum
939 2920 1043 2977 est,
1097 2929 1163 2968 ne
1212 2924 1367 2983 putes
1399 2930 1587 2970 vocem
1619 2933 1632 2969 :
1660 2930 1760 2969 vox

167 3002 343 3067 enim,
390 3014 501 3057 erat
537 3020 642 3059 non
671 3006 928 3076 suscipiet
976 3025 990 3061 :
1029 3009 1072 3062 si
1109 3008 1330 3078 quidem
1369 3024 1489 3064 etim
1542 3009 1758 3071 dicitur,

173 3104 307 3149 tunc
335 3094 586 3153 efficitur.
639 3095 824 3165 Neque
868 3100 1013 3153 enim
1074 3111 1365 3169 antequam
1402 3102 1612 3154 dicatur
1654 3112 1756 3162 est,
1786 3121 1830 3180 ρ

167 3201 354 3255 neque
382 3199 564 3257 postea
621 3203 781 3256 quam
832 3189 995 3244 fuerit
1037 3193 1201 3254 dicta,
1255 3200 1367 3246 erat
1404 3192 1587 3246 habet.
1621 3192 1755 3257 Quia

167 3295 309 3350 ergo
342 3290 477 3348 erat,
526 3298 630 3337 non
662 3297 768 3337 vox
816 3292 919 3348 est,
952 3285 1045 3339 sed
1098 3284 1334 3338 Verbum
1386 3300 1402 3338 :
1440 3284 1598 3353 quale
1628 3283 1758 3338 Ver-

171 3369 345 3425 bum?
396 3370 453 3425 Si
507 3387 616 3427 non
647 3374 783 3427 dixit
822 3369 1080 3440 Joannes,
1108 3390 1414 3443 quaeramus
1457 3374 1543 3429 :si
1581 3385 1759 3428 autem

176 3464 337 3527 dixit,
379 3466 508 3533 quid
546 3467 886 3535 quaeremus?
925 3465 993 3520 Et
1025 3468 1186 3535 Deus,
1227 3468 1424 3537 inquit,
1468 3478 1582 3521 erat
1626 3466 1761 3520 Ver-

175 3557 323 3611 bum.
356 3557 433 3611 Tu
465 3560 600 3614 dicis
622 3575 830 3625 vocem,
859 3559 1099 3615 Joannes
1135 3570 1315 3613 autem
1356 3559 1454 3622 ait,
1483 3570 1593 3613 erat
1634 3558 1760 3612 Ver-

178 3650 325 3704 bum.
369 3652 434 3705 Et
463 3652 506 3705 si
536 3651 623 3705 ille
650 3654 870 3716 dixerit,
903 3652 968 3705 Et
1010 3649 1228 3705 Verbum
1264 3662 1374 3704 erat
1400 3652 1541 3719 apud
1576 3650 1759 3717 Deum,

180 3748 242 3795 tu
269 3742 407 3796 dicis
431 3744 482 3795 in
511 3742 637 3808 Deo,
663 3755 718 3797 et
751 3759 858 3797 non
881 3743 1021 3812 apud
1050 3742 1239 3795 Deum.
1265 3740 1335 3796 Ut
1367 3744 1510 3795 enim
1534 3743 1626 3804 sit,
1657 3757 1763 3795 non

174 3843 364 3891 tamen
400 3844 459 3888 ut
494 3837 764 3906 cogitatus
813 3838 884 3890 sit
916 3855 931 3891 :
968 3850 1147 3904 neque
1184 3836 1380 3888 iterum
1424 3843 1482 3887 ut
1511 3849 1632 3893 vox.
1668 3834 1763 3887 sed

174 3925 351 3982 Filius
385 3943 401 3982 :
432 3943 535 3981 vox
566 3928 708 3981 enim
758 3928 917 3981 habet
952 3928 1148 3981 fratres
1182 3945 1194 3980 :
1224 3927 1325 3980 mei
1378 3927 1522 3979 enim
1561 3926 1651 3995 qui
1686 3926 1764 3978 di-

173 4033 377 4074 cuntur
405 4035 685 4074 sermones
710 4021 982 4089 prioribus
1008 4019 1189 4072 verbis
1223 4028 1347 4071 sunt
1368 4016 1562 4070 fratres
1596 4034 1608 4069 :
1646 4016 1766 4068 uni-

174 4113 393 4182 genitus
415 4122 593 4165 autem
629 4128 734 4165 non
766 4112 991 4180 suscipit
1027 4111 1241 4163 fratres.
1278 4108 1411 4162 Nam
1446 4118 1500 4162 et
1530 4109 1572 4161 si
1607 4116 1764 4159 vocat

172 4208 393 4265 fratres,
427 4205 880 4272 nuncupationem
921 4205 1105 4257 donat.
1142 4201 1199 4254 Si
1228 4212 1411 4253 autem
1444 4210 1500 4252 et
1531 4200 1762 4253 colla-rc-

173 4297 272 4348 des
299 4310 506 4357 sumus,
540 4311 644 4347 non
687 4304 894 4346 natura:
927 4294 1020 4346 sed
1063 4292 1251 4360 gloriae
1298 4290 1595 4359 accipimus
1624 4288 1759 4359 (98).

171 4390 258 4444 Ad
286 4388 431 4442 illaut
458 4388 602 4441 enim
650 4398 898 4440 naturam
933 4401 1105 4454 neque
1150 4383 1438 4453 pervenies
1467 4394 1543 4444 tu,
1590 4395 1763 4450 neque

174 4482 320 4535 ullus
359 4481 651 4549 perveniet.
692 4479 847 4533 Sicut
877 4479 1023 4532 enim
1060 4476 1221 4529 Pater
1257 4477 1477 4541 eminet,
1507 4486 1560 4529 et
1599 4490 1759 4543 supra

172 4588 394 4626 omnem
426 4583 670 4624 naturam
687 4580 768 4624 est
794 4571 936 4638 quod
961 4580 1162 4622 estnon
1184 4578 1342 4621 natus
1365 4585 1378 4620 :
1413 4566 1485 4619 ita
1512 4578 1564 4619 et
1593 4565 1757 4619 Filius

172 4678 339 4730 supra
373 4677 562 4715 onmes
594 4662 825 4715 habetur
860 4660 911 4713 in
943 4675 1008 4713 eo
1040 4660 1184 4727 quod
1213 4668 1293 4711 est
1322 4658 1603 4725 progenies
1628 4671 1756 4709 vera

176 4756 321 4809 Deus
348 4755 487 4823 apud
523 4754 714 4818 Dcmn,
748 4754 886 4807 Deus
922 4753 987 4805 ad
1019 4752 1297 4804 dexteram
1331 4750 1443 4810 Dei.
1479 4748 1617 4802 Deus
1646 4747 1757 4801 for-

175 4848 268 4912 tis,
303 4848 441 4900 Deus
471 4861 630 4914 quem
678 4846 831 4898 mtin
862 4843 1027 4897 Deus.
1073 4840 1385 4911 Agnoscitis
1441 4839 1752 4907 prophetica

174 4938 342 4992 verba
377 4936 512 5008 (99).
548 4936 688 5002 Quid
718 4938 794 4989 ait
821 4938 1081 5005 propheta
1114 4932 1321 4987 David?
1349 4931 1476 4984 Ideo
1514 4931 1660 4984 unxit
1686 4941 1755 4994 te,

172 5030 340 5092 Deus,
368 5030 503 5082 Deus
527 5040 645 5082 tuus
665 5028 733 5081 “.
764 5026 896 5081 Nam
925 5037 979 5081 et
1000 5026 1156 5080 fortis
1185 5026 1359 5079 dictus
1398 5035 1482 5077 est
1513 5024 1581 5077 ab
1601 5022 1756 5085 Isaia,

170 5131 228 5176 et
260 5121 400 5174 Deus
430 5121 699 5175 nobiscum
721 5120 789 5184 ",
829 5135 951 5173 cum
975 5134 1043 5172 ex
1067 5117 1309 5187 Virgine.
1346 5115 1460 5169 Non
1480 5131 1607 5181 ergo
1637 5129 1759 5167 cum

171 5227 239 5267 ex
286 5212 508 5282 Virgine
550 5220 679 5266 tunc
728 5210 893 5275 Deus,
940 5210 1034 5264 sed
1094 5209 1377 5264 nobiscum
1432 5217 1578 5260 tunc.
1639 5205 1754 5259 Non

171 5304 412 5374 primum
448 5318 517 5357 ex
556 5301 798 5373 Virgine,
838 5303 931 5356 sed
966 5300 1199 5369 primum
1239 5312 1306 5353 ex
1349 5298 1477 5352 Deo.
1522 5297 1594 5352 Es
1640 5296 1757 5349 Vir-

170 5396 301 5468 gine
346 5397 491 5451 enim
542 5406 762 5466 propter
801 5393 1282 5464 dispensationem,
1321 5405 1385 5444 ex
1429 5392 1535 5444 Deo
1573 5400 1754 5443 autem

241 5505 292 5539 “
318 5504 464 5560 Ps:tl.
496 5522 637 5571 xuv,
665 5506 718 5561 8.
820 5506 866 5537 "
888 5506 1067 5574 lsa.v,
1098 5506 1170 5572 6;
1204 5520 1297 5566 vn,
1333 5504 1419 5557 l4.

170 5590 229 5644 x,
254 5577 343 5640 14,
376 5578 461 5634 t5.

273 5679 364 5749 98)
394 5680 489 5733 Ms.
522 5677 646 5732 Non
685 5687 928 5730 naturam
959 5673 1297 5749 sed-gloriam
1324 5672 1643 5737 acciuimus.

270 5746 363 5821 99)
396 5750 492 5803 Ms.
522 5749 799 5819 Agnoscite
832 5747 1134 5815 prophetica
1171 5746 1342 5799 verba.

342 5854 347 5857 '
422 5844 694 5903 l’naoc.
728 5838 845 5901 Gn.
871 5837 1107 5900 XXIV.

1511 5502 1580 5571 _"
1612 5500 1766 5556 Joan.
1806 5515 1896 5565 ιιι,
1920 5499 2009 5554 36.

1862 508 2103 577 poribus,
2159 521 2225 561 ex
2277 506 2386 561 Deo
2434 516 2561 560 ante
2614 507 2829 563 saecula.
2886 508 2961 562 Ex
3010 506 3251 580 Virgine,
3314 525 3436 564 cum

1863 598 2211 664 hominibus;
2264 612 2329 654 ex
2371 597 2480 653 Deo
2519 607 2698 653 autem
2748 610 2872 653 ante
2910 615 3119 655 omnes.
3176 600 3300 657 Istic
3346 615 3438 655 er-

1861 704 1930 758 go
1960 700 2014 744 et
2049 692 2501 760 dispensationem
2542 692 2827 756 conﬁtere,
2872 702 2927 746 et
2965 700 3213 747 naturam
3257 694 3439 749 delere

1863 781 1990 847 noli,
2030 798 2127 839 nec
2169 784 2480 851 exstinguas
2524 786 2616 839 tibi
2671 784 2847 839 lumen
2885 785 2980 855 (l).
3034 783 3090 840 Si
3137 786 3351 853 quidem
3383 794 3439 840 et

1862 874 1951 942 qui
1983 874 2168 930 oculos
2197 875 2452 931 claudunt
2483 893 2635 943 suos,
2676 891 2777 930 non
2826 877 3003 931 lumen
3059 878 3434 946 exstinguunt,

1861 970 1955 1023 sed
1980 968 2076 1038 ipsi
2107 969 2307 1023 lumine
2332 986 2436 1023 non
2473 970 2742 1024 fruuntur.
2778 969 2908 1023 Nam
2938 979 2990 1024 et
3020 970 3063 1025 si
3088 971 3209 1040 quis
3251 969 3435 1024 lumen

1863 1076 2049 1114 verum
2082 1077 2186 1115 non
2230 1062 2391 1116 fuerit
2440 1062 2745 1126 confessus,
2792 1078 2895 1115 non
2945 1062 3074 1117 illud
3121 1064 3284 1126 deiet,
3340 1063 3437 1118 sed

1863 1153 1976 1221 ipse
2010 1165 2187 1208 manet
2211 1155 2264 1208 in
2294 1156 2551 1211 tenebris.
2600 1157 2673 1211 ita
2722 1157 2862 1210 enim
2906 1157 3020 1226 ipse
3053 1156 3217 1211 Filius
3251 1157 3382 1212 dicit
3417 1176 3433 1214 :

1864 1244 1967 1309 Qui
1998 1262 2101 1300 non
2157 1248 2439 1302 crediderit
2478 1250 2531 1302 in
2571 1246 2793 1311 Filium,
2833 1267 2933 1301 non
2979 1250 3192 1312 uidebit,
3225 1250 3315 1302 sed
3354 1250 3438 1303 ira

1861 1337 1960 1392 Dei
1983 1349 2155 1393 manet
2191 1356 2347 1408 super
2369 1342 2535 1403 ipsum
2564 1341 2631 1395 ⁸⁸.
2659 1342 2787 1407 Quae
2826 1340 2941 1395 ira?
2979 1342 3069 1396 illa
3101 1343 3285 1412 utique
3318 1357 3438 1413 qua:

1864 1430 1930 1483 ab
1957 1430 2131 1485 initio.
2170 1431 2269 1497 Qui
2301 1433 2446 1486 enim
2495 1449 2601 1488 non
2651 1435 2939 1488 confitetur
2980 1449 3102 1489 eum
3148 1451 3243 1505 per
3277 1451 3436 1506 quem

1861 1531 2150 1577 revocatur
2186 1525 2477 1589 sententia,
2507 1527 2618 1593 ipse
2656 1527 2939 1580 adversum
2968 1542 3027 1581 se
3059 1527 3231 1596 ipsum
3283 1543 3439 1584 revo-

1861 1621 1949 1667 cat
1985 1616 2330 1671 sententiam.
2362 1615 2580 1684 Negotia
2621 1618 2765 1671 enim
2798 1629 3049 1687 separata
3095 1619 3296 1674 habent
3337 1636 3437 1674 na-

1862 1713 2037 1758 turam
2074 1721 2088 1759 :
2119 1706 2286 1761 nostri
2326 1719 2504 1761 autem
2528 1708 2791 1776 cogitatus
2824 1709 3096 1777 accipiunt
3133 1710 3437 1775 fructum,a

1862 1797 2093 1853 veritate
2112 1798 2330 1868 quidem
2362 1800 2546 1862 vitam,
2578 1815 2608 1853 a
2634 1800 2917 1854 mendacio
2950 1810 3129 1855 autem
3161 1816 3353 1857 noxam
3381 1810 3439 1858 et

1860 1890 2235 1960 perditionem.
2270 1890 2326 1944 Si
2359 1892 2479 1959 quis
2511 1891 2656 1945 enim
2700 1891 3032 1960 percusserit
3072 1902 3234 1962 caput
3278 1908 3437 1949 suum

1860 1982 1926 2035 ad
1966 1991 2193 2051 petram,
2222 1993 2374 2052 petra
2406 1983 2622 2052 quidem
2662 1983 2777 2052 ipsa
2808 1992 3012 2049 manet,
3056 1994 3220 2054 caput
3253 1996 3435 2040 autem

1860 2071 1930 2125 ab
1961 2072 2267 2143 insipientia
2310 2074 2506 2141 accipit
2537 2072 2771 2142 plagam,
2812 2070 2951 2128 forte
2980 2082 3159 2128 autem
3193 2084 3249 2128 et
3291 2075 3437 2143 peri-

1866 2164 2066 2219 culum.
2113 2166 2252 2219 Dicit
2311 2180 2442 2220 sane
2494 2174 2550 2219 et
2606 2154 2894 2233 Apostolus
2948 2181 2962 2218 :
3013 2161 3437 2219 Fundamentum

1859 2256 2007 2311 aliud
2028 2274 2173 2311 nemo
2200 2266 2367 2328 potest
2387 2275 2579 2326 ponere
2623 2268 2814 2326 prceter
2839 2275 2957 2311 eum
2994 2259 3085 2327 qui
3119 2267 3191 2311 est
3233 2260 3438 2328 positus

1860 2345 2100 2403 Christus
2150 2349 2303 2403 Jesus
2346 2351 2428 2417 '9;
2493 2361 2547 2404 et
2596 2350 2785 2403 iterum
2836 2371 2850 2406 :
2902 2347 3062 2404 Petra
3118 2363 3294 2405 autem
3326 2360 3439 2406 erat

1859 2438 2097 2494 Christus
2125 2442 2164 2492 ί.
2212 2440 2268 2494 Si
2303 2440 2371 2494 ad
2417 2442 2576 2495 istam
2628 2451 2836 2509 petram
2888 2451 3051 2512 caput
3102 2444 3439 2512 percusseris

1861 2539 2029 2593 tuum,
2065 2531 2293 2587 scissum
2321 2542 2406 2586 est
2435 2534 2578 2603 quod
2623 2533 2836 2588 volebas
2866 2553 2879 2589 :
2924 2534 2969 2590 si
3002 2545 3178 2589 autem
3220 2536 3436 2593 confes-

1858 2639 1955 2678 sus
1983 2623 2152 2678 fueris
2186 2625 2389 2688 lumen,
2422 2624 2646 2680 habebis
2690 2628 2831 2694 quod
2865 2628 3166 2684 confiteris.
3202 2628 3259 2683 Si
3291 2629 3435 2683 enim

1859 2715 2083 2783 apostoli
2118 2716 2439 2784 quibusdam
2472 2716 2688 2784 quidem
2718 2717 2851 2771 odor
2881 2719 3070 2773 mortis
3103 2719 3168 2773 ad
3202 2726 3432 2772 mortem

1860 2814 2006 2869 sunt,
2033 2805 2357 2874 quibusdam
2395 2817 2572 2860 autem
2619 2808 2754 2859 odor
2796 2810 2918 2861 vitae
2952 2807 3019 2861 ad
3056 2808 3252 2871 vitam;
3288 2807 3331 2861 si
3362 2807 3437 2861 illi

1860 2894 1951 2962 qui
1993 2910 2086 2961 per
2126 2894 2399 2949 Christum
2445 2898 2524 2951 sal
2570 2905 2717 2955 sunt.
2764 2906 2815 2950 et
2868 2899 2958 2967 qui
3013 2914 3109 2968 per
3164 2898 3438 2954 Christum

1862 2986 2144 3039 luminaria
2179 2986 2504 3051 eﬂiciuntur,
2545 2989 2611 3041 ad
2653 2999 2879 3042 mortem
2927 2998 2981 3044 et
3027 2991 3094 3044 ad
3138 2990 3304 3048 vitam
3354 2990 3440 3044 bis

1862 3079 1951 3147 qui
1992 3079 2217 3133 credunt
2242 3090 2297 3134 et
2326 3081 2416 3149 qui
2464 3098 2567 3134 non
2616 3082 2845 3136 credunt
2893 3082 3163 3137 habentur
3192 3101 3206 3136 :
3237 3094 3441 3152 quanto

1865 3171 2034 3240 magis
2071 3172 2114 3225 is
2154 3173 2245 3240 qui
2288 3173 2509 3226 donavit
2557 3174 2671 3228 haec
2714 3175 3023 3229 hominibus
3057 3174 3345 3229 Christus?
3382 3175 3441 3229 Si

1860 3263 1998 3331 quis,
2046 3262 2240 3332 inquit,
2296 3279 2381 3317 vos
2422 3280 2524 3316 non
2572 3266 2877 3335 susceperit,
2938 3277 3179 3320 exeuntes
3219 3267 3443 3321 excutite

1863 3356 2124 3419 pulverem
2165 3363 2228 3408 de
2268 3357 2484 3425 pedibus
2514 3357 2695 3410 vestris
2738 3374 2757 3411 :
2798 3358 3125 3413 tolerabilius
3163 3359 3300 3413 enim
3339 3360 3442 3413 erit

1864 3455 2018 3500 terrm
2064 3448 2419 3501 Sodomorum
2452 3451 2506 3502 in
2550 3450 2633 3502 die
2665 3449 2875 3517 iudicii,
2919 3468 3076 3522 quam
3114 3453 3311 3505 civitati
3360 3452 3443 3506 illi

1861 3554 1977 3606 qua:
1994 3554 2077 3590 vos
2108 3554 2209 3591 non
2236 3539 2453 3607 suscipit
2482 3540 2571 3608 qui
2598 3556 2629 3592 a
2659 3556 2740 3592 me
2771 3541 2917 3594 missi
2947 3543 3070 3595 estis
3100 3542 3138 3595 '.
3169 3544 3224 3596 Si
3261 3554 3441 3600 autem

1864 3631 1987 3698 quis
2011 3629 2182 3698 ipsum
2218 3645 2321 3683 non
2350 3632 2649 3699 susceperit
2674 3633 2947 3685 Christum
2985 3651 2998 3685 :
3039 3636 3165 3700 quid
3203 3635 3248 3688 si
3274 3638 3439 3690 etiam

1867 3737 1972 3775 non
1999 3721 2171 3776 solum
2204 3736 2308 3774 non
2340 3722 2664 3791 susceperit,
2690 3725 2785 3779 sed
2826 3725 3139 3780 interimere
3174 3728 3446 3783 voluerit?

1865 3813 1907 3866 si
1931 3828 2095 3867 ausus
2125 3814 2245 3882 quis
2282 3812 2443 3865 fuerit
2468 3814 2668 3872 dicere,
2698 3815 2820 3882 quia
2858 3815 2974 3868 sine
3000 3815 3134 3870 Filio
3166 3828 3250 3871 est
3273 3816 3437 3883 Deus,

1864 3912 1956 3957 aut
1986 3905 2107 3971 quia
2164 3904 2280 3956 sine
2325 3903 2486 3958 l’atre
2533 3915 2618 3956 est
2668 3903 2877 3958 Filius?
2930 3904 3054 3960 llzec
3103 3907 3247 3961 cnim
3296 3923 3443 3965 nunc

1864 3994 2082 4062 quidam
2129 3993 2532 4047 calumniantur
2573 3997 2840 4058 dicentes,
2889 3996 3016 4065 quia
3049 3997 3163 4066 ipse
3205 3999 3308 4054 sibi
3358 4010 3443 4057 est

1865 4083 2046 4146 Pater,
2084 4082 2196 4152 ipse
2224 4093 2309 4137 est
2336 4094 2388 4135 et
2415 4082 2603 4148 Filius,
2634 4094 2816 4139 etnon
2858 4097 2943 4139 est
2982 4085 3173 4144 Filius.
3211 4088 3267 4144 Si
3297 4090 3441 4144 enim

1862 4174 2027 4229 Pater
2050 4176 2160 4246 ipse
2184 4176 2286 4229 sibi
2324 4186 2407 4229 est
2436 4186 2619 4246 pater,
2667 4194 2770 4231 non
2803 4189 2889 4232 est
2935 4178 3116 4246 Pater,
3163 4184 3289 4251 quia
3328 4184 3446 4252 ipse

1863 4267 1963 4321 sibi
2015 4278 2069 4320 et
2123 4269 2262 4320 titius
2323 4278 2422 4327 est,
2472 4280 2529 4321 ut
2567 4271 2735 4323 aiunt.
2782 4269 3039 4325 Ludimus
3086 4271 3142 4325 in
3190 4273 3433 4330 divinis:

1866 4354 2255 4408 irrationabilia
2282 4356 2426 4408 enim
2464 4356 2567 4410 ista
2599 4371 2664 4409 ne
2695 4357 2910 4426 quidem
2937 4358 3089 4427 parvi
3121 4360 3442 4428 suscipiunt.

1796 4474 1836 4528 ο
1870 4444 1946 4500 De
1975 4447 2059 4499 bis
2103 4462 2234 4501 sane
2271 4450 2613 4503 sermonibus
2651 4464 2812 4501 uuunt
2856 4447 3232 4504 brevissimum
3265 4451 3444 4505 infan-

1872 4548 1976 4590 tem
2020 4538 2311 4609 interroga,
2341 4541 2430 4608 qui
2467 4542 2639 4609 prima
2677 4549 2862 4608 utpote
2913 4556 3043 4595 voce
3080 4542 3445 4611 qualitercun-

1866 4646 1971 4699 que
1997 4632 2227 4698 coeperit
2268 4632 2435 4703 loqui,
2472 4645 2526 4688 et
2553 4637 2715 4690 dicito
2735 4637 2821 4691 ei;
2850 4635 3010 4690 Pater
3038 4645 3161 4690 tuus
3200 4636 3287 4689 ubi
3326 4639 3446 4691 est?

1864 4724 1973 4775 Aut
2007 4723 2146 4777 sicut
2174 4737 2577 4779 consueverunt
2624 4726 2867 4781 infantes
2907 4737 3115 4797 patrem
3164 4726 3440 4796 appellare

1866 4821 1912 4872 si
1954 4820 2305 4889 semetipsum
2354 4823 2685 4884 ostenderit,
2745 4826 2925 4892 arguit
2978 4838 3066 4876 me
3119 4824 3299 4878 infans
3342 4845 3355 4881 :
3400 4826 3445 4879 si

1866 4922 2045 4965 autem
2083 4914 2342 4982 parvulus
2372 4914 2554 4967 statim
2593 4923 2652 4966 ut
2683 4912 2848 4968 fuerit
2884 4915 3247 4986 interrogatus
3282 4919 3444 4974 intel-
3504 4982 3517 4997 .

1868 5005 2063 5059 lexerit
2098 5009 2225 5075 quid
2257 5008 2456 5075 quieris
2500 5006 2568 5061 ab
2599 5021 2684 5071 eo,
2720 5022 2844 5061 eum
2893 5008 2983 5076 qui
3032 5024 3092 5063 se
3131 5011 3317 5079 genuit
3350 5026 3442 5065 os—
3514 5024 3528 5055 ’-

1874 5105 2092 5159 tendit:
2129 5103 2250 5155 vide
2294 5099 2424 5171 quid
2471 5100 2649 5154 audis.
2705 5099 2839 5154 Cum
2893 5111 3074 5155 autem
3125 5102 3444 5158 benedictus
3526 5092 3532 5101 ’

1864 5198 2057 5261 Filius,
2092 5204 2281 5250 tenens
2310 5208 2529 5263 panem,
2571 5192 2714 5247 levat
2741 5208 2933 5247 manus
2959 5209 3085 5248 suas
3113 5210 3352 5259 sursum,
3386 5204 3442 5250 ut

1866 5303 2011 5347 tuam
2049 5302 2284 5359 mentem
2315 5290 2380 5342 ad
2410 5303 2531 5344 eum
2568 5290 2657 5355 qui
2690 5302 2749 5343 se
2780 5289 2963 5358 genuit
2996 5288 3242 5351 extollat,
3281 5303 3441 5345 nosce

1864 5387 2101 5448 Patrem,
2136 5394 2189 5437 et
2215 5397 2364 5436 cessa
2409 5396 2609 5451 negare
2643 5379 2860 5434 Filium.
2896 5380 2953 5435 Si
2998 5381 3161 5452 igitur
3192 5381 3447 5452 Unigeni-

2118 5495 2362 5551 "lCor.
2405 5497 2569 5561 Ill,“
2704 5495 2923 5550 'lCor.
2970 5498 3107 5560 λι.
3208 5495 3446 5555 ’Ilattb.

1934 5665 2012 5735 (l)
2048 5661 2145 5719 Ms.
2172 5660 2256 5717 Ne
2274 5663 2581 5734 exstinguas
2612 5662 2705 5717 tibi
2730 5661 2924 5717 lumen.

3003 5818 3082 5880 3b
