3810 6218
1104 325 1384 380 ἘυδΕΒιι
1422 323 1903 379 ΩΕΒᾹΜΕΝὸιΒ
1941 322 2092 376 υνι».
2133 319 2313 376 PARS
2351 320 2439 378 Ν.
2473 352 2543 365 -
2580 320 3007 379 ΒΟΟΜἈῚΊΟΑ.
3544 318 3688 377 ’μθ

412 331 563 389 1067

423 456 516 505 tus
536 444 669 502 dicit
704 463 718 500 :
756 442 945 509 Pater,
970 441 1169 515 gratias
1205 460 1306 515 ago
1347 443 1469 510 tibi,
1512 444 1641 516 quia
1687 459 1889 513 semper
1930 458 2010 497 nte
2037 445 2085 503 Α
2110 443 2291 499 omnis
2313 443 2503 499 beatus
2527 442 2697 511 audit,
2723 442 2849 505 inde
2878 452 2935 498 et
2965 456 3065 498 nos
3094 439 3335 498 universi
3380 439 3686 497 audiemus.

421 537 688 595 exaudiui
717 551 736 589 :
763 536 855 590 sed
880 546 1089 606 propter
1108 536 1531 591 circumtulerat
1564 536 1815 606 populum
1841 536 2002 590 istum
2104 536 2148 590 A
2180 535 2320 591 Filio
2346 536 2481 592 nihil
2519 536 2704 592 audiat
2749 550 2969 605 sponsa,
3008 536 3151 605 quod
3200 548 3308 589 non
3361 541 3448 588 est
3504 532 3687 603 sponsi

422 630 564 693 dico,
594 637 652 683 ut
682 626 899 683 credant
929 628 1055 696 quia
1083 636 1140 681 tu
1179 643 1261 681 me
1292 626 1483 681 misisti
1509 627 1551 682 ⁸.
1594 627 1701 683 Ista
1730 626 2000 696 interpre-

425 723 631 776 tatione
675 734 781 775 non
823 717 1109 789 indigent:
1136 727 1193 775 et
1221 717 1473 774 sedemus
1501 725 1561 774 ut
1614 716 1903 783 insensati,
1947 724 2005 771 et

413 810 684 867 ludimus.
739 810 876 867 Num
942 811 1295 882 semetipsum
1361 810 1551 883 genuit
1613 808 1815 865 Pater?
1871 822 2003 863 num

423 902 778 973 semetipsum
826 903 1021 959 misit?
1052 918 1181 958 num
1207 902 1557 973 semetipsum
1588 908 1731 967 orat,
1773 909 1829 956 et
1873 900 2005 956 sibi-

422 995 638 1067 metipsi
664 994 868 1067 gratias
901 994 1030 1067 agit,
1070 1003 1128 1050 et
1186 994 1303 1065 ipse
1343 993 1448 1051 sibi
1498 1003 1584 1052 est
1624 992 1818 1061 Filius,
1874 992 1995 1064 ipse

423 1086 527 1143 sibi
565 1096 649 1142 est
679 1087 942 1157 pontifex,
976 1087 1092 1158 ipse
1147 1087 1250 1143 sibi
1280 1096 1362 1143 est
1392 1100 1586 1158 agnus,
1622 1084 1739 1157 ipse
1774 1083 1878 1141 sibi
1906 1090 1997 1140 est

425 1178 539 1242 via,
562 1177 678 1247 ipse
710 1179 812 1234 sibi
879 1189 965 1235 est
1004 1177 1209 1251 janua?
1256 1178 1323 1234 Et
1365 1179 1485 1249 quis
1520 1180 1655 1246 haec,
1688 1176 1904 1234 etiamsi
1931 1177 2005 1233 sit

424 1270 928 1340 insipientissimus,
978 1271 1256 1343 patietur?
1304 1270 1441 1326 Num
1491 1285 1600 1326 una
1654 1284 1759 1325 vox
1818 1278 1903 1325 est
1944 1278 2004 1324 ut

422 1363 936 1431 circumveniamus,
972 1379 1074 1419 una
1112 1372 1197 1421 est
1220 1364 1397 1420 littera
1425 1373 1483 1419 ut
1515 1362 1829 1420 deleamus?
1862 1360 2003 1418 Dicit

422 1454 570 1510 enim
620 1455 812 1511 iterum
871 1454 1189 1511 Dominuss:
1230 1455 1370 1511 Ecce
1423 1471 1517 1526 ego
1570 1454 1734 1527 diligo
1785 1452 2003 1511 Patrem

424 1560 598 1600 meum
622 1544 665 1610 ⁵,
698 1562 790 1615 ego
823 1546 1020 1601 honoro
1062 1545 1278 1601 Patrem
1302 1562 1475 1600 meum
1499 1547 1542 1611 ⁸,
1584 1530 1880 1616 οροτίᾳιιω
1907 1559 2001 1616 ego

424 1638 566 1707 facio
584 1638 675 1693 ille
693 1639 842 1708 facit,
878 1638 1042 1695 Pater
1080 1655 1225 1694 meus
1264 1638 1503 1709 quotidie
1532 1647 1789 1707 operatur
1826 1648 1875 1694 et
1906 1654 2001 1708 ego

404 1744 612 1798 ~operor
638 1730 681 1793 ⁸,
710 1730 757 1782 si
791 1730 1001 1783 creditis
1031 1730 1086 1783 in
1114 1728 1279 1783 Deum
1310 1739 1358 1783 et
1387 1730 1443 1783 in
1478 1745 1561 1783 me
1601 1729 1835 1795 creditis,
1866 1728 2002 1784 uado

2105 628 2211 682 sui.
2244 627 2302 683 Si
2330 627 2546 699 quidem
2577 643 2682 683 non
2709 627 2835 683 licet
2875 641 3085 696 sponsae
3116 625 3348 681 alienam
3401 626 3689 696 suscipere

2106 717 2161 772 in
2207 717 2428 773 auribus
2468 733 2690 782 vocem,
2722 720 2888 774 etiam
2921 719 2969 774 si
2990 716 3198 773 Paulus
3251 719 3418 773 dicat.
3477 718 3590 773 Sed
3632 729 3691 771 ut

2103 823 2211 864 non
2237 807 2508 866 dubitaret
2530 824 2728 879 sponsa
2763 809 2833 865 de
2882 808 3071 876 Paulo,
3108 810 3187 865 ait
3219 811 3333 881 ipse
3366 829 3379 866 :
3417 809 3505 866 Att
3530 827 3693 881 expc-

2102 901 2380 956 rimetttum
2393 903 2637 973 quaeritis
2658 902 2773 971 ejus
2790 902 2883 971 qui
2908 903 2963 956 in
2989 918 3071 955 me
3088 900 3591 968 loquitur'CItristus
3616 902 3693 956 υτ

2098 994 2435 1066 Desponsavi
2464 995 2608 1049 enim
2639 1008 2763 1063 vos,
2805 994 2997 1067 inquit,
3035 996 3152 1051 viro
3180 995 3315 1061 uni;
3351 1010 3458 1051 non
3489 1004 3681 1050 tamen

2103 1088 2323 1159 populo,
2380 1087 2475 1144 sed
2535 1087 2629 1142 uni
2689 1087 2966 1159 unigenito
3024 1102 3131 1143 una
3181 1102 3400 1159 sponsa.
3451 1086 3689 1142 Amicus

2104 1179 2248 1235 enim
2300 1178 2484 1251 sponsi
2531 1178 2619 1235 ille
2654 1189 2739 1235 est
2769 1180 2860 1250 qui
2883 1180 3091 1251 ‘gaudet
3117 1180 3186 1236 de
3233 1195 3433 1252 sponsa
3466 1180 3684 1250 sponsi.

2102 1269 2221 1327 Non
2243 1279 2328 1327 est
2356 1270 2519 1325 vidua
2551 1279 2738 1327 saneta
2771 1270 3033 1328 Ecclesia.
3074 1270 3221 1328 Vivit
3259 1273 3404 1329 enim
3448 1273 3541 1343 qui
3585 1288 3691 1343 pro

2101 1362 2217 1434 ipsa
2246 1370 2330 1418 est
2367 1372 2638 1419 mortuus.
2691 1362 2876 1435 Angeii
2916 1379 3024 1419 non
3072 1376 3354 1422 mortuum
3404 1368 3688 1424 adorant:

2101 1452 2197 1508 sed
2220 1453 2326 1508 vita
2350 1462 2489 1518 erat,
2528 1461 2669 1518 erat,
2691 1444 2832 1521 erat,
2853 1464 2909 1510 et
2936 1464 3040 1521 est,
3077 1465 3133 1510 et
3168 1471 3271 1510 non
3321 1465 3503 1513 cessat
3536 1471 3687 1513 esse.

2100 1533 2469 1615 Neque'enim
2492 1546 2659 1615 coepit
2682 1559 2714 1599 a
2746 1545 3114 1616 temporibus;
3140 1560 3326 1617 neque
3357 1548 3597 1602 cessavit
3628 1548 3687 1603 in

2102 1635 2298 1693 saecula
2345 1636 2448 1710 (Α).
2498 1635 2741 1708 Regnum
2789 1638 2935 1694 enim
2987 1636 3103 1707 ejus
3135 1654 3238 1694 non
3281 1639 3445 1695 habet
3475 1640 3685 1703 ﬁnem;

2105 1729 2233 1801 quia
2266 1744 2371 1786 non
2401 1730 2698 1802 temporale
2735 1731 3018 1802 imperium
3061 1730 3180 1801 ejus
3212 1741 3316 1799 est,
3358 1733 3456 1788 sed
3490 1748 3694 1804 perpe»

405 1795 494 1875 ad
526 1819 739 1874 Patrem
780 1837 951 1875 meum
974 1821 1017 1877 ⁷.
1043 1819 1258 1875 Gratias
1293 1820 1424 1891 agit,
1455 1828 1599 1885 orat,
1640 1820 1781 1876 viam
1807 1829 2005 1876 semet-
2034 1795 2078 1853 Β
2107 1795 2279 1877 tuum.
2326 1795 2561 1893 Tempus
2592 1824 2740 1879 enim
2782 1795 3329 1890 resurrectionis'est,
3370 1833 3426 1880 et
3465 1795 3692 1897 tempus

408 1912 597 1981 ipsum
625 1921 805 1978 vocat,
841 1920 901 1966 ut
935 1926 1201 1982 agnoscas
1236 1911 1304 1967 ad
1334 1927 1496 1982 quem
1541 1912 1693 1969 vadis
1725 1931 1739 1968 :
1774 1912 1999 1983 ianuam

403 2006 772 2073 semetipsum
799 2003 930 2058 dicit
957 2010 1003 2068 ε,
1034 2013 1094 2058 ιιι
1117 2017 1381 2073 agnoscas
1421 2004 1489 2059 ad
1523 2018 1682 2074 quem
1722 2003 1995 2075 ingredie-

416 2097 501 2151 ris
521 2114 553 2150 λε
586 2095 774 2163 Pater,
802 2096 1000 2165 inquit,
1029 2112 1175 2150 meus
1206 2096 1441 2167 agricola
1464 2104 1565 2163 est,
1596 2107 1645 2151 et
1667 2112 1759 2167 ego
1785 2098 1902 2152 uitis
1924 2098 1953 2129 ⁹
1980 2114 1998 2155 :

404 2188 549 2243 Vitis
589 2196 645 2243 et
696 2189 933 2258 agricola
973 2204 1115 2243 unus
1170 2190 1288 2244 est?
1340 2187 1493 2245 lianc
1538 2191 1997 2261 comparationem

416 2279 681 2336 Dominus
707 2280 864 2349 dixit,
900 2289 959 2336 ut
991 2296 1060 2336 ne
1087 2281 1208 2351 quis
1232 2297 1318 2338 me
1351 2282 1729 2353 reprehendat.
1764 2280 1877 2353 Ego
1900 2296 1999 2336 au-

411 2381 529 2428 tem
571 2374 695 2428 volo
719 2382 778 2428 ut
806 2389 893 2429 me
929 2375 1144 2444 quidem
1192 2388 1381 2431 omnes
1418 2374 1667 2432 homines
1706 2374 2001 2443 reprehen-

410 2464 597 2518 dant:
630 2478 731 2532 ego
769 2474 952 2517 autem
1000 2462 1167 2518 volo:
1213 2463 1426 2520 Domini
1474 2476 1657 2519 autem
1688 2462 2000 2519 custodiant

416 2555 605 2610 verba.
640 2554 892 2607 Desceudi
923 2553 988 2606 de
1026 2554 1153 2607 caelo
1194 2561 1253 2607 ut
1288 2554 1482 2623 faciam
1518 2553 1840 2608 voluntatem
1882 2554 1997 2621 ejus

417 2646 512 2714 qui
550 2660 631 2699 me
661 2644 801 2698 misit
820 2644 873 2676 “
899 2663 915 2698 :
945 2642 1181 2699 obedivit
1223 2652 1400 2699 autem
1423 2658 1596 2713 usque
1643 2643 1710 2697 ad
1744 2654 1993 2700 mortem.

420 2733 532 2789 Sed
570 2735 697 2802 quid
749 2750 892 2789 nunc
929 2750 1064 2803 opus
1092 2744 1176 2791 est
1203 2733 1396 2789 Pauli?
1434 2749 1741 2804 quanquam
1770 2744 1824 2790 et
1854 2732 1997 2788 Pau-

406 2824 507 2880 ‘lus
535 2840 644 2878 non
672 2826 986 2881 testimonio
1016 2841 1115 2881 suo
1143 2827 1324 2895 dicat;
1369 2835 1545 2882 tamen
1578 2827 1703 2897 quia
1744 2828 1860 2898 ipse
1891 2826 1999 2882 Do-

419 2918 599 2972 minus
638 2932 742 2972 non
783 2919 1021 2983 auditur,
1062 2927 1121 2973 ut
1149 2918 1279 2987 quid
1315 2918 1381 2973 de
1418 2919 1729 2975 domesticis
1758 2920 1875 2990 ejus
1911 2928 1998 2973 est

410 3010 643 3065 sermo?
670 3010 759 3064 Vis
792 3025 922 3064 sane
952 3011 1219 3065 honorare
1245 3008 1464 3075 Filium,
1498 3021 1557 3064 ut
1590 3011 1703 3065 vult
1740 3012 1850 3077 ille,
1888 3026 1993 3067 non

2102 1912 2311 1968 salutis.
2341 1912 2459 1970 Non
2489 1914 2788 1969 moriamur
2812 1928 2963 1985 ergo,
3004 1929 3127 1969 cum
3161 1914 3421 1970 debemus
3462 1916 3683 1971 vivere.

2102 2002 2209 2059 Sed
2233 1992 2377 2060 nunc
2399 2004 2616 2076 quidem
2640 2005 2827 2076 paucis
2851 2005 2922 2060 ob
2944 2006 3271 2061 memoriam
3316 2015 3372 2061 et
3406 2007 3683 2063 homrem

2100 2094 2279 2153 Patris
2305 2096 2449 2153 illius
2481 2097 2674 2163 nostri,
2711 2097 2785 2152 ita
2821 2097 2973 2163 boni,
3012 2099 3085 2153 ita
3132 2096 3418 2163 laboriosi,
3471 2108 3528 2154 et
3579 2115 3689 2171 pro

2101 2180 2357 2243 Ecclesiis
2385 2186 2588 2256 ubique
2606 2186 2863 2257 vigilante
2888 2186 2971 2259 (5)
3000 2188 3142 2243 dicta
3186 2189 3296 2243 sint
3351 2188 3533 2244 nobis.
3579 2188 3691 2244 Ne-

2098 2295 2206 2352 que
2230 2279 2374 2336 enim
2401 2279 2616 2351 generis
2650 2277 2802 2349 ejus:
2826 2281 3141 2336 memoriam
3188 2281 3440 2347 fecimus,
3501 2296 3693 2354 neqne

2098 2373 2454 2439 educationis,
2501 2380 2597 2427 aut
2649 2371 2998 2440 eruditionis,
3054 2383 3147 2428 aut
3195 2373 3421 2429 alterius
3472 2372 3693 2428 vitaet

2103 2464 2386 2537 propositi.
2419 2461 2697 2519 Sufﬁcient
2719 2464 2865 2518 enim
2904 2462 2959 2519 in
3002 2464 3239 2522 Ecclesia
3276 2466 3367 2520 Dei
3402 2465 3472 2521 de
3515 2464 3694 2520 Patre

2100 2567 2158 2612 et
2196 2555 2335 2611 Filio
2379 2555 2524 2624 loqui
2585 2554 2683 2625 (6).
2730 2554 2902 2626 Loqui
2957 2557 3154 2627 quippe
3192 2557 3449 2625 dicilsilia,
3498 2566 3693 2614 tacere

2098 2656 2277 2702 autem
2316 2659 2436 2717 que
2457 2646 2669 2703 occulta
2716 2656 2863 2701 sunt.
2898 2646 3236 2718 Tinguamur
3274 2648 3472 2703 fratres
3505 2648 3566 2703 iu
3602 2649 3695 2703 his

2094 2753 2218 2808 qum
2250 2738 2302 2793 in
2327 2738 2623 2808 Scripturis
2673 2739 2873 2808 scripta
2913 2752 3064 2805 sum,
3105 2756 3209 2794 non
3250 2748 3308 2795 ut
3350 2754 3543 2795 vacua:
3592 2739 3693 2795 lit-

2100 2838 2229 2884 tera
2256 2830 2641 2900 prophetarum
2673 2838 2732 2884 ut
2758 2829 2984 2885 ludatis.
3007 2830 3086 2885 illi
3109 2831 3257 2887 enim
3296 2832 3590 2887 adversum
3622 2847 3691 2886 se

2098 2920 2313 2992 legunt;
2349 2920 2589 2991 legentes
2626 2919 2771 2975 enim
2804 2919 3014 2975 litteras
3057 2931 3113 2975 et
3160 2936 3266 2975 non
3312 2923 3685 2991 suscipientes

2098 3014 2378 3083 negotium
2404 3027 2471 3069 ex
2509 3013 2592 3067 bis
2619 3013 2815 3083 quibus
2859 3012 3162 3085 legunt(7),
3188 3014 3513 3083 semetipsos
3548 3029 3689 3069 con—

420 3112 480 3155 ut
504 3111 558 3155 tu
584 3102 681 3156 vis.
704 3100 835 3154 Num
859 3102 905 3156 si
931 3102 1137 3156 dixeris
1160 3117 1262 3155 nou
1293 3112 1394 3166 est,
1422 3103 1720 3168 houorasti,
1746 3104 1791 3158 si
1820 3104 1989 3158 inter-
2022 3135 2067 3194 α
2099 3105 2463 3175 demnantqui
2499 3114 2785 3160 excusant.
2829 3103 3018 3160 Videte
3045 3120 3113 3159 ne
3157 3106 3434 3176 patiamur
3462 3120 3528 3159 ea
3556 3122 3687 3178 qua

406 3195 619 3248 emeris
661 3208 821 3263 quem
872 3208 977 3247 non
1046 3202 1334 3262 potuerunt
1383 3192 1588 3249 Judaei?
1630 3193 1798 3250 Judaei
1848 3198 1993 3250 enim

407 3284 556 3340 fabri
581 3284 746 3338 ﬁlium
794 3300 917 3340 eum
957 3293 1304 3354 putaverunt,
1332 3295 1386 3339 et
1416 3294 1475 3339 ut
1507 3285 1646 3341 fabri
1697 3286 1865 3341 ﬁlium
1912 3287 1997 3342 in-

410 3376 784 3442 terfecerunt;
842 3386 895 3430 tu
934 3385 1006 3431 ἰιι
1054 3375 1251 3431 Filium
1303 3376 1394 3431 Dei
1447 3375 1736 3432 interﬁcis.
1787 3375 1893 3431 Sed
1936 3387 1993 3432 tu

417 3468 689 3534 morieris,
732 3484 837 3522 non
876 3467 982 3523 ille.
1020 3468 1137 3524 Non
1166 3467 1309 3525 enim
1355 3482 1420 3522 ex
1457 3468 1543 3523 bis
1576 3483 1696 3539 qua:
1749 3477 1808 3525 tu
1837 3469 1993 3534 dicis,

418 3560 510 3613 ille
542 3575 649 3613 non
690 3568 772 3613 est
808 3572 823 3611 :
853 3559 947 3613 sed
992 3574 1059 3615 ex
1109 3559 1190 3614 his
1220 3558 1339 3628 quae
1379 3574 1483 3614 non
1526 3560 1724 3627 credis,
1773 3570 1827 3616 tu
1886 3576 1995 3617 non

418 3652 546 3705 eris.
570 3650 704 3717 Qua:
747 3653 949 3722 scripta
998 3662 1124 3708 sunt
1155 3653 1341 3718 dicito,
1373 3658 1429 3708 et
1459 3653 1870 3724 derelinquetur
1900 3653 1988 3710 iis.

417 3742 533 3797 Non
569 3752 835 3797 meum‘et
870 3753 1042 3809 tuum,
1074 3744 1168 3799 sed
1209 3759 1329 3814 quas
1371 3745 1677 3800 communia
1721 3754 1848 3801 sunt
1888 3745 1991 3801 Ec-

415 3834 613 3889 clesiae.
649 3835 780 3900 Quis
802 3835 944 3888 enim
988 3843 1041 3888 te
1066 3833 1309 3904 iudicat?
1337 3834 1467 3903 quid
1507 3834 1678 3890 habes
1709 3836 1853 3905 quod
1882 3851 1992 3891 non

415 3924 708 3992 accepisti?
742 3923 857 3977 Non
889 3925 989 3978 ista
1010 3931 1093 3977 est
1122 3938 1221 3979 vox
1260 3922 1412 3979 Pauli
1435 3923 1528 3994 qui
1559 3924 1637 3979 ait
1668 3940 1683 3979 :
1722 3922 1809 3979 Ea:
1842 3934 1994 3994 parte

415 4016 771 4084 agnoscimus,
805 4024 856 4068 et
886 4030 951 4069 ea:
980 4026 1129 4084 parte
1163 4016 1534 4083 prophetamus
1574 4015 1659 4070 “l
1707 4013 1833 4071 Haec
1860 4015 1994 4071 dixit

416 4106 634 4172 Paulus,
677 4121 744 4160 ne
787 4119 918 4161 sane
967 4106 1113 4160 solus
1153 4114 1435 4175 putaretur
1483 4120 1549 4161 ex
1589 4115 1766 4175 parte,
1814 4107 1909 4161 sed
1939 4116 1995 4160 et

415 4198 666 4267 Apostoii
700 4214 820 4251 cum
846 4199 962 4267 ipso
991 4197 1081 4267 qui
1117 4200 1213 4262 ait,
1234 4214 1381 4253 nunc
1399 4198 1636 4254 uidemus
1678 4215 1772 4270 per
1804 4215 1995 4270 specu-

415 4290 526 4343 lum
564 4288 628 4343 ".
656 4287 761 4341 Sed
793 4287 992 4342 Paulus
1022 4302 1118 4357 per
1149 4287 1467 4356 speculum;
1499 4298 1554 4344 tu
1580 4300 1765 4345 autem
1794 4302 1849 4345 et
1871 4291 1992 4346 istic

415 4384 524 4451 iam
543 4381 621 4436 vis
666 4380 803 4435 facie
831 4383 897 4435 ad
915 4380 1107 4436 faciem
1134 4395 1311 4437 nosse.
1340 4380 1808 4448 Quemadmodum
1861 4395 1993 4439 sane

2100 3196 2301 3252 Judaeis
2339 3196 2707 3266 increpamus.
2746 3195 2804 3251 Si
2846 3197 2993 3253 enim
3036 3197 3267 3254 dicimus
3307 3196 3531 3264 Filium,
3577 3213 3693 3253 non

2099 3287 2422 3343 conﬁtemur
2457 3297 2637 3342 autem
2666 3287 2884 3353 Filium,
2911 3297 2966 3344 et
2990 3289 3035 3343 si
3063 3288 3407 3358 agnoscimus
3434 3287 3692 3353 Patrem,

2099 3391 2415 3447 spernamus
2453 3388 2633 3433 autem
2678 3377 2929 3445 Patrem;
2974 3378 3068 3433 illa
3111 3378 3226 3449 ipsa
3270 3394 3388 3450 qua:
3421 3379 3691 3448 legimus.

2105 3469 2221 3542 ipsa
2253 3471 2408 3526 nobis
2435 3469 2493 3526 in
2542 3471 2628 3525 die
2650 3468 2839 3539 judicii
2880 3469 3127 3541 legentur
3160 3470 3230 3525 ad
3266 3471 3693 3525 condemnati»

2110 3579 2256 3619 nem.
2287 3563 2421 3620 Dicit
2487 3563 2631 3620 enim
2667 3562 2931 3620 Dominus
2957 3578 2974 3613 :
3008 3556 3241 3628 Ego-non
3253 3558 3440 3629 judico
3483 3563 3559 3626 “,
3589 3563 3693 3617 sed

2101 3670 2286 3711 sermo
2312 3670 2477 3727 quem
2539 3654 2751 3710 locutus
2798 3661 2883 3708 est
2929 3651 3049 3723 ipse
3100 3664 3225 3706 eum
3269 3648 3498 3718 iudicat.
3537 3648 3694 3703 Dixit

2100 3747 2218 3815 tibi,
2249 3748 2376 3817 quia
2409 3747 2545 3802 uado
2588 3748 2659 3802 ad
2717 3746 2931 3803 Patrem
2986 3758 3163 3799 meum
3212 3740 3356 3796 Dixit
3405 3738 3527 3805 tibi,
3557 3741 3692 3810 quia

2097 3836 2297 3891 missus
2318 3851 2349 3891 a
2375 3832 2540 3890 Patre
2576 3846 2734 3899 sum;
2759 3842 2816 3888 et
2837 3842 2893 3885 tu
2914 3830 3050 3886 dicis
3066 3830 3195 3901 quia
3219 3845 3325 3883 non
3347 3836 3432 3883 est
3452 3828 3695 3883 missus!

2096 3928 2188 3983 sed
2212 3928 2327 3997 ipse
2346 3935 2430 3981 est
2455 3924 2547 3995 qui
2572 3925 2689 3980 haec
2704 3923 2861 3990 dixit,
2882 3933 2938 3979 et
2956 3931 3083 3977 tunc
3103 3919 3362 3990 iudicabit
3383 3937 3400 3975 :
3420 3919 3567 3989 leget
3589 3921 3690 3976 tibi

2095 4018 2403 4089 Evangelia,
2421 4017 2574 4072 dabis
2593 4016 2881 4082 rationem,
2900 4015 3044 4070 dicet
3058 4029 3155 4069 cur
3176 4012 3289 4067 haec
3302 4012 3505 4082 scripta
3523 4011 3695 4067 sunt!

2096 4110 2221 4166 Haec
2244 4119 2424 4165 autem
2449 4118 2575 4164 tunc
2602 4122 2706 4164 non
2734 4107 2842 4164 dixi
2869 4121 2967 4177 per
2996 4119 3205 4161 vocem.
3226 4102 3294 4156 Et
3312 4118 3421 4174 qua
3442 4101 3588 4158 facie
3607 4105 3694 4157 vi-

2098 4202 2255 4259 debis
2297 4200 2428 4254 illud
2458 4198 2677 4254 lumen?
2706 4197 2956 4254 Constanti
2983 4196 3154 4251 simus
3176 4194 3425 4260 veritate,
3450 4206 3693 4248 excuse-

2099 4308 2219 4348 mus
2242 4292 2385 4346 lites.
2425 4289 2628 4361 Siquis
2650 4300 2829 4345 autem
2863 4298 2924 4345 et
2967 4288 3115 4343 novit
3150 4285 3359 4356 aliquid
3412 4300 3540 4339 cum
3585 4297 3692 4355 pa-

2102 4384 2287 4440 tientia
2317 4392 2373 4439 et
2411 4398 2516 4439 non
2546 4384 2614 4437 ad
2647 4378 3047 4452 iustigationem
3084 4393 3206 4449 quae
3241 4376 3406 4442 lcdit,
3433 4378 3533 4431 sed
3562 4390 3693 4431 cum

414 4472 821 4528 eutninterimis
839 4485 998 4540 quem
1022 4470 1194 4525 vides.
1222 4468 2002 4541 Haac(2-5)videbamusjsem.
2034 4484 2077 4539 υ
2107 4476 2412 4531 humilitate
2455 4490 2577 4545 quae
2630 4475 2874 4544 prodest,
2925 4486 3031 4525 non
3074 4482 3134 4524 ut
3182 4468 3413 4535 inimici,
3465 4470 3566 4522 sed
3631 4477 3692 4522 Ill

416 4581 513 4636 per
531 4580 562 4618 a
590 4565 749 4620 beato
771 4562 864 4619 ﬂio
884 4563 1022 4619 viro.
1054 4560 1210 4633 Saepe
1224 4562 1367 4617 enim
1388 4560 1708 4617 dicebantur
1745 4565 1813 4617 ab
1831 4580 1915 4631 eo,
1938 4578 1997 4623 ut

414 4657 632 4727 quidam
659 4657 1069 4726 suspicarentur
1108 4669 1203 4711 ore
1233 4653 1448 4725 quidem
1484 4668 1582 4711 suo
1605 4655 1704 4711 ista
1724 4659 1995 4727 proferre,

414 4752 582 4806 corde
605 4760 784 4805 autem
813 4749 971 4804 aliter
997 4748 1217 4803 habere.
1264 4744 1335 4801 Et
1384 4746 1602 4815 quidem
1657 4764 1867 4806 memor
1903 4767 1997 4807 vo-

420 4842 507 4897 bis
535 4857 656 4897 sum
686 4841 903 4896 audisse
931 4854 1021 4895 me
1058 4839 1217 4894 abeo
1252 4847 1442 4895 sancto
1493 4840 1650 4897 nobis
1684 4839 1996 4910 iuramento

417 4933 776 4999 satisfecisse,
802 4935 929 5004 quia
952 4947 1059 4988 non
1088 4931 1232 4987 aliud
1264 4932 1319 4986 in
1354 4932 1558 5003 lingua,
1594 4941 1650 4988 et
1682 4933 1826 4988 aliud
1853 4945 1997 4991 esset

418 5032 473 5086 in
508 5030 674 5086 corde
699 5029 849 5099 ejus;
884 5028 979 5083 sed
1013 5024 1179 5082 corde
1215 5023 1434 5094 quidem
1465 5025 1707 5080 creditur
1729 5025 1797 5079 ad
1828 5025 1993 5095 justi-

418 5118 569 5182 tiam,
589 5132 684 5172 ore
702 5126 883 5171 autem
914 5114 1204 5170 conﬁtetur
1237 5114 1304 5168 ad
1327 5114 1556 5169 salutem
1599 5130 1614 5169 :
1653 5115 1794 5170 unde
1827 5115 1992 5186 igitur

490 5234 510 5264 ³
532 5232 689 5290 Joan.
717 5248 792 5297 at,
821 5233 912 5299 li,
945 5232 1036 5286 42.
1106 5232 1127 5265 ⁸
1164 5230 1320 5286 Joan.
1350 5248 1461 5298 xiv,
1483 5232 1574 5287 3i.

417 5318 474 5367 χ,
510 5304 564 5358 9.
673 5304 695 5336 ⁹
727 5304 881 5359 Joan.
923 5320 1013 5369 xv,
1057 5303 1105 5359 1.
1213 5304 1255 5334 ³⁸
1289 5302 1445 5358 Joau.
1482 5319 1558 5371 \‘l,
1588 5304 1679 5360 58.

416 5388 537 5440 vttt,
568 5374 657 5429 15.

488 5484 628 5555 (2-5)
664 5484 793 5539 ch
832 5486 1153 5548 videbamus,
1194 5497 1299 5542 etc.
1344 5488 1508 5542 Henr.
1543 5487 1789 5543 Valesius
1815 5487 1986 5557 legit:

417 5549 551 5607 Ηιὲε
578 5549 917 5625 audiebamus
940 5573 1140 5625 semper
1172 5574 1203 5610 a
1227 5559 1377 5611 beato
1401 5559 1492 5612 illo
1523 5564 1654 5622 utro,
1683 5574 1822 5623 saepe
1848 5549 1988 5613 e'nim

415 5627 505 5697 ita;
531 5624 834 5697 dicebantur
878 5628 941 5679 ab
992 5624 1071 5697 eo,
1113 5637 1167 5680 ut
1198 5629 1411 5697 quidam
1460 5632 1856 5697 suspicarentur
1901 5646 1989 5684 ore

414 5694 766 5765 quidemeum
799 5696 900 5748 ista
932 5696 1187 5765 proferre,
1210 5694 1320 5751 etc.

489 5762 568 5829 (4)
598 5763 780 5830 Neque
801 5762 1038 5823 cessavit.
1065 5764 1228 5823 Forte
1268 5783 1430 5834 neque
1456 5767 1700 5823 cessabit.

1675 5234 1696 5266 '
1725 5231 1880 5288 Joan.
1913 5249 2030 5299 vm,
2073 5234 2165 5291 49.
2243 5232 2438 5288 ‘Joan.
2471 5248 2522 5297 v,
2560 5232 2646 5294 l7,
2692 5228 2782 5284 56.

1778 5304 1817 5336 ³⁸
1851 5306 1867 5360 Ι
1898 5295 2025 5360 Cor.
2062 5321 2183 5374 xm,
2208 5308 2262 5363 9.
2360 5306 2402 5337 ¹¹
2442 5295 2595 5367 ibid.,
2633 5300 2719 5355 l2.
2816 5300 2859 5331 ¹³
2882 5297 2922 5352 ΙΙ
2947 5297 3075 5352 Cor.
3129 5312 3248 5360 xm,
3280 5295 3337 5349 ὃ.

2102 4568 2419 4632 Christiani,
2461 4583 2567 4621 non
2624 4575 2682 4620 ut
2733 4567 2785 4620 in
2834 4566 3008 4629 circo,
3062 4563 3156 4617 sed
3196 4572 3257 4615 ut
3304 4562 3357 4615 in
3415 4559 3692 4616 Ecclesia.

2111 4659 2299 4715 llabcs
2351 4657 2557 4729 aliquid
2601 4674 2617 4711 :
2662 4658 2815 4711 trade
2868 4671 2974 4710 neu
3036 4671 3156 4709 cum
3210 4654 3325 4717 lite,
3374 4668 3481 4708 non
3531 4656 3694 4724 quasi

2103 4764 2315 4816 auctor,
2354 4752 2450 4808 sed
2492 4764 2810 4807 ammonens
2836 4762 2899 4803 ea
2929 4762 3051 4819 quae
3083 4746 3323 4801 didicisti
3372 4761 3406 4801 a
3438 4744 3689 4815 Scriptu-

2103 4846 2199 4900 ris.
2237 4844 2486 4899 Retinete
2507 4843 2645 4907 haec,
2673 4850 2729 4896 et
2760 4839 3052 4896 cessabitis
3083 4837 3248 4901 alite,
3287 4846 3342 4891 et
3379 4837 3450 4891 sb
3480 4834 3689 4891 Ecclus

2102 4937 2179 4991 sia
2218 4935 2461 5004 separari
2507 4933 2697 4989 nolite.
2750 4930 2806 4986 Si
2852 4945 2953 5001 ego
3002 4929 3192 4994 deliro,
3236 4927 3364 4996 quid
3399 4927 3469 4981 ad
3520 4926 3614 4980 te?
3647 4929 3692 4981 si

2101 5044 2204 5099 ego
2235 5027 2414 5083 aliena
2449 5026 2665 5098 loquar,
2700 5040 2786 5079 me
2809 5021 2995 5093 iudica
3027 5030 3082 5077 et
3110 5020 3337 5091 perdere
3361 5017 3685 5074 noli.0cea-

2098 5120 2307 5174 sionem
2338 5117 2506 5173 nolite
2546 5128 2793 5185 quaerere
2830 5112 2896 5168 ad
2944 5110 3258 5167 schismata.
3288 5107 3419 5163 Ovis
3440 5121 3568 5177 qua
3593 5121 3686 5161 ex-

2884 5227 3062 5282 7.loau.
3090 5240 3201 5287 xlv,
3230 5222 3283 5287 l,
3313 5222 3407 5278 28.
3482 5222 3508 5254 ⁸
3531 5221 3667 5277 Joan

2884 5297 3075 5349 liCor.
3129 5312 3248 5349 xm.
3280 5295 3337 5349 3.
3444 5291 3492 5325 ιδ
3523 5292 3661 5349 Joau

2172 5486 2251 5558 (5)
2297 5482 2673 5558 Vigilgnte.ll.
2712 5481 2971 5558 Valesius
2996 5478 3127 5558 legit
3150 5476 3441 5558 uigilantis.

2156 5544 2619 5643 _Ms.'.Su‘05cit
2657 5554 2796 5609 enim
2832 5555 2886 5606 in
2926 5544 3165 5606 Ercl'esia
3198 5544 3297 5602 Dei
3335 5550 3403 5603 de
3444 5544 3611 5602 Patre
3635 5556 3683 5603 α

2100 5627 2473 5822 “(gignis
2515 5694 2700 5767 quibus
2728 5693 2925 5765 legunt.
2958 5689 3145 5748 Graeco
3168 5703 3344 5757 more,
3380 5704 3483 5761 pro
3512 5704 3577 5747 es
3604 5687 3684 5742 his

2100 5787 2210 5822 alii?
2259 5779 2437 5822 canat.

2094 5787 2210 5831 quia
2238 5779 2437 5831 lt‘qunl.
