3810 6218
202 274 230 327 ι
242 270 348 329 069

1299 254 1387 314 DE
1423 250 2025 313 RESUKRECTIONE.
2066 290 2118 299 —
2175 248 2301 311 LIB.
2345 250 2386 310 Ι.

3316 250 3449 309 ΙΟῚῧ

195 386 281 433 tra
305 390 521 448 gregem
551 384 654 443 est,
685 391 815 450 pars
852 383 962 450 lupi
998 386 1101 437 est.
1135 368 1269 436 Nam
1300 384 1401 439 etsi
1435 384 1625 439 fortior
1655 383 1775 439 ovis
1804 390 1851 446 Α
1882 386 1991 440 tr‘es
2027 405 2038 440 :
2082 399 2185 438 non
2230 374 2493 438 faciamus
2532 372 2935 442 conventicula,
2978 390 3087 431 non
3141 375 3449 446 Speluncae.

196 485 278 533 es,
306 471 527 539 expedit
578 462 676 526 tibi
728 470 867 526 infra
925 474 1160 544 parietes
1210 477 1367 531 ovilis
1417 491 1559 543 esse,
1608 492 1769 545 quam

195 562 367 618 foras.
400 561 579 618 Fortis
616 577 695 627 es,
740 573 894 632 porta
947 581 1121 620 meam
1165 566 1536 622 infirmitatem
1570 570 1588 621 ':
1624 568 1778 622 infir-

194 670 318 711 mus
351 671 433 721 es,
461 656 646 725 accipe
669 659 931 715 medelam
959 676 989 715 a
1011 662 1283 716 communi
1316 662 1555 719 Ecclesia
1584 681 1598 718 :
1622 671 1775 733 gutta

192 764 303 806 una
366 760 663 808 torrentem
724 766 832 807 non
881 740 1034 807 facit.
1090 751 1147 806 Si
1194 752 1340 806 enim
1387 761 1443 808 et
1493 754 1773 819 ceciderit,

191 852 488 911 antequam
524 843 704 910 cadat,
735 859 762 895 a
792 845 936 898 terra
975 842 1319 898 absorbetur.
1361 840 1525 899 'Gutta
1566 852 1774 910 autem,

193 942 253 991 et
288 935 464 1007 gutta,
497 946 553 991 et
577 944 725 1006 gutta
755 935 919 990 etiam
965 943 1174 990 montes
1217 937 1434 992 evertit.
1481 934 1662 992 Canna
1715 951 1776 993 es

196 1020 429 1098 fragilis,
463 1027 616 1082 multi
646 1035 826 1082 autem
878 1016 1027 1081 ferro
1076 1035 1205 1080 sunt
1256 1025 1532 1083 fortiores.
1574 1026 1777 1084 Oculus

194 1119 347 1176 solus
375 1128 481 1173 non
506 1127 590 1173 est
611 1118 825 1184 oculus,
858 1133 1033 1188 neque
1056 1127 1429 1189 caputcaput,
1467 1132 1643 1190 neque
1682 1136 1777 1191 pes

192 1227 317 1283 pes.
357 1210 689 1281 Compositio
734 1211 878 1266 enim
927 1211 1295 1266 membrorum
1356 1219 1523 1266 latum
1575 1215 1774 1267 bonum

194 1297 349 1354 facit.
396 1297 528 1353 Nam
560 1297 663 1353 etsi
707 1304 858 1354 esses
892 1296 1103 1366 oculus,
1152 1298 1389 1364 ablatus,
1415 1315 1539 1356 eras
1577 1312 1774 1358 ctecus.

190 1393 241 1447 Δ
264 1404 488 1460 corpore
517 1390 661 1444 enim
691 1389 938 1445 sublatus
961 1388 1176 1456 oculus,
1209 1402 1385 1446 caecus
1429 1399 1515 1448 est
1558 1393 1775 1458 oculus,

189 1482 371 1552 magis
402 1489 583 1537 autem
624 1490 889 1536 mortuus.
917 1481 973 1536 ln
1004 1481 1245 1537 Ecclesia
1280 1481 1478 1538 fratres
1528 1488 1630 1539 sub
1665 1485 1778 1541 alas

190 1571 388 1628 matris
411 1571 803 1628 conveniamus
831 1582 849 1632 :
879 1572 931 1626 in
952 1569 1197 1628 Ecclesia
1242 1575 1296 1627 in
1324 1587 1429 1644 qua
1457 1578 1775 1632 ornamenta

193 1680 411 1741 sponsae
437 1673 583 1732 sunt,
612 1672 666 1719 et
695 1665 938 1720 membra
960 1663 1184 1731 Christi,
1215 1680 1323 1721 non
1352 1667 1419 1722 ad
1461 1667 1776 1733 schismata,

1878 476 2043 532 Forte
2084 478 2226 532 enim
2282 474 2514 546 apostoli
2572 474 2688 528 haec
2735 470 3050 525 fundarunt.
3085 467 3217 524 Non
3245 468 3451 540 lapides

1877 567 2019 633 dico,
2061 568 2155 623 sed
2191 568 2403 638 negotia
2443 578 2648 621 rerum.
2684 565 2814 620 Exis
2853 564 2923 619 ab
2952 562 3219 628 Ecclesia,
3265 573 3323 619 et
3364 577 3451 620 re-

1875 660 2077 732 linquis
2115 671 2344 717 matrem
2389 668 2534 715 tuam
2565 666 2786 729 propter
2836 671 2942 710 me.
2971 655 3109 721 Quid
3143 670 3262 711 sum
3306 655 3451 712 enim

1877 767 2000 825 ego,
2035 759 2129 809 aut
2165 753 2391 817 Paulus,
2417 759 2513 806 aut
2545 749 2734 819 Apollo
2758 748 2879 819 quis
2914 747 3034 801 est?
3081 748 3155 802 De
3181 762 3267 803 me
3306 757 3362 802 et
3399 756 3452 804 te

1877 846 1983 901 erit
2014 860 2213 901 sermo.
2246 843 2384 899 Num
2420 854 2520 915 ego
2562 841 2857 897 crucifixus
2903 840 3061 895 sum?
3089 839 3331 894 Necdum
3383 853 3453 895 ne

1877 937 2094 1007 quidem
2119 937 2326 1008 alapam
2353 935 2560 1006 accepi.
2594 933 2636 987 E
2658 932 2935 988 contrario
2969 943 3168 997 autem,
3202 942 3257 986 et
3281 932 3453 986 hono-

1879 1036 2031 1084 ratus
2081 1040 2199 1083 sum
2252 1035 2472 1098 prapter
2519 1024 2726 1081 Iesum.
2780 1026 2847 1081 Et
2889 1024 2980 1080 ille
3016 1023 3232 1095 quidem
3284 1023 3452 1078 multa

1881 1134 2072 1190 passus
2095 1129 2178 1175 est
2207 1128 2427 1189 propter
2448 1131 2535 1173 me
2566 1136 2583 1171 :
2622 1133 2723 1186 ego
2761 1128 2940 1173 autem
2992 1117 3291 1171 hanoratus
3325 1131 3446 1171 sum

1880 1221 2100 1284 propter
2138 1213 2335 1281 ipsum.
2381 1209 2450 1265 Et
2477 1225 2576 1265 nos
2610 1210 2827 1279 quidem
2878 1209 3140 1265 feriamur
3190 1208 3454 1266 adversus

1880 1319 2123 1368 crucem,
2168 1312 2223 1359 et
2266 1303 2560 1358 adversum
2598 1316 2722 1356 eum
2756 1301 2847 1371 qui
2894 1311 3110 1371 propter
3151 1315 3249 1356 nos
3294 1300 3366 1355 fel
3402 1308 3454 1356 et
3506 1336 3510 1340 -

1881 1405 2091 1451 acetum
2133 1394 2288 1459 bibit,
2321 1403 2375 1450 et
2400 1392 2729 1464 imponimus
2772 1393 2823 1447 ei
2858 1393 3042 1463 spina‘s
3083 1394 3254 1465 magis
3285 1407 3453 1463 quam

1881 1487 2068 1554 Judazi,
2092 1496 2148 1543 et
2179 1487 2461 1542 etl'odimns
2494 1497 2689 1541 manus
2731 1485 2848 1555 ejus
2890 1494 2947 1541 et
2985 1484 3173 1555 pedes,
3217 1493 3273 1541 et
3294 1485 3456 1541 dinua

1880 1593 2154 1633 meramus
2174 1576 2290 1645 ejus
2316 1591 2439 1631 ossa
2475 1593 2490 1629 :
2522 1574 2655 1641 Qum
2693 1575 2857 1643 enim,
2893 1575 3092 1645 inquit,
3123 1575 3323 1644 fecistis
3359 1574 3457 1630 uni

1882 1686 1948 1724 ea:
1977 1666 2209 1723 minimis
2238 1668 2363 1723 istis
2396 1668 2487 1739 qui
2514 1672 2731 1721 credunt
2774 1668 2829 1721 in
2856 1682 2960 1732 me,
2989 1666 3117 1720 mihi
3165 1667 3359 1734 fecistis
3387 1665 3458 1734 “,

196 1773 308 1812 non
334 1757 399 1812 ad
424 1757 679 1813 haereses.
709 1755 1011 1826 Aliquoties
1030 1756 1176 1812 enim
1209 1757 1332 1814 dico
1362 1776 1375 1813 :
1409 1754 1632 1815 oﬂ'endit
1660 1775 1776 1814 mea
1815 1769 1859 1829 Β
1886 1770 1979 1814 aut
2014 1759 2217 1814 bonum
2252 1768 2345 1814 aut
2379 1758 2606 1814 malum.
2645 1757 2769 1813 Haec
2800 1757 2998 1813 fratres
3036 1767 3090 1814 et
3137 1757 3191 1813 in
3236 1759 3321 1815 his
3348 1758 3457 1815 fra-

195 1850 378 1919 lingua
408 1866 422 1903 :
456 1857 636 1917 potest
665 1848 778 1902 fieri
807 1857 867 1902 ut
909 1862 1062 1903 mens
1108 1861 1224 1904 mea
1278 1848 1539 1905 offendat.
1588 1851 1693 1906 Sed
1723 1862 1776 1907 tu

194 1941 352 1995 noli:
381 1940 698 1996 obliviscere
740 1934 817 2011 (8)
858 1950 981 1995 eum
1020 1941 1112 2011 qui
1159 1940 1295 1995 dixit
1337 1957 1352 1995 :
1395 1938 1576 1996 Pretio
1620 1943 1781 2013 empti

194 2034 348 2099 estis,
378 2032 539 2087 nolite
568 2031 684 2101 ﬁeri
713 2031 849 2086 servi
888 2032 1157 2087 hominum
1180 2030 1245 2087 η.
1276 2032 1384 2089 Ista
1416 2036 1559 2090 enim
1587 2036 1782 2091 domus

195 2141 310 2181 non
333 2140 450 2182 mea
473 2133 557 2180 est
578 2133 671 2179 aut
699 2133 812 2183 tua.
858 2124 968 2180 Cur
1018 2126 1122 2180 mei
1176 2141 1339 2182 causa
1372 2127 1583 2181 recedis
1615 2142 1643 2180 a
1680 2127 1782 2181 Do-

195 2217 404 2273 minica
451 2217 651 2273 domo?
697 2216 764 2273 Et
815 2217 990 2287 primo
1031 2218 1245 2288 quidem
1292 2219 1421 2289 quid
1472 2219 1782 2289 accepimus

196 2310 360 2367 nobis
387 2310 511 2380 quia
545 2310 900 2380 sapientiores
929 2309 1184 2365 omnibus
1218 2310 1444 2365 sumus?
1470 2309 1675 2365 Deinde
1721 2318 1785 2364 ut

196 2402 330 2471 quid
355 2402 498 2472 quod
528 2401 581 2455 in
605 2416 768 2471 prece
792 2401 871 2474 (9)
900 2400 1147 2456 diabolus
1180 2401 1364 2467 habet,
1396 2402 1661 2456 donamus
1695 2400 1783 2456 ei?

197 2490 261 2547 Si
299 2506 397 2562 ego
421 2493 667 2547 infirmus
695 2506 835 2557 sum,
878 2501 932 2546 tu
953 2492 1042 2560 qui
1080 2506 1139 2547 es
1161 2490 1335 2556 fortis,
1365 2507 1469 2548 non
1499 2493 1794 2557 recedens,-

199 2587 464 2640 conlirma
510 2583 833 2641 Ecclesiam.
883 2585 940 2640 Si
985 2599 1087 2653 ego
1131 2584 1307 2639 aliena
1342 2583 1553 2653 loquor,
1591 2597 1690 2638 cur
1724 2592 1780 2638 tu

202 2675 296 2747 qui
320 2676 459 2731 bene
492 2674 738 2745 loqueris
783 2674 1055 2730 abstrabis
1082 2687 1136 2730 tc
1157 2683 1216 2728 ut
1239 2674 1527 2729 videantur
1556 2690 1674 2729 mea
1702 2674 1784 2729 in-

204 2766 450 2822 firmari?
473 2766 539 2821 Et
566 2781 634 2821 ne
660 2766 783 2837 quis
803 2779 889 2821 me
918 2762 1391 2837 putet'incitatum
1422 2765 1489 2819 ad
1518 2765 1783 2834 quosdam

205 2859 539 2915 dicere:sed
581 2859 648 2914 ab
671 2858 929 2914 exercitio
965 2856 1078 2930 (l0)
1119 2872 1239 2913 sum
1292 2856 1581 2912 multorum
1615 2872 1630 2909 :
1672 2856 1786 2911 scio

212 2960 419 3023 quanta
449 2953 590 3008 dicta
628 2962 755 3008 sunt
804 2959 861 3007 et
901 2952 1173 3007 dicuntur.
1220 2949 1603 3017 Unusquisque
1639 2948 1785 3004 enim

208 3060 462 3117 quaerens
486 3046 627 3100 unde
661 3053 918 3115 pascatur
953 3043 1165 3097 furatur
1188 3042 1323 3113 (11).
1356 3041 1595 3096 Minores
1631 3058 1644 3093 :
1675 3039 1786 3094 fra-

1882 1859 2036 1906 tres:
2072 1866 2179 1906 non
2230 1860 2445 1920 semper
2502 1851 2741 1915 nomina,
2790 1852 2886 1906 sed
2931 1866 3040 1906 res.
3113 1852 3458 1911 Christianus

1880 1943 2022 1996 enim
2052 1957 2233 2008 verus,
2289 1941 2457 1998 frater
2498 1942 2591 1998 sit.
2638 1939 2812 1997 Verus
2866 1942 3208 1998 Christianus
3248 1962 3260 2000 :
3294 1959 3458 2001 verus

1881 2043 1967 2091 est
2015 2035 2159 2090 enim
2220 2035 2490 2091 Christus.
2536 2035 2780 2102 Fratres,
2833 2034 3050 2101 fratres,
3111 2037 3276 2093 nolite
3337 2052 3459 2094 esse

1881 2126 2100 2196 piratae,
2164 2127 2333 2183 nolite
2397 2128 2712 2182 bellatores.
2780 2122 2958 2183 Nolite
3024 2143 3266 2198 quaerere
3330 2144 3455 2186 cum

1883 2234 1989 2288 quo
2060 2218 2311 2289 liligetis,
2380 2220 2473 2274 sed
2525 2236 2683 2290 quem
2764 2219 3004 2276 salvetis.
3081 2219 3198 2290 lpse
3274 2232 3454 2277 autem

1870 2308 2025 2366 Deus
2084 2311 2251 2380 pacis,
2301 2312 2391 2380 qui
2438 2327 2542 2366 non
2602 2312 2841 2383 pepercit
2901 2313 3179 2381 unigenito
3211 2327 3308 2368 suo
3361 2312 3455 2368 Fi-

1883 2400 1976 2465 lio,
2012 2410 2067 2456 et
2097 2400 2245 2455 misit
2307 2416 2431 2457 eum
2477 2405 2540 2455 ad
2579 2402 2806 2458 salutem
2856 2413 3119 2469 nostram,
3174 2403 3293 2473 ipse
3330 2418 3453 2459 om-

1884 2494 2031 2547 nium
2074 2503 2317 2548 vestrum
2347 2494 2559 2549 animas
2601 2495 2668 2549 ad
2702 2507 2864 2549 uuam
2912 2495 3351 2560 consensionem,
3385 2497 3456 2551 ad

1884 2599 2046 2638 uuam
2070 2586 2441 2650 concordiam,
2481 2586 2546 2639 ad
2592 2598 2755 2640 unam
2806 2602 2993 2654 pacem
3035 2598 3091 2643 et
3139 2587 3458 2643 charitatem

1885 2675 2083 2730 adunet
2107 2688 2205 2744 per
2228 2676 2561 2746 unigenitum
2595 2692 2750 2732 suum
2780 2674 2973 2733 Filium
3000 2697 3015 2732 :
3047 2694 3144 2749 per
3180 2694 3341 2750 quem
3373 2688 3461 2736 est

1885 2784 1991 2823 non
2028 2777 2156 2824 nato
2183 2768 2329 2823 Patri
2371 2769 2563 2840 gloria,
2607 2771 2801 2839 honor,
2857 2771 3166 2841 imperium,
3200 2772 3459 2841 maiestas

1886 2861 1940 2916 in
1968 2860 2170 2931 Spiritu
2215 2872 2427 2926 sancto,
2456 2871 2509 2916 et
2542 2877 2683 2917 nunc
2713 2871 2768 2917 et
2804 2877 3037 2933 semper,
3068 2873 3118 2918 et
3148 2877 3244 2933 per
3276 2863 3459 2920 omnia

1887 2947 2083 3003 saecula
2114 2948 2459 3002 saeculorum.
2488 2948 2680 3003 Amen.

216 3193 2068 3237 Em

909 3190 3449 3233 mm

972 3413 1730 3573 EUSEBII
1787 3409 2709 3571 PAMPHILI

790 3710 1019 3824 DE
1146 3702 2881 3823 RESURRECTIONE.

1368 4076 1725 4165 LIBER
1797 4076 2293 4167 PRIMUS.

1788 4276 1860 4290 -ο

279 4435 489 4491 Dictum
510 4445 593 4492 est
613 4434 828 4507 quidem
852 4450 881 4490 a
914 4433 1066 4491 nobis
1093 4442 1148 4490 ct
1174 4444 1296 4491 ante
1321 4434 1387 4490 de
1423 4434 1780 4490 resurrectio-
1805 4444 1847 4500 (ξ
1883 4446 2062 4491 autem
2123 4443 2176 4489 et
2211 4448 2331 4504 qua:
2365 4429 2499 4486 lec1a
2533 4437 2694 4495 sunt;
2743 4425 2883 4482 forte
2930 4422 3094 4480 etiam
3142 4433 3284 4491 saepe
3307 4418 3467 4475 nobis

202 4543 310 4595 ne;
347 4528 575 4583 audistis
610 4538 664 4583 et
703 4542 799 4582 vos
847 4544 860 4581 :
901 4527 993 4583 sed
1031 4528 1212 4583 omnia
1273 4536 1516 4595 tempora
1564 4526 1787 4594 exigunt

201 4637 360 4678 suum
408 4621 664 4685 fructum,
704 4618 968 4688 siquidem
1018 4629 1073 4674 et
1127 4619 1179 4673 in
1220 4629 1461 4688 tempore
1512 4634 1783 4682 rosarum,

1888 4528 2212 4593 dicentibus,
2240 4525 2465 4580 necdum
2498 4522 2713 4592 quidam
2755 4520 2820 4573 de
2849 4513 3247 4572 resurrectione
3275 4522 3465 4566 susce-

1887 4627 2085 4690 perunt
2130 4630 2433 4673 sermonem
2478 4631 2491 4667 :
2533 4611 2669 4666 nihil
2715 4606 2969 4679 prohibet
3003 4614 3248 4673 repetere
3281 4615 3380 4656 nos
3410 4610 3469 4657 et

202 4727 343 4768 rosa:
366 4711 672 4767 ﬂorescunt.
713 4711 1025 4782 Agnoscunt
1061 4719 1240 4765 autem
1278 4720 1335 4765 et
1366 4712 1659 4765 secundum
1690 4705 1783 4766 Je-
1883 4713 2084 4774 denuo,
2118 4718 2172 4764 et
2204 4710 2269 4763 de
2292 4708 2376 4762 bis
2408 4702 2540 4776 ipsis
2568 4710 2804 4757 tractare
2828 4699 2893 4752 ".
2923 4697 3120 4753 Eadem
3152 4694 3296 4748 enim
3332 4691 3467 4747 scri-

205 4806 435 4861 remiam
468 4803 544 4869 ",
591 4814 646 4859 et
673 4804 992 4859 hirundines
1047 4812 1256 4873 tempus
1302 4811 1359 4858 et
1406 4802 1493 4855 alii
1534 4816 1783 4873 passeres

200 4898 358 4968 agri;
390 4913 616 4966 quorum
645 4896 905 4967 propheta
930 4895 1130 4951 faciens
1156 4896 1505 4960 mentionem,
1538 4896 1786 4963 increpa-

202 4990 296 5045 bat
340 4987 504 5045 Israel
538 4988 628 5058 qui
654 4996 895 5057 tempora
934 4985 1239 5056 ignorabat.
1284 4986 1352 5041 Et
1383 4994 1593 5055 tempus
1634 4984 1783 5039 omni

202 5082 289 5138 rei
314 5095 433 5138 esse
455 5079 889 5149 sapientissimus
923 5078 1057 5133 dixit
1084 5077 1338 5133 Salomon
1362 5077 1426 5134 “.
1459 5076 1593 5144 Quia
1620 5076 1784 5146 igitur

201 5182 421 5241 tempus
456 5169 700 5242 exposcit
730 5169 798 5223 de
830 5167 1226 5223 resurrectione
1256 5166 1500 5231 tractari,
1527 5170 1786 5235 expetunt

1887 4804 2019 4859 bere
2062 4815 2161 4857 nec
2195 4796 2418 4853 Paulum
2455 4795 2627 4867 piguit
2670 4808 2685 4847 :
2728 4792 2784 4849 bi
2810 4791 2954 4847 enim
3001 4788 3094 4859 qui
3119 4785 3346 4842 credunt
3380 4799 3470 4840 re-

1891 4896 2245 4952 surrectionis
2275 4904 2574 4955 sermones,
2617 4896 2777 4943 erunt
2823 4883 3092 4939 tutiores:
3126 4878 3264 4937 forte
3286 4886 3467 4931 autem

1890 4988 1983 5056 qui
2007 4987 2234 5042 necdum
2265 4982 2407 5038 suasi
2438 4980 2585 5046 sdnt,
2613 4976 3006 5034 suadebuntur.
3051 4968 3208 5023 Nunc
3229 4966 3470 5023 creditur

1890 5077 2035 5130 enim
2068 5074 2308 5131 sermoni
2336 5071 2426 5142 qui
2462 5070 2528 5124 de
2559 5065 2951 5124 resurrectione
2978 5062 3244 5123 habetur;
3268 5065 3323 5111 et
3355 5071 3470 5109 ma-

1892 5178 1996 5233 gna
2042 5170 2127 5219 est
2174 5159 2464 5217 multitudo
2496 5171 2603 5211 non
2639 5153 2994 5210 credentium.
3035 5146 3277 5205 Gentiles
3324 5145 3468 5201 enim

281 5309 327 5343 ³⁸
347 5307 371 5363 1
390 5309 514 5366 Cor.
545 5309 755 5377 ",201:
789 5318 842 5365 et
880 5325 974 5377 vn,
999 5308 1093 5364 25.
1167 5306 1214 5339 “
1239 5304 1429 5364 Matth.
1460 5320 1591 5373 xxv,
1615 5303 1706 5359 40.

1885 5298 1978 5355 Ier.
2000 5311 2122 5360 vm,
2153 5295 2206 5348 7.
2283 5291 2329 5323 ¹⁸
2365 5289 2543 5346 Eccle.
2579 5302 2661 5354 Ill,
2689 5288 2777 5341 17.
2856 5287 2900 5318 η
2937 5281 3171 5354 Philipp.
3198 5294 3283 5347 ιιι,
3309 5278 3363 5333 1.

245 5428 360 5513 ,(Ξξὶ
389 5425 517 5482 Noli
558 5443 577 5481 :
625 5427 947 5482 obliviscere.
1006 5424 1171 5481 Forte
1228 5424 1318 5478 sed
1372 5433 1428 5479 tu
1488 5421 1597 5476 noli
1650 5419 1767 5475 obli-

197 5530 210 5568 ὁ
396 5568 462 5626 In
501 5584 654 5639 prece
691 5566 780 5641 Ἐν
804 5567 961 5639 εὐχῇ,
997 5566 1051 5621 in
1082 5564 1315 5641 voto,_in
1343 5562 1561 5641 οριξιιιε.

285 5633 397 5711 (ω)
428 5633 510 5693 Ab'
543 5639 813 5711 exercitio.
859 5633 1043 5704 l'd'est,
1071 5652 1137 5694 ex
1187 5633 1487 5691 ministerio
1518 5646 1639 5689 meo
1668 5643 1789 5685 mea

206 5710 388 5770 oratio
417 5712 479 5766 ad
510 5710 705 5765 multos
727 5711 977 5770 pertinet.

1965 5409 2155 5486 (li)_P_‘
2159 5415 2366 5486 uratur.
2395 5404 2648 5486 Iginares.
2678 5402 2840 5486 Forte
2870 5401 3105 5486 fuit!!!“
3119 5394 3468 5486 minores,

1893 5464 2251 5549 esti—adducit
2280 5493 2378 5545 per
2418 5477 2660 5550 fraudem
2711 5488 2739 5527 e
2765 5464 2890 5550 simi
2931 5470 3183 5526 Ecclesiae
3210 5464 3470 5550 paetulos

1896 5536 2113 5617 filiae,
2137 5536 2348 5620 sibique
2377 5544 2813 5620 adjungitLonde
2841 5542 3021 5597 alatur
3055 5560 3069 5596 :
3105 5539 3291 5620 quales
3330 5537 3365 5593 ii
3402 5536 3473 5591 do

1900 5613 2287 5697 quibus'Juda's
2313 5613 2485 5688 apoat.
2510 5616 2595 5680 12,
2621 5613 2932 5683 Sometimes
2962 5619 3246 5682 pascentes.
