3810 6218
415 301 550 359 1051

411 515 621 583 mquale
659 523 742 567 est
780 516 1088 582 unigenito,
1135 517 1270 571 nihil
1317 517 1494 572 simile
1533 517 1671 571 Filio
1697 557 1710 580 ,
1759 517 1889 572 nihil
1939 518 1988 572 ei

413 612 782 673 comparatur,
816 603 950 659 nihil
979 615 1246 674 aequatur.
1279 605 1471 661 Omnia
1501 621 1622 661 eum
1650 605 1900 670 adorant,
1923 607 1994 660 ob

415 696 679 751 honorem
717 705 774 750 ιιι
810 705 934 766 pote
963 699 1082 768 ejus
1106 699 1195 768 qui
1227 700 1413 768 genuit
1445 719 1458 754 :
1501 712 1606 753 non
1639 707 1722 753 est
1758 714 1898 752 unus
1925 713 1990 752 ex

415 785 503 841 his
525 802 646 856 qua:
685 803 783 856 per
822 789 1199 860 ipsumsunt:
1244 805 1348 845 non
1380 799 1464 846 est
1494 806 1560 846 ex
1608 791 1713 846 hoc
1761 791 1988 857 mundo,

416 875 511 930 sed
554 885 610 930 et
648 879 878 932 mundus
908 895 1005 948 per
1049 881 1246 944 ipsum.
1297 879 1412 934 Non
1459 880 1654 936 cmlum
1684 896 1806 935 cum
1836 879 1993 945 Filio,

416 967 514 1021 sed
556 976 614 1021 et
657 969 850 1024 caelum
895 986 992 1039 per
1024 970 1242 1025 Filium.
1287 971 1428 1038 Quid
1470 987 1607 1042 opus
1637 983 1723 1027 est
1755 971 1998 1041 partibus

417 1060 684 1116 exhibere
728 1063 978 1116 natum?
1028 1061 1220 1116 Omnia
1254 1080 1347 1132 per
1385 1065 1555 1132 ipsum
1593 1074 1737 1127 sunt,
1779 1075 1826 1119 et
1867 1065 1997 1119 nihil

419 1151 534 1205 sine
570 1152 680 1220 ipso
707 1168 725 1205 :
752 1161 806 1206 et
856 1153 1014 1208 tertio
1051 1172 1067 1207 :
1100 1154 1250 1220 Quod
1288 1156 1488 1208 factum
1523 1165 1608 1209 est
1652 1171 1748 1224 per
1799 1157 1996 1224 ipsum.

420 1239 541 1296 Noli
564 1243 744 1297 dicere
773 1243 1068 1307 hominem,
1099 1260 1165 1298 ne
1195 1245 1462 1299 irascatur
1487 1245 1576 1314 qui
1600 1247 1803 1308 genuit.
1837 1245 2000 1300 Joan-

422 1347 521 1386 nes
549 1335 876 1404 evangelista
901 1377 916 1401 ,
953 1337 997 1389 si
1053 1345 1233 1388 tamen
1265 1335 1525 1400 Joannes,
1565 1348 1620 1391 et
1651 1337 1877 1409 non_qui
1905 1353 2000 1405 per

421 1420 710 1491 Joannem,
761 1428 976 1496 scripsit
1025 1429 1091 1483 de
1134 1429 1292 1492 Filio,
1323 1432 1539 1497 scripsit
1580 1441 1635 1485 et
1685 1432 1749 1484 de
1793 1430 1998 1485 Joanne

423 1515 686 1583 Baptista.
720 1518 1107 1590 Subinterroga
1141 1521 1306 1590 igitur
1328 1523 1778 1588 quemadmodum
1801 1524 1868 1576 de
1894 1524 2000 1577 Deo

426 1607 668 1677 loquitur
700 1611 1058 1680 evangelista,
1093 1623 1146 1666 et
1176 1613 1628 1681 quemadmodum
1659 1615 1725 1668 de
1754 1614 1997 1668 homine:

428 1696 495 1751 In
549 1699 829 1766 principio,
889 1701 1102 1771 inquit,
1161 1714 1270 1756 erat
1310 1703 1572 1758 Verbum:
1609 1705 1710 1758 hoc
1773 1707 1840 1758 de
1895 1705 2002 1758 Deo

1089 303 1354 362 susssu
1394 304 1875 362 cassammvsrs
1910 304 2062 362 orp.
2102 306 2282 363 rans
2318 304 2409 363 ιν.
2444 282 2516 350 -;
2551 300 2974 362 DOGMATICA.

412 437 523 478 uno
551 429 631 476 est
652 420 882 486 Patre,a
915 421 1030 478 solo
1058 424 1226 488 solus,
1267 425 1335 479 ab
1363 440 1470 480 uno
1488 439 1646 478 unus.
1673 425 1817 480 Nihil
1843 425 1988 479 enim
2022 432 2068 488 Α
2096 429 2167 479 tia

3534 299 3678 359 ωδε

2220 445 2235 482 :
2285 435 2340 480 et
2393 426 2758 479 adorabantur
2808 425 3020 488 omnia;
3073 430 3128 478 et
3179 424 3304 494 quia
3363 424 3671 482 adorandus

2095 519 2461 585 ignorabatur,
2476 515 2800 571 oﬁensiones
2813 527 2966 570 erant
2982 516 3134 570 nobis
3148 518 3351 571 omnia.
3368 517 3502 572 Nam
3523 528 3580 573 et
3596 520 3671 574 sol

2094 624 2199 662 non
2223 607 2578 670 illuminabat,
2602 609 2695 661 sed
2719 617 2775 662 et
2797 609 2910 676 ipse
2931 608 3083 661 nobis
3101 617 3220 662 erat
3239 605 3484 662 oﬁ'ensio.
3512 609 3674 663 Venit

2095 706 2274 752 autem
2297 712 2394 768 per
2409 711 2568 767 quem
2587 697 2908 750 suntomnia
2929 715 2943 751 :
2965 711 3067 750 non
3089 696 3258 750 solum
3275 712 3373 752 nos
3395 697 3674 762 liberavit,

2095 788 2187 844 sed
2207 797 2261 844 et
2283 789 2452 858 ipsum
2471 787 2637 842 solem
2657 789 2724 840 ab
2743 787 2964 855 ignobili
2991 787 3093 841 isto
3115 787 3323 842 honore
3340 787 3572 842 liberum
3603 788 3679 839 le-

2096 882 2188 934 cit.
2226 879 2502 934 Liberavit
2537 894 2669 934 sane
2700 879 2879 932 lunam
2919 893 2948 930 a
2991 878 3313 944 calumniis,
3356 889 3412 932 et
3460 894 3677 948 purga-

2097 972 2174 1025 vit
2199 971 2386 1025 stellas
2411 979 2468 1025 ut
2509 985 2614 1025 non
2655 973 3032 1026 adorarentur.
3059 971 3115 1026 Si
3145 983 3324 1024 autem
3353 972 3584 1042 quidam
3610 973 3682 1022 ad

2100 1064 2218 1118 haec
2241 1064 2258 1082 θ
2292 1077 2464 1131 usque
2495 1063 2847 1127 contendunt,
2869 1063 3094 1132 reliquia
3124 1063 3389 1117 malorum
3424 1078 3680 1117 comme-

2099 1156 2424 1209 morantium
2469 1154 2812 1209 beneﬁcium.
2873 1154 3026 1208 Nunc
3064 1154 3229 1223 igitur
3267 1164 3323 1210 et
3357 1170 3556 1208 aurum
3597 1165 3682 1208 est

2100 1246 2378 1299 mundum.
2412 1245 2566 1299 Nunc
2587 1255 2640 1300 et
2677 1253 2957 1313 argentum
2979 1245 3044 1297 ad
3074 1245 3124 1298 id
3157 1246 3298 1314 quod
3317 1256 3569 1300 creatum
3597 1257 3684 1298 est

2101 1340 2250 1394 utile.
2293 1337 2443 1391 Nunc
2470 1346 2821 1392 :eramentum
2848 1348 3196 1392 aaramentum
3230 1347 3314 1392 est
3339 1379 3354 1403 ,
3381 1348 3435 1392 et
3462 1337 3680 1392 ferrum

2105 1432 2306 1483 lerrum
2332 1470 2347 1493 ,
2383 1440 2435 1482 ct
2475 1430 2610 1499 lapis
2649 1429 2814 1498 lapis,
2866 1439 2922 1482 et
2970 1430 3170 1498 lignum
3222 1429 3422 1498 lignum
3465 1440 3598 1491 est,
3632 1438 3686 1483 et

2102 1522 2245 1576 Dens
2283 1521 2440 1576 Deus.
2465 1521 2618 1575 Nunc
2659 1522 2994 1575 daemonibus
3043 1522 3356 1587 increpatur
3387 1531 3444 1574 ut
3478 1521 3684 1584 decet,

2103 1625 2156 1670 et
2200 1632 2303 1669 non
2347 1616 2640 1669 adorantur
2670 1624 2859 1668 utnon
2899 1615 3076 1668 decet.
3122 1614 3279 1667 Venit
3311 1615 3455 1667 enim
3491 1629 3595 1668 rex
3633 1625 3686 1667 et

2103 1708 2362 1760 exstinxit
2395 1717 2680 1777 tyrannum
2727 1726 2738 1760 :
2774 1715 2829 1758 et
2868 1706 3085 1774 agnovit
3126 1705 3243 1758 ovis
3286 1713 3563 1773 pastorem
3588 1742 3604 1767 ,
3635 1713 3689 1756 et

427 1786 568 1842 Filio
611 1791 767 1845 dixit.
823 1793 961 1846 Dicit
1006 1805 1060 1848 et
1114 1794 1179 1848 de
1211 1793 1442 1860 Joanne,
1485 1794 1684 1849 Factus
1712 1807 1786 1849 est
1826 1797 1999 1849 homo.
2035 1808 2075 1862 Β
2108 1797 2272 1868 fugati
2312 1807 2437 1850 sunt
2460 1796 2590 1864 lupi.
2636 1795 2769 1860 Quis
2786 1810 2914 1848 sane
2936 1793 3120 1847 venit?
3147 1794 3328 1862 utique
3359 1793 3405 1846 is
3433 1795 3528 1860 qui
3565 1804 3690 1846 erat

427 1878 572 1950 Lege
611 1883 721 1945 illa,
751 1884 972 1953 sublege
1002 1894 1057 1939 et
1098 1886 1194 1940 ista
1228 1904 1242 1938 :
1271 1893 1324 1938 et
1366 1886 1607 1940 invenies
1637 1887 1906 1955 quomodo
1938 1886 2004 1940 de

429 1976 540 2030 Deo
571 1975 710 2030 Filio
748 1977 987 2048 loquitur
1017 1997 1030 2031 :
1061 1989 1116 2034 et
1169 1979 1444 2033 hominem
1489 1989 1720 2048 exponet
1749 1978 2000 2034 Joannes.

429 2069 499 2122 In
543 2069 803 2136 principia
852 2082 964 2124 erat
1005 2070 1227 2124 Verbum
1285 2072 1351 2125 de
1395 2069 1533 2124 Filio
1571 2071 1702 2126 dicit
1752 2089 1766 2126 :
1810 2071 2006 2126 Factus

429 2159 596 2214 homo
622 2160 687 2214 de
709 2160 916 2216 Joanne
947 2163 1116 2231 ponit.
1155 2160 1222 2215 Et
1248 2161 1473 2216 Verbum
1503 2171 1614 2216 erat
1645 2164 1787 2231 apud
1818 2163 2003 2228 Deum,

428 2258 486 2303 et
513 2250 650 2304 Deus
683 2262 794 2305 erat
841 2250 1064 2307 Verbum
1085 2293 1100 2317 ,
1131 2255 1197 2307 de
1223 2253 1358 2308 Filio
1398 2254 1655 2322 loquitur.
1695 2255 1769 2307 De
1799 2254 2007 2310 Joanne

429 2348 610 2394 autem
644 2357 657 2395 :
692 2339 818 2396 Non
843 2353 954 2397 erat
983 2343 1072 2395 ille
1107 2343 1280 2397 lumen
1308 2345 1378 2408 ⁸⁷,
1404 2353 1455 2397 et
1488 2345 1684 2398 iterum
1722 2345 1788 2398 de
1823 2347 2008 2414 unige-

431 2431 544 2488 nito
563 2434 664 2498 ait,
699 2433 802 2486 Hic
831 2445 944 2489 erat
969 2436 1024 2488 in
1057 2437 1310 2504 principio
1333 2437 1474 2506 apud
1496 2436 1682 2490 Deum.
1708 2437 1781 2491 De
1800 2436 2008 2493 Joanne

431 2534 636 2592 autem,
670 2526 772 2581 llic
814 2529 952 2582 venit
985 2529 1054 2582 ad
1090 2530 1445 2583 testimonium
1469 2529 1535 2584 ⁵³.
1588 2527 1785 2598 lnjuria
1812 2531 2009 2598 quippe

430 2627 533 2681 est,
570 2626 625 2673 et
672 2635 985 2689 przeponere
1029 2623 1362 2691 unigenitum
1405 2623 1576 2677 servis
1609 2625 1740 2676 suis.
1781 2621 1914 2677 Nam
1955 2634 2010 2678 et

431 2711 574 2778 quod
625 2711 849 2776 dicitur,
895 2713 1029 2766 nihil
1077 2715 1124 2768 ei
1179 2724 1526 2784 comparatur
1569 2726 1662 2768 aut
1722 2727 2006 2784 aaquatur:

432 2816 541 2856 non
587 2813 672 2858 est
719 2821 1020 2875 magnum:
1077 2807 1172 2862 sed
1223 2808 1409 2876 egenis
1455 2808 1618 2862 etiam
1679 2824 1840 2876 parva
1887 2817 2012 2863 sunt

433 2909 649 2965 magna.
683 2897 798 2952 Non
827 2907 909 2952 est
943 2900 1088 2953 enim
1120 2916 1262 2954 unus
1307 2915 1373 2954 ex
1416 2901 1692 2969 prophetis
1719 2900 1881 2964 ﬁlius,
1916 2901 2009 2954 sed

432 3003 530 3058 per
571 3005 731 3059 quem
766 3005 955 3046 omnes
987 2993 1264 3061 propheta;
1301 3011 1316 3047 :
1358 3007 1464 3047 non
1500 3008 1640 3046 unus
1666 3007 1733 3046 ex
1773 2993 2010 3061 regibus,

435 3089 529 3136 sed
563 3098 658 3152 per
695 3098 855 3154 quem
889 3100 1077 3140 omnes
1120 3100 1278 3154 reges
1318 3103 1336 3140 :
1383 3101 1486 3140 non
1525 3100 1662 3139 unus
1708 3099 1775 3139 ex
1826 3085 2008 3151 justis,

436 3173 532 3226 sed
572 3173 685 3242 ipse
708 3174 920 3242 justitia
960 3197 971 3229 :
1011 3191 1118 3230 non
1160 3193 1300 3231 unus
1329 3193 1396 3230 ex
1426 3177 1623 3240 servis,
1674 3177 1769 3230 sed
1796 3175 2007 3231 Filius:

436 3279 544 3318 non
569 3281 732 3320 unum
778 3281 843 3321 ex
883 3262 1170 3334 omnibus,
1209 3271 1304 3323 sed
1338 3285 1435 3338 per
1461 3284 1620 3338 quem
1650 3278 1776 3323 sunt
1800 3271 2010 3324 omnia:

436 3371 545 3412 non
573 3373 640 3412 ex
679 3359 761 3413 his
788 3361 879 3428 qui
913 3361 1174 3416 assistunt
1204 3371 1258 3416 et
1287 3363 1631 3428 ministrant,
1669 3363 1762 3418 sed
1804 3364 1892 3431 qui
1927 3377 2016 3417 se-

437 3450 526 3502 det
554 3450 619 3504 ad
648 3450 924 3506 dexteram
948 3452 1123 3507 Patris
1148 3472 1164 3508 :
1203 3470 1307 3508 non
1346 3469 1412 3509 ex
1439 3455 1521 3508 his
1543 3455 1635 3523 qui
1680 3454 2017 3524 iudicantur,

437 3541 534 3595 sed
580 3541 672 3610 qui
728 3543 969 3612 suscepit
1012 3559 1174 3599 omne
1228 3545 1490 3616 judicium
1542 3547 1845 3618 judicandi.
1899 3544 2016 3598 Non

437 3635 651 3700 quando
680 3635 818 3704 apud
862 3650 982 3700 nos,
1013 3644 1138 3691 tunc
1161 3647 1214 3691 et
1248 3639 1388 3707 apud
1418 3639 1660 3692 Patrem.
1695 3637 1846 3692 Tunc
1873 3637 2017 3690 enim

437 3725 544 3781 hoc
587 3726 788 3781 dictum
840 3726 1214 3781 iutercidatur.
1266 3731 1346 3783 Ad
1381 3745 1478 3784 nos
1523 3731 1667 3784 enim
1696 3729 2018 3798 dispensans

436 3819 624 3872 venit:
660 3826 790 3873 tunc
825 3820 1042 3886 quando
1077 3829 1137 3874 ut
1183 3824 1320 3886 ovis,
1357 3823 1574 3891 quando
1607 3832 1664 3876 ttt
1690 3821 1875 3890 Agnus
1902 3822 2022 3878 Dei.‘

437 3909 497 3964 ln
537 3911 812 3979 principio
855 3920 1032 3965 autem
1071 3922 1187 3965 erat
1214 3913 1353 3967 Deus
1383 3915 1520 3983 apud
1550 3915 1713 3968 Deum
1745 3932 1760 3968 :
1794 3929 1916 3967 nam
1961 3922 2018 3966 et.

437 4016 563 4055 cum
616 4003 757 4071 apud
815 4019 936 4068 nos,
997 4005 1135 4058 Deus
1185 4005 1461 4059 nobiscum
1497 4005 1862 4060 Emmanuel:
1912 4020 2018 4060 non

440 4093 581 4148 alius
615 4095 754 4163 apud
794 4092 1038 4159 Patrem,
1071 4096 1208 4150 alius
1239 4106 1420 4152 autem
1453 4097 1734 4152 nobiscum
1777 4106 1833 4150 et
1884 4095 2024 4152 alius

439 4194 856 4240 erat:manens
895 4187 1158 4255 siquidem
1204 4188 1256 4241 in
1310 4189 1481 4258 ﬁgura
1526 4187 1620 4242 Dei
1665 4189 2022 4254 constitutus,

440 4276 602 4332 istam
631 4287 874 4332 nostram
917 4277 1142 4347 ﬁguram
1181 4279 1324 4334 servi
1379 4280 1586 4348 accepit
1621 4293 1637 4332 :
1689 4293 1794 4333 non
1837 4279 1905 4333 ab
1932 4277 2020 4332 illa

439 4367 699 4421 recedens
730 4368 890 4421 istam
923 4368 1213 4422 honoravit
1243 4381 1258 4420 :
1303 4383 1409 4422 non
1443 4371 1511 4422 ab
1545 4367 1633 4422 illa
1672 4367 1890 4432 exiens,
1922 4381 2022 4422 nos

2106 1887 2158 1940 in
2202 1887 2418 1937 mttndo.
2450 1883 2517 1937 In
2546 1886 2742 1937 mundo
2765 1922 2782 1947 ,
2828 1883 3037 1953 inquit,
3072 1893 3186 1936 erat
3218 1900 3238 1935 :
3269 1881 3548 1951 siquidem
3598 1883 3686 1935 ni-

2105 1978 2180 2032 hil
2207 1993 2435 2032 vacuum
2472 1978 2540 2031 ab
2572 1977 2690 2046 ipso
2714 1977 2876 2030 etiam
2917 1986 3043 2029 ante
3066 1976 3357 2029 adventum
3395 1974 3515 2040 ejus
3542 1986 3687 2029 erat.

2107 2070 2240 2135 Quia
2277 2083 2382 2122 non
2406 2069 2549 2122 enim
2594 2082 2721 2120 cum
2771 2066 3051 2134 apparuit,
3093 2075 3223 2118 tunc
3261 2074 3315 2119 et
3343 2066 3495 2117 venit
3541 2081 3556 2116 :
3596 2066 3689 2117 sed

2107 2169 2224 2212 erat
2255 2160 2427 2212 latens
2447 2197 2461 2219 ,
2491 2156 2738 2228 apparuit
2775 2157 2865 2224 qui
2901 2165 3018 2209 erat
3043 2156 3237 2210 latens.
3278 2153 3392 2209 Non
3423 2165 3556 2208 sunt
3589 2156 3692 2208 ista

2107 2263 2263 2312 mea,
2300 2249 2394 2302 sed
2415 2247 2782 2316 evangelista.
2838 2246 2930 2299 Ait
2973 2246 3117 2299 enim
3142 2285 3158 2310 ,
3187 2243 3250 2297 In
3298 2245 3510 2297 mundo
3554 2255 3689 2296 erat.

2111 2342 2215 2396 Sed
2241 2356 2427 2408 parum
2454 2341 2628 2394 visum
2652 2347 2732 2394 est
2759 2337 2806 2392 ei
2830 2339 2919 2406 qui
2954 2338 3123 2402 dixit,
3171 2337 3225 2390 In
3274 2336 3478 2390 mundo
3510 2346 3640 2389 erat
3674 2353 3690 2388 :

2107 2450 2163 2494 et
2215 2441 2336 2493 ideo
2395 2437 2591 2506 repetit
2629 2450 2938 2500 sermonem
2991 2433 3286 2502 religiose,
3340 2442 3395 2484 et
3435 2431 3614 2494 dicit,
3645 2443 3692 2484 et

2107 2531 2336 2585 mundus
2364 2546 2457 2598 per
2481 2531 2651 2598 ipsum
2685 2527 2856 2596 factus
2885 2539 2981 2579 est.
3036 2524 3102 2580 Ut
3153 2531 3332 2576 autem
3381 2537 3490 2575 non
3547 2531 3696 2576 esset

2109 2633 2480 2692 contemptus,
2515 2624 2606 2694 qui
2641 2624 2752 2687 ait,
2800 2621 2868 2676 In
2912 2622 3108 2674 mundo
3135 2631 3277 2685 erat,
3329 2618 3470 2671 dixit
3519 2618 3692 2673 etiam

2111 2715 2237 2784 quia
2269 2725 2392 2770 ante
2415 2714 2671 2768 mttndum
2699 2723 2818 2767 erat
2851 2731 2864 2766 :
2897 2723 2951 2766 et
2975 2713 3080 2771 ait,
3118 2711 3185 2764 Et
3212 2712 3436 2764 mundus
3475 2727 3576 2778 per
3616 2713 3700 2775 ip-

2111 2797 2422 2876 sum/actus
2447 2817 2544 2864 est.
2601 2805 2713 2859 [loc
2753 2803 3023 2875 signiﬁcat
3057 2803 3198 2872 quod
3245 2813 3371 2856 ante
3425 2801 3696 2854 mundum

2111 2909 2248 2953 erat.
2281 2897 2347 2951 In
2378 2899 2572 2952 mundo
2597 2937 2612 2962 ,
2645 2897 2855 2965 inquit.
2891 2905 3025 2950 erat.
3064 2895 3344 2960 Quomodo
3384 2892 3438 2944 in
3487 2891 3697 2944 mundo

2113 2991 2268 3045 erat?
2291 2987 2445 3054 Erat,
2477 2989 2573 3054 ait,
2611 2987 2786 3041 lumen
2816 3002 3013 3050 verum,
3043 2983 3133 3053 qui
3178 2982 3445 3034 illuminat
3483 2996 3696 3032 omnem

2115 3085 2374 3137 hominem
2402 3077 2687 3136 uenientem
2715 3081 2770 3132 in
2793 3079 2930 3132 hunc
2951 3078 3225 3130 mundum.
3262 3073 3332 3128 Ut
3373 3083 3564 3126 autem
3593 3088 3699 3126 non

2116 3174 2657 3235 diceret,veuientem
2689 3171 2826 3240 (74),
2850 3171 2925 3222 ita
2954 3168 3109 3238 quasi
3144 3182 3247 3219 non
3281 3166 3502 3219 essetin
3540 3179 3701 3217 mun-

2116 3266 2215 3328 do,
2239 3272 2292 3317 et
2329 3273 2546 3330 putares
2572 3262 2694 3326 quia
2723 3261 2873 3315 venit
2910 3260 3127 3326 quidem
3157 3257 3244 3325 qui
3297 3271 3404 3307 non
3453 3255 3650 3308 aderat
3683 3271 3698 3306 :

2117 3356 2239 3409 ideo
2270 3364 2450 3407 tutans
2474 3353 2588 3423 ('75)
2613 3354 2772 3406 istam
2805 3350 3162 3419 suspicionem
3182 3347 3362 3404 addit.
3390 3345 3460 3398 In
3498 3347 3699 3398 mundo

2116 3455 2251 3500 erat.
2277 3445 2432 3498 Etne
2457 3444 2653 3498 iterum
2694 3451 2911 3511 putares
2944 3439 3066 3508 quia
3107 3454 3228 3492 cum
3271 3437 3472 3490 mundo
3517 3437 3700 3490 lactus

2117 3545 2275 3600 erat,
2305 3535 2501 3604 repetit
2530 3542 2584 3588 et
2611 3533 2772 3597 dicit,
2803 3531 2872 3585 Et
2902 3533 3130 3584 mundus
3169 3545 3262 3599 per
3299 3529 3477 3596 ipsum
3521 3528 3700 3595 factus

2117 3636 2215 3681 est.
2258 3627 2313 3681 Si
2343 3628 2507 3695 igitur
2537 3641 2632 3692 per
2678 3625 2854 3693 ipsum
2889 3624 3065 3678 lactus
3121 3630 3205 3676 est
3244 3620 3520 3683 mundus,
3581 3628 3699 3673 erat

2119 3720 2305 3789 utique
2325 3719 2498 3774 Filius
2525 3729 2814 3786 antequam
2849 3716 3002 3769 ﬁeret
3029 3713 3260 3768 mundus
3293 3728 3309 3763 :
3337 3711 3463 3780 quia
3485 3713 3558 3765 ab
3587 3713 3701 3780 ipso

2120 3812 2292 3864 lactus
2311 3819 2395 3864 est
2415 3808 2664 3862 mundus.
2694 3807 2930 3874 Denique
2951 3804 3111 3858 etiam
3141 3803 3209 3857 ab
3232 3803 3348 3870 ipso
3367 3801 3508 3855 Filio
3537 3802 3696 3854 audi:

2124 3901 2204 3954 Da
2237 3901 2399 3970 mihi,
2433 3899 2645 3967 inquit,
2681 3896 2874 3959 Pater,
2901 3894 3159 3964 gloriam,
3184 3907 3339 3960 quam
3357 3889 3522 3943 habui
3557 3888 3698 3959 apud

2123 4006 2170 4047 te
2195 4003 2474 4061 antequam
2522 3993 2748 4042 mundus
2785 3987 2931 4055 ﬁeret
2961 3985 3029 4040 ".
3057 3981 3342 4052 Quomodo
3386 3997 3524 4053 ergo
3546 4023 3562 4046 ,
3621 3983 3700 4035 iu-

2124 4085 2277 4155 quit,
2304 4091 2424 4137 erat
2451 4082 2504 4135 in
2537 4077 2782 4133 mundo?
2809 4076 2865 4130 ln
2903 4076 3102 4130 mundo
3132 4082 3252 4129 erat
3272 4112 3288 4138 ,
3338 4084 3392 4128 et
3426 4077 3496 4126 ad
3538 4088 3699 4126 mun-

2125 4179 2251 4232 dum
2291 4176 2461 4230 venit.
2492 4170 2956 4240 Quemadmodum
2985 4175 3164 4222 autem
3190 4167 3353 4220 etiam
3387 4166 3522 4219 illud
3558 4165 3704 4218 acci-

2122 4267 2209 4338 pis
2245 4266 2451 4322 dictum
2485 4283 2500 4319 :
2539 4263 2792 4317 Dominus
2818 4261 3050 4330 regnavit
3080 4258 3125 4289 6°
3145 4258 3167 4308 ?
3188 4256 3300 4311 Rex
3329 4256 3478 4310 enim
3507 4265 3593 4309 est
3622 4256 3701 4308 in-

2125 4359 2387 4416 deﬁciens
2416 4374 2431 4410 :
2463 4371 2570 4411 non
2599 4370 2742 4410 nunc
2765 4349 2981 4424 quidem
3021 4365 3113 4405 rex
3139 4389 3158 4414 ,
3196 4347 3490 4417 aliquando
3518 4355 3699 4399 autem

439 4457 668 4514 salvavit
704 4477 718 4513 :
753 4475 858 4513 non
898 4459 1115 4528 reliquit
1148 4469 1421 4528 pastorem
1445 4501 1461 4527 ,
1510 4468 1565 4514 et
1594 4459 1802 4527 accepit
1839 4473 2015 4513 ovem.
2051 4478 2096 4534 ι)
2127 4465 2231 4505 ηοιι
2255 4490 2270 4514 ,
2305 4463 2403 4504 nec
2436 4453 2620 4517 postea
2663 4461 2789 4501 non.
2817 4440 3280 4534 Quemadmodum
3317 4439 3700 4534 greedich

437 4547 903 4618 Quemadmodum
935 4549 1079 4603 enim
1108 4549 1200 4618 qui
1231 4563 1337 4602 non
1370 4558 1552 4603 manet
1578 4549 1722 4618 quod
1755 4558 1898 4610 erat,
1931 4561 2020 4614 po-

439 4647 584 4694 terat
608 4641 854 4709 accipere
879 4643 1023 4710 quod
1055 4641 1296 4711 accepit?
1329 4639 1444 4696 Non
1475 4648 1594 4694 erat
1622 4639 1874 4709 possibile
1909 4639 2024 4692 sal-

408 4717 411 4722 ’
437 4745 568 4787 vare
593 4731 840 4787 homines
859 4733 1128 4800 homines,
1162 4734 1288 4802 quia
1321 4734 1566 4788 homines
1595 4732 1935 4800 subjacemus
1963 4739 2019 4784 et

437 4823 672 4892 pr0priis
716 4825 953 4894 peccatis
999 4835 1056 4880 et
1104 4824 1256 4881 clade
1283 4826 1435 4896 (75):
1474 4824 1693 4879 tenebat
1727 4837 1860 4877 sane
1903 4837 2019 4875 ma-

438 4911 694 4968 ledictum
728 4929 876 4970 mors
907 4925 962 4969 et
983 4913 1312 4984 corruptela,
1348 4923 1404 4969 et
1431 4922 1490 4968 ut
1527 4922 1790 4984 tyrannus
1823 4925 2018 4980 regna-

437 5007 531 5061 bat
555 5007 804 5062 diabolus
833 5016 885 5062 et
911 5008 1319 5064 bacchabantur
1349 5009 1643 5063 daemones.
1671 5002 2019 5060 Consuetudo

439 5108 618 5156 autem
653 5102 823 5170 magis
854 5111 1038 5154 nostra
1078 5101 1290 5155 vincula
1326 5099 1752 5170 constringebat.
1781 5096 2022 5150 Baccha-

2123 4549 2245 4604 est,
2270 4538 2524 4592 Dominus
2549 4536 2816 4605 regnavit,
2848 4539 3008 4600 prout
3032 4529 3234 4583 diceret
3259 4565 3276 4591 ,
3317 4525 3584 4580 Homines
3614 4539 3698 4578 re-

2123 4630 2272 4702 gnati
2311 4637 2476 4693 sunt,
2515 4636 2608 4681 aut
2639 4629 3021 4694 regnaverunt.
3051 4619 3166 4674 Non
3192 4618 3336 4674 enim
3377 4617 3467 4670 ille
3490 4615 3702 4685 accepit

2121 4721 2261 4792 quod
2287 4736 2391 4776 non
2419 4719 2653 4773 habebat
2680 4734 2696 4772 :
2725 4715 2818 4771 sed
2849 4728 2950 4768 nos
2982 4711 3127 4782 digni
3154 4711 3349 4764 iterum
3381 4706 3698 4775 iudicamur

2120 4830 2186 4871 eo
2213 4829 2242 4869 a
2282 4828 2389 4884 quo
2416 4810 2739 4867 excidimus.
2780 4805 2890 4862 Nos
2913 4805 3095 4874 itaque
3139 4816 3471 4872 regnamur,
3503 4809 3561 4855 et
3600 4800 3700 4853 iste

2118 4916 2333 4976 regnat.
2390 4903 2506 4958 Non
2560 4916 2702 4956 nunc
2753 4912 3039 4954 assumens
3096 4895 3430 4963 imperium:
3463 4892 3561 4946 sed
3601 4903 3699 4944 nos

2121 4999 2419 5054 liberamur
2448 5011 2478 5050 a
2515 4992 2818 5066 tyrannide.
2854 4989 2920 5042 In
2945 4990 3141 5042 mundo
3163 5028 3177 5054 ,
3214 4987 3432 5054 inquit,
3474 4995 3612 5040 erat.
3639 4982 3696 5037 Si

2123 5092 2178 5146 in
2215 5090 2415 5144 mundo
2435 5097 2588 5151 erat,
2619 5082 2897 5155 quomodo
2937 5080 3082 5133 venit
3107 5079 3157 5132 in
3185 5076 3426 5132 mundo?
3457 5077 3699 5144 Apparet

439 5192 602 5248 batur
621 5169 764 5248 enim
793 5195 845 5248 in
875 5195 1031 5250 nobis
1052 5203 1107 5250 et
1127 5194 1292 5252 libido
1315 5207 1369 5251 et
1396 5195 1610 5250 tenebat
1633 5192 2030 5263 concupiscen-
2127 5186 2181 5240 in
2214 5185 2434 5239 mundo.
2467 5179 2608 5248 Quid
2657 5191 2786 5248 ergo
2829 5190 2938 5231 non
2986 5173 3136 5228 vadit
3181 5187 3246 5228 ex
3289 5169 3534 5226 mundo?
3561 5169 3696 5225 Dicit

549 5372 595 5406 ⁸⁷
621 5374 779 5431 Joan.
813 5392 853 5442 ι,
883 5376 938 5432 8.
1011 5375 1060 5410 ⁸⁸
1089 5375 1220 5432 ibid.
1297 5378 1342 5409 δ’
1382 5375 1559 5432 Joan.‘
1592 5389 1701 5429 xvn
1724 5414 1740 5440 ,
1794 5375 1846 5428 l.

514 5526 628 5598 (75)
663 5529 843 5598 ςιαιέε.
870 5529 1032 5585 Forte
1065 5529 1223 5587 cladi.

521 5597 638 5665 ('74)
661 5597 957 5652 Venientem
989 5602 1042 5654 in
1073 5603 1233 5656 hunc.
1267 5599 1593 5655 Vertendnm
1625 5600 1719 5652 fuit
1755 5614 1817 5652 ex
1851 5597 2015 5650 Euse-

452 5667 526 5742 bii
552 5671 768 5734 quidem
805 5681 985 5742 minute
1025 5671 1234 5742 veniens
1267 5687 1296 5742 _:
1345 5687 1468 5723 nam
1511 5672 1804 5742 ἐρχόμενον
1830 5671 2013 5723 retulit

439 5736 523 5813 ad
556 5753 742 5791 vorem
782 5737 917 5806 φῶς,
955 5756 1060 5796 non
1092 5742 1155 5792 ad
1191 5739 1476 5812 ἄνθρωπον
1510 5736 1712 5810 {quod
1751 5741 1883 5794 satis
1923 5757 2013 5793 os-

1924 5372 1966 5404 ⁶⁰
2001 5368 2148 5426 Psal.
2197 5382 2342 5432 xcu,
2400 5377 2560 5431 xcvr,
2610 5375 2797 5416 xcvnt.

2123 5523 2296 5577 tendit
2324 5530 2432 5575 tum
2464 5516 2741 5574 enarratio
2763 5529 2882 5582 qua:
2899 5511 3162 5580 sequitur,
3193 5519 3301 5564 tum
3333 5508 3472 5563 alius
3506 5517 3684 5582 postea

2122 5593 2273 5647 locus
2311 5593 2447 5644 inl'ra
2479 5591 2566 5642 ιιιιὶ
2602 5579 2795 5655 legitur
2822 5583 2948 5637 Erat
2978 5579 3150 5636 lumen
3180 5597 3357 5635 verum
3401 5579 3608 5633 veniens
3637 5581 3684 5627 in

2121 5665 2259 5716 Imm:
2287 5663 2560 5719 mundum,
2589 5669 2694 5710 etc.

2198 5734 2308 5804 (7.3)
2344 5731 2565 5784 Tttttms.
2613 5723 3087 5796 '.\c;a).:;‘ép:vo;,
3112 5724 3457 5791 propulsans,
3480 5731 3687 5772 arcens.
