3810 6218
75 304 252 364 £053

973 303 1059 362 DE
1097 306 1255 364 FIDE
1292 307 1668 366 ADVERSUS
1705 307 2116 365 SABELLIUM.
2141 294 2229 358 :-
2263 306 2393 366 LIB.
2433 306 2485 368 Ι.

3233 311 3371 369 1054

71 429 258 482 enim‘
287 447 302 482 :
338 427 527 481 Adhuc
549 427 755 482 modice
781 427 958 484 lumen
982 431 1245 485 vobiscum
1275 441 1374 486 est.
1425 431 1573 487 Vada
1611 433 1680 486 ad
1708 429 1758 496 Α
1787 435 1860 488 ris
1897 431 2160 502 Spiritum
2182 433 2472 488 venientem
2499 471 2515 497 ,
2541 431 2625 485 hic
2646 439 2721 486 est
2754 431 2839 487 ""I
2860 431 2918 487 Si
2955 430 3119 503 igitur
3140 447 3374 503 evange-

71 536 212 575 eum
243 520 342 591 qui
373 535 453 573 me
479 521 661 574 misit:
689 522 937 590 quaeretis
969 539 1071 585 me,
1099 534 1146 576 et
1187 541 1290 577 non
1319 525 1587 578 invenietis
1612 523 1680 578 ⁶¹.

72 612 258 669 Nunc
284 613 475 677 vadit,
506 624 563 666 et
589 612 849 682 relinquit
887 613 1168 669 mundum.
1198 614 1305 670 Sed
1346 616 1539 670 iterum
1570 616 1685 685 ipse

75 705 234 760 dicit
270 723 284 760 :
325 702 463 758 Ecce
487 720 581 774 ego
618 705 884 759 vobiscum
916 722 1033 759 sum
1067 722 1230 775 usque
1254 707 1323 759 ad
1350 723 1684 761 consumma-

74 801 298 852 tionem
324 797 509 850 saeculi
541 798 607 850 δ’.
630 798 836 852 Aderat
863 813 994 868 ergo
1017 841 1032 866 ,
1061 809 1117 854 et
1141 807 1428 871 antequam
1465 798 1688 852 adveni-

75 901 223 959 ret,
262 895 419 948 adest
445 894 608 948 etiam
651 903 940 964 postquam
986 897 1252 963 perrexit.
1298 897 1514 950 Intuere
1555 909 1687 963 ergo

78 986 569 1053 quemadmodum
613 986 663 1040 in
692 989 897 1041 mundo
919 998 1038 1041 erat
1064 987 1430 1043 invisibiliter.
1469 987 1600 1040 Nam
1635 989 1684 1041 id

77 1075 424 1130 videntibus
462 1075 750 1144 apostolis,
777 1085 830 1132 et
853 1078 1131 1133 nobiscum
1162 1091 1245 1132 e5t
1273 1093 1441 1148 usque
1470 1079 1536 1132 ad
1559 1095 1687 1132 con-

78 1170 530 1223 summationem
559 1170 743 1225 saeculi
777 1187 791 1224 :
818 1170 1180 1239 incorporalis
1201 1171 1344 1224 enim
1379 1180 1572 1223 natura
1604 1170 1688 1224 lo-

81 1263 178 1317 cis
209 1278 326 1317 non
353 1262 846 1317 circumscribitur.
878 1262 982 1317 Sed
1010 1271 1361 1332 posteaquam
1393 1263 1686 1332 assumpsit

81 1369 341 1424 corpus,
392 1371 498 1410 non
551 1363 611 1408 ut
653 1354 1028 1410 recluderetur
1082 1356 1377 1424 assumpsit
1422 1373 1436 1410 :
1476 1355 1688 1408 salvare

82 1447 252 1500 enim
288 1447 472 1510 venit,
500 1455 687 1500 etnon
720 1445 899 1498 minus
941 1445 1184 1499 exaltare
1208 1483 1224 1509 ,
1263 1454 1318 1498 et
1369 1458 1474 1497 non
1508 1444 1688 1497 Immi-

83 1535 244 1590 iiare
273 1536 404 1604 (non
433 1535 560 1604 quia
591 1551 697 1589 non
729 1548 787 1588 se
843 1534 1150 1587 humiliavit
1183 1552 1196 1591 :
1233 1533 1510 1587 humiliari
1543 1533 1688 1586 enim

85 1627 252 1692 dico,
282 1625 534 1680 decidere
569 1639 690 1679 eum
725 1640 754 1678 a
781 1639 874 1679 sua
903 1624 1214 1691 dignitate),
1243 1624 1336 1676 sed
1359 1623 1538 1688 potius
1567 1621 1688 1676 abs-

91 1718 350 1772 condere
402 1731 558 1770 suam
594 1716 934 1786 dignitatem.
975 1713 1028 1766 Si
1057 1715 1201 1769 enim
1242 1713 1357 1782 ipse
1396 1711 1597 1766 decidit
1623 1715 1691 1766 ab

1791 529 1912 583 lista
1939 528 2099 594 dicit,
2134 523 2308 591 Erat;
2334 525 2574 595 Baptista
2616 533 2796 580 autem
2820 525 2994 590 dicit,
3022 524 3128 578 Hic
3162 537 3236 581 est
3267 541 3286 580 :
3317 537 3378 584 et

1794 621 2028 690 Spiritus
2079 628 2311 674 testatur
2343 619 2470 689 quia
2509 619 2624 686 ipse
2677 626 2801 684 est;
2832 626 2887 672 et
2937 617 3100 673 Pater
3147 620 3376 674 demon-

1793 726 1978 768 strans
2010 712 2170 775 dicit,
2210 710 2315 766 Hic
2344 722 2418 765 est
2442 728 2462 777 ;
2484 720 2538 765 et
2567 710 2738 765 Filius
2778 709 2939 775 dicit,
2982 710 3094 780 Ego
3128 729 3283 778 sum;
3311 723 3368 768 et

1792 804 2068 859 dmmones
2095 803 2286 858 dicunt
2311 842 2330 868 ,
2357 802 2434 856 Tu
2461 820 2514 856 es
2545 817 2564 854 :
2597 818 2717 872 quae
2750 804 3059 871 procacitas
3090 805 3187 859 ista
3211 815 3295 860 est
3319 814 3378 862 ut

1794 911 1899 950 non
1935 896 2164 951 credat?
2185 897 2294 952 Aut
2323 896 2468 949 enim
2495 896 2638 948 Patri
2672 897 2866 961 crede,
2902 905 2994 949 aut
3019 895 3156 951 Filio
3179 899 3337 953 obedi
3359 939 3376 965 ,

1795 997 1888 1041 aut
1914 987 2177 1055 Spiritum
2206 987 2450 1042 consenti
2468 1029 2484 1053 ,
2513 997 2606 1041 aut
2638 1003 2759 1042 cum
2786 989 3064 1058 prophetis
3081 975 3378 1058 concorda,

1795 1087 1888 1134 aut
1919 1095 2039 1134 cum
2061 1080 2367 1149 legislatore
2394 1080 2687 1147 conﬁtere,
2720 1090 2813 1134 aut
2841 1089 2989 1136 certe
3022 1097 3144 1136 cum
3177 1084 3380 1139 daemo-

1799 1173 1959 1226 nibus
1985 1172 2091 1226 noli
2128 1185 2348 1241 negare.
2382 1170 2464 1226 Illi
2507 1171 2652 1226 enim
2679 1171 2864 1226 dicunt
2896 1191 2910 1225 :
2943 1170 3152 1226 Scimus
3193 1182 3242 1227 te
3290 1173 3381 1244 qui

1794 1265 1868 1319 sis
1902 1265 1975 1330 ⁸⁸,
2009 1272 2067 1320 et
2113 1279 2217 1318 non
2271 1271 2488 1318 cessant
2543 1263 2887 1318 conﬁtentes.
2929 1262 3378 1334 Quotiescunque

1797 1355 1940 1411 enim
1972 1355 2343 1410 nominaveris
2373 1357 2712 1411 daemonibus
2764 1356 2958 1411 Filium
3011 1357 3105 1412 Dei
3161 1357 3376 1415 afﬁxum

1796 1448 1990 1514 cruci,
2053 1455 2349 1503 trementes
2405 1449 2587 1502 statim
2634 1462 2767 1502 voce
2803 1448 2976 1516 prima
3024 1448 3377 1504 conﬁtentur.

1796 1538 1893 1593 Est
1922 1538 2066 1593 enim
2098 1538 2266 1594 Filius
2293 1580 2308 1604 ,
2336 1548 2391 1593 et
2423 1547 2643 1606 manet,
2670 1546 2725 1592 et
2749 1555 2975 1608 regnum
3001 1540 3116 1607 ejus
3151 1556 3256 1595 non
3281 1541 3382 1595 ha—

1797 1631 1888 1684 bet
1914 1629 2098 1685 ﬁnem.
2129 1628 2236 1686 Sed
2272 1630 2435 1684 finem
2463 1629 2660 1684 habeat
2681 1644 2743 1683 os
2772 1629 2917 1684 illius
2943 1630 3033 1698 qui
3061 1631 3228 1698 dixit,
3253 1631 3381 1699 quia

1798 1725 1951 1794 regni
1979 1723 2096 1794 ejus
2124 1732 2208 1778 est
2245 1722 2386 1776 ﬁnis.
2414 1721 2576 1777 Pater
2597 1721 2741 1776 enim
2781 1722 2872 1790 qui
2903 1722 3086 1791 genuit
3123 1737 3228 1777 non
3259 1735 3380 1792 pm-

88 1822 168 1862 eo
207 1808 356 1876 quod
388 1815 508 1860 erat
544 1807 684 1860 Deus
709 1847 725 1870 ,
785 1822 883 1860 nos
925 1821 1031 1859 non
1079 1805 1266 1873 utique
1305 1805 1582 1858 revocavit
1619 1804 1684 1858 ad
1719 1796 1735 1851 1

1800 1818 1995 1870 nitetur
2021 1815 2086 1870 de
2116 1816 2252 1870 bona
2285 1814 2562 1884 progenie,
2592 1828 2696 1866 non
2732 1813 2953 1867 devorat
2978 1829 3133 1868 suum
3161 1812 3381 1870 Filium.

92 1913 226 1952 eam
257 1914 323 1952 ex
353 1914 456 1967 qua
482 1899 799 1953 cecidimus.
828 1897 1055 1951 Salvare
1098 1897 1264 1964 igitur
1313 1896 1462 1949 venit-
1508 1894 1689 1949 Domi-

94 2003 213 2044 nus
239 2029 257 2054 ,
289 2004 396 2043 non
427 1999 608 2043 tamen
646 1989 894 2043 amittere
927 1989 1069 2054 quod
1091 1985 1347 2040 habebat.
1375 1985 1528 2040 Fecit
1553 1985 1690 2041 bene

96 2082 226 2152 ipse
265 2096 493 2136 manens
537 2081 592 2135 in
624 2095 731 2149 quo
752 2089 864 2133 erat
905 2078 1045 2149 (76),
1080 2093 1187 2132 non
1218 2089 1409 2132 natura
1435 2078 1690 2132 excidens

95 2188 205 2228 sua
226 2213 243 2239 ,
271 2172 368 2228 sed
393 2171 772 2227 misericordia
801 2171 974 2224 utitur
1005 2168 1206 2223 Patris.
1245 2167 1386 2234 Quid
1414 2183 1540 2237 ergo
1565 2182 1693 2236 pro-

97 2265 349 2338 positum
387 2273 509 2318 erat
530 2265 689 2320 nobis
720 2264 905 2318 dicere
927 2303 942 2326 ,
968 2263 1110 2331 quod
1140 2261 1312 2317 solum
1350 2265 1398 2315 ei
1423 2262 1694 2315 ‘convenit

98 2355 467 2411 diciisolum
506 2369 686 2410 autem
738 2355 995 2409 convenit
1042 2354 1148 2408 diei
1176 2394 1192 2420 ,
1225 2352 1352 2421 quia
1401 2360 1486 2406 est
1534 2351 1696 2406 Pater

96 2465 272 2515 vere,
297 2461 383 2506 est
429 2459 485 2504 et
539 2450 709 2504 Filius
736 2464 898 2512 vere,
931 2456 1015 2501 est
1050 2459 1105 2502 et
1151 2445 1392 2516 Spiritus
1451 2455 1691 2499 sanctus.

98 2541 229 2598 Non
256 2541 414 2597 Otiosi
446 2556 728 2596 sermones
751 2581 766 2604 ,
797 2555 903 2594 non
929 2555 1100 2593 vacua
1124 2538 1294 2592 verba
1321 2578 1337 2603 ,
1365 2538 1458 2592 sed
1505 2547 1694 2590 natura

99 2651 262 2690 vera.
289 2635 450 2689 Pater
473 2649 579 2689 non
612 2643 776 2688 natus
802 2673 816 2698 ,
845 2642 900 2687 et
926 2633 1075 2687 solus
1107 2646 1212 2684 non
1267 2640 1426 2685 natus
1461 2648 1473 2682 :
1504 2638 1557 2683 et
1607 2628 1697 2682 Fi-

107 2725 228 2779 lius
261 2725 574 2793 unigenitus
597 2764 612 2787 ,
669 2731 725 2777 et
772 2722 918 2777 solus
947 2721 1260 2791 unigenitus
1299 2729 1384 2774 est
1418 2737 1432 2772 :
1463 2719 1698 2788 Spiritus

104 2827 338 2872 sanctus
379 2817 468 2886 qui
518 2831 547 2870 a
599 2815 738 2870 Filio
797 2815 1092 2870 secundum
1139 2812 1320 2868 Patris
1363 2813 1698 2866 voluntatem

104 2911 370 2970 mittitur.
397 2910 491 2963 Vis
536 2918 717 2965 autem
767 2908 984 2963 edoceri
1014 2907 1138 2976 quia
1184 2907 1302 2960 haec
1333 2919 1462 2959 vere
1511 2905 1700 2958 dicun-

115 3017 211 3059 tur
234 3004 348 3074 (77)
373 3004 398 3057 ?
435 3002 597 3058 Venit
625 3001 882 3056 Dominus
920 3001 986 3055 ad
1005 3000 1328 3070 baptismum
1356 2998 1578 3054 Joannis
1599 3039 1616 3063 ,
1646 3004 1702 3051 et

107 3096 322 3151 videbis
347 3095 438 3164 qui
471 3094 664 3163 estqui
696 3094 863 3158 dicit,
907 3092 1010 3146 Hic
1043 3100 1120 3146 est
1155 3090 1333 3144 Filius
1384 3107 1534 3144 meus
1560 3089 1700 3143 dile-

108 3189 376 3242 ctissimus
396 3228 411 3252 ,
435 3189 490 3240 in
518 3201 620 3254 quo
657 3185 788 3238 mihi
825 3184 947 3237 bene
974 3183 1267 3252 complacui
1301 3183 1368 3235 ⁸³.
1402 3181 1538 3248 Quis
1563 3181 1700 3236 dicit

109 3279 272 3336 haec?
302 3279 489 3348 utique
517 3276 680 3330 Pater
700 3277 765 3330 de
793 3277 904 3329 Deo
925 3314 940 3339 ,
973 3274 1065 3342 qui
1093 3273 1379 3327 videbatur
1422 3280 1480 3324 ut
1509 3271 1696 3325 homo.

114 3372 226 3440 Qui
253 3371 386 3426 dicit
440 3384 612 3439 ergo,
674 3367 839 3422 Pater
887 3376 970 3421 est
1009 3385 1023 3419 :
1057 3367 1121 3419 de
1166 3379 1274 3432 quo
1323 3363 1695 3416 testimonium

112 3475 265 3530 erat,
294 3462 464 3518 Filius
518 3460 917 3529 est:Spiritus
974 3460 1027 3511 in
1077 3458 1256 3526 specie
1305 3456 1588 3509 columbae.
1633 3456 1699 3510 Et

113 3559 212 3630 qul
245 3567 303 3612 ut
329 3557 488 3610 homo
525 3558 850 3624 apparebat,
879 3561 933 3607 et
953 3551 1044 3621 qui
1097 3552 1146 3604 in
1204 3549 1424 3603 homine
1467 3548 1688 3602 habita-

111 3653 250 3714 bat,
278 3658 333 3704 et
358 3649 450 3718 qui
474 3649 525 3701 in
558 3660 790 3716 corpore
817 3653 970 3709 erat,
998 3643 1304 3699 testabatur
1335 3651 1390 3696 et
1429 3643 1648 3696 dicebat
1675 3661 1691 3695 :

117 3743 343 3814 Expedit
375 3743 512 3796 vobis
543 3749 598 3794 ut
630 3755 722 3809 ego
763 3739 974 3792 vatiam.
1035 3735 1099 3790 Si
1131 3736 1303 3798 enim,
1353 3733 1569 3802 inquit,
1603 3749 1696 3801 ego

121 3855 227 3893 non
249 3838 359 3890 iero
385 3876 400 3900 ,
428 3834 657 3904 Spiritus
675 3847 777 3885 non
807 3833 971 3884 veniet
1003 3846 1020 3883 :
1044 3845 1162 3881 cum
1202 3843 1295 3898 ego
1323 3827 1468 3890 iero,
1501 3826 1694 3894 rogabo

122 3929 334 3984 Patrem
360 3943 532 3981 meum
562 3926 627 3979 ⁸⁵.
663 3923 779 3978 Non
833 3932 1013 3976 tamen
1047 3937 1135 3976 me
1171 3929 1226 3975 et
1269 3919 1436 3973 alium
1467 3923 1698 3972 advoca-

119 4031 234 4076 tum
267 4020 623 4074 mittetPater
652 4017 719 4070 ad
753 4031 873 4072 vos.
909 4015 1013 4082 Qui
1039 4014 1218 4080 vadit,
1243 4022 1298 4068 et
1327 4012 1421 4082 qui
1447 4021 1692 4081 rogatur,

115 4123 174 4169 et
205 4115 293 4184 qui
329 4113 599 4174 mittitur,
656 4125 760 4164 non
817 4109 890 4164 dii
925 4109 1198 4163 dicuntur.
1234 4106 1386 4162 Unus
1427 4105 1579 4159 enim.
1613 4112 1698 4158 est

118 4205 260 4260 Deus
295 4219 323 4258 a
352 4219 459 4272 quo
489 4211 616 4256 sunt
668 4202 847 4255 omnia
872 4240 888 4265 ,
938 4211 993 4255 et
1047 4214 1189 4253 unus
1240 4198 1500 4252 Dominus
1538 4195 1696 4251 Jesus

118 4313 218 4368 per
245 4291 402 4365 quem
437 4303 564 4348 sunt
592 4291 797 4349 omnia.
829 4292 936 4347 Sed
967 4306 1104 4344 unus
1129 4291 1269 4344 Deus
1289 4306 1392 4344 non
1432 4300 1612 4355 natus,
1643 4297 1698 4346 et

119 4405 260 4445 unus
290 4388 606 4458 unigenitus
634 4386 893 4440 Dominus
916 4394 1077 4439 natus
1107 4398 1137 4436 a
1167 4383 1274 4440 Deo
1309 4391 1413 4436 est.
1444 4380 1500 4435 Si
1548 4383 1694 4436 enim

120 4500 230 4542 non
263 4492 448 4537 natum
485 4491 539 4534 et
569 4495 672 4534 non
698 4489 884 4534 natum
918 4480 1154 4532 dicerem
1177 4516 1190 4538 ,
1229 4485 1322 4529 aut
1351 4474 1692 4543 unigenitum
1727 4507 1773 4562 Β

122 4588 180 4634 et
205 4575 575 4647 unigenitum;
604 4582 733 4627 tunc
764 4586 1135 4626 asseverarem
1165 4570 1214 4622 id
1257 4568 1399 4636 quod
1433 4581 1537 4620 non
1563 4565 1697 4620 dicit

122 4669 385 4730 Ecclesia.
421 4667 561 4733 Quid
599 4679 727 4735 ergo
755 4665 884 4718 dicit
919 4663 1081 4718 Pater
1139 4663 1191 4715 in
1246 4660 1472 4715 Joannis
1512 4660 1694 4728 bapti-

123 4762 331 4819 sutum?
364 4759 465 4813 Hic
496 4767 568 4812 est
606 4757 778 4811 Filius
801 4773 946 4809 meus
1009 4755 1270 4817 dilectus,
1318 4754 1372 4804 in
1415 4767 1516 4822 quo
1574 4751 1698 4806 bene

123 4854 415 4926 complacui
444 4853 530 4906 ⁸⁸2
557 4850 770 4906 Sufﬁcit
795 4865 824 4902 a
859 4848 971 4903 Deo
1023 4856 1078 4903 et
1134 4843 1298 4900 semel
1342 4844 1564 4907 audire,
1605 4841 1696 4895 sed

125 4966 230 5009 non
265 4947 398 5002 dicit
432 4945 623 5000 semel.
655 4942 933 5012 Siquidem
962 4949 1017 4994 et
1055 4939 1110 4992 in
1144 4945 1326 4992 monte
1349 4950 1471 4989 cum
1501 4933 1695 4987 fuisset

125 5041 378 5098 Dominus
405 5037 828 5106 transﬁguratus
882 5041 1147 5103 praesente
1201 5029 1384 5100 Moyse
1435 5037 1490 5081 et
1542 5025 1700 5090 Elia,

123 5135 308 5192 eadem
343 5131 540 5200 repetit
568 5138 623 5184 et
662 5128 794 5183 dicit
821 5145 834 5180 :
861 5129 964 5180 Hic
1003 5136 1076 5179 est
1140 5121 1317 5174 Filius
1369 5136 1514 5173 meus
1562 5117 1698 5170 dile-

125 5228 385 5282 ctissimus
413 5226 467 5277 in
494 5238 596 5291 quo
642 5221 769 5274 bene
815 5217 1139 5285 compiacui;
1183 5215 1355 5282 ipsum
1401 5211 1582 5263 audite
1627 5208 1695 5262 ⁵⁸.

123 5322 255 5378 Nam
287 5331 341 5374 et
370 5316 606 5372 Joannes
638 5315 832 5368 similia
882 5311 1081 5364 fatetur
1107 5318 1159 5363 et
1187 5307 1319 5361 dicit
1353 5323 1366 5358 :
1395 5303 1498 5370 Qui
1551 5301 1698 5355 misit

125 5430 206 5470 mc
229 5412 494 5480 baptizare
519 5410 571 5462 in
606 5425 744 5478 aqua
766 5446 781 5472 ,
804 5407 913 5474 ipse
943 5403 1068 5457 mihi
1095 5401 1254 5465 dixit,
1286 5396 1352 5451 In
1375 5411 1525 5466 quem
1556 5395 1698 5448 vide-

227 5524 268 5556 “
304 5523 460 5577 Joan.
493 5537 594 5584 xu,
618 5520 708 5574 55.
785 5519 828 5548 ⁶²
859 5517 1048 5570 Matth.
1095 5529 1301 5584 xxvm,
1338 5510 1427 5584 20.
1505 5509 1550 5541 ⁸³
1601 5506 1735 5584 Matt

1800 5523 1881 5584 dt!
1903 5547 1918 5572 ,
1980 5509 2068 5564 i7.

1787 1907 2096 1964 lnvidemus
2122 1905 2336 1960 fabulas
2356 1907 2618 1975 gentium,
2638 1912 2692 1958 et
2707 1905 2902 1958 iterum
2921 1907 3139 1959 easdem
3165 1904 3384 1960 induci-

1789 2013 1911 2053 mus
1946 2015 1961 2051 :
1998 2011 2105 2052 non
2136 2012 2258 2063 nos,
2277 1999 2370 2051 sed
2395 1996 2486 2065 qui
2518 2009 2682 2050 ausus
2703 2003 2786 2048 est
2815 1994 3032 2049 Galata.
3069 1995 3210 2049 Deus
3236 1995 3383 2049 enim

1790 2103 1898 2142 non
1920 2103 2105 2143 vocem
2133 2087 2320 2158 genuit
2347 2086 2440 2140 sed
2461 2085 2678 2147 Filium,
2705 2100 2808 2137 non
2835 2099 3137 2140 sermonem
3174 2085 3268 2139 sed
3303 2085 3386 2138 vi-

1792 2187 2050 2243 tam,non
2067 2178 2268 2232 dictum
2284 2178 2378 2232 sed
2413 2176 2601 2230 Deum.
2629 2176 2782 2243 Apud
2817 2175 2982 2230 Deum
3011 2176 3180 2237 enim,
3201 2175 3383 2230 nonin

1793 2284 1889 2325 ore
1947 2269 2040 2323 Dei
2071 2288 2084 2322 :
2146 2269 2212 2323 ad
2240 2269 2516 2324 dexteram
2548 2267 2667 2333 Dei,
2703 2285 2808 2323 non
2839 2277 3014 2322 tamen
3047 2270 3136 2339 qui
3167 2270 3220 2324 in
3250 2283 3384 2326 voce

1795 2372 1901 2415 est.
1937 2359 2182 2415 Judicem
2220 2375 2341 2414 eum
2366 2359 2458 2428 qui
2482 2360 2753 2423 viviﬁcat,
2793 2374 2982 2414 verum
3035 2361 3255 2426 lumen,
3285 2361 3384 2430 ju-

1795 2455 1956 2509 stitiac
1984 2452 2185 2508 solem.
2215 2451 2422 2505 Lumen
2457 2460 2638 2504 autem
2670 2466 2777 2504 non
2814 2451 2939 2516 tale,
2971 2452 3130 2521 quale
3159 2462 3214 2507 et
3241 2453 3382 2522 apud

1795 2560 1939 2599 nos:
1976 2544 2109 2597 nihil
2146 2542 2480 2610 accipiamus
2508 2541 2724 2596 visibile
2756 2542 2822 2594 ad
2868 2543 3259 2597 exhibitionem
3292 2544 3381 2598 in—

1797 2634 2052 2690 visibilis.
2079 2634 2194 2689 Nou
2226 2635 2359 2688 mihi
2385 2635 2546 2689 isthic
2580 2634 2752 2687 fontes
2771 2634 3008 2688 adducas
3033 2635 3084 2692 in
3107 2635 3338 2690 medium
3363 2655 3382 2692 :

1799 2743 1904 2783 non
1932 2727 2098 2782 solem
2135 2737 2191 2782 et
2211 2726 2329 2795 ejus
2357 2728 2558 2782 lumen.
2598 2727 2729 2793 Quae
2760 2727 2902 2780 enim
2939 2741 3035 2795 per
3084 2729 3278 2783 Filium
3304 2731 3385 2782 fa-

1799 2831 1882 2876 cta
1919 2830 2076 2887 sunt,
2111 2837 2216 2876 non
2245 2833 2635 2888 comparantur
2659 2822 2816 2877 Filio.
2850 2821 2962 2878 lloe
2991 2822 3136 2876 enim
3188 2824 3376 2878 lumen

1799 2927 1906 2966 non
1929 2921 2012 2966 est
2032 2912 2193 2977 solis,
2219 2914 2314 2968 sed
2350 2911 2638 2966 efficientia
2691 2913 2822 2967 solis
2854 2931 2866 2966 :
2900 2913 3001 2967 hoc
3057 2913 3242 2968 lumen
3275 2928 3382 2968 non

1801 3003 1970 3058 habet
1991 3005 2156 3058 vitam
2187 3047 2201 3071 ,
2228 3003 2398 3058 Filius
2430 3013 2609 3057 autem
2637 3004 2747 3057 vita
2773 3012 2859 3058 est
2890 3004 3033 3059 :hoc
3058 3003 3238 3060 lumen
3275 3018 3383 3058 non

1805 3097 1979 3164 aperit
2040 3095 2224 3150 oculos
2258 3111 2566 3160 caecorum,
2621 3096 2715 3150 sed
2755 3095 2839 3152 his
2887 3097 2978 3164 qui
3035 3096 3212 3151 creati
3259 3105 3385 3151 sunt

1807 3187 2013 3256 praebet
2047 3189 2253 3243 videre.
2286 3187 2390 3242 Sed
2428 3202 2496 3242 ne
2524 3188 2741 3258 quidem
2770 3189 2876 3244 hoc
2906 3204 2934 3242 a
2957 3203 3017 3244 se
3041 3229 3057 3255 ,
3088 3191 3182 3244 sed
3223 3191 3290 3244 ab
3319 3204 3386 3245 eo

1805 3282 1894 3350 qui
1927 3281 2168 3335 indulsit.
2209 3280 2322 3337 lloc
2356 3281 2533 3336 lumen
2564 3282 2617 3336 in
2654 3267 2890 3342 tenebris
2944 3297 3050 3338 non
3087 3281 3230 3338 lucet
3263 3295 3278 3334 :
3307 3290 3393 3338 te-

1807 3373 1988 3427 nebrae
2015 3371 2158 3426 enim
2207 3386 2330 3426 eum
2386 3386 2488 3425 non
2521 3371 3011 3440 comprehendunt.
3051 3371 3129 3427 De
3165 3373 3256 3427 illo
3283 3387 3388 3427 au-

1807 3473 1914 3518 tem
1944 3463 2146 3517 lumine
2173 3463 2372 3518 dictum
2406 3472 2489 3517 est
2519 3483 2531 3517 :
2565 3462 2765 3517 Lumen
2789 3464 2843 3516 in
2869 3463 3090 3516 tenebris
3113 3463 3280 3531 lucet,
3310 3471 3388 3516 te~

1803 3552 1976 3605 nebrte
2003 3565 2121 3604 eum
2151 3565 2256 3602 non
2284 3549 2782 3617 comprehenderunt
2807 3547 2875 3600 5°.
2908 3547 3025 3602 Hoc
3067 3547 3245 3601 lumen
3277 3563 3384 3602 non

1803 3643 2011 3712 pascit,
2040 3656 2145 3697 non
2179 3642 2441 3696 transfert
2467 3655 2661 3710 aquam
2690 3640 2757 3694 ad
2791 3639 2977 3693 vinum
3013 3639 3155 3694 :hoc
3203 3639 3384 3693 lumen

1803 3751 1910 3790 non
1941 3735 2170 3790 suscitat
2193 3743 2466 3798 mortuos,
2502 3734 2595 3788 sed
2624 3732 2861 3786 otiosum
2910 3740 2995 3786 est
3025 3730 3251 3785 mortuis
3287 3749 3301 3786 :
3333 3739 3389 3789 et

1803 3845 1909 3884 non
1938 3827 2066 3899 quia
2093 3842 2382 3882 commune
2413 3836 2497 3880 est
2529 3840 2724 3880 nomen
2754 3865 2768 3890 ,
2797 3832 2957 3894 putas
2996 3821 3119 3891 quia
3145 3830 3198 3876 et
3236 3837 3388 3876 com-

1804 3921 1984 3976 munis
2025 3929 2217 3974 natura
2245 3929 2349 3974 est.
2385 3918 2498 3973 Hoc
2527 3918 2706 3972 lumen
2740 3925 2833 3971 aut
2861 3916 2912 3970 in
2941 3917 3116 3987 primo
3141 3915 3230 3969 die
3253 3952 3269 3981 ,
3293 3923 3389 3968 aut

1804 4028 1924 4068 cum
1951 4012 2065 4068 sole
2095 4013 2148 4066 in
2177 4021 2370 4082 quarto
2395 4051 2410 4075 ,
2433 4009 2887 4080 quemadmodum
2917 4008 3041 4077 quis
3068 4007 3341 4078 putaverit
3368 4046 3385 4070 ,

1803 4106 1891 4160 die
1920 4113 2117 4175 quarto
2147 4114 2229 4159 est
2257 4104 2483 4157 factum.
2520 4102 2690 4158 Filius
2723 4109 2904 4155 autem
2958 4115 3064 4156 non
3102 4099 3154 4154 in
3209 4099 3388 4170 primo

1804 4198 1891 4252 die
1911 4237 1926 4262 ,
1955 4211 2130 4266 neque
2159 4197 2212 4251 in
2243 4206 2435 4266 quarto
2457 4235 2472 4260 ,
2498 4210 2673 4264 neque
2709 4194 2761 4248 in
2791 4202 2962 4248 totum
2986 4193 3042 4248 in
3073 4192 3182 4259 die,
3212 4207 3389 4261 neque

1803 4291 1857 4346 in
1894 4291 2025 4345 hora
2055 4331 2071 4354 ,
2097 4305 2273 4359 neque
2320 4289 2372 4343 in
2429 4285 2801 4358 temporibus,
2834 4301 3011 4356 neque
3067 4286 3121 4340 in
3149 4284 3385 4344 saeculis.

1804 4380 1931 4436 Haec
1958 4383 2102 4436 enim
2131 4368 2227 4449 pe'r
2250 4379 2485 4447 Filium,
2517 4361 2628 4434 non
2651 4391 2830 4435 tamen
2858 4376 3026 4436 Filius
3053 4377 3106 4430 in
3135 4375 3242 4430 his.
3268 4372 3385 4430 Non

1802 4475 1946 4528 enim
1980 4489 2008 4526 a
2036 4472 2420 4527 communione
2451 4471 2731 4525 hominum
2766 4467 3100 4523 confundere
3126 4465 3387 4520 debemus

1802 4565 2159 4619 differentiam
2199 4572 2432 4618 natura}.
2487 4560 2602 4618 Hoc
2653 4561 2835 4615 lumen
2883 4575 2979 4628 per
3002 4558 3149 4612 illum
3200 4556 3384 4611 lumen

1799 4665 1902 4710 est.
1923 4655 2036 4709 Non
2058 4669 2186 4726 ergo
2215 4668 2594 4723 comparemus
2625 4649 2881 4706 insimilia
2908 4657 2998 4703 aut
3024 4649 3219 4703 similia
3245 4647 3383 4716 (78).

1801 4746 1986 4816 Neque
2012 4746 2189 4801 fontes
2213 4755 2266 4799 et
2298 4754 2507 4799 meatus
2535 4743 2762 4799 fontium
2785 4783 2800 4809 ,
2831 4751 2886 4796 et
2924 4742 3071 4796 rivos
3087 4749 3143 4795 et
3169 4738 3384 4805 ﬂuvios,

1800 4839 1926 4910 quia
1957 4853 2061 4894 non
2086 4837 2272 4893 defluit
2293 4837 2485 4901 Pater,
2517 4839 2612 4892 sed
2643 4845 2827 4891 manet
2865 4845 2925 4888 ut
2955 4842 3096 4890 erat.
3129 4831 3249 4903 Ipse
3297 4840 3386 4886 est

1803 4933 1947 4987 enim
1982 4933 2072 5003 qui
2104 4941 2206 4986 est.
2233 4930 2417 5003 Neque
2445 4929 2722 5000 passiones
2757 4937 2971 4999 Oportet
3018 4925 3237 4996 adjungi
3279 4924 3384 4980 im-

1802 5022 2042 5092 passibih
2071 5021 2218 5075 Patri
2247 5040 2261 5076 :
2291 5021 2416 5090 quia
2441 5035 2549 5074 non
2577 5018 2870 5084 dividitur,
2905 5031 3011 5070 non
3066 5013 3335 5070 scinditur
3364 5049 3383 5076 ,

1803 5129 1910 5169 non
1946 5123 2265 5184 separatur,
2295 5113 2389 5166 sed
2422 5121 2607 5168 manet
2631 5119 2686 5166 et
2727 5118 2974 5180 generat.
3015 5106 3251 5161 Generat
3282 5119 3381 5155 au-

1804 5218 1911 5262 tem
1941 5217 2000 5262 ut
2030 5208 2204 5276 ipsum
2240 5206 2396 5260 decet
2431 5218 2591 5258 nosse
2611 5242 2626 5269 ,
2661 5213 2717 5258 et
2747 5217 2847 5256 nos
2873 5200 3122 5255 adorare.
3155 5194 3272 5249 Noli
3301 5194 3385 5248 di-

1802 5313 1928 5353 cere
1957 5297 2412 5368 quemadmodum
2438 5335 2456 5360 ,
2489 5309 2662 5366 neque
2715 5307 2926 5364 quzcras
2972 5288 3380 5361 generationem

1801 5391 1948 5448 illam
1985 5405 2149 5462 quam
2181 5389 2359 5444 nullus
2380 5395 2633 5456 enarrat,
2671 5385 2851 5441 nullus
2883 5383 3019 5450 scit,
3059 5379 3236 5435 nuilus
3274 5394 3378 5432 no-

2161 5507 2207 5539 “
2259 5505 2417 5562 Joan.
2471 5519 2602 5570 xvi,
2659 5502 2712 5556 7.
2805 5501 2851 5533 ⁸³
2898 5499 3090 5554 Matth.
3149 5490 3379 5562 "1,".

129 5599 171 5629 ⁸⁵
204 5595 394 5666 Μιιιιιεἑ
419 5578 648 5657 κινιι,’5.
725 5588 768 5620 ⁸⁷
810 5585 967 5642 Joan.
994 5603 1048 5653 ι,
1083 5585 1174 5638 55.
1250 5583 1295 5613 ⁸⁸
1336 5582 1467 5635 Luc.
1498 5579 1690 5645 ιν,54.

1800 5578 1821 5609 ⁸·
1853 5578 2010 5653 Joap.
2041 5595 2094 5645 ι,
2130 5579 2186 5634 5.

197 5692 303 5756 (1b)
348 5689 445 5742 Ms.
480 5687 628 5740 Facit
661 5688 784 5740 bene
812 5684 917 5750 ipse
940 5699 1155 5737 manens
1186 5683 1240 5734 in
1280 5697 1379 5749 quo
1407 5688 1538 5732 erat.

200 5762 304 5832 (77)
332 5761 471 5814 Infra
505 5759 594 5813 lib.
627 5774 686 5821 ιι,
722 5758 819 5812 sub
845 5757 964 5808 iuit.

1869 5668 1982 5747 (7’8)
2013 5675 2293 5731 lnsimilia.
2319 5672 2576 5744 Ἀνὸμοια
2599 5670 2736 5727 infra
2763 5668 2857 5724 lib.
2888 5682 2947 5731 ιι,
2980 5671 3098 5735 post
3126 5661 3270 5720 med.

2813 5828 2854 5855 κ
