3810 6218
446 348 588 405 1055

1120 326 1400 403 'Et'i'ss'nn
1441 337 1920 401 cmsanmssrs
1957 335 2019 391 οι

2153 329 2336 388 PARS
2375 329 2464 384 tv.
2505 357 2579 369 --
2615 321 3062 394 ῡΟΟΜΔΤΙΩΑ.1

3581 319 3710 376 1056

441 471 543 523 vit.
574 467 716 522 Cede
741 509 756 535 ,
787 476 840 524 et
871 467 1133 523 conﬁtere
1191 468 1566 522 inﬁrmitatem
1617 475 1786 520 tuam.
1817 463 2019 519 Ohum-

2127 485 2211 531 est
2246 474 2417 529 bene!
2453 468 2568 526 Non
2614 470 2758 526 enim
2815 469 2930 523 haec
2982 477 3065 520 est
3112 479 3362 520 mensura
3395 465 3707 520 distantia}:

441 559 562 615 bret
587 570 637 613 te
658 559 927 615 Christus.
956 560 1010 614 Si
1040 563 1183 616 enim
1212 571 1265 614 tu
1316 560 1590 630 quomodo
1622 568 1778 612 natus
1812 572 1871 610 es
1926 570 2021 609 ne-

441 652 585 716 scis,
613 655 1070 724 quemadmodum
1097 698 1111 722 ,
1145 655 1239 726 qui
1287 657 1355 711 de
1379 665 1430 710 te
1477 655 1697 723 ignoras
1718 694 1732 718 ,
1762 653 1828 705 de
1860 649 2024 706 Patre

441 754 498 798 et
530 742 668 800 Filio
689 755 780 799 aut
808 747 1038 815 quaeris,
1078 755 1169 800 aut
1193 761 1355 802 nosse
1392 755 1443 801 te
1479 745 1679 814 putas?
1712 745 1850 810 Quid
1895 757 2022 813 ergo

443 850 551 890 non
575 835 833 892 debemus
864 839 1110 892 contiteri
1158 839 1321 892 Deum
1354 845 1410 891 et
1463 837 1700 892 Filium?
1753 835 2023 891 Conﬁtere

442 941 506 982 ea
543 942 662 997 quae
687 929 752 984 de
777 928 941 984 Patre
973 939 1026 984 et
1057 929 1194 986 Filio
1223 931 1426 1000 scripta
1467 938 1636 984 sunt:
1673 937 1728 983 et
1772 928 1880 983 noli
1928 943 2024 982 cu-

443 1020 620 1076 riosus
648 1035 708 1076 ea
741 1037 860 1091 qua:
886 1037 990 1076 non
1027 1032 1153 1076 sunt
1202 1023 1399 1092 scripta
1432 1023 1731 1092 requirere.
1770 1021 1978 1074 Dicitur
2005 1059 2021 1083 ,

443 1113 512 1168 In
533 1114 790 1182 princioio
815 1126 963 1179 erat,
995 1125 1049 1169 et
1085 1116 1206 1184 quis
1236 1115 1455 1170 audebit
1487 1113 1916 1182 reprehendere?
1964 1111 2022 1167 Si

444 1214 626 1260 autem
653 1216 708 1260 et
733 1207 1140 1276 reprehenderit
1174 1217 1222 1262 te
1248 1249 1263 1274 ,
1303 1216 1474 1262 semet
1529 1209 1705 1276 ipsum
1740 1208 1905 1260 lmdit.
1955 1203 2022 1259 In

441 1295 703 1365 principio
726 1306 840 1350 erat
880 1293 1105 1350 Verbum
1125 1338 1140 1364 ,
1168 1307 1215 1351 et
1263 1295 1488 1350 Verbum
1515 1308 1627 1351 erat
1653 1297 1794 1366 apud
1832 1296 2020 1362 Deum,

331 1420 343 1438 ι
438 1397 489 1441 et
524 1387 661 1441 Deus
705 1399 817 1443 erat
887 1387 1131 1441 Verbum.
1179 1389 1285 1442 Hic
1321 1399 1432 1444 erat
1475 1390 1528 1443 in
1579 1391 1838 1460 principio
1881 1389 2022 1458 apud

440 1479 630 1532 Deum.
659 1479 722 1532 Et
748 1480 940 1548 sa'pius
970 1481 1067 1533 ista
1107 1480 1377 1543 dicantur,
1407 1491 1460 1534 et
1490 1481 2023 1550 nihilconqtm-ratur

440 1568 588 1622 novi.
619 1567 835 1623 Utinam
866 1578 1044 1622 autem
1081 1567 1255 1622 solum
1285 1569 1616 1637 legeremus!
1651 1570 1858 1624 utinam
1889 1568 2022 1624 solis

441 1658 740 1728 Scripturis
771 1660 1008 1714 contenti
1041 1661 1320 1715 eSSemusi
1349 1670 1406 1716 et
1435 1661 1502 1716 lis
1547 1660 1692 1715 nulla
1728 1661 1911 1715 ﬁebat.
1962 1658 2020 1714 Si

441 1750 587 1801 enim
615 1750 739 1818 quis
786 1749 995 1819 litigat,
1023 1751 1109 1805 vel
1155 1752 1519 1816 contradicit,
1560 1753 1805 1822 jurgatus
1855 1751 2021 1806 fuerit

442 1839 528 1894 his
555 1855 673 1908 qua:
695 1841 893 1909 scripta
925 1852 1051 1896 sunt
1078 1862 1092 1898 :
1123 1859 1228 1899 non
1260 1843 1328 1898 ad
1376 1811 1854 1914 hominemvlitigat
1878 1885 1892 1909 ,
1923 1845 2020 1898 sed
2049 1811 2092 1867 Β

440 1931 511 1986 ad
565 1931 871 2001 Deum.qui
925 1936 1169 2005 scripsit.
1212 1934 1361 1990 Unde
1388 1946 1568 1990 autem
1626 1935 1856 1989 eﬁicitur
1907 1934 2020 1988 lis?

439 2039 564 2078 eum
592 2039 655 2077 ea
689 2041 807 2093 quze
833 2042 899 2080 ex
929 2029 1096 2083 corde
1133 2037 1258 2082 sunt
1296 2027 1641 2093 proferimus.
1686 2029 1821 2083 Puto
1874 2029 2016 2082 enim

437 2117 560 2184 quia
597 2117 774 2172 nullus
799 2128 879 2173 est
904 2120 1290 2189 ausnsjurgari
1321 2124 1386 2176 ad
1420 2121 1610 2177 Deum.
1637 2121 1709 2175 Ea
1732 2136 1853 2191 qum
1878 2121 2018 2174 scri-

441 2219 530 2277 pta
561 2219 685 2261 sunt
717 2208 862 2278 lege,
887 2219 941 2264 et
969 2209 1146 2265 nullus
1171 2212 1499 2282 jurgabitur.
1529 2211 1692 2265 Pater
1745 2212 1928 2266 statim
1961 2221 2020 2264 ut

372 2356 381 2365 _
436 2295 617 2350 dictus
648 2296 748 2350 fuit
783 2297 974 2363 Pater,
1005 2300 1234 2368 requirit
1280 2301 1381 2356 ista
1417 2317 1514 2356 vox
1543 2301 1760 2354 Filium.
1813 2301 2020 2355 Dicitur

436 2381 645 2450 Filius,
702 2396 756 2440 et
814 2389 865 2442 in
920 2405 984 2445 eo
1038 2391 1156 2461 ipso
1209 2393 1334 2447 dum
1387 2393 1628 2456 dicitur,
1667 2393 1824 2447 Pater
1881 2408 2018 2448 con-

434 2476 638 2531 ﬁtetur.
694 2478 808 2533 Non
855 2483 1000 2535 enim
1035 2498 1201 2538 vacua
1234 2500 1334 2539 vox
1366 2495 1448 2540 est
1487 2484 1686 2550 Pater,
1722 2487 1815 2539 sed
1858 2484 2018 2539 exhi-

433 2567 568 2622 bens
615 2581 860 2627 naturam
911 2574 1056 2629 Filii.
1100 2575 1215 2630 Non
1257 2593 1426 2632 vacua
1467 2587 1550 2631 est
1586 2593 1686 2632 vox
1729 2593 1849 2647 qua:
1889 2577 2020 2632 dicit

435 2659 666 2725 Filium,
729 2665 824 2718 sed
890 2669 1204 2734 praecedens
1253 2672 1544 2723 conﬁtetur
1599 2667 1854 2734 Patrem,
1909 2683 2015 2722 non

443 2753 779 2821 temporibus
805 2793 820 2821 ,
858 2770 962 2810 non
1009 2757 1236 2826 spatiis,
1283 2762 1377 2812 sed
1421 2758 1682 2826 dignitate
1705 2767 1759 2811 ct
1790 2758 2016 2812 honore.

435 2841 600 2898 Pater
655 2845 828 2916 diligit
869 2847 1095 2916 Filium,
1142 2851 1315 2920 diligit
1355 2859 1409 2905 et
1457 2851 1714 2920 diligitur.
1761 2850 1914 2906 Unde
1954 2850 2019 2907 lis

435 2933 540 2989 ista
603 2946 720 3004 est,
767 2955 873 2994 non
923 2941 1158 2998 invenio.
1218 2941 1330 2997 Illic
1381 2958 1521 3012 pax,
1578 2954 1634 2998 et
1689 2945 1847 2999 isthic
1899 2943 2018 3012 jur-

436 3028 546 3096 gia.
596 3028 712 3084 Illic
770 3030 1020 3100 dilectio,
1077 3043 1134 3088 et
1173 3034 1262 3090 hic
1309 3036 1603 3091 contentio.
1641 3035 1696 3091 Si
1749 3036 2019 3106 diligimus

2124 568 2252 638 quia
2278 579 2454 634 neque
2492 575 2911 630 comparamur,
2957 570 3132 628 neque
3180 571 3504 626 sequamur:
3540 572 3712 625 neque

2129 661 2184 715 in
2217 675 2324 730 quo
2349 658 2530 712 minus
2565 669 2775 710 sumus.
2811 651 2927 706 Non
2965 666 3063 706 nos
3089 650 3297 716 solum,
3334 652 3428 705 sed
3466 665 3573 704 nec
3619 665 3712 702 an-

2125 753 2270 825 geli,
2300 760 2394 806 aut
2420 747 2770 817 archangeli,
2820 752 2912 799 aut
2949 744 3210 806 virtutes,
3253 753 3348 798 aut
3377 742 3712 797 dominatio-

2125 861 2243 910 nes,
2261 858 2433 914 neque
2455 842 2597 896 aliud
2625 839 2848 908 aliquid,
2879 837 2972 891 sed
2996 837 3177 891 omnia
3194 835 3585 902 relinquuntur
3604 832 3713 903 (80)

2128 940 2196 992 ab
2228 936 2506 1007 unigenito
2526 954 2539 990 :
2563 935 2677 1004 ipse
2696 941 2871 987 autem
2899 929 2995 984 soli
3017 930 3105 984 uni
3132 937 3255 983 nato
3277 944 3380 983 non
3405 929 3549 983 cedit
3577 926 3712 999 (81).

2124 1029 2238 1085 Νοη
2270 1044 2460 1084 sumus
2486 1025 2653 1082 Judagi
2673 1065 2690 1090 ,
2719 1024 3045 1079 conﬁtemur
3067 1023 3209 1077 enim
3227 1020 3446 1075 Filium.
3469 1019 3591 1074 Non
3625 1036 3718 1073 su-

2124 1139 2244 1178 mus
2272 1120 2500 1192 gentiles
2521 1162 2536 1184 ,
2575 1120 2700 1190 quia
2737 1134 2841 1172 non
2883 1116 3112 1172 dicimus
3136 1113 3332 1168 multos
3358 1112 3578 1166 Patres.
3599 1109 3682 1163 No
3706 1130 3715 1158 ι

2125 1229 2312 1270 sumus
2346 1214 2625 1277 haeretici,
2658 1212 2860 1266 scimus
2898 1209 3040 1266 enim
3084 1207 3369 1278 Spiritum.
3423 1208 3534 1263 Sed
3586 1207 3718 1276 quid

2125 1307 2353 1362 sumus?
2404 1307 2614 1376 Sponsa
2650 1304 2884 1358 viventis
2917 1303 3101 1372 sponsi
3150 1317 3247 1370 per
3297 1300 3580 1356 Christum
3619 1316 3720 1354 nos

2125 1415 2328 1454 sumus.
2365 1397 2420 1452 Si
2453 1413 2580 1469 ergo
2607 1413 2706 1452 nos
2734 1395 2822 1466 qui
2858 1411 2954 1465 per
2987 1386 3271 1451 Christum
3290 1409 3482 1448 sumus
3506 1435 3521 1455 ,
3557 1403 3718 1462 putas

2123 1492 2244 1560 quia
2274 1492 2386 1558 ipse
2428 1507 2531 1543 non
2564 1491 2686 1544 est?
2710 1505 2773 1544 ea
2798 1504 2917 1558 qum.
2947 1504 3043 1557 per
3084 1489 3259 1556 ipsum
3297 1496 3427 1541 sunt
3453 1497 3718 1549 manent,

2123 1595 2177 1637 et
2209 1585 2318 1653 ipse
2345 1583 2504 1637 ﬁnem
2540 1583 2701 1636 habet
2731 1591 2791 1635 ut
2819 1581 3035 1651 quidam
3063 1578 3379 1635 insaniunt?
3423 1576 3542 1632 Non
3572 1579 3717 1632 enim

2127 1676 2361 1746 acquirit
2393 1675 2539 1730 aliud
2569 1674 2713 1742 quod
2746 1689 2850 1727 non
2875 1680 2994 1727 est:
3030 1687 3134 1726 non
3188 1671 3455 1737 assumit,
3511 1671 3613 1724 sed
3668 1681 3722 1722 et

2122 1771 2262 1840 quod
2294 1778 2376 1824 est
2404 1767 2688 1823 abscondit
2745 1784 2758 1819 :
2821 1765 2923 1818 hoc
2950 1764 3092 1818 enim
3133 1761 3423 1832 signiﬁcat,
3452 1761 3539 1814 Da
3569 1761 3720 1823 mihi,

2121 1862 2280 1917 Pater
2307 1878 2329 1917 :
2358 1863 2450 1916 sed
2481 1875 2585 1914 non
2604 1857 2806 1928 aliquid
2838 1872 3037 1911 novum
3062 1857 3192 1924 petit
3217 1855 3339 1909 :sed
3368 1854 3516 1924 quod
3535 1853 3718 1916 habui,

2119 1955 2322 2024 inquit,
2375 1953 2514 2022 apud
2560 1961 2649 2016 te,
2697 1950 2766 2002 da
2807 1949 2938 2002 mihi
2989 1948 3056 2002 ⁷³.
3107 1945 3223 2001 Νοη
3258 1947 3404 2009 enim
3458 1944 3720 2011 habes“)

2124 2047 2371 2111 Domine,
2408 2045 2553 2115 quod
2579 2041 2859 2098 habebas?
2883 2041 2987 2096 Sed
3016 2040 3140 2110 quia
3164 2080 3180 2106 ,
3206 2040 3418 2109 inquit,
3452 2039 3720 2092 absconsa

2120 2148 2206 2195 est
2235 2153 2349 2193 mea
2379 2136 2589 2206 species
2619 2153 2632 2188 :
2661 2133 2788 2203 quia
2821 2148 2926 2187 non
2960 2141 3179 2202 apparet
3220 2145 3337 2183 mea
3367 2127 3572 2200 gloria.
3598 2127 3720 2181 Cle-

2119 2230 2307 2298 riﬁca,
2339 2227 2556 2297 inquit,
2586 2237 2737 2280 tuum
2789 2223 2991 2278 Filium
3037 2223 3105 2277 ⁷⁸.
3166 2222 3233 2275 Et
3277 2222 3406 2290 quid
3440 2222 3723 2289 respondit

2118 2319 2318 2376 Pater?
2347 2317 2671 2387 Glori/‘icavi.
2701 2316 2757 2373 Si
2782 2315 2950 2386 igitur
2978 2313 3331 2384 gloriﬁcavit,
3357 2313 3494 2381 quid
3523 2313 3721 2376 quzrit

2121 2410 2454 2485 gloriticari?
2479 2409 2584 2465 Sed
2619 2409 2752 2463 dicit
2777 2408 2937 2462 Pater
2963 2447 2978 2471 ,
3021 2404 3088 2458 Et
3136 2408 3327 2458 iterum
3380 2402 3718 2473 gloriﬁsabo.

2121 2508 2178 2562 Si
2205 2505 2316 2575 jam
2341 2502 2680 2574 gloriﬁcasti,
2702 2501 2975 2572 quomodo
3007 2500 3201 2552 iterum
3227 2497 3509 2568 gloriﬁcas
3527 2496 3553 2549 ?
3581 2494 3721 2548 Num

2121 2597 2324 2662 addes,
2357 2597 2613 2664 quoniam
2640 2596 2709 2650 ab
2743 2594 2900 2648 initio
2941 2592 3217 2664 genuisti?
3244 2590 3358 2645 Non
3397 2588 3548 2643 addo
3585 2607 3599 2644 :
3631 2589 3722 2642 sed

2121 2700 2176 2748 et
2216 2706 2313 2762 per
2340 2704 2544 2760 corpus
2591 2688 2822 2745 ostendo
2871 2688 2976 2740 mei
3027 2685 3153 2739 Filii
3207 2683 3465 2755 gloriam.
3509 2681 3720 2742 Genui,

2120 2784 2464 2857 gloriﬁcavi,
2495 2792 2548 2839 et
2605 2783 2802 2838 iterum
2846 2781 3187 2852 gloriﬁcabo.
3236 2777 3463 2842 Palam,
3510 2776 3720 2844 inquit,

2121 2877 2265 2932 facio
2292 2877 2437 2944 quod
2485 2884 2605 2931 erat
2662 2876 3010 2929 absconsum.
3045 2871 3178 2926 Nam
3211 2879 3265 2924 et
3301 2867 3604 2939 Apostolus
3640 2865 3721 2917 di-

2121 2969 2196 3025 cit
2226 2987 2239 3024 :
2273 2966 2344 3022 Et
2364 2966 2772 3036 superexaltavit
2803 2981 2921 3019 eum
2942 3007 2956 3030 ,
2993 2973 3039 3016 et
3087 2963 3229 3016 dedit
3264 2963 3312 3015 ei
3342 2977 3540 3015 nomen
3582 2962 3720 3030 quod

2121 3070 2195 3115 est
2235 3076 2391 3131 super
2419 3075 2568 3114 omne
2596 3074 2784 3112 nomen
2834 3057 2904 3110 ⁷⁸.
2963 3054 3078 3110 Non
3141 3054 3429 3121 mercede,
3485 3064 3551 3108 ut
3600 3067 3720 3123 pote

436 3117 998 3221 Pf'l"e“‘_:__i_m"em"'
1027 3140 1215 3195 Pacem
1247 3141 1367 3221 ξιυὲ
1387 3127 1496 3221 mle
1524 3137 1603 3221 ei“
1623 3127 1767 3221 {‘79)‘
1900 3129 2022 3183 (Μ’
2047 3157 2090 3214 C
2121 3117 2462 3209 obedientite.
2493 3151 2766 3221 Scriptqu
2803 3150 2947 3205 enim
2989 3158 3071 3203 est
3111 3117 3574 3217 quemadmodum
3596 3117 3720 3200 obr-

439 3213 618 3282 gimus
654 3212 890 3281 Filium,
946 3230 1051 3270 non
1092 3226 1175 3271 est
1234 3217 1589 3274 dissensionis
1620 3219 1780 3274 Deus.
1838 3219 2017 3288 Nosti,

446 3305 579 3356 doce
615 3322 626 3356 :
659 3303 913 3374 ignoras,
964 3304 1212 3361 edocere.
1256 3306 1348 3361 Lis
1392 3312 1537 3362 enim
1592 3323 1768 3378 neque
1825 3312 2020 3380 docet,

446 3410 623 3464 neque
663 3396 912 3451 docetur.
965 3397 1120 3464 Quod
1173 3401 1617 3470 comprehendis,
1663 3401 1766 3456 hoc
1818 3417 2020 3470 quarre.

435 3485 722 3556 Invenisti,
755 3488 962 3559 gratias
995 3505 1114 3560 age.
1143 3489 1295 3546 Nosti
1319 3533 1335 3558 ,
1370 3493 1542 3547 trade.
1569 3493 1683 3564 Ego
1703 3503 1880 3548 autem
1907 3495 2022 3550 scio

432 3579 563 3648 quia
606 3580 807 3638 nescis.
843 3577 992 3636 Unde
1023 3581 1140 3636 scio
1183 3587 1306 3654 quia
1337 3599 1435 3654 ego
1481 3586 1683 3640 nescio.
1718 3585 1871 3642 Unde
1922 3587 2023 3642 hoc

434 3672 565 3741 quia
593 3671 801 3741 ignoro.
841 3671 1013 3727 Verax
1041 3673 1186 3728 enim
1223 3683 1309 3729 est
1344 3677 1436 3744 qui
1473 3676 1609 3730 dixit
1640 3694 1654 3731 :
1694 3673 1864 3731 Nemo
1921 3694 2016 3731 no-

433 3765 503 3817 vit
532 3764 600 3819 7°.
632 3765 938 3820 Secundum
971 3766 1128 3822 istam
1166 3767 1331 3837 igitur
1379 3783 1598 3833 vocem,
1657 3770 1835 3824 omnis
1894 3771 2019 3842 qui-

433 3872 647 3926 cunque
668 3874 728 3912 se
756 3859 886 3914 dicit
916 3860 1058 3914 scire
1083 3863 1365 3916 mentitur.
1395 3860 1502 3917 Sed
1537 3861 1677 3918 forte
1718 3865 1852 3920 dicis
1872 3905 1887 3931 ,
1927 3865 2022 3920 Dei

435 3965 656 4016 sumus,
686 3958 740 4005 et
789 3967 896 4007 non
947 3953 1151 4008 scimus
1200 3965 1463 4023 quantum
1514 3966 1569 4010 et
1621 3959 2019 4029 pertingimus:

437 4040 543 4094 hoc
569 4042 748 4096 solum
781 4045 908 4113 quia
939 4053 1023 4100 est
1054 4064 1070 4101 :
1108 4062 1214 4101 non
1248 4057 1426 4101 tamen
1460 4048 1636 4117 qualis
1679 4058 1731 4102 et
1759 4060 2019 4120 quantum

433 4141 539 4187 est.
567 4133 702 4202 Quia
732 4135 898 4206 igitur
927 4147 1047 4203 est,
1071 4138 1306 4205 scimus;
1341 4153 1446 4192 non
1474 4149 1650 4194 tamen
1680 4142 1874 4210 qualis.
1904 4141 2020 4196 Non

432 4226 578 4278 enim
608 4237 850 4280 nostrum
889 4237 972 4281 est
1005 4243 1321 4283 mensurare
1345 4231 1838 4286 immensurahilem
1868 4249 1882 4285 :
1915 4249 2018 4288 non

434 4325 678 4370 nostrum
727 4319 1184 4388 comprehendere
1219 4321 1842 4392 incomprehensibilem.
1881 4323 2017 4379 Cum

433 4407 579 4463 enim
614 4411 876 4488 memoria
909 4411 976 4466 de
1030 4412 1139 4467 Deo
1186 4421 1304 4481 est,
1343 4429 1496 4469 mens
1560 4415 1811 4485 religiosa
1849 4415 2022 4471 intre-

2125 3243 2263 3300 divit
2291 3260 2465 3314 usque
2490 3245 2556 3298 ad
2586 3252 2819 3297 mortem
2845 3281 2861 3307 ,
2903 3249 3134 3296 mortem
3187 3248 3364 3293 autem
3398 3239 3610 3294 crucis.
3659 3236 3718 3289 Et

2123 3338 2247 3394 ideo
2270 3379 2284 3400 ,
2313 3338 2520 3407 inquit,
2551 3337 2693 3391 Deus
2719 3332 3148 3403 supercxaltavit
3168 3347 3315 3386 eum.
3347 3331 3407 3383 Si
3455 3332 3590 3399 quis
3623 3346 3714 3382 au-

2123 3439 2230 3484 tem
2257 3429 2390 3482 dure
2416 3429 2607 3497 legerit
2629 3440 2941 3488 sermones,
2975 3422 3114 3478 forte
3147 3420 3359 3491 putabit
3411 3421 3582 3474 istam
3635 3435 3718 3473 su-

2121 3519 2604 3592 perexaltationem
2639 3517 2946 3572 mercedem
2975 3529 3099 3570 esse
3131 3512 3481 3568 obedientize.
3513 3512 3594 3566 lta
3627 3528 3718 3581 pu-

2123 3621 2208 3667 tas
2228 3651 2245 3678 ,
2272 3613 2365 3666 sed
2401 3627 2507 3666 non
2533 3620 2584 3664 te
2611 3611 2889 3680 permittat
2922 3608 2995 3662 ita
3023 3607 3228 3661 sentire
3257 3607 3348 3675 qui
3384 3606 3506 3660 haec
3561 3604 3718 3660 dixit.

2122 3703 2213 3758 Ait
2237 3702 2386 3757 enim
2419 3720 2432 3756 :
2469 3701 2574 3766 Qui
2603 3701 2876 3765 ascendit,
2906 3701 3014 3768 ipse
3037 3708 3184 3753 estet
3212 3699 3301 3768 qui
3330 3700 3610 3752 descendit
3651 3699 3715 3751 τε.

2124 3794 2267 3864 Ergo
2287 3795 2691 3848 exaltaviteum
2720 3793 2810 3862 qui
2849 3793 3152 3850 descendit.
3181 3791 3297 3846 Non
3343 3799 3532 3846 tamen
3568 3812 3596 3845 a
3631 3793 3719 3845 de-

2122 3901 2307 3941 orsum
2335 3901 2556 3940 sursum
2590 3884 2838 3938 adduxit.
2873 3883 2981 3938 Sed
3009 3899 3132 3938 eum
3163 3883 3254 3952 qui
3282 3884 3572 3937 descendit
3594 3925 3609 3947 ,
3631 3883 3720 3937 ἰτε-

2124 3993 2244 4031 rum
2296 3990 2516 4030 sursum
2575 3975 2896 4044 assumpsit.
2948 3974 3166 4028 Assumi
3223 3972 3377 4038 dico,
3430 3989 3546 4027 non
3596 3975 3715 4042 quia

2123 4065 2358 4121 mundus
2408 4065 2752 4121 fraudabitur
2815 4081 2845 4120 a
2901 4066 3192 4137 praesentia
3246 4065 3544 4133 unigeniti.
3607 4067 3714 4120 Non

2121 4166 2301 4228 potest
2339 4159 2574 4214 mundus
2626 4159 2743 4214 sine
2777 4158 3139 4228 gubernatore
3184 4142 3421 4222 salvari,
3468 4174 3582 4210 non
3629 4173 3718 4224 po-

2124 4251 2230 4297 test
2289 4243 2522 4298 mundus
2575 4252 2724 4298 stare
2770 4245 2815 4298 si
2865 4245 3151 4298 recesserit
3202 4242 3544 4313 unigenitus.
3615 4241 3716 4294 Sed

2121 4330 2262 4388 forte
2293 4334 2427 4388 dicis
2468 4353 2481 4388 :
2527 4332 2645 4388 Non
2691 4332 2894 4389 sufﬁcit
2947 4334 3091 4389 enim
3137 4333 3345 4388 Pater?
3400 4331 3525 4387 Non
3587 4336 3710 4402 quia

2122 4440 2230 4480 non
2262 4424 2560 4480 sufﬁciebat
2589 4425 2774 4492 Pater,
2805 4426 2928 4480 ideo
2957 4426 3144 4496 genuit
3182 4424 3376 4480 Filium
3421 4443 3434 4478 :
3464 4427 3564 4479 sed
3594 4427 3715 4495 quia

430 4500 1054 4556 mescat:intremescat
1081 4511 1136 4556 et
1155 4501 1492 4570 lingua.Non
1521 4504 1646 4573 quia
1665 4505 1831 4560 durus
1853 4506 2017 4574 Deus,
2050 4519 2095 4576 ι)
2124 4531 2230 4570 non
2281 4513 2621 4571 sumciebant
2669 4531 2732 4571 ea
2783 4531 2904 4586 quae
2955 4516 3096 4570 facta
3143 4526 3270 4572 sunt
3315 4513 3554 4572 suﬂ‘erre
3613 4531 3712 4570 non

430 4595 525 4644 scd
548 4590 972 4660 supereminenti
991 4591 1232 4646 bonitate
1256 4602 1342 4647 est
1380 4594 1671 4650 timendus.
1693 4594 1785 4650 Sol
1811 4597 1912 4652 iste
1929 4599 2023 4652 ob—

428 4681 851 4749 scuratoculos,
882 4699 990 4739 non
1015 4687 1142 4756 quia
1176 4685 1466 4751 obscurus,
1501 4687 1598 4741 sed
1629 4687 1755 4756 quia
1789 4688 2019 4745 multum

427 4784 514 4830 est
539 4775 741 4831 clarus.
761 4775 981 4831 EtDcus
1010 4776 1304 4843 timendus,
1323 4777 1449 4846 quia
1471 4776 1695 4832 multum
1720 4789 1802 4833 est
1820 4777 2014 4834 bonus.

427 4869 621 4938 Cogita
655 4869 796 4940 apud
829 4877 880 4925 te
924 4869 1019 4940 qui
1067 4868 1143 4924 sis
1175 4869 1417 4925 humilis.
1463 4869 1580 4926 Non
1623 4872 1767 4924 enim
1815 4873 2016 4926 audisti

430 4971 558 5010 cum
588 4956 856 5013 dicentem
893 4976 909 5014 :
941 4956 1045 5012 Vos
1071 4973 1136 5012 ea:
1158 4957 1496 5027 inferioribus
1523 4962 1647 5015 estis
1670 5001 1685 5026 ,
1715 4977 1808 5031 ego
1842 4972 2016 5016 autem

431 5052 497 5102 de
526 5051 881 5119 superioribus
926 5066 1045 5105 sum
1097 5049 1192 5103 "'?
1238 5049 1372 5105 Nam
1428 5062 1685 5122 quantum
1733 5052 1928 5107 coelum
1989 5069 2019 5108 a

435 5152 581 5196 terra
613 5142 813 5210 distat,
845 5153 1053 5198 tantum
1085 5153 1136 5200 et
1171 5160 1200 5198 a
1233 5145 1389 5200 nobis
1416 5145 1576 5200 Deus.
1607 5144 1675 5198 Et
1708 5153 1857 5199 certe
1877 5146 2022 5200 scri-

433 5245 584 5304 ptum
613 5245 730 5290 est:
765 5235 1033 5301 Quantum
1074 5237 1233 5291 distat
1287 5235 1472 5291 caelum
1501 5254 1534 5290 a
1579 5247 1755 5302 terra,
1811 5248 2015 5291 tantum

435 5329 534 5382 vita
557 5346 685 5385 mea:
716 5348 748 5383 a
779 5331 871 5384 viis
901 5331 1082 5385 vestris
1110 5331 1178 5383 ".
1213 5327 1286 5384 Ut
1312 5329 1381 5384 ad
1426 5345 1527 5384 nos
1573 5343 1672 5384 vox
1703 5327 1818 5381 haec
1871 5329 2014 5382 dicta

507 5427 555 5460 '°
581 5424 739 5480 Joan.
772 5445 807 5492 ι,
836 5425 923 5480 18.
998 5426 1042 5458 τί
1089 5423 1245 5480 Joan.
1276 5441 1393 5491 vm,
1430 5424 1521 5480 Ξῖ).

436 5497 485 5529 ’⁸
515 5497 713 5567 Ερυιηε.
758 5514 832 5563 ιν,
860 5497 950 5552 10.

510 5639 623 5709 ('79)
650 5641 750 5696 Ms.
795 5641 924 5705 Qua:
947 5642 1054 5696 illis
1090 5652 1187 5696 est.

510 5713 624 5778 (80)
650 5712 1051 5777 Relinquantur.
1101 5711 1498 5775 Ἀπολεέπεται,
1527 5720 1867 5779 superantur.

513 5784 624 5851 (8|)
655 5780 758 5834 Uni
790 5795 910 5835 mtto
947 5799 1048 5836 non
1094 5786 1250 5836 cedit.
1301 5784 1610 5851 Lugendum
1666 5784 1879 5836 videtur
1925 5785 2014 5835 uni

1635 5423 1681 5455 ⁷⁸
1718 5422 1826 5478 lsa.
1855 5439 1956 5490 Lv,
1985 5422 2037 5479 9.

2121 4607 2238 4663 nati
2273 4607 2552 4674 virtutem,
2596 4607 2720 4663 ideo
2748 4623 2848 4679 per
2877 4610 3232 4664 mediatorem
3275 4609 3545 4678 loquitur.
3576 4607 3714 4676 Qua—

2121 4712 2185 4753 re
2221 4715 2236 4754 :
2273 4698 2365 4768 qui
2395 4697 2508 4769 (82)
2540 4715 2645 4754 non
2673 4709 2986 4767 poteramus
3019 4700 3384 4771 pr0pinquare
3405 4715 3517 4755 non
3549 4711 3710 4756 noto:

2124 4805 2220 4860 per
2255 4791 2395 4844 viam
2447 4792 2612 4862 igitur
2646 4792 2919 4856 hortatur,
2957 4802 3015 4846 et
3063 4808 3157 4864 per
3183 4792 3408 4860 jauuam
3442 4803 3631 4860 vocat,
3661 4802 3712 4847 et

2121 4894 2220 4948 per
2251 4878 2433 4935 lumen
2481 4882 2722 4936 adducit.
2777 4882 3043 4937 Mediator
3082 4895 3262 4936 autem
3296 4881 3494 4950 Filius,
3529 4893 3586 4939 et
3619 4898 3709 4954 po-

2128 4968 2277 5021 nitur
2300 4967 2385 5022 lex
2412 4987 2425 5024 :
2466 4971 2736 5026 mediator
2765 4969 2958 5036 Filius,
2988 4981 3044 5026 et
3066 4971 3365 5040 loquuntur
3391 4975 3707 5044 propheta:

2127 5059 2399 5115 mediator
2444 5060 2635 5128 Filius,
2690 5073 2744 5118 et
2781 5064 3104 5134 praedicatur
3147 5061 3564 5120 Testamentum
3604 5064 3708 5119 No-

2128 5168 2252 5206 vum
2282 5167 2340 5208 et
2387 5155 2645 5226 impletur
2690 5155 2857 5211 Vetus
2898 5177 2910 5212 :
2961 5157 3228 5211 mediator
3258 5156 3454 5221 Filius,
3485 5169 3546 5212 et
3582 5158 3711 5212 ﬁunt

2126 5243 2298 5313 angeli
2327 5264 2340 5300 :
2375 5247 2644 5301 mediator
2693 5247 2883 5312 Itilius,
2938 5255 2995 5301 et
3050 5255 3310 5300 creantur
3338 5248 3660 5318 archangeli
3692 5267 3706 5300 :

2124 5338 2392 5393 mediator
2420 5339 2618 5406 Filius,
2665 5349 2722 5394 et
2765 5351 2987 5394 creator
3035 5340 3213 5393 omnis
3248 5349 3485 5403 natur-.c,
3525 5352 3581 5395 et
3612 5357 3708 5410 gu—

2116 5429 2162 5460 ⁷³
2195 5431 2350 5488 Joan.
2383 5451 2493 5489 xvn
2518 5475 2533 5503 ,
2580 5436 2634 5490 5.
2712 5434 2758 5466 ⁷⁸
2790 5433 2944 5489 Joan.
2979 5448 3088 5498 sit,
3110 5432 3198 5488 ‘28.
3231 5434 3276 5464 ⁷⁵
3309 5433 3508 5505 Philip.
3543 5451 3621 5501 ιι,
3653 5435 3703 5488 9.

2125 5660 2225 5697 non
2252 5653 2376 5698 nato
2404 5646 2556 5698 cedit.

2192 5717 2301 5786 (8‘2)
2331 5716 2505 5781 Quare
2537 5732 2552 5768 :
2586 5714 2698 5784 qui,
2743 5713 2783 5780 Ῑ.
2813 5713 3013 5782 quare?
3042 5711 3186 5782 quia,
3230 5721 3335 5769 etc.
