3810 6218
97 351 252 408 1057

958 336 1046 391 DE
1085 333 1239 390 FIDE
1278 280 1651 388 ADVERSUS
1695 328 2106 384 SABELLIUM.
2142 357 2209 367 —-
2247 327 2377 381 LIB.
2414 324 2485 379 l.‘

3232 318 3374 377 1058

82 474 387 532 liemator,
416 475 471 522 et
502 462 762 520 salvator.
793 457 910 514 Non
942 459 1089 513 enim
1125 455 1334 510 creavit
1355 462 1409 508 et
1439 452 1683 506 dimisit:
1718 455 1760 510 Α
1791 450 2047 517 quinetur
2082 446 2217 516 (83).
2252 445 2365 501 Viri
2399 454 2459 497 ut
2497 457 2618 497 sese
2643 442 2754 512 jam
2786 456 2891 495 non
2935 438 3175 494 incidant
3207 455 3220 490 :
3253 454 3376 490 mu-

82 566 225 633 quia
264 578 369 616 non
411 560 530 615 sine
572 554 912 628 providentia
946 558 1074 605 sunt
1114 564 1234 617 quae
1263 556 1410 602 sunt.
1451 543 1569 598 Non
1598 553 1684 596 est

86 656 359 722 tatigatus
384 649 610 704 faciens.
632 644 828 713 Neque
856 652 916 696 ut
940 638 1204 701 volatilia,
1235 646 1293 690 ut
1319 637 1491 705 pisces
1517 645 1684 703 gene-

92 755 232 799 rant
274 742 519 813 quidem,
545 737 862 805 relinquunt
890 742 1094 787 autem.
1145 729 1210 783 Et
1238 738 1388 782 certe
1439 740 1539 780 nec
1581 724 1682 777 ista

90 842 369 907 generant
416 840 472 886 et
506 828 788 883 dimittunt
826 843 840 881 :
885 823 980 880 sed
1023 822 1226 877 habent
1255 816 1598 889 diligentiam
1631 820 1688 866 et

89 934 357 998 pascunt.
396 924 455 977 Si
490 921 656 993 igitur
692 920 796 975 ista
834 919 931 980 ita,
966 915 1138 969 multo
1177 911 1349 981 magis
1384 924 1483 978 per
1522 922 1684 977 quem

94 1027 291 1073 creata
321 1023 447 1070 sunt
476 1012 680 1075 omnia,
701 1024 798 1080 per
832 1008 997 1062 istum
1021 1004 1203 1058 omnia
1232 1010 1287 1057 et
1315 1001 1689 1070 gubernantur

94 1120 156 1164 et
204 1114 506 1177 pascuntur
552 1120 566 1157 :
613 1116 720 1156 non
753 1106 983 1153 vacante
1028 1095 1213 1158 Patre,
1242 1095 1335 1147 sed
1367 1097 1684 1145 annuente:

96 1208 389 1256 annuente
435 1206 643 1260 autem,
677 1208 782 1247 non
827 1190 1023 1254 oculis,
1074 1189 1167 1241 sed
1204 1196 1262 1239 ut
1299 1187 1455 1239 decet
1505 1183 1688 1234 incor-

101 1291 379 1363 poralem,
412 1290 485 1343 ita
511 1286 701 1341 annuit
733 1296 791 1339 ut
826 1283 925 1351 ipsi
956 1284 1212 1334 decorum
1248 1285 1348 1330 est.
1391 1273 1563 1327 Filius
1589 1286 1687 1323 au-

100 1393 218 1439 tem
254 1379 504 1451 agnoscit
537 1388 595 1432 ut
629 1377 825 1432 Filium
872 1377 1027 1428 decet
1060 1390 1074 1425 :
1122 1384 1287 1437 opera
1332 1374 1512 1420 autem
1554 1362 1692 1415 ﬁunt

106 1484 171 1528 ut
200 1474 365 1528 Pater
391 1473 531 1535 vult,
568 1480 621 1524 et
653 1468 824 1522 Filius
851 1466 1149 1519 ministrat.
1179 1460 1307 1515 llaec
1343 1474 1442 1512 nos
1472 1464 1691 1524 oporte-

106 1572 205 1622 bat
255 1566 459 1620 dicere.
499 1563 612 1617 lmo
645 1576 837 1616 omnes
868 1574 934 1614 ex
973 1556 1273 1625 Scripturis
1317 1552 1521 1621 legere.
1559 1546 1691 1613 Quis

102 1660 259 1714 enim
288 1672 407 1711 sum
441 1658 578 1727 ego?
610 1654 738 1723 quid
770 1652 944 1707 habeo
970 1648 1112 1719 quod
1147 1662 1250 1701 non
1304 1641 1531 1711 accepi?
1565 1638 1693 1694 Om-

106 1753 203 1806 nia
233 1750 380 1805 euim
419 1751 485 1803 ab
516 1762 644 1811 uno,
675 1755 727 1800 et
760 1758 855 1813 per
894 1756 1057 1796 unum
1094 1750 1260 1804 sunt;
1304 1744 1359 1789 et
1396 1748 1518 1803 quae
1552 1731 1691 1785 facta

1792 540 1957 593 lieres
1986 547 2043 592 ut
2075 553 2183 591 non
2209 536 2277 590 ad
2304 534 2560 604 iniuriam
2594 533 2941 587 deludantur.
2981 530 3167 593 Tauri,
3194 527 3373 595 vituli,

1790 638 1850 684 ut
1904 644 2010 684 non
2043 630 2195 682 varie
2242 625 2635 680 comburantur
2682 623 2817 693 (84).
2880 623 3096 684 Vinum,
3149 629 3207 672 ut
3265 634 3374 672 non

1792 723 1910 779 sine
1939 737 2105 776 causa
2135 720 2359 774 libetur.
2392 717 2587 780 Terra,
2634 731 2805 781 mare,
2839 723 2899 767 ut
2938 730 3043 767 non
3075 709 3376 765 immutatis

1792 811 2106 867 nominibus
2139 810 2438 864 adorentur
2485 825 2498 863 :
2545 807 2721 862 omnis
2765 805 2909 858 enim
2957 812 3153 857 natura
3187 812 3377 855 conta-

1795 905 1999 957 minata
2056 910 2189 956 est:
2240 901 2419 955 omnis
2479 908 2735 954 creatura
2794 894 3065 950 deificata.
3122 891 3228 945 Sed
3267 905 3372 943 non

1793 993 2045 1063 despexit
2096 993 2141 1046 is
2171 1007 2267 1061 per
2300 1006 2459 1061 quem
2516 998 2572 1045 et
2622 989 2765 1043 facta
2813 996 2961 1041 sunt.
3019 984 3181 1041 Venit
3227 982 3373 1036 enim

1794 1086 1885 1156 qui
1937 1085 2281 1153 contingeret
2334 1097 2484 1137 sua:
2534 1081 2679 1135 venit
2734 1080 2825 1148 qui
2875 1078 3072 1132 malum
3104 1090 3374 1130 venenmn

1796 1177 2036 1232 auferret
2078 1192 2093 1230 :
2138 1177 2285 1230 venit
2331 1176 2503 1243 ipsius
2560 1176 2685 1227 vitae
2739 1172 3100 1227 medicamen.
3131 1170 3376 1224 Mortuus

1794 1279 1876 1325 est
1909 1279 1964 1322 ut
1984 1268 2261 1322 occideret
2310 1275 2542 1319 mortem
2572 1281 2587 1319 :
2615 1265 3010 1319 condemnatus
3036 1271 3119 1316 est
3153 1272 3210 1313 ut
3240 1273 3376 1312 con-

1795 1363 2081 1416 demnaret
2108 1357 2500 1426 corruptelam.
2531 1356 2839 1410 Coronatus
2868 1364 2951 1409 est
2980 1354 3169 1421 spinis,
3192 1362 3250 1405 ut
3275 1364 3376 1404 nos

1796 1469 1902 1507 non
1960 1451 2284 1505 haberemus
2335 1449 2521 1519 spinas
2560 1466 2573 1501 :
2615 1446 2853 1515 suscepit
2907 1444 3248 1498 maledictum
3283 1455 3377 1509 per

1796 1560 2034 1608 crucem,
2081 1552 2138 1596 ut
2172 1558 2272 1596 nos
2318 1542 2719 1608 susciperemus
2754 1539 3187 1593 benedictionem
3225 1549 3378 1586 mun-

1798 1637 1940 1690 dam.
1977 1633 2092 1688 Non
2125 1648 2346 1703 possum
2375 1633 2556 1686 dicere
2580 1640 2840 1700 quantum
2872 1629 3043 1698 sapio.
3080 1626 3193 1680 Non
3245 1639 3367 1693 pos-

1799 1744 1917 1783 sum
1971 1742 2164 1797 sapere
2223 1737 2483 1795 quantum
2554 1723 2809 1793 possibile
2861 1731 2964 1776 est.
3033 1719 3088 1774 Si
3145 1730 3377 1786 sapuero

109 1853 267 1905 sunt,
298 1850 352 1895 et
397 1854 519 1909 qua:
551 1848 699 1891 recte
733 1837 1011 1890 dicuntur.
1053 1830 1263 1897 Quanta
1306 1841 1439 1882 sane
1476 1822 1693 1879 miseri-
1726 1841 1768 1896 Β
1799 1829 2065 1889 quantum
2124 1817 2380 1887 possibile
2429 1824 2545 1880 est,
2603 1830 2708 1868 non
2772 1798 3031 1884 pervenio
3084 1820 3143 1864 ut
3200 1808 3376 1862 dicam

109 1935 307 1990 cordia
356 1942 439 1987 est
490 1930 622 1984 Dei?
665 1929 850 1997 genuit
900 1925 1120 1991 Filium,
1166 1923 1291 1992 quia
1335 1921 1511 1973 bonus
1554 1925 1638 1971 est
1675 1934 1687 1969 :

110 2024 329 2080 creavit
361 2024 616 2078 universa
672 2037 766 2089 per
817 2020 1016 2088 ipsum,
1062 2017 1189 2085 quia
1240 2012 1556 2068 benefactor
1586 2016 1691 2064 est.

110 2117 435 2173 Erravimus
461 2126 516 2169 et
547 2130 650 2167 non
678 2112 949 2182 despexit,
975 2109 1284 2165 cecidimus
1315 2115 1370 2160 et
1392 2120 1497 2157 non
1541 2115 1694 2171 spre-

110 2214 224 2277 vit,
258 2212 349 2266 sed
384 2211 531 2264 misit
571 2206 767 2261 Filium
816 2220 974 2260 suum
1013 2202 1382 2262 obedientem,
1420 2205 1479 2249 ut
1523 2194 1697 2249 salva-

114 2314 209 2360 ret
260 2302 529 2357 hominem
562 2297 986 2352 inobedientem.
1030 2293 1175 2348 Misit
1208 2292 1337 2367 ‘sine
1370 2297 1611 2358 peccato,
1639 2294 1699 2339 ut

117 2402 410 2449 revocaret
439 2405 561 2444 eum
592 2389 685 2459 qui
714 2394 1035 2458 peccaverat
1064 2402 1078 2438 :
1120 2366 1267 2437 misit
1304 2366 1501 2435 Filium
1540 2392 1696 2432 suum

116 2486 414 2541 facientem
464 2482 681 2552 placita,
737 2488 795 2533 ut
825 2478 1064 2533 salvaret
1098 2489 1313 2530 servum
1345 2471 1569 2527 obedire
1604 2484 1701 2522 no-

116 2579 352 2633 lentem.
389 2576 533 2629 Misit
570 2571 860 2642 justitiam,
908 2578 967 2623 ut
1001 2567 1312 2622 auferretur
1359 2572 1643 2634 peccatum
1681 2578 1695 2615 :

118 2670 282 2725 misit
309 2668 500 2727 vitam,
532 2676 589 2719 ut
620 2678 766 2718 mors
808 2670 1137 2716 moreretur.
1177 2656 1324 2711 Misit
1356 2656 1444 2724 qui
1482 2671 1509 2708 a
1538 2669 1620 2718 se,
1644 2661 1703 2707 ut

118 2762 475 2819 salvarentur
498 2758 586 2828 qui
615 2764 771 2809 erant
802 2769 868 2808 ex
900 2752 1139 2806 homine.
1174 2748 1318 2803 Misit
1356 2762 1479 2801 eum
1507 2746 1599 2815 qui
1633 2759 1701 2798 ex

122 2853 377 2922 Virgine,
417 2858 474 2903 ut
522 2846 863 2901 salvarentur
905 2843 940 2897 ii
988 2842 1079 2911 qui
1116 2854 1184 2896 ex
1214 2838 1441 2892 muliere
1486 2836 1703 2890 fuerant

122 2944 351 3015 perditi.
399 2941 542 2995 Misit
577 2941 628 2993 in
668 2939 840 3009 ﬁgura
881 2935 1011 2999 viri,
1046 2941 1102 2986 ut
1148 2932 1452 2987 salvaretur
1484 2927 1574 2998 qui
1609 2942 1705 2996 pe-

124 3038 306 3089 rierat
346 3032 452 3085 vir.
484 3031 619 3085 Cum
669 3024 975 3082 latronibus
1010 3023 1193 3094 figitur
1231 3020 1401 3084 cruci,
1435 3028 1496 3072 ut
1542 3032 1705 3087 para-

122 3129 285 3181 disus
325 3134 378 3179 et
409 3119 717 3177 latronibus
764 3117 1086 3187 aperiretur.
1122 3113 1312 3184 Cogita
1362 3111 1703 3181 dignitatem,

1800 1922 2035 1983 quantus
2065 1921 2171 1966 est.
2201 1909 2588 1964 luenarrabilis
2619 1908 2762 1961 enim
2813 1915 2868 1959 et
2916 1899 3379 1972 incomprehensi-

1802 2007 1927 2062 bilis
1953 2004 2113 2059 Patcr
2140 2014 2247 2059 est.
2274 2000 2423 2055 Talis
2449 2011 2632 2053 autem
2662 2010 2714 2054 et
2762 1998 2934 2053 Filius
2965 1996 3132 2065 ipsius
3176 1994 3375 2048 Patris.

1804 2099 1861 2155 Si
1887 2098 2031 2152 enim
2070 2096 2140 2151 ob
2171 2095 2251 2149 sui
2285 2093 2713 2148 misericordiam
2748 2106 2844 2144 nos
2871 2089 3182 2157 assumpsit,
3234 2088 3376 2140 inte-

1803 2187 2003 2240 rimere
2034 2199 2156 2238 eum
2185 2182 2443 2236 debemus
2467 2182 2557 2252 qui
2585 2196 2680 2234 nos
2712 2180 2927 2234 salvat?
2955 2179 3081 2248 quid
3116 2179 3221 2233 hoc
3250 2176 3378 2231 mali

1804 2289 1886 2334 est
1920 2278 1991 2331 ita
2042 2276 2289 2331 homines
2323 2274 2390 2327 de
2417 2273 2556 2327 Filio
2587 2271 2828 2326 sentire?
2885 2269 3099 2323 Maneat
3133 2279 3191 2321 ut
3237 2277 3375 2332 erat,

1804 2379 1860 2423 et
1905 2369 1958 2421 in
2003 2378 2232 2431 corpore
2265 2374 2319 2417 et
2357 2364 2409 2415 in
2445 2360 2709 2430 prmsepio
2755 2378 2769 2415 :
2810 2360 2940 2413 nihil
2987 2358 3189 2412 humile
3221 2357 3286 2412 de
3313 2371 3379 2412 eo

1806 2459 2033 2522 sentias,
2063 2457 2152 2525 qui
2192 2467 2242 2509 te
2269 2453 2548 2518 exaltavit,
2594 2450 2727 2505 nihil
2759 2450 3029 2518 abjectum
3069 2458 3163 2502 aut
3193 2448 3382 2502 incon-

1808 2585 2024 2642 gruum.
2058 2566 2175 2620 Noli
2208 2578 2466 2635 Spernere
2497 2562 2837 2617 Salvatorem
2871 2570 3041 2613 tuum.
3072 2558 3128 2613 Si
3160 2558 3381 2628 quidem

1809 2662 2022 2718 etiamsi
2052 2661 2217 2714 verbo
2262 2673 2384 2712 eum
2433 2654 2721 2710 bumiliare
2761 2652 3015 2714 volueris,
3049 2662 3240 2704 natura
3275 2666 3382 2704 non

1812 2753 2142 2809 transfertur
2171 2751 2238 2805 ad
2289 2759 2431 2802 tuam
2484 2748 2743 2816 linguam.
2794 2746 2851 2799 Si
2888 2752 3067 2797 autem
3113 2752 3166 2796 et
3217 2743 3386 2796 abne-

1810 2843 2121 2916 gaverimus
2149 2854 2293 2904 eum,
2330 2840 2443 2905 ipse
2474 2837 2646 2891 ﬁdelis
2678 2844 2859 2889 manet
2886 2843 2941 2888 et
2972 2850 3169 2905 negare
3194 2847 3252 2887 se
3275 2846 3384 2887 non

1812 2944 1991 3009 potest
2021 2954 2035 2991 :
2069 2936 2171 2989 boc
2197 2943 2304 2999 est,
2346 2948 2374 2985 a
2399 2930 2618 3000 propria
2656 2941 2847 2983 natura
2881 2943 2985 2983 non
3021 2927 3247 2982 excidit.
3276 2925 3384 2981 lste

1812 3030 1969 3086 nobis
2012 3029 2176 3083 Pater
2205 3042 2309 3080 non
2346 3034 2504 3079 natus
2548 3032 2655 3088 est,
2685 3036 2823 3076 unus
2865 3021 3013 3077 solus
3043 3037 3148 3075 non
3199 3029 3381 3086 natus,

1816 3136 1919 3174 non
1954 3120 2020 3173 ab
2051 3118 2177 3181 alio,
2213 3131 2311 3171 nec
2343 3129 2411 3170 ex
2440 3114 2566 3167 alio.
2613 3111 2765 3181 Saepe
2795 3111 2917 3165 dico
2958 3112 3165 3165 eadem.
3198 3109 3384 3178 Siqui-

122 3232 182 3275 et
209 3219 419 3273 asstima
448 3210 877 3285 magnitudinem
903 3209 1108 3279 gratiae.
1128 3206 1207 3260 Me
1225 3206 1369 3259 enim
1391 3220 1451 3257 ex
1484 3202 1710 3256 muliere
1737 3197 1779 3255 C
1813 3212 1931 3266 dem
1964 3218 2017 3264 ει
2041 3207 2277 3263 Joannes
2307 3206 2397 3275 qui
2430 3207 2495 3258 de
2523 3202 2663 3258 Filio
2687 3203 2828 3257 dixit
2853 3203 2908 3256 ξη
2947 3202 3206 3270 prim-5950
3245 3210 3384 3265 εγω,

126 3310 307 3370 nasci,
337 3317 431 3361 aut
480 3316 551 3369 te,
598 3319 704 3358 non
742 3316 902 3371 supra
949 3308 1200 3351 naturain
1237 3303 1339 3349 est.
1385 3292 1712 3345 Manducare

126 3410 229 3456 aut
257 3402 459 3461 bibere,
482 3397 722 3452 dormire
748 3404 798 3447 et
835 3404 1078 3460 surgere,
1098 3400 1150 3441 et
1184 3387 1236 3440 in
1270 3384 1533 3455 praesepio
1559 3381 1709 3452 poni,

129 3495 270 3550 nihil
297 3492 418 3548 novi
444 3492 487 3546 si
528 3489 775 3544 homines
803 3500 864 3538 ea
887 3499 1007 3553 qua:
1029 3492 1156 3538 sunt
1189 3480 1464 3535 hominum
1491 3476 1711 3545 patiun-

131 3601 246 3642 tur.
280 3587 417 3652 Quid
442 3593 621 3638 autem
650 3597 872 3642 novum,
896 3579 1025 3647 quid
1050 3572 1387 3635 admirabile,
1414 3568 1543 3638 quid
1572 3582 1709 3636 prae-

128 3681 382 3749 cipuum,
420 3677 552 3747 quid
595 3685 839 3729 nostrum
868 3672 1108 3725 debitum
1142 3662 1533 3734 irrepeusabile
1565 3658 1713 3712 Deo?

133 3773 240 3840 Qui
284 3772 427 3825 misit
462 3771 601 3824 Deus
632 3766 829 3820 Filium
861 3777 1043 3825 suum,
1077 3760 1225 3813 misit
1252 3758 1420 3812 Pater.
1455 3751 1714 3821 Unigeni-

134 3879 278 3931 tum,
317 3865 464 3918 misit
493 3877 597 3915 non
631 3869 791 3913 natus
821 3854 1158 3926 progeniem,
1198 3849 1343 3903 misit
1370 3846 1711 3901 obedientem

137 3964 342 4023 bonus,
378 3955 530 4010 misit
568 3952 836 4022 justitiam
879 3949 971 4018 qui
1000 3946 1202 4015 genuit.
1232 3941 1344 3998 Cur
1373 3937 1557 3994 misit?
1590 3950 1715 4005 pro-

134 4061 263 4122 pter
318 4057 655 4119 peccatores.
712 4041 822 4097 Cur
871 4038 1061 4093 misit?
1112 4045 1334 4105 propter
1387 4032 1560 4085 Adam
1621 4026 1714 4096 qui

136 4120 457 4199 inandatum
493 4138 839 4207 contempsit.
870 4132 1034 4188 Venit
1062 4144 1193 4199 ergo
1230 4127 1321 4197 qui
1373 4123 1610 4180 obedivit
1647 4120 1715 4174 ad

139 4239 261 4292 [nec
296 4252 310 4287 :
346 4245 403 4288 et
435 4232 712 4302 judicatur
738 4228 904 4296 judex
933 4226 1001 4279 ob
1030 4223 1450 4278 condemnatum
1485 4232 1500 4269 :
1540 4211 1716 4267 cruci-

140 4330 331 4399 ﬁgitur
357 4326 463 4380 vita
485 4340 583 4395 pro
610 4332 823 4376 mortuo
856 4337 868 4372 :
892 4324 1191 4372 coronatur
1213 4309 1383 4380 spinis
1408 4306 1711 4377 gloriosus:

140 4388 283 4477 bibit
318 4416 409 4481 fel,
444 4388 563 4469 fons
601 4413 794 4467 dulcis.
827 4408 966 4475 Quid
1019 4402 1356 4460 inveniemus
1399 4399 1466 4451 ad
1517 4388 1763 4465 Μᾶρκε-ί

1811 3317 1921 3357 ηοιι
1977 3301 2164 3367 tacuit,
2212 3298 2307 3353 sed
2354 3296 2667 3366 frequenter
2724 3296 2825 3359 ait,
2880 3294 3033 3347 Erat.
3063 3294 3201 3360 Quid
3242 3294 3387 3347 enim

1811 3391 1957 3445 aliud
2008 3401 2063 3445 et
2118 3387 2339 3443 deberet
2391 3385 2539 3441 dici?
2586 3383 2791 3438 Domus
2852 3382 2982 3436 Dei?
3027 3384 3388 3452 quodcunque

1811 3480 2110 3535 dixerimus
2142 3486 2246 3544 est,
2276 3477 2419 3545 quod
2452 3491 2559 3530 non
2594 3475 2660 3529 de
2689 3472 2828 3529 Filio
2851 3484 2932 3527 est
2962 3490 2975 3526 :
3003 3473 3236 3526 alienum
3269 3472 3385 3542 (85)

1813 3589 1843 3628 a
1874 3575 1962 3628 die
1987 3582 2088 3627 est.
2140 3571 2377 3639 Spiritus
2422 3569 2475 3623 in
2525 3569 2704 3624 medio
2747 3576 2991 3621 nostrum
3023 3575 3106 3620 est
3141 3581 3156 3617 :
3201 3564 3246 3619 si
3279 3580 3385 3618 non

1814 3664 2079 3734 spiritalia
2103 3663 2267 3717 locuti
2298 3661 2585 3723 fuerimus,
2623 3659 3014 3714 contristamus
3055 3656 3303 3726 spiritum
3332 3657 3386 3709 in

1813 3774 1920 3827 quo
1973 3757 2168 3826 signati
2222 3770 2427 3809 sumus.
2487 3752 2673 3810 Gloria
2729 3751 2848 3816 Dei,
2882 3751 3086 3805 veritas
3128 3750 3245 3814 Dei,
3279 3764 3386 3803 non

1812 3851 2009 3920 quaerit
2035 3865 2064 3901 a
2106 3859 2158 3902 te
2189 3848 2393 3912 laudes,
2424 3847 2520 3901 sed
2550 3861 2648 3900 nec
2676 3844 2743 3899 ab
2766 3844 2993 3915 angelis.
3034 3841 3149 3896 Non
3177 3843 3296 3897 dico
3330 3853 3390 3895 ut

1814 3958 1843 3996 a
1882 3953 1951 4006 te,
1984 3940 2077 3995 sed
2105 3939 2300 4009 quaerit
2336 3954 2367 3992 a
2420 3949 2474 3993 te
2519 3947 2577 3991 ut
2628 3952 2893 4007 agnoscas
2927 3951 3048 3991 eum
3087 3954 3101 3989 :
3132 3936 3389 4004 prodesse

1814 4034 1959 4089 enim
1993 4033 2041 4088 ei
2074 4044 2251 4102 potes,
2285 4031 2329 4086 si
2362 4045 2486 4085 eum
2530 4030 2851 4098 agnoveris?
2901 4040 2993 4083 aut
3028 4028 3220 4084 lumini
3257 4044 3389 4099 pro-

1813 4127 1952 4191 dest,
1984 4138 2109 4181 cum
2158 4123 2346 4178 vides?
2373 4132 2432 4176 ut
2459 4124 2702 4177 dicamus
2730 4122 2856 4192 quia
2896 4131 2948 4177 et
2980 4122 3089 4176 Deo
3131 4122 3390 4191 prodesse

1813 4227 2014 4288 potest.
2071 4218 2210 4271 Deus
2255 4214 2398 4269 enim
2431 4214 2540 4268 vult
2595 4224 2646 4269 te
2675 4228 2971 4285 agnoscere
3004 4228 3082 4269 se.
3132 4213 3387 4283 Coguitio

1814 4334 1959 4387 enim
2011 4332 2105 4387 Dei
2150 4343 2352 4385 mterna
2392 4332 2500 4385 vita
2545 4340 2662 4398 est;
2714 4344 2820 4385 non
2858 4329 2992 4393 Deo,
3039 4329 3134 4382 sed
3181 4327 3266 4382 his
3295 4329 3386 4397 qui

1816 4433 2171 4495 cognoscunt.
2223 4424 2298 4478 lta
2327 4426 2471 4479 enim
2513 4432 2568 4479 et
2604 4424 2865 4478 Dominus
2896 4422 3232 4492 pronuntiat.
3258 4419 3386 4475 [hac

138 4509 505 4569 “nmmum?
538 4505 808 4576 q"°'"°d°
855 4516 1075 4572 agemus
1128 4494 1368 4593 ενδιίέξῖ
1400 4491 1515 4593 NP"
1561 4488 1711 4593 εἶφ’
1744 4537 1789 4593 ι)
1819 4527 1892 4571 est
1921 4527 2099 4571 autem
2129 4517 2235 4569 vita
2263 4526 2481 4583 aeterna,
2514 4524 2572 4568 ut
2600 4488 2915 4585 cognoscant
2946 4524 2993 4565 te
3018 4512 3187 4567 solum
3212 4529 3386 4566 verum

138 4608 293 4663 ciunt
324 4604 515 4673 linguae
546 4611 891 4662 nostranon
926 4591 1281 4659 ora,etiamsi
1310 4586 1513 4641 fuerint
1543 4584 1710 4637 mille.

138 4698 260 4752 Non
290 4694 579 4750 suﬁicimus
625 4706 747 4754 nos,
786 4687 1065 4756 adjutores
1088 4695 1417 4755 quaaramus.
1446 4676 1715 4745 Adjuvent

142 4804 244 4845 nos
276 4789 449 4858 angeli
486 4805 499 4841 :
546 4785 826 4839 nobiscum
870 4781 1101 4852 gratiam
1134 4777 1363 4833 reddant
1396 4781 1451 4827 et
1482 4774 1716 4827 archan-

143 4881 274 4951 geli,
331 4894 388 4933 ut
444 4888 500 4934 et
544 4877 646 4948 ipsi
704 4874 995 4946 gaudeant.
1049 4870 1108 4924 Si
1148 4868 1365 4938 quidem
1425 4873 1480 4919 et
1533 4862 1714 4916 omnis

141 4984 399 5030 creatura
458 4982 649 5042 parata
688 4977 791 5025 est.
835 4967 1078 5021 l’arturit
1109 4965 1253 5019 enim
1294 4971 1350 5016 et
1407 4956 1713 5028 ingemiscit

143 5077 202 5123 et
232 5074 511 5135 exspectat
544 5072 782 5118 nostram
818 5061 1068 5124 salutem,
1115 5066 1174 5110 ut
1205 5064 1258 5110 et
1301 5054 1415 5123 ipsa
1450 5052 1715 5105 liberetur

147 5174 180 5213 a
211 5159 415 5215 dolore.
450 5156 734 5211 Liberatur
763 5153 909 5208 enim
937 5162 993 5206 et
1030 5149 1110 5205 sol
1139 5163 1206 5201 ne
1233 5147 1371 5201 ultra
1412 5144 1669 5197 adoretur
1697 5158 1710 5195 :

148 5265 205 5309 et
263 5254 411 5317 luna,
474 5268 541 5306 ne
602 5252 718 5320 ipsa
769 5247 1191 5304 calumnietura
1244 5243 1497 5298 deitate:
1544 5239 1717 5295 stella:

144 5349 335 5412 etiam,
384 5355 442 5399 ut
488 5360 593 5399 non
623 5341 1062 5398 contaminentur
1105 5337 1297 5393 hostiis
1331 5355 1343 5391 :
1380 5346 1435 5390 ut
1462 5336 1573 5405 jam
1607 5349 1717 5389 non

146 5439 291 5494 male
342 5437 606 5492 conflatur
656 5444 939 5506 argentum
993 5452 1006 5487 :
1057 5447 1271 5497 aurum,
1308 5441 1366 5486 ut
1412 5446 1519 5487 non
1567 5431 1717 5487 coin-

222 5553 268 5587 "
305 5550 459 5607 Joan.
494 5567 627 5617 xvii,
657 5550 711 5606 ὅ.
787 5548 878 5603 ⁷⁸1
910 5548 1050 5604 Tim.
1072 5563 1147 5616 v1,
1181 5547 1269 5604 l6.

220 5668 335 5793 (85⁸)
368 5667 467 5723 Ms.
496 5664 764 5726 Canﬂetur
787 5676 1080 5737 argentum,
1106 5681 1316 5736 aurum,
1352 5676 1407 5723 ut
1438 5683 1541 5724 non
1567 5669 1715 5725 coin-

220 5754 304 5794 τηε
330 5754 409 5792 ur.

145 5754 409 5813 qumetur.

1819 4609 2006 4672 Deum,
2042 4622 2088 4664 et
2137 4625 2290 4679 quem
2342 4609 2534 4663 misisti
2578 4607 2762 4661 Jesum
2799 4605 3067 4660 Christum
3100 4605 3168 4659 ".
3218 4603 3390 4658 Verus

1819 4701 1961 4756 Deus
2004 4712 2088 4756 est
2141 4701 2303 4756 Pater
2348 4701 2401 4754 in
2457 4715 2522 4755 eo
2563 4700 2707 4769 quod
2760 4715 2865 4753 non
2903 4707 3061 4752 natus
3087 4705 3190 4752 est.
3220 4694 3391 4750 Verus

1818 4792 1990 4849 Filius
2018 4802 2101 4849 est
2125 4797 2178 4847 in
2203 4808 2266 4848 eo
2293 4794 2433 4862 quod
2464 4802 2545 4847 est
2575 4791 2899 4861 uuigenitus.
2936 4788 3051 4843 Non
3072 4788 3214 4843 enim
3239 4802 3391 4842 men-

1821 4887 2035 4941 dacium
2080 4886 2262 4953 genuit
2292 4899 2471 4937 verus.
2524 4880 2632 4937 Sed
2678 4896 2840 4936 verus
2891 4879 3055 4934 Pater
3091 4879 3231 4933 Deus
3280 4892 3388 4931 non

1824 4988 1982 5033 natus
2015 4995 2030 5031 ;
2060 4992 2217 5031 verus
2260 4975 2401 5029 Deus
2428 4974 2598 5028 Filius
2641 4972 2973 5043 unigenitus.
3013 4969 3147 5025 Nam
3178 4980 3234 5025 et
3260 4969 3389 5024 illud

1821 5067 1965 5135 quod
2016 5066 2215 5120 dictum
2264 5074 2393 5119 est:
2436 5062 2591 5117 Solus
2642 5061 2797 5115 habet
2843 5059 3293 5114 immortalitatem
3318 5057 3386 5124 ⁷³,

1820 5173 2010 5213 verum
2040 5167 2141 5213 est.
2170 5159 2215 5211 Α
2241 5157 2534 5224 semetipso
2566 5155 2711 5209 enim
2742 5155 2889 5210 solus
2921 5154 3101 5207 habet.
3128 5150 3232 5206 Sed
3281 5150 3389 5205 sic-

1823 5265 1884 5311 ut
1929 5252 2090 5307 Pater
2123 5251 2291 5304 vitam
2343 5248 2505 5303 habet
2532 5247 2587 5301 in
2637 5246 2927 5315 semetipso
2980 5265 2993 5299 :
3031 5244 3102 5298 ita
3148 5252 3202 5297 et
3249 5240 3389 5296 Filio

1826 5346 1975 5403 dedit
2005 5344 2169 5399 vitam
2221 5341 2419 5397 habere
2470 5340 2523 5394 in
2576 5338 2889 5407 semetipso.
2921 5333 3071 5390 Unus
3102 5349 3232 5403 ergo
3282 5348 3389 5387 non

1824 5447 2009 5507 natus,
2044 5446 2100 5493 et
2147 5449 2284 5510 unus
2324 5433 2658 5501 unigenitus,
2702 5439 2758 5484 et
2803 5444 2942 5484 unus
2989 5428 3223 5498 Spiritus
3260 5440 3393 5483 san-

1895 5665 2008 5733 (84)
2047 5663 2146 5721 Ms.
2179 5660 2244 5717 Ut
2278 5680 2388 5734 non
2411 5678 2540 5717 vane
2572 5661 2955 5734 cgmburatur.‘

1896 5731 2006 5801 (85)
2047 5736 2091 5789 Α
2115 5737 2198 5791 die
2228 5745 2322 5790 est.
2351 5733 2515 5791 Forte
2542 5750 2573 5788 a
2598 5731 2704 5786 Deo
2727 5740 2825 5786 est.
