3810 6218
451 315 592 379 1059

1158 312 1422 370 EUSEBII
1459 309 1942 368 CIESARIENSIS
1977 309 2126 365 OPP.
2169 307 2350 362 PARS
2389 307 2478 360 IV.
2518 338 2590 346 ——
2630 302 3053 361 DOGMATICA.

3581 299 3717 354 1060

450 448 592 493 ctus.
611 433 732 487 Haec
750 429 882 484 dicit
899 445 1000 482 una
1034 427 1272 481 Ecclesia
1296 444 1310 479 :
1333 426 1436 479 hoc
1460 424 1820 493 consignatur
1856 422 1911 476 in
1940 435 2047 476 uno
2075 428 2124 484 Α
2150 422 2481 478 sentiantur.
2513 418 2623 473 Ista
2650 417 2796 472 enim
2820 425 2908 469 est
2938 425 3142 468 aeterna
3166 415 3298 466 vita.
3326 409 3383 464 lu
3407 411 3496 465 his
3515 411 3720 465 erimus

451 528 724 597 baptismo
752 541 766 578 :
795 523 910 576 haec
940 519 1142 587 scripta
1166 527 1295 570 sunt
1325 519 1379 570 in
1411 515 1674 584 sanguine
1704 523 2030 583 martyrum,

449 627 508 674 et
532 628 658 671 ante
694 623 965 683 martyres
1012 611 1064 664 in
1095 607 1360 678 sanguine
1397 606 1624 661 Christi.
1661 602 1775 658 Nec
1807 617 2034 673 spernas

451 711 571 779 ejus
626 706 945 776 sanguinem
972 701 1117 771 quod
1157 701 1234 753 tui
1287 709 1510 768 propter
1547 696 1750 751 eﬂusus
1781 704 1864 750 est
1895 693 2030 764 (86).

453 802 652 858 Eﬂudit
689 801 833 854 enim
865 811 1021 851 suum
1059 793 1377 864 sanguinem
1421 789 1682 844 Dominus
1711 799 1768 841 ut
1793 787 2033 840 salvare-

451 898 552 960 ris,
587 903 643 950 et
673 903 729 946 tn
763 890 932 945 audes
960 905 1023 944 ea
1053 889 1235 942 delere
1271 899 1392 955 qua:
1429 897 1527 952 per
1553 881 1875 952 sanguinem
1907 886 2033 934 sunt

451 985 694 1057 scripta?
728 985 820 1038 sed
847 983 988 1052 quod
1021 995 1118 1050 per
1145 977 1462 1048 sanguinem
1488 975 1751 1043 scriptum
1781 984 1886 1038 est,
1924 987 2031 1026 non

451 1055 685 1132 deletur.
716 1075 852 1130 Vide
880 1088 1012 1129 sane
1043 1087 1112 1126 ne
1140 1081 1197 1124 et
1238 1081 1296 1124 tu
1343 1069 1409 1124 de
1443 1055 1583 1122 libro
1625 1067 1747 1120 vitae
1775 1066 2024 1121 delearis.

455 1171 630 1223 Adora
663 1183 830 1230 unum
885 1181 992 1220 non
1040 1175 1249 1225 natum,
1290 1172 1346 1216 et
1377 1177 1540 1215 unum
1578 1160 1935 1229 unigenitum,
1967 1172 2034 1213 ne

347 1252 358 1264 ’
452 1276 682 1331 spernas
709 1273 873 1314 unum
904 1257 1178 1326 spiritum.
1218 1255 1397 1309 Adora
1434 1253 1674 1316 Patrem,
1706 1261 1762 1305 et
1803 1252 2035 1306 salvabit

453 1363 508 1407 te
523 1352 694 1406 Filius
728 1370 741 1405 :
777 1352 940 1404 adora
966 1349 1188 1411 Filium,
1213 1357 1266 1401 et
1291 1346 1550 1414 suscipiet
1574 1356 1624 1398 te
1659 1359 1754 1412 per
1778 1359 1899 1397 eum
1929 1345 2032 1396 Pa-

453 1455 557 1498 ter.
592 1445 863 1499 Conﬁtere
897 1442 1181 1511 Spiritum,
1208 1449 1264 1493 et
1305 1439 1546 1507 impertit
1575 1438 1688 1507 (87)
1721 1437 1815 1491 tibi
1861 1437 2032 1491 Filius

456 1537 738 1609 Spiritum.
807 1535 933 1589 Haec
995 1534 1270 1597 dicantur,
1334 1531 1446 1584 lucc
1498 1530 1848 1600 cogitentur;
1905 1528 2024 1582 haec

2141 517 2261 573 sine
2303 514 2424 576 lite,
2457 511 2575 565 sine
2598 508 2804 577 jurgio,
2844 507 2963 562 sine
3006 504 3377 560 contentione.
3413 501 3496 555 Ad
3535 517 3719 572 pacem

2140 607 2288 663 enim
2316 618 2417 659 nos
2447 601 2660 656 vocavit
2684 599 2846 654 Deus.
2886 596 3004 667 Ipse
3038 597 3184 650 enim
3219 587 3473 648 Christus
3503 603 3596 647 est
3621 607 3721 660 pax

2141 708 2330 756 nostra
2383 715 2397 751 :
2447 695 2504 749 In
2549 695 2666 764 ipso
2701 691 2880 746 vocati
2911 704 3120 746 sumus.
3156 687 3294 754 Quid
3327 685 3560 740 dimissa
3599 699 3724 752 pace

2139 792 2265 847 lites
2325 785 2690 843 assumimus?
2748 785 2865 839 Non
2927 782 3127 837 audisti
3189 795 3311 836 eum
3370 780 3655 835 dicentem
3708 795 3723 831 :

2139 885 2331 941 Pacem
2385 897 2555 935 meam
2604 885 2673 932 do
2725 879 2900 944 vobis,
2955 890 3134 944 pacem
3184 888 3355 926 nte-am
3415 869 3727 938 derelinquo

2137 977 2282 1032 vobis
2324 974 2412 1029 '9?
2445 973 2613 1028 Suam
2656 985 2844 1040 pacem
2878 971 2970 1024 dat
3002 968 3161 1023 nobis
3207 964 3489 1029 Dominus,
3525 969 3586 1017 et
3631 974 3730 1015 nos

2134 1067 2314 1138 jurgia
2348 1080 2380 1120 e
2425 1073 2612 1118 contra
2651 1062 2980 1116 inducimus.
3029 1058 3179 1112 Finis
3221 1067 3404 1110 autem
3450 1051 3730 1108 sermonis

2140 1161 2245 1214 iste
2280 1159 2370 1213 sit.
2403 1157 2588 1212 Gloria
2621 1156 2713 1209 uni
2754 1171 2860 1207 non
2910 1161 3036 1206 nato
3090 1151 3200 1204 Deo
3237 1165 3332 1219 per
3377 1161 3552 1200 unum
3605 1144 3733 1198 uni-

2139 1252 2379 1321 genitum
2431 1248 2600 1302 Deum
2642 1246 2836 1302 Filium
2887 1245 2978 1298 Dei
3032 1245 3083 1296 in
3116 1257 3222 1296 uno
3253 1241 3460 1310 Spiritu
3506 1247 3729 1299 sancto,

2138 1357 2194 1397 et
2222 1356 2364 1396 nunc
2383 1349 2439 1395 et
2472 1353 2686 1408 semper
2711 1347 2765 1392 et
2800 1352 2896 1406 per
2925 1335 3108 1390 omnia
3133 1332 3329 1389 sarcula
3373 1330 3730 1385 sazculorum.

2139 1436 2334 1490 Amen.

440 1798 448 1838 ‘.
485 1793 2035 1828 ———_——-——-————-—-——-—-—————-—-—

2144 1773 3714 1805 Μ

1549 1985 1906 2074 LIBER
1981 1981 2636 2072 SECUNDUS.

525 2351 663 2418 [Puto
687 2351 863 2404 adhuc
893 2361 1055 2401 aures
1087 2342 1326 2412 obstrepi
1363 2355 1512 2394 meas
1535 2354 1563 2392 a
1599 2339 1856 2393 memoria
1903 2336 2046 2391 beati
2078 2346 2121 2400 Β
2152 2330 2414 2390 Dominus
2462 2329 2694 2388 reddens
2737 2349 2954 2389 causam
2985 2333 3068 2387 sui
3100 2332 3365 2386 adventus
3395 2324 3451 2383 in
3499 2329 3726 2396 mundo,

455 2445 609 2499 illius
646 2441 746 2494 viri
783 2439 924 2508 (88),
950 2436 1042 2506 qui
1063 2435 1152 2488 illa
1181 2433 1429 2502 religiosa
1459 2429 1771 2499 frequenter
1799 2443 1929 2481 usus
1956 2435 2038 2482 est

455 2547 616 2587 voce.
642 2529 778 2584 Nam
811 2538 867 2583 et
894 2539 1053 2580 aures
1077 2534 1274 2578 vestra:
1297 2521 1474 2574 adhuc
1506 2519 1706 2572 bonum
1737 2516 1852 2581 (89)
1889 2516 2034 2568 illius

454 2623 607 2678 vocis
659 2622 919 2676 retinent.
957 2619 1094 2672 Puto
1146 2615 1288 2668 enim
1329 2627 1414 2665 me
1464 2611 1653 2664 audire
1685 2626 1804 2662 eum
1851 2609 2037 2662 dicen-

458 2726 565 2772 tem
603 2734 615 2766 :
647 2710 957 2781 Unigenitus
994 2707 1087 2760 Dei
1127 2704 1302 2758 Filius
1330 2704 1396 2756 ⁸ο.
1426 2701 1562 2755 Ecce
1597 2699 1740 2753 enim
1769 2698 1878 2768 (90)
1911 2697 2039 2751 reli-

455 2809 605 2877 giosa
642 2820 747 2859 vox
778 2817 874 2872 per
897 2819 958 2854 ns
981 2802 1097 2869 ejus
1133 2811 1348 2866 semper
1374 2793 1744 2864 promebatur.
1779 2790 2038 2843 Memoria

454 2899 606 2953 enim
660 2903 780 2951 erat
825 2891 1105 2965 Unigeniti
1161 2890 1231 2943 ad
1284 2886 1512 2955 gloriam
1543 2898 1650 2938 non
1697 2882 1808 2936 nati
1838 2879 2038 2935 Patris.

456 2990 778 3046 Audivimus
826 2995 1006 3040 autem
1055 2981 1362 3052 apostolum
1409 2976 1812 3049 praecipientem
1866 2974 2041 3027 hono-

457 3084 572 3140 rari
620 3079 823 3150 duplici
889 3079 1098 3132 honore
1153 3072 1350 3127 debere
1404 3067 1757 3139 presbyteros
1788 3064 1832 3096 ⁸¹
1877 3078 1893 3115 :
1947 3078 2041 3117 cos

459 3173 698 3229 maxime
725 3170 820 3240 qui
846 3168 1101 3222 laborant
1126 3163 1180 3216 in
1209 3161 1373 3215 verbo
1399 3167 1453 3211 et
1476 3155 1741 3211 doctrina.
1769 3151 1870 3218 Qui
1894 3151 2041 3204 enim

457 3263 777 3336 pudicitiam
825 3260 974 3322 colit,
1029 3258 1204 3311 bonas
1251 3263 1334 3308 est
1382 3249 1487 3306 sibi
1528 3267 1543 3304 :
1586 3258 1640 3304 et
1677 3247 1768 3316 qui
1805 3245 2039 3314 jejunat,

455 3356 628 3410 etiam
688 3353 734 3407 si
785 3352 988 3406 bonum
1045 3347 1211 3402 faciat
1255 3359 1411 3413 opus,
1448 3351 1630 3396 tamen
1666 3340 1813 3394 sibi:
1859 3348 1914 3393 et
1949 3337 2043 3406 qui

457 3448 772 3513 miseretur,
809 3453 865 3500 et
914 3441 1021 3498 sibi
1058 3437 1494 3495 misericordiam
1537 3442 1718 3504 parat,
1757 3441 1814 3486 et
1856 3430 1905 3485 ei
1953 3429 2043 3485 cui

457 3566 689 3638 praebet.
723 3562 826 3630 Qui
857 3569 1037 3615 autem
1072 3557 1393 3627 religionem
1422 3549 1721 3608 secundum
1758 3548 2040 3602 veritatem

458 3659 638 3722 docet,
663 3665 720 3710 et
765 3653 868 3708 sibi
900 3652 1042 3706 viam
1092 3658 1352 3702 aeternam
1387 3642 1643 3713 acquirit,
1691 3649 1748 3694 et
1788 3638 2043 3693 omnibus

459 3751 551 3822 qui
578 3751 862 3804 docentur.
894 3743 1013 3797 Non
1049 3751 1133 3796 est
1164 3747 1500 3809 praeceptum
1525 3733 1786 3804 apostolis
1818 3742 1876 3785 ut
1910 3746 2038 3798 pau-
2065 3747 2108 3806 ρ

459 3856 621 3914 peres
664 3844 975 3908 pascerent,
1011 3833 1104 3888 sed
1139 3842 1196 3886 ut
1243 3841 1296 3884 et
1342 3829 1444 3897 ipsi
1485 3833 1865 3896 pascerentur.
1895 3821 2041 3876 Reli-

459 3935 637 4007 gionis
663 3949 790 4002 ergo
821 3927 1136 4000 praedicatio
1172 3924 1342 3992 major
1365 3931 1450 3977 est
1473 3937 1499 3974 a
1525 3918 1896 3974 misericordia
1919 3931 2042 3986 quae

460 4028 522 4084 ﬁt
567 4027 634 4081 ad
679 4025 929 4081 homines
962 4041 975 4076 :
1005 4027 1219 4090 oportet
1266 4016 1408 4070 enim
1462 4014 1694 4083 primum
1733 4024 1893 4064 nosse
1917 4024 2039 4063 eum

460 4120 687 4190 propter
723 4130 886 4185 quem
927 4113 1062 4167 ﬁunt
1090 4125 1152 4164 ea
1185 4124 1304 4177 quae
1335 4107 1495 4171 ﬁunt,
1526 4114 1580 4159 et
1615 4104 1688 4157 ita
1727 4102 1905 4155 facere
1939 4099 2043 4154 mi~

461 4189 818 4264 sericordiam
847 4217 865 4256 :
915 4198 1288 4268 unusquisque
1316 4197 1461 4249 enim
1489 4194 1582 4264 qui
1627 4201 1906 4260 operatur,
1937 4189 2041 4244 sibi

463 4300 700 4372 acquirit
731 4311 866 4366 Opus
897 4312 910 4348 :
947 4291 1263 4360 praedicatio
1287 4297 1468 4340 autem
1511 4284 1758 4338 veritatis
1788 4281 1905 4336 haec
1933 4287 2038 4344 est,

461 4401 685 4464 propter
721 4404 883 4458 quam
916 4396 970 4439 et
1001 4383 1168 4438 Filius
1203 4380 1349 4434 venit
1386 4380 1439 4431 in
1475 4390 1721 4443 corpore.
1760 4372 1875 4428 Non
1905 4372 2043 4427 dixit

465 4458 752 4543 Dominus,
779 4476 928 4531 Beati
959 4472 1101 4528 oculi
1130 4482 1320 4524 eorum
1369 4465 1462 4535 qui
1514 4462 1781 4531 jejunant,
1830 4458 1924 4515 sed
1962 4458 2043 4512 vi-

464 4574 730 4635 dentium,
751 4569 950 4639 inquit,
980 4581 1042 4620 ea
1073 4577 1193 4633 quae
1218 4560 1413 4613 videtis
1430 4557 1495 4608 ⁸³.
1522 4556 1625 4610 Sed
1648 4570 1750 4608 non
1773 4568 1874 4622 ego
1901 4565 2044 4604 nunc

461 4667 635 4723 bonos
667 4674 820 4718 actus
863 4669 1062 4714 accuso
1093 4675 1107 4710 :
1149 4653 1245 4708 sed
1273 4652 1414 4705 sicut
1437 4649 1591 4704 stella
1627 4648 1797 4701 stella)
1826 4643 2043 4714 praefert

463 4758 659 4830 gloria,
701 4756 776 4809 ita
814 4763 869 4807 et
899 4759 1051 4805 actus
1087 4746 1198 4819 (9|)
1247 4744 1460 4797 actibus
1509 4737 1764 4794 diﬂerunt
1816 4738 2038 4790 honore.

465 4826 749 4906 Summum
805 4844 948 4897 enim
991 4849 1047 4892 et
1083 4837 1432 4906 praecipuum,
1473 4839 1527 4884 et
1567 4831 1798 4898 primunt
1852 4826 2044 4878 funda-

463 4948 706 4996 mentum
740 4945 794 4990 et
842 4933 990 4987 radix
1030 4927 1271 4982 omnium
1297 4939 1521 4994 operum
1547 4937 1667 4990 quae
1701 4921 1855 4981 ﬁunt,
1907 4918 2042 4970 ﬁdes

464 5042 551 5088 est
573 5043 720 5085 vera.
745 5027 881 5080 Dicit
907 5023 1052 5078 enim
1084 5018 1342 5074 Dominus
1365 5030 1379 5068 :
1402 5014 1512 5084 Ego
1533 5022 1746 5082 prapter
1774 5011 1869 5063 hoc
1898 5009 2035 5072 veni,

2139 2428 2269 2482 dicit
2295 2428 2417 2496 quia
2459 2427 2578 2480 ideo
2611 2437 2769 2480 natus
2799 2442 2938 2486 sum,
2985 2435 3040 2480 et
3089 2425 3210 2478 ideo
3254 2423 3376 2477 veni
3414 2423 3470 2476 in
3523 2423 3727 2476 mundo

2140 2529 2199 2574 ut
2227 2529 2393 2574 tester
2418 2519 2658 2582 veritati,
2688 2528 2742 2573 et
2769 2529 2824 2571 tu
2853 2517 3083 2572 abnuis?
3113 2515 3247 2570 Nam
3283 2526 3338 2570 et
3359 2515 3563 2570 Petrus
3598 2516 3727 2569 bea-

2139 2619 2246 2674 tus,
2279 2612 2471 2665 beatus
2513 2611 2717 2665 dicitur
2749 2609 2819 2674 8",
2849 2625 2955 2662 non
3003 2608 3074 2662 ob
3098 2607 3382 2676 jejunium,
3437 2622 3624 2675 neque
3662 2605 3728 2660 ob

2138 2703 2284 2757 aliud
2339 2703 2557 2771 aliquod
2611 2719 2770 2772 opus,
2807 2703 2900 2756 sed
2956 2701 3084 2771 quia
3133 2700 3295 2754 Pater
3344 2698 3398 2752 ei
3459 2699 3730 2754 revelavit

2138 2793 2360 2848 Filium.
2396 2795 2464 2849 Et
2507 2795 2704 2848 iterum
2754 2795 2915 2849 Pater
2947 2794 3147 2862 ubique
3182 2793 3248 2846 de
3289 2791 3434 2845 Filio
3467 2801 3725 2845 testatur.

2138 2884 2272 2939 Nam
2317 2896 2372 2940 et
2426 2887 2480 2939 in
2530 2887 2799 2954 baptismo
2857 2883 3105 2950 Joannis,
3162 2893 3216 2935 et
3252 2885 3306 2935 in
3361 2890 3560 2934 monte
3595 2881 3727 2934 nihil

2138 2979 2283 3033 aliud
2311 2977 2685 3048 proclamavit,
2714 2976 2814 3031 nisi
2841 2992 2853 3028 :
2876 2975 2977 3028 llic
3009 2983 3086 3029 est
3116 2973 3289 3025 Filius
3317 2987 3467 3025 meus
3503 2972 3731 3025 dilectis-

2139 3074 2325 3137 simus,
2354 3072 2410 3124 in
2446 3087 2548 3140 quo
2587 3072 2711 3124 bene
2738 3068 3027 3136 complacui
3051 3067 3118 3122 ".
3154 3063 3422 3120 Similiter
3451 3073 3509 3119 et
3532 3063 3729 3118 Paulus

2143 3168 2266 3219 dum
2307 3165 2528 3217 doceret
2573 3163 2791 3216 dicebat
2824 3180 2837 3215 :
2884 3159 3311 3221 Fundamentum
3354 3157 3510 3211 aliud
3544 3168 3731 3226 prater

2140 3273 2259 3312 eum
2279 3256 2370 3326 qui
2403 3264 2479 3308 est
2501 3255 2702 3322 positus
2740 3269 2888 3306 nemo
2930 3259 3097 3318 potest
3139 3265 3349 3317 ponere,
3377 3261 3583 3318 prmter
3619 3263 3727 3302 eut-

2139 3349 2230 3416 qui
2281 3356 2353 3400 est
2403 3344 2640 3399 Christus
2691 3342 2848 3397 Iesus
2870 3341 2938 3396 ⁸⁸.
2997 3339 3056 3394 Si
3106 3341 3273 3410 igitur
3310 3341 3726 3394 fundamentum

2141 3439 2306 3493 fuerit
2331 3437 2561 3502 salvum,
2605 3446 2789 3504 sperat
2834 3433 3122 3488 aediﬁcatio
3168 3434 3304 3485 bene
3364 3432 3646 3501 proﬁcere
3678 3444 3729 3484 ac

2141 3547 2302 3603 posse
2330 3548 2343 3585 :
2380 3531 2428 3586 si
2455 3530 2606 3584 radix
2637 3528 2802 3584 fuerit
2831 3542 2985 3591 sana,
3027 3539 3153 3595 spes
3177 3533 3264 3577 est
3299 3524 3521 3577 fructus
3545 3537 3613 3576 es
3657 3535 3729 3574 ra-

2142 3625 2247 3679 mis
2279 3625 2543 3691 accipere.
2577 3623 2633 3676 Si
2661 3633 2842 3676 autem
2873 3621 3088 3673 inﬁrme
3104 3617 3267 3671 fuerit
3287 3614 3727 3677 fundamentum,

2143 3716 2196 3770 in
2247 3714 2489 3784 periculo
2538 3723 2665 3770 sunt
2722 3728 2784 3768 ea
2832 3727 2953 3781 quae
3007 3716 3473 3781 superponuntur.
3527 3707 3729 3759 Aurum

2141 3810 2284 3864 enim
2337 3807 2484 3877 quod
2519 3821 2682 3876 super
2735 3804 3166 3864 fundamentum,
3211 3809 3266 3854 et
3318 3807 3645 3868 argentum,
3683 3807 3731 3849 et

2141 3905 2474 3974 margaritae,
2528 3913 2586 3959 et
2631 3903 2837 3974 lapides
2881 3885 3130 3973 pretiosi,
3185 3911 3240 3955 et
3288 3899 3502 3963 fenum,
3551 3909 3609 3955 et
3645 3901 3732 3954 sti.

2142 3999 2303 4067 pulae,
2336 4007 2391 4054 et
2422 3998 2568 4068 ligna
2614 4006 2889 4068 ponuntur
2926 4011 2942 4049 :
2985 3995 3122 4058 nihil
3155 3993 3301 4048 aliud
3349 3992 3636 4060 signiﬁcat
3681 3993 3728 4046 in

2143 4093 2247 4147 hoc
2285 4091 2428 4156 loco,
2479 4090 2584 4145 nisi
2624 4090 2843 4159 quidem
2897 4086 3340 4158 praedicationem
3385 4101 3490 4155 per
3544 4100 3727 4140 aurum

2142 4192 2194 4238 et
2239 4191 2527 4254 argentum
2565 4193 2620 4236 et
2672 4181 2880 4252 lapides
2924 4179 3217 4250 pretiosos.
3270 4173 3346 4231 Ea
3386 4187 3582 4231 autem
3619 4189 3731 4246 quae

2142 4287 2338 4346 praeter
2365 4276 2651 4330 veritatem
2685 4284 2835 4338 sunt,
2867 4274 2974 4342 igni
3027 4281 3213 4341 utpote
3263 4269 3451 4339 digna,
3500 4265 3631 4323 [eno
3684 4277 3731 4321 et

2144 4367 2354 4439 stipula:
2380 4378 2438 4423 et
2484 4368 2634 4438 ligno
2669 4365 3022 4435 comparavit.
3054 4365 3172 4417 Non
3220 4363 3367 4416 enim
3403 4361 3550 4415 dixit
3593 4361 3731 4430 Apo-

2143 4461 2348 4516 SlOlttS:
2386 4459 2442 4514 Si
2477 4459 2600 4528 quis
2642 4473 2749 4512 non
2791 4456 2998 4512 dederit
3030 4455 3276 4524 pauperi,
3313 4455 3620 4507 anathema
3645 4453 3728 4508 sit.

2145 4553 2259 4608 Non
2296 4555 2396 4608 ista
2425 4555 2630 4622 denego
2675 4568 2691 4607 :
2730 4551 2824 4606 sed
2858 4565 2979 4618 qua:
3018 4550 3192 4612 prima
3224 4557 3373 4609 sunt,
3415 4547 3595 4613 prima
3625 4562 3640 4608 ;
3682 4555 3728 4597 et

2143 4659 2264 4714 quae
2321 4646 2600 4708 secunda,
2653 4642 2910 4696 secunda.
2967 4638 3152 4694 Primo
3199 4639 3459 4693 condisce
3516 4647 3730 4707 propter

2143 4751 2304 4806 quem
2340 4734 2498 4801 facis,
2533 4746 2588 4789 et
2620 4735 2691 4788 ita
2731 4735 2909 4787 facito.
2939 4731 3086 4785 Multi
3119 4732 3261 4785 enim
3300 4730 3588 4784 hominum
3637 4744 3726 4797 pe—

2145 4828 2363 4881 coribus
2411 4837 2540 4881 sunt
2588 4825 2795 4879 similes
2837 4842 2850 4877 :
2901 4832 3091 4893 putant
3123 4835 3232 4874 non
3261 4834 3387 4873 esse
3419 4819 3728 4874 necessaria

2144 4934 2388 4990 quaerere
2422 4919 2489 4972 de
2522 4919 2606 4972 his
2631 4934 2752 4986 qua:
2782 4915 3060 4986 possibilia
3091 4923 3217 4967 sunt
3240 4922 3584 4981 qumrantur.
3618 4909 3729 4964 Sic.

2144 5021 2204 5066 ut
2224 5028 2356 5082 ergo
2382 5011 2448 5066 de
2477 5011 2562 5065 his
2588 5026 2707 5079 qute
2736 5017 2962 5077 possunt
2985 5007 3178 5076 quaeri,
3213 5005 3471 5058 inertium
3503 5014 3589 5059 est
3629 5018 3725 5056 neu

463 5137 512 5180 et
541 5130 753 5195 propter
777 5119 873 5172 hoc
902 5127 1056 5170 natus
1088 5129 1229 5178 sum,
1265 5121 1322 5163 ut
1362 5119 1516 5163 tester
1559 5105 1766 5160 veritati
1797 5105 1865 5157 ⁸³.
1915 5101 2034 5174 Ipse
2067 5096 2111 5150 D
2139 5117 2416 5174 quaerere;
2472 5101 2550 5154 ita
2595 5099 2660 5154 de
2715 5099 2799 5152 his
2831 5111 2951 5167 quae
2999 5109 3105 5150 non
3157 5105 3382 5147 necesse
3416 5101 3505 5146 est
3541 5091 3726 5160 queri,

515 5308 878 5368 "Joan.:nv,
929 5303 1058 5375 27ἐ
1107 5303 1171 5375 ί⁸⁰
1208 5302 1364 5356 Joan.
1410 5315 1451 5366 ι,
1511 5295 1610 5375 l8;
1670 5311 1756 5356 ιιι,
1803 5293 1893 5375 l_8.

462 5380 514 5413 “
542 5365 733 5434 Matth.
782 5365 893 5442 xvi,
935 5365 1058 5429 17.’
1100 5374 1146 5406 ⁸⁸
1172 5375 1360 5428 Matth.
1394 5365 1476 5435 ni,
1511 5365 1606 5432 l7;
1647 5381 1780 5433 xvu,
1811 5367 1864 5420 5.

537 5495 650 5566 (86)
692 5495 793 5566 Tui
814 5492 1258 5566 prapter."Ev§xa
1278 5488 1395 5552 σοῦ,
1423 5487 1620 5540 iterum
1643 5483 1782 5537 inl't‘a
1815 5483 2038 5562 sub'ﬁn.

465 5567 561 5623 lib.
594 5563 668 5630 vi,
697 5564 772 5619 De
793 5581 851 5618 eo
879 5565 1022 5633 quod
1042 5565 1118 5616 ait
1143 5563 1304 5616 Deus.

537 5635 654 5705 (8'7)
697 5630 956 5705 Impertit.
983 5631 1148 5688 Forte
1177 5630 1452 5705 iptpei'tiet.

539 5695 656 5776 (88)
697 5695 843 5758 Beati
867 5704 1011 5757 illius
1035 5705 1152 5757 viri.
1189 5695 1477 5776 Pamphili,
1509 5711 1568 5754 ut
1596 5698 1759 5776 Henr.
1789 5695 2037 5776 valesius

463 5769 691 5856 censei;
717 5790 833 5856 nos,
860 5777 1158 5856 Agapetum
1208 5775 1385 5875 p'otius
1417 5784 1669 5856 putamus
1700 5769 1917 5827 Eusebii
1944 5771 2038 5826 de-

2021 5291 2109 5344 “l
2141 5291 2283 5344 Tim.
2319 5305 2374 5354 v,
2409 5289 2498 5343 17.

1944 5365 1992 5397 ⁸⁸
2035 5365 2058 5420 l
2091 5360 2218 5419 Cor.
2255 5375 2337 5426 ιιι,
2365 5361 2450 5417 il.
2542 5363 2563 5373 '

2593 5287 2640 5359 θ’
2666 5285 2798 5341 Luc.
2834 5300 2894 5349 Χ,
2928 5283 3020 5338 25.
3155 5280 3201 5313 ⁸⁸
3223 5280 3382 5336 Joan.
3427 5295 3599 5346 xvm,
3644 5275 3725 5331 Ξῖ.

2147 5493 2444 5540 cessarem,
2477 5477 2543 5531 de
2594 5489 2702 5543 quo
2737 5472 2939 5527 Euseb.
3001 5470 3097 5543 lib.
3123 5484 3248 5543 _vt_t_
3283 5465 3432 5522 Hist.
3485 5481 3606 5537 cap.
3640 5460 3721 5523 52.

2148 5553 2215 5607 de
2251 5539 2440 5603 eodem
2477 5539 2635 5601 beato
2661 5545 2776 5598 viro
2805 5545 2945 5598 intra
2978 5542 3082 5595 col.
3117 5539 3274 5594 1065.

2217 5620 2329 5690 (89)
2371 5615 2874 5690 Donum._Valesius
2902 5613 3030 5690 legit
3058 5627 3266 5690 sonam.

2218 5680 2329 5756 (tm)
2372 5689 2506 5742 Ecce
2537 5687 2694 5740 enim.
2745 5680 2987 5756 Valesius
3018 5681 3147 5748 legit
3177 5681 3288 5734 haec
3315 5680 3482 5735 enim.

2219 5755 2330 5836 (9'1)
2376 5760 2496 5831 Ms.,
2525 5758 2720 5815 Prwest
2750 5757 2944 5827 gloria,
2974 5755 3046 5808 ita
3070 5764 3116 5808 et
3151 5763 3326 5806 actus.
