3810 6218
159 284 316 340 1061

1043 287 1129 342 DE
1163 289 1319 346 FIDE
1350 292 1722 349 ADVERSUS
1760 291 2176 350 SABELLIUM.
2215 321 2287 336 ε·-
2321 293 2447 349 LIB.
2492 295 2558 352 ll.

3294 303 3432 359 £063

161 401 403 455 audacia
429 409 513 456 est
536 404 838 472 quaerendi.
865 404 1000 472 Quae
1021 420 1152 478 ergo
1176 408 1372 464 debent
1405 411 1614 479 quaeri?
1640 426 1759 481 qua:
1785 386 1912 474 Aet
1930 427 2038 467 nos
2068 411 2122 466 in
2145 427 2281 481 pace
2305 413 2538 479 vocavit,
2577 428 2686 470 non
2718 423 2894 471 tamen
2929 416 2996 472 ad
3027 416 3175 474 litem
3207 437 3220 472 :
3253 435 3430 492 pugna

159 493 487 549 invenimus
513 494 568 548 in
602 494 900 566 Scripturis
923 498 1098 568 posita
1133 516 1148 553 :
1177 515 1297 569 qua:
1323 511 1502 556 autem
1526 503 1578 557 in
1607 503 1755 558 Scri-

159 583 352 649 pluris
397 599 506 638 non
560 585 899 655 invenimus,
949 604 1057 644 non
1107 605 1437 660 quaeramus.
1498 593 1556 648 Si
1604 595 1749 650 enim

155 688 454 744 oporteret
489 680 646 734 nobis
676 695 800 736 esse
841 683 1078 752 cognita,
1110 686 1298 754 utique
1342 686 1579 754 Spiritus
1621 703 1752 743 san-

153 779 294 824 ‘ctus
339 773 609 841 posuisset
656 788 720 828 ea
769 774 822 828 in
859 774 1157 844 Scripturis
1193 794 1208 831 :
1239 792 1348 832 non
1378 793 1567 834 sumus
1604 781 1749 835 enim

162 865 536 931 sapientiores
581 881 612 921 a
660 867 866 936 Spiritu
913 877 1122 929 sancto.
1165 869 1225 925 Si
1274 871 1476 926 dixerit
1515 871 1749 941 Spiritus

157 968 397 1012 sanctus
430 977 444 1010 :
485 955 883 1014 Gcnerationem
923 960 1037 1030 ejus
1066 963 1183 1030 quis
1212 963 1483 1016 enarrabit
1505 962 1592 1017 87?
1637 965 1747 1020 noli

157 1063 419 1117 quaerere
452 1065 628 1118 neque
661 1051 730 1105 ab
779 1049 1107 1117 hominibus,
1165 1067 1341 1121 neque
1397 1055 1465 1108 ah
1515 1055 1745 1124 angelis.

160 1140 283 1194 Cur
305 1140 593 1210 abnegavit
634 1140 892 1210 Spiritus,
921 1142 1058 1196 dixit
1089 1143 1234 1196 enim
1267 1144 1392 1212 quia
1433 1145 1745 1214 generatio-

161 1247 295 1290 nem
313 1236 442 1306 ejus
481 1236 601 1304 quis
624 1228 936 1290 e‘narrabit'?
968 1235 1059 1304 qni
1091 1244 1270 1289 autem
1295 1237 1544 1290 concedit
1571 1235 1744 1306 Spiri-

158 1338 256 1382 tus
280 1344 541 1397 qumrere,
577 1326 724 1383 Unus
754 1327 896 1383 Deus
924 1344 991 1382 ea:
1012 1344 1116 1398 quo
1148 1337 1269 1382 sunt
1307 1329 1506 1393 omnia,
1528 1339 1579 1382 et
1607 1346 1744 1384 unus

159 1419 427 1472 "Dominus
445 1419 600 1474 Iesus
623 1435 714 1488 per
735 1435 887 1490 quem
920 1429 1040 1473 sunt
1067 1419 1247 1473 omnia
1274 1418 1319 1451 ⁸⁸
1347 1435 1362 1473 :
1388 1418 1742 1488 quemadmo-

151 1511 294 1564 dum
326 1520 505 1565 autem
539 1511 709 1566 Filius
753 1527 818 1566 ex
851 1511 1030 1574 Patre,
1056 1511 1218 1566 crede
1250 1512 1298 1566 ei
1333 1513 1424 1582 qui
1474 1512 1643 1576 novit,
1690 1513 1740 1566 ei

153 1604 255 1672 qui
286 1603 546 1658 noscitur.
584 1604 688 1658 Sed
720 1611 772 1657 tu
797 1603 1020 1673 quaeris,
1045 1612 1100 1656 et
1133 1603 1256 1672 quis
1283 1605 1484 1672 estqui
1515 1605 1742 1673 promit-

1854 518 1961 557 non
1999 502 2182 569 docet,
2229 505 2324 559 sed
2354 505 2544 560 incitat
2576 507 2750 577 magis
2799 525 2813 562 :
2846 508 2914 563 lis
2953 524 3060 564 non
3101 525 3304 576 monet,
3333 515 3430 568 sed

1851 592 2122 650 ﬂammam
2153 598 2423 653 accendit.
2455 598 2744 653 Contentio
2769 612 2948 656 autem
2973 605 3129 673 equis
3155 607 3428 670 convenit,

1852 700 1959 740 non
1991 697 2171 742 tamen
2203 688 2458 745 Ecclesiae
2483 690 2598 746 Dei.
2633 691 2733 758 Qui
2758 692 2908 747 novit
2936 708 2999 749 ea
3022 710 3143 764 qua:
3172 696 3430 765 possibile

1849 787 1938 831 est
1988 779 2148 843 scire,
2193 780 2384 834 doceat
2426 796 2548 836 cum
2593 784 2858 839 modestia
2907 800 3031 840 eum
3057 786 3149 856 qui
3188 788 3426 856 ignorat,

1849 883 1958 923 non
1989 877 2168 925 tamen
2207 871 2560 928 incitamento
2606 891 2621 928 :
2663 875 3072 932 incitamentum
3103 878 3248 933 enim
3275 888 3329 933 et
3356 881 3427 934 ad

1848 973 1914 1013 ea
1951 974 2072 1028 qua:
2100 970 2287 1030 aperta
2338 971 2466 1017 sunt
2509 965 2909 1022 contentionem
2954 969 3094 1036 parit
3149 985 3300 1024 :non
3349 971 3426 1024 ita

1847 1051 2240 1120 periclitemur,
2288 1055 2384 1110 sed
2418 1063 2532 1111 tute
2565 1056 2872 1126 loquamur.
2917 1057 2974 1114 Si
3006 1060 3137 1129 quid
3161 1061 3423 1130 scriptum

1847 1159 1956 1199 non
1991 1153 2097 1210 est,
2157 1161 2224 1200 ne
2257 1147 2476 1217 quidem
2513 1148 2726 1204 dicatur
2766 1167 2782 1206 :
2829 1151 2875 1206 si
2905 1151 3032 1220 quid
3075 1161 3256 1206 autem
3287 1154 3424 1207 scriv

1844 1246 1998 1307 ptum
2027 1246 2128 1302 est,
2172 1253 2240 1293 ne
2281 1239 2562 1295 deleatur:
2585 1241 2703 1297 Non
2739 1259 2927 1299 sumus
2972 1244 3115 1298 enim
3147 1254 3422 1312 auctores,

1845 1330 1940 1384 sed
1970 1329 2240 1399 discipuli.
2281 1329 2396 1386 Non
2443 1346 2565 1404 quae
2598 1333 2872 1401 volumus,
2918 1337 3012 1391 sed
3048 1351 3112 1391 ea
3151 1336 3422 1407 quaalegi~

1844 1436 1964 1475 mus
2003 1439 2016 1475 :
2054 1437 2157 1477 non
2190 1438 2252 1476 ea
2283 1439 2403 1492 quae
2427 1439 2495 1479 ex
2525 1428 2689 1482 corde
2719 1439 2864 1493 sunt,
2887 1429 2982 1484 sed
3011 1443 3073 1482 ea
3102 1446 3220 1499 quae
3242 1446 3272 1484 a
3303 1432 3419 1500 spi-

1843 1512 1952 1566 ritu
1975 1514 2036 1593 _in
2063 1513 2364 1584 Scripturis
2402 1517 2602 1571 sanctis
2637 1528 2765 1573 sunt
2793 1521 2986 1589 posita.
3021 1522 3152 1588 Quis
3182 1526 3322 1578 enim
3357 1541 3419 1581 es

1846 1613 1899 1656 tu
1935 1605 2027 1674 qui
2079 1605 2214 1660 dicis
2244 1616 2337 1660 aut
2370 1609 2460 1677 qui
2510 1610 2709 1664 audis?
2746 1612 2860 1665 vult
2907 1612 3103 1682 aliquis
3142 1613 3416 1670 Christum

145 1705 244 1749 tat
293 1710 352 1750 se
387 1695 580 1750 nosse?
608 1697 785 1750 omnis
833 1695 979 1748 enim
1025 1696 1333 1765 quicunque
1366 1697 1636 1765 promittit
1680 1713 1739 1752 se
1769 1726 1813 1782 Β
1843 1695 2146 1762 honorare;
2197 1707 2257 1752 ut
2298 1699 2412 1752 vult
2472 1700 2585 1768 ipse
2618 1701 2886 1767 Christus,
2927 1719 3033 1758 non
3077 1714 3254 1760 tamen
3278 1718 3336 1761 ut
3359 1719 3415 1762 tu

153 1802 343 1852 nosse,
401 1792 631 1842 mendax
670 1797 773 1842 est.
833 1786 1207 1842 Pronuntiavit
1256 1789 1400 1843 enim
1455 1787 1731 1858 Dominus,

151 1880 308 1949 quod
366 1881 543 1934 nullus
601 1881 746 1934 norit
806 1880 909 1935 nisi
972 1881 1123 1936 solus
1174 1881 1337 1936 Pater
1392 1881 1630 1950 Filium,
1680 1894 1736 1938 et

147 1971 331 2026 Filius
365 1971 610 2027 Patrem.
659 1973 765 2026 Sed
794 1973 925 2027 dicit
956 1973 1176 2042 quidam
1213 1993 1226 2027 :
1262 1974 1578 2042 ignoramus
1602 1990 1733 2044 ergo

147 2064 288 2134 quia
317 2073 401 2119 est
435 2063 595 2130 Deus,
628 2071 682 2117 et
727 2065 852 2134 quia
901 2080 1005 2120 non
1041 2078 1202 2120 natus
1232 2077 1333 2133 est,
1369 2077 1424 2121 et
1463 2069 1734 2123 nescimus

146 2142 289 2225 quia
337 2169 392 2211 et
424 2157 591 2210 Filius
621 2168 676 2212 et
716 2158 1021 2227 unigenitus
1057 2167 1140 2212 est
1193 2158 1401 2214 Filius?
1456 2161 1733 2227 Quomodo

145 2261 337 2304 autem
375 2251 644 2305 nescimus
693 2251 816 2320 quia
862 2260 1019 2305 natus
1063 2251 1184 2305 est?
1241 2253 1364 2321 quia
1406 2264 1583 2306 autem
1626 2262 1731 2316 est,

143 2341 338 2395 omnis
359 2341 553 2395 clamat
574 2340 853 2410 Scriptura
887 2361 899 2396 :
929 2343 1381 2412 quemadmodum
1423 2353 1600 2397 autem
1626 2355 1732 2408 est,

143 2443 205 2484 et
240 2442 499 2500 quantum
533 2441 634 2496 est,
661 2433 802 2486 nulla
842 2417 985 2486 valet
1022 2445 1212 2488 natura
1244 2433 1446 2496 dicere,
1474 2448 1643 2503 neque
1665 2434 1734 2488 de

145 2521 341 2584 Patre,
373 2537 546 2590 neque
585 2524 650 2575 de
670 2520 825 2575 Filio.
864 2521 964 2588 Qui
987 2522 1131 2576 enim
1166 2522 1342 2576 dixit:
1384 2521 1554 2576 Nemo
1591 2522 1733 2576 novit

146 2611 398 2675 Patrem,
428 2613 529 2665 nisi
567 2612 741 2666 Filius
763 2613 826 2671 ⁸⁸,
858 2616 970 2683 ipse
1003 2615 1136 2668 dixit
1169 2615 1291 2681 quia
1325 2622 1374 2667 et
1405 2612 1606 2666 Filium
1642 2630 1732 2667 ne-

140 2721 236 2757 mo
266 2705 427 2768 novit,
452 2705 554 2758 nisi
582 2703 744 2758 Pater
763 2705 828 2757 9°.
859 2704 1318 2770 Quemadmodum
1347 2705 1489 2758 enim
1516 2706 1733 2774 capiunt

143 2812 212 2849 ea
242 2813 362 2866 qum
393 2812 486 2865 per
516 2796 708 2850 Filium
742 2797 879 2850 facta
911 2806 1055 2862 sunt,
1090 2811 1249 2850 nosse
1285 2812 1407 2850 eum
1445 2811 1538 2864 per
1571 2811 1729 2864 quem

143 2901 204 2945 et
235 2889 378 2944 facta
414 2890 576 2943 sunt?
624 2888 679 2943 Si
723 2890 886 2956 igitur
913 2889 1201 2959 imaginem
1245 2905 1351 2944 non
1385 2889 1496 2942 nati
1537 2898 1730 2942 natura

143 2996 266 3036 non
305 2981 546 3050 pervenit
578 2995 757 3046 nosse,
788 2981 1236 3048 quemadmodum
1272 2981 1444 3049 ipsum
1469 2980 1730 3049 principa-

1839 1786 1940 1842 vis.
1975 1787 2032 1841 Si
2059 1800 2236 1844 autem
2279 1799 2472 1860 praater
2493 1792 2545 1844 id
2583 1792 2722 1861 quod
2758 1793 2873 1846 vult
2911 1794 3282 1864 honoraveris,
3316 1799 3415 1853 ho-

1837 1893 1938 1932 nor
1962 1887 2086 1934 tnus
2113 1881 2180 1934 ad
2203 1882 2590 1936 contumeliam
2625 1893 2990 1938 convertetur.
3033 1886 3089 1940 Si
3121 1887 3414 1946 intereme-

1838 1971 1912 2025 nis
1941 1969 2057 2039 ejus
2085 1972 2324 2040 Patrem,
2357 1990 2465 2029 non
2499 1974 2777 2029 honorasti
2803 1977 3132 2044 progeniem.
3165 1977 3222 2032 Si
3249 1978 3416 2033 inter-

1835 2065 2033 2119 emeris
2072 2064 2293 2129 Filium,
2337 2081 2443 2120 non
2486 2066 2740 2120 dimisisti
2777 2066 2994 2121 Patrem
3042 2067 3094 2120 in
3127 2069 3412 2124 honorem.

1838 2154 1894 2208 Si
1930 2155 2070 2208 enim
2118 2169 2222 2208 non
2259 2155 2460 2209 dixeris
2502 2165 2708 2224 patrem
2746 2156 2981 2221 Patrem,
3015 2167 3069 2212 et
3100 2156 3291 2212 Filium
3322 2157 3415 2212 Fi-

1834 2247 1986 2316 lium,
2046 2263 2221 2317 neque
2273 2247 2486 2302 Patrem
2519 2265 2721 2318 neque.
2750 2249 2944 2303 Filium
2982 2250 3277 2304 contiteris.
3310 2249 3412 2316 Qui

1833 2337 1976 2392 enim
2012 2338 2125 2394 hazc
2158 2339 2310 2404 dicit,
2345 2340 2467 2393 sine
2518 2340 2630 2394 Deo
2684 2349 2786 2395 est.
2822 2340 2878 2395 Si
2906 2340 3052 2395 enim
3107 2341 3270 2396 Pater
3303 2356 3412 2396 non

1833 2440 1918 2485 est
1944 2431 2104 2484 Pater
2130 2469 2147 2495 ,
2205 2432 2319 2502 ipse
2357 2433 2500 2486 enim
2532 2433 2699 2488 Filius
2741 2442 2800 2486 ut
2844 2435 2954 2498 ais;
3004 2434 3200 2488 iterum
3244 2433 3413 2490 Filius

1833 2537 1939 2575 non
1977 2531 2060 2576 est
2081 2522 2270 2587 Filius,
2307 2522 2421 2592 ipse
2468 2523 2610 2578 enim
2644 2534 2698 2578 et
2731 2523 2893 2602 Pater
2924 2524 3084 2580 Pater
3111 2535 3196 2580 est
3235 2537 3293 2579 ut
3324 2525 3410 2578 di-

1832 2614 1912 2668 cis
1944 2613 2080 2685 (94).
2123 2614 2384 2683 Sequitur
2407 2616 2723 2683 periculum,
2757 2626 2815 2670 ut
2850 2603 3024 2686 neque
3053 2616 3217 2673 Pater
3251 2616 3412 2671 Pater

1833 2703 1926 2771 sit,
1972 2719 2147 2772 neque
2176 2703 2345 2759 Filius
2397 2705 2590 2772 Filius,
2646 2715 2701 2760 et
2751 2707 2878 2776 quid
2921 2705 3266 2762 tenebimus?
3305 2705 3410 2762 Sed

1831 2795 1994 2850 Pater
2018 2795 2180 2850 Pater
2199 2811 2327 2851 vere
2354 2805 2458 2860 est,
2493 2812 2597 2850 non
2633 2811 2800 2851 vacua
2831 2812 2932 2850 vox
2961 2797 3055 2851 sed
3089 2806 3280 2850 natura
3313 2811 3409 2851 ve-

1831 2886 2028 2940 ritatis.
2064 2885 2182 2940 Non
2219 2902 2392 2940 vanus
2421 2902 2623 2950 sermo,
2648 2887 2742 2941 sed
2771 2903 2931 2942 verus
2975 2886 3138 2942 Deus.
3169 2887 3286 2943 Non
3317 2890 3412 2959 qui

1833 2977 2054 3041 dicitur,
2084 2977 2179 3031 sed
2202 2976 2250 3031 is
2283 2977 2373 3046 qui
2397 2988 2480 3032 est
2509 2995 2524 3032 :
2558 2993 2662 3031 non
2686 2991 2751 3030 ex
2787 2977 2873 3032 his
2901 2993 3021 3047 quae
3051 2979 3280 3034 dicimus
3312 2979 3412 3033 lin-

142 3071 261 3128 lem
294 3073 404 3144 (92)
435 3075 896 3142 comprehendere
931 3073 1052 3142 quis
1085 3082 1262 3142 potest
1291 3084 1350 3127 ut
1375 3073 1556 3127 norit?
1592 3071 1731 3127 Sunt
1756 3068 1803 3133 Ο
1831 3067 1995 3135 gitur,
2047 3068 2141 3122 sed
2179 3068 2324 3138 quod
2352 3076 2436 3122 est
2463 3069 2796 3137 agnoscitur.
2846 3067 3005 3122 Pater
3047 3068 3190 3122 enim
3232 3082 3411 3140 neque

144 3168 342 3236 itaque
378 3167 622 3236 quaedam
658 3165 816 3219 nobis
845 3164 1092 3230 dicenda,
1128 3175 1252 3218 sunt
1298 3173 1353 3219 et
1376 3162 1733 3234 quzedam.si-

141 3261 322 3317 lentio
350 3261 592 3316 colenda.
635 3259 773 3314 Sunt
810 3257 1054 3328 quaedam
1086 3258 1141 3311 in
1170 3258 1414 3325 cogitatu
1443 3255 1728 3321 movenda,

141 3361 280 3409 sunt
319 3351 560 3420 quaedam
581 3358 636 3405 et
660 3351 1007 3404 veneratione
1039 3363 1146 3404 non
1177 3349 1461 3405 movenda.
1501 3347 1638 3402 Sunt
1662 3347 1730 3402 de

142 3444 347 3513 quibus
390 3442 644 3497 convenit
690 3441 804 3511 sapi
849 3459 861 3494 :
905 3450 1031 3495 sunt
1078 3448 1133 3494 ct
1177 3441 1242 3494 de
1285 3440 1481 3509 quibus
1518 3450 1731 3510 Oportet

143 3535 358 3604 paveri.
384 3531 524 3588 Sunt
560 3548 680 3603 quae
701 3541 927 3600 possunt
964 3531 1147 3599 lingua
1172 3531 1522 3600 interpretari
1555 3549 1568 3584 :
1604 3541 1730 3586 sunt

142 3637 204 3679 et
245 3640 362 3693 qua:
388 3627 615 3694 possunt
650 3623 902 3694 religiose
942 3623 1130 3675 taceri.
1171 3621 1344 3676 Dicito
1382 3635 1538 3686 sane,
1579 3622 1730 3677 Unus

146 3717 296 3773 Dens
323 3732 349 3767 a
379 3731 486 3785 quo
535 3724 661 3770 sunt
692 3715 891 3777 omnia,
923 3725 976 3769 et
1021 3713 1195 3767 nullus
1221 3713 1417 3784 poterit
1441 3714 1728 3782 reprehen-

144 3812 300 3864 dere.
330 3807 394 3862 S'r
414 3817 592 3862 autem
613 3816 666 3860 et
691 3805 1094 3874 reprehenderit
1115 3805 1254 3873 quis,
1284 3820 1387 3858 non
1415 3814 1464 3857 te
1487 3805 1577 3858 sed
1603 3819 1726 3857 eum

145 3898 245 3970 qui
274 3899 511 3968 scripsit.
546 3897 602 3951 Si
644 3908 822 3950 autem
853 3909 906 3952 et
945 3897 1168 3950 Paulum
1193 3896 1283 3964 qui
1318 3896 1535 3964 scripsit
1565 3894 1727 3947 audet

145 3992 276 4061 quis
301 3991 719 4061 reprehendere,
748 4006 856 4043 non
887 3989 1132 4054 Paulum,
1164 3989 1258 4043 sed
1296 4004 1418 4042 eum
1451 3987 1540 4056 qui
1579 4001 1723 4040 sem-

144 4096 248 4152 per
283 4081 336 4134 in
368 4095 490 4134 eum
531 4078 646 4148 (95)
685 4082 892 4133 locutus
937 4090 1022 4133 est
1057 4077 1308 4133 Christus
1355 4075 1721 4145 reprehendit.

146 4173 209 4226 Si
234 4180 415 4224 autem
438 4169 639 4224 Christi
669 4170 832 4223 verba
865 4169 1260 4238 reprehendere
1285 4164 1406 4234 quis
1429 4165 1590 4218 luerit
1627 4180 1725 4217 au-

142 4278 265 4328 sus,
295 4262 410 4331 ipse
435 4262 571 4314 dixit
599 4262 849 4316 Christus
897 4278 912 4314 :
946 4259 1076 4325 Qua:
1125 4275 1216 4328 ego
1251 4259 1438 4328 loquor
1470 4273 1574 4310 non
1599 4263 1722 4308 sunt

141 4372 286 4420 mea,
326 4355 417 4409 sed
441 4353 604 4407 Pater
634 4355 720 4424 qui
742 4354 881 4407 misit
916 4368 1019 4417 me,
1047 4353 1156 4421 ipse
1185 4352 1417 4422 loquitur
1442 4365 1634 4418 perime
1652 4349 1718 4402 9‘.

145 4445 363 4502 Etenim
401 4459 574 4513 neque
615 4445 841 4513 gentiles
874 4458 1079 4508 sumus,
1123 4457 1298 4511 neque
1320 4440 1514 4507 Judaei,
1549 4455 1723 4508 neque

147 4539 414 4594 hazretici.
456 4537 696 4593 Gentiles
728 4537 868 4592 enim
902 4552 1008 4590 non
1046 4551 1251 4602 sumus,
1293 4535 1423 4604 quia
1455 4549 1560 4588 non
1590 4534 1724 4588 dici-

148 4645 271 4684 mus
296 4631 445 4684 deos.
473 4628 639 4684 Juda'i
667 4643 771 4682 non
797 4643 1004 4692 sumus,
1028 4627 1150 4695 quia
1178 4637 1232 4681 et
1252 4626 1527 4682 Christum
1553 4627 1721 4680 Deum

146 4718 489 4774 conﬁtemur.
543 4716 793 4771 Haeretici
828 4727 1008 4770 autem
1041 4717 1161 4770 ideo
1201 4731 1305 4770 non
1351 4730 1560 4780 sumus,
1595 4717 1721 4784 quia

146 4809 476 4863 conﬁtemur
504 4808 664 4862 istum
706 4822 826 4861 esse
854 4805 946 4876 qui
990 4805 1157 4870 venit,
1187 4820 1348 4873 quem
1383 4803 1720 4872 praeveniens

153 4901 318 4954 Vetus
347 4899 752 4953 Testamentum
796 4913 891 4968 per
920 4900 1210 4967 prophetas
1254 4896 1565 4965 praedicavit
1593 4910 1722 4947 ven-

149 5001 352 5045 turum.
396 4988 453 5043 Si
487 4990 608 5057 quis
638 4988 779 5042 enim
815 4987 1048 5042 noluerit
1087 4987 1255 5052 litem,
1309 5001 1444 5054 opus
1477 5000 1581 5038 non
1620 4990 1720 5039 Ita-

149 5085 262 5138 het.
305 5080 403 5138 Est
431 5083 676 5150 quaedam
735 5080 997 5135 dubitatio
1057 5074 1196 5134 i'nter
1248 5078 1442 5133 fratres
1490 5097 1504 5132 :
1549 5079 1724 5148 primo

148 5189 274 5228 cum
310 5173 577 5228 charitate
608 5181 904 5242 quaeratur,
931 5181 992 5224 ut
1015 5171 1154 5224 inter
1188 5170 1402 5224 fratres.
1434 5169 1548 5222 Non
1578 5170 1722 5224 enim

150 5265 508 5320 dissensionis
554 5273 637 5320 est
673 5264 814 5319 Deus
857 5273 954 5318 aut
1002 5264 1118 5330 irae,
1154 5264 1244 5317 sed
1287 5262 1436 5331 pacis
1466 5263 1512 5295 ⁸³
1548 5281 1562 5316 :
1595 5261 1724 5332 quia

221 5451 264 5483 ⁸⁷
291 5449 396 5506 lsa.
423 5466 542 5516 LIII,
569 5452 625 5507 8.
699 5450 747 5483 ⁸⁸
779 5449 946 5505 lCor.
973 5464 1093 5518 vui,
1116 5459 1169 5505 ι).
1244 5448 1287 5482 ⁸⁸
1318 5448 1510 5503 Matth.
1540 5464 1620 5515 xi,
1645 5448 1734 5505 27.
1810 5451 1855 5483 9°
1887 5447 2016 5503 ibid.

244 5567 333 5634 92)
369 5565 741 5636 l’rincipalem,
768 5567 1090 5638 ἀρχέτυπον.

244 5567 333 5634 92)
369 5567 741 5636 Principalem,
768 5567 1090 5638 ἀρχέτυπον.

222 5567 335 5709 ἓ95)
365 5638 431 5691 In
445 5655 586 5701 eum,
607 5653 716 5709 pro
741 5640 794 5692 in
815 5655 896 5694 eo.
939 5638 981 5691 Il
1007 5639 1132 5709 Cor.
1161 5652 1279 5701 xm,
1307 5636 1368 5690 ιε
1394 5637 1478 5709 An
1498 5637 1719 5709 rexperi-

148 5707 381 5791 “mentum
409 5709 647 5779 qua’ritis
674 5709 786 5778 ejus
821 5710 907 5779 qui
935 5710 988 5765 in
1011 5725 1090 5765 me
1116 5708 1346 5779 loquitur
1379 5707 1656 5763 Christus?

1831 3180 1898 3220 ex
1927 3165 2054 3230 alio,
2077 3180 2253 3235 neque
2277 3179 2372 3235 per
2412 3165 2598 3232 alium,
2630 3181 2805 3237 neque
2842 3166 3008 3231 aliud,
3041 3169 3133 3222 sed
3177 3169 3298 3238 ipse
3324 3175 3412 3222 est

1831 3259 1924 3326 qui
1947 3267 2049 3313 est.
2089 3257 2253 3314 Forte
2282 3260 2429 3315 enim
2477 3269 2532 3316 et
2558 3276 2624 3315 ex
2661 3260 2952 3330 semetipso
2983 3267 3039 3315 et
3077 3274 3173 3330 per
3203 3268 3411 3315 semet-

1830 3350 2044 3419 ipsum;
2069 3351 2224 3408 nobis
2253 3353 2650 3424 quodammodo
2683 3354 3013 3409 conveniens
3037 3362 3122 3408 est
3149 3367 3330 3408 sermo
3351 3362 3412 3408 ut

1831 3441 2064 3498 dicatur.
2106 3441 2344 3498 Necdum
2403 3453 2583 3499 tamen
2626 3443 2719 3498 illa
2764 3443 3153 3512 interpretatur
3192 3455 3406 3498 natura.

1828 3528 1940 3586 Nos
1957 3531 2103 3584 enim
2127 3540 2184 3584 ut
2209 3547 2316 3586 non
2348 3542 2620 3588 taceamus
2643 3533 2763 3588 ideo
2789 3533 3039 3588 dicimus.
3066 3533 3204 3600 Quid
3223 3543 3408 3590 autem

1828 3627 1912 3675 est
1939 3619 2082 3675 Deus
2119 3635 2228 3674 non
2261 3621 2724 3690 interpretamur:
2759 3619 2888 3689 quid
2915 3618 3060 3674 enim
3103 3620 3294 3673 horum
3324 3620 3409 3672 in-

1832 3711 2150 3780 terpretatio
2184 3721 2268 3766 est
2301 3710 2420 3777 Dei,
2455 3712 2574 3766 sine
2605 3711 2782 3776 initio,
2822 3725 2929 3763 non
2965 3718 3146 3772 natus,
3182 3710 3408 3761 immor-

1831 3803 1976 3871 talis,
2011 3805 2376 3872 incorruptus,
2405 3802 2782 3868 immutabilis,
2816 3801 3127 3866 immobilis,
3161 3800 3404 3853 inacces-

1827 3895 2022 3961 sibilis,
2055 3894 2459 3960 inenarrabilis,
2509 3891 3110 3963 incomprehensibilis?
3144 3890 3250 3944 Per
3290 3890 3406 3944 haec

1826 4001 1957 4058 ergo
1984 3989 2165 4042 omnia
2216 4002 2325 4042 non
2353 3997 2436 4042 est
2462 3987 2670 4042 dictum
2717 3987 2845 4055 quid
2880 3995 2984 4050 est,
3011 3984 3103 4039 sed
3131 3981 3258 4052 quid
3295 3995 3404 4036 non

1825 4089 1910 4135 est
1953 4096 1970 4135 :
2009 4080 2158 4136 velut
2205 4081 2252 4135 si
2276 4081 2401 4150 quis
2428 4078 2780 4148 interpretari
2813 4093 2922 4132 non
2955 4075 3224 4130 sufﬁciens
3259 4073 3405 4144 quod

1823 4180 1912 4225 est
1951 4170 2154 4237 lumen,
2205 4169 2351 4224 dicat
2379 4171 2523 4238 quod
2553 4185 2659 4223 non
2694 4177 2778 4223 est
2812 4168 3180 4222 tenebrosum.
3214 4163 3405 4217 Dicere

1825 4273 2006 4318 autem
2032 4262 2174 4332 quod
2199 4262 2540 4316 tenebrosum
2571 4267 2798 4325 nonest,
2837 4273 2941 4312 non
2975 4256 3148 4310 solum
3180 4268 3282 4306 non
3307 4267 3404 4306 ex-

1828 4355 2004 4409 hibuit
2027 4365 2278 4409 naturam
2311 4352 2552 4417 luminis,
2587 4353 2680 4406 sed
2709 4359 2765 4405 et
2792 4350 2962 4418 magis
2996 4349 3230 4416 ipsarum
3259 4353 3403 4396 tene-

1825 4447 2046 4500 brarum
2085 4453 2335 4498 naturam
2368 4443 2608 4513 negavit.
2652 4438 2977 4496 Immortalis
3005 4436 3148 4490 enim
3179 4433 3398 4499 dicitur,

1823 4537 1951 4605 quia
1981 4551 2087 4590 non
2111 4537 2396 4601 morietur,
2429 4545 2484 4590 et
2507 4535 2851 4600 incorruptus
2881 4531 3005 4600 quia
3035 4544 3138 4582 non
3163 4541 3402 4581 corrum-

1824 4628 1988 4695 pitur.
2017 4624 2136 4680 Non
2179 4637 2356 4691 natus,
2401 4625 2492 4694 qui
2516 4623 2728 4678 initium
2763 4635 2867 4676 non
2897 4618 3078 4674 habet.
3116 4615 3239 4670 llmc
3276 4629 3398 4669 om-

1823 4717 1910 4771 nia
1941 4732 2047 4772 non
2078 4715 2209 4787 quid
2243 4725 2325 4770 est
2361 4715 2502 4770 Deus
2533 4713 2686 4778 dicit,
2734 4711 2830 4766 sed
2879 4709 3006 4780 quid
3037 4723 3142 4762 non
3168 4715 3272 4766 est.
3317 4704 3397 4762 Ita

1823 4824 1922 4879 per
1953 4822 2018 4862 ea
2051 4824 2172 4878 qua:
2204 4809 2435 4863 dicimus
2473 4807 2592 4862 sine
2623 4802 3071 4873 interpretatione
3110 4814 3232 4853 eutn
3262 4813 3398 4853 con-

1818 4901 2055 4958 ﬁtemur.
2091 4901 2150 4955 Si
2185 4900 2481 4955 dixerimus
2509 4911 2632 4953 eum
2657 4897 2863 4952 fontem
2899 4893 3168 4956 veritatis,
3204 4905 3399 4947 nomen

1819 4992 2102 5046 veritatem
2125 5006 2233 5046 non
2259 4989 2498 5044 exhibet.
2543 4986 2648 5042 Sed
2675 4988 2800 5056 quia
2826 5001 2934 5040 non
2958 4983 3219 5039 habemus
3254 4980 3399 5049 quod

1818 5083 2086 5150 dicamus,
2129 5097 2198 5138 ex
2253 5083 2338 5137 his
2383 5097 2504 5150 qua:
2553 5081 2816 5135 habemus
2855 5077 3124 5140 dicamus,
3170 5074 3398 5126 mutuati

1819 5173 2012 5227 alienis
2044 5172 2355 5227 nominibus
2391 5170 2505 5243 (95)
2539 5173 2740 5226 utimur
2776 5185 2790 5220 :
2833 5166 2953 5222 fons
2975 5166 3118 5220 enim
3147 5163 3387 5230 agnosci.

1823 5273 1910 5318 tur
1949 5263 2090 5318 unde
2121 5272 2225 5329 est,
2256 5263 2397 5318 Deus
2426 5272 2606 5316 autem
2643 5275 2750 5315 non
2787 5257 2950 5314 habet
2979 5255 3152 5319 unde;
3185 5262 3240 5306 et
3279 5251 3400 5305 fons

2093 5447 2136 5479 ⁹¹
2159 5447 2318 5503 Joan.
2342 5461 2444 5513 xu,
2469 5446 2560 5501 49.
2635 5447 2680 5478 ⁹¹
2703 5445 2724 5498 l
2749 5443 2876 5500 Cor.
2917 5457 3029 5505 xw,
3055 5441 3147 5496 55.

1893 5564 2005 5636 (94)
2033 5564 2130 5636 Ms.
2257 5562 2417 5636 Paler
2441 5572 2538 5636 est,
2569 5571 2623 5636 ut
2645 5561 2797 5636 dicis.

1893 5565 1982 5636 (94
2033 5564 2130 5620 Ms.
2156 5565 2225 5618 Et
2257 5564 2417 5617 Pater
2441 5572 2538 5623 est,
2569 5571 2623 5613 ut
2645 5564 2797 5614 dicis.

1893 5564 2005 5709 (95;
2037 5635 2134 5694 Ms.
2166 5635 2427 5691 Mutuatis
2455 5633 2640 5688 alienis
2667 5629 2982 5686 nominibus.
