3810 6218
492 317 626 372 1065

1191 310 1456 366 EUSEBII
1494 308 1963 365 CAESARIENSIS
1999 311 2150 368 OPP.
2193 309 2374 366 PARS
2410 311 2502 369 IV.
2543 342 2613 352 —
2646 309 3076 366 DOGMATICA.

3605 308 3716 364 {064

483 442 697 489 meatus
720 443 883 500 supra
914 436 1121 484 meatus
1143 428 1393 491 eﬁ'nndit,
1421 428 1560 483 Deus
1585 437 1763 482 autem
1787 430 1839 482 in
1863 444 1929 482 eo
1947 429 2074 498 ipso.
2091 434 2137 489 Α
2162 445 2323 498 quem
2364 438 2490 484 sunt
2531 437 2747 483 cuncta.
2791 427 2905 481 Non
2933 437 3016 483 est
3043 443 3206 481 unum
3244 443 3311 482 ex
3357 427 3626 491 omnibus,
3647 434 3714 484 sed

480 526 625 594 quod
657 533 740 577 est
775 529 997 576 manet:
1035 536 1208 580 neque
1231 521 1375 574 enim
1411 536 1512 574 vos
1537 520 1869 575 conveniens
1903 523 2059 576 inve-

480 619 651 682 nitur,
682 627 855 682 neque
899 613 1237 681 comparatio
1282 613 1604 679 perveniens
1635 612 1701 666 ad
1733 613 1880 666 illam
1905 624 2064 667 natu-

481 723 598 762 ram
624 724 640 762 :
671 705 765 761 sed
789 717 974 759 utnon
1003 714 1275 758 taceamus
1298 702 1612 771 colligentes
1633 719 1752 774 qua:
1769 705 2061 768 habemus;

480 816 603 853 cum
635 809 814 853 autem
848 797 1031 851 omnia
1060 796 1377 859 dixerimus,
1417 808 1547 851 tunc
1581 795 1908 852 conﬁtemur
1937 798 2063 865 quia

475 907 599 962 qua:
624 892 862 946 dicimus
913 890 1047 944 nihil
1097 888 1352 943 differunt
1390 903 1421 942 a
1464 890 1856 944 taciturnitate.
1903 889 2066 945 Pater

477 1001 548 1038 ex
576 998 642 1039 eo
693 983 1011 1053 agnoscitur
1052 981 1222 1053 ﬁgura
1253 982 1398 1051 quod
1431 991 1516 1036 est
1556 997 1662 1037 non
1691 992 1870 1038 natus.
1913 981 2066 1038 Unus

476 1077 622 1131 enim
646 1086 729 1130 est
759 1075 895 1144 ipse,
927 1075 1020 1144 qui
1052 1083 1266 1128 nonest
1299 1075 1367 1128 alt
1397 1073 1506 1130 alio
1551 1093 1565 1128 :
1601 1092 1741 1130 unus
1776 1085 1860 1130 est
1882 1077 1974 1146 qui
1996 1093 2066 1132 ex

477 1183 542 1221 eo
568 1168 712 1237 quod
739 1183 845 1221 non
869 1177 1026 1222 natus
1053 1177 1138 1220 est
1159 1167 1491 1236 agnoscitur.
1520 1165 1636 1221 Non
1669 1166 1838 1222 frater
1859 1168 1928 1233 ei,
1960 1183 2065 1222 non

477 1259 643 1314 Pater
670 1259 875 1324 Patris,
924 1261 1020 1314 sed
1073 1259 1367 1327 singularis
1419 1268 1611 1312 natura
1660 1269 1788 1312 est:
1836 1270 1890 1313 et
1921 1260 2065 1314 inea

479 1353 626 1422 quod
663 1368 766 1406 non
803 1363 964 1406 natus
1001 1362 1102 1417 est,
1131 1366 1259 1404 vere
1286 1350 1433 1405 solus
1467 1353 1797 1417 ostenditur,
1831 1367 1938 1406 non
1968 1367 2066 1406 na-

482 1458 571 1502 tus
610 1446 769 1500 Pater
804 1464 816 1500 :
867 1446 935 1499 ab
987 1445 1088 1499 hoc
1129 1458 1261 1499 sane
1297 1461 1402 1499 non
1453 1454 1583 1500 nato
1627 1456 1880 1499 manente
1921 1445 2068 1513 quod

482 1549 568 1594 est
619 1538 907 1601 indivisus,
962 1536 1248 1602 inscissus,
1303 1537 1637 1606 impartitus,
1698 1537 2065 1605 impassibilis,

481 1631 798 1700 unigenitus
835 1640 922 1685 est
952 1627 1122 1684 Filius
1153 1640 1312 1683 natus
1342 1647 1356 1683 :
1386 1644 1559 1699 neque
1581 1629 1720 1684 alius
1739 1641 1820 1684 est
1845 1646 1950 1686 non
1982 1645 2070 1683 na-

484 1732 592 1788 tus,
643 1738 818 1792 neque
854 1722 990 1776 alius
1042 1722 1388 1792 unigenitus;
1445 1726 1537 1777 sed
1579 1739 1720 1777 unus
1763 1739 1867 1778 non
1914 1734 2069 1779 natus

481 1815 666 1882 Pater,
700 1825 755 1869 et
788 1830 928 1869 unus
955 1814 1266 1883 unigenitus
1283 1815 1473 1870 Filius.
1506 1816 1626 1869 llaec
1652 1831 1754 1869 non
1781 1833 1876 1870 nos
1909 1817 2070 1870 extol-

484 1907 620 1972 lunt,
669 1906 928 1959 memoria
964 1904 1107 1958 illitis
1157 1907 1296 1960 beati
1333 1908 1456 1959 viri.
1494 1906 1710 1961 Utinam
1766 1919 1942 1962 autent
1997 1910 2070 1962 ita

482 1997 686 2064 possim
718 1996 918 2060 dicere,
942 2005 1004 2049 ut
1033 1995 1310 2050 vobiscum
1338 2011 1552 2065 semper
1573 1999 1640 2049 ab
1669 1998 1859 2051 eodem
1885 1998 2071 2052 audie-

482 2087 626 2139 bam.
673 2085 779 2140 Sed
826 2101 890 2139 ea
918 2102 1036 2156 qua:
1074 2102 1218 2140 nunc
1245 2088 1524 2152 dicuntur,
1562 2089 1635 2141 illi
1670 2089 1866 2158 placita
1907 2090 2070 2144 fuisse

483 2179 757 2232 videntur.
803 2178 985 2232 Gloria
1026 2180 1170 2232 enim
1196 2191 1280 2234 est
1305 2180 1597 2249 proborum
1629 2197 1910 2235 servorum
1940 2197 2066 2238 vera

482 2269 549 2322 de
580 2256 805 2323 Domino
830 2269 1012 2324 dicere
1038 2286 1052 2322 :
1083 2277 1140 2324 et
1170 2270 1342 2324 honor
1363 2285 1551 2324 eorum
1579 2283 1791 2340 patrum
1817 2273 1905 2340 qui
1931 2271 2069 2326 bene

483 2361 808 2426 docuerunt,
833 2361 876 2416 si
914 2371 1230 2430 repetantur
1259 2378 1447 2417 eorum
1483 2365 1760 2418 doctrinae.
1789 2363 1940 2420 Unus
1963 2366 2065 2436 igi-

482 2463 576 2508 tur
615 2462 698 2507 est
732 2469 839 2508 non
871 2465 1032 2507 natus
1057 2455 1199 2509 Deus
1237 2473 1250 2510 :
1291 2471 1446 2508 serva
1479 2454 1588 2525 (96)
1623 2473 1726 2510 non
1755 2466 1915 2511 natus
1939 2473 2063 2512 cum

487 2546 669 2614 Patre,
704 2557 760 2601 et
792 2561 897 2602 non
923 2549 1147 2603 habebis
1173 2549 1226 2602 in
1259 2550 1440 2603 anima
1465 2549 1833 2604 confusionem
1866 2565 2064 2604 :serva

485 2638 797 2708 unigenitus
835 2652 956 2692 cum
987 2637 1139 2704 Filio,
1169 2647 1220 2692 et
1248 2653 1353 2692 non
1383 2639 1706 2704 turbaberis,
1760 2653 1933 2707 neque
1950 2639 2064 2708 jam

484 2733 596 2786 eris
619 2731 860 2786 incertus
899 2731 1352 2800 quemadmodum
1385 2731 1523 2785 Deus
1572 2741 1626 2784 et
1659 2729 1821 2798 Deus,
1857 2743 1913 2785 et
1955 2748 2064 2788 non

491 2820 608 2876 Dei.
649 2821 788 2888 Quia
841 2821 988 2876 enim
1026 2821 1227 2876 retines
1250 2836 1389 2876 unus
1426 2821 1567 2875 Deus
1610 2837 1715 2874 non
1772 2833 1954 2888 tratus,
1993 2808 2065 2878 'et

487 2926 626 2964 unus
655 2912 796 2966 Deus
823 2911 1134 2980 unigenitus
1157 2927 1171 2975 ;
1203 2912 1320 2966 ideo
1345 2927 1450 2966 non
1474 2913 1570 2976 dii,
1595 2913 1720 2982 quia
1751 2929 1929 2983 neque
1955 2930 2060 2970 non

487 3003 629 3067 nati,
663 3017 836 3072 neque
874 3004 1134 3073 unigeniti
1170 3021 1184 3057 :
1225 3018 1383 3058 serva
1431 3004 1658 3073 figuram
1697 3020 1800 3058 non
1833 3007 1962 3068 nati,
2008 3016 2063 3062 et

483 3094 746 3152 conﬁtere
776 3095 1002 3167 ﬁguram
1031 3097 1321 3166 unigeniti,
1373 3107 1428 3150 et
1465 3097 1606 3150 nulla
1657 3097 1868 3152 turbela
1893 3109 1976 3153 est
2005 3100 2059 3153 in

489 3188 692 3252 medio,
727 3205 832 3243 non
861 3188 947 3253 lis,
982 3203 1088 3242 non
1133 3191 1432 3256 contentio,
1463 3206 1570 3245 non
1597 3192 1854 3260 iurgium.
1903 3190 2067 3246 Pater

491 3292 599 3331 non
627 3278 730 3333 sibi
760 3279 988 3334 ascribit
1035 3277 1250 3334 Patrem
1293 3296 1308 3338 :
1348 3280 1519 3336 Filius
1545 3298 1684 3336 unus
1712 3283 1814 3337 sibi
1849 3285 2071 3339 ascribit

490 3367 706 3424 Patrem
741 3389 756 3426 :
786 3371 949 3427 Pater
971 3387 1001 3426 a
1042 3371 1192 3427 nullo
1221 3383 1327 3439 est,
1362 3372 1530 3429 Filius
1559 3376 1626 3429 ab
1653 3391 1760 3430 uno
1784 3385 1867 3430 est
1888 3376 2068 3432 Patre.

490 3461 934 3534 Nonsuscipiunt
965 3465 1080 3520 haec
1101 3465 1273 3532 litem,
1297 3461 1392 3520 aut
1412 3466 1613 3522 habent
1643 3467 2030 3523 dubitationem
2053 3489 2066 3524 :

491 3555 560 3610 Ut
589 3569 905 3628 cognoscant
940 3569 988 3614 te
1030 3560 1198 3614 solum
1233 3577 1408 3614 verum
1459 3560 1628 3615 Deum
1653 3561 1700 3592 "
1735 3580 1748 3615 :
1795 3579 1899 3617 non
1943 3565 2070 3633 quia

489 3666 597 3705 non
622 3666 747 3706 vere
767 3661 850 3706 est
878 3651 1184 3722 unigenitus
1208 3651 1379 3708 Filius
1400 3653 1515 3718 Dei,
1547 3655 1642 3710 sed
1666 3655 1791 3725 quia
1813 3669 1843 3708 a
1877 3666 2073 3711 seruet-

487 3742 623 3811 ipso,
653 3752 709 3796 et
750 3758 815 3797 ex
847 3744 1159 3813 semetipso,
1189 3753 1242 3798 et
1283 3758 1378 3813 per
1402 3746 1770 3815 semetipsum,
1810 3747 1856 3800 si
1893 3755 2071 3801 tamen

489 3836 562 3888 ita
590 3835 698 3889 dici
724 3836 881 3890 debet
913 3854 926 3890 :
960 3835 1081 3890 fons
1103 3845 1157 3891 et
1185 3836 1509 3905 principium
1533 3839 1776 3891 omnium
1809 3839 2070 3892 bonorum

487 3935 572 3980 est
610 3925 790 3990 Pater,
823 3927 912 3995 qui
950 3928 1135 3997 genuit
1170 3927 1328 3982 talem
1359 3929 1552 3982 bonam
1603 3930 1932 4000 progeniem.
1968 3928 2072 3983 Bo-

491 4034 593 4070 nus
617 4020 761 4071 enim
798 4017 965 4073 Filius
987 4031 1094 4083 est,
1117 4019 1212 4074 sed
1235 4020 1378 4074 cedit
1406 4021 1702 4075 bonitatem
1733 4037 1834 4075 suo
1869 4024 2073 4092 genito-

490 4109 560 4170 t-i,
590 4122 695 4161 non
720 4109 987 4163 mentiens
1007 4109 1100 4163 sed
1121 4109 1298 4164 sciens
1318 4111 1460 4166 unde
1480 4121 1582 4164 est.
1613 4111 1742 4165 Sine
1770 4113 2069 4182 principio:

487 4199 818 4268 principium
850 4211 1028 4255 autem
1055 4201 1176 4254 dico
1212 4217 1316 4255 non
1351 4212 1670 4271 temporum,
1707 4219 1811 4256 non
1851 4205 2072 4260 saculo-

491 4306 609 4346 rum
636 4307 651 4357 ;
689 4291 804 4346 hate
839 4293 982 4346 enim
1007 4307 1104 4361 per
1137 4291 1334 4346 Filium
1366 4294 1508 4348 facta
1539 4307 1685 4355 sunt,
1727 4305 1780 4350 et
1815 4312 1918 4350 tton
1948 4312 2071 4352 cum

488 4382 628 4438 Filio
692 4393 815 4438 nata
872 4400 886 4436 :
945 4397 1052 4436 non
1119 4391 1328 4437 tantum
1401 4385 1544 4438 enim
1608 4400 1716 4439 non
1786 4395 1912 4442 ante
1981 4387 2072 4440 Fi-

486 4476 618 4531 lium
658 4518 674 4543 ,
727 4485 786 4530 ut
833 4475 879 4530 si
935 4475 1092 4529 aliter
1146 4474 1276 4545 quid
1338 4475 1686 4531 introducere
1746 4492 1867 4530 cum
1930 4476 2066 4532 Filio

487 4568 762 4632 volueris,
817 4581 922 4621 non
976 4567 1214 4622 salvahis
1291 4566 1622 4636 unigenitum
1659 4610 1673 4633 ,
1755 4569 1850 4624 sed
1925 4570 2066 4624 sicut

434 4676 442 4683 '
487 4660 649 4714 Pater
681 4660 828 4716 solus
877 4674 982 4714 non
1032 4669 1191 4714 natus
1236 4669 1342 4725 est,
1389 4669 1444 4713 et
1503 4660 1550 4714 si
1607 4661 1811 4716 dixeris
1865 4659 2060 4717 Filium

487 4766 593 4806 non
649 4761 855 4816 natum,
897 4751 1219 4821 periclitaris
1285 4751 1350 4805 de
1400 4766 1464 4805 eo
1520 4753 1662 4822 quod
1718 4753 1853 4808 dicis
1902 4769 1918 4807 :
1987 4753 2064 4808 ita

489 4844 534 4898 si
590 4843 718 4913 quid
765 4845 1162 4912 computaveris
1194 4859 1316 4898 cum
1370 4844 1667 4913 unigenito,
1699 4847 1826 4915 quid
1879 4845 2064 4915 loque-

488 4938 566 4992 ris
591 4937 827 5006 ignoras.
869 4933 1018 4990 Unus
1041 4919 1184 4989 enim
1218 4946 1303 4990 est
1335 4952 1443 4990 non
1476 4946 1656 5003 natus,
1691 4947 1746 4992 et
1778 4937 1885 4994 noli
1913 4954 2062 5009 qua:-

487 5042 610 5082 rere
635 5027 797 5081 alium
852 5042 959 5080 non
1016 5038 1199 5080 natum
1239 5046 1253 5083 :
1294 5044 1432 5083 unus
1479 5030 1811 5100 unigenitus,
1854 5039 1911 5086 et
1955 5032 2063 5087 noli

487 5133 730 5188 quaerere
755 5118 917 5172 alium
946 5117 1159 5184 Filium,
1191 5134 1257 5172 tte
1290 5121 1653 5191 interrumpas
1678 5123 2008 5192 unigenitum
2046 5142 2059 5177 :

489 5209 796 5278 unigenitus
823 5210 967 5263 enim
1004 5225 1110 5264 non
1152 5219 1236 5265 est
1283 5226 1450 5266 unum
1481 5227 1546 5268 ex
1573 5215 1804 5281 cunctis,
1834 5215 1930 5270 sed
1968 5231 2065 5285 per

2165 539 2260 591 per
2279 537 2442 592 quem
2466 530 2596 576 sunt
2638 521 2822 576 omnia
2852 539 2866 575 :
2901 521 3017 589 ipse
3039 536 3068 574 a
3094 519 3255 574 Patre
3302 520 3471 575 habet
3500 524 3634 589 quod
3658 535 3717 576 est

2165 614 2337 669 haeres
2372 632 2386 668 :
2417 629 2522 667 non
2551 623 2633 668 est
2667 630 2731 668 ex
2767 615 3102 669 htereditate.
3128 614 3430 669 Consessor
3454 627 3564 668 non
3581 625 3654 667 est
3669 630 3718 668 et

2164 705 2372 777 angelis
2404 705 2496 775 qui
2529 706 2768 771 adstant,
2820 721 2995 774 neque
3034 722 3100 761 ex
3143 706 3491 776 archangelis
3529 725 3545 759 :
3591 706 3720 771 iudex

2165 800 2406 854 omnium
2436 814 2540 854 non
2565 810 2650 854 est
2682 816 2822 856 unus
2850 817 2917 856 ex
2948 801 3031 856 his
3071 801 3162 869 qui
3196 800 3534 869 judicantur.
3569 797 3638 852 Ne
3664 809 3724 851 at-

2168 896 2356 951 trahas
2395 907 2644 950 naturam
2685 913 2809 967 qua:
2852 913 2956 951 non
2991 899 3224 960 accedit,
3273 911 3449 964 neque
3487 897 3722 964 pervenit.

2167 987 2337 1053 Quem
2363 1004 2430 1043 ex
2471 989 2573 1043 hoc
2607 989 2865 1044 debemus
2893 1004 3088 1054 nosse;
3129 989 3257 1058 quia
3289 987 3656 1056 unusquisque
3675 1003 3726 1039 ex

2170 1081 2255 1134 his
2297 1096 2417 1150 qua:
2461 1082 2612 1145 dicit,
2675 1093 2768 1136 ant
2825 1082 3144 1152 sibimetipsi
3187 1082 3408 1150 prodest
3446 1091 3544 1134 aut
3589 1079 3725 1132 laedit.

2169 1171 2277 1227 Res
2317 1174 2461 1228 enim
2493 1191 2556 1228 ex
2593 1175 2796 1229 nostris
2847 1176 3183 1228 sermonibus
3225 1189 3329 1228 non
3374 1171 3726 1226 transferetur.

2169 1264 2303 1330 Quia
2334 1266 2495 1334 igitur
2531 1264 2702 1322 Judaei
2733 1281 2836 1319 non
2882 1265 3207 1320 conﬁtentur
3237 1263 3457 1326 Filiutn,
3499 1277 3605 1317 non
3632 1263 3729 1314 ideo

2171 1374 2277 1412 non
2303 1368 2385 1412 est
2413 1357 2600 1412 Filius.
2637 1357 2904 1412 Judicabit
2941 1358 3086 1413 enim
3109 1371 3204 1410 eos
3227 1356 3319 1426 qui
3351 1371 3459 1409 non
3495 1354 3726 1410 conﬁten-

2173 1459 2261 1503 tur
2285 1465 2409 1504 eutn
2442 1467 2457 1504 :
2487 1449 2611 1517 quia
2647 1450 2861 1517 quidem
2904 1463 3101 1502 navum
3128 1447 3269 1501 istud
3299 1445 3641 1515 sacrilegium
3663 1445 3730 1496 in.

2175 1543 2529 1597 troduxertmt
2554 1543 2816 1605 dicentes.
2869 1543 3122 1597 eumdem
3167 1541 3340 1610 ipsum
3371 1553 3498 1594 esse
3540 1539 3730 1592 Patrem

2173 1650 2332 1703 quem
2359 1647 2413 1690 et
2442 1634 2636 1688 Filium
2673 1653 2688 1689 :
2729 1650 2903 1700 neque
2932 1633 3146 1689 Patrem
3169 1633 3385 1687 Patrem
3419 1633 3624 1696 dicent,
3659 1647 3732 1685 tte-

2175 1740 2281 1794 qtte
2303 1725 2495 1778 Filium
2527 1724 2725 1779 Filium
2753 1743 2765 1778 :
2806 1725 2897 1778 sed
2928 1723 3224 1778 secundum
3255 1725 3500 1792 ipsorum
3533 1723 3732 1776 sacrile-

2172 1819 2315 1886 gium
2341 1816 2472 1870 nihil
2496 1831 2736 1883 prorsus.
2762 1815 2818 1870 Si
2835 1816 2979 1868 enim
3005 1814 3163 1869 Pater
3186 1830 3290 1868 non
3315 1825 3399 1869 est
3421 1814 3607 1880 Pater,
3630 1814 3732 1882 quia

2173 1907 2288 1976 ipse
2315 1914 2399 1961 est
2430 1917 2484 1960 et
2508 1904 2697 1969 Filius,
2743 1915 2802 1958 ut
2846 1905 2942 1973 ipsi
2975 1904 3320 1974 ﬂagitantur;
3364 1915 3417 1957 et
3454 1902 3622 1956 Filius
3647 1918 3731 1955 non

2170 1998 2364 2062 Filius,
2387 1999 2512 2067 quia
2541 1998 2654 2067 ipse
2685 2007 2768 2051 est
2794 1995 2956 2050 Pater
2985 2015 2997 2049 :
3029 2011 3194 2064 prope
3221 2005 3304 2049 est
3347 2005 3404 2047 ttt
3439 1995 3622 2048 dicant
3658 2009 3731 2047 ne-

2169 2106 2276 2160 que
2305 2089 2520 2144 Patrem
2545 2105 2690 2151 esse,
2724 2103 2898 2158 neque
2928 2087 3124 2141 Filium
3158 2104 3172 2140 :
3203 2095 3260 2140 ut
3294 2101 3463 2139 unum
3495 2084 3637 2140 enim
3668 2084 3731 2136 fa-

2167 2185 2311 2239 ciunt
2345 2183 2487 2252 quod
2517 2199 2622 2236 non
2660 2181 2737 2235 ﬁt.
2775 2180 2908 2247 Quis
2933 2181 3076 2234 enim
3116 2178 3314 2248 poterit
3337 2177 3534 2231 audire
3583 2176 3730 2245 ipsum

2168 2292 2228 2332 se
2249 2277 2353 2332 sibi
2385 2291 2506 2330 esse
2550 2274 2808 2329 Patrem?
2847 2273 2968 2343 quis
3019 2274 3216 2343 poterit
3249 2270 3469 2325 Patrem
3502 2271 3666 2338 ipsum
3690 2285 3733 2321 se

2167 2370 2272 2426 sibi
2307 2385 2429 2424 esse
2478 2367 2712 2423 Filium?
2763 2366 2819 2422 Si
2870 2366 3016 2420 enim
3069 2365 3288 2419 voluero
3324 2373 3542 2417 mutare
3577 2378 3732 2416 vocem

2166 2479 2364 2526 meam,
2402 2479 2506 2515 non
2538 2470 2776 2515 mutatur
2801 2469 3037 2513 vestrum
3067 2457 3417 2527 propositum.
3453 2455 3638 2509 Nonne
3659 2469 3734 2522 pu-

2169 2559 2295 2610 tatis
2321 2571 2404 2608 nte
2440 2555 2615 2607 aliena
2659 2552 2842 2620 loqui?
2870 2551 3058 2605 Dicam
3089 2565 3220 2620 ergo
3242 2549 3402 2603 Pater
3439 2564 3550 2601 non
3576 2546 3732 2606 Pater.

2166 2655 2222 2700 et
2250 2645 2422 2699 Filius
2463 2659 2567 2697 non
2596 2641 2785 2695 Filius.
2826 2640 2958 2694 Nam
2987 2650 3041 2694 et
3077 2640 3122 2693 si
3147 2641 3357 2703 dixero,
3394 2642 3516 2706 ipse
3545 2637 3642 2690 sibi
3671 2647 3735 2689 est

2165 2737 2346 2802 Pater,
2376 2746 2429 2790 et
2454 2738 2566 2805 ipse
2585 2736 2686 2789 sibi
2711 2744 2794 2788 est
2825 2733 3025 2797 Filius;
3054 2747 3233 2786 nonne
3261 2730 3546 2786 insaniam
3575 2733 3734 2784 statim

2164 2829 2472 2900 signiﬁcant
2497 2843 2778 2883 sermones
2815 2825 2957 2880 mei?
2991 2825 3083 2878 sed
3115 2840 3202 2878 me
3242 2839 3347 2878 non
3387 2833 3604 2877 tantum
3639 2838 3734 2874 mo.

2165 2931 2329 2977 veant
2361 2920 2645 2974 adversum
2692 2934 2788 2973 eos
2815 2917 2907 2986 qui
2934 2916 3208 2976 dixerunt,
3264 2922 3534 2982 quantum
3584 2923 3734 2965 movet

2163 3020 2216 3065 et
2247 3009 2509 3064 adversus
2538 3022 2635 3062 eos
2665 3008 2758 3076 qui
2813 3005 3091 3075 patiuntur
3133 3021 3145 3056 :
3174 3003 3585 3059 calumniantur
3614 3004 3735 3057 enim

2090 3129 2133 3187 ο
2167 3101 2236 3154 ab
2280 3099 2472 3154 iisdem
2523 3107 2577 3152 et
2628 3095 2972 3187 Scripturzea
2999 3091 3112 3162 Ego
3153 3109 3171 3145 :
3203 3102 3325 3148 tene
3352 3092 3492 3162 Ego,
3528 3101 3584 3146 et
3607 3107 3735 3187 serva

2170 3191 2606 3260 coniunctionem
2650 3208 2664 3243 :
2702 3187 2816 3258 Ego
2853 3197 2903 3241 et
2949 3186 3112 3239 Pater
3147 3203 3308 3240 unum
3338 3203 3529 3240 sumus
3552 3187 3616 3239 ".
3640 3183 3733 3238 Non

2172 3295 2352 3339 tanien
2399 3297 2503 3337 non
2548 3297 2760 3335 sumus.
2812 3280 3095 3335 Contraria
3139 3280 3286 3334 enim
3345 3279 3735 3348 importunitate

2172 3374 2329 3442 plena
2357 3384 2503 3427 sunt.
2554 3371 2722 3426 Filius
2770 3371 2921 3436 dicit,
2977 3370 3117 3440 Ego;
3154 3371 3241 3424 ille
3271 3369 3421 3433 dicit,
3475 3369 3592 3424 Non
3625 3383 3731 3435 ego:

2172 3465 2341 3520 Filius
2375 3464 2526 3527 dicit,
2555 3473 2610 3518 et
2657 3462 2848 3526 Pater;
2898 3462 2989 3516 ille
3013 3463 3162 3526 dicit,
3204 3475 3308 3514 non
3339 3460 3529 3516 Pater.
3564 3461 3730 3520 Unum,

2175 3556 2369 3626 inquit,
2400 3571 2618 3619 sumus;
2655 3565 2709 3609 et
2735 3555 2824 3608 ille
2858 3563 3068 3617 contra,
3099 3569 3204 3608 non
3239 3569 3453 3610 sumus.
3506 3557 3608 3608 Aut
3629 3553 3732 3623 quid

2173 3649 2434 3718 scriptum
2463 3656 2546 3702 est
2567 3647 2592 3700 ἳ
2617 3655 2712 3700 aut
2741 3647 2870 3714 quid
2901 3646 3182 3700 delemus?
3209 3657 3302 3701 aut
3325 3647 3461 3715 quid
3495 3644 3734 3718 legimus?

2173 3751 2266 3795 aut
2295 3741 2424 3810 quid
2453 3739 2828 3810 agnoscimus?
2858 3739 2967 3808 Ego
3001 3739 3054 3792 in
3085 3738 3247 3794 Patre
3292 3750 3346 3794 et
3366 3739 3536 3795 Pater
3572 3743 3620 3792 iu
3646 3753 3731 3791 me.

2174 3833 2291 3889 Non
2325 3844 2502 3888 tamen
2530 3833 2654 3903 quia
2688 3846 2861 3900 neque
2889 3847 3010 3901 ego,
3048 3846 3224 3901 neque
3249 3831 3409 3886 Pater
3447 3854 3458 3887 :
3503 3829 3733 3901 quemad-

2175 3926 2392 3980 modum
2435 3934 2616 3979 autem
2663 3922 2824 3978 Pater
2860 3924 2915 3978 in
2967 3923 3126 3986 Filio,
3176 3934 3230 3977 et
3259 3922 3434 3978 Filius
3494 3925 3546 3978 in
3579 3922 3730 3982 Patre,

2175 4016 2409 4071 maxime
2429 4016 2648 4085 quidem
2671 4029 2770 4069 cur
2791 4016 2958 4069 audes
2985 4015 3266 4082 quaerere?
3294 4015 3339 4068 is
3354 4015 3507 4068 enim
3535 4014 3622 4082 qui
3643 4011 3730 4080 (97)

2173 4119 2257 4164 est
2283 4112 2336 4162 itt
2367 4122 2432 4162 eo
2461 4107 2552 4176 qui
2600 4115 2702 4170 est,
2757 4121 2861 4160 non
2898 4107 3022 4174 quia
3051 4120 3156 4158 non
3198 4107 3618 4176 θενάνυπάρχει
3645 4124 3656 4158 :
3681 4121 3731 4156 au

2174 4200 2299 4268 quia
2331 4215 2433 4253 non
2458 4208 2537 4253 est
2570 4198 2732 4253 Pater
2762 4211 2820 4253 ttt
2851 4199 2922 4252 sit
2965 4201 3016 4252 in
3050 4198 3186 4252 Filio
3207 4198 3558 4269 ἀνυπάρχειῖ
3587 4213 3732 4266 neque

2173 4309 2280 4348 non
2310 4302 2393 4348 est
2421 4293 2588 4347 Filius
2619 4292 2710 4361 qtti
2743 4301 2823 4345 est
2859 4293 2908 4344 in
2943 4291 3107 4346 Patre
3135 4291 3431 4361 signiﬁcat.
3481 4291 3731 4360 Siquidem

2175 4394 2230 4439 et
2266 4383 2492 4453 apostoli
2525 4382 2810 4436 duodecim
2841 4398 3006 4435 unum
3037 4391 3183 4444 sunt,
3215 4391 3272 4435 et
3300 4383 3662 4450 septuaginta,
3692 4388 3732 4432 et

2172 4476 2474 4547 quingenti,
2521 4484 2576 4529 et
2628 4483 2738 4528 tota
2777 4473 3014 4528 Ecclesia
3061 4488 3246 4526 unum.
3286 4472 3351 4526 Et
3380 4488 3452 4526 ne
3486 4482 3639 4542 putes
3666 4483 3732 4522 tne

2172 4571 2236 4624 ad
2276 4569 2508 4622 humana
2537 4567 2808 4622 deducere
2836 4567 3018 4622 divina
3058 4583 3074 4619 :
3108 4565 3202 4620 sed
3231 4565 3436 4619 utimur
3475 4577 3731 4633 compara-

2172 4661 2414 4716 tionibus
2449 4675 2571 4714 cum
2623 4660 2954 4730 indulgentia
2998 4659 3139 4728 apud
3187 4657 3404 4723 fratres,
3451 4663 3731 4712 etmaneat

2173 4756 2315 4810 Deus
2358 4765 2418 4808 ut
2461 4763 2562 4807 est.
2601 4753 2808 4806 Tamen
2845 4754 2889 4807 si
2943 4750 3244 4806 dixerimus
3295 4749 3728 4817 quemadmodum

2165 4845 2342 4900 omnis
2376 4844 2617 4898 Ecclesia
2651 4859 2772 4912 quae
2819 4845 3021 4912 ubique
3067 4856 3172 4909 est,
3203 4859 3370 4897 unum
3401 4857 3600 4911 corpus
3630 4849 3724 4900 est:

2166 4937 2344 4992 nullus
2383 4936 2797 5005 reprehendat:
2847 4937 2973 5004 quia
3020 4950 3125 4989 non
3165 4937 3429 4988 mentitur
3491 4938 3625 4988 Deus
3651 4931 3725 5000 qui

2166 5029 2302 5083 dixit
2333 5047 2345 5082 :
2379 5027 2491 5097 Ego
2524 5029 2580 5082 in
2612 5031 2759 5096 ipsis,
2790 5039 2836 5081 at
2859 5039 2916 5081 tu
2939 5031 2993 5082 in
3015 5045 3096 5082 me
3116 5029 3182 5082 ³⁵.
3216 5027 3332 5081 Νοη
3365 5030 3492 5097 quia
3519 5030 3725 5094 abnega-

2167 5126 2370 5176 tionem
2405 5121 2582 5176 Patris
2630 5123 2914 5192 irreligiosi
2971 5136 3247 5176 sermones
3301 5123 3527 5186 docent,
3581 5130 3724 5186 neque

2166 5215 2309 5283 quod
2343 5231 2450 5270 non
2482 5217 2554 5270 sit
2605 5217 2650 5270 is
2675 5217 2765 5284 qui
2797 5218 3002 5286 genuit,
3060 5231 3235 5284 neque
3276 5216 3609 5284 Spretiottem
3630 5211 3723 5279 ejus

555 5326 602 5358 ”
623 5325 776 5381 Joan.
812 5340 945 5390 xvu,
980 5325 1065 5379 l5.
1143 5325 1189 5356 "‘
1217 5323 1374 5381 Joan.
1406 5341 1460 5392 Χ,
1493 5326 1582 5382 50.
1657 5327 1704 5358 "
1731 5325 1887 5381 Joan.
1915 5342 2054 5393 xvu,
2086 5325 2176 5381 25.

561 5461 670 5552 (9ζὶ)
701 5477 882 5552 Seruo.
909 5477 1360 5552 Τήρειηοὺεετυα.
1395 5481 1504 5534 Aut
1533 5482 1694 5536 etiam
1734 5491 1902 5545 tuere,
1938 5483 2063 5535 reti-

487 5565 571 5670 κίε.
603 5549 771 5617 Supra
801 5548 892 5602 lib.
928 5548 1078 5604 taln
1109 5548 1372 5620 principio
1401 5563 1536 5620 erat,
1569 5568 1715 5606 serva
1749 5553 1888 5620 quod
1922 5563 2056 5617 erat,

487 5633 517 5672 e
544 5634 590 5672 c.

561 5687 672 5766 (D7)
702 5687 757 5740 ls
782 5695 920 5766 enim
955 5693 1064 5760 qui.
1098 5690 1330 5766 _Yide_tttr
1357 5689 1460 5766 hoc
1503 5691 1638 5766 velle
1666 5707 1680 5746 :
1723 5694 1767 5747 is
1796 5693 1931 5746 enim
1952 5691 2060 5766 qui

484 5767 559 5812 εει
581 5761 634 5813 in
654 5775 712 5812 eo
737 5763 824 5816 aui
848 5773 945 5818 est.
975 5778 1073 5818 non
1093 5762 1205 5816 ideo
1228 5761 1549 5837 a'wondtpxst,
1574 5764 1667 5819 hoc
1691 5775 1790 5828 est,
1818 5779 1918 5818 non
1944 5764 2059 5819 ideo

2165 5499 2270 5536 non
2316 5484 2574 5539 subsistit.
2607 5485 2692 5555 Att
2724 5485 2839 5539 ideo
2878 5481 3039 5538 Pater
3073 5484 3399 5555 ἀνυπάρχει,
3446 5501 3546 5538 non
3579 5479 3716 5555 subsi-

2167 5555 2278 5620 stit,
2297 5556 2422 5624 quia
2449 5569 2525 5610 est
2564 5557 2619 5608 in
2646 5554 2789 5608 Filio
2808 5558 2834 5612 ?
2865 5557 3044 5624 Igitur
3098 5550 3272 5623 neque
3293 5550 3473 5607 Filius
3507 5550 3714 5624 ἀνυπάρτ

2167 5617 2272 5694 xei,
2298 5617 2402 5677 non
2423 5627 2676 5689 subsistit,
2701 5627 2827 5695 quia
2850 5617 2926 5679 est
2955 5628 3010 5678 in
3041 5617 3216 5695 Patre.
3252 5625 3493 5693 Respicit
3525 5626 3587 5676 ad
3611 5617 3711 5674 illud

2165 5695 2518 5818 :Iqaltiétgd8,
2547 5707 2600 5753 et
2634 5693 2746 5766 m,
2774 5695 2864 5764 10,
2897 5697 2956 5752 ll
2986 5712 3000 5749 :
3031 5693 3195 5751 Pater
3226 5695 3281 5749 irt
3316 5712 3400 5750 me
3434 5707 3528 5761 est,
3561 5709 3605 5753 et
3637 5709 3710 5764 ego

2165 5781 2220 5819 ιιι
2249 5777 2426 5820 I'atre.
