3810 6218
471 316 488 370 Ι
501 316 607 371 065

1171 310 1436 365 EL‘SEBII
1474 308 1944 365 CAESARIENSIS
1979 310 2131 368 OPP.
2174 309 2355 366 PARS
2391 311 2483 369 IV.
2524 343 2594 353 —
2627 309 3055 367 DOGMATICA.

3599 308 3732 365 ιθω

463 441 676 487 meatus
700 443 863 498 supra
894 435 1101 483 meatus
1123 427 1373 490 eﬁttndit,
1401 427 1540 482 Deus
1565 437 1743 481 autem
1768 429 1820 482 in
1844 443 1908 482 eo
1927 428 2055 498 ipso.
2071 434 2117 490 Α
2143 445 2304 498 quem
2344 438 2470 484 sunt
2512 438 2727 484 cuncta.
2771 428 2885 482 Non
2914 437 2996 483 est
3023 445 3185 482 unum
3223 445 3289 484 ex
3337 427 3624 492 omnibus,
3649 433 3730 485 sed

459 524 604 593 quod
636 531 720 576 est
755 529 978 574 manet:
1015 534 1189 579 neque
1211 520 1355 573 enim
1391 535 1492 574 vos
1517 520 1849 575 conveniens
1883 523 2039 576 inve-

460 617 630 681 nitur,
661 626 834 680 neque
879 612 1218 680 comparatio
1262 612 1584 678 perveniens
1615 613 1682 666 ad
1713 613 1859 666 illam
1885 624 2044 667 natu-

461 721 578 760 t-am
603 722 620 760 :
651 704 745 760 sed
769 715 828 758 ut
849 719 954 758 non
983 713 1256 757 taceamus
1278 702 1593 770 colligentes
1612 718 1732 774 quae
1748 704 2041 769 habemus;

459 814 582 851 cum
614 807 794 852 autem
828 797 1011 850 omnia
1040 795 1357 859 dixerimus,
1397 807 1526 850 tunc
1561 795 1888 851 conﬁtemur
1917 798 2043 866 quia

454 906 578 962 qua:
603 891 841 945 dicimus
894 889 1027 943 nihil
1077 887 1332 942 diﬁ‘erunt
1370 902 1401 942 a
1443 889 1836 944 taciturnitate.
1882 889 2046 945 Pater

455 999 527 1037 es
555 997 621 1038 eo
672 982 990 1051 agnoscitur
1032 980 1202 1052 ﬁgura
1233 981 1376 1050 quod
1411 990 1495 1035 est
1536 997 1641 1036 non
1671 992 1849 1036 natus.
1892 980 2046 1038 Unus

455 1075 601 1130 enim
625 1085 708 1129 est
739 1075 875 1143 ipse,
907 1075 1000 1143 qui
1031 1089 1136 1127 non
1161 1082 1245 1128 est
1279 1075 1346 1126 ab
1377 1072 1485 1128 alio
1531 1091 1544 1127 :
1580 1091 1720 1128 unus
1755 1077 1953 1145 estqui
1976 1091 2046 1131 ex

455 1181 522 1220 eo
547 1167 690 1236 quod
717 1182 824 1220 non
848 1176 1006 1220 natus
1032 1177 1118 1220 est
1138 1166 1470 1235 agnoscitur.
1499 1163 1615 1219 Non
1649 1165 1817 1222 frater
1837 1167 1908 1232 ei,
1939 1182 2045 1221 non

456 1258 621 1313 Pater
649 1258 854 1323 Patris,
903 1260 998 1314 sed
1053 1257 1346 1326 singularis
1399 1267 1590 1311 natura
1639 1269 1767 1312 est:
1815 1269 1869 1312 et
1899 1259 1952 1312 in
1981 1273 2044 1314 ea

458 1352 604 1421 quod
641 1367 744 1405 non
781 1361 943 1405 natus
980 1361 1082 1416 est,
1110 1365 1238 1403 vere
1264 1349 1412 1404 solus
1445 1351 1776 1416 osu~nditur,
1810 1367 1917 1405 non
1947 1366 2046 1405 na-

460 1457 550 1500 tus
588 1444 748 1498 Pater
782 1462 795 1498 :
845 1445 913 1497 ab
967 1444 1067 1498 hoc
1109 1457 1240 1498 sane
1275 1461 1381 1498 non
1431 1453 1561 1499 nato
1605 1455 1859 1498 manente
1899 1444 2047 1512 quod

461 1548 546 1592 est
597 1536 885 1599 indivisus,
940 1535 1226 1602 inscissus,
1281 1537 1616 1605 impartitus,
1676 1537 2044 1605 impassibilis,

459 1629 776 1699 unigenitus
813 1639 901 1683 est
930 1625 1100 1682 Filius
1131 1639 1291 1682 natus
1321 1645 1334 1682 :
1364 1644 1538 1698 neque
1559 1629 1697 1684 alius
1717 1639 1799 1684 est
1823 1645 1929 1685 non
1961 1645 2050 1683 na-

461 1730 570 1786 tus,
621 1737 795 1791 neque
832 1721 968 1775 alius
1021 1721 1367 1791 unigenitus;
1423 1725 1516 1776 sed
1558 1739 1698 1777 unus
1740 1738 1846 1778 non
1892 1734 2048 1779 natus

459 1813 644 1880 Pater,
677 1823 733 1868 et
766 1829 905 1868 unus
933 1813 1245 1882 unigenitus
1262 1814 1451 1869 Filius.
1484 1815 1604 1868 Hinc
1630 1831 1733 1869 non
1759 1833 1854 1870 nos
1887 1817 2050 1871 extol-

460 1905 598 1970 lunt,
647 1904 906 1958 memoria
941 1903 1086 1958 illius
1135 1905 1274 1958 beati
1311 1907 1433 1958 viri.
1472 1906 1688 1961 Utinam
1743 1919 1920 1962 autent
1976 1910 2049 1963 ita

459 1995 663 2061 possim
696 1994 895 2058 dicere,
920 2004 982 2047 ut
1011 1994 1288 2048 vobiscum
1317 2011 1530 2065 semper
1551 1999 1619 2049 ab
1647 1997 1836 2051 eodem
1864 1999 2050 2053 audie-

460 2083 604 2137 bam.
652 2083 758 2138 Sed
805 2099 868 2138 ea
896 2101 1014 2154 qua:
1052 2101 1195 2140 nunc
1223 2087 1502 2151 dicuntur,
1540 2088 1613 2141 illi
1648 2089 1843 2158 placita
1884 2090 2049 2145 fuisse

461 2177 736 2230 videntur.
781 2176 962 2232 Gloria
1004 2179 1148 2232 enim
1173 2191 1258 2234 est
1283 2179 1575 2248 proborum
1607 2197 1888 2236 servorum
1918 2198 2045 2238 vera

459 2268 528 2320 de
558 2255 783 2322 Domino
809 2267 990 2323 dicere
1015 2285 1030 2321 :
1061 2277 1117 2323 et
1146 2269 1320 2323 honor
1341 2284 1529 2323 eorum
1557 2283 1769 2340 patrum
1794 2274 1884 2340 qui
1909 2272 2048 2327 bene

461 2359 786 2425 docuerunt,
811 2360 854 2414 si
892 2371 1208 2430 repetantur
1237 2378 1425 2416 eorum
1461 2364 1738 2418 doctrinae.
1767 2364 1918 2420 Unus
1941 2366 2043 2436 igi-

461 2461 554 2505 tur
593 2461 676 2506 est
709 2467 817 2506 non
849 2464 1009 2506 natus
1034 2454 1176 2508 Deus
1214 2472 1228 2509 :
1269 2471 1424 2508 serva
1457 2454 1567 2525 (96)
1601 2473 1704 2509 non
1732 2466 1892 2511 natus
1917 2473 2041 2512 cum

465 2545 647 2612 Patre,
682 2555 737 2600 et
769 2560 875 2600 non
901 2547 1124 2602 habebis
1150 2548 1204 2601 in
1236 2549 1418 2602 anima
1442 2548 1810 2604 confusionem
1843 2565 2041 2604 :serva

464 2637 775 2706 unigenitus
812 2651 934 2690 cum
964 2636 1117 2704 Filio,
1145 2646 1196 2692 et
1225 2652 1330 2692 non
1360 2639 1683 2703 turbaberis,
1737 2653 1910 2706 neque
1927 2639 2041 2707 jam

462 2731 574 2784 eris
598 2729 838 2784 incertus
877 2731 1329 2798 quemadmodum
1362 2730 1501 2784 Deus
1551 2741 1604 2783 et
1638 2729 1798 2797 Deus,
1834 2743 1889 2784 et
1932 2747 2041 2787 non

469 2818 586 2874 Dei.
627 2819 765 2886 Quia
818 2821 965 2874 enim
1003 2820 1203 2874 retines
1227 2835 1366 2874 unus
1403 2819 1544 2874 Deus
1587 2836 1692 2874 non
1749 2832 1930 2888 natus,
1970 2808 2042 2878 ἐι

465 2923 604 2963 unus
633 2910 773 2964 Deus
800 2910 1148 2978 unigenitus;
1179 2911 1297 2965 ideo
1321 2926 1426 2965 non
1451 2913 1548 2976 dii,
1573 2912 1697 2981 quia
1727 2929 1906 2982 neque
1932 2930 2037 2969 non

465 3001 606 3065 nati,
640 3015 813 3070 neque
852 3003 1110 3072 unigeniti
1147 3019 1161 3056 :
1201 3017 1360 3057 serva
1408 3003 1636 3072 liguram
1674 3019 1777 3057 non
1811 3005 1939 3068 nati,
1984 3016 2039 3061 et

2145 539 2240 591 per
2260 537 2422 592 quem
2447 531 2576 576 sunt
2618 522 2802 576 omnia
2832 541 2845 576 :
2882 521 2997 590 ipse
3019 537 3047 574 a
3074 520 3234 576 Patre
3280 521 3451 576 habet
3479 524 3634 590 quod
3661 534 3734 577 est

2145 614 2318 669 haeres
2352 632 2367 668 :
2397 629 2502 668 non
2531 624 2614 668 est
2647 631 2712 668 ex
2746 615 3081 669 haereditate.
3107 615 3411 670 Consessor
3435 629 3551 669 non
3571 627 3656 668 est
3675 631 3733 668 ex

2145 706 2353 777 angelis
2385 707 2476 776 qui
2510 707 2749 772 adstant,
2800 721 2974 775 neque
3013 723 3079 762 ex
3123 707 3470 778 archangelis
3509 725 3528 760 :
3582 707 3735 772 iudex

2145 800 2386 854 omnium
2416 815 2520 853 non
2545 810 2629 855 est
2662 816 2802 856 unus
2830 817 2897 856 ex
2928 802 3010 856 his
3050 801 3141 869 qui
3174 801 3517 869 juilicantur.
3556 799 3638 852 Ne
3668 809 3739 850 at-

2148 895 2336 951 trahas
2375 907 2624 950 naturam
2664 913 2788 968 qua:
2831 913 2936 952 non
2971 899 3202 959 accedit,
3251 912 3428 964 neque
3466 898 3737 965 pervenit.

2147 986 2317 1053 Quem
2343 1004 2410 1043 ex
2451 989 2553 1043 hoc
2587 989 2844 1044 debemus
2872 1004 3068 1055 nosse;
3108 989 3236 1058 quia
3267 989 3657 1057 unusquisque
3681 1003 3741 1040 ex

2151 1081 2234 1134 his
2277 1096 2397 1150 quae
2441 1081 2591 1145 dicit,
2655 1093 2748 1136 aut
2803 1082 3123 1152 sibimetipsi
3166 1083 3387 1150 prodest
3425 1091 3527 1135 aut
3579 1081 3741 1134 laedit.

2149 1171 2256 1225 Res
2298 1173 2441 1226 enim
2472 1191 2536 1228 ex
2573 1175 2774 1230 nostris
2825 1176 3162 1229 sermonibus
3204 1190 3309 1228 non
3351 1172 3740 1228 transferetur.

2149 1262 2283 1330 Quia
2315 1265 2475 1334 igitur
2511 1264 2680 1321 Judaei
2713 1281 2815 1320 non
2860 1265 3185 1320 conﬁtentur
3216 1264 3436 1326 Filium.
3477 1279 3597 1318 non
3627 1263 3744 1316 ideo

2151 1375 2256 1412 non
2283 1368 2364 1412 est
2392 1356 2580 1412 Filius.
2616 1357 2882 1412 Jndicabit
2921 1359 3065 1413 enim
3088 1371 3182 1412 eos
3207 1357 3299 1427 qui
3329 1372 3438 1410 non
3473 1356 3739 1411 conﬁten-

2153 1459 2241 1503 tur
2265 1465 2388 1504 eutn
2421 1467 2436 1504 :
2466 1449 2591 1517 quia
2626 1450 2839 1518 quidem
2883 1463 3080 1503 novum
3107 1447 3248 1502 istud
3277 1447 3639 1517 sacrilegium
3664 1446 3744 1498 in-

2154 1543 2802 1606 troduxeruntdicentes.‘
2848 1543 3100 1598 eumdem
3146 1543 3318 1610 ipsum
3349 1555 3475 1596 esse
3523 1540 3743 1593 Patrem

2153 1650 2311 1704 quem
2338 1647 2391 1690 et
2420 1635 2616 1689 Filium
2652 1654 2666 1690 :
2708 1651 2882 1700 neque
2911 1633 3124 1690 Patrem
3149 1634 3364 1688 Patrem
3401 1634 3617 1698 dicent,
3657 1649 3745 1687 ne-

2155 1740 2260 1795 que
2281 1725 2474 1779 Filium
2505 1725 2704 1780 Filium
2731 1744 2743 1778 :
2785 1725 2875 1779 sed
2907 1725 3203 1780 secundum
3233 1727 3477 1793 ipsomm
3513 1725 3744 1778 sacrile-

2151 1819 2294 1886 giunt
2320 1816 2450 1870 nihil
2475 1831 2714 1884 prorsus.
2741 1816 2796 1870 Si
2814 1817 2958 1869 enim
2984 1816 3142 1870 Pater
3165 1831 3267 1870 non
3293 1827 3380 1870 est
3403 1815 3594 1880 Pater,
3620 1816 3744 1884 quia

2152 1908 2266 1977 ipse
2294 1915 2378 1962 est
2409 1918 2462 1961 et
2487 1905 2676 1970 Filius,
2722 1915 2780 1959 ut
2825 1906 2921 1973 ipsi
2953 1905 3299 1974 ﬂagitantur;
3343 1917 3398 1958 et
3432 1903 3610 1959 Filius
3641 1920 3742 1958 non

2149 1999 2342 2063 Filius,
2364 2000 2491 2068 quia
2520 1999 2633 2068 ipse
2663 2008 2746 2052 est
2773 1997 2934 2050 Pater
2963 2016 2976 2051 :
3007 2012 3172 2066 prope
3200 2005 3282 2050 est
3326 2006 3386 2048 ιιι
3417 1997 3610 2050 dicant
3655 2011 3741 2050 ne-

2147 2107 2254 2160 que
2283 2090 2498 2145 Patrem
2523 2105 2668 2152 esse,
2702 2104 2876 2158 neque
2906 2088 3102 2142 Filium
3137 2105 3150 2142 :
3181 2096 3238 2142 ut
3271 2103 3440 2140 unum
3469 2087 3628 2141 enim
3665 2087 3741 2139 fa-

2145 2185 2289 2240 ciunt
2322 2184 2465 2252 quod
2495 2199 2600 2237 non
2639 2182 2715 2236 ﬁt.
2754 2181 2887 2248 Quis
2911 2182 3054 2235 enim
3094 2179 3291 2249 poterit
3316 2179 3511 2233 audire
3564 2180 3740 2247 ipsum

2146 2293 2205 2332 se
2227 2277 2330 2332 sibi
2363 2291 2484 2331 esse
2529 2275 2786 2330 Patrem?
2825 2274 2946 2344 quis
2997 2275 3194 2344 poterit
3227 2272 3444 2326 Patrem
3477 2273 3664 2340 ipsum
3693 2287 3744 2324 se

2145 2370 2250 2426 sibi
2285 2385 2407 2425 esse
2455 2368 2690 2423 Filium?
2741 2366 2798 2422 Si
2849 2367 2994 2421 enim
3047 2366 3266 2420 voluero
3302 2375 3518 2418 mutare
3557 2379 3742 2419 vocem

2143 2479 2342 2526 meam,
2380 2479 2484 2516 non
2516 2471 2754 2515 mutatur
2779 2470 3014 2514 vestrum
3045 2458 3396 2528 propositum.
3428 2457 3627 2511 Nonne
3653 2473 3743 2525 pu-

2146 2559 2272 2610 tatis
2298 2571 2381 2608 nte
2417 2555 2592 2608 aliena
2637 2553 2820 2622 loqui?
2848 2552 3036 2606 Dicam
3067 2566 3198 2621 ergo
3219 2551 3381 2605 Pater
3414 2565 3526 2602 non
3557 2547 3742 2611 Pater,

2143 2655 2200 2700 et
2227 2644 2398 2699 Filius
2441 2659 2545 2698 non
2574 2641 2763 2696 Filius.
2805 2641 2938 2694 Nam
2965 2651 3019 2695 et
3055 2641 3100 2694 si
3125 2641 3334 2704 dixero,
3371 2643 3490 2708 ipse
3521 2640 3630 2692 sibi
3666 2650 3745 2693 est

2142 2737 2323 2802 Pater,
2353 2746 2407 2790 et
2431 2737 2544 2806 ipse
2562 2737 2664 2789 sibi
2690 2745 2772 2789 est
2803 2734 3003 2799 Filius;
3033 2747 3210 2788 nonne
3238 2733 3522 2787 insaniam
3555 2736 3743 2787 statim

2141 2829 2449 2900 signiﬁcant
2473 2844 2755 2883 sermones
2793 2827 2935 2881 ntei?
2969 2827 3061 2880 sed
3093 2841 3179 2880 me
3220 2841 3324 2879 non
3365 2835 3586 2878 tantum
3627 2842 3742 2879 mo-

2142 2931 2306 2977 veant
2338 2920 2623 2974 adversum
2669 2935 2766 2974 eos
2793 2919 2884 2987 qui
2911 2917 3184 2978 dixerunt,
3241 2923 3512 2983 quantum
3565 2929 3742 2971 movet

2140 3019 2193 3064 et
2223 3009 2486 3064 adversus
2515 3022 2612 3063 eos
2643 3009 2735 3077 qui
2790 3006 3068 3076 patiuntur
3111 3022 3123 3056 :
3151 3005 3567 3060 calumniantur
3599 3009 3743 3060 enim

461 3092 724 3149 conﬁtere
754 3093 978 3164 ﬁguram
1008 3095 1298 3165 unigeniti,
1349 3105 1405 3148 et
1442 3096 1583 3148 nulla
1635 3097 1845 3152 turbela
1870 3109 1952 3152 est
1982 3099 2036 3153 in
2067 3129 2109 3186 ο
2144 3100 2212 3154 ab
2258 3099 2450 3153 iisdem
2501 3107 2555 3152 et
2606 3096 2918 3169 Scriptum.
2977 3092 3090 3163 Ego
3131 3111 3149 3146 :
3180 3104 3303 3148 tene
3329 3093 3466 3163 Ego,
3505 3104 3566 3148 et
3590 3111 3742 3150 serva

467 3185 670 3250 medio,
704 3201 809 3240 non
838 3186 924 3251 lis,
959 3201 1065 3241 non
1110 3190 1409 3256 contentio,
1439 3205 1547 3244 non
1573 3191 1831 3260 jurgium.
1880 3191 2043 3246 Pater

469 3289 577 3328 non
604 3275 707 3330 sibi
738 3277 966 3332 ascribit
1013 3275 1226 3332 Patrem
1269 3295 1284 3337 ξ
1324 3279 1495 3336 Filius
1522 3297 1661 3335 unus
1688 3282 1790 3336 sibi
1825 3284 2047 3338 ascribit

466 3365 684 3422 Patrem
719 3386 733 3423 :
764 3368 926 3424 Pater
949 3385 978 3424 a
1018 3370 1168 3425 nullo
1197 3382 1303 3437 est,
1338 3371 1506 3428 Filius
1535 3375 1602 3428 ab
1629 3390 1737 3429 uno
1760 3385 1844 3429 est
1864 3375 2044 3432 Patre.

467 3458 911 3531 Nonsuscipiunt
943 3463 1056 3517 haec
1078 3462 1250 3530 litem,
1273 3459 1368 3519 aut
1388 3464 1590 3521 habent
1619 3466 2042 3523 dubitationem:

467 3552 537 3607 Ut
565 3566 883 3625 cognoscant
917 3565 965 3610 te
1007 3557 1174 3612 solum
1209 3575 1384 3612 verum
1436 3559 1605 3614 Deum
1629 3559 1676 3592 ”
1711 3579 1724 3614 :
1771 3578 1875 3616 non
1919 3565 2046 3632 quia

467 3663 574 3702 non
598 3663 724 3702 vere
744 3657 828 3702 est
855 3649 1160 3719 unigenitus
1184 3648 1356 3706 Filius
1375 3651 1491 3716 Dei,
1523 3654 1618 3708 sed
1642 3654 1767 3724 quia
1790 3669 1819 3707 a
1853 3665 2050 3710 semet-

464 3739 600 3808 ipso,
629 3749 686 3793 et
727 3755 792 3794 cx
824 3741 1136 3810 semetipso,
1165 3751 1218 3796 et
1260 3756 1355 3810 per
1378 3744 1746 3814 semetipsum,
1785 3745 1832 3798 si
1869 3755 2048 3800 tamen

465 3833 538 3885 ita
566 3832 674 3886 dici
701 3833 858 3887 debet
889 3851 902 3887 :
937 3831 1058 3887 fons
1079 3843 1134 3888 et
1161 3834 1485 3902 principium
1509 3837 1752 3890 omnium
1785 3838 2047 3892 bonorum

463 3933 547 3978 est
585 3923 767 3988 Pater,
799 3925 890 3992 qui
927 3926 1112 3994 genuit
1147 3925 1304 3980 talem
1335 3927 1528 3980 bonam
1579 3929 1908 3998 progeniem.
1943 3928 2050 3982 Bo-

467 4031 569 4067 nus
593 4017 737 4069 enim
774 4015 941 4070 Filius
964 4029 1070 4081 est,
1093 4017 1188 4071 sed
1211 4018 1354 4072 cedit
1383 4019 1678 4073 bonitatem
1709 4036 1810 4074 suo
1844 4023 2050 4090 genito-

465 4106 536 4168 t-i,
565 4120 670 4159 non
696 4107 963 4161 mentiens
983 4107 1077 4161 sed
1097 4107 1273 4162 sciens
1293 4109 1435 4164 unde
1457 4119 1558 4162 est.
1589 4109 1718 4164 Sine
1746 4111 2012 4181 principio
2033 4133 2045 4168 :

463 4197 794 4266 principium
825 4209 1003 4253 autem
1032 4199 1153 4253 dico
1188 4215 1292 4253 non
1327 4210 1647 4270 temporum,
1683 4217 1787 4255 non
1827 4205 2048 4259 saculo-

468 4303 627 4355 t-um;
665 4289 780 4344 haec
814 4291 957 4344 enim
984 4305 1080 4359 per
1114 4289 1309 4344 Filium
1342 4292 1483 4347 facta
1515 4307 1661 4354 sunt.
1702 4305 1755 4349 et
1790 4311 1894 4349 non
1923 4312 2047 4351 cum

463 4379 604 4436 Filio
669 4391 791 4436 nata
848 4399 862 4434 :
921 4396 1028 4434 non
1095 4390 1304 4435 tantum
1376 4383 1521 4436 enim
1584 4399 1692 4438 non
1761 4394 1888 4441 ante
1957 4386 2048 4440 Fi-

2147 3191 2584 3260 conjunctionent
2629 3208 2641 3243 :
2680 3188 2793 3258 Ego
2831 3198 2879 3242 et
2926 3187 3089 3240 Pater
3125 3204 3286 3240 unum
3316 3204 3507 3242 sumus
3531 3189 3602 3242 ".
3629 3187 3739 3243 Non

2147 3295 2328 3339 tamen
2375 3297 2480 3337 non
2525 3297 2737 3335 sumus.
2789 3281 3072 3335 Contraria
3117 3281 3263 3334 enim
3322 3281 3742 3349 importunitate

2148 3374 2305 3442 plena
2334 3384 2480 3428 sunt.
2532 3371 2700 3425 Filius
2747 3371 2898 3437 dicit,
2954 3371 3094 3442 Ego;
3131 3372 3218 3426 ille
3247 3371 3400 3435 dicit,
3449 3371 3576 3426 Non
3613 3387 3736 3440 ego:

2148 3465 2318 3520 Filius
2351 3465 2503 3528 dicit,
2531 3473 2587 3518 et
2634 3462 2826 3527 Pater;
2875 3463 2965 3517 ille
2990 3464 3140 3527 dicit,
3182 3477 3286 3516 non
3317 3461 3506 3518 Pater.
3544 3465 3734 3526 Unum,

2151 3557 2346 3626 inquit,
2377 3572 2594 3621 sumus;
2633 3566 2686 3610 et
2712 3555 2801 3609 ille
2836 3564 3046 3618 contra,
3077 3571 3181 3610 non
3217 3571 3428 3610 sumus.
3480 3559 3593 3611 Aut
3617 3558 3736 3628 quid

2150 3649 2411 3718 scriptum
2440 3657 2522 3702 est
2545 3647 2568 3700 ?
2594 3656 2689 3701 aut
2719 3647 2847 3715 quid
2878 3646 3160 3702 delemus?
3185 3658 3280 3702 aut
3302 3648 3436 3716 quid
3469 3649 3738 3720 legimus?

2149 3750 2242 3795 aut
2271 3741 2401 3810 quid
2430 3740 2806 3810 agnoscimus?
2835 3739 2944 3808 Ego
2978 3740 3032 3794 in
3062 3739 3225 3794 Patre
3269 3751 3323 3795 et
3343 3740 3514 3796 Pater
3553 3744 3606 3796 in
3636 3757 3734 3796 me.

2151 3833 2267 3888 Non
2300 3844 2478 3888 tamen
2507 3833 2630 3903 quia
2665 3847 2838 3901 neque
2865 3848 2988 3902 ego,
3026 3847 3201 3902 neque
3226 3832 3390 3888 Pater
3422 3855 3435 3888 :
3478 3835 3736 3903 quemad-

2152 3926 2368 3980 modum
2411 3935 2592 3979 autem
2640 3923 2800 3978 Pater
2838 3925 2892 3978 in
2944 3923 3103 3986 Filio.
3153 3935 3206 3978 et
3237 3923 3412 3979 Filius
3469 3927 3525 3979 in
3561 3925 3732 3989 Patre,

2151 4016 2385 4070 maxime
2406 4017 2625 4085 quidem
2647 4030 2746 4069 cur
2768 4017 2934 4069 anites
2962 4015 3243 4082 quaerere?
3270 4016 3318 4069 is
3331 4017 3483 4068 enim
3513 4017 3607 4085 qui
3633 4017 3732 4084 (97)

2150 4117 2233 4163 est
2259 4111 2312 4161 itt
2343 4121 2408 4162 eo
2438 4107 2528 4176 qui
2577 4116 2679 4170 est,
2733 4121 2838 4160 non
2874 4107 2998 4174 quia
3027 4121 3132 4159 non
3175 4107 3603 4178 εδι·ὰνυπὰρχει
3634 4127 3646 4162 ;
3675 4126 3732 4162 an

2151 4200 2275 4268 quia
2307 4215 2410 4253 non
2434 4209 2514 4254 est
2546 4197 2708 4253 Pater
2738 4211 2796 4252 ttt
2827 4200 2898 4253 sit
2941 4201 2992 4252 in
3026 4199 3164 4253 Filio
3184 4199 3538 4270 ἀνυπάρχειῖ
3567 4218 3734 4271 neque

2150 4309 2257 4348 non
2287 4303 2369 4348 est
2397 4293 2563 4347 Filius
2595 4292 2685 4361 qui
2719 4301 2799 4346 est
2835 4293 2885 4344 in
2920 4292 3084 4347 Patre
3112 4292 3409 4362 signiﬁcat.
3455 4295 3732 4363 Siquidem

2151 4394 2208 4439 et
2241 4383 2468 4453 apostoli
2501 4383 2786 4436 duodecim
2817 4398 2982 4436 unum
3013 4393 3161 4446 sunt,
3193 4392 3249 4436 ει
3277 4385 3652 4452 septuaginta,
3685 4393 3732 4437 et

463 4474 594 4528 liutn
634 4515 650 4541 ,
703 4483 760 4528 ut
809 4473 855 4528 si
911 4473 1068 4527 aliter
1122 4472 1252 4542 quid
1313 4473 1662 4530 introducere
1721 4491 1842 4529 cum
1904 4475 2042 4532 Filio
2075 4461 2120 4516 Ῑ)
2148 4476 2450 4547 quingenti,
2497 4484 2552 4529 et
2604 4483 2713 4529 tota
2753 4473 2990 4529 Ecclesia
3037 4489 3224 4527 unum.
3263 4473 3328 4526 Et
3357 4490 3428 4527 ne
3462 4485 3626 4543 putes
3657 4490 3732 4529 me

463 4565 737 4630 volueris,
792 4579 898 4619 non
951 4565 1189 4620 salvahis
1266 4565 1598 4634 unigenitum
1633 4609 1648 4633 ,
1730 4568 1824 4622 sed
1900 4569 2041 4623 sicut

410 4673 418 4681 '
463 4657 625 4712 Pater
656 4657 804 4713 solus
853 4672 957 4712 non
1007 4667 1166 4712 natus
1211 4667 1318 4724 est,
1365 4668 1421 4712 ει
1479 4659 1525 4714 si
1582 4660 1786 4716 dixeris
1839 4658 2036 4717 Filium

461 4764 569 4803 non
624 4759 830 4815 natum,
872 4749 1194 4819 periclitaris
1261 4750 1327 4803 de
1376 4765 1441 4804 eo
1495 4753 1638 4821 quod
1693 4753 1828 4808 dicis
1877 4769 1893 4806 :
1963 4753 2040 4808 ita

464 4842 510 4896 si
565 4841 693 4911 quid
739 4842 1136 4910 computaveris
1170 4858 1292 4897 cum
1346 4842 1642 4911 unigenito,
1674 4846 1800 4914 quid
1854 4846 2040 4915 loque-

463 4936 542 4990 ris
567 4935 802 5005 ignoras.
845 4931 993 4988 Unus
1016 4917 1159 4987 enim
1194 4944 1279 4988 est
1311 4950 1419 4989 non
1452 4945 1631 5002 natus,
1666 4947 1720 4990 et
1753 4937 1860 4993 noli
1888 4953 2038 5009 qua:-

463 5041 585 5080 rere
610 5026 771 5079 alium
826 5040 934 5078 non
991 5037 1174 5079 natum
1215 5045 1228 5082 :
1269 5043 1408 5082 unus
1455 5029 1786 5098 unigenitus,
1830 5040 1886 5085 et
1929 5032 2038 5087 noli

463 5131 704 5186 quaerere
729 5117 892 5171 alium
920 5116 1134 5183 Filium,
1166 5133 1232 5171 ne
1265 5120 1628 5189 interrumpas
1653 5122 1984 5190 unigenitum
2021 5141 2034 5177 :

464 5208 770 5277 unigenitus
798 5209 942 5262 enim
979 5224 1085 5264 non
1127 5219 1210 5264 est
1259 5225 1425 5265 unum
1456 5226 1521 5266 ex
1549 5214 1779 5280 cunctis,
1809 5214 1904 5269 sed
1943 5231 2040 5285 per

2147 4571 2212 4624 ad
2252 4569 2485 4622 humana
2513 4567 2784 4623 deducere
2811 4568 2995 4622 divina
3035 4583 3050 4620 :
3084 4566 3178 4620 sed
3208 4566 3414 4620 utimur
3451 4582 3732 4637 compara-

2147 4661 2389 4716 tionibus
2425 4675 2548 4714 cum
2598 4659 2930 4730 indulgentia
2974 4661 3114 4728 apud
3162 4657 3383 4725 fratres,
3428 4670 3488 4713 et
3523 4669 3733 4714 maneat

2149 4756 2290 4810 Deus
2334 4763 2394 4808 ut
2437 4763 2538 4806 est.
2576 4753 2784 4807 Tamen
2820 4754 2865 4807 si
2918 4751 3221 4806 dixerimus
3273 4752 3729 4818 quemadmodum

2141 4845 2317 4899 omnis
2352 4844 2592 4898 Ecclesia
2627 4859 2747 4912 quae
2794 4845 2997 4912 ubique
3043 4856 3148 4910 est,
3180 4860 3346 4898 unum
3379 4861 3584 4913 c0rpus
3619 4856 3725 4908 e5t;

2141 4937 2320 4992 nullus
2358 4935 2724 5004 reprehendat
2756 4953 2772 4990 :
2823 4937 2949 5004 quia
2996 4950 3101 4989 non
3141 4938 3407 4989 mentitur
3469 4940 3613 4992 Deus
3643 4938 3726 5007 qui

2141 5029 2277 5083 dixit
2307 5047 2320 5082 :
2355 5027 2467 5097 Ego
2499 5029 2555 5082 in
2587 5030 2734 5096 ipsis,
2765 5039 2812 5082 et
2834 5040 2892 5082 tu
2914 5031 2969 5082 in
2991 5046 3072 5082 me
3092 5029 3159 5082 ”.
3194 5028 3308 5083 Non
3340 5031 3470 5098 quia
3499 5034 3727 5100 abnega-

2142 5126 2344 5176 tiouem
2379 5121 2557 5176 Patris
2605 5123 2890 5192 irreligiosi
2947 5137 3224 5177 sermones
3279 5124 3507 5188 docent,
3565 5138 3727 5192 neque

2141 5215 2284 5283 quod
2317 5231 2425 5269 non
2457 5217 2530 5270 sit
2580 5217 2625 5270 is
2649 5217 2741 5284 qui
2772 5218 2978 5287 genuit,
3036 5232 3212 5286 neque
3252 5217 3597 5285 spretionem
3621 5218 3727 5285 ejus

529 5325 577 5356 ⁹⁸
597 5323 750 5380 Joan.
787 5339 918 5388 xvn,
954 5324 1040 5378 l5.
1118 5323 1163 5354 "’
1192 5322 1349 5380 Joan.
1381 5339 1435 5390 x,
1467 5325 1557 5380 50.
1632 5325 1680 5357 θ’
1705 5323 1862 5381 Joan.
1890 5341 2028 5393 xvn,
2061 5325 2150 5380 25.

535 5459 644 5550 (96)
675 5476 855 5550 Serua.
882 5475 1335 5550 Τήρειηοὸεενυα.
1369 5480 1479 5533 Aut
1507 5479 1670 5534 etiam
1709 5490 1876 5544 tuere,
1912 5482 2037 5535 reti-

461 5565 545 5669 ιιῗ.
577 5548 745 5616 Supra
775 5547 867 5600 lib.
901 5547 1052 5602 ιεἾη
1084 5547 1347 5618 principio
1376 5561 1511 5618 erat,
1543 5567 1690 5604 serva
1725 5553 1863 5619 quod
1895 5562 2029 5616 erat,

461 5632 491 5671 e
518 5633 564 5670 c.

534 5686 645 5759 (97)
676 5686 729 5740 Is
755 5694 892 5745 enim
928 5693 1037 5759 qui.
1081 5688 1304 5743 Videtur
1331 5688 1435 5744 hoc
1479 5690 1614 5747 velle
1642 5706 1656 5745 :
1698 5693 1742 5746 is
1771 5692 1905 5745 enim
1945 5691 2034 5758 qui

457 5766 533 5810 ‘cst
553 5758 605 5812 in
626 5774 684 5813 eo
709 5762 796 5815 aui
820 5773 917 5818 est.
942 5758 1046 5818 που
1065 5761 1178 5816 ideo
1201 5759 1524 5836 itvundtpxat,
1549 5763 1643 5818 hoc
1667 5774 1765 5827 est,
1793 5779 1893 5817 non
1918 5763 2033 5818 ideo

2139 5499 2244 5556 non
2291 5484 2550 5539 subsistit.
2583 5485 2668 5556 Art
2699 5485 2814 5539 ideo
2853 5482 3014 5538 Pater
3048 5485 3374 5556 ἀνυπὰρχει,
3423 5503 3530 5540 non
3565 5487 3719 5538 εει»εὲ-

2141 5554 2252 5619 stit,
2272 5556 2397 5623 quia
2423 5568 2500 5608 est
2539 5557 2594 5608 in
2621 5553 2764 5608 Filio
2782 5558 2808 5612 ?
2839 5557 3045 5626 Igitur;
3073 5553 3247 5624 neque
3271 5553 3451 5609 Filius
3488 5557 3718 5626 ἀνυπάρ-

2141 5640 2246 5693 χει,
2272 5641 2376 5676 non
2398 5626 2651 5688 subsistit,
2675 5627 2802 5695 quia
2825 5637 2900 5679 est
2930 5627 2985 5678 in
3016 5624 3193 5695 Patre.
3228 5626 3473 5694 Respicit
3508 5632 3574 5680 ad
3601 5624 3714 5680 nam

2139 5695 2492 5817 gradaw,
2521 5707 2575 5753 et
2608 5693 2720 5766 m,
2748 5695 2838 5764 10,
2872 5698 2931 5752 il
2961 5713 2974 5750 :
3005 5693 3171 5751 Pater
3202 5696 3257 5750 in
3293 5693 3375 5751 me
3411 5709 3511 5764 est,
3547 5714 3594 5758 ει
3631 5718 3712 5770 ego

2139 5780 2194 5819 tu
2222 5776 2400 5820 l'atre.
