3810 6218
1084 272 1178 334 DE
1215 265 1374 337 FIDE
1409 264 1783 336 ADVERSUS
1815 262 2231 335 sentiment.
2271 307 2338 316 —
2377 271 2510 334 ue.
2543 277 2608 334 ιι.

3365 277 3504 339 1066

225 399 332 471 qui
369 405 455 454 est
481 393 716 468 genitus.
750 391 858 449 Sed
887 393 934 451 si
966 409 1072 452 non
1105 405 1190 450 est
1217 395 1410 456 Filius.
1453 405 1504 452 et
1550 395 1823 466 quomodo
1851 399 1898 456 Α
1929 402 2151 463 propter
2185 401 2458 447 naturam.
2516 391 2596 448 Ex
2639 391 2861 466 Virgine
2901 393 2953 448 in
3011 395 3318 452 novissimis
3361 405 3503 451 tem-

225 501 368 548 sunt
403 504 464 545 ea
491 503 612 559 quae
639 502 735 558 per
773 486 968 541 Filium
990 485 1130 542 facta
1163 498 1288 542 sunt
1311 489 1334 542 ?
1359 486 1474 542 Non
1503 500 1586 544 est
1614 488 1821 542 Filius:

225 589 290 635 et
319 594 438 648 quan
465 587 548 630 est
574 576 736 643 spes?
765 575 878 632 Non
906 586 991 630 est
1040 578 1130 645 qui
1155 577 1367 646 judirat
1400 596 1416 634 :
1452 587 1507 631 et
1561 579 1827 648 quemad-

229 672 454 727 modum
483 669 788 744 judicium?
814 669 930 724 Non
953 679 1036 724 est
1057 670 1146 739 qui
1178 679 1405 724 coronat
1433 690 1446 724 :
1476 683 1531 726 et
1557 672 1827 740 quomodo

232 762 494 819 labores?
521 763 613 819 Est
662 779 800 817 unus
831 777 990 832 quem
1034 763 1212 816 nullus
1250 764 1458 833 genuit,
1490 774 1546 818 et
1575 765 1826 832 unigeni-

225 863 328 909 tus
359 871 516 924 quem
549 871 685 910 unus
714 857 920 926 genuit.
951 854 1154 910 Gennit
1186 871 1319 910 sane
1368 857 1778 925 impassibiliter
1808 871 1822 910 :

229 963 348 1003 non
379 959 437 1002 ut
473 964 597 1016 nos,
646 951 737 1004 sed
781 958 842 1003 ut
884 949 970 1003 ille
1005 967 1020 1004 :
1070 965 1175 1003 non
1208 959 1266 1003 ut
1297 949 1491 1018 plantae
1536 966 1656 1020 qua:
1685 951 1825 1022 apud

227 1055 339 1096 nos
363 1050 510 1105 sunt,
537 1057 640 1095 non
677 1051 734 1095 ιιι
763 1041 957 1105 fontes,
986 1059 1090 1094 non
1129 1053 1187 1096 ιιι
1213 1041 1288 1096 sol
1323 1060 1338 1096 :
1379 1042 1512 1097 nihil
1542 1045 1686 1097 enim
1724 1046 1824 1098 ho-

231 1150 360 1188 rum
401 1150 520 1204 qute
557 1135 647 1188 hic
671 1143 818 1199 sunt,
856 1133 1211 1202 interpretari
1244 1134 1388 1187 illam
1419 1137 1824 1206 generationem

231 1235 486 1296 ροεειιιιι.
516 1223 738 1280 Omnem
775 1227 921 1280 enim
955 1226 1220 1280 turbelnm
1260 1227 1513 1282 humana:
1539 1243 1822 1296 compara-

232 1321 414 1374 tiones
432 1319 654 1382 faciunt,
672 1334 792 1373 cum
814 1319 1104 1386 accipimus
1123 1334 1225 1373 nun
1252 1318 1444 1372 similia
1467 1320 1532 1372 ad
1554 1321 1822 1390 interpre-

231 1412 496 1466 tationem
526 1425 710 1466 eorum
740 1425 860 1479 qua:
888 1409 1229 1479 interpretari
1265 1425 1373 1464 non
1418 1421 1665 1479 possunt.
1701 1410 1825 1466 ldeo

230 1501 393 1569 lites,
427 1503 547 1557 ideo
589 1517 779 1571 pugnae
821 1514 1138 1556 nascuntur.
1182 1502 1238 1556 Si
1287 1512 1464 1557 autem
1498 1505 1826 1560 tacuerimus

230 1609 299 1648 ea
335 1610 454 1662 quae
486 1610 647 1664 supra
677 1609 862 1649 vocem
905 1604 1052 1659 sunt,
1083 1605 1138 1651 et
1179 1595 1476 1650 dixerimus
1525 1598 1820 1666 possibilia,

230 1686 474 1739 cessabit
504 1685 722 1739 bellum.
759 1684 898 1754 Quid
952 1701 1082 1754 ergo
1115 1687 1358 1743 dicemus
1395 1689 1419 1742 ἲ
1461 1687 1530 1742 1η
1563 1691 1822 1760 principio

228 1789 348 1829 erat
383 1775 630 1833 Verbum.
660 1777 794 1845 Quis
825 1779 1002 1834 adhuc
1031 1781 1229 1848 poterit
1258 1782 1508 1852 jurgari?
1538 1783 1672 1838 Nam
1697 1795 1751 1838 et
1776 1787 1820 1840 si

224 1867 510 1936 jurgatur,
538 1885 644 1927 non
697 1871 790 1926 tibi
821 1873 916 1926 sed
941 1870 1160 1942 Joanni,
1211 1883 1264 1928 ct
1297 1877 1499 1944 pectori
1548 1877 1762 1932 Domini
1792 1893 1822 1932 a

229 1976 346 2030 quo
375 1962 555 2016 hausit
575 1961 833 2020 Joannes.
877 1963 1014 2032 Quid
1042 1966 1302 2035 relinquis
1325 1983 1386 2022 ea
1419 1984 1539 2038 qua!
1564 1979 1687 2025 sunt
1708 1971 1825 2026 sine

232 2055 500 2123 periculo,
534 2066 588 2110 et
637 2056 690 2111 in
719 2055 976 2112 fluctibus
1013 2069 1413 2130 tempestatum
1468 2063 1825 2130 periclitaris?

233 2145 359 2212 Noli
388 2149 566 2204 dicere
599 2159 710 2215 ttta,
745 2159 800 2206 et
829 2149 1009 2206 nullus
1042 2160 1094 2205 te
1119 2153 1319 2221 arguit.
1349 2153 1524 2208 Dicito
1551 2170 1670 2224 qua:
1699 2158 1826 2210 scri-

235 2249 332 2310 pta
362 2251 510 2306 sunt,
545 2252 599 2296 et
638 2243 817 2299 nullus
859 2255 909 2298 te
953 2246 1302 2313 reprehendit
1336 2266 1349 2301 :
1384 2249 1601 2302 etiamsi
1645 2264 1826 2318 repre-

233 2335 511 2401 henderit,
549 2337 901 2404 semetipsum
961 2338 1162 2407 potius,
1198 2348 1253 2396 et
1299 2355 1405 2396 non
1445 2349 1517 2396 te.
1551 2341 1651 2407 Qui
1680 2342 1824 2397 enim

229 2425 424 2482 divina
463 2430 830 2497 reprehendit,
859 2430 1042 2486 divina
1088 2432 1306 2501 quidem
1341 2450 1445 2488 non
1479 2434 1712 2501 delebit;
1741 2451 1827 2490 se-

231 2520 529 2587 metipsum
557 2521 794 2580 alienum
842 2540 872 2577 ιι
909 2524 1108 2579 divinis
1144 2527 1464 2580 constituet.
1519 2526 1718 2591 Dicito,
1757 2528 1825 2584 In

231 2613 498 2682 principio
553 2625 664 2669 erat
709 2614 951 2683 Verbum,
1009 2625 1066 2672 et
1130 2618 1510 2688 relinquuntur
1560 2629 1822 2689 tempora.

241 2705 446 2768 Dicito,
478 2705 545 2760 In
581 2707 840 2777 principio
861 2719 997 2774 erat,
1021 2719 1076 2763 et
1107 2711 1366 2766 deficiunt
1392 2711 1604 2767 sarcula.
1629 2713 1822 2777 Dicito,

235 2795 311 2850 In
347 2798 608 2863 principio
643 2811 781 2864 erat,
816 2809 872 2853 et
913 2801 1046 2854 nihil
1077 2817 1199 2856 cum
1247 2803 1365 2872 ipso
1408 2811 1528 2858 erat
1568 2802 1822 2860 Verbum.

236 2886 379 2953 Quia
421 2903 550 2954 ergo
594 2897 710 2942 erat
740 2887 946 2944 dictum
1004 2898 1110 2956 est,
1162 2907 1229 2947 ne
1277 2902 1433 2962 putes
1464 2908 1653 2949 vocem
1684 2912 1698 2947 :
1725 2909 1826 2948 vox

235 2981 409 3046 enim,
455 2993 567 3036 erat
602 2999 707 3038 non
736 2984 994 3054 suscipiet
1042 3003 1056 3040 :
1095 2987 1138 3040 si
1175 2987 1396 3056 quidem
1434 3003 1556 3043 cum
1608 2988 1824 3049 dicitur,

239 3083 372 3128 tunc
401 3073 652 3132 efﬁcitur.
705 3073 891 3145 Neque
933 3078 1079 3131 enim
1139 3089 1431 3148 antequam
1468 3080 1678 3133 dicatur
1719 3090 1822 3141 est.
1852 3099 1896 3159 ρ

234 3179 419 3234 neque
447 3178 629 3236 postea
687 3182 846 3235 quam
898 3168 1061 3223 fuerit
1103 3171 1267 3232 dicta,
1321 3179 1433 3225 erat
1470 3171 1653 3225 habet.
1687 3171 1822 3236 Quia

235 3274 374 3329 ergo
407 3269 542 3326 erat,
591 3277 696 3316 non
729 3276 833 3316 vox
881 3271 985 3327 est,
1017 3263 1111 3316 sed
1165 3261 1400 3317 Verbum
1451 3279 1468 3316 :
1506 3263 1664 3332 quale
1693 3262 1824 3316 Ver-

237 3349 411 3404 bum?
461 3349 518 3405 Si
573 3366 682 3406 non
712 3352 849 3406 dixit
888 3348 1146 3419 Joannes,
1174 3369 1480 3422 quaeramus
1523 3353 1609 3408 :si
1647 3364 1825 3407 autem

241 3443 404 3507 dixit,
444 3445 573 3512 quid
613 3445 952 3514 quaeremus?
990 3443 1059 3498 Et
1091 3447 1252 3514 Deus,
1293 3446 1490 3516 inquit,
1534 3456 1648 3500 erat
1693 3445 1827 3499 Ver-

239 3537 389 3590 bum.
421 3536 498 3590 Tn
530 3539 666 3592 dicis
687 3554 896 3604 vocem,
925 3537 1165 3594 Joannes
1201 3549 1382 3592 autem
1423 3538 1520 3601 ait,
1548 3549 1659 3592 erat
1700 3536 1826 3590 Ver-

242 3629 392 3683 bum.
435 3630 500 3684 Et
529 3631 571 3684 si
601 3631 688 3684 ille
716 3633 936 3694 dixerit,
970 3630 1034 3684 Et
1076 3628 1294 3684 Verbum
1330 3641 1440 3683 erat
1466 3631 1607 3697 apud
1641 3629 1825 3694 Deum,

244 3727 308 3774 tu
335 3720 472 3776 dicis
497 3723 548 3774 in
576 3721 703 3788 Deo,
729 3733 784 3777 et
816 3737 924 3776 non
947 3721 1088 3790 apud
1117 3721 1306 3774 Deum.
1331 3718 1402 3774 Ut
1433 3722 1576 3774 enim
1601 3721 1692 3783 sit,
1722 3735 1829 3774 non

239 3822 430 3870 tamen
465 3823 524 3868 ut
559 3815 830 3885 cogitatus
879 3816 950 3869 sit
982 3833 998 3870 :
1034 3829 1212 3883 neque
1251 3814 1447 3867 iterum
1490 3822 1548 3865 ut
1577 3827 1699 3872 vox.
1735 3812 1830 3865 sed

239 3905 417 3962 Filius
450 3923 466 3960 :
497 3922 600 3960 vox
631 3907 774 3960 enim
823 3907 984 3960 habet
1018 3906 1214 3960 fratres
1248 3924 1261 3959 :
1290 3905 1392 3959 mei
1445 3906 1588 3958 enim
1627 3905 1718 3974 qui
1752 3904 1831 3956 di-

238 4011 443 4053 cuntur
470 4014 750 4054 sermones
776 3999 1048 4068 prioribus
1073 3997 1257 4051 verbis
1289 4007 1413 4050 sunt
1433 3994 1628 4049 fratres
1662 4013 1676 4048 :
1713 3995 1832 4046 uni-

239 4091 460 4161 genitns
481 4101 660 4144 autem
695 4106 800 4143 non
831 4090 1058 4158 suscipit
1093 4089 1308 4142 fratres.
1343 4087 1477 4141 Nam
1512 4097 1566 4141 et
1597 4088 1638 4140 si
1674 4095 1830 4138 vocat

238 4187 460 4244 fratres,
493 4183 947 4251 nuncupationem
987 4183 1172 4236 donat.
1207 4179 1266 4234 Si
1294 4191 1477 4233 autem
1511 4188 1566 4231 et
1596 4179 1828 4232 colui-re-

239 4275 339 4328 des
365 4289 572 4336 smnus,
605 4289 710 4326 non
752 4283 960 4326 natura:
993 4273 1086 4325 sed
1130 4271 1318 4339 gloria!
1364 4269 1662 4338 accipimus
1691 4265 1825 4339 (98).

237 4369 325 4423 Ad
352 4367 497 4421 illam
523 4366 668 4420 enim
715 4376 965 4418 naturam
999 4379 1172 4433 neque
1215 4361 1505 4432 pervenies
1533 4372 1610 4422 ιιι,
1656 4373 1830 4428 neque

239 4461 387 4514 ullus
425 4459 717 4528 perveniet.
758 4458 914 4512 Sicut
943 4457 1090 4511 enim
1126 4454 1288 4508 Pater
1323 4455 1543 4519 eminet,

238 4566 460 4605 omnem
491 4561 736 4603 naturam
753 4558 834 4604 est
860 4549 1002 4617 quod
1027 4558 1104 4601 est
1125 4563 1229 4600 non
1250 4556 1408 4599 natus
1431 4563 1445 4599 :
1479 4545 1551 4598 ita
1578 4555 1631 4598 et
1659 4543 1824 4598 Filius

238 4657 406 4710 supra
439 4655 629 4694 omnes
660 4640 892 4694 habetur
925 4639 977 4692 in
1009 4653 1074 4692 eo
1105 4638 1250 4706 quod
1279 4647 1360 4690 est
1388 4637 1669 4704 progenies
1694 4649 1823 4688 vera

242 4735 388 4788 Deus
414 4733 554 4802 apud
589 4732 780 4797 Deum,
814 4731 953 4785 Dens
987 4732 1054 4784 ad
1085 4731 1364 4783 dexteram
1398 4729 1510 4788 Dei.
1545 4727 1684 4780 Deus
1712 4725 1824 4780 for-

241 4827 335 4890 tis,
369 4826 508 4878 Deus
537 4840 696 4893 quem
745 4825 896 4876 unxit
927 4822 1094 4876 Dens.
1139 4819 1451 4890 Agnoscitis
1507 4817 1820 4886 prophetica

241 4917 409 4971 verba
443 4915 578 4987 (99).
614 4915 754 4981 Quid
784 4917 860 4968 ait
887 4917 1147 4984 prepheta
1180 4911 1387 4966 David?
1416 4909 1542 4963 Ideo
1580 4909 1726 4962 unxit
1753 4919 1822 4973 te,

239 5009 406 5071 Deus,
435 5009 570 5061 Deus
593 5019 712 5060 tuus
731 5007 800 5060 ⁸⁸.
829 5005 962 5060 Nam
991 5016 1046 5059 et
1066 5005 1222 5059 fortis
1251 5004 1426 5058 dictus
1464 5013 1548 5056 est
1579 5001 1647 5055 ab
1667 5001 1822 5063 Isaia,

236 5110 296 5156 et
327 5099 467 5153 Deus
496 5099 765 5154 nobiscum
787 5099 856 5163 ’⁷,
895 5114 1017 5152 ειιιιι
1040 5112 1110 5151 ex
1133 5095 1376 5166 Virgine.
1412 5093 1526 5148 Non
1546 5109 1674 5161 ergo
1704 5107 1826 5146 cum

237 5205 306 5246 ex
353 5191 574 5261 Virgine
616 5199 746 5245 tunc
793 5189 959 5255 Deus,
1006 5188 1101 5243 sed
1161 5187 1444 5243 nobiscum
1499 5195 1645 5239 tunc.
1705 5183 1821 5238 Non

239 5282 479 5352 primum
515 5297 584 5336 ex
623 5279 865 5352 Virgine,
904 5281 998 5335 sed
1032 5279 1266 5348 primum
1305 5290 1373 5332 ex
1415 5276 1544 5331 Deo.
1588 5275 1661 5331 Ex
1706 5275 1824 5328 Vir-

239 5375 368 5446 gine
413 5376 557 5429 enim
609 5385 828 5445 propter
867 5371 1348 5442 dispensationem,
1387 5383 1451 5423 es
1496 5370 1601 5423 Deo
1639 5377 1821 5422 autem

309 5483 359 5518 “
385 5483 530 5538 Psal.
563 5501 704 5551 xuv,
731 5485 785 5540 8.

240 5568 297 5623 ι,
322 5555 410 5620 tt,
441 5557 529 5613 15.

341 5657 431 5722 98)
459 5658 556 5712 Ms.
589 5656 713 5711 Non
751 5666 994 5709 naturam
1025 5652 1117 5707 sed
1142 5651 1363 5722 gloriam
1390 5649 1708 5716 ncciuimns.

341 5660 410 5713 98
459 5660 556 5712 Ms.
589 5660 713 5711 Non
751 5666 994 5709 naturam
1025 5660 1117 5707 sed
1142 5660 1363 5722 gloriam
1390 5667 1410 5702 η

337 5660 431 5800 99ἐ
462 5729 559 5782 Ms.
589 5728 865 5798 Aguoscite
899 5726 1201 5794 prapbetica
1238 5725 1410 5778 verba.

407 5831 414 5838 '
489 5823 760 5882 ΡΑϊιιοι..
794 5817 912 5880 Gn.
937 5816 1174 5880 XXlV.

886 5485 1134 5554 "lsa.v,
1165 5485 1237 5550 6;
1271 5499 1364 5544 vn.
1399 5482 1486 5536 Η.

1577 5481 1647 5551 _”
1678 5479 1832 5535 Joan.
1871 5493 1962 5543 ιιι,
1986 5477 2076 5532 36.

1926 487 2167 556 poribus,
2223 499 2289 539 ex
2341 484 2450 540 Deo
2498 494 2625 539 ante
2677 485 2894 542 saecula.
2950 486 3025 540 Ex
3074 484 3316 558 Virgine,
3379 503 3502 542 ctnn

1928 576 2275 643 hominibus;
2328 591 2394 632 ex
2435 575 2545 632 Deo
2583 585 2762 631 autem
2812 588 2937 631 ante
2974 593 3184 634 omnes.
3241 578 3366 636 Istic
3411 593 3504 634 er-

1925 683 1995 737 go
2024 678 2078 723 et
2113 669 2566 738 dispensationem
2606 670 2891 734 conlitere,
2937 679 2992 724 et
3029 679 3279 725 naturam
3323 672 3505 726 delere

1927 760 2054 825 noli,
2095 777 2192 818 nec
2233 763 2545 830 exstinguas
2588 764 2680 817 tibi
2735 762 2912 817 lumen
2949 763 3045 833 (l).
3099 761 3155 818 Si
3201 763 3416 832 quidem
3448 772 3504 819 et

1927 853 2016 920 qni
2048 853 2233 908 oculos
2261 853 2518 909 claudunt
2547 871 2698 922 suos,
2739 870 2842 909 non
2891 855 3068 910 lumen
3123 856 3499 924 exstinguunt,

1926 949 2020 1002 sed
2044 947 2142 1017 ipsi
2171 947 2372 1002 lumine
2397 965 2500 1002 non
2537 948 2806 1002 fruuntur.
2841 947 2973 1002 Nam
3002 957 3055 1003 et
3085 947 3129 1003 si
3153 949 3275 1018 quis
3316 948 3500 1002 lumen

1928 1055 2114 1093 verum
2147 1056 2251 1094 non
2294 1040 2456 1095 fuerit
2504 1040 2809 1104 confessus,
2856 1057 2960 1094 non
3010 1040 3138 1095 illud
3185 1042 3348 1105 delet,
3405 1041 3502 1096 sed

1928 1132 2042 1200 ipse
2075 1143 2253 1186 manet
2275 1133 2329 1187 in
2359 1134 2616 1189 tenebris.
2665 1136 2737 1190 Ita
2785 1136 2927 1189 enim
2971 1135 3085 1205 ipse
3117 1134 3283 1190 Filius
3315 1135 3448 1191 dicit
3482 1155 3498 1193 :

1929 1222 2032 1288 Qui
2063 1241 2167 1279 non
2222 1226 2503 1280 crediderit
2544 1228 2596 1280 in
2636 1224 2857 1290 Filium,
2897 1245 2998 1280 non
3043 1227 3256 1290 videbit,
3289 1228 3380 1282 sed
3419 1228 3503 1282 ira

1926 1316 2026 1370 Dei
2048 1327 2220 1371 manet
2256 1335 2412 1386 super
2433 1319 2600 1381 ipsum
2628 1319 2695 1374 ⁸⁸.
2724 1321 2852 1386 Qua:
2891 1319 3005 1373 ira?
3043 1320 3133 1374 illa
3165 1321 3349 1391 utique
3383 1335 3504 1392 qua

1929 1408 1995 1462 ab
2022 1407 2197 1464 initio.
2235 1409 2335 1476 Qui
2366 1411 2510 1466 enim
2559 1427 2667 1466 non
2715 1413 3004 1467 conﬁtetur
3045 1428 3166 1468 eum
3213 1429 3308 1484 per
3341 1429 3502 1484 quem

1926 1509 2215 1556 revocatur
2251 1503 2542 1568 sententia,
2572 1505 2683 1572 ipse
2720 1505 3004 1559 adversum
3033 1521 3092 1560 se
3124 1506 3296 1575 ipsum
3348 1522 3505 1562 revo—

1925 1600 2014 1645 cat
2051 1593 2396 1652 sententiam.
2427 1593 2645 1663 Negotia
2686 1597 2830 1650 enim
2863 1608 3114 1666 separata
3159 1597 3361 1653 habent
3401 1614 3503 1652 na-

1927 1691 2103 1737 turam
2139 1699 2154 1737 :
2183 1684 2352 1740 nostri
2391 1697 2570 1740 autem
2593 1687 2856 1754 cogitatus
2889 1687 3162 1756 accipiunt
3197 1688 3503 1755 fructum,a

1926 1775 2158 1831 veritate
2178 1777 2395 1846 quidem
2427 1778 2612 1841 vitam,
2643 1793 2674 1832 a
2699 1779 2982 1834 mendacio
3015 1788 3194 1834 autem
3225 1795 3418 1835 noxam
3446 1789 3504 1836 et

1925 1868 2301 1938 perditionem.
2336 1868 2391 1922 Si
2424 1871 2546 1938 quis
2577 1869 2721 1924 enim
2765 1869 3097 1938 percusserit
3137 1880 3300 1940 caput
3342 1886 3502 1927 suum

1926 1961 1992 2014 ad
2031 1969 2258 2029 petram,
2288 1971 2439 2031 petra
2471 1962 2688 2030 quidem
2729 1961 2842 2030 ipsa
2873 1971 3077 2028 manet,
3121 1972 3286 2032 caput
3317 1973 3500 2018 autem

1926 2049 1996 2103 ab
2026 2050 2333 2121 insipientia
2376 2052 2573 2120 accipit
2603 2050 2836 2121 plagam,
2878 2048 3016 2106 forte
3045 2060 3224 2106 autem
3257 2061 3314 2106 et
3356 2053 3503 2121 peri-

1931 2142 2132 2198 culum.
2179 2144 2318 2198 Dicit
2376 2159 2507 2198 sane
2560 2152 2617 2198 et
2671 2132 2959 2211 Apostolus
3012 2159 3028 2196 :
3077 2139 3502 2198 Fundamentum

1925 2235 2073 2289 aliud
2093 2252 2239 2290 nemo
2265 2245 2434 2306 potest
2452 2253 2645 2305 ponere
2689 2247 2879 2305 praeter
2904 2253 3022 2289 eum
3060 2236 3150 2306 qui
3184 2245 3256 2290 est
3297 2238 3502 2306 positus

1926 2324 2166 2381 Christus
2215 2327 2369 2382 Jesus
2411 2329 2494 2396 '9;
2559 2339 2613 2383 et
2661 2329 2851 2382 iterum
2901 2349 2915 2384 :
2967 2325 3127 2382 Petra
3183 2341 3359 2383 autem
3390 2338 3504 2384 erat

1925 2417 2163 2472 Christus
2191 2420 2230 2472 ί.
2277 2419 2334 2474 Si
2369 2419 2436 2472 ad
2483 2419 2642 2473 istam
2693 2429 2902 2488 petram
2953 2429 3116 2490 caput
3167 2421 3504 2490 percusseris

1927 2517 2096 2571 tuum,
2131 2510 2360 2566 scissum
2387 2520 2472 2565 est
2500 2511 2642 2581 quod
2688 2511 2901 2566 volebas
2931 2531 2945 2568 :
2989 2512 3034 2568 si
3067 2523 3244 2568 autem
3285 2513 3501 2570 confes-

1924 2617 2021 2657 sus
2049 2601 2218 2656 fueris
2251 2603 2454 2666 lumen,
2487 2603 2712 2658 habebis
2755 2606 2897 2672 quod
2930 2606 3232 2663 conﬁteris.
3267 2606 3324 2662 Si
3355 2607 3500 2661 enim

1925 2693 2150 2762 apostoli
2184 2694 2505 2763 quibusdam
2537 2695 2754 2764 quidem
2783 2695 2918 2749 odor
2946 2697 3136 2751 mortis
3167 2696 3234 2751 ad
3266 2703 3497 2750 mortem

1926 2793 2072 2848 sunt,
2099 2783 2424 2853 quibusdam
2460 2795 2638 2839 autem
2684 2786 2819 2838 odor
2861 2787 2984 2839 vita:
3017 2785 3084 2840 ad
3122 2786 3317 2850 vitam;
3353 2786 3397 2840 si
3427 2785 3502 2840 illi

1925 2872 2017 2942 qui
2059 2889 2152 2940 per
2191 2872 2465 2928 Christum
2510 2876 2590 2928 sal
2635 2883 2783 2934 sunt.
2829 2884 2880 2928 et
2933 2877 3024 2946 qui
3078 2891 3174 2946 per
3229 2875 3503 2932 Christum

1928 2964 2210 3018 luminaria
2244 2965 2570 3029 elllciuutur,
2611 2967 2677 3019 ad
2719 2978 2945 3020 mortem
2992 2976 3047 3022 et
3093 2969 3160 3022 ad
3204 2967 3370 3026 vitam
3419 2968 3506 3022 bis

1927 3057 2017 3126 qui
2057 3057 2283 3111 credunt
2308 3067 2363 3112 et
2391 3059 2482 3128 qui
2529 3075 2634 3113 non
2681 3061 2911 3116 credunt
2959 3060 3272 3115 habentur:
3303 3071 3507 3130 quanto

1931 3149 2100 3218 magis
2137 3150 2180 3204 is
2220 3152 2311 3218 qui
2353 3151 2576 3205 donavit
2623 3153 2738 3206 hth
2780 3153 3088 3207 hominibus
3123 3153 3410 3208 Christus?
3447 3153 3506 3207 Si

1926 3241 2064 3309 quis,
2111 3241 2306 3311 inquit,
2361 3257 2448 3295 vos
2488 3257 2590 3295 non
2637 3243 2943 3312 susceperit,
3003 3255 3245 3298 exeuntes
3285 3245 3509 3298 excutite

1929 3334 2190 3398 pulverem
2231 3341 2295 3388 de
2333 3335 2550 3404 pedibus
2579 3335 2762 3388 uestris
2803 3351 2822 3390 :
2864 3335 3190 3391 tolerabilius
3229 3336 3366 3391 enim
3404 3337 3508 3391 erit

1930 3433 2085 3479 terrm
2131 3425 2486 3480 Sodomorum
2518 3430 2573 3480 in
2617 3428 2699 3480 die
2730 3427 2942 3496 iudicii,
2985 3445 3142 3500 quam
3180 3430 3377 3483 civilatt
3425 3429 3509 3484 illi

1927 3532 2044 3584 qua:
2060 3533 2144 3569 vos
2173 3533 2275 3570 non
2302 3518 2519 3586 suscipit
2548 3518 2638 3586 qui
2663 3533 2696 3570 a
2725 3534 2806 3570 me
2837 3519 2983 3572 missi
3012 3520 3136 3573 estis
3166 3520 3204 3573 '.
3235 3521 3290 3574 Si
3326 3531 3507 3578 amem

1930 3609 2053 3677 quis
2077 3607 2249 3677 ipsum
2283 3624 2388 3662 non
2416 3609 2716 3677 susceperit
2739 3611 3014 3664 Christum
3051 3629 3064 3664 :
3104 3615 3231 3678 quid
3269 3613 3314 3666 si
3339 3616 3505 3668 etiam

1933 3715 2038 3754 non
2065 3699 2238 3754 solum
2269 3715 2374 3753 non
2406 3700 2730 3768 susceperit,
2756 3703 2850 3757 sed
2891 3703 3204 3758 interimere
3239 3705 3512 3762 voluerit?

1931 3791 1974 3844 si
1997 3806 2161 3845 ausus
2190 3793 2312 3860 quis
2349 3791 2509 3844 fuerit
2534 3791 2734 3850 dicere.
2763 3793 2886 3860 quia
2923 3793 3040 3847 sine
3065 3793 3200 3848 Filio
3231 3806 3315 3849 est
3338 3794 3503 3861 Deus,

1929 3890 2023 3935 aut
2051 3883 2174 3950 quia
2230 3883 2347 3935 sine
2391 3881 2553 3936 Patre
2599 3892 2685 3934 est
2734 3881 2943 3936 Filius?
2997 3883 3120 3938 llaec
3169 3885 3314 3938 enim
3360 3901 3509 3942 nunc

1930 3972 2148 4040 quidam
2195 3971 2598 4026 calumniantur
2639 3975 2906 4036 dicentes,
2955 3974 3082 4044 quia
3115 3975 3229 4044 ipse
3271 3977 3375 4032 sibi
3423 3987 3510 4034 est

1931 4061 2112 4124 Pater,
2149 4061 2263 4130 ipse
2289 4071 2376 4116 est
2402 4072 2455 4114 ct
2482 4061 2670 4126 Filius,
2700 4073 2882 4117 etnon
2925 4075 3009 4117 est
3049 4063 3239 4122 Filius.
3276 4066 3333 4122 Si
3363 4068 3507 4122 enim

1928 4152 2092 4208 Pater
2116 4155 2226 4224 ipse
2249 4153 2353 4208 sibi
2390 4165 2473 4208 est
2502 4164 2686 4224 pater,
2733 4172 2836 4208 non
2869 4167 2956 4210 est
3001 4155 3182 4223 Pater,
3228 4161 3355 4229 quia
3394 4161 3512 4229 ipse

1929 4245 2029 4299 sibi
2081 4256 2136 4298 et
2189 4247 2329 4298 tilius
2389 4257 2488 4305 est,
2539 4257 2596 4299 ut
2633 4249 2802 4300 aiunt.
2848 4247 3105 4302 Ludimus
3152 4249 3208 4302 in
3255 4251 3499 4308 divinis:

1931 4332 2322 4387 irrationabilia
2347 4335 2492 4386 enim
2530 4334 2634 4388 ista
2665 4349 2731 4387 ne
2761 4334 2976 4403 quidem
3003 4335 3154 4405 parvi
3187 4338 3508 4406 suscipiunt.

1573 4463 1628 4507 et
1665 4423 1826 4522 sul-ml
1862 4453 1903 4507 υ
1936 4423 2012 4479 De
2041 4425 2125 4478 his
2169 4441 2300 4480 sane
2337 4427 2680 4481 sermonibus
2717 4442 2879 4480 unum
2922 4425 3298 4482 brevissimum
3331 4429 3510 4483 infan-

1938 4527 2042 4569 tem
2086 4517 2378 4587 intcrroga,
2408 4519 2496 4586 qui
2533 4520 2705 4588 prima
2744 4527 2929 4586 utpote
2979 4534 3109 4574 voce
3146 4519 3511 4589 qualitercun-

1933 4624 2038 4678 que
2063 4611 2293 4677 cteperit
2335 4610 2502 4682 loqui,
2538 4623 2592 4666 et
2619 4615 2781 4668 dicito
2801 4615 2848 4669 ei
2872 4632 2887 4669 ;
2915 4613 3076 4669 Pater
3104 4622 3227 4668 tuus
3265 4614 3354 4667 ubi
3393 4617 3512 4669 est?

1931 4702 2039 4752 Aut
2073 4701 2212 4755 sicut
2241 4715 2644 4758 consueverunt
2691 4705 2934 4760 infantes
2973 4715 3181 4776 patrem
3229 4703 3506 4774 appellare

1931 4799 1979 4850 si
2020 4799 2372 4867 semetipsum
2421 4801 2751 4862 ostenderit,
2811 4804 2992 4870 arguit
3045 4816 3132 4854 me
3185 4801 3365 4856 iulans
3407 4822 3422 4858 :
3466 4804 3510 4857 si

1932 4899 2112 4944 autem
2149 4892 2409 4960 parvulus
2439 4891 2621 4946 statim
2659 4900 2719 4944 ut
2748 4891 2914 4947 fuerit
2950 4893 3314 4964 interrogatus
3348 4897 3510 4952 intel-
3570 4960 3583 4975 .

1934 4983 2130 5038 lexerit
2163 4987 2291 5054 quid
2323 4986 2522 5054 quaeris
2567 4985 2634 5039 ab
2665 4998 2751 5048 eo,
2787 4999 2911 5039 eum
2959 4985 3049 5054 qui
3097 5001 3158 5040 se
3197 4989 3383 5057 genuit
3416 5003 3508 5042 οε-
3579 5001 3594 5033 ν.

1940 5083 2158 5146 tendit;
2195 5080 2316 5135 vide
2361 5077 2490 5150 quid
2538 5077 2716 5132 audis.
2771 5077 2906 5132 Cum
2959 5089 3140 5132 autem
3191 5079 3510 5135 benedictus
3591 5068 3599 5079 ’

1930 5176 2124 5240 Filius,
2158 5183 2347 5229 tenens
2377 5185 2596 5242 panem,
2637 5170 2781 5225 levat
2808 5185 3000 5224 manus
3025 5186 3152 5226 suas
3179 5187 3418 5236 sursum,
3453 5181 3509 5228 ut

1932 5280 2078 5326 tuam
2115 5281 2350 5338 mentem
2381 5267 2447 5320 ad
2476 5281 2598 5322 eum
2634 5268 2723 5334 qui
2757 5280 2816 5322 se
2846 5267 3030 5336 genuit
3062 5265 3309 5329 extollat,
3347 5281 3508 5322 nosce

1929 5365 2167 5427 Patrem,
2202 5372 2256 5416 et
2282 5375 2431 5415 cessa
2475 5373 2675 5428 negare
2709 5357 2927 5413 Filium.
2963 5358 3020 5413 Si
3063 5358 3228 5430 igitur
3258 5357 3514 5430 Unigeni-

2184 5476 2231 5508 "
2258 5475 2275 5529 Ι
2301 5474 2428 5530 Cor.
2471 5489 2552 5539 ιιι,
2576 5475 2636 5529 ll
2770 5475 2788 5507 ¹
2819 5476 2840 5528 l
2866 5473 2990 5528 Cor.
3036 5487 3094 5538 x,
3118 5475 3175 5526 ι.
3275 5475 3296 5508 ³
3320 5472 3513 5532 Matth.

2001 5643 2078 5714 (l)
2115 5640 2212 5698 Ms.
2239 5639 2322 5696 Ne
2339 5641 2647 5712 exstinguas
2679 5640 2772 5695 tibi
2795 5639 2991 5696 lumen.

3070 5797 3149 5858 35
