3810 6218
420 318 570 375 106's

1111 312 1391 367 ‘EbbEBll
1429 310 1910 367 CASSAHIENSIS
1948 310 2002 363 UI

2140 306 2320 364 PARS
2358 308 2445 365 Ν.
2480 339 2550 353 --
2580 307 3013 366 ’DOGM'ATICA.

430 443 523 492 tus
544 431 677 489 dicit
711 450 726 487 :
764 430 952 495 Pater,
977 429 1175 502 gratias
1213 448 1313 503 ago
1355 431 1477 497 tibi,
1519 431 1647 503 quia
1694 446 1896 501 semper
1937 446 2017 484 me
2045 432 2093 490 Α
2117 430 2298 486 omnis
2322 430 2510 486 beatus
2534 429 2704 498 audit,
2729 429 2855 491 inde
2884 439 2941 485 et
2971 442 3071 485 nos
3100 426 3342 485 universi
3387 425 3684 484 audiemus.

428 524 695 581 exaudiui
724 538 743 577 :
770 522 862 577 sed
888 532 1097 593 prapter
1115 523 1538 578 circumstantem
1572 523 1823 594 papulunt
1848 522 2009 577 istum

429 617 572 682 dico,
601 624 660 670 ut
688 614 906 670 credant
936 615 1063 684 quia
1091 624 1147 668 tu
1187 630 1269 669 me
1299 614 1491 669 misisti
1516 614 1558 669 ⁸.
1601 614 1707 670 Ista
1737 614 2007 683 interpre-

433 709 637 764 tatione
682 721 788 762 non
830 704 1117 777 indigent:
1143 714 1201 762 et
1229 704 1481 761 sedemus
1509 713 1569 761 ut
1622 704 1910 770 insensati,
1955 712 2013 758 et

419 798 692 855 ludimus.
746 797 883 855 Num
950 798 1303 869 semetipsum
1369 798 1559 870 genuit
1620 795 1822 853 Pater?
1879 810 2009 850 num

430 890 786 961 semetipsum
832 890 1029 947 misit?
1060 905 1189 945 num
1215 890 1564 960 semetipsum
1595 895 1738 955 orat,
1780 896 1837 943 et
1880 886 2012 943 sibi-

430 983 645 1054 metipsi
671 982 875 1055 gratias
909 982 1038 1055 agit,
1078 991 1136 1037 et
1194 981 1311 1052 ipse
1351 980 1455 1038 sibi
1506 990 1592 1038 est
1631 979 1825 1047 Filius,
1882 979 2003 1051 ipse

430 1074 535 1131 sibi
573 1084 656 1130 est
686 1074 950 1145 pontifex,
983 1075 1100 1145 ipse
1155 1074 1258 1130 sibi
1287 1083 1370 1130 est
1400 1087 1593 1145 agnus,
1630 1071 1746 1144 ipse
1781 1070 1886 1129 sibi
1914 1078 2004 1127 est

431 1164 685 1235 via,ipse
717 1166 819 1222 sibi
887 1176 972 1223 est
1012 1164 1216 1239 ianua?
1263 1165 1330 1222 Et
1372 1166 1493 1236 quis
1527 1166 1663 1233 haec,
1697 1164 1911 1221 etiamsi
1938 1164 2012 1220 sit

422 1257 935 1328 ‘insipientissimus,
986 1259 1264 1331 patietur?
1312 1258 1448 1313 Num
1498 1272 1608 1313 una
1662 1271 1767 1312 vox
1826 1266 1910 1313 est
1952 1265 2011 1311 ut

429 1350 944 1419 circumveniamus,
980 1367 1082 1406 una
1120 1360 1204 1408 est
1227 1352 1404 1407 littera
1432 1360 1492 1406 ut
1523 1349 1836 1408 deleamus?
1869 1348 2011 1405 Dicit

430 1441 577 1497 enim
627 1442 820 1497 iterum
879 1442 1197 1498 Dominussz
1238 1442 1378 1499 Ecce
1431 1459 1525 1514 ego
1577 1442 1742 1515 diligo
1793 1440 2011 1497 Patrem

432 1548 606 1587 meum
629 1532 672 1597 ⁸,
705 1550 798 1603 ego
831 1533 1028 1588 honoro
1070 1526 1285 1588 Patrem
1310 1549 1483 1587 meum
1506 1534 1550 1599 ⁵,
1592 1517 1888 1603 ορεταὶιαω
1915 1546 2009 1603 ego

432 1625 573 1694 facio
592 1626 682 1681 ille
701 1627 850 1696 facit,
886 1624 1050 1681 Pater
1088 1642 1233 1681 meus
1272 1626 1512 1697 quotidie
1539 1634 1796 1695 operatur
1833 1635 1883 1681 et
1914 1642 2009 1696 ego

411 1732 620 1786 -operor
646 1718 688 1781 ⁸,
718 1717 764 1770 si
798 1717 1010 1770 creditis
1039 1717 1094 1770 in
1122 1715 1287 1771 Deum
1318 1727 1367 1770 et
1395 1717 1451 1771 in
1486 1732 1569 1771 me
1608 1717 1843 1783 creditis,
1873 1715 2009 1771 uado

2112 524 2156 577 Α
2187 522 2327 579 Filio
2353 523 2488 579 nihil
2526 523 2711 579 audiat
2756 536 2975 591 sponsa,
3014 522 3158 591 quod
3207 535 3314 576 non
3368 528 3456 575 est
3510 520 3685 589 sponsi

2112 615 2218 669 sui.
2251 614 2309 670 Si
2338 615 2552 686 quidem
2583 630 2689 669 non
2716 614 2842 669 licet
2882 627 3092 682 sponsa:
3123 612 3355 668 alienam
3407 613 3687 683 suscipere

2113 705 2168 760 in
2215 705 2435 760 auribus
2474 720 2697 769 vocem,
2729 706 2895 761 etiam
2928 706 2976 761 si
2997 703 3205 760 Paulus
3259 707 3424 760 dicat.
3484 705 3592 761 Sed
3632 716 3689 758 ut

2110 810 2218 851 non
2244 794 2514 854 dubitaret
2537 811 2735 867 sponsa
2770 796 2840 853 de
2889 795 3077 864 Paulo,
3115 797 3195 852 ait
3226 798 3339 868 ipse
3372 816 3386 853 :
3423 796 3508 853 An
3535 813 3690 867 ειμι

2110 887 2388 943 rimentum
2402 890 2644 960 quaeritis
2664 889 2779 958 ejus
2797 889 2890 957 qui
2914 890 2970 943 in
2997 904 3078 942 me
3095 887 3593 955 loquitur‘Cltristus
3617 888 3693 943 ιιι

2106 981 2442 1053 Desponsavi
2471 982 2615 1036 enim
2646 995 2770 1050 vos,
2812 981 3004 1053 inquit,
3043 983 3160 1037 viro
3188 982 3322 1048 uni;
3358 997 3464 1038 non
3494 991 3683 1037 tamen

2110 1075 2330 1146 populo,
2386 1074 2482 1131 sed
2542 1074 2635 1129 uni
2696 1074 2973 1145 unigenito
3032 1089 3139 1130 una
3189 1089 3407 1145 sponsa.
3457 1074 3691 1129 Amicus

2112 1166 2255 1222 enim
2307 1165 2491 1238 sponsi
2538 1165 2627 1223 ille
2661 1176 2746 1222 est
2776 1166 2866 1237 qui
2889 1166 3100 1238 'gaudet
3125 1166 3193 1223 de
3240 1182 3441 1239 sponsa
3472 1168 3687 1237 sponsi.

2109 1256 2228 1313 Non
2251 1266 2335 1314 est
2364 1257 2526 1313 vidua
2558 1266 2745 1315 saneta
2779 1258 3041 1316 Ecclesia.
3082 1258 3229 1316 Vivit
3266 1260 3411 1316 enim
3455 1261 3549 1331 qui
3592 1276 3695 1331 pro

2108 1350 2224 1421 ipsa
2253 1357 2337 1405 est
2375 1360 2645 1406 mortuus.
2698 1350 2883 1423 Angeli
2923 1367 3031 1407 non
3079 1363 3362 1409 mortuum
3411 1355 3693 1411 adorant:

2109 1439 2204 1495 sed
2227 1440 2333 1495 vita
2358 1449 2496 1506 erat,
2536 1448 2677 1506 erat,
2698 1432 2841 1508 erat,
2861 1451 2916 1498 et
2943 1452 3048 1508 est,
3084 1453 3140 1497 et
3175 1458 3279 1498 non
3329 1452 3507 1500 cessat
3544 1458 3693 1500 esse.

2108 1520 2477 1602 Neque'enim
2500 1533 2667 1602 coepit
2689 1546 2721 1587 a
2753 1532 3122 1603 temporibus;
3146 1547 3334 1605 neque
3364 1535 3600 1589 cessavit
3630 1535 3694 1589 in

2109 1623 2307 1680 saecula
2353 1623 2456 1697 (Α).
2506 1622 2749 1695 Regnum
2797 1625 2943 1681 enim
2995 1623 3111 1694 ejus
3142 1641 3246 1681 non
3288 1626 3451 1682 habet
3479 1627 3693 1691 ﬁnem;

2113 1716 2241 1789 quia
2274 1732 2380 1774 non
2408 1717 2705 1789 temporale
2743 1719 3026 1789 imperium
3070 1717 3187 1788 eius
3219 1728 3324 1785 est,
3364 1720 3461 1775 sed
3494 1735 3700 1791 perpe-

412 1783 503 1863 -ad
534 1806 746 1863 Patrem
787 1824 959 1862 meum
983 1808 1027 1865 ⁷.
1051 1806 1267 1863 Gratias
1301 1808 1432 1879 agit,
1464 1816 1606 1873 orat,
1648 1807 1789 1863 viam
1814 1817 2014 1863 semet-
2042 1783 2086 1840 Β
2116 1783 2287 1865 tuum.
2334 1783 2568 1880 Tempus
2599 1811 2747 1866 enim
2790 1783 3336 1878 resurrectionis'est,
3377 1820 3433 1868 et
3470 1783 3698 1884 tempus

414 1899 605 1969 ipsum
632 1909 813 1966 vocat,
849 1908 909 1954 ut
944 1914 1209 1970 agnoscas
1245 1899 1312 1954 ad
1342 1914 1504 1969 quem
1549 1899 1700 1957 vadis
1733 1918 1747 1956 :
1782 1899 2007 1971 ianuam

410 1993 780 2062 ~semetipsum
807 1991 938 2047 dicit
965 1999 1011 2056 ο,
1042 2000 1103 2046 ιιι
1125 2005 1390 2061 agnoscas
1429 1992 1497 2046 ad
1531 2005 1689 2062 quem
1730 1990 2003 2063 ingredie-

426 2086 509 2139 ris
547 2102 561 2138 :
594 2083 782 2151 Pater,
810 2084 1008 2153 inquit,
1037 2100 1183 2138 meus
1214 2083 1449 2154 agricola
1472 2091 1573 2150 est,
1604 2094 1653 2139 et
1675 2100 1767 2155 ego
1793 2085 1910 2140 uitis
1932 2085 1961 2117 ν
1989 2102 2006 2142 :

413 2177 557 2231 Vitis
597 2185 653 2231 et
703 2177 940 2246 agricola
980 2192 1123 2231 unus
1178 2176 1296 2231 est?
1349 2174 1501 2232 Hane
1545 2178 2006 2248 comparationem

424 2267 689 2324 Dominus
714 2268 871 2337 dixit,
908 2277 967 2324 ιιι
987 2255 1068 2324 ne
1094 2268 1216 2340 quis
1240 2284 1327 2325 me
1359 2269 1737 2340 reprehendat.
1772 2267 1886 2340 Ego
1909 2284 2007 2323 au-

418 2369 538 2416 tem
580 2362 703 2415 volo
727 2370 786 2416 ut
814 2377 901 2417 me
936 2363 1152 2431 quidem
1200 2375 1389 2418 omnes
1426 2362 1676 2419 homines
1714 2362 2009 2430 reprehen-

418 2452 605 2505 dant:
638 2465 738 2520 ego
777 2462 960 2505 autem
1009 2450 1175 2506 volo:
1221 2450 1433 2507 Domini
1482 2463 1665 2507 autem
1697 2450 2009 2507 custodiant

424 2542 614 2598 verba.
649 2541 900 2595 Descendi
931 2540 995 2593 de
1034 2541 1161 2595 ccelo
1201 2548 1261 2595 ut
1295 2541 1490 2611 faciam
1527 2540 1848 2596 uoluntatem
1890 2542 2005 2608 ejus

425 2633 521 2702 qui
558 2647 639 2686 me
669 2631 809 2685 misit
828 2632 880 2663 “
906 2650 923 2685 :
953 2629 1189 2686 obedivit
1231 2639 1408 2687 autem
1432 2646 1605 2701 usque
1652 2631 1719 2686 ad
1753 2642 2002 2688 mortem.

2110 1900 2319 1956 salutis.
2348 1899 2466 1957 Non
2496 1902 2796 1957 moriamur
2820 1915 2971 1972 ergo,
3011 1917 3135 1957 cum
3169 1901 3428 1958 debemus
3467 1904 3689 1958 vivere.

2110 1989 2218 2047 Sed
2240 1979 2385 2047 nunc
2406 1992 2624 2063 quidem
2648 1992 2835 2063 paucis
2860 1992 2931 2048 ob
2953 1994 3278 2048 memoriam
3324 2002 3379 2049 et
3413 1994 3691 2050 honorem

2108 2081 2286 2140 Patris
2312 2084 2457 2140 illius
2488 2084 2683 2151 nostri,
2719 2084 2793 2139 ita
2829 2084 2982 2150 boni,
3020 2086 3094 2140 ita
3140 2084 3425 2150 laboriosi,
3476 2095 3534 2141 et
3584 2102 3695 2158 pro

2109 2168 2365 2231 Ecclesiis
2393 2173 2596 2244 ubique
2614 2173 2871 2245 vigilante
2897 2174 2979 2246 (5)
3008 2176 3151 2230 dicta
3195 2176 3304 2231 sint
3359 2176 3540 2231 nobis.
3584 2175 3695 2232 Ne-

2106 2282 2214 2339 que
2238 2267 2382 2323 enim
2410 2267 2624 2338 generis
2659 2265 2809 2336 eius;
2833 2268 3149 2324 memoriam
3196 2269 3447 2335 fecimus,
3508 2284 3697 2341 neque

2107 2360 2463 2427 educationis,
2509 2368 2605 2415 aut
2658 2358 3006 2427 eruditionis,
3062 2370 3157 2415 aut
3204 2361 3429 2417 alterius
3478 2360 3610 2416 vita
3636 2369 3696 2415 et

2111 2452 2394 2525 propositi.
2427 2449 2872 2506 Sullicientenim
2913 2450 2967 2506 in
3010 2452 3247 2508 Ecclesia
3284 2453 3376 2507 Dei
3411 2452 3479 2508 de
3524 2451 3697 2507 Patre

2108 2554 2166 2599 et
2204 2542 2343 2598 Filio
2387 2542 2532 2612 loqui
2593 2541 2692 2613 (6).
2736 2542 2910 2613 Loqui
2965 2544 3163 2614 quippe
3201 2544 3457 2613 dicibilia,
3507 2553 3695 2601 tacere

2106 2643 2284 2689 autem
2324 2647 2445 2704 que
2466 2633 2677 2690 occulta
2725 2643 2870 2688 sunt.
2906 2633 3244 2705 Tinguamur
3282 2635 3481 2690 fratres
3516 2635 3575 2689 in
3609 2636 3697 2690 his

428 2721 540 2777 Sed
578 2722 705 2789 quid
757 2737 900 2776 nunc
937 2737 1072 2791 opus
1100 2731 1184 2778 est
1212 2720 1404 2777 Pauli?
1442 2736 1749 2792 quanquam
1779 2732 1832 2777 et
1862 2719 2006 2776 Pau—
2090 2712 2226 2795 quae
2254 2726 2311 2781 in
2336 2725 2632 2796 Scripturis
2681 2726 2880 2796 scripta
2921 2739 3073 2792 sunt,
3113 2742 3217 2781 non
3258 2735 3317 2782 ut
3360 2741 3553 2782 vacua:
3600 2726 3695 2782 lit-

414 2812 514 2867 ‘lus
543 2827 652 2867 non
680 2813 994 2868 testimonio
1023 2828 1124 2869 suo
1152 2814 1332 2882 dicat;
1377 2823 1553 2869 tamen
1587 2816 1712 2885 quia
1752 2816 1869 2886 ipse
1900 2814 2007 2869 Do-
2108 2826 2238 2871 tera:
2264 2818 2650 2887 prophetarum
2682 2826 2741 2871 ut
2767 2816 2992 2873 Judmis.
3014 2817 3094 2872 Illi
3117 2818 3264 2874 enim
3305 2819 3601 2874 adversum
3633 2834 3694 2873 se

427 2907 607 2961 minus
645 2920 750 2960 non
790 2907 1029 2972 audit-ur,
1070 2916 1130 2962 ut
1158 2907 1288 2976 quid
1323 2907 1389 2961 de
1427 2907 1738 2963 domesticis
1767 2908 1883 2977 ejus
1919 2915 2007 2961 est
2106 2907 2322 2979 legunt;
2358 2906 2597 2977 legentes
2634 2908 2779 2962 enim
2812 2906 3021 2963 litteras
3064 2918 3121 2963 et
3168 2923 3273 2963 non
3320 2910 3690 2978 suscipientes

418 2998 650 3054 sermo?
678 2998 767 3052 Vis
800 3014 930 3053 sane
959 2999 1227 3053 honorare
1254 2996 1473 3063 Filium,
1507 3009 1565 3052 ut
1598 2998 1711 3052 vult
1748 2999 1858 3064 ille,
1896 3014 2002 3054 non
2106 3001 2387 3070 negotium
2413 3014 2480 3055 ex
2518 3000 2601 3054 his
2628 3000 2823 3069 quibus
2868 2999 3171 3073 legunt(7),
3196 3001 3528 3071 semetipsos
3562 3017 3692 3058 con-

428 3101 488 3143 ut
511 3100 566 3143 tu
592 3090 689 3144 vis.
712 3088 843 3142 Num
867 3090 913 3143 si
940 3090 1145 3144 dixeris
1169 3105 1271 3143 non
1302 3099 1403 3153 est,
1430 3090 1729 3155 honorasti,
1754 3091 1799 3144 si
1828 3090 1997 3145 inter-
2029 3121 2075 3181 ε
2107 3092 2473 3161 demnantqui
2509 3100 2793 3146 excusant.
2837 3089 3026 3147 Videte
3053 3106 3121 3146 ne
3165 3093 3446 3163 patiamur
3474 3107 3543 3147 ea
3570 3109 3692 3165 qua

414 3183 627 3235 emeris
669 3195 828 3250 quem
880 3196 986 3234 non
1054 3189 1343 3249 potuerunt
1392 3179 1596 3236 Judaei?
1637 3179 1807 3237 Judaei
1857 3184 2002 3236 enim
2045 3179 2071 3181 “⁷
2108 3182 2309 3239 ludatis
2348 3183 2716 3252 increpamus.
2755 3181 2812 3237 Si
2854 3184 3000 3238 enim
3044 3184 3274 3240 dicimus
3316 3182 3547 3252 Filium,
3592 3200 3698 3240 non

414 3272 564 3327 fabri
589 3271 754 3325 lilium
801 3287 925 3327 eum
965 3279 1312 3342 putaverunt,
1341 3282 1394 3326 et
1424 3281 1484 3326 ut
1515 3271 1654 3327 fabri
1706 3272 1872 3327 ﬁlium
1920 3273 2006 3328 in-

417 3363 792 3429 teriecerunt;
850 3373 903 3417 tu
943 3372 1014 3417 ut
1062 3362 1258 3418 Filium
1311 3362 1403 3417 Dei
1454 3362 1744 3419 interﬁcis.
1795 3362 1901 3417 Sed
1944 3374 2000 3418 tu

424 3455 697 3521 morieris,
740 3471 845 3509 non
884 3453 990 3510 ille.
1028 3455 1145 3511 Non
1174 3454 1317 3512 enim
1363 3469 1429 3509 ex
1465 3455 1552 3510 his
1584 3469 1704 3525 qua:
1756 3463 1816 3511 tu
1845 3456 2000 3520 dicis,

426 3547 518 3599 ille
548 3562 657 3600 non
698 3555 781 3601 est
816 3559 831 3599 :
862 3546 957 3600 sed
1001 3561 1067 3602 ex
1117 3546 1199 3601 bis
1229 3545 1348 3615 quae
1388 3561 1492 3601 non
1535 3547 1732 3614 credis,
1781 3556 1836 3602 tu
1895 3562 2003 3603 non

426 3640 554 3693 eris.
573 3638 712 3705 Quae
755 3640 959 3710 scripta
1006 3650 1132 3695 sunt
1163 3640 1349 3705 dicito,
1381 3646 1438 3695 et
1467 3640 1879 3711 derelinquetur
1908 3640 1996 3696 lis.

424 3730 541 3785 Non
577 3746 759 3785 meum
776 3739 844 3785 et
879 3741 1051 3797 tuum,
1083 3732 1176 3786 sed
1218 3747 1337 3802 qua:
1379 3732 1684 3787 communia
1730 3741 1857 3788 sunt
1896 3732 2000 3788 Ec-

424 3823 621 3877 clesiae.
657 3822 789 3888 Quis
810 3823 952 3876 enim
997 3830 1050 3877 te
1075 3820 1317 3892 iudicat?
1345 3822 1475 3890 quid
1515 3822 1686 3877 habes
1718 3823 1861 3892 quod
1891 3838 2000 3879 non

424 3913 717 3981 accepisti?
750 3911 865 3965 Non
898 3913 997 3965 ista
1019 3918 1101 3965 est
1130 3926 1229 3966 vox
1269 3909 1420 3966 Pauli
1444 3910 1536 3981 qui
1567 3911 1646 3966 ait
1676 3928 1690 3966 :
1730 3910 1818 3966 Ea:
1850 3922 2002 3982 parte

424 4003 778 4072 agnoscimus,
814 4012 865 4055 et
894 3996 959 4056 ea:
986 4013 1137 4071 parte
1171 4003 1542 4071 prophetamus
1582 4002 1667 4057 "i
1715 4001 1842 4058 Haec
1869 4003 2002 4058 dixit

425 4093 643 4160 Paulus,
685 4108 752 4147 ne
796 4106 926 4149 sane
975 4093 1121 4147 solus
1162 4102 1444 4162 putaretur
1491 4107 1557 4148 ex
1598 4102 1774 4163 parte,
1822 4094 1918 4148 sed
1947 4103 2003 4148 et

424 4185 675 4254 Apostoli
709 4201 829 4239 cum
854 4186 971 4254 ipso
999 4184 1090 4255 qui
1126 4187 1222 4251 ait,
1242 4201 1389 4241 nunc
1408 4185 1644 4241 uidemus
1686 4202 1780 4257 per
1812 4202 2003 4257 specu-

423 4277 534 4330 lum
572 4276 637 4331 ¹².
665 4275 769 4329 Sed
802 4275 1001 4329 Paulus
1032 4290 1126 4345 per
1158 4275 1476 4344 speculum;
1508 4286 1563 4331 tu
1588 4287 1773 4332 autem
1803 4290 1857 4333 et
1879 4278 2000 4333 istic

423 4371 533 4439 iam
552 4369 629 4424 vis
674 4368 811 4424 facie
839 4370 906 4422 ad
924 4368 1116 4424 faciem
1142 4383 1320 4424 nosse.
1348 4368 1817 4436 Quemadmodum
1869 4382 2001 4426 sane

2107 3273 2431 3329 conﬁtemur
2466 3283 2646 3329 autem
2674 3273 2892 3339 Filium,
2920 3283 2974 3330 et
2998 3275 3043 3329 si
3071 3275 3419 3344 agnoscimus
3448 3274 3698 3339 Patrem,

2107 3377 2423 3433 speruamus
2461 3375 2642 3419 autem
2687 3364 2937 3430 Patrem;
2982 3364 3076 3419 illa
3118 3364 3235 3435 ipsa
3277 3380 3401 3436 qua:
3426 3366 3697 3434 legimus.

2112 3456 2230 3528 ipsa
2261 3455 2502 3512 nobisin
2551 3457 2638 3512 die
2659 3454 2847 3525 iudicii
2888 3455 3136 3527 legentur
3168 3456 3238 3511 ad
3274 3457 3699 3512 condemnatis-

2119 3566 2265 3606 nem.
2296 3549 2430 3606 Dicit
2496 3549 2640 3606 enim
2675 3548 2982 3606 Dominus:
3016 3542 3453 3615 Ego’nonjudico
3500 3550 3577 3613 υ,
3607 3548 3700 3603 sed

2110 3656 2295 3698 sermo
2321 3656 2487 3713 quem
2549 3640 2760 3696 locutus
2807 3648 2891 3695 est
2937 3637 3058 3710 ipse
3104 3651 3233 3692 eum
3277 3635 3517 3705 iudicat.
3554 3635 3700 3690 Dixit

2108 3734 2227 3802 tibi,
2258 3735 2384 3804 quia
2418 3733 2555 3788 uado
2597 3733 2668 3788 ad
2726 3732 2940 3789 Patrem
2995 3745 3173 3787 meum
3220 3727 3365 3782 Dixit
3417 3726 3544 3792 tibi,
3573 3728 3697 3798 quia

2105 3823 2305 3878 missus
2327 3838 2357 3877 a
2384 3819 2550 3876 Patre
2586 3832 2743 3884 sum;
2768 3828 2825 3873 et
2845 3828 2901 3872 tu
2922 3815 3058 3873 dicis
3076 3816 3205 3887 quia
3227 3831 3334 3870 non
3356 3823 3445 3871 est
3466 3815 3700 3870 missust

2104 3915 2197 3969 sed
2221 3914 2336 3983 ipse
2354 3921 2439 3968 est
2464 3911 2556 3982 qui
2582 3911 2697 3966 haec
2713 3909 2870 3977 dixit,
2891 3919 2947 3965 et
2965 3918 3093 3964 tunc
3111 3906 3411 3976 iudicabit:
3432 3906 3583 3977 leget
3605 3908 3696 3962 tibi

2103 4005 2412 4075 Evangelia,
2430 4003 2583 4059 dabis
2603 4003 2890 4068 rationem,
2910 4000 3053 4057 dicet
3067 4015 3165 4056 cur
3185 3999 3298 4054 hac
3312 3999 3523 4069 scripta
3540 3997 3700 4054 sunt!

2104 4097 2229 4153 Haec
2253 4106 2432 4151 autem
2457 4105 2584 4150 tunc
2611 4108 2715 4150 non
2744 4093 2851 4150 dixi
2878 4107 2976 4163 per
3004 4105 3214 4148 vocem.
3235 4089 3303 4144 Et
3321 4105 3433 4160 qua
3455 4088 3603 4146 tacie
3624 4091 3700 4143 vi—

2106 4189 2264 4246 debis
2306 4187 2436 4241 illud
2467 4185 2687 4241 lumen?
2716 4183 2966 4241 Contenti
2992 4182 3163 4238 simus
3185 4180 3437 4246 veritate,
3464 4192 3699 4235 excuse-

2107 4296 2227 4336 mus
2250 4278 2394 4333 lites.
2433 4276 2637 4348 Siquis
2658 4287 2837 4332 autem
2872 4284 2933 4332 et
2976 4274 3125 4330 novit
3159 4271 3368 4342 aliquid
3424 4286 3555 4326 cum
3601 4284 3699 4341 pa-

2110 4371 2295 4427 tientia
2326 4379 2381 4426 et
2419 4385 2525 4426 non
2556 4371 2623 4424 ad
2657 4366 3056 4439 iustigationem
3094 4380 3215 4436 qua:
3249 4362 3418 4429 ladit,
3446 4364 3549 4418 sed
3577 4376 3697 4419 cum

422 4459 829 4515 euminterimis
847 4472 1007 4527 quem
1032 4458 1202 4512 vides.
1231 4455 2010 4528 Haec(2-5)videbamus:setn-
2042 4471 2085 4527 ι)
2115 4463 2420 4518 humilitate
2464 4477 2586 4532 qua:
2639 4462 2884 4532 prodest,
2934 4473 3041 4513 nan
3083 4470 3143 4510 ut
3190 4455 3423 4523 inimici,
3478 4458 3582 4510 sed
3645 4462 3697 4508 ut

425 4569 521 4623 per
539 4568 570 4606 ιι
598 4553 757 4608 beato
780 4550 872 4607 illo
892 4551 1031 4606 viro.
1063 4547 1218 4620 Saepe
1232 4549 1375 4604 enim
1397 4547 1716 4604 dicebantur
1754 4552 1821 4605 ab
1840 4567 1924 4619 eo,
1947 4565 2005 4609 ut

423 4645 641 4714 quidam
668 4644 1077 4714 suspicarentur
1116 4656 1212 4698 ore
1242 4640 1457 4713 quidem
1492 4655 1591 4698 suo
1614 4642 1712 4698 ista
1732 4646 2004 4714 proferre,

422 4740 590 4794 corde
614 4748 793 4793 autem
821 4736 979 4791 aliter
1004 4735 1226 4790 habere.
1272 4732 1344 4788 Et
1393 4733 1611 4803 quidem
1666 4751 1875 4793 memor
1912 4753 2005 4793 vo-

428 4830 515 4885 bis
544 4845 664 4885 sum
694 4828 911 4884 audisse
940 4841 1029 4883 me
1066 4827 1134 4882 ab
1151 4840 1226 4881 eo
1261 4834 1451 4882 sancto
1501 4827 1657 4884 nobis
1693 4826 2005 4897 iuramento

425 4921 785 4987 satisfecisse,
811 4922 938 4992 quia
961 4935 1067 4976 non
1097 4919 1241 4975 aliud
1272 4918 1328 4973 in
1363 4919 1567 4990 lingua,
1602 4929 1657 4975 et
1691 4920 1834 4975 aliud
1861 4931 2006 4977 esset

427 5019 482 5073 in
517 5018 683 5074 corde
708 5016 858 5086 eius;
892 5015 988 5070 sed
1022 5012 1187 5069 corde
1224 5011 1443 5081 quidem
1474 5011 1716 5066 creditur
1737 5012 1805 5066 ad
1836 5012 2002 5083 iusti-

426 5105 578 5169 tiam,
598 5119 693 5159 ore
711 5113 892 5157 autem
923 5101 1212 5157 conﬁtetur
1246 5101 1312 5155 ad
1335 5100 1565 5156 salutem
1606 5118 1621 5157 :
1661 5102 1802 5157 unde
1836 5103 2000 5174 igitur

382 5212 383 5215 “
498 5221 519 5251 ⁸
540 5219 697 5277 Joan.
726 5234 800 5283 xl,
830 5220 921 5285 Ill,
954 5219 1045 5273 42.
1114 5220 1136 5252 ⁸
1173 5218 1329 5274 Joau.
1358 5235 1470 5284 xiv,
1492 5220 1582 5274 51.

426 5304 484 5353 ιι,
519 5290 573 5345 9.
682 5291 704 5322 ⁹
736 5291 890 5346 Joan.
932 5306 1022 5355 xv,
1066 5290 1114 5345 1.

425 5375 546 5427 νιιι,
577 5360 666 5416 15.

1221 5291 1264 5322 ¹⁹
1297 5290 1454 5345 Joan.
1492 5306 1567 5358 v1,
1597 5292 1688 5347 '58.

496 5471 636 5543 (εὖ)
673 5470 802 5527 Haec
841 5474 1163 5536 videbamus,
1203 5484 1308 5529 etc.
1353 5474 1517 5529 Henr.
1552 5474 1798 5531 Valesius
1823 5474 1995 5545 legit:

426 5536 560 5595 Ηιὲσ
586 5536 926 5597 audiebamus
949 5561 1150 5612 semper
1181 5562 1212 5598 a
1236 5546 1386 5598 beato
1410 5546 1501 5598 illo
1532 5550 1663 5609 uiro,
1692 5562 1830 5611 stepe
1857 5536 1997 5601 eia».

423 5614 513 5685 ita
539 5612 843 5685 dicebantur
887 5615 949 5666 ab
1002 5630 1080 5685 eo,
1122 5625 1176 5666 ut
1207 5615 1421 5685 quidam
1469 5618 1865 5685 suspicarentur
1910 5633 1997 5671 ore

423 5682 633 5751 quidem
648 5697 775 5751 eum
808 5683 909 5736 ista
940 5683 1197 5751 proferre.
1219 5682 1328 5738 etc.

497 5750 577 5817 (4)
607 5750 789 5817 Neque
811 5750 1047 5809 cessavit.
1074 5751 1237 5809 Forte
1277 5771 1439 5821 neque
1465 5755 1709 5810 cessabit.

1683 5221 1704 5253 '
1733 5218 1888 5275 Joan.
1922 5236 2039 5285 vtu,
2082 5222 2173 5278 49.
2251 5218 2446 5275 ‘Joan.
2480 5234 2531 5283 v,
2568 5218 2655 5280 l7,
2700 5214 2791 5271 56.

1787 5292 1826 5323 “
1860 5293 1876 5346 Ι
1906 5291 2031 5347 Cor.
2071 5309 2191 5361 xm,
2217 5294 2270 5349 9.
2368 5293 2411 5323 ¹²
2451 5290 2604 5354 ibid.,
2642 5286 2727 5341 12.

2110 4556 2427 4620 Christiani,
2469 4570 2576 4609 non
2633 4563 2691 4608 ut
2742 4554 2795 4607 in
2844 4552 3017 4617 circo,
3072 4550 3165 4605 sed
3206 4557 3265 4602 ut
3312 4548 3366 4601 in
3426 4546 3697 4603 Ecclesia.

2120 4646 2307 4701 llabcs
2360 4644 2565 4716 aliquid
2610 4662 2625 4698 :
2671 4645 2825 4699 trade
2878 4658 2983 4697 neu
3045 4657 3165 4696 cum
3218 4640 3333 4703 lite,
3385 4656 3499 4695 non
3548 4641 3700 4712 quasi

2112 4751 2324 4802 auctor,
2363 4738 2459 4794 sed
2500 4751 2819 4794 ammonens
2846 4749 2908 4790 ea
2938 4749 3061 4805 quae
3092 4733 3331 4788 didicisti
3382 4748 3417 4788 a
3450 4732 3696 4803 Scripta.

2112 4832 2209 4887 ris.
2246 4831 2495 4886 Retinete
2515 4830 2653 4894 haec,
2682 4836 2737 4883 et
2768 4826 3061 4882 cessabitis
3092 4824 3256 4888 alite,
3296 4833 3351 4878 et
3390 4824 3462 4878 ab
3497 4822 3695 4879 Eccle-

2112 4923 2189 4978 sia
2227 4922 2470 4991 separari
2515 4919 2706 4975 nolite.
2758 4916 2816 4973 Si
2861 4932 2963 4988 ego
3012 4916 3201 4981 deliro,
3244 4914 3376 4983 quid
3411 4915 3484 4969 ad
3536 4914 3630 4968 te?
3658 4914 3698 4967 si

2111 5031 2213 5086 ego
2244 5014 2424 5070 aliena
2458 5012 2674 5085 loquar,
2709 5027 2794 5066 me
2818 5008 3005 5079 iudica
3037 5017 3093 5064 et
3120 5008 3346 5079 perdere
3372 5005 3693 5061 noli.0cca-

2108 5107 2316 5160 sionem
2347 5103 2514 5159 nolite
2554 5115 2801 5171 quaerere
2840 5099 2905 5154 ad
2953 5097 3267 5154 schismata.
3297 5094 3431 5150 Ovis
3453 5108 3582 5164 qua
3610 5108 3697 5148 ex-

2893 5213 3072 5268 7Joan.
3100 5226 3210 5273 xiv.
3238 5209 3293 5275 l,
3322 5209 3418 5265 28.
3497 5209 3523 5241 ³
3544 5208 3678 5264 Joan

2826 5285 2868 5317 ¹³
2891 5283 2931 5338 ιι
2957 5283 3086 5338 Cor.
3139 5298 3257 5346 xm,
3290 5281 3346 5335 5.
3455 5279 3506 5312 ιδ
3537 5280 3693 5336 .loau.

2180 5473 2259 5545 (5)
2306 5468 2682 5545 Vigilante._H.
2721 5467 2981 5545 Valesius
3006 5464 3137 5545 legit
3159 5463 3452 5545 uigilantis.

2275 5530 2628 5630 lMsiSu’ﬁicit
2666 5541 2805 5594 enim
2841 5541 2895 5593 in
2935 5530 3175 5592 Ecclesia
3208 5530 3307 5589 Dei
3344 5536 3414 5589 de
3453 5530 3625 5589 Patre
3647 5540 3691 5588 Ι

2108 5614 2482 5757 “(iiIi-imis.
2524 5681 2709 5753 quibus
2738 5679 2934 5752 legunt.
2967 5676 3155 5733 Graeco
3177 5672 3353 5743 more,
3391 5690 3495 5747 pro
3524 5690 3589 5733 es
3616 5672 3691 5727 his

2102 5756 2219 5818 ante
2247 5756 2446 5817 legunt.
