3810 6218
217 280 244 333 ι
256 278 364 335 069

1316 260 1405 320 DE
1440 254 2041 320 RESUHRECTIONE.
2083 296 2136 306 —
2191 255 2318 317 LIB.
2361 256 2403 317 ι.

3333 256 3466 316 10Ἱῦ

210 393 296 438 tra
322 396 537 454 gregem
568 391 671 449 est,
702 397 832 455 pars
868 389 979 456 lupi
1014 397 1118 443 est.
1152 374 1286 442 Nam
1317 389 1419 445 etsi
1452 389 1643 445 fortior
1672 390 1792 446 ovis
1821 397 1868 453 Α
1898 392 2008 446 tres
2043 411 2055 446 :
2100 406 2203 445 non
2248 382 2510 444 faciamus
2550 379 2952 448 conventicula,
2994 397 3105 438 non
3157 381 3465 453 Speluncae.

210 491 295 539 es,
322 477 543 546 expedit
596 466 693 532 tibi
745 476 884 532 infra
942 480 1177 550 parietes
1226 482 1384 537 ovilis
1434 498 1576 549 esse,
1625 498 1787 551 quam

210 568 384 624 foras.
416 567 596 624 Fortis
633 583 713 634 es,
757 579 911 638 porta
964 587 1137 626 meam
1182 573 1553 629 infirmitatem
1588 576 1605 628 ’:
1642 574 1794 629 infir—

206 676 335 717 mus
368 677 449 727 es,
477 662 663 731 accipe
686 665 948 722 medelam
975 681 1005 721 a
1028 668 1300 723 cummuni
1333 668 1573 726 Ecclesia
1601 688 1615 724 :
1640 678 1792 740 gutta

201 771 320 812 una
383 767 679 814 torrentem
740 772 849 813 non
897 748 1051 814 facit.
1106 757 1164 813 Si
1211 758 1357 813 enim
1404 766 1460 814 et
1510 760 1790 826 ceciderit,

201 859 505 917 antequam
540 849 721 916 cadat,
752 866 778 901 a
809 852 953 904 terra
992 848 1336 904 absmbemr.
1378 847 1542 905 'Gutta
1583 859 1791 916 autem,

202 945 268 997 et
306 942 480 1013 gutta,
513 952 569 997 et
592 950 741 1011 gutta
772 941 935 997 etiam
981 950 1191 997 montes
1234 942 1451 998 evertit.
1499 940 1679 999 Canna
1732 958 1793 999 es

207 1025 445 1104 fragilis,
478 1033 631 1088 multi
663 1042 843 1088 autem
894 1022 1045 1087 ferro
1093 1041 1222 1087 sunt
1274 1031 1549 1089 fortiores.
1592 1033 1794 1091 Oculus

206 1125 364 1182 solus
391 1136 497 1179 non
523 1133 606 1180 est
627 1124 842 1190 oculus,
874 1139 1050 1195 neque
1073 1134 1237 1195 caput
1260 1134 1447 1196 caput,
1484 1139 1660 1197 neque
1698 1142 1794 1198 pes

204 1233 334 1289 pes.
373 1212 705 1288 Compositio
751 1216 895 1273 enim
944 1217 1312 1272 membrorum
1372 1226 1540 1272 tutum
1592 1222 1792 1274 bonum

205 1304 366 1360 facit.
412 1303 545 1359 Nam
577 1303 679 1360 etsi
723 1310 875 1360 esses
909 1302 1120 1371 oculus,
1169 1304 1407 1371 ablatus,
1432 1321 1556 1362 eras
1594 1319 1790 1365 caecus.

202 1398 256 1453 Α
283 1406 505 1466 corpore
533 1396 677 1450 enim
708 1395 955 1451 sublatus
977 1394 1192 1462 oculus,
1226 1408 1403 1452 caseus
1447 1405 1532 1454 est
1575 1399 1792 1464 oculos,

203 1488 387 1558 magis
418 1492 599 1543 autem
641 1496 905 1542 mortuus.
933 1487 990 1542 In
1020 1488 1263 1544 Ecclesia
1297 1487 1495 1544 fratres
1545 1494 1647 1545 sub
1682 1492 1795 1547 alas

205 1578 405 1634 matris
427 1577 820 1635 conveniamus
848 1587 866 1639 ξ
895 1578 949 1633 in
968 1576 1214 1635 Ecclesia
1259 1580 1313 1634 in
1341 1593 1446 1650 qua
1474 1585 1792 1639 ornamenta

207 1686 428 1749 sponsae
454 1678 600 1738 sunt,
628 1678 683 1725 et
712 1670 955 1726 membra
977 1669 1201 1737 Christi,
1233 1686 1340 1727 non
1369 1674 1437 1728 ad
1478 1673 1793 1740 schismata,

1895 483 2060 539 Forte
2101 485 2243 539 enim
2299 481 2530 553 apostoli
2588 481 2705 534 haec
2752 476 3067 531 fundarunt.
3102 474 3219 530 Non
3262 475 3468 547 lapidea

1894 575 2036 641 dico,
2078 575 2172 630 sed
2208 575 2419 645 negotia
2460 585 2664 627 rerum.
2701 571 2831 627 Exis
2870 571 2939 625 ab
2969 568 3236 634 Ecclesia,
3281 579 3340 625 et
3381 583 3468 626 re-

1892 667 2094 739 linquis
2133 677 2361 723 matrem
2406 676 2551 722 tuam
2582 672 2803 736 propter
2853 678 2959 717 me.
2988 661 3126 728 Quid
3160 677 3278 717 sum
3323 662 3468 718 enim

1894 774 2017 832 ego,
2052 765 2146 816 aut
2183 760 2408 823 Paulus.
2435 767 2529 813 aut
2562 756 2751 826 Apollo
2774 754 2896 825 quis
2931 754 3051 808 est?
3098 754 3173 808 De
3198 769 3283 809 me
3323 763 3379 808 et
3416 762 3469 811 te

1894 853 2000 907 erit
2031 867 2230 908 sermo.
2263 850 2401 905 Num
2438 860 2537 921 ego
2579 847 2873 903 cruciﬁxus
2920 846 3078 902 sum?
3106 846 3348 900 Necdum
3401 859 3470 901 ne

1895 943 2112 1013 quidem
2135 944 2343 1014 alapam
2370 941 2577 1013 accepi.
2611 940 2653 994 E
2674 939 2952 995 contrario
2986 949 3185 1004 autem,
3219 948 3274 993 et
3298 938 3470 993 bono.

1894 1042 2048 1090 ratus
2098 1046 2215 1090 sum
2269 1041 2488 1105 prapter
2535 1030 2743 1088 Iesum.
2797 1032 2863 1088 Et
2904 1031 2996 1086 ille
3032 1030 3249 1101 quidem
3300 1030 3469 1085 multa

1898 1140 2089 1196 passus
2112 1134 2195 1182 est
2224 1134 2443 1196 propter
2464 1137 2551 1179 me
2583 1143 2600 1177 :
2639 1140 2739 1192 ego
2777 1134 2957 1179 autem
3008 1124 3308 1178 honoratus
3342 1137 3463 1178 sum

1897 1228 2117 1290 propter
2156 1219 2352 1288 ipsum.
2398 1216 2467 1272 Et
2493 1232 2592 1272 nos
2626 1217 2844 1286 quidem
2895 1215 3157 1272 feriamur
3206 1215 3470 1272 adversus

1897 1325 2140 1374 crucem,
2185 1319 2240 1365 et
2283 1310 2577 1365 adversum
2614 1322 2739 1363 eum
2773 1307 2864 1378 qui
2911 1318 3127 1378 propter
3167 1321 3266 1363 nos
3310 1307 3389 1362 fel
3419 1314 3470 1363 et
3521 1342 3525 1347 -

1898 1411 2108 1458 acetum
2149 1401 2305 1465 bibit,
2337 1409 2392 1457 et
2415 1399 2745 1471 imponimus
2788 1400 2840 1454 ei
2874 1399 3059 1470 spina’s
3099 1400 3281 1471 magis
3301 1413 3470 1470 quam

1898 1493 2085 1560 Judaei,
2109 1502 2165 1550 et
2195 1493 2479 1548 efl‘odimus
2511 1504 2706 1548 manus
2747 1492 2864 1561 ejus
2907 1500 2963 1547 et
3001 1491 3189 1561 pedes,
3234 1500 3290 1548 et
3310 1492 3473 1547 dinu-t

1897 1599 2171 1639 meramus
2191 1582 2308 1651 ejus
2333 1598 2456 1638 ossa
2493 1600 2506 1637 :
2539 1581 2672 1648 Quae
2710 1582 2874 1649 enim,
2909 1582 3108 1651 inquit,
3139 1582 3339 1651 fecistis
3375 1580 3473 1637 uni

1899 1692 1964 1731 ea:
1993 1670 2225 1730 minimis
2255 1674 2379 1729 istis
2412 1674 2503 1744 qui
2531 1679 2748 1728 credunt
2791 1674 2846 1727 in
2872 1689 2976 1739 me,
3005 1673 3133 1727 mihi
3182 1673 3376 1741 fecistis
3403 1672 3475 1740 ¹⁶,

210 1780 325 1818 non
350 1763 415 1817 ad
440 1763 695 1819 haereses.
726 1761 1028 1832 Aiiquoties
1047 1763 1193 1819 enim
1226 1763 1349 1821 dico
1379 1783 1392 1819 :
1426 1759 1649 1821 oﬂ‘endit
1677 1782 1794 1820 mea
1833 1776 1877 1836 Β
1903 1776 1996 1820 aut
2030 1765 2234 1821 bonum
2269 1775 2362 1820 aut
2395 1764 2623 1820 malum.
2661 1763 2785 1820 Haec
2817 1763 3015 1820 fratres
3052 1773 3107 1821 et
3154 1764 3206 1819 iu
3252 1766 3338 1822 his
3365 1765 3474 1821 fra-

210 1856 394 1925 lingua
424 1872 438 1909 :
473 1864 652 1923 potest
681 1854 795 1908 ﬁeri
824 1863 883 1909 ut
925 1868 1079 1910 mens
1125 1867 1241 1911 mea
1295 1854 1555 1911 offendat.
1605 1857 1710 1912 Sed
1740 1868 1794 1913 tu

209 1947 328 2001 noli
356 1965 369 2001 :
397 1946 715 2002 obliviscere
757 1941 834 2018 (8)
875 1958 998 2002 eum
1037 1948 1129 2017 qui
1176 1947 1312 2002 dixit
1353 1964 1369 2001 :
1411 1944 1593 2002 Pretio
1637 1950 1797 2020 empti

211 2040 365 2105 estis,
395 2038 557 2094 nolite
584 2038 702 2107 ﬁeri
730 2038 865 2093 servi
905 2039 1174 2094 hominum
1197 2037 1262 2093 υ.
1293 2039 1401 2095 Ista
1432 2043 1575 2096 enim
1604 2043 1799 2098 domus

212 2147 327 2187 non
350 2146 467 2188 mea
490 2139 573 2186 est
595 2140 688 2186 aut
716 2141 828 2189 tua.
874 2131 985 2187 Cur
1036 2133 1139 2187 mei
1194 2147 1356 2188 causa
1389 2134 1599 2188 recedis
1631 2148 1660 2187 a
1697 2134 1799 2187 Do-

211 2222 421 2280 minica
468 2223 668 2279 domo?
714 2222 781 2278 Et
832 2224 1007 2294 primo
1047 2224 1262 2295 quidem
1309 2225 1438 2295 quid
1489 2226 1799 2295 accepimus

212 2316 375 2373 nobis
402 2316 528 2387 quia
562 2316 918 2387 sapientiores
946 2316 1201 2371 omnibus
1235 2316 1461 2372 sumus?
1487 2316 1691 2372 Deinde
1738 2324 1801 2371 ut

213 2409 347 2478 quid
371 2409 515 2479 quod
545 2408 598 2462 in
623 2421 785 2477 prece
810 2406 887 2481 (‘9)
918 2406 1163 2463 diabolus
1197 2408 1381 2473 habet,
1413 2408 1678 2462 donamus
1712 2407 1801 2463 ei?

214 2496 279 2553 Si
315 2513 413 2569 ego
437 2500 684 2554 infirmus
712 2514 852 2564 sum,
895 2507 950 2552 tu
970 2498 1059 2567 qui
1096 2512 1157 2553 es
1177 2496 1352 2563 fortis,
1383 2513 1485 2554 non
1516 2499 1811 2563 recedens,

216 2593 480 2646 conﬁrma
526 2590 851 2648 Ecclesiam.
900 2591 957 2646 Si
1002 2605 1105 2660 ego
1148 2590 1324 2645 aliena
1358 2590 1570 2660 loquor,
1608 2604 1707 2645 cur
1741 2599 1797 2645 tu

219 2682 313 2753 qui
337 2683 476 2737 bene
510 2681 755 2751 loqueris
800 2681 1073 2737 abstrabis
1099 2693 1153 2736 tc
1173 2689 1232 2734 ut
1256 2680 1543 2736 videantur
1573 2696 1692 2735 mea
1718 2681 1801 2735 in-

221 2772 466 2828 firmari?
489 2773 556 2827 Et
583 2787 651 2828 ne
677 2773 801 2843 quis
821 2786 906 2828 me
935 2768 1407 2843 putet'incitatum
1438 2771 1505 2825 ad
1536 2772 1799 2841 quosdam

222 2866 556 2921 dicere:sed
597 2865 665 2920 ab
688 2864 946 2920 exercitio
982 2863 1095 2936 (10)
1136 2878 1256 2919 sum
1308 2862 1598 2918 multorum
1633 2879 1646 2915 :
1689 2863 1802 2918 scio

228 2967 435 3030 quanta
466 2960 606 3014 dicta
644 2968 772 3014 sunt
821 2965 879 3013 et
918 2958 1189 3013 dicuntur.
1236 2955 1620 3024 Unusquisque
1656 2955 1802 3010 enim

226 3066 478 3123 quaerens
502 3052 645 3107 unde
678 3059 935 3122 pascatur
970 3049 1182 3104 furatur
1205 3048 1340 3120 (11).
1373 3047 1612 3102 Minores
1648 3064 1661 3099 :
1692 3045 1803 3100 fra-

1899 1866 2053 1912 tres:
2089 1872 2196 1912 non
2247 1865 2462 1927 semper
2519 1857 2757 1921 nomina,
2807 1858 2903 1913 sed
2948 1873 3056 1913 res.
3129 1859 3474 1918 Christianus

1897 1950 2039 2003 enim
2068 1964 2249 2014 verus,
2304 1948 2473 2004 frater
2515 1948 2607 2004 sit.
2655 1946 2829 2004 Verus
2882 1948 3224 2005 Christianus
3263 1969 3276 2006 :
3310 1966 3474 2008 verus

1898 2050 1983 2097 est
2032 2042 2176 2097 enim
2237 2042 2507 2098 Christus.
2554 2041 2797 2108 Fratres,
2849 2041 3066 2109 fratres,
3127 2044 3292 2099 nolite
3353 2059 3476 2101 esse

1898 2133 2117 2202 piratae,
2181 2134 2350 2188 nolite
2414 2134 2728 2189 bellatores.
2797 2129 2974 2190 Nolite
3040 2149 3282 2205 quaerere
3345 2151 3471 2193 cum

1900 2241 2005 2294 quo
2077 2225 2328 2295 liligetis,
2397 2226 2489 2281 sed
2542 2242 2700 2297 quem
2780 2226 3021 2283 salvetis.
3097 2226 3214 2297 Ipse
3290 2239 3470 2284 autem

1887 2315 2042 2373 ~Deus
2101 2318 2267 2387 pacis,
2318 2318 2408 2387 qui
2455 2334 2559 2373 non
2618 2319 2858 2389 pepercit
2918 2320 3196 2388 unigenito
3227 2334 3325 2376 suo
3378 2319 3471 2375 Fi-

1899 2407 1993 2473 lio,
2029 2417 2084 2463 et
2113 2407 2261 2462 misit
2323 2423 2447 2463 eum
2493 2412 2557 2463 ad
2596 2410 2823 2464 salutem
2872 2420 3136 2476 nostram,
3191 2410 3309 2480 ipse
3346 2426 3469 2466 om-

1900 2500 2047 2554 nittm
2092 2510 2334 2554 vestrum
2363 2501 2575 2556 animas
2617 2502 2684 2555 ad
2719 2514 2881 2556 unam
2928 2502 3367 2567 consensionem,
3401 2503 3471 2558 ad

1902 2606 2063 2645 unam
2087 2592 2457 2657 concordiam,
2498 2593 2562 2646 ad
2608 2606 2771 2647 unam
2823 2608 3009 2661 pacem
3051 2604 3107 2649 et
3155 2593 3473 2650 charitatem

1902 2682 2099 2737 adunet
2125 2696 2222 2751 per
2246 2683 2578 2752 unigenitum
2611 2699 2767 2739 suum
2796 2681 2989 2739 Filium
3017 2702 3031 2739 :
3063 2700 3160 2755 per
3197 2700 3358 2756 quem
3389 2694 3477 2743 est

1902 2790 2008 2829 non
2044 2784 2173 2830 nato
2200 2775 2347 2830 Patri
2388 2776 2579 2847 gloria,
2623 2777 2817 2846 honor,
2874 2778 3183 2848 imperium,
3217 2778 3475 2848 maiestas

1902 2867 1957 2923 in
1985 2866 2187 2937 Spiritu
2232 2878 2443 2933 sancto,
2473 2878 2526 2923 et
2559 2884 2699 2924 nunc
2729 2878 2784 2924 et
2819 2883 3053 2941 semper,
3084 2879 3136 2925 et
3165 2883 3260 2940 per
3293 2870 3475 2926 omnia

1904 2954 2101 3009 saecula
2131 2955 2475 3009 saeculorum.
2505 2955 2697 3009 Amen.

232 3198 2085 3245 αττ--ᾴ-Ἢ

925 3196 3464 3239 W

989 3419 1747 3579 EUSEBII
1804 3414 2726 3576 PAMPHILI

806 3716 1035 3831 DE
1162 3708 2898 3830 RESURRECTIONE.

1384 4083 1740 4172 LIBER
1814 4082 2309 4173 PRIMUS.

294 4442 506 4498 Dictum
526 4451 610 4499 est
631 4440 844 4513 quidem
868 4457 897 4497 a
929 4440 1083 4497 nobis
1110 4449 1164 4497 ct
1190 4451 1312 4497 ante
1336 4441 1402 4497 de
1439 4441 1797 4497 resurrectio-
1822 4450 1864 4507 c
1900 4453 2079 4498 autem
2140 4449 2193 4496 et
2228 4455 2348 4511 qua:
2382 4436 2515 4493 lecta
2549 4443 2710 4502 sunt;
2760 4432 2899 4488 forte
2947 4428 3111 4488 etiam
3159 4438 3301 4498 smpe
3324 4425 3484 4481 nobis

223 4550 326 4602 ne;
363 4535 591 4590 audistis
627 4544 681 4589 et
720 4549 816 4589 vos
863 4551 876 4588 :
917 4533 1009 4589 sed
1047 4535 1228 4589 omnia
1289 4542 1532 4601 tempora
1580 4533 1803 4600 exigunt
1904 4534 2229 4601 dicentibus,
2257 4531 2482 4586 necdum
2514 4528 2730 4599 quidam
2771 4527 2837 4580 de
2866 4519 3264 4579 resurrectione
3291 4528 3481 4573 susce-

223 4643 376 4684 suum
423 4628 682 4691 fructum,
720 4625 984 4695 siquidem
1034 4635 1089 4681 et
1142 4625 1195 4679 in
1237 4636 1477 4694 tempore
1528 4640 1800 4689 rosarum,

1904 4634 2102 4696 perunt
2147 4636 2451 4680 sermonem
2495 4639 2508 4674 :
2550 4618 2685 4673 nihil
2732 4614 2986 4685 prohibet
3020 4620 3264 4679 repetere
3296 4621 3396 4663 nos
3427 4616 3486 4664 et

222 4734 358 4774 rosa:
381 4718 688 4774 florescunt.
730 4718 1041 4789 Agnoscunt
1077 4725 1256 4771 autem
1294 4726 1350 4771 et
1382 4719 1675 4772 secundum
1706 4712 1800 4772 Je-
1900 4719 2100 4781 denuo,
2135 4725 2189 4770 et
2220 4717 2286 4770 de
2309 4715 2392 4769 his
2424 4708 2556 4782 ipsis
2585 4717 2820 4764 tractare
2844 4705 2910 4759 ¹⁹.
2940 4703 3137 4759 Eadem
3169 4700 3313 4754 enim
3348 4697 3484 4753 scri-

226 4814 451 4868 remiam
484 4810 560 4876 ¹⁷,
607 4821 663 4866 et
688 4811 1007 4865 hirundines
1063 4819 1272 4879 tempus
1319 4818 1374 4864 et
1422 4809 1509 4862 alii
1550 4822 1799 4879 passeres
1904 4810 2035 4865 bere
2079 4820 2177 4864 nec
2211 4802 2434 4859 Paulum
2472 4801 2644 4873 piguit
2687 4814 2702 4853 :
2744 4799 2800 4855 hi
2827 4798 2971 4853 enim
3018 4794 3111 4866 qui
3135 4792 3362 4849 credunt
3396 4805 3486 4845 re-

221 4905 374 4975 agri;
406 4920 632 4974 quorum
663 4903 921 4973 propheta
946 4901 1146 4958 faciens
1173 4902 1522 4967 mentionem,
1555 4902 1802 4970 increpa-

222 4996 312 5051 bat
356 4995 520 5051 Israel
554 4995 645 5065 qui
671 5003 911 5063 tempora
951 4992 1254 5063 ignorabat.
1300 4992 1367 5048 Et
1399 5001 1609 5061 tempus
1651 4991 1799 5046 omni

222 5088 304 5144 rei
330 5102 449 5144 esse
470 5086 905 5155 sapientissimus
939 5085 1073 5139 dixit
1100 5084 1355 5140 Salomon
1377 5084 1443 5141 “.
1475 5083 1610 5151 Quia
1636 5082 1801 5152 igitur

222 5187 437 5247 tempus
472 5175 716 5248 exposcit
746 5175 814 5230 de
846 5173 1242 5229 resurrectione
1272 5173 1516 5237 tractari,
1544 5176 1803 5241 expetunt

1908 4902 2262 4958 surrectionis
2292 4911 2591 4960 sermones,
2634 4901 2794 4949 erunt
2840 4889 3109 4945 tutiores:
3142 4884 3280 4943 forte
3302 4891 3484 4937 autem

1907 4994 1999 5063 qui
2023 4993 2251 5048 necdum
2281 4988 2424 5045 suasi
2455 4986 2602 5052 stInt,
2630 4982 3022 5040 suadebuntur.
3067 4974 3224 5029 Nunc
3245 4972 3487 5029 creditur

1907 5084 2051 5137 enim
2084 5081 2324 5137 sermoni
2352 5078 2443 5148 qui
2478 5076 2544 5131 de
2576 5071 2967 5130 resurrectione
2994 5068 3260 5129 habetur;
3284 5071 3339 5117 et
3370 5077 3488 5113 ma-

1908 5184 2012 5239 gna
2058 5176 2143 5226 est
2191 5165 2480 5223 multitudo
2512 5178 2618 5219 non
2656 5159 3011 5217 credentium.
3051 5152 3293 5211 Gentiles
3340 5150 3486 5206 enim

297 5314 343 5350 ”
364 5314 387 5370 I
405 5316 531 5373 Cor.
560 5315 771 5383 v|,>20‘.:
805 5325 858 5371 et
897 5331 990 5384 vn,
1016 5314 1108 5370 25.
1182 5312 1229 5346 ⁸⁸
1256 5311 1446 5371 Matth.
1476 5326 1607 5379 xxv,
1631 5308 1723 5366 40.

1902 5304 1994 5362 Ier.
2016 5317 2139 5367 vttt,
2169 5301 2223 5355 7.
2300 5298 2346 5331 ¹⁸
2382 5296 2561 5353 Eccle.
2596 5309 2678 5361 ut,
2706 5295 2794 5348 i7.
2873 5293 2916 5325 "
2953 5287 3187 5360 Philipp.
3208 5300 3299 5353 tu,
3325 5284 3379 5340 Ι.

263 5434 376 5519 ,(ἱξ)
405 5432 532 5488 Noli
574 5450 593 5487 :
641 5434 963 5489 obliviscere.
1021 5431 1185 5487 Forte
1243 5430 1334 5484 sed
1388 5440 1444 5485 tu
1504 5427 1613 5483 noli
1667 5425 1783 5480 obli-

257 5521 353 5560 πει

217 5552 231 5573 ’
413 5574 478 5632 In
517 5590 670 5645 prece
707 5572 796 5646 ’Ev
821 5574 978 5645 εὐχῇ,
1013 5572 1066 5628 in
1098 5570 1330 5646 voto,_in
1358 5568 1577 5646 optatis.

302 5641 413 5716 (iii)
444 5641 526 5699 ΑΒ
559 5645 830 5699 exercitio.
875 5641 1060 5710 l'd'est,
1086 5658 1152 5700 ex
1202 5641 1504 5698 ministerio
1534 5652 1655 5695 meo
1685 5650 1806 5692 mea

226 5716 404 5776 («ratio
433 5718 496 5771 ad
526 5716 722 5771 multos
744 5718 993 5776 pertinet.

1982 5415 2172 5491 (ﬂ)?
2174 5422 2384 5491 uratur.
2413 5411 2665 5491 Minores.
2694 5409 2856 5491 Forte
2886 5408 3121 5491 fur‘atttri
3135 5400 3484 5491 mitiores,

1910 5470 2268 5555 esti-adducit
2296 5500 2395 5553 per
2435 5483 2677 5555 fraudem
2727 5494 2756 5533 e
2781 5470 2906 5555 sinu
2948 5474 3200 5531 Ecclesia:
3226 5470 3487 5555 parvulos

1913 5542 2130 5623 iﬁ’haé.
2154 5542 2364 5627 sibique
2394 5550 2829 5627 adjutogithnde
2858 5547 3036 5602 alatur
3069 5564 3083 5600 :
3120 5544 3308 5627 quales
3346 5542 3382 5598 ii
3419 5542 3490 5598 de

1916 5618 2303 5703 quibus'Judas
2329 5618 2501 5695 apoat.
2526 5622 2612 5687 12,
2637 5618 2948 5689 Semetipsos
2977 5624 3263 5688 pascentes.
