3810 6218
244 361 252 367 -
322 328 492 390 ’δι’οἩ
1023 321 1112 381 IU
1121 319 1295 379 SEBll
1330 318 1442 376 (ΞΕ
1452 314 1748 376 SANENSl

2110 309 2212 365 iRS
2249 308 2338 362 IV.
2378 337 2447 348 —-
2486 304 2905 362 DOGMATICA.
3465 297 3614 351 1072

350 467 464 508 non
485 446 749 513 credunt;
784 442 1025 501 heretici
1060 441 1224 499 simili
1250 441 1410 496 modo
1458 440 1648 495 iisdem
1690 452 1796 493 non
1834 435 1924 488 ba—
1954 440 1998 494 Α
2033 430 2178 485 titice
2208 429 2297 498 qui
2324 427 2466 499 apud
2495 441 2593 482 nos
2615 438 2718 490 est,
2746 423 2949 479 humile
2979 420 3249 488 loquatur.
3279 416 3348 472 Et
3375 430 3484 472 non
3516 431 3618 471 eo.

352 543 484 599 bent
512 509 905 603 ﬁdemt'idudai
931 533 1087 589 divisi
1114 541 1240 588 sunt
1264 533 1330 587 de
1355 528 1771 586 resurrectione.
1791 525 1927 581 Sad-
2029 522 2201 593 gitant
2231 530 2495 590 quantum
2546 520 2777 572 interest
2832 515 2972 568 inter
3026 512 3193 565 Deum
3250 518 3304 562 et
3358 509 3623 563 homines

357 632 526 691 διισωί
554 601 699 685 enim
729 627 1076 697 intercipiunt
1102 624 1214 697 (l2)
1236 624 1711 687 resurrectionem,
1731 618 1925 673 Phari-
2028 623 2290 669 mortuos.
2317 612 2609 666 Gentilium
2648 610 2813 677 igitur
2837 607 2986 659 multi
3012 603 3177 659 semel
3209 601 3622 672 providentiam

356 726 449 783 sai
479 694 973 788 autem-suscepere
1008 734 1023 771 :
1058 694 1161 771 nisi
1195 694 1374 785 magis
1419 716 1472 767 in
1504 712 1715 781 injuriis
1756 709 1925 780 petie-
2029 706 2082 759 in
2116 704 2200 759 his
2222 704 2473 759 omnibus
2498 703 2797 772 ejicieutes,
2823 708 2875 751 et
2909 714 2936 751 a
2964 698 3072 751 Deo
3121 696 3243 748 vivo
3284 694 3623 761 semetipsos

344 825 506 880 runt,
544 826 707 884 quam
742 811 1145 865 honoraverunt
1176 826 1188 861 :
1216 808 1356 861 forte
1408 814 1586 859 autem
1639 811 1692 857 et
1738 800 1831 871 qui
1872 800 1925 853 in
2030 795 2368 861 fraudantes,
2414 796 2528 847 ausi
2562 802 2686 848 sunt
2718 793 2922 851 dicere.
2956 788 3097 859 quod
3142 796 3196 841 et
3246 796 3497 855 repetere
3528 798 3623 837 tu-

346 880 973 965 ‘Ecclesia-‘eonveniunt,
1004 898 1157 953 multi
1188 898 1435 951 dubitant
1473 896 1537 949 de
1576 890 1931 948 resurrectio-
2033 899 2145 942 tum
2177 904 2283 942 non
2316 896 2417 943 est.
2460 885 2538 939 Illi
2567 884 2712 939 enini
2743 883 2860 938 sine
2907 880 3017 935 Deo
3060 886 3279 949 agentes
3327 892 3481 946 spem
3532 892 3623 928 re-

359 1013 462 1065 ne;
486 1010 621 1066 qua
652 993 793 1048 enim
831 991 1056 1046 necdum
1090 989 1265 1044 oculis
1296 988 1567 1051 videntur,
1610 1000 1639 1040 a
1684 983 1930 1054 plurimis
2030 980 2388 1036 surrectionis
2414 978 2749 1031 interimunt.
2791 973 2890 1041 Qui
2923 972 3066 1027 enim
3109 986 3233 1025 eum
3261 971 3349 1037 qui
3389 970 3625 1023 suscitat

359 1060 467 1144 non
490 1060 807 1141 «gl-eduntur.
833 1079 966 1135 Nam
988 1090 1042 1135 et
1069 1079 1103 1133 ii
1129 1081 1219 1148 qui
1255 1078 1552 1146 suscipiunt
1579 1075 1930 1129 resurrectio-
2035 1084 2249 1141 negant,
2279 1068 2489 1125 dillicile
2519 1078 2604 1123 est
2645 1077 2702 1121 ut
2728 1065 3091 1119 confiteantur
3137 1060 3621 1115 resurrectioaem.

338 1174 821 1242 mem,-eonstituti
871 1182 1053 1242 utpote
1104 1171 1157 1225 in
1200 1169 1458 1231 Ecclesia,
1510 1168 1671 1222 multa
1730 1166 1934 1221 habent
2035 1165 2140 1221 Sed
2180 1164 2549 1232 relinquamus
2581 1162 2774 1214 horum
2806 1153 3301 1226 importunitatem,
3331 1163 3448 1205 uta
3486 1165 3626 1220 pue-

358 1270 522 1327 dubia
544 1268 613 1322 in'
642 1274 825 1321 mente
854 1264 920 1318 de
958 1262 1073 1332 ipsa
1101 1261 1519 1315 resurrectione.
1554 1259 1722 1311 Aiunt
1752 1259 1929 1319 enim,
2033 1259 2108 1313 ris
2138 1257 2547 1313 convincantur.
2595 1251 2705 1306 Nec
2745 1251 2888 1305 enim
2922 1248 2988 1301 ad
3022 1260 3211 1301 omnes
3261 1255 3474 1299 certare
3518 1259 3627 1297 nos

346 1357 632 1430 quomodo
651 1352 1037 1425 resurgentes?
1072 1352 1123 1405 in
1159 1366 1265 1419 quo
1314 1352 1524 1412 habitu,
1553 1362 1656 1417 qua
1698 1361 1850 1401 coth

2122 1359 2264 1415 'est,
2292 1363 2466 1418 neque
2505 1348 2570 1400 ad
2594 1341 3041 1412 onmesjurgari;
3079 1338 3345 1407 siquidem
3398 1352 3499 1391 nec
3554 1335 3626 1387 ad

359 1452 594 1512 δαιὶοηθ.
620 1448 674 1501 in
701 1461 808 1515 quo
837 1442 994 1498 ιε)οοῖ
1025 1443 1149 1496 “udi
1175 1456 1241 1493 ειη
1260 1440 1481 1495 νθδιίιίῖ
1511 1436 1934 1492 ηιεηάυεθηῑεεῗ
2035 1442 2254 1497 insanos
2286 1437 2664 1493 consuevimus
2711 1436 2776 1489 de
2804 1431 3225 1504 cogitationibus
3252 1430 3401 1483 sanis
3425 1427 3577 1497 loqui
3608 1445 3623 1479 :

359 1556 468 1597 non
484 1538 801 1608 indigentes
821 1534 984 1589 esca?
1010 1534 1061 1585 in
1079 1530 1235 1596 caelo,
1253 1531 1304 1584 in
1332 1528 1617 1599 paradiso?
1641 1542 1829 1582 omnes
1857 1543 1863 1579 ε

2124 1580 2126 1587 .
2162 1546 2341 1588 autem
2388 1532 2758 1599 imprudenter
2806 1528 2880 1581 ita
2919 1527 3225 1596 jurgantur,
3259 1538 3363 1577 non
3406 1522 3473 1574 ad
3502 1539 3628 1584 nos,

360 1632 497 1696 qul,
530 1646 599 1684 an
636 1627 728 1682 alii
762 1624 921 1680 alibi?
949 1624 1078 1688 Quae
1103 1620 1429 1677 diversitas?
1474 1629 1654 1673 utrum
1688 1619 1740 1672 in
1780 1617 1862 1672 loc

2124 1628 2131 1679 |
2158 1627 2223 1681 ad
2256 1627 2427 1694 ipsum
2460 1624 2699 1677 ordinem
2725 1619 3046 1684 officiorum,
3080 1628 3134 1671 et
3159 1617 3225 1670 ad
3260 1614 3478 1684 opiﬁcia
3505 1630 3628 1681 qua:

339 1735 454 1777 .aut
482 1724 534 1777 in
558 1717 963 1790 dignitatibus?
1002 1715 1069 1770 Ει
1098 1716 1272 1769 dehis
1299 1714 1387 1783 qui
1417 1713 1713 1782 puniuntur
1755 1719 1933 1764 utrum
1967 1787 1996 1790 _
2036 1719 2185 1790 iussa
2235 1726 2557 1784 sequuntur,
2592 1714 2656 1767 ad
2706 1713 2839 1766 solis
2876 1712 3087 1765 scilicet
3126 1724 3369 1772 cursum,
3418 1707 3484 1759 ad
3521 1706 3629 1758 im-

346 1787 674 1881 -et-semper,
706 1820 797 1863 aut
823 1819 1033 1877 tempus
1056 1806 1293 1875 aliquod,
1319 1814 1375 1858 et
1394 1814 1569 1857 utrum
1604 1816 1814 1871 semper
1842 1817 1850 1870 ι

2121 1809 2389 1863 [tationem
2419 1806 2580 1869 lunze,
2625 1804 2690 1857 ad
2721 1802 2998 1857 stellarum
3033 1802 3251 1861 choros,
3286 1802 3352 1851 ad
3382 1796 3625 1851 transla-

350 1906 678 1975 aigneznyaut
703 1900 990 1970 aliquando
1018 1896 1210 1950 aliter?
1237 1896 1301 1949 Et
1331 1906 1509 1949 utrum
1553 1893 1642 1963 qui
1681 1894 1855 1961 plura,
1884 1902 1939 1946 et
2040 1901 2240 1955 tionem
2276 1899 2531 1953 horarum
2564 1895 2677 1967 (14)
2709 1910 2829 1965 qua:
2857 1908 2952 1962 per
2973 1907 3143 1945 annos
3164 1889 3297 1944 efﬁci
3325 1899 3631 1941 consueve-

336 2009 551 2065 aparva,
587 2002 641 2046 et
673 1990 763 2061 qui
791 1990 955 2044 multa
991 1996 1372 2057 peccaverunt,
1423 2000 1634 2054 semper
1670 1984 1840 2038 habeb

2128 2002 2186 2058 ιι,
2234 1991 2300 2044 ad
2336 1988 2569 2044 ofﬁcium
2619 1986 2804 2051 maris,
2850 1984 2917 2039 ad
2958 1993 3179 2048 terram,
3215 1981 3282 2035 ad
3314 1995 3524 2042 aerem,
3558 1980 3630 2031 ad

361 2082 613 2155 poenam?
645 2080 711 2135 Et
741 2080 783 2133 si
813 2078 1071 2133 videbunt
1116 2092 1173 2131 se
1224 2077 1478 2130 invicem.
1523 2085 1615 2128 aut
1645 2075 1937 2129 secundum
2039 2084 2297 2153 pluviam,
2324 2092 2379 2136 et
2402 2079 2467 2134 ad
2492 2078 2675 2133 omnia
2704 2091 2822 2145 qua:
2848 2084 3171 2142 sequuntur,
3200 2072 3267 2124 ad
3290 2069 3471 2125 officia
3495 2078 3631 2122 mta-

338 2173 687 2230 ~eminentias
714 2171 803 2226 alii
836 2171 889 2224 in
915 2169 1017 2223 alio
1044 2169 1165 2223 1000
1196 2165 1485 2236 punientur
1508 2208 1520 2219 .
1554 2167 1619 2221 Ει
1642 2177 1819 2220 utrum
1846 2167 1938 2235 qui
2042 2189 2177 2239 tum.
2208 2176 2274 2229 ad
2302 2174 2609 2237 hominum,
2632 2172 2700 2225 ad
2725 2168 3064 2231 animalium,
3093 2165 3161 2219 ad
3189 2164 3367 2217 avium
3394 2160 3634 2216 diversi.

353 2267 668 2337 puniuntur
713 2263 758 2318 si
814 2262 1133 2330 semetipsos
1160 2261 1418 2316 videbunt
1452 2259 1599 2331 (15);
1635 2269 1688 2313 et
1724 2260 1768 2313 si
1810 2259 1938 2327 justi
2043 2278 2201 2333 lare-3,
2256 2266 2323 2320 ad
2361 2265 2631 2329 vultuum,
2688 2262 2755 2316 ad
2790 2259 3091 2330 specierum
3133 2255 3396 2322 habitum,
3454 2263 3512 2307 ut
3561 2254 3635 2308 sit

357 2371 476 2419 eos,
504 2354 596 2424 qui
638 2354 691 2406 in
723 2352 900 2423 poenis
928 2360 1055 2404 sunt
1088 2368 1101 2404 :
1138 2360 1191 2405 et
1225 2353 1269 2404 si
1310 2351 1344 2404 ii
1374 2349 1466 2419 qui
1505 2350 1555 2402 in
1592 2349 1768 2417 ptenis
1795 2364 1854 2402 su

2130 2360 2335 2430 leuique
2392 2358 2727 2414 conveniens
2780 2370 2927 2419 esca,
2996 2353 3363 2406 membrorum
3422 2359 3634 2419 partes,

363 2443 956 2516 iustos-conspiciunt?
983 2443 1046 2497 Ει
1071 2442 1216 2497 mille
1233 2442 1708 2511 ευηιίιυωειῖοηθε
1731 2442 1796 2496 de
1820 2457 1943 2511 DI‘O-
2043 2451 2284 2505 dentium
2317 2449 2550 2515 numeri,
2601 2447 2926 2516 ungularum
2973 2459 3260 2508 mensurae,
3306 2440 3633 2510 capillorum

364 2544 538 2612 posita
580 2540 998 2596 resurrectione.
1052 2537 1241 2593 Tantis
1274 2538 1438 2609 igitur
1480 2536 1771 2615 propositis
1805 2551 1868 2604 qu

2136 2544 2239 2607 cia,
2272 2542 2593 2611 compositio
2624 2544 2993 2595 membrorum
3040 2556 3054 2592 :
3094 2538 3207 2591 haec
3236 2539 3417 2591 omnia
3465 2536 3639 2593 silet}-

363 2635 659 2700 stionibus,
701 2642 755 2688 et
775 2632 941 2687 tantis
971 2645 1076 2686 non
1107 2631 1471 2699 credentibus,
1509 2641 1564 2683 et
1593 2630 1756 2683 tantis
1784 2628 1944 2682 dubi-
2048 2635 2122 2689 tio
2150 2634 2388 2688 clamant
2419 2633 2691 2702 opificem,
2721 2644 2778 2688 et
2806 2633 3140 2701 provisorem
3163 2629 3402 2684 omnium
3438 2629 3636 2682 Deum.

365 2727 641 2792 tantibus;
667 2724 913 2780 oratione
948 2738 1084 2791 Opus
1112 2733 1215 2789 est,
1243 2733 1300 2777 ut
1328 2722 1496 2792 ipsius
1536 2718 1946 2774 resurrectionis
2046 2728 2183 2793 Quia
2219 2727 2383 2795 igitur
2431 2727 2534 2779 ista
2594 2726 2721 2780 caci
2780 2740 2888 2779 non
2951 2724 3222 2787 viderunt,
3266 2736 3363 2789 per
3411 2737 3477 2775 ea
3513 2736 3641 2789 qua:

364 2817 652 2882 Dominus,
696 2825 753 2871 et
807 2816 1103 2884 impensius
1133 2814 1350 2883 quidem
1388 2813 1593 2867 tribuat
1641 2824 1868 2865 sermom

2137 2827 2299 2871 entur
2329 2815 2653 2871 invisibilem
2684 2834 2700 2869 :
2731 2816 2955 2868 stultum
2998 2820 3084 2867 est
3116 2814 3181 2866 de
3206 2811 3481 2866 coloribus
3521 2810 3639 2876 jur-

359 2909 589 2973 dicenti,
617 2907 945 2961 intellectum
972 2916 1150 2960 autem
1183 2904 1549 2959 audientibus.
1585 2902 1860 2972 Siquidem
1891 2910 1947 2955 et
2046 2908 2162 2980 gari
2196 2909 2261 2962 ad
2297 2923 2471 2963 ςωεοε
2522 2923 2537 2961 ε
2578 2909 2708 2976 quid
2738 2906 2881 2961 enim
2911 2902 3185 2959 emcacms
3212 2912 3295 2957 εει
3322 2902 3416 2957 Dei
3452 2903 3642 2971 prmi-

363 3001 436 3055 iis
457 3014 575 3069 quae
608 3000 749 3053 dicta
777 3009 903 3052 sunt
934 2998 1077 3052 aliud
1102 3012 1267 3050 unum
1308 3004 1391 3049 est
1421 3009 1710 3050 commune
1732 2995 1944 3055 vitium,
2048 3001 2421 3070 demiayqum
2470 3010 2649 3055 amem
2681 3000 2844 3055 breve
2874 3000 3013 3067 quod
3046 3007 3269 3066 pum,"-
3317 3011 3423 3049 ηοη
3475 2996 3530 3049 ίη
3584 3008 3642 3047 se

366 3094 510 3161 quod
544 3092 793 3161 jurgatur
815 3091 1077 3144 adversus
1112 3088 1590 3141 resurrectionem.
1623 3084 1774 3138 Multi
1802 3085 1945 3138 eiiim
1976 3132 2018 3188 ο
2050 3091 2317 3160 aequalem
2364 3106 2394 3143 δ
2440 3090 2733 3157 majoribus
2777 3089 3082 3143 ίηνεηίειιηι
3109 3088 3309 3141 habcre
3342 3086 3642 3155 provide..-

369 3193 497 3236 sunt
524 3184 613 3250 qui
655 3189 902 3250 peccant,
940 3181 1093 3249 pauci
1141 3190 1322 3231 autem
1369 3179 1462 3248 qui
1513 3193 1572 3232 se
1616 3176 1873 3231 custodia:

2135 3183 2221 3236 m‘!
2246 3183 2355 3237 Cur
2381 3185 2524 3237 enim
2558 3182 2903 3237 formicarum
2932 3181 3175 3235 salvatur
3203 3193 3374 3248 genus
3400 3179 3455 3231 in
3479 3178 3639 3229 simi-

367 3270 449 3325 llli
476 3272 639 3341 igitur
668 3271 760 3339 qui
799 3271 1138 3338 delinquunt,
1185 3268 1375 3323 nolunt
1426 3282 1545 3323 esse
1592 3268 1951 3322 resurrectio-
2054 3273 2318 3327 litudine?
2341 3289 2439 3327 cur
2464 3273 2643 3342 apium
2672 3285 2724 3327 et
2750 3272 3088 3338 operatioues
3114 3270 3167 3323 in
3192 3281 3485 3324 commune
3514 3267 3639 3319 τρέε

371 3378 516 3427 nem,
549 3372 606 3416 ιιι
638 3378 744 3416 non
775 3364 1055 3416 incurrant
1079 3362 1132 3415 in
1164 3376 1385 3429 pmnas;
1421 3361 1513 3415 sed
1536 3374 1685 3415 suam
1714 3359 1871 3414 volun

2136 3374 2278 3429 ntur,
2301 3376 2356 3419 et
2379 3366 2560 3419 habita
2583 3365 2818 3418 minimis
2842 3365 2893 3417 in
2920 3362 3262 3417 substantia?
3283 3376 3401 3429 quae
3418 3360 3640 3429 quidem

371 3465 480 3508 iﬁlli
535 3456 754 3508 decreto
788 3453 1205 3508 resurrectionis
1256 3462 1560 3522 OppOllUﬂl,
1598 3461 1653 3505 ει
1692 3453 1952 3505 resistunt
2053 3466 2107 3510 et
2137 3457 2189 3508 in
2218 3455 2422 3520 volatu,
2457 3467 2510 3509 el
2551 3470 2829 3525 processu,
2866 3465 2920 3509 ει
2950 3468 3223 3521 regressu,
3280 3462 3335 3505 ει
3380 3452 3431 3503 in
3475 3464 3643 3517 opere

371 3547 503 3602 Deo.
550 3547 686 3613 Quia
732 3546 875 3600 enim
924 3545 1108 3599 volunt
1157 3561 1185 3597 a
1237 3545 1451 3614 negotio
1508 3543 1723 3596 liberari
1783 3557 1875 3595 seu

2144 3548 2406 3601 asentiunt
2431 3548 2557 3601 sibi.
2589 3546 2721 3611 Quis
2758 3546 2884 3599 fecit
2924 3545 3061 3598 mel?
3090 3545 3278 3612 utique
3319 3543 3407 3610 qui
3434 3544 3643 3596 consti-

377 3639 695 3702 morientes,
751 3637 939 3693 nolunt
993 3637 1046 3691 iu
1083 3647 1252 3691 totum
1296 3651 1420 3691 esse
1473 3635 1873 3690 resurrectione

2140 3650 2157 3692 t
2190 3640 2538 3705 medicinam,
2586 3653 2708 3708 quae
2752 3654 2816 3692 eo
2850 3639 2914 3691 ad
2946 3636 3210 3690 medelam
3246 3639 3418 3695 utitur
3470 3634 3644 3686 horni-

372 3739 436 3785 ut
466 3746 571 3784 non
616 3730 848 3784 habeant
880 3743 1123 3789 causam,
1162 3743 1336 3797 neque
1376 3729 1634 3781 rationem
1666 3727 1788 3779 vita:
1816 3741 1953 3794 prte-
2056 3747 2209 3785 num.
2241 3731 2381 3798 Quid
2413 3732 2555 3786 enim
2584 3747 2689 3785 non
2720 3731 2940 3801 plenum
2971 3738 3054 3782 est,
3090 3726 3467 3796 providentia?
3510 3725 3641 3794 quid

372 3832 523 3878 stent
554 3831 677 3890 post
706 3819 1127 3888 mortemjudici
1170 3817 1297 3873 Deo.
1332 3819 1471 3888 Ergo
1496 3820 1745 3887 jurgatur
1780 3828 1833 3871 et
1857 3819 1955 3871 ho-
2057 3838 2161 3875 non
2202 3824 2401 3877 clamat
2436 3823 2769 3890 provisorem
2803 3821 3004 3873 Deum?
3043 3819 3232 3875 Nonne
3282 3819 3483 3882 herbae,
3519 3833 3645 3887 qua:

372 3928 495 3970 tum
550 3910 801 3966 voluntas
852 3911 1071 3963 decreto
1118 3910 1533 3964 resurrectionis
1566 3927 1579 3962 :
1618 3910 1743 3978 quia
1792 3910 1956 3977 igitur
2058 3915 2345 3968 utilitatem
2384 3915 2625 3983 pra-bent
2675 3912 2933 3965 medelis?
2980 3927 3157 3966 nonne
3189 3910 3364 3981 pisces
3421 3925 3453 3964 e
3498 3910 3641 3963 mari

375 4014 527 4059 tanta
562 4012 618 4057 et
652 4002 777 4056 talia
811 4009 940 4055 sunt
987 4015 1107 4069 quae
1153 4011 1487 4069 quaeruntur,
1540 4002 1788 4057 oratione
1821 4016 1879 4070 op

2138 4007 2325 4068 )ducti,
2358 4004 2576 4072 quidam
2618 4005 2834 4072 quidem
2870 4005 2938 4057 ad
2965 4019 3139 4068 escas,
3192 4003 3408 4070 quidam
3459 4012 3642 4054 autem

374 4105 479 4157 εει.
514 4102 571 4147 Ill-
599 4094 772 4146 ΨίθιοΓ
805 4102 1024 4160 superet
1052 4092 1352 4146 universos.
1378 4090 1493 4146 Non
1522 4092 1831 4163 ignoramus
1860 4110 1956 4146 au-
2056 4098 2121 4152 ad
2151 4096 2348 4151 curas?
2370 4094 2559 4150 Nonne
2584 4095 2788 4163 lapides
2827 4095 3004 4158 incisi,
3033 4106 3090 4149 ut
3118 4094 3208 4147 alii
3239 4094 3456 4163 quidem
3483 4092 3647 4145 utiles

380 4199 488 4240 tem
529 4196 577 4240 et
603 4185 754 4248 illud,
786 4188 911 4255 quia
936 4186 1087 4241 multi
1120 4196 1441 4255 putaverunt
1477 4186 1643 4239 Deum
1674 4186 1813 4240 nihil
1839 4201 1957 4239 am-
2057 4189 2164 4243 siut
2192 4189 2257 4242 ad
2286 4187 2516 4242 mdificia
2554 4195 2609 4240 et
2644 4194 2780 4240 tecta
2813 4196 2869 4241 et
2897 4196 3269 4254 operamenta,
3313 4184 3405 4237 alii
3450 4198 3644 4237 neces-

380 4278 521 4348 plius
549 4290 709 4347 posse
736 4292 895 4343 quam
929 4291 1049 4333 nos.
1084 4276 1278 4331 Incerti
1318 4285 1444 4329 sunt
1477 4276 1619 4328 enim
1649 4283 1704 4327 et
1738 4284 1971 4330 moveut
2058 4283 2187 4337 sai-ii
2246 4280 2313 4335 ad
2358 4294 2644 4349 corporum
2672 4280 2956 4342 sanitates,
3003 4279 3124 4348 quia
3156 4285 3211 4331 et
3249 4277 3645 4330 infirmantur?

375 4378 431 4424 et
456 4368 732 4422 adducunt
764 4368 816 4420 in
848 4367 1023 4421 medio
1057 4366 1358 4421 istiusmodi
1390 4366 1763 4433 quaestionem.
1808 4365 1879 4419 Mc

2142 4390 2246 4430 nne
2282 4390 2419 4428 escae
2450 4374 2572 4428 alia:
2597 4373 2717 4427 aliis
2742 4374 3111 4435 succedentes,
3140 4383 3194 4425 et
3227 4371 3344 4425 alia:
3375 4387 3495 4426 cum
3526 4374 3644 4426 aliis

380 4469 503 4514 tuus
525 4470 632 4524 est,
669 4459 861 4528 inquit,
908 4460 997 4527 qui
1035 4468 1279 4511 mortuus
1306 4466 1426 4522 est;
1462 4467 1516 4510 et
1550 4456 1695 4510 illam
1738 4458 1884 4526 quidt

2142 4476 2423 4535 .equeutes.
2454 4467 2741 4521 ostendunt
2770 4475 3187 4537 praaparatorem
3225 4464 3432 4519 Deum?
3456 4463 3646 4518 Nonne

377 4565 587 4623 partem
641 4555 758 4623 ejus
802 4552 981 4621 aquila
1021 4550 1369 4604 manducavit
1416 4558 1509 4602 aut
1546 4547 1743 4602 vultur.
1790 4547 1881 4602 F01

2138 4561 2352 4612 :undum
2378 4558 2801 4628 uniuscujusque
2822 4560 3064 4613 habitum
3085 4559 3331 4612 animalis
3354 4574 3642 4623 mensum,

376 4657 558 4701 autem
589 4660 691 4699 non
715 4645 994 4713 patiuntur
1021 4642 1218 4712 aquilae
1245 4640 1548 4695 istiusmodi
1573 4639 1954 4695 humilitatem.
2062 4652 2481 4720 magnitudines,
2535 4653 2903 4722 compagihnes’
2947 4652 3185 4704 membra
3235 4661 3362 4704 sum
3393 4650 3541 4711 dam.
3594 4666 3647 4704 ει

375 4738 574 4803 Aliam,
609 4739 805 4808 inquit,
838 4736 1047 4805 accepit
1074 4735 1243 4797 cauis,
1267 4743 1322 4787 et
1347 4748 1538 4788 canem
1570 4742 1625 4786 ut
1647 4742 1775 4802 puta
1809 4748 1879 4786 sa:

2141 4745 2485 4813 umquodque
2540 4744 2607 4797 ad
2664 4760 2816 4798 suam
2866 4743 3243 4798 necessitatem
3292 4748 3346 4795 et
3387 4740 3644 4795 virtutem

376 4831 556 4884 bellua
615 4830 964 4883 manducavit
1011 4844 1024 4878 :
1077 4838 1169 4880 aut
1207 4827 1350 4879 aliud
1396 4826 1612 4895 aliquod
1641 4825 1862 4890 animal,

2144 4835 2306 4903 :epit?
2340 4835 2506 4905 Equis
2531 4835 2677 4888 enim
2706 4834 2962 4888 velocitas
2985 4834 3108 4888 data
3129 4843 3235 4897 est,
3262 4842 3321 4885 ut
3350 4832 3648 4900 insequan—

376 4923 521 4978 istud
548 4921 749 4976 animal
775 4919 1136 4982 interfectum,
1169 4919 1509 4974 combustum
1543 4927 1647 4981 est,
1682 4928 1774 4971 aut
1805 4926 1959 4970 certe
2065 4935 2151 4977 tur
2185 4936 2240 4980 et
2266 4925 2512 4995 fugiant;
2540 4925 2661 4979 aliis
2690 4925 3015 4979 animalibus
3039 4923 3320 4987 fortitudo,
3357 4930 3415 4975 ut
3443 4923 3646 4975 sensim

375 5016 681 5085 ohputruit,
717 5022 812 5067 aut
833 5014 1008 5082 ipsum
1033 5013 1099 5067 ab
1133 5012 1237 5064 alio
1264 5013 1496 5081 quodam
1524 5018 1821 5063 comestum
1849 5025 1878 5061 e

2142 5029 2345 5073 rtarent
2378 5017 2616 5087 pondera
2664 5021 2766 5074 sibi
2798 5018 3071 5086 imposita.
3112 5016 3178 5070 Et
3218 5025 3533 5069 mensurata
3567 5026 3646 5067 es!

378 5105 495 5159 ﬁeri
541 5106 685 5158 enim
737 5103 841 5156 hoc
882 5111 1086 5171 potest;
1135 5109 1303 5163 tanta,
1360 5100 1558 5167 inquit,
1602 5096 1952 5152 successione
2064 5107 2356 5176 unicuique
2390 5109 2585 5175 virtus,
2631 5111 2891 5180 potentia,
2938 5107 3275 5177 magnitudo,
3317 5106 3646 5161 conveniens

378 5195 542 5258 fama.
571 5206 626 5250 el
652 5210 781 5249 035“
816 5208 1005 5249 eorum
1035 5193 1124 5260 (Ιυῖ
1159 5191 1353 5243 "tonui
1400 5204 1526 5243 ευηι
1560 5191 1627 5242 ab
1660 5188 1765 5241 alio
1794 5188 1845 5241 ίιι
1876 5190 1954 5241 ³ι”
2064 5214 2209 5263 esca,
2238 5209 2293 5253 et
2318 5200 2449 5269 ipsis
2478 5203 2802 5256 animalibus
2833 5203 3054 5271 pr0pria
3084 5198 3251 5265 salus,
3275 5212 3395 5265 quae
3426 5210 3642 5267 gustare

379 5297 577 5348 terum,
607 5287 898 5355 quomodo,
932 5285 1125 5352 inquit,
1175 5292 1352 5352 potest
1399 5281 1539 5334 Deus
1585 5281 1826 5334 invenire
1858 5281 1883 5333 ll

2138 5290 2343 5352 bereut,
2382 5301 2436 5344 et
2470 5306 2503 5343 a
2543 5292 2738 5360 quibus
2781 5306 2837 5345 se
2864 5291 3177 5345 abstinere:
3214 5288 3419 5342 homini
3467 5298 3640 5340 autem

380 5379 551 5436 tium?
575 5390 827 5449 tanquam
856 5380 920 5432 de
946 5376 1107 5447 figulo
1139 5376 1344 5444 aliquo,
1380 5384 1465 5427 aut
1502 5374 1568 5427 de
1597 5373 1828 5443 quodam
1866 5389 1884 5426 ε

2151 5380 2220 5434 ab
2257 5383 2375 5436 aliis
2408 5385 2736 5439 animalibus
2774 5383 3239 5437 irratiOnabilibus
3275 5396 3408 5434 usus
3437 5391 3524 5435 est
3549 5382 3638 5434 da-

417 5586 426 5595 .
454 5514 565 5584 (i2)
601 5513 970 5595 Iniercipiunt.
1007 5510 1148 5564 Infra
1180 5509 1286 5595 col.
1310 5507 1445 5563 l075
1570 5507 1953 5595 ξὶμίιιιςιΐςιξετ
2081 5584 2090 5595 _
2133 5514 2245 5595 (15)
2277 5516 2374 5571 Ms.
2408 5517 2474 5571 Et
2506 5520 2691 5571 iterum
2713 5518 2802 5587 qui
2831 5517 3139 5586 puniuntur,
3169 5517 3217 5568 si
3242 5518 3550 5586 semetipsos
3571 5514 3638 5572 tri-

382 5578 965 5640 rinius'resurrertionis
988 5598 1126 5648 spem
1152 5598 1170 5634 :
1194 5592 1248 5635 et
1280 5596 1426 5649 supr.
1460 5578 1548 5632 lib.
1583 5593 1620 5637 ι,
1646 5580 1802 5645 paulo
1835 5587 1953 5643 post
2057 5578 2272 5638 ἀειὶιιηί,

384 5656 593 5729 initium
662 5668 677 5707 :
753 5652 923 5705 Filius
974 5651 1192 5705 Verbum
1263 5654 1433 5703 dictus
1523 5667 1625 5701 non
1691 5650 1888 5714 intercij

1728 5650 1949 5714 uer-cipit
2130 5656 2242 5725 (Η)
2276 5659 2563 5711 Horarum.
2605 5656 2800 5729 Ὥρων,
2834 5666 3232 5727 tempestatum.

380 5725 573 5785 Deum.
