3810 6218
200 300 351 361 1073

1313 302 1404 357 DE
1440 300 2045 360 BESURRECTIONE.
2075 330 2142 352 ιο-
2175 300 2309 359 ιιι.
2342 303 2387 359 ι.
2808 331 2821 357 κ

3315 298 3478 359 Mr.

202 425 310 480 tus.
337 427 392 472 et
417 431 449 471 ιι
479 414 675 486 plantis
695 422 751 471 et
772 416 840 472 ab
865 414 1174 479 arboribus,
1205 429 1235 469 a
1266 415 1550 486 lapidibus,
1579 431 1609 470 a
1636 413 1773 469 mari
1805 418 1852 476 Α
1879 426 1984 467 non
2005 412 2280 482 pertinet?
2319 411 2769 481 quemadmodum
2810 418 2990 468 autem
3023 410 3281 483 pertinet,
3303 412 3348 470 si
3378 414 3454 470 si-

199 517 258 567 et
293 524 323 562 a
353 497 499 561 terra
533 526 547 562 :
582 507 816 575 undique
858 506 1002 560 enim
1046 505 1375 562 constitutus
1409 503 1692 573 est'velttti
1723 503 1778 559 ln

196 614 316 655 ano
339 613 566 668 corpore
589 599 820 652 mundus
849 597 1171 665 coniunctus
1202 597 1326 652 sibi.
1358 597 1428 652 Et
1447 595 1781 666 unumquod-

204 704 309 762 que
341 692 554 759 quidem
582 699 721 758 quod
750 688 951 744 factum
983 699 1087 755 est,
1124 691 1398 759 propriam
1432 688 1592 743 habet
1617 695 1779 741 natu-

194 798 319 841 ram
354 792 410 837 et
454 782 720 848 salutem;
754 780 982 848 plurima
1017 791 1196 835 autem
1236 794 1464 850 quaeque
1496 779 1549 833 iu
1580 792 1640 833 se
1686 790 1783 832 ne-

192 875 438 931 cessaria
469 874 726 929 continet.
757 874 995 942 Denique
1026 877 1107 928 sol
1139 874 1344 942 positus
1371 873 1587 941 quidem
1620 872 1778 927 estin

195 978 305 1022 suo
329 963 467 1027 loco,
505 964 666 1019 habet
699 972 876 1017 autem
922 963 1195 1031 propriam
1243 962 1689 1028 magnitudinem,
1726 970 1782 1017 et

197 1056 445 1129 possidet
478 1067 756 1124 acceptum
788 1070 941 1109 suum
984 1053 1271 1124 fulgorem,
1305 1063 1361 1109 et
1410 1053 1678 1109 illuminat
1717 1068 1780 1112 ea

195 1162 327 1217 quae
371 1149 425 1201 in
460 1154 601 1200 terra
645 1146 929 1209 habentur,
959 1144 1099 1200 fovet
1131 1152 1186 1199 et
1216 1143 1483 1199 calefacit.
1532 1144 1599 1198 Et
1643 1159 1784 1201 nunc

198 1238 423 1307 quidem
448 1238 657 1309 longius
693 1237 1011 1302 abscede-ns,
1042 1237 1189 1292 cedit
1206 1237 1534 1293 confectioni
1566 1240 1781 1304 hiemis,

200 1335 265 1380 ut
291 1336 551 1381 statutum
583 1335 699 1391 est;
742 1340 883 1379 nunc
935 1336 1116 1380 autem
1162 1327 1351 1381 iterum
1390 1336 1694 1392 revocatus,
1728 1338 1785 1383 et

199 1419 273 1472 ad
293 1431 571 1471 mensuras
597 1419 881 1479 accedens,
909 1431 1016 1471 non
1044 1417 1221 1471 subito
1250 1427 1441 1483 nocet;
1488 1418 1785 1474 exussisset

200 1507 352 1561 enim
392 1508 595 1572 omnia,
646 1508 692 1561 si
723 1508 900 1561 subito
928 1507 994 1561 ad
1032 1521 1093 1561 ea
1138 1507 1310 1576 spatia
1352 1522 1473 1577 quae
1509 1508 1785 1562 dimiserat

202 1598 564 1664 recurrisset;
601 1612 773 1667 neque
794 1599 986 1652 iterum
1010 1592 1113 1652 non
1139 1597 1448 1652 illuminans
1474 1597 1782 1660 intermisit,

1881 501 2084 557 militer
2109 502 2342 558 moritur
2358 503 2558 573 justus,
2579 511 2636 557 et
2656 500 2887 573 impius?
2911 502 2963 558 Is
2989 503 3131 561 enim
3158 503 3253 574 qui
3279 502 3455 560 aliena

1881 595 2044 664 rapit,
2068 594 2267 649 fruitus
2288 605 2374 649 est
2405 609 2526 664 quc
2555 594 2775 664 diripuit
2807 592 2920 665 (15)
2952 610 2968 649 :
2995 593 3087 664 qui
3127 604 3319 652 autem
3358 611 3475 651 sua-

1882 685 2087 748 amisit,
2119 684 2252 739 abiit
2270 698 2491 757 gemens
2521 700 2624 740 non
2652 686 2858 741 habens
2892 686 3089 754 spem?
3116 687 3220 743 Sed
3246 704 3358 744 non
3373 698 3477 746 ean

1883 777 2147 848 iniquitas
2172 781 2312 848 apud
2343 778 2529 834 Deum.
2561 777 2618 833 Si
2652 778 2797 832 enim
2822 794 2926 833 non
2959 788 3043 834 est
3067 794 3191 851 spes
3212 795 3470 837 resurre»

1881 869 2096 933 ctiouis,
2135 876 2188 924 et
2219 868 2467 924 solatium
2494 868 2598 923 illis
2628 868 2716 938 qui
2745 868 2869 924 istic
2903 880 3187 932 uocentur,
3219 870 3275 926 et
3316 885 3444 927 mets

1882 975 1975 1017 ces
2004 960 2090 1015 bis
2121 961 2211 1031 qui
2237 974 2332 1016 sua
2369 959 2495 1016 istic
2520 969 2802 1031 spargunt,
2853 974 3043 1032 magna
3089 961 3349 1030 iniquitas
3376 967 3459 1018 est

1884 1052 2271 1122 apudjustum.
2316 1050 2374 1106 Si
2400 1053 2544 1106 cnim
2571 1066 2720 1122 aequa
2747 1054 3047 1109 redduntur
3078 1054 3349 1119 omnibus,
3372 1055 3455 1125 je-

1877 1141 2088 1213 junanti
2123 1151 2177 1199 et
2207 1143 2444 1208 ebrioso,
2490 1142 2775 1200 libidinoso
2814 1154 2868 1200 et
2890 1146 3106 1216 pudico,
3143 1146 3374 1217 rapienti
3404 1156 3455 1201 et

1884 1234 2129 1300 donanti,
2172 1235 2439 1291 occidenti
2486 1244 2542 1292 et
2595 1235 2645 1291 ei
2685 1237 2776 1306 qui
2823 1237 3110 1300 occiditur,
3165 1247 3220 1293 et
3270 1236 3318 1292 ei
3365 1237 3456 1309 qui

1882 1323 2203 1393 martyrium
2234 1322 2376 1378 tollit
2395 1323 2531 1394 (l6),
2565 1325 2655 1380 ubi
2683 1325 2855 1381 virtus
2888 1336 2971 1381 eSt
2996 1327 3383 1397 providentiae?
3404 1327 3456 1384 In

1886 1414 2172 1484 praecipuis
2198 1415 2342 1470 enim
2381 1414 2429 1471 si
2460 1414 2713 1482 defuerit,
2742 1432 2849 1473 non
2885 1418 2991 1473 erit
3017 1419 3163 1474 utilis
3195 1433 3370 1489 neque
3403 1418 3457 1474 in

1887 1505 2147 1562 minimis.
2181 1505 2286 1561 Sed
2321 1521 2426 1562 non
2468 1508 2539 1562 sit
2586 1506 2929 1579 sacrilegium
2977 1508 3118 1564 istud
3176 1509 3459 1566 admittere

1885 1611 2254 1668 quemquam:
2290 1597 2404 1653 sive
2441 1597 2587 1653 enim
2629 1600 2856 1671 gentiles
2900 1607 3027 1654 sunt
3071 1598 3163 1669 qui
3202 1600 3459 1656 adrersus

196 1699 271 1744 ut
307 1690 515 1746 fructus
550 1705 652 1744 non
686 1700 1079 1760 coquerentur;
1102 1703 1275 1758 neque
1299 1690 1553 1743 advenire
1590 1690 1656 1743 ad
1688 1689 1787 1743 im-
1820 1758 1847 1760 _
1888 1688 2345 1744 resurrectionem
2384 1699 2581 1756 augent
2613 1693 2769 1745 nobis
2812 1690 3098 1757 rationem,
3146 1689 3237 1760 qui
3273 1688 3460 1745 volunt

201 1786 391 1848 petum
423 1777 599 1832 subito
634 1758 837 1833 currit:
873 1787 1215 1832 at-mensurat
1239 1787 1295 1833 et
1316 1778 1587 1833 recedenti
1613 1790 1671 1832 ct
1701 1792 1776 1833 re-
1818 1758 1863 1814 Β
1888 1781 2101 1835 ratione
2154 1793 2217 1835 se
2251 1793 2412 1850 agere
2450 1792 2668 1842 cuncta.
2716 1779 2809 1850 qui
2842 1788 2970 1835 sunt
3014 1758 3408 1836 irrationabiles
3439 1796 3455 1834 :

202 1870 448 1922 currenti
480 1878 605 1924 sunt
628 1870 784 1922 datae.
815 1868 931 1923 Non
961 1868 1362 1940 coniunguntur
1389 1872 1504 1925 dies
1534 1870 1783 1925 noctibus

200 1959 475 2016 habentes
512 1952 712 2023 so'lcm;
759 1974 802 2014 st
834 1960 974 2014 enim
1004 1959 1116 2015 haec
1158 1960 1233 2013 ita
1271 1969 1474 2025 essent,
1523 1961 1789 2014 arsissent

200 2052 415 2110 omnia.
448 2052 555 2107 Sed
588 2051 670 2106 sol
700 2051 915 2120 quidem
951 2065 1048 2119 per
1075 2051 1214 2106 diem
1260 2049 1426 2119 fovet,
1459 2064 1551 2106 ros
1605 2060 1785 2106 autem

199 2154 533 2199 nocturnum
563 2142 874 2210 consolatur
896 2128 1165 2198 ardorem.
1195 2141 1261 2196 Et
1287 2156 1538 2199 mensura
1581 2157 1610 2196 a
1642 2151 1787 2197 terra

198 2236 291 2290 sol
322 2236 508 2300 distat,
531 2244 590 2289 ut
616 2248 790 2303 neque
812 2234 1176 2304 propinquans
1207 2242 1445 2297 noceret,
1478 2249 1651 2304 neque
1678 2234 1790 2288 lon-

200 2325 332 2395 gius
352 2325 566 2380 distans
591 2323 778 2394 frigori
803 2324 1038 2379 cederet.
1072 2323 1336 2378 Mensura:
1365 2324 1526 2395 igitur
1554 2325 1637 2379 bis
1668 2339 1790 2395 qua:

202 2416 265 2471 in
292 2417 430 2472 coelo
463 2426 589 2473 sunt
614 2419 680 2471 ad
709 2430 770 2471 ea
795 2431 919 2487 qua:
952 2416 1004 2469 in
1034 2426 1175 2470 terra
1214 2415 1519 2481 habentur;
1552 2429 1652 2470 nec
1681 2430 1788 2469 non

196 2518 264 2563 et
288 2524 408 2578 qua:
458 2510 513 2564 in
567 2508 702 2563 mari
748 2508 815 2563 ad
858 2517 1082 2572 terram,
1125 2514 1181 2563 et
1212 2507 1318 2562 diei
1350 2507 1417 2560 ad
1447 2517 1698 2571 noctem,
1735 2516 1791 2562 et

200 2602 372 2656 hiemi
411 2602 477 2656 ad
521 2612 786 2656 aestatem.
846 2601 912 2655 Et
965 2615 1069 2655 non
1111 2608 1258 2654 tanta
1301 2599 1483 2668 eloqui
1542 2609 1788 2670 possunt,

198 2700 407 2762 quanta
454 2694 704 2747 universa
750 2704 940 2748 natura
981 2693 1298 2762 proclamat.
1359 2691 1489 2747 Cati
1540 2704 1791 2747 cnamtnt

195 2785 432 2856 gloriam
474 2784 593 2851 Dei,
641 2802 797 2852 opera
837 2797 1011 2841 autem
1046 2802 1296 2841 manuum
1341 2785 1457 2855 ejus
1507 2786 1789 2840 annuntiat

198 2879 599 2948 [irritamentum
632 2880 700 2942 ’δε
729 2879 860 2933 dicit
883 2877 1171 2948 Propheta.
1206 2878 1262 2932 ltt
1296 2877 1402 2931 alio
1435 2887 1615 2931 autem
1646 2878 1795 2946 psal-

203 2983 304 3023 mo
333 2985 362 3022 a
391 2984 603 3023 sursum
646 2985 816 3037 usque
851 2971 1101 3024 deorsum
1140 2969 1317 3045 omnis
1345 2977 1596 3023 creatura
1625 2969 1787 3021 diuu-

204 3073 479 3117 meratur.
524 3063 592 3117 Et
622 3074 768 3117 certe
814 3072 870 3117 et
902 3064 1013 3131 ipse
1044 3063 1136 3132 qui
1172 3060 1334 3124 dicit,
1383 3059 1513 3115 Cwli
1537 3070 1790 3116 enarrant

1886 1872 2335 1940 quemadmodum
2380 1869 2489 1925 Deo
2516 1871 2726 1937 juslitia
2764 1871 3102 1928 salvabitur?
3150 1873 3272 1928 istic
3313 1874 3459 1928 enim

1886 1964 2133 2018 videmus
2162 1977 2542 2033 nonnunquam
2572 1975 2827 2033 perverse
2851 1964 3063 2033 negotia
3094 1965 3229 2035 geri,
3254 1971 3314 2020 ut
3340 1965 3461 2020 illos

1887 2055 2108 2125 quidem
2139 2056 2231 2126 qui
2255 2064 2478 2110 cantant
2498 2066 2745 2125 putemus
2771 2056 2907 2111 bene
2931 2054 3132 2110 habere
3153 2056 3205 2110 in
3227 2056 3427 2112 mundo
3444 2074 3463 2112 :

1889 2147 2023 2202 alios
2051 2157 2254 2213 autem,
2283 2147 2372 2216 qui
2405 2146 2665 2215 diripittnt
2694 2155 2751 2200 et
2781 2145 3042 2211 ditantur,
3082 2145 3251 2201 latori
3287 2153 3344 2202 et
3370 2160 3464 2203 sa-

1862 2232 1989 2294 'nos
2019 2252 2143 2294 esse
2161 2253 2409 2308 corpore,
2449 2239 2590 2293 forte
2616 2238 2788 2309 magis
2825 2239 3039 2311 iniquos
3065 2253 3226 2309 quam
3262 2237 3465 2308 iustos,

1887 2339 1944 2385 et
1996 2345 2378 2401 nonnunquam
2427 2329 2618 2387 melius
2672 2345 2871 2401 corpus
2927 2330 3165 2397 habere,
3218 2338 3274 2386 et
3327 2330 3477 2386 illius

1889 2422 2258 2492 quamplures,
2284 2422 2461 2478 ethos
2486 2420 2804 2487 incolumes,
2825 2433 2880 2478 et
2910 2421 3164 2478 mulieres
3191 2436 3315 2477 cum
3336 2422 3480 2478 viris

1889 2513 2064 2568 laetam
2102 2514 2299 2584 degere
2342 2513 2533 2576 vitam,
2561 2521 2616 2568 et
2639 2524 2917 2569 servorum
2962 2512 3357 2568 multitudinem
3388 2512 3491 2569 eis.

1890 2618 2034 2668 esse,
2069 2612 2124 2659 et
2154 2618 2315 2673 opum
2366 2611 2422 2658 et
2458 2604 2882 2674 possessionum,
2933 2613 2990 2660 et
3041 2606 3257 2662 condita
3296 2602 3495 2661 multa.

1889 2696 2192 2752 substantia
2224 2696 2398 2767 larga,
2434 2712 2594 2767 quam
2637 2705 2707 2752 et.
2740 2697 3127 2752 transmittunt-
3172 2699 3237 2752 ad
3283 2696 3462 2754 ﬁlios:

1883 2783 2014 2854 justi
2044 2796 2225 2840 autem
2256 2798 2498 2858 gemunt,
2519 2795 2581 2843 et
2594 2802 2715 2843 cum
2742 2801 2975 2843 maerore
3010 2788 3207 2858 degunt
3233 2787 3287 2843 in
3315 2802 3470 2844 mun-

1890 2877 1998 2934 do:
2020 2887 2074 2932 et
2106 2877 2196 2933 ubi
2223 2888 2307 2933 est
2340 2878 2546 2949 iustitia
2569 2894 2692 2951 quas
2722 2895 2751 2933 a
2778 2879 2888 2936 Deo
2925 2879 3146 2936 esti-Et
3173 2880 3219 2936 si
3248 2880 3468 2950 quidem

1890 2968 1957 3023 ad
1994 2966 2206 3023 Iudaeos
2238 2969 2311 3023 sit
2334 2984 2516 3026 sermo
2536 3009 2554 3037 ,
2594 2970 2724 3042 quid
2752 2970 2952 3040 profuit
2977 2973 3227 3038 Abrahae,
3255 2980 3313 3035 ut
3342 2986 3470 3042 pro-

1893 3060 2205 3116 missionem
2228 3062 2447 3131 quidem
2469 3062 2761 3133 acciperet,
2792 3063 2857 3117 ad
2881 3064 3266 3132 promissiones
3288 3070 3468 3120 autem

202 3154 439 3225 gloriam
480 3154 592 3215 Dei.
629 3171 733 3209 non
776 3154 1102 3223 loquentiam
1146 3152 1370 3208 audivit.
1403 3152 1658 3207 Aiteuim
1690 3169 1790 3207 non
1817 3132 1860 3189 (ἶ
1895 3169 2001 3208 non
2031 3156 2336 3224 perveniret
2367 3171 2382 3208 :
2418 3132 2619 3225 quique
2649 3163 2859 3225 patrem
2901 3154 3120 3225 quidem
3159 3154 3473 3209 amantissi-

201 3258 324 3296 esse
354 3243 604 3311 loquelas,
653 3259 815 3312 neque
863 3258 1124 3296 sermones
1145 3242 1190 3274 “
1224 3259 1239 3296 :
1276 3242 1568 3297 tacentium
1614 3251 1793 3296 autem

203 3348 403 3389 eorum
428 3335 481 3386 in
512 3336 1006 3393 omnemmundum
1032 3334 1229 3391 cxiisse
1258 3350 1448 3391 sonum
1477 3348 1663 3388 eorum
1697 3334 1793 3388 ait.

205 3423 351 3489 Quia
414 3424 575 3494 igitur
628 3439 722 3492 per
771 3432 933 3482 tanta.
968 3439 1085 3493 qua:
1117 3424 1350 3479 diximus
1410 3425 1793 3486 et-tacuimus,

206 3517 332 3582 ipsa
362 3531 540 3569 rermn
574 3520 785 3586 negotia
822 3516 1075 3582 clamant,
1103 3525 1156 3571 et
1186 3516 1576 3587 providentiam
1602 3516 1797 3587 praedi-

207 3616 344 3662 cant
393 3606 488 3662 Dei
509 3625 541 3674 ;,
560 3609 782 3662 rationis
832 3624 936 3662 non
973 3620 1053 3663 est
1087 3608 1153 3661 ad
1180 3622 1275 3662 eos
1311 3607 1400 3676 qui
1449 3606 1798 3676 praescribere

210 3711 465 3754 naturam
496 3701 705 3768 volunt,
726 3711 780 3755 et
810 3699 1041 3755 visibilia
1072 3713 1176 3752 nou
1200 3700 1404 3763 videre,
1437 3690 1798 3767 nosmetipsos

210 3794 556 3864 protendere.
615 3793 721 3848 Sed
762 3794 830 3847 ab
866 3791 1075 3847 illorum
1124 3792 1340 3863 quidem
1400 3789 1798 3857 irreligiositate

210 3885 449 3940 transire
476 3886 591 3953 jam
627 3895 836 3955 tempus
871 3900 968 3941 nos
1002 3885 1275 3947 admonet,
1301 3895 1594 3953 properare
1615 3889 1795 3934 autem

208 3978 284 4030 ad
310 3977 497 4041 aliam,
529 3991 597 4032 ne
639 3979 917 4032 videamur
962 3987 1018 4031 ct
1053 3975 1415 4031 contaminari
1449 3973 1798 4043 inspicientcs

205 4080 334 4130 eos,
378 4065 470 4135 qui
518 4082 623 4121 non
659 4066 861 4122 vident.
908 4064 1139 4120 Tantum
1173 4072 1353 4119 autem
1409 4064 1529 4118 addi
1563 4072 1794 4133 oportet,

209 4158 347 4227 quia
377 4156 624 4212 confessa
654 4156 992 4227 providentia
1017 4167 1354 4223 consequens
1379 4162 1463 4209 est
1494 4153 1685 4208 adesse
1712 4166 1801 4207 re-

209 4248 638 4311 surrectionem,
675 4246 1129 4329 quemadmodum
1158 4248 1496 4315 consequens
1527 4251 1584 4300 et
1613 4258 1800 4300 neces-

209 4343 367 4399 saria
408 4352 491 4397 est
533 4343 877 4397 resurrectio.
929 4342 1059 4397 Siue
1113 4356 1276 4396 causa
1335 4340 1599 4412 justitiam
1671 4339 1799 4396 colit

204 4436 432 4508 justus?
461 4436 578 4489 sine
607 4449 767 4488 causa
803 4434 1111 4503 pudicitiam
1148 4441 1295 4486 amat
1321 4433 1582 4501 pudicus?
1621 4441 1677 4487 et
1704 4435 1795 4502 qui

212 4526 473 4598 providet
493 4525 576 4579 his
602 4541 720 4593 qua
741 4526 857 4580 sine
875 4525 1050 4578 anima
1084 4533 1229 4589 sunt,
1252 4524 1537 4578 arboribus
1561 4533 1614 4577 et
1646 4522 1798 4590 plau-

215 4618 314 4682 tis,
351 4615 511 4680 Deus,
543 4617 817 4671 invenitur
854 4614 1200 4670 rationabiles
1233 4615 1447 4669 animas
1483 4612 1796 4685 negligens?

209 4719 276 4766 et
305 4710 400 4779 qui
433 4710 824 4779 providentiam
871 4724 1022 4763 suam
1053 4706 1293 4761 formicis
1323 4707 1582 4776 impertit,
1624 4715 1678 4758 et
1704 4719 1796 4759 os-

215 4804 512 4857 tenditeas
534 4817 650 4871 qua:
682 4817 787 4855 non
820 4802 1018 4855 habent
1046 4798 1416 4875 rationabilem
1452 4813 1699 4861 sensum,
1724 4797 1799 4851 sl-

218 4895 399 4948 bitnet
419 4892 748 4953 consentire,
782 4901 837 4961 et
857 4889 1214 4943 imitationem
1239 4888 1541 4942 concordiae
1563 4886 1799 4951 habere;

211 4986 268 5042 si
303 4993 484 5038 tamen
530 4992 583 5037 et
619 4992 867 5052 oporteat
900 4983 1003 5035 dici
1041 4980 1347 5034 consentire
1392 4980 1494 5033 sibi
1541 4994 1628 5043 ea,
1683 4995 1804 5049 quae

212 5090 334 5133 non
363 5076 562 5128 habent
591 5088 844 5137 sensum;
872 5073 996 5142 quia
1029 5072 1190 5143 igitur
1213 5083 1268 5125 et
1296 5069 1539 5123 formicis
1558 5070 1806 5139 providet

213 5169 391 5233 Deus,
420 5177 473 5222 ct
497 5167 645 5221 dedit
691 5168 769 5222 eis
815 5178 869 5221 et
908 5164 1242 5232 receptacula
1293 5175 1450 5219 terrae
1492 5174 1547 5217 et
1576 5162 1815 5218 concor?

212 5262 397 5324 diam,
428 5259 667 5313 Omnium
707 5258 829 5313 licet
873 5259 981 5311 sint
1012 5266 1200 5310 natura
1241 5254 1586 5315 infirmiores,
1624 5265 1800 5309 tamen

209 5353 330 5416 eis,
358 5366 475 5420 quae
501 5352 764 5415 videmus,
794 5350 1008 5405 donavit
1036 5366 1053 5406 :
1091 5352 1157 5404 de
1184 5349 1354 5403 bobus
1388 5361 1567 5401 autem
1608 5363 1802 5402 secun-

210 5443 355 5501 dum
382 5443 698 5513 Apostolum
734 5444 965 5512 pertinet
995 5442 1061 5493 ad
1095 5441 1257 5494 Detnn
1276 5440 1344 5505 ",
1370 5449 1425 5493 et
1461 5441 1526 5493 de
1568 5440 1722 5494 nobis
1752 5441 1800 5495 ei

293 5535 349 5572 ⁸⁸
380 5535 522 5591 Psal.
561 5551 718 5603 xvttt,
753 5537 806 5592 1.
898 5536 945 5570 ¹¹
985 5536 1114 5592 ibid.
1140 5534 1194 5591 4.
1237 5530 1468 5591 “lCnr.
1504 5534 1663 5599 tx,-9.

299 5650 350 5721 (Ι
362 5648 420 5720 5)
449 5650 547 5721 bis.
581 5648 836 5721 ruttitns
859 5662 930 5704 est
957 5666 1074 5721 qua
1096 5649 1338 5716 diripuit.

300 5720 418 5792 (ιθ)
450 5720 545 5777 Ms.
576 5720 642 5775 Et
668 5724 718 5776 ei
741 5722 827 5788 qui
860 5720 1167 5787 martyrium
1204 5721 1347 5775 colit.

1895 3261 2064 3312 mum,
2102 3256 2332 3301 matrem
2360 3247 2575 3316 quidem
2608 3246 2879 3312 dilectam,
2911 3250 3140 3317 patriam
3178 3245 3233 3300 in
3256 3260 3361 3317 qua
3390 3256 3475 3302 est

1893 3339 2155 3393 educatus
2187 3338 2409 3408 reliquit
2435 3348 2654 3409 propter
2680 3338 3053 3409 prmoeptum‘l
3076 3335 3265 3392 Scitis
3293 3344 3473 3392 autem

1894 3443 1950 3486 et
1980 3446 2076 3486 vos
2110 3440 2310 3499 quanta
2344 3430 2614 3500 pernicies
2662 3431 2732 3485 sit
2769 3428 3171 3484 consuetudinis
3209 3428 3477 3484 sustinere

1897 3520 2191 3576 recessum.
2220 3519 2531 3575 Adveniens
2557 3528 2735 3574 autem
2773 3522 2840 3573 ad
2869 3529 3067 3575 terram
3099 3518 3478 3588 repromissio-

1896 3610 2006 3673 nis,
2036 3610 2361 3665 circumibat
2390 3618 2447 3662 ut
2469 3609 2789 3679 peregrinus
2817 3618 2872 3664 et
2905 3610 3132 3674 advena,
3160 3610 3476 3665 desiderans

1896 3700 2085 3755 satiari
2128 3716 2291 3771 aqua,
2329 3700 2485 3768 cujus
2524 3702 2641 3771 ipse
2668 3699 2816 3766 fons,
2844 3709 3035 3770 puteus
3071 3708 3190 3756 erat
3215 3701 3478 3756 adinven-

1897 3801 2002 3858 tor,
2043 3792 2134 3862 qui
2167 3792 2216 3846 ei
2247 3791 2457 3847 fructus
2495 3806 2559 3846 ex
2606 3791 2965 3860 promissione
3008 3788 3297 3861 provenit?
3337 3788 3478 3845 Tor—

1898 3894 2136 3939 meutum
2176 3884 2320 3939 enim
2352 3884 2402 3939 ei
2429 3893 2546 3938 erat
2571 3884 2739 3954 ipsius
2767 3884 3142 3955 promissionis
3177 3884 3474 3940 adventus:

1896 3978 2082 4033 videre
2110 3978 2253 4033 enim
2292 3976 2728 4047 promissionem,
2757 3991 2862 4032 non
2887 3977 3123 4047 permitti
3168 3986 3343 4032 autem
3386 3990 3501 4031 ea-

1895 4068 2020 4135 dem
2048 4066 2177 4133 frui,
2202 4067 2375 4138 magis
2406 4067 2472 4120 ad
2496 4067 2883 4135 blasphemiam
2913 4065 3237 4132 adducebat,
3255 4068 3348 4122 sed
3369 4081 3476 4122 non
3498 4100 3510 4121 η,

1898 4159 2194 4215 Abraham.
2230 4158 2505 4213 Abraham
2542 4157 2688 4213 enim
2715 4158 2921 4214 addens
2961 4167 3017 4214 et
3051 4174 3158 4213 non
3193 4157 3478 4228 perfruens

1900 4257 1959 4302 ut
1986 4262 2169 4302 mensa
2199 4246 2551 4317 apposita,.et
2575 4245 2880 4316 prohibitus
2905 4245 3196 4318 degustare
3221 4245 3383 4302 etiam
3408 4260 3506 4304 ex.

1903 4339 1989 4392 his
2012 4354 2129 4409 qua:
2150 4346 2630 4409 exsuperaverant,
2655 4339 2729 4394 ita
2751 4338 3006 4394 dimissus
3030 4338 3235 4408 gratias
3262 4338 3477 4408 agebat.
3502 4388 3503 4391 η

1901 4430 2039 4501 Quid
2067 4445 2198 4501 ergo
2226 4429 2428 4499 profuit
2458 4429 2578 4485 illi?
2601 4429 2707 4486 Sed
2734 4430 2860 4500 quia
2913 4429 3083 4484 lilium
3110 4428 3333 4493 habuit;
3361 4435 3481 4495 post
3504 4465 3508 4469 ‹

1901 4532 2099 4592 quanta
2159 4532 2447 4590 tormenta,
2500 4531 2622 4593 post
2677 4531 2908 4590 quantas
2960 4519 3267 4575 orationes?
3323 4517 3482 4573 Servi

1902 4615 2174 4669 Abraham
2203 4614 2496 4682 habebant,
2519 4623 2575 4671 et
2603 4613 2877 4669 Abraham
2905 4613 3218 4669 desiderans
3251 4626 3357 4667 n0u
3380 4610 3502 4666 ha-.

1903 4708 2066 4762 bebat
2097 4725 2111 4761 :
2142 4709 2233 4763 sed
2262 4707 2545 4779 coniugem
2592 4707 2847 4773 habebat,
2881 4714 2937 4761 et
2978 4706 3138 4760 istam
3176 4706 3478 4769 honestam,

1908 4815 2133 4870 qua-que
2164 4803 2232 4855 ab
2257 4815 2321 4856 eo
2345 4800 2520 4854 ablata
2553 4807 2654 4862 est,
2689 4807 2744 4851 et
2772 4797 2926 4852 valde
2953 4810 3160 4859 amare,
3183 4809 3287 4849 non
3315 4793 3484 4849 inter-

1910 4889 2121 4954 llcieus,
2157 4901 2211 4945 et
2236 4900 2453 4943 mutans
2480 4889 2654 4943 locum
2691 4883 2806 4959 (l7)
2839 4895 2895 4940 et
2936 4886 3133 4952 locum,
3168 4894 3508 4955 persevera-.

1911 4982 2008 5033 vit.
2036 4982 2224 5035 Dicant
2271 4995 2403 5052 ergo
2431 4978 2600 5034 Judaei
2634 4993 2755 5047 qua:
2791 4976 3135 5047 provenerint
3158 4974 3389 5031 Abraha:
3415 4987 3482 5028 ex

1912 5073 2272 5143 promissione
2323 5075 2376 5127 in
2422 5073 2672 5142 praesenti
2722 5071 2823 5124 hac
2866 5070 3004 5134 vita,
3051 5078 3112 5122 ut
3144 5067 3486 5124 abscidamus

1908 5179 2094 5219 eorum
2164 5180 2311 5234 spem
2384 5164 2820 5219 resurrectimtis.
2875 5162 2982 5217 Sed
3039 5159 3228 5215 habuit
3292 5158 3482 5214 ﬁlium.

1909 5255 2179 5323 Quando?
2200 5259 2358 5311 Circa
2387 5259 2739 5311 centesimum
2785 5270 2984 5311 annum
3036 5254 3193 5308 datus
3217 5261 3300 5308 est
3334 5246 3384 5307 ei
3422 5249 3489 5305 ﬂ-

1910 5349 2035 5414 lius,
2074 5358 2463 5404 tormentorum
2488 5351 2664 5418 potius
2689 5347 2805 5416 ejus
2825 5355 2882 5400 et
2897 5359 3138 5415 precum.
3170 5341 3307 5412 Quia
3333 5341 3484 5398 enim

1910 5440 2099 5495 habuit
2146 5450 2204 5496 et
2249 5441 2447 5496 bonum
2485 5440 2674 5505 tilium,
2718 5448 2773 5494 et
2813 5438 3023 5498 laetatus
3074 5435 3130 5490 in
3182 5434 3327 5492 dono
3377 5441 3504 5507 εει..

1990 5645 2104 5720 (17)
2134 5644 2348 5702 Locum.
2380 5642 2555 5699 Τόπον
2578 5645 2640 5697 ἐκ
2670 5642 2832 5701 τόπου
2856 5638 3121 5714 ἀμείϐων.
