3810 6218
467 313 609 376 1059

1173 313 1438 371 EUSEBlI
1476 312 1958 372 CESARIENSIS
1993 314 2036 370 0

2136 358 2143 368 .
2185 314 2366 368 PARS
2404 314 2495 368 IV.
2535 346 2606 354 --
2646 312 3070 370 ΒΟΟΜΛΤΙΟΑ.

3597 313 3739 369 i060

465 446 607 490 etus.
626 431 748 486 Haec
766 429 898 484 dicit
915 445 1016 483 una
1049 428 1288 483 Ecclesia
1312 446 1326 480 :
1349 428 1452 481 hoc
1475 428 1836 496 consignatur
1871 427 1926 480 in
1956 441 2063 481 uno
2090 433 2140 489 Α
2165 429 2497 484 sentiantur.
2529 426 2640 482 Ista
2666 426 2812 480 enim
2836 435 2924 480 est
2954 435 3159 480 aeterna
3183 426 3316 479 vita.
3343 422 3399 478 ln
3425 424 3510 478 bis
3531 426 3741 479 erimus

467 526 739 595 baptismo
767 541 782 577 :
810 523 925 575 haac
955 520 1157 588 scripta
1181 529 1310 573 sunt
1340 521 1394 572 in
1426 519 1690 588 sanguine
1720 528 2046 588 martyrum,

463 625 523 671 et
547 627 672 670 ante
709 623 981 683 martyres
1027 612 1078 664 in
1110 609 1374 680 sanguine
1411 610 1638 663 Christi.
1675 606 1790 662 Nec
1822 623 2049 678 spernas

465 709 585 777 ejus
641 705 960 776 sanguinem
986 702 1132 771 quod
1171 702 1248 754 tui
1302 711 1524 771 propter
1560 699 1764 755 ell‘usus
1795 709 1878 754 est
1909 699 2044 769 (86).

466 800 667 855 Eil‘udit
703 800 848 853 enim
879 812 1035 851 suum
1073 795 1391 865 sanguinem
1435 792 1696 847 Dominus
1725 803 1782 846 ut
1807 792 2047 846 salvare-

464 896 566 958 ris,
601 902 656 948 et
687 902 742 945 tu
777 889 946 945 audes
973 906 1036 944 ea
1067 890 1248 943 delere
1285 902 1404 956 quae
1443 899 1540 954 per
1566 885 1888 955 sanguinem
1920 892 2046 940 sunt

464 984 707 1055 scripta?
741 984 833 1038 sed
860 983 1002 1052 quod
1035 995 1131 1051 per
1158 980 1474 1049 sanguinem
1501 979 1764 1046 scriptum
1793 989 1898 1043 est,
1937 992 2043 1031 non

464 1078 698 1130 deletur.
728 1075 864 1129 Vide
892 1088 1024 1129 sane
1055 1088 1124 1127 ne
1152 1082 1210 1126 et
1251 1082 1308 1126 tu
1355 1071 1421 1126 de
1455 1059 1595 1125 libro
1637 1071 1759 1124 vita:
1787 1071 2037 1126 delearis.

467 1169 642 1220 Adora
675 1181 842 1229 unum
897 1181 1004 1220 non
1052 1177 1261 1226 natum,
1302 1175 1358 1218 et
1389 1180 1552 1217 unum
1590 1164 1946 1233 unigenitum,
1979 1178 2046 1218 ne

358 1249 370 1261 ’
464 1275 693 1328 spernas
721 1273 884 1314 unum
915 1257 1190 1326 spiritum.
1229 1257 1408 1311 Adora
1446 1257 1686 1320 Patrem,
1718 1266 1773 1310 et
1815 1258 2046 1312 salvabit

463 1361 519 1405 te
534 1350 706 1405 Filius
739 1369 752 1404 :
788 1352 950 1403 adora
977 1349 1200 1412 Filium,
1223 1359 1278 1402 et
1301 1349 1561 1417 suscipiet
1585 1359 1635 1402 te
1670 1364 1765 1416 per
1789 1364 1910 1402 eum
1940 1350 2042 1402 Pa-

464 1453 568 1497 ter.
602 1445 873 1498 Conﬁtere
907 1442 1192 1511 Spiritum,
1219 1451 1274 1494 et
1317 1442 1557 1510 impertit
1585 1442 1699 1510 (87)
1731 1441 1825 1496 tibi
1871 1441 2042 1496 Filius

466 1535 748 1606 Spiritum.
817 1534 944 1589 Haec
1005 1535 1280 1598 dicantur,
1343 1533 1456 1587 lucc
1508 1534 1858 1602 cogitenth
1914 1533 2034 1588 haec

2156 523 2276 579 sine
2318 521 2438 584 lite,
2472 518 2590 573 sine
2614 517 2820 586 jurgio,
2860 517 2978 572 sine
3022 516 3393 570 contentione.
3429 515 3510 569 Ad
3550 531 3740 586 pacem

2155 614 2303 670 enim
2331 625 2432 666 nos
2462 609 2676 664 vocavit
2700 608 2862 664 Deus.
2901 607 3020 676 lpse
3054 609 3200 662 enim
3235 605 3488 661 Christus
3518 618 3607 661 est
3632 622 3742 675 pax

2155 715 2344 762 nostra
2397 723 2412 759 :
2462 703 2518 758 In
2563 704 2680 772 ipso
2715 701 2894 756 vocati
2926 716 3136 756 sumus.
3171 698 3310 766 Quid
3343 699 3572 753 dimissa
3609 713 3742 768 pace

2153 798 2278 853 lites
2338 794 2704 850 assumimus?
2762 795 2880 849 Non
2941 793 3141 848 audisti
3203 807 3326 848 eum
3385 792 3667 846 dicentem
3727 810 3741 845 :

2153 891 2344 946 Pacem
2399 905 2568 942 meum
2618 893 2686 940 do
2739 888 2915 954 vobis,
2969 901 3148 954 pacem
3198 901 3370 938 meam
3431 883 3745 952 derelinquo

2149 983 2294 1038 vobis
2337 981 2426 1037 7°?
2459 981 2625 1036 Suam
2668 995 2858 1049 pacem
2891 981 2983 1034 dat
3017 979 3174 1034 nobis
3220 977 3502 1042 Dominus,
3539 983 3596 1031 et
3643 989 3746 1030 nos

2145 1073 2326 1144 jurgia
2360 1087 2392 1128 e
2437 1081 2624 1126 contra
2665 1071 2994 1126 inducimus.
3041 1069 3193 1124 Finis
3235 1080 3417 1123 autem
3463 1066 3746 1122 sermonis

2152 1167 2257 1220 iste
2291 1167 2381 1220 sit.
2416 1165 2600 1220 Gloria
2634 1165 2726 1218 uni
2767 1181 2872 1217 non
2923 1173 3049 1217 nato
3103 1163 3214 1216 Deo
3251 1177 3346 1231 per
3389 1176 3564 1214 unum
3616 1159 3748 1213 uni-

2151 1259 2391 1327 genitum
2443 1255 2612 1311 Deum
2654 1255 2848 1311 Filium
2899 1255 2990 1308 Dei
3045 1256 3095 1308 in
3129 1269 3234 1308 uno
3266 1253 3472 1324 Spiritu
3519 1263 3745 1314 sancto,

2149 1363 2204 1404 et
2233 1364 2376 1403 nunc
2395 1357 2451 1403 et
2483 1362 2698 1417 semper
2721 1357 2776 1402 et
2811 1363 2908 1416 per
2937 1347 3120 1402 omnia
3145 1345 3342 1400 saecula
3385 1344 3744 1398 saeculorum.

2149 1443 2345 1497 Amen.

449 1797 457 1834 ἑ
494 1787 3722 1826 ._————-—————-——-———————————-———-————-———————-—-——-—-—-

1556 1989 1913 2078 LIBER
1989 1988 2644 2078 SECUNDUS.

531 2349 669 2416 Puto
692 2350 869 2404 adhuc
899 2361 1060 2402 aures
1093 2344 1332 2413 obstrepi
1369 2358 1518 2398 meas
1540 2357 1569 2396 a
1604 2343 1862 2397 memoria
1909 2342 2051 2396 beati
2083 2352 2127 2406 Β
2158 2336 2420 2397 Dominus
2468 2335 2700 2396 reddens
2742 2359 2960 2398 causam
2991 2343 3075 2398 sui
3107 2345 3370 2397 adventus
3399 2339 3456 2396 in
3502 2343 3732 2410 mundo,

461 2443 614 2496 illius
651 2441 752 2492 viri
788 2439 928 2508 (88),
955 2437 1047 2506 qui
1068 2436 1158 2489 illa
1186 2435 1434 2504 religiosa
1466 2432 1776 2502 frequenter
1804 2447 1934 2486 usus
1961 2441 2043 2487 est

460 2546 621 2586 voce.
647 2528 782 2582 Nam
815 2537 872 2582 et
898 2540 1058 2580 aures
1081 2535 1278 2578 vestra:
1301 2523 1479 2576 adhuc
1511 2522 1710 2575 bonum
1742 2520 1856 2585 (89)
1893 2521 2040 2574 illius

458 2621 612 2677 vocis
663 2621 923 2675 retinent.
961 2620 1098 2672 Puto
1150 2616 1292 2669 enim
1333 2630 1418 2668 me
1468 2614 1657 2668 audire
1689 2630 1808 2666 eum
1855 2614 2042 2666 dicen-

462 2724 569 2770 tent
606 2732 618 2765 :
651 2709 961 2780 Unigenitus
998 2708 1090 2762 Dei
1130 2705 1306 2760 Filius
1333 2706 1400 2759 8°.
1430 2705 1565 2758 Ecce
1601 2703 1744 2757 enim
1772 2703 1882 2772 (90)
1915 2703 2043 2756 reli-

458 2807 608 2875 giosa
645 2819 750 2858 vox
781 2816 877 2872 per
900 2819 961 2854 ns
984 2802 1100 2870 ejus
1136 2814 1352 2868 semper
1378 2796 1747 2867 premebatur.
1782 2795 2041 2849 Memoria

457 2897 608 2951 eiiim
663 2904 782 2951 erat
829 2892 1107 2965 Unigeniti
1164 2892 1233 2945 ad
1287 2888 1516 2958 gloriam
1546 2901 1653 2942 non
1700 2888 1810 2940 nati
1841 2885 2040 2940 Patris.

458 2989 780 3044 Audivimus
828 2995 1009 3040 autem
1057 2983 1364 3053 apostolum
1412 2979 1815 3051 praecipientem
1869 2979 2043 3032 hono-

459 3082 574 3137 rari
622 3078 824 3148 duplici
890 3079 1099 3131 honore
1154 3074 1351 3128 debere
1406 3071 1759 3141 presbyteros
1789 3069 1834 3100 ⁸¹
1879 3082 1895 3119 :
1949 3083 2042 3122 eos

460 3171 699 3226 maxime
727 3170 821 3239 qui
849 3168 1102 3221 laborant
1127 3164 1181 3217 in
1210 3163 1374 3216 verbo
1401 3169 1455 3214 et
1477 3159 1742 3214 doctrina.
1770 3156 1871 3222 Qui
1895 3156 2042 3210 enim

458 3261 778 3333 pudicitiam
826 3259 975 3323 colit,
1029 3259 1205 3312 bonus
1251 3265 1335 3310 est
1383 3253 1487 3309 sibi
1529 3270 1543 3308 :
1587 3261 1641 3307 et
1678 3251 1770 3320 qui
1805 3250 2040 3320 jejunat,

456 3353 628 3407 etiam
689 3351 734 3406 si
787 3351 989 3406 bonum
1045 3348 1211 3403 iaciat
1255 3361 1411 3415 opus,
1449 3355 1630 3399 tamen
1666 3345 1814 3398 sibi:
1859 3352 1915 3398 et
1949 3343 2042 3413 qui

458 3446 772 3512 miseretur,
809 3453 865 3499 et
913 3441 1020 3498 sibi
1058 3440 1493 3496 misericordiam
1537 3446 1718 3507 parat,
1757 3445 1814 3490 et
1855 3435 1905 3490 ei
1953 3435 2043 3490 cui

456 3565 688 3635 praebet.
721 3561 825 3629 Qui
856 3569 1036 3614 autem
1071 3558 1392 3628 religionem
1421 3553 1720 3610 secundum
1757 3553 2040 3608 veritatem

457 3657 636 3720 docet,
663 3663 719 3708 et
764 3652 866 3707 sibi
899 3651 1041 3705 viam
1091 3659 1350 3703 :eternam
1386 3646 1642 3716 acquirit,
1689 3653 1746 3698 et
1786 3643 2041 3698 omnibus

457 3749 550 3818 qui
577 3749 861 3802 docentur.
892 3743 1012 3798 Non
1047 3752 1131 3796 est
1163 3750 1497 3809 praeceptum
1523 3737 1784 3807 apostolis
1816 3747 1874 3790 ut
1908 3752 2038 3804 pau-
2063 3754 2106 3812 ο

457 3854 619 3911 peres
662 3844 973 3906 pascerent,
1009 3835 1102 3889 sed
1136 3843 1194 3887 ut
1241 3842 1294 3886 et
1341 3831 1442 3900 ipsi
1483 3839 1863 3899 pascerentur.
1894 3827 2039 3882 Reli-

457 3933 635 4004 gionis
660 3947 788 4002 ergo
819 3927 1133 3999 praedicatio
1169 3926 1339 3994 major
1362 3933 1447 3980 est
1469 3939 1496 3977 a
1523 3923 1893 3978 misericordia
1917 3937 2039 3991 quae

459 4025 520 4081 ﬁt
564 4025 632 4079 ad
677 4025 926 4078 homines
959 4042 972 4076 :
1003 4029 1216 4090 oportet
1263 4019 1406 4072 enim
1459 4018 1691 4086 primum
1730 4029 1890 4069 nosse
1914 4030 2035 4068 eum

457 4116 684 4188 propter
720 4129 883 4183 quem
925 4113 1058 4166 ﬁunt
1087 4126 1149 4164 ea
1181 4125 1301 4178 quae
1332 4109 1491 4174 ﬁunt,
1523 4117 1576 4162 et
1611 4108 1683 4160 ita
1723 4107 1901 4159 facere
1935 4105 2040 4160 mi-

458 4203 814 4262 sericordiam
844 4216 862 4254 ε
911 4199 1284 4268 unusquisque
1313 4199 1457 4250 enim
1485 4197 1578 4266 qui
1623 4206 1902 4263 operatur,
1933 4194 2038 4249 sibi

459 4297 696 4370 acquirit
727 4309 862 4365 opus
893 4311 907 4347 :
943 4291 1259 4359 przedicatio
1283 4299 1464 4342 autem
1507 4288 1753 4340 veritatis
1784 4285 1901 4340 ιιωο
1928 4293 2034 4350 est,

456 4399 681 4461 propter
717 4403 880 4457 quam
911 4395 965 4439 et
996 4383 1164 4437 Filius
1198 4380 1345 4434 venit
1381 4380 1435 4432 in
1471 4393 1716 4446 corpore.
1755 4376 1870 4432 Non
1899 4378 2038 4432 dixit

459 4479 747 4542 Dominus,
775 4475 924 4530 Beati
954 4471 1096 4528 oculi
1125 4483 1315 4524 eorum
1365 4467 1457 4537 qui
1509 4465 1776 4533 jejunant,
1825 4463 1919 4520 sed
1956 4463 2038 4518 vi-

458 4572 725 4634 dentium,
746 4569 945 4638 inquit,
974 4581 1036 4620 ea
1067 4578 1187 4634 qua:
1213 4561 1407 4615 videtis
1425 4560 1490 4611 ⁸².
1517 4559 1620 4613 Sed
1643 4573 1745 4611 non
1767 4572 1868 4627 ego
1895 4571 2038 4610 nunc

454 4666 629 4721 bonos
661 4674 815 4716 actus
857 4669 1056 4714 aecuso
1087 4676 1100 4710 :
1143 4655 1238 4709 sed
1267 4654 1408 4707 sicut
1431 4651 1584 4706 stella
1621 4652 1790 4704 stellae
1819 4648 2037 4718 praefert

457 4757 652 4828 gloria,
694 4755 769 4808 ita
807 4762 862 4806 et
892 4759 1044 4806 actus
1080 4748 1191 4820 (9i)
1241 4746 1454 4800 actibus
1503 4740 1758 4797 diﬁerunt
1809 4743 2032 4795 honore.

458 4851 741 4904 Summum
797 4844 941 4897 enim
985 4850 1039 4893 et
1076 4839 1424 4908 praecipuum,
1467 4842 1520 4888 et
1560 4834 1790 4902 primum
1843 4830 2036 4884 funda-

457 4948 699 4996 mentum
732 4945 786 4990 et
834 4934 982 4986 radix
1021 4929 1263 4984 omnium
1289 4941 1513 4996 operum
1540 4941 1660 4994 qua:
1694 4925 1846 4988 ﬁunt,
1899 4925 2034 4976 ﬁdes

455 5041 542 5087 est
565 5043 712 5085 vera.
737 5027 873 5080 Dicit
899 5024 1044 5078 enim
1075 5020 1333 5076 Dominus
1357 5033 1371 5071 :
1393 5017 1504 5086 Ego
1525 5027 1739 5086 propter
1765 5016 1860 5068 hoc
1889 5015 2026 5078 veni,

2144 2434 2274 2488 dicit
2300 2435 2422 2504 quia
2465 2435 2584 2488 ideo
2617 2446 2775 2490 natus
2804 2452 2944 2497 sum.
2991 2445 3046 2490 et
3095 2436 3216 2489 ideo
3261 2436 3382 2489 veni
3419 2436 3474 2489 in
3526 2437 3734 2490 mundo

2145 2537 2204 2580 ut
2233 2537 2398 2581 tester
2423 2527 2662 2590 veritati,
2693 2537 2747 2582 et
2775 2538 2829 2580 tu
2858 2528 3088 2582 abnuis?
3119 2527 3253 2581 Nam
3289 2539 3343 2582 et
3365 2527 3568 2582 Petrus
3603 2529 3732 2582 bea-

2145 2626 2250 2681 tus,
2283 2618 2476 2672 beatus
2518 2619 2720 2674 dicitur
2754 2619 2824 2683 ⁸⁸,
2854 2636 2960 2672 non
3007 2619 3080 2673 ob
3103 2619 3387 2686 jejunium,
3440 2636 3627 2688 neque
3666 2620 3733 2675 ob

2141 2710 2288 2764 aliud
2342 2710 2561 2780 aliquod
2615 2727 2774 2781 opus,
2811 2713 2905 2766 sed
2961 2712 3087 2781 quia
3137 2711 3300 2766 Pater
3349 2711 3400 2765 ei
3464 2713 3734 2768 revelavit

2141 2800 2363 2856 Filium.
2400 2803 2467 2857 Et
2511 2803 2707 2857 iterum
2759 2803 2919 2859 Pater
2952 2805 3151 2872 ubique
3187 2803 3252 2858 de
3294 2803 3436 2858 Filio
3471 2814 3729 2859 testatur.

2141 2890 2274 2946 Nam
2320 2903 2375 2948 et
2429 2895 2483 2948 in
2533 2895 2802 2962 baptismo
2861 2893 3108 2961 Joannis,
3165 2897 3309 2947 etin
3366 2904 3562 2947 monte
3598 2895 3730 2947 nihil

2141 2986 2286 3040 aliud
2313 2987 2688 3056 proclamavit,
2717 2986 2817 3041 nisi
2844 3002 2856 3038 :
2879 2985 2980 3039 llic
3011 2995 3089 3040 est
3119 2985 3294 3037 Filius
3321 3000 3470 3038 meus
3503 2985 3735 3039 dilecti:-

2141 3080 2327 3144 simus,
2357 3079 2412 3132 in
2448 3095 2551 3148 quo
2589 3081 2713 3132 bene
2741 3078 3030 3146 complacui
3053 3077 3120 3133 ⁸⁸.
3157 3075 3424 3131 Similiter
3453 3086 3509 3132 et
3532 3075 3731 3131 Paulus

2143 3174 2268 3226 dum
2308 3172 2529 3226 doceret
2575 3172 2838 3225 dicebat:
2886 3169 3313 3234 Fundamentum
3357 3171 3510 3224 aliud
3543 3181 3733 3238 prater

2140 3280 2260 3318 eum
2281 3264 2370 3334 qui
2404 3272 2479 3316 est
2501 3263 2703 3332 positus
2742 3279 2890 3316 nemo
2932 3271 3097 3330 potest
3140 3278 3351 3328 ponere,
3379 3273 3582 3330 prater
3617 3277 3729 3315 eum

2139 3356 2230 3423 qui
2281 3364 2354 3407 est
2403 3352 2641 3407 Christus
2691 3352 2848 3406 Jesus
2871 3352 2940 3406 ³⁸.
2998 3349 3057 3405 Si
3109 3352 3275 3422 igitur
3312 3354 3728 3406 fundamentum

2141 3446 2306 3500 fuerit
2331 3445 2561 3511 salvum,
2605 3456 2789 3514 sperat
2835 3443 3123 3499 :ediﬁeatio
3169 3446 3306 3498 bene
3366 3445 3644 3514 proﬁcere
3676 3457 3729 3498 se

2140 3554 2302 3610 posse
2329 3556 2343 3592 :
2379 3539 2426 3595 si
2454 3539 2606 3594 radix
2637 3538 2802 3594 fuerit
2831 3552 2984 3601 sana,
3027 3551 3154 3606 spes
3178 3545 3265 3590 est
3299 3537 3515 3590 fructus
3540 3551 3608 3589 ex
3655 3549 3729 3588 ra-

2141 3632 2246 3687 mis
2278 3632 2542 3700 accipere.
2576 3632 2633 3686 Si
2661 3643 2841 3686 autem
2874 3631 3088 3684 inﬁrme
3105 3628 3268 3684 fuerit
3289 3627 3724 3691 fundamentum,

2141 3723 2195 3778 in
2245 3723 2487 3792 periculo
2536 3733 2664 3779 sunt
2720 3737 2784 3778 ea
2831 3737 2952 3791 qua:
3007 3729 3469 3792 superponuntur.
3521 3720 3725 3773 Aurum

2139 3817 2282 3870 enim
2335 3815 2481 3885 quod
2515 3830 2680 3885 super
2733 3814 3165 3877 fundamentum,
3210 3821 3265 3866 et
3316 3820 3639 3881 argentum,
3678 3822 3727 3863 et

2138 3913 2471 3981 margaritae,
2525 3923 2582 3968 et
2629 3913 2834 3984 lapides
2879 3897 3128 3983 pretiosi,
3184 3923 3238 3967 et
3285 3911 3495 3977 fenum,
3543 3923 3602 3968 et
3638 3915 3728 3968 sti~

2138 4006 2300 4073 pulaz,
2333 4015 2388 4061 et
2419 4006 2564 4077 ligna
2610 4017 2887 4077 ponuntur
2924 4022 2940 4060 :
2983 4007 3119 4061 nihil
3154 4005 3299 4060 aliud
3346 4005 3629 4073 signiﬁcat
3675 4008 3724 4060 in

2140 4099 2244 4154 hoc
2282 4098 2424 4164 loco,
2476 4099 2581 4154 nisi
2620 4099 2839 4168 quidem
2893 4097 3338 4168 praedicationem
3380 4113 3483 4168 per
3535 4113 3723 4153 aurum

2137 4199 2189 4245 et
2235 4199 2523 4261 argentum
2560 4202 2615 4244 et
2669 4191 2876 4261 lapides
2919 4191 3214 4260 pretiosos.
3266 4186 3343 4244 Ea
3382 4200 3574 4244 autem
3612 4203 3726 4260 qua:

2137 4294 2334 4352 praeter
2360 4284 2646 4338 veritatem
2681 4293 2830 4349 sunt,
2862 4285 2970 4353 igni
3022 4293 3209 4353 utpote
3260 4281 3446 4352 digna,
3493 4278 3624 4336 leno
3678 4291 3727 4335 et

2139 4375 2350 4444 stipula:
2375 4385 2432 4431 et
2480 4377 2629 4446 ligno
2663 4376 3018 4445 comparavit.
3050 4377 3167 4429 Non
3215 4375 3362 4428 enim
3397 4373 3542 4427 dixit
3586 4375 3726 4443 Apo-

2137 4467 2343 4522 Stolns:
2381 4467 2436 4522 Si
2471 4469 2595 4536 quis
2637 4483 2744 4522 non
2786 4467 2992 4522 dederit
3025 4467 3270 4536 pauperi,
3307 4467 3612 4520 anathema
3637 4467 3722 4521 sit.

2139 4559 2253 4614 Non
2290 4561 2390 4615 ista
2419 4563 2624 4631 denego
2669 4577 2685 4616 :
2723 4560 2818 4616 sed
2852 4575 2972 4628 qua:
3012 4561 3186 4624 prima
3217 4570 3366 4622 sunt,
3407 4559 3632 4626 prima;
3675 4568 3725 4611 et

2136 4666 2258 4720 quae
2315 4655 2594 4717 secunda,
2647 4652 2902 4706 secunda.
2961 4649 3146 4705 Primo
3193 4652 3452 4706 condisce
3507 4660 3724 4721 pr0pter

2135 4758 2298 4812 quem
2333 4742 2491 4808 facis,
2527 4755 2582 4798 et
2615 4745 2684 4797 ita
2725 4745 2902 4798 facito.
2932 4743 3080 4796 Militi
3112 4744 3254 4798 enim
3293 4742 3580 4798 hominum
3629 4758 3719 4811 pe-

2137 4835 2356 4888 coribus
2405 4846 2532 4889 sunt
2581 4835 2788 4889 similes
2829 4853 2841 4888 :
2893 4843 3085 4904 putant
3117 4848 3225 4887 non
3254 4847 3378 4886 esse
3409 4832 3719 4887 necessaria

2135 4942 2380 4996 quaerere
2414 4928 2481 4980 de
2514 4928 2599 4981 his
2623 4944 2744 4996 qua:
2775 4926 3054 4996 possibilia
3084 4935 3209 4979 sunt
3232 4936 3574 4994 quaerantur.
3607 4923 3720 4980 Sic-

2135 5028 2195 5073 ut
2216 5035 2347 5091 ergo
2374 5019 2440 5074 de
2467 5020 2553 5074 bis
2581 5036 2699 5088 qua:
2729 5028 2954 5087 possunt
2977 5018 3170 5088 quaeri,
3206 5017 3462 5072 inertium
3491 5028 3579 5073 est
3617 5033 3714 5071 non

455 5135 502 5180 et
532 5130 744 5194 propter
768 5119 864 5173 hoc
893 5128 1047 5171 natus
1079 5130 1220 5181 sum,
1256 5123 1313 5166 ut
1353 5122 1508 5166 tester
1551 5110 1758 5164 veritati
1788 5110 1856 5162 ⁸³.
1907 5107 2026 5179 Ipse
2057 5103 2102 5157 D
2130 5125 2408 5180 querere;
2464 5109 2541 5163 ita
2586 5109 2651 5164 de
2705 5109 2790 5162 his
2823 5123 2943 5178 qua;
2990 5121 3097 5162 non
3148 5119 3373 5160 necesse
3405 5115 3494 5160 est
3530 5105 3715 5174 quari,

507 5307 868 5369 "Joan.xiv,
919 5305 1048 5377 27.,
1095 5305 1161 5377 7”
1197 5304 1354 5359 Joan.
1400 5319 1441 5370 i,
1502 5299 1600 5377 l8;
1663 5315 1747 5361 in,
1793 5297 1883 5377 [8.

453 5378 504 5412 ³⁸
533 5379 724 5432 Matth.
772 5391 884 5442 xvi,
925 5377 1012 5430 17.
1040 5369 1048 5377 ⁷
1090 5376 1135 5407 ⁸⁵
1163 5377 1350 5430 Matth.
1383 5369 1466 5438 ιιι,
1501 5369 1596 5436 17;
1638 5386 1770 5437 xvn,
1801 5371 1853 5425 5.

527 5493 640 5565 (86)
681 5494 724 5567 Τ
728 5495 783 5546 ui
803 5493 1247 5567 prapter."Ev§xa.
1267 5491 1384 5554 σοῦ,
1413 5489 1609 5544 iterum
1634 5487 1772 5541 infra
1804 5488 2027 5567 subﬁn.

454 5563 550 5620 lib.
583 5563 658 5629 vi,
686 5564 761 5618 De
782 5581 840 5617 eo
867 5565 1005 5632 quod
1031 5565 1106 5616 ait
1132 5563 1293 5618 Deus.

526 5633 643 5702 (8'7)
685 5633 945 5698 lmpertit.
973 5632 1136 5689 Forte
1165 5633 1441 5698 impertiet.

528 5636 646 5772 (87;
685 5636 945 5698 Impertit.
973 5636 1136 5689 Forte
1165 5636 1441 5698 impertiet.

528 5703 622 5770 (88
686 5702 832 5756 Beati
855 5703 1000 5757 illius
1024 5705 1140 5757 viri.
1179 5703 1464 5771 Pamphili,
1497 5713 1556 5756 ut
1584 5701 1747 5755 Henr.
1777 5699 2026 5755 Valesius

452 5771 680 5851 censet;
706 5788 822 5852 nos
849 5774 1146 5852 Agapetum
1196 5775 1372 5852 potius
1405 5785 1657 5846 putamus
1687 5771 1905 5830 Eusebii
1931 5775 2026 5831 dc-

2012 5300 2056 5332 ⁸¹
2083 5297 2099 5350 1
2131 5298 2273 5351 Tim.
2309 5312 2364 5362 ν,
2399 5296 2488 5352 17.

1933 5370 1981 5403 ⁸⁸
2024 5370 2047 5426 l
2081 5366 2208 5426 Cor.
2245 5383 2327 5434 Ill,
2355 5367 2440 5425 11.
2532 5371 2554 5382 ’

2584 5296 2630 5369 f"
2656 5295 2789 5350 Luc.
2827 5311 2886 5360 χ,
2920 5294 3011 5350 25.
3145 5293 3191 5326 ⁸⁸
3213 5292 3373 5349 Joan.
3417 5308 3585 5361 xviii,
3630 5289 3712 5345 57.

2137 5501 2434 5549 cessorem,
2466 5486 2533 5540 de
2583 5499 2692 5552 quo
2727 5483 2929 5537 Euseb.
2991 5481 3088 5536 lib.
3140 5497 3212 5534 vn
3273 5478 3418 5535 Hist.
3471 5493 3590 5550 cap.
3622 5474 3705 5536 52,

2137 5559 2204 5613 de
2240 5559 2430 5610 eodem
2467 5558 2624 5610 beato
2650 5555 2765 5608 viro
2793 5555 2935 5608 intra
2967 5553 3072 5606 col.
3105 5552 3264 5605 1065.

2205 5627 2318 5696 (89)
2360 5626 2586 5680 Bonum.
2618 5625 2863 5696 Valesius
2892 5623 3016 5696 legit
3047 5639 3255 5696 sonum.

2205 5692 2318 5763 (Siti)
2361 5696 2494 5750 Ecce
2525 5696 2683 5748 enim.
2733 5692 2974 5748 Valesius
3007 5693 3135 5759 legit
3165 5693 3276 5745 [nec
3304 5693 3467 5748 enim.

2207 5769 2318 5844 (ﬁt)
2364 5767 2483 5838 Ms.,
2513 5766 2708 5824 Prwest
2739 5767 2933 5836 gloria,
2961 5765 3034 5820 ita
3057 5775 3103 5818 et
3138 5775 3314 5818 actus.
