3810 6218
168 265 320 320 1061

1049 268 1134 322 DE
1168 269 1325 326 FIDE
1355 272 1727 329 ADVERSUS
1765 271 2181 329 SABELLIUM.
2222 300 2292 316 ---
2327 273 2453 328 LIB.
2497 275 2564 331 ll.

3300 281 3438 338 1062

164 382 410 436 audacia
431 390 520 437 est
543 385 844 452 quaerendi.
871 385 1005 453 Quae
1027 400 1158 458 ergo
1182 389 1378 443 debent
1411 392 1620 459 quam?
1643 407 1765 460 quae
1791 365 1918 454 Aret
1936 406 2044 447 nos
2073 391 2127 445 in
2152 406 2287 461 pace
2311 393 2544 458 vocavit,
2583 407 2690 448 non
2723 402 2900 450 tamen
2935 395 3003 452 ad
3033 395 3181 454 litem
3212 415 3226 452 :
3258 413 3436 471 pugna

163 475 494 530 invenimus
518 475 574 529 in
608 475 906 546 Scripturis
929 478 1104 548 posita
1138 496 1153 534 :
1182 495 1302 549 qua:
1329 492 1507 536 autem
1532 483 1584 536 in
1613 482 1762 537 Scri-

161 563 358 630 pturis
404 580 512 619 non
565 566 905 635 invenimus,
955 585 1063 624 non
1114 585 1443 640 quaeramus.
1504 573 1561 628 Si
1611 575 1756 630 enim

160 669 460 726 oporteret
495 661 652 715 nobis
683 675 806 716 esse
847 663 1084 732 cognita,
1116 666 1304 734 utique
1349 666 1585 734 Spiritus
1627 683 1758 723 san-

155 760 300 805 ‘ctus
346 753 616 822 posuisset
663 769 726 808 ea
775 755 828 808 in
865 755 1163 825 Scripturis
1199 775 1214 812 :
1245 772 1354 812 non
1385 760 1754 814 sumus'enim

163 846 542 912 sapientiores
587 861 618 900 a
666 848 872 917 Spiritu
919 858 1130 909 sancto.
1171 850 1232 905 Si
1281 851 1482 906 dixerit
1521 851 1755 921 Spiritus

160 949 404 994 sanctus
438 957 450 991 :
491 936 889 995 Generationem
929 940 1044 1011 ejus
1073 943 1189 1010 quis
1219 943 1489 996 enarrabit
1512 943 1598 996 ‘7?
1643 945 1753 1000 noli

160 1045 426 1098 quaerere
459 1045 634 1099 neque
668 1031 736 1086 ab
785 1029 1114 1098 hominibus,
1171 1047 1347 1102 neque
1403 1035 1470 1087 ab
1522 1034 1751 1104 angelis.

163 1121 290 1176 Cur
312 1121 599 1192 abnegavit
641 1120 898 1190 Spiritus.
928 1122 1065 1177 dixit
1096 1123 1240 1178 enim
1274 1124 1398 1192 quia
1439 1126 1751 1194 generatio-

163 1228 302 1271 nem
331 1217 448 1287 ejus
488 1217 608 1285 quis
630 1211 942 1271 e‘narrabit’?
974 1216 1066 1284 qui
1097 1224 1276 1270 autem
1301 1217 1550 1270 concedit
1577 1215 1750 1286 Spiri-

162 1319 262 1363 tus
287 1325 549 1378 qumrere,
584 1307 731 1363 Unus
760 1308 902 1363 Deus
931 1325 997 1362 ea:
1018 1324 1122 1379 quo
1154 1317 1276 1362 sunt
1313 1309 1512 1373 omnia,
1535 1319 1586 1362 et
1613 1326 1750 1364 unus

164 1400 434 1453 Dominus
452 1400 606 1454 Iesus
630 1415 721 1468 per
742 1415 894 1469 quem
926 1410 1047 1454 sunt
1074 1399 1253 1454 omnia
1280 1398 1326 1432 ⁸⁸
1353 1415 1369 1453 :
1395 1399 1749 1468 quemadmo-

158 1491 302 1545 dum
333 1501 512 1545 autem
547 1492 716 1546 Filius
761 1507 826 1546 ex
857 1491 1036 1554 Patre,
1063 1492 1224 1546 crede
1256 1493 1305 1546 ei
1339 1494 1431 1562 qui
1480 1493 1650 1556 novit,
1696 1493 1747 1546 ei

159 1585 262 1653 qui
292 1584 554 1638 noscitur.
591 1585 695 1638 Sed
727 1592 778 1637 tu
804 1583 1026 1654 quieris,
1052 1592 1106 1637 et
1139 1583 1262 1653 quis
1291 1595 1375 1639 est
1397 1585 1491 1652 qui
1521 1584 1748 1653 promit-

1860 497 1966 537 non
2005 482 2188 548 docet,
2235 484 2330 538 sed
2360 484 2550 540 incitat
2582 486 2755 556 magis
2805 505 2819 541 :
2853 487 2919 541 lis
2958 503 3066 543 non
3107 503 3310 554 monet,
3339 494 3436 547 sed

1857 572 2129 629 ﬂammam
2159 577 2429 632 accendit.
2461 578 2750 632 Contentin
2775 590 2954 635 autem
2979 583 3134 652 equis
3161 586 3434 648 convenit,

1858 679 1965 720 non
1997 676 2177 721 tamen
2209 667 2464 724 Ecclesia
2489 669 2604 726 Dei.
2640 670 2739 737 Qui
2764 671 2914 726 novit
2942 687 3005 728 ea
3028 689 3149 743 qua:
3179 674 3436 744 possibile

1855 766 1944 811 est
1994 758 2155 822 scire,
2199 759 2390 814 doceat
2432 775 2554 815 cum
2600 763 2864 818 modestia
2913 779 3037 820 eum
3063 765 3155 834 qui
3195 767 3432 836 ignorat,

1856 863 1964 903 non
1995 857 2174 905 tamen
2213 851 2566 908 incitamento
2612 871 2627 906 :
2670 855 3078 912 incitamentum
3109 857 3254 912 enim
3281 867 3336 912 et
3363 860 3433 914 ad

1854 952 1920 993 ea
1957 953 2078 1008 qua:
2106 949 2293 1009 aperta
2344 951 2472 996 sunt
2515 944 2916 1001 contentionem
2960 947 3100 1015 parit
3154 963 3306 1003 :non
3356 950 3432 1003 ita

1853 1031 2246 1100 periclitemur,
2294 1034 2390 1090 sed
2425 1042 2538 1090 tute
2571 1035 2878 1105 loquamur.
2923 1036 2980 1092 Si
3012 1039 3143 1108 quid
3168 1040 3430 1108 scriptum

1853 1139 1962 1180 non
1998 1133 2103 1190 est,
2164 1140 2230 1179 ne
2263 1127 2482 1196 quidem
2519 1128 2732 1183 dicatur
2772 1146 2789 1184 :
2835 1130 2881 1185 si
2911 1131 3040 1200 quid
3082 1140 3262 1185 autem
3294 1132 3431 1185 scri-

1851 1227 2004 1287 ptum
2033 1227 2134 1282 est,
2179 1233 2246 1273 ne
2287 1218 2710 1276 deleatur.'Non
2745 1237 2934 1278 sumus
2979 1223 3122 1278 enim
3154 1233 3428 1291 auctores,

1851 1310 1946 1363 sed
1977 1309 2246 1378 discipuli.
2287 1308 2403 1365 Non
2449 1325 2571 1382 quae
2605 1313 2878 1380 volumus,
2925 1315 3020 1369 sed
3055 1331 3119 1370 ea
3158 1331 3278 1386 quae
3297 1314 3428 1385 legi-

1850 1415 1972 1455 mus
2009 1420 2022 1455 :
2061 1417 2164 1456 non
2196 1417 2258 1456 ca
2289 1418 2410 1472 qua:
2433 1418 2500 1458 ex
2531 1407 2695 1460 corde
2725 1419 2870 1472 sunt,
2894 1408 2989 1463 sed
3017 1421 3080 1461 ea
3109 1424 3226 1478 qua:
3249 1424 3279 1462 a
3310 1410 3426 1479 spi-

1849 1492 1959 1546 ritu
1980 1494 2043 1573 in
2070 1493 2370 1562 Scripturis
2409 1497 2609 1550 sanctis
2643 1507 2771 1553 sunt
2800 1500 2992 1568 posita.
3027 1501 3159 1568 Quis
3189 1504 3329 1556 enim
3364 1519 3426 1558 es

1852 1593 1906 1636 tu
1943 1585 2034 1653 qui
2087 1585 2220 1639 dicis
2250 1595 2344 1639 aut
2376 1588 2467 1657 qui
2517 1589 2715 1643 audis?
2752 1591 2866 1644 vult
2913 1591 3109 1662 aliquis
3149 1591 3423 1648 Christum

154 1685 251 1729 tat
301 1691 359 1730 se
394 1675 588 1730 nosse?
615 1677 792 1729 omnis
840 1675 985 1729 enim
1032 1677 1340 1745 quicunque
1373 1677 1642 1745 promittit
1687 1693 1745 1731 se
1776 1706 1820 1761 Β
1851 1674 2153 1742 honorare;
2203 1686 2263 1731 ut
2305 1678 2418 1732 vult
2479 1679 2592 1747 ipse
2624 1681 2892 1746 Christus,
2935 1698 3039 1737 non
3084 1693 3422 1741 tamennttu

160 1783 350 1833 nosse,
408 1772 639 1822 mendax
678 1777 780 1822 est.
839 1767 1214 1823 Pronuntiavit
1262 1769 1406 1823 enim
1463 1767 1738 1837 Dominus,

159 1860 316 1929 quod
374 1860 551 1914 nullus
609 1861 753 1914 norit
813 1861 915 1915 nisi
978 1860 1130 1916 solus
1181 1861 1344 1916 Pater
1399 1861 1636 1929 Filium,
1687 1873 1742 1917 et

158 1953 339 2007 Filius
373 1952 617 2007 Patrem.
667 1954 772 2006 Sed
801 1953 932 2007 dicit
963 1953 1183 2022 quidam
1219 1973 1232 2007 :
1269 1954 1585 2022 lgnoramus
1608 1969 1740 2024 ergo

157 2045 296 2114 quia
325 2054 410 2099 est
443 2043 603 2110 Deus,
635 2051 690 2098 et
734 2045 860 2114 quia
909 2060 1012 2100 non
1048 2058 1208 2100 natus
1239 2057 1340 2113 est,
1376 2057 1431 2101 et
1470 2049 1742 2102 nescimus

156 2122 296 2206 quia
345 2149 399 2192 et
432 2137 599 2191 Filius
628 2148 684 2192 et
723 2138 1028 2207 unigenitus
1063 2148 1148 2193 est
1199 2137 1408 2194 Filius?
1463 2141 1740 2206 Quomodo

155 2241 344 2284 autem
383 2232 651 2286 nescimus
700 2232 824 2300 quia
870 2240 1027 2285 natus
1071 2231 1191 2285 est?
1249 2233 1370 2301 quia
1413 2243 1590 2286 autem
1633 2241 1738 2296 est,

155 2321 346 2376 omnis
367 2321 562 2376 clamat
582 2320 861 2390 Scriptura
893 2341 906 2376 :
936 2323 1388 2392 quemadmodum
1429 2333 1608 2376 autem
1633 2335 1738 2387 est,

155 2422 214 2464 et
249 2422 508 2481 quantum
541 2421 641 2476 est,
669 2413 810 2466 nulla
850 2398 992 2466 valet
1029 2425 1219 2468 natura
1251 2413 1452 2476 dicere,
1481 2428 1651 2482 neque
1672 2413 1741 2468 de

156 2501 348 2565 Patre,
381 2517 554 2570 neque
592 2504 658 2555 de
679 2501 832 2554 Filio.
871 2501 1138 2568 Quienim
1173 2502 1349 2555 dixit:
1391 2501 1561 2556 Nemo
1598 2501 1741 2555 novit

159 2591 406 2656 Patrem,
436 2593 538 2646 nisi
576 2592 749 2646 Filius
771 2593 834 2651 3°,
865 2596 978 2662 ipse
1011 2594 1144 2647 dixit
1176 2595 1298 2661 quia
1332 2602 1382 2647 et
1413 2591 1613 2646 Filium
1649 2610 1740 2646 ne-

154 2701 246 2737 mo
273 2685 435 2748 novit,
461 2685 562 2738 nisi
590 2684 751 2738 Pater
770 2685 836 2736 9°.
867 2684 1325 2750 Quemadmodum
1354 2685 1496 2738 enim
1523 2685 1740 2754 capiunt

157 2793 223 2829 ea
252 2793 370 2847 qua:
400 2792 495 2845 per
525 2777 716 2830 Filium
749 2777 886 2830 facta
919 2785 1063 2841 sunt,
1097 2791 1257 2829 nosse
1293 2791 1414 2829 eum
1452 2790 1544 2844 per
1579 2791 1736 2844 quem

157 2881 216 2925 et
245 2870 387 2924 facta
422 2870 585 2924 sunt?
632 2869 688 2923 Si
731 2869 894 2935 igitur
921 2869 1208 2939 imaginem
1253 2884 1358 2924 non
1392 2869 1502 2922 nati
1545 2878 1738 2922 natura

157 2977 274 3016 non
313 2961 554 3030 pervenit
587 2976 766 3026 nosse,
796 2961 1243 3028 quemadmodum
1280 2960 1452 3029 ipsum
1477 2960 1738 3028 principa-

1846 1765 1948 1821 vis.
1982 1767 2038 1821 Si
2066 1779 2244 1823 autem
2285 1779 2478 1839 praeter
2500 1771 2552 1824 id
2591 1771 2729 1840 quod
2765 1772 2880 1825 vult
2917 1773 3288 1843 honoraveris,
3323 1777 3422 1831 ho-

1844 1873 1946 1912 nor
1969 1867 2092 1913 tuus
2120 1860 2186 1914 ad
2210 1861 2596 1915 contumeliam
2633 1873 2998 1918 convertetur.
3041 1865 3096 1919 Si
3127 1866 3421 1925 intereme-

1844 1950 1918 2004 ris
1949 1949 2064 2018 ejus
2091 1951 2332 2018 Patrem,
2364 1969 2472 2008 non
2506 1953 2784 2008 honorasti
2809 1955 3139 2022 progeniem.
3171 1955 3230 2010 Si
3255 1957 3424 2011 inter-

1841 2045 2040 2098 emeris
2079 2043 2300 2108 Filium,
2343 2061 2450 2099 non
2493 2045 2748 2100 dimisisti
2785 2045 3001 2100 Patrem
3049 2046 3101 2099 in
3133 2047 3419 2102 honorem.

1845 2133 1901 2187 Si
1937 2134 2076 2187 enim
2125 2148 2229 2188 non
2267 2134 2466 2188 dixeris
2509 2144 2715 2203 patrem
2752 2135 2988 2200 Patrem,
3023 2146 3076 2190 et
3107 2135 3298 2190 Filium
3329 2135 3422 2190 Fi-

1841 2226 1993 2296 lium,
2053 2242 2228 2296 neque
2281 2227 2494 2282 Patrem
2526 2244 2728 2297 neque.
2757 2228 2950 2282 Filium
2989 2229 3284 2283 contiteris.
3317 2228 3419 2295 Qui

1840 2317 1983 2371 enim
2019 2317 2132 2372 hate
2165 2318 2319 2384 dicit,
2353 2319 2474 2372 sine
2525 2319 2636 2373 Deo
2691 2327 2793 2374 est.
2829 2319 2885 2374 Si
2914 2319 3059 2374 enim
3115 2319 3277 2374 Pater
3311 2335 3419 2374 non

1840 2419 1926 2464 est
1951 2409 2154 2474 Pater,
2213 2411 2326 2480 ipse
2364 2412 2507 2466 enim
2540 2412 2706 2466 Filius
2748 2421 2806 2465 ut
2852 2413 2962 2477 ais;
3011 2413 3207 2467 iterum
3250 2411 3420 2468 Filius

1840 2516 1946 2555 non
1984 2511 2068 2555 est
2089 2501 2278 2566 Filius,
2314 2501 2428 2571 ipse
2475 2502 2618 2557 enim
2651 2512 2704 2557 et
2738 2501 2900 2584 Pater
2931 2502 3091 2558 Pater
3118 2513 3202 2558 est
3243 2516 3300 2557 ut
3331 2503 3418 2557 di-

1839 2593 1919 2647 cis
1951 2592 2086 2664 (94).
2130 2593 2391 2662 Sequitur
2415 2594 2731 2662 periculum,
2763 2605 2822 2649 ut
2857 2611 3032 2664 neque
3061 2595 3224 2653 Pater
3258 2594 3420 2650 Pater

1841 2682 1932 2750 sit,
1979 2698 2154 2752 neque
2184 2683 2352 2739 Filius
2405 2684 2598 2751 Filius,
2654 2694 2708 2738 et
2758 2686 2886 2755 quid
2929 2685 3274 2740 tenebimus?
3313 2684 3418 2740 Sed

1839 2775 2002 2830 Pater
2026 2774 2187 2830 Pater
2207 2790 2335 2830 vere
2361 2785 2465 2839 est,
2501 2791 2605 2830 non
2640 2790 2806 2830 vacua
2838 2791 2938 2829 vox
2969 2775 3062 2830 sed
3096 2784 3288 2829 natura
3321 2790 3418 2830 ve-

1839 2865 2036 2920 ritatis.
2071 2865 2190 2919 Non
2227 2881 2399 2921 vanus
2429 2881 2631 2929 sermo,
2655 2866 2750 2920 sed
2778 2881 2939 2920 verus
2982 2865 3145 2920 Deus.
3177 2866 3294 2922 Non
3325 2869 3419 2937 qui

1841 2956 2062 3020 dicitur,
2093 2957 2186 3011 sed
2211 2956 2258 3010 is
2290 2957 2488 3025 quiest
2517 2975 2532 3011 :
2566 2973 2670 3010 non
2694 2971 2760 3009 ex
2796 2956 2882 3010 his
2909 2971 3029 3026 quae
3059 2957 3288 3012 dicimus
3319 2958 3420 3012 lin-

150 3053 269 3108 lem
303 3053 413 3125 (92)
444 3055 904 3123 comprehendere
939 3053 1060 3121 quis
1093 3062 1270 3122 potest
1299 3063 1358 3107 ut
1383 3052 1564 3106 norit?
1600 3051 1739 3106 Sunt
1763 3048 1810 3112 C
1839 3046 2003 3114 gitur,
2054 3047 2149 3101 sed
2187 3047 2331 3117 quod
2359 3055 2443 3101 est
2470 3048 2804 3116 agnoscitur.
2854 3046 3013 3100 Pater
3055 3047 3198 3100 enim
3241 3061 3419 3119 neque

160 3147 349 3216 itaque
386 3147 631 3217 quasdam
666 3145 824 3199 nobis
853 3144 1100 3210 dicenda,
1136 3154 1260 3198 sunt
1306 3153 1361 3198 et
1383 3145 1643 3214 quaedam.
1665 3142 1741 3197 si-

155 3241 329 3297 lentio
359 3241 600 3296 colenda.
643 3239 782 3294 Sunt
819 3237 1062 3308 quaedam
1094 3237 1149 3290 in
1179 3237 1422 3305 cogitatu
1452 3235 1736 3301 movenda,

159 3341 290 3390 sunt
327 3331 568 3401 quaedam
590 3339 644 3386 et
668 3331 1015 3384 veneratione
1047 3343 1154 3384 non
1185 3329 1470 3384 movenda.
1509 3327 1646 3382 Sunt
1670 3326 1738 3382 de

159 3425 355 3493 quibus
399 3423 653 3477 convenit
698 3421 813 3491 sapi
856 3439 869 3474 :
914 3430 1039 3474 sunt
1086 3427 1141 3473 et
1186 3420 1251 3474 de
1294 3419 1489 3488 quibus
1527 3429 1739 3490 oportet

159 3515 367 3585 paveri.
392 3512 533 3568 Sunt
569 3529 688 3583 qua:
709 3521 935 3580 possunt
973 3511 1155 3579 lingua
1181 3511 1530 3580 interpretari
1563 3529 1576 3564 :
1613 3520 1738 3565 sunt

159 3617 216 3660 et
254 3620 371 3674 qua:
397 3607 624 3674 possunt
659 3603 910 3674 religiose
950 3603 1138 3656 taceri.
1178 3601 1353 3655 Dicito
1391 3615 1547 3666 sane,
1586 3601 1738 3656 Unus

162 3698 306 3753 Deus
331 3712 358 3747 a
389 3712 496 3765 quo
544 3705 670 3750 sunt
701 3695 899 3758 omnia,
932 3704 985 3748 et
1029 3693 1204 3746 nullus
1230 3693 1425 3763 poterit
1449 3693 1737 3762 reprehen-

161 3792 309 3844 dere.
338 3787 404 3842 Si'
423 3797 600 3842 autem
623 3795 675 3839 et
700 3784 1102 3854 reprehenderit
1124 3785 1262 3853 quis,
1292 3800 1396 3838 non
1424 3794 1473 3837 te
1496 3784 1586 3838 sed
1612 3798 1734 3837 eum

150 3879 256 3950 qui
284 3879 520 3948 scripsit.
554 3877 611 3931 Si
653 3889 831 3931 autem
861 3889 915 3932 et
953 3876 1176 3930 Paulum
1202 3875 1292 3944 qui
1327 3876 1544 3943 scripsit
1574 3873 1736 3926 audet

161 3973 286 4041 quis
312 3971 728 4042 reprehendere,
757 3986 864 4023 non
896 3969 1140 4034 Paulum,
1173 3968 1267 4023 sed
1305 3983 1427 4021 eum
1459 3967 1549 4035 qui
1587 3980 1732 4020 sem-

161 4076 259 4132 per
293 4061 346 4114 in
377 4075 500 4114 eum
541 4057 656 4128 (9‘5)
693 4062 901 4113 locutus
946 4069 1030 4114 est
1065 4058 1316 4113 Christus
1362 4055 1729 4125 reprehendit.

163 4153 222 4207 Si
246 4160 424 4204 autem
447 4149 648 4204 Christi
679 4150 841 4204 verba
874 4149 1269 4218 reprehendere
1293 4144 1416 4214 quis
1437 4144 1599 4198 fuerit
1635 4160 1734 4196 au-

159 4258 276 4308 sus,
305 4243 419 4312 ipse
445 4243 580 4295 dixit
609 4242 858 4296 Christus
906 4259 921 4294 :
955 4240 1084 4305 Qua:
1133 4255 1225 4308 ego
1260 4238 1448 4308 loquor
1479 4252 1582 4289 non
1609 4242 1730 4288 sunt

156 4352 296 4401 mea,
336 4336 426 4390 sed
451 4333 614 4388 Pater
643 4335 730 4404 qui
752 4334 890 4386 misit
925 4349 1028 4397 me,
1056 4333 1165 4401 ipse
1194 4331 1427 4401 loquitur
1451 4345 1643 4397 perime
1661 4328 1728 4380 9‘.

163 4425 372 4482 Etenim
410 4440 584 4493 neque
624 4424 850 4493 gentiles
883 4438 1088 4487 sumus,
1132 4437 1307 4491 neque
1329 4419 1522 4486 Judzei,
1559 4434 1733 4488 neque

162 4519 424 4575 haeretici.
465 4518 706 4573 Gentiles
737 4518 878 4572 enim
911 4532 1016 4570 non
1055 4531 1260 4582 sumus,
1303 4515 1431 4583 quia
1464 4527 1569 4568 non
1599 4513 1734 4567 dici-

165 4627 281 4666 mus
305 4612 454 4665 deos.
483 4609 649 4664 Judaei
677 4624 781 4663 non
807 4623 1012 4672 sumus,
1037 4607 1160 4675 quia
1188 4617 1242 4661 et
1261 4605 1536 4662 Christum
1563 4606 1731 4659 Deum

163 4699 500 4754 conﬁtemur.
553 4696 802 4752 Haeretici
837 4707 1018 4750 autem
1051 4697 1170 4750 ideo
1210 4712 1314 4750 non
1361 4709 1569 4759 sumus,
1606 4695 1731 4763 quia

162 4790 486 4844 conﬁtemur
515 4789 674 4842 istum
716 4802 835 4842 esse
863 4786 954 4856 qui
999 4785 1166 4850 venit,
1197 4799 1358 4853 quem
1392 4783 1730 4852 praeveniens

168 4882 328 4935 Vetus
358 4879 762 4934 Testamentum
806 4893 900 4949 per
930 4881 1219 4947 prophetas
1262 4876 1575 4944 praedicavit
1604 4889 1733 4927 ven-

165 4981 363 5026 turum.
407 4969 464 5024 Si
497 4970 618 5038 quis
647 4969 789 5022 enim
825 4967 1058 5022 noluerit
1096 4967 1265 5030 litem,
1319 4980 1453 5034 opus
1487 4980 1592 5018 non
1631 4969 1730 5019 ha-

166 5065 272 5119 bet.
315 5061 414 5118 Est
441 5063 686 5131 qumdam
745 5060 1006 5116 dubitatio
1066 5054 1206 5114 inter
1257 5058 1452 5113 fratres
1500 5077 1514 5112 :
1559 5058 1734 5128 primo

166 5170 284 5209 cum
321 5154 587 5208 charitate
618 5163 914 5222 quaeratur,
941 5161 1001 5204 ut
1024 5152 1164 5205 inter
1197 5150 1411 5205 fratres.
1444 5148 1558 5202 Non
1588 5149 1732 5203 enim

168 5245 519 5301 dissensionis
564 5254 647 5300 est
684 5245 824 5299 Deus
867 5254 963 5298 aut
1012 5244 1128 5311 irae,
1164 5245 1254 5298 sed
1297 5242 1446 5311 pacis
1475 5243 1522 5274 θ’
1558 5260 1572 5296 :
1605 5241 1734 5311 quia

234 5433 276 5464 ⁸⁷
302 5431 407 5487 lsa.
433 5447 553 5498 LIII,
579 5433 635 5488 8.
710 5431 757 5464 ⁸⁸
789 5429 808 5484 l
832 5431 956 5486 Cor.
983 5444 1102 5498 vni,
1125 5439 1178 5485 υ.
1254 5428 1297 5462 ⁸⁸
1328 5428 1520 5484 Matth.
1549 5444 1630 5495 x1,
1655 5427 1744 5484 27.

1845 5430 1865 5461 ⁰
1898 5427 2026 5483 ibid.

236 5548 343 5620 (9‘2)
380 5545 751 5620 Principalem,
779 5547 1101 5620 dpxé-currov.

237 5617 346 5691 (95)
376 5619 442 5672 In
456 5636 596 5683 eum,
630 5634 730 5691 pro
751 5617 912 5691 ineo.
950 5619 991 5671 ll
1016 5619 1142 5691 Cor.
1171 5632 1290 5691 xlii,
1317 5617 1379 5670 ιε
1401 5617 1729 5691 _{i_n_expe_ri-

165 5686 392 5773 utentum
420 5691 657 5759 quwritis
685 5690 796 5759 ejus
831 5690 917 5760 qui
945 5691 998 5745 in
1021 5705 1100 5746 me
1125 5688 1356 5759 loquitur
1389 5686 1665 5743 Christus?

1839 3160 1906 3199 ex
1935 3145 2062 3209 alio,
2085 3159 2260 3215 neque
2285 3159 2380 3214 per
2419 3145 2605 3212 alium,
2638 3160 2813 3216 neque
2849 3145 3016 3210 aliud,
3049 3148 3142 3201 sed
3185 3147 3306 3216 ipse
3332 3153 3420 3201 est

1839 3239 2057 3304 quiest.
2097 3237 2260 3294 Forte
2290 3239 2436 3294 enim
2485 3249 2540 3295 et
2565 3255 2631 3294 ex
2669 3239 2960 3308 semetipso
2991 3246 3046 3294 et
3085 3253 3181 3308 per
3211 3246 3419 3293 semet-

1839 3329 2052 3398 ipsum;
2077 3330 2233 3387 nobis
2261 3332 2658 3402 quodammodo
2690 3333 3021 3388 conveniens
3045 3340 3130 3387 est
3157 3346 3338 3387 sermo
3359 3341 3420 3386 ut

1839 3419 2072 3478 dicatur.
2113 3420 2353 3477 Necdum
2411 3432 2591 3479 tamen
2634 3422 2726 3478 illa
2772 3423 3161 3491 interpretatur
3200 3433 3415 3476 natura.

1837 3508 1948 3565 Nos
1966 3510 2112 3564 enim
2135 3519 2192 3564 ut
2216 3526 2324 3565 non
2357 3521 2628 3567 taceamus
2651 3513 2772 3568 ideo
2797 3512 3047 3567 dicimus.
3075 3511 3212 3579 Quid
3233 3522 3417 3568 autem

1836 3607 1920 3654 est
1947 3598 2090 3654 Deus
2127 3614 2236 3653 non
2269 3599 2690 3669 interpretamur
2717 3617 2732 3654 :
2767 3598 2896 3668 quid
2923 3597 3068 3652 enim
3111 3598 3304 3652 borum
3333 3599 3417 3650 in-

1840 3690 2159 3759 terpretatio
2193 3699 2276 3744 est
2310 3689 2429 3756 Dei,
2465 3691 2582 3745 sine
2613 3690 2791 3755 initio,
2831 3704 2938 3742 non
2974 3697 3155 3750 natus,
3191 3688 3416 3740 immor-

1840 3782 1984 3850 talis,
2019 3784 2385 3851 incorruptus,
2413 3781 2790 3846 immutabilis,
2824 3779 3136 3845 immobilis,
3169 3779 3414 3832 inacces-

1836 3873 2030 3940 sibilis,
2064 3873 2468 3938 inenarrabilis,
2517 3870 3119 3942 incomprehensibilis?
3153 3869 3258 3923 Per
3298 3868 3415 3922 haec

1835 3981 1965 4036 ergo
1993 3968 2172 4021 omnia
2225 3981 2334 4021 non
2362 3976 2444 4021 est
2471 3966 2678 4020 dictum
2726 3965 2854 4034 quid
2889 3973 2992 4029 est,
3019 3963 3112 4018 sed
3140 3960 3268 4031 quid
3304 3974 3412 4014 non

1834 4069 1920 4114 est
1961 4075 1978 4114 :
2019 4059 2167 4114 velut
2215 4059 2262 4114 si
2285 4060 2410 4128 quis
2437 4056 2790 4128 interpretari
2821 4071 2930 4111 non
2964 4053 3233 4109 sufﬁciens
3267 4051 3412 4122 quod

1832 4159 1921 4204 est
1960 4149 2163 4216 lumen,
2214 4149 2360 4203 dicat
2387 4150 2532 4217 quod
2562 4163 2668 4202 non
2703 4157 2786 4202 est
2820 4147 3188 4200 tenebrosum.
3223 4143 3414 4196 Dicere

1833 4252 2015 4297 autem
2041 4241 2184 4311 quod
2209 4241 2548 4295 tenebrosum
2580 4254 2686 4293 non
2704 4246 2807 4305 est,
2845 4251 2949 4290 non
2984 4234 3156 4288 solum
3189 4247 3291 4285 non
3316 4246 3413 4284 ex-

1837 4334 2013 4388 hibuit
2036 4344 2287 4388 naturam
2320 4331 2560 4396 luminis,
2595 4332 2688 4385 sed
2718 4338 2773 4383 et.
2801 4329 2971 4396 magis
3005 4327 3240 4394 ipsarum
3268 4331 3412 4374 tene-

1835 4425 2055 4479 brarum
2094 4432 2344 4477 naturam
2377 4422 2616 4491 negavit.
2660 4417 2987 4474 immortalis
3014 4415 3158 4468 enim
3189 4412 3407 4478 dicitur,

1833 4517 1959 4584 quia
1991 4530 2097 4569 non
2120 4515 2404 4580 morietur,
2438 4524 2492 4569 et
2517 4515 2860 4578 incorruptus
2890 4509 3015 4578 quia
3045 4522 3148 4561 non
3172 4520 3412 4560 corrum-

1834 4607 1997 4674 pitur.
2026 4603 2145 4659 Non
2188 4616 2366 4670 natus,
2409 4604 2501 4672 qui
2525 4601 2737 4657 initium
2771 4614 2877 4654 non
2907 4597 3088 4652 habet.
3125 4594 3249 4649 Haec
3286 4607 3408 4647 om-

1833 4697 1920 4750 nia
1950 4711 2056 4750 non
2087 4693 2218 4765 quid
2251 4703 2333 4748 est
2371 4693 2512 4748 Deus
2543 4692 2696 4756 dicit,
2744 4690 2840 4745 sed
2888 4687 3016 4758 quid
3048 4695 3282 4744 nonest.
3327 4682 3407 4740 Ita

1833 4803 1932 4858 per
1963 4801 2028 4841 ea
2060 4802 2181 4856 qua:
2213 4787 2444 4842 dicimus
2482 4786 2602 4840 sine
2633 4781 3081 4852 interpretatione
3120 4793 3242 4832 eum
3272 4792 3408 4832 con-

1828 4880 2065 4936 ﬁtemur.
2100 4879 2161 4934 Si
2195 4879 2490 4934 dixerimus
2519 4890 2640 4932 eum
2667 4876 2872 4930 fontem
2908 4872 3178 4935 veritatis,
3214 4884 3409 4925 nomen

1829 4971 2112 5025 veritatem
2135 4985 2243 5025 non
2269 4968 2508 5023 exhibet.
2552 4965 2658 5021 Sed
2684 4967 2809 5035 quia
2836 4980 2944 5018 non
2968 4963 3229 5017 habemus
3265 4958 3409 5027 quod

1828 5063 2096 5129 dicamus,
2139 5076 2208 5117 ex
2262 5062 2348 5116 his
2393 5076 2514 5130 qua:
2562 5061 2826 5114 habemus
2865 5056 3134 5119 dicamus,
3180 5051 3408 5104 mutuati

1830 5152 2022 5206 alienis
2054 5151 2364 5206 nominibus
2401 5150 2514 5222 (95)
2549 5152 2750 5205 utimur
2785 5164 2799 5199 :
2842 5145 2963 5200 fons
2985 5145 3128 5198 enim
3156 5141 3398 5208 agnosci~

1833 5253 1921 5297 tur
1959 5242 2100 5297 unde
2131 5251 2236 5308 est,
2266 5241 2408 5296 Deus
2437 5251 2616 5295 autem
2652 5253 2760 5294 non
2797 5236 2960 5293 habet
2989 5234 3162 5298 unde;
3195 5241 3250 5284 et
3288 5229 3410 5283 fons

2103 5426 2146 5458 ⁹¹
2170 5425 2327 5482 Joan.
2353 5440 2454 5492 xu,
2480 5425 2570 5480 49.
2644 5425 2690 5456 ⁸⁸
2714 5424 2735 5476 Ι
2759 5421 2886 5478 Cor.
2927 5435 3040 5484 xiv,
3065 5419 3157 5474 '53.

1903 5543 2015 5616 (94)
2267 5541 2428 5616 Pater
2451 5551 2547 5616 est,
2579 5550 2634 5616 ut
2655 5540 2807 5616 dicis.

1903 5544 1992 5616 (94
2044 5543 2141 5599 Ms.
2166 5543 2235 5596 Et
2267 5543 2428 5596 Pater
2451 5551 2547 5602 est,
2579 5550 2634 5592 ut
2655 5543 2807 5593 dicis.

1903 5543 2015 5688 (95;
2047 5614 2144 5673 Ms.
2176 5613 2438 5670 Mutuatis
2465 5612 2650 5667 alienis
2677 5606 2993 5665 nominibus.
