3810 6218
461 301 478 353 Ι
489 300 596 355 063

1160 293 1425 348 EUSEBII
1463 291 1933 348 CZESARIENSIS
1968 294 2120 351 OPP.
2163 292 2344 350 PARS
2380 293 2472 352 ιν.
2513 325 2582 335 --
2616 291 3045 349 DOGMATICA.

3593 290 3730 346 1064

452 425 666 471 meatus
689 426 852 482 supra
883 417 1090 466 meatus
1113 410 1362 474 eﬁ'undit,
1391 411 1529 466 Deus
1553 421 1732 465 autem
1757 413 1808 464 in
1833 411 2106 481 eoipsoA
2131 428 2292 481 quem
2333 421 2459 467 sunt
2501 420 2716 467 cuncta.
2760 411 2874 465 Non
2903 420 2985 466 est
3013 427 3175 465 unum
3213 427 3279 466 ex
3327 409 3618 474 omnibus,
3642 415 3726 466 sed

449 508 594 577 quod
626 515 710 560 est
744 512 967 558 manet:
1004 518 1177 563 neque
1201 504 1344 557 enim
1381 519 1481 557 vox
1506 504 1838 558 conveniens
1872 506 2028 559 inve-

449 601 620 665 nitur,
651 610 823 664 neque
868 595 1206 664 comparatio
1251 596 1573 662 perveniens
1604 595 1670 649 ad
1702 595 1848 648 illam
1874 607 2033 650 natu-

451 705 568 744 ram
593 705 610 744 :
641 688 734 744 sed
758 699 817 741 ut
839 703 944 741 non
971 697 1245 740 taceamus
1267 685 1581 754 colligentes
1602 702 1721 757 qua:
1737 687 2030 752 habemus;

448 798 572 835 cum
604 791 783 835 autem
817 780 1000 833 otnnia
1029 779 1346 842 dixerimus,
1386 790 1516 834 tunc
1549 779 1877 834 conﬁtemur
1906 781 2032 848 quia

444 890 568 945 qua:
593 874 831 929 dicimus
883 873 1016 926 nihil
1066 870 1322 926 diﬂ‘erunt
1359 886 1390 925 a
1433 873 1825 927 taciturnitate.
1871 873 2035 928 Pater

445 983 517 1020 es
545 980 611 1021 eo
662 965 980 1035 agnoscitur
1021 964 1192 1036 ﬁgura
1223 965 1367 1034 quod
1401 973 1484 1019 est
1525 980 1630 1020 non
1660 975 1838 1020 natus.
1882 964 2036 1021 Unus

445 1059 591 1114 enim
615 1068 698 1112 est
729 1058 864 1126 ipse,
897 1058 988 1126 qui
1021 1073 1126 1111 non
1150 1066 1234 1111 est
1269 1058 1336 1110 ab
1367 1056 1474 1111 alio
1520 1075 1533 1110 :
1569 1074 1709 1112 unus
1745 1067 1830 1113 est
1851 1061 1943 1128 qui
1965 1075 2035 1114 ex

445 1165 511 1203 eo
537 1150 680 1219 quod
708 1165 814 1203 non
839 1160 994 1203 natus
1022 1159 1107 1202 est
1128 1149 1460 1218 agnoscitur.
1489 1147 1604 1202 Non
1638 1148 1806 1204 frater
1827 1150 1898 1215 ei,
1928 1165 2035 1204 non

447 1241 611 1297 Pater
639 1241 844 1307 Patris,
894 1243 988 1296 sed
1042 1241 1336 1309 singularis
1388 1250 1580 1294 natura
1629 1251 1756 1295 est:
1805 1242 1942 1296 etin
1971 1257 2034 1297 ea

448 1335 594 1405 quod
632 1350 735 1389 non
772 1344 933 1388 natus
970 1343 1072 1399 est,
1100 1348 1228 1386 vere
1254 1332 1402 1387 solus
1435 1335 1765 1399 ostrnditur,
1800 1350 1907 1388 non
1937 1350 2035 1388 na-

450 1441 540 1484 tus
578 1428 738 1482 Pater
772 1446 785 1481 :
836 1428 903 1481 ab
957 1427 1057 1481 hoc
1099 1440 1230 1481 sane
1265 1443 1371 1480 non
1421 1437 1552 1482 nato
1595 1438 1849 1481 manente
1889 1427 2037 1496 quod

450 1531 536 1576 est
587 1519 875 1583 indivisus,
930 1518 1217 1585 inscissus,
1271 1520 1605 1588 impartitus,
1666 1520 2034 1588 impassibilis,

449 1613 766 1683 unigenitus
803 1622 892 1667 est
921 1609 1090 1666 Filius
1122 1622 1280 1666 natus
1311 1629 1325 1665 τ
1355 1627 1528 1681 neque
1549 1611 1688 1666 alius
1708 1623 1789 1667 est
1814 1628 1919 1668 non
1950 1628 2039 1666 na-

451 1715 560 1770 tus,
611 1721 786 1776 neque
823 1705 959 1758 alius
1011 1705 1357 1774 unigenitus;
1413 1708 1506 1759 sed
1548 1722 1688 1760 unus
1731 1721 1836 1760 non
1883 1717 2038 1762 natus

449 1797 634 1864 Pater,
668 1808 724 1852 et
756 1813 896 1852 unus
923 1797 1235 1866 unigenitus
1251 1797 1440 1852 Filius.
1474 1798 1594 1851 Haec
1620 1815 1723 1851 non
1749 1815 1844 1853 nos
1877 1801 2039 1853 extol.

452 1889 588 1955 lunt,
637 1888 896 1942 memoria
931 1887 1076 1941 illius
1125 1889 1264 1942 beati
1301 1890 1423 1942 viri.
1462 1889 1678 1943 Utinam
1734 1902 1911 1944 autem
1966 1892 2038 1945 ita

451 1979 654 2046 possim
686 1979 885 2043 dicere,
910 1988 972 2032 ut
1001 1979 1278 2032 vobiscum
1307 1994 1520 2048 semper
1541 1982 1609 2032 ab
1637 1981 1827 2034 eodem
1855 1981 2040 2036 audie-

451 2068 594 2120 bam.
643 2067 747 2122 Sed
795 2083 858 2122 ea
886 2085 1004 2139 quae
1043 2085 1185 2123 nunc
1213 2071 1492 2134 dicuntur,
1530 2071 1604 2124 illi
1638 2072 1834 2140 placita
1873 2073 2039 2128 fuisse

452 2160 726 2214 videntur.
771 2159 953 2214 Gloria
994 2162 1138 2214 enim
1164 2173 1248 2218 est
1273 2163 1565 2232 proborum
1597 2179 1878 2218 servorum
1908 2181 2035 2220 vera

450 2251 518 2304 de
548 2238 773 2305 Domino
799 2250 980 2306 dicere
1005 2269 1020 2304 :
1051 2260 1108 2306 et
1137 2252 1310 2306 honor
1331 2268 1519 2306 eorum
1547 2265 1759 2323 patrum
1784 2256 1874 2323 qui
1900 2254 2038 2309 bene

452 2342 776 2408 docuerunt,
801 2344 845 2398 si
881 2354 1198 2412 repetantur
1227 2361 1415 2399 eorum
1451 2347 1728 2401 doctrinae.
1758 2347 1909 2402 Unus
1932 2348 2034 2418 igi-

451 2444 544 2488 tur
583 2444 667 2490 est
700 2451 808 2490 non
839 2447 1000 2489 natus
1025 2437 1167 2491 Deus
1205 2455 1218 2492 :
1259 2453 1414 2491 serva
1448 2437 1557 2508 (96)
1591 2455 1694 2492 non
1722 2449 1882 2494 natus
1907 2455 2032 2494 cum

455 2527 638 2596 Patre,
673 2538 728 2583 et
760 2543 865 2583 non
891 2530 1115 2585 habebis
1141 2531 1195 2584 in
1227 2532 1408 2586 anima
1433 2531 1801 2586 confusionem
1833 2550 1846 2585 :
1872 2547 2032 2587 serva

455 2619 766 2690 unigenitus
803 2634 924 2673 cum
955 2619 1108 2686 Filio,
1136 2629 1188 2674 et
1215 2635 1321 2674 non
1351 2621 1674 2686 turbaberis,
1728 2635 1900 2689 neque
1918 2621 2032 2690 jam

453 2715 565 2768 eris
588 2712 828 2768 incertus
867 2714 1320 2782 quemadmodum
1353 2713 1492 2768 Deus
1540 2723 1594 2766 et
1627 2711 1789 2780 Deus,
1825 2725 1880 2768 et
1923 2730 2032 2770 non

460 2801 577 2858 Dei.
617 2802 755 2870 Quia
809 2804 956 2858 enim
994 2803 1195 2858 retines
1218 2818 1358 2858 unus
1394 2803 1535 2857 Deus
1578 2819 1683 2856 non
1740 2815 1922 2870 natus,
1961 2790 2033 2861 ἐι

456 2907 594 2946 unus
624 2894 763 2947 Deus
790 2893 1139 2962 unigenitus;
1170 2894 1288 2948 ideo
1313 2909 1417 2948 non
1443 2895 1538 2959 dii,
1563 2895 1687 2964 quia
1718 2912 1896 2966 neque
1923 2913 2028 2952 non

456 2985 597 3048 nati,
631 2999 803 3054 neque
843 2986 1102 3054 unigeniti
1138 3003 1152 3038 :
1193 3000 1351 3040 serva
1399 2986 1627 3055 ﬁguram
1665 3002 1767 3040 non
1801 2988 1930 3051 nati,
1975 2999 2031 3044 et

2134 521 2229 574 per
2248 520 2410 574 quem
2435 514 2565 559 sunt
2607 505 2791 559 omnia
2821 523 2834 558 :
2871 505 2986 573 ipse
3008 519 3037 556 a
3063 503 3224 558 Patre
3270 503 3445 558 habet
3473 506 3626 572 quod
3655 516 3729 558 est

2134 597 2306 652 hatres
2341 615 2356 652 :
2387 612 2491 650 non
2520 607 2603 651 est
2636 613 2701 651 ex
2735 599 3071 652 haereditate.
3097 597 3404 652 Consessor
3428 611 3545 650 non
3565 608 3647 650 est
3668 613 3728 650 ex

2133 689 2342 760 angelis
2373 689 2464 758 qui
2499 689 2738 755 adstant,
2789 704 2964 757 neque
3003 705 3070 745 ex
3112 689 3463 760 archangelis
3504 707 3522 742 :
3576 689 3731 754 iudex

2134 783 2375 837 omnium
2405 798 2509 836 non
2534 792 2619 838 est
2652 799 2791 839 unus
2820 799 2886 839 ex
2918 784 3000 838 his
3040 783 3130 852 qui
3165 783 3512 851 jndicantur.
3551 781 3630 834 Ne
3660 792 3733 833 at-

2137 878 2324 934 trahas
2363 890 2613 934 naturam
2653 895 2777 951 quze
2821 896 2926 934 non
2960 881 3192 942 accedit,
3241 894 3420 947 neque
3459 880 3731 946 pervenit.

2137 969 2306 1036 Quem
2333 987 2399 1025 ex
2440 972 2542 1026 hoc
2576 971 2834 1026 debemus
2861 987 3058 1037 nosse;
3098 971 3226 1040 quia
3258 971 3648 1038 unusquisque
3671 985 3733 1022 ex

2140 1063 2224 1116 his
2266 1078 2386 1132 quae
2429 1065 2580 1128 dicit,
2644 1075 2737 1119 ant
2793 1065 3113 1135 sibimetipsi
3156 1065 3378 1133 prodest
3418 1074 3520 1118 aut
3571 1062 3732 1115 laedit.

2138 1153 2246 1208 Res
2287 1156 2430 1210 enim
2461 1173 2525 1211 ex
2562 1157 2764 1212 nostris
2815 1158 3153 1212 sermonibus
3194 1172 3299 1210 non
3342 1154 3732 1209 transferetur.

2138 1245 2272 1312 Quia
2303 1248 2464 1317 igitur
2500 1246 2669 1304 Judaei
2702 1263 2805 1302 non
2851 1247 3176 1302 conﬁtentur
3207 1247 3427 1309 Filium,
3467 1261 3585 1300 non
3617 1245 3735 1298 ideo

2140 1357 2246 1394 non
2271 1351 2354 1394 est
2381 1339 2568 1395 Filius.
2605 1339 2873 1394 Judicabit
2911 1341 3055 1396 enim
3079 1353 3173 1394 eos
3197 1339 3289 1409 qui
3319 1355 3428 1392 non
3462 1338 3730 1393 conﬁteri.

2142 1442 2230 1486 tur
2253 1447 2377 1486 enm
2411 1450 2426 1486 :
2455 1431 2580 1500 quia
2615 1433 2830 1500 quidem
2873 1446 3071 1485 nurum
3098 1429 3238 1484 istud
3267 1429 3627 1498 sacrilegium
3653 1428 3735 1480 in-

2143 1526 2794 1588 troduxeruntdicentes,
2839 1525 3091 1580 eumdem
3136 1525 3308 1592 ipsum
3339 1537 3464 1577 esse
3511 1522 3733 1575 Patrem

2143 1633 2300 1686 quem
2327 1629 2381 1673 et
2409 1618 2605 1672 Filium
2641 1636 2656 1672 :
2697 1633 2872 1683 neque
2901 1616 3115 1672 Patrem
3140 1616 3354 1670 Patrem
3391 1617 3603 1678 dicent,
3645 1631 3736 1668 ne-

2144 1722 2249 1777 que
2271 1708 2464 1762 Filium
2495 1707 2694 1762 Filiutn
2721 1727 2734 1762 :
2774 1708 2866 1760 sed
2897 1707 3194 1761 secundum
3224 1708 3466 1775 ipsorum
3501 1706 3734 1760 sacrile-

2141 1801 2284 1869 gium
2310 1799 2440 1853 nihil
2464 1814 2704 1866 prorsus.
2731 1798 2787 1853 Si
2804 1799 2948 1851 enim
2973 1798 3133 1852 Pater
3155 1813 3259 1851 non
3284 1809 3369 1852 est
3393 1797 3582 1862 Pater,
3609 1799 3733 1866 quia

2142 1891 2256 1959 ipse
2284 1898 2368 1944 est
2399 1901 2452 1944 et
2477 1887 2665 1952 Filius,
2712 1898 2770 1942 ut
2814 1889 2911 1956 ipsi
2943 1888 3290 1957 ﬂagitantur;
3334 1898 3388 1940 et
3422 1885 3598 1940 Filius
3629 1902 3731 1939 non

2139 1981 2332 2046 Filius,
2355 1982 2481 2050 quia
2510 1982 2622 2050 ipse
2653 1991 2736 2034 est
2763 1979 2924 2033 Pater
2954 1998 2966 2032 :
2997 1994 3163 2048 prope
3190 1987 3273 2032 est
3317 1988 3376 2030 ut
3406 1979 3600 2032 dicant
3642 1991 3730 2031 ne-

2137 2089 2244 2144 que
2273 2073 2488 2128 Patrem
2513 2088 2658 2135 esse,
2692 2087 2866 2140 neque
2897 2069 3092 2124 Filium
3127 2087 3141 2124 :
3173 2077 3230 2123 ut
3262 2084 3430 2122 unum
3460 2067 3616 2123 enim
3653 2068 3730 2121 fa-

2135 2168 2280 2222 ciunt
2313 2167 2455 2235 quod
2485 2182 2590 2220 non
2629 2164 2704 2218 ﬁt.
2743 2163 2876 2230 Quis
2901 2165 3044 2217 enim
3084 2161 3283 2231 poterit
3307 2160 3501 2214 audire
3555 2160 3728 2228 ipsum

2137 2275 2196 2315 se
2217 2259 2321 2314 sibi
2353 2274 2474 2314 esse
2519 2257 2776 2312 Patrem?
2815 2257 2936 2326 quis
2987 2257 3185 2326 poterit
3218 2254 3434 2308 Patrem
3465 2254 3651 2321 ipsum
3680 2268 3732 2306 se

2136 2353 2240 2408 sibi
2276 2367 2397 2407 esse
2445 2350 2680 2406 Filium?
2731 2349 2788 2404 Si
2838 2349 2984 2403 enim
3037 2348 3257 2402 voluero
3293 2356 3508 2400 mutare
3546 2361 3730 2400 vocem

2135 2461 2333 2508 meam,
2370 2461 2474 2498 non
2506 2453 2744 2498 mutatur
2768 2451 3006 2496 vestrum
3035 2440 3387 2510 propositum.
3419 2439 3614 2493 Nonne
3640 2453 3730 2507 pu-

2137 2541 2263 2593 tatis
2289 2553 2372 2590 tne
2408 2537 2582 2590 aliena
2626 2535 2810 2604 loqui?
2837 2534 3027 2588 Dicam
3058 2548 3189 2604 ergo
3211 2532 3372 2586 Pater
3405 2547 3515 2584 non
3545 2529 3728 2593 Pater,

2134 2638 2191 2683 et
2218 2627 2390 2682 Filius
2431 2642 2535 2680 non
2564 2623 2752 2678 Filius.
2793 2622 2927 2677 Nam
2955 2633 3009 2677 et
3045 2623 3091 2676 si
3115 2624 3326 2686 dixero,
3363 2625 3480 2690 ipse
3509 2621 3616 2674 sibi
3653 2631 3731 2674 est

2133 2720 2314 2784 Pater,
2344 2729 2397 2772 et
2421 2720 2534 2788 ipse
2552 2719 2653 2772 sibi
2679 2727 2761 2771 est
2793 2717 2994 2780 Filius;
3023 2730 3202 2770 nonne
3230 2714 3511 2769 insaniam
3542 2717 3727 2768 statim

2132 2812 2440 2883 signiﬁcant
2464 2826 2744 2866 sermones
2783 2809 2925 2863 mei?
2959 2808 3052 2862 sed
3084 2823 3170 2862 me
3211 2823 3316 2860 non
3355 2817 3572 2860 tantum
3613 2823 3727 2860 mo-

2133 2913 2298 2960 veant
2329 2903 2612 2956 adversum
2659 2917 2755 2956 eos
2783 2901 2874 2969 qui
2902 2899 3176 2960 dixerunt,
3231 2905 3498 2965 quantum
3551 2909 3726 2952 movet

2131 3003 2184 3047 et
2214 2992 2476 3047 adversus
2506 3005 2602 3046 eos
2633 2991 2726 3059 qui
2779 2988 3059 3058 patiuntur
3101 3004 3114 3038 :
3143 2987 3552 3042 calumniantur
3584 2990 3727 3042 enim

453 3075 714 3132 conﬁtere
744 3077 970 3148 ﬁguram
999 3078 1289 3148 unigeniti,
1340 3088 1396 3132 et
1433 3079 1574 3132 nulla
1625 3079 1836 3135 turbela
1861 3091 1943 3135 est
1973 3082 2027 3136 in
2058 3111 2101 3169 ο
2135 3083 2204 3136 ab
2249 3082 2440 3136 iisdem
2491 3089 2546 3134 et
2596 3078 2908 3148 Scriptum.
2967 3074 3080 3145 Ego
3121 3092 3140 3128 :
3171 3085 3294 3130 tene
3321 3075 3456 3145 Ego,
3492 3085 3551 3129 et
3576 3091 3726 3130 serva

458 3169 660 3234 medio,
695 3185 800 3224 non
828 3170 915 3234 lis,
950 3184 1056 3224 non
1101 3173 1400 3238 contentio,
1431 3188 1538 3227 non
1565 3174 1822 3243 jurginm.
1871 3172 2034 3228 Pater

460 3273 568 3312 non
595 3259 698 3314 sibi
729 3261 957 3315 ascribit
1003 3259 1218 3315 Patrem
1261 3277 1276 3319 :
1316 3262 1487 3318 Filius
1513 3279 1652 3318 unus
1679 3265 1782 3319 sibi
1816 3267 2038 3321 ascribit

458 3348 674 3405 Patrem
709 3369 724 3406 :
755 3351 917 3408 Pater
940 3368 968 3407 a
1009 3353 1160 3408 nullo
1189 3364 1295 3420 est,
1330 3353 1498 3410 Filius
1527 3358 1594 3410 ab
1621 3373 1728 3411 uno
1751 3367 1835 3412 est
1855 3358 2035 3414 Patre.

458 3442 574 3498 Non
605 3445 902 3515 suscipiunt
933 3447 1048 3500 haec
1069 3445 1241 3512 litem,
1265 3439 1359 3502 aut
1380 3447 1582 3503 habent
1611 3448 2034 3506 dubitationem:

458 3536 528 3591 Ut
556 3550 873 3609 cognoscant
907 3550 956 3594 te
997 3541 1166 3595 solum
1201 3558 1375 3596 verum
1427 3541 1596 3596 Deum
1621 3542 1668 3574 "
1702 3561 1716 3597 :
1762 3561 1866 3598 non
1910 3546 2038 3615 quia

458 3647 564 3686 non
589 3647 714 3686 vere
735 3641 818 3687 est
846 3632 1151 3702 unigenitns
1176 3632 1347 3689 Filius
1367 3633 1482 3700 Dei,
1515 3637 1610 3691 sed
1634 3637 1759 3707 quia
1781 3651 1810 3690 a
1845 3647 2041 3692 seruet-

455 3723 591 3792 ipso,
621 3733 677 3778 et
718 3739 782 3778 ex
815 3725 1126 3794 semetipso,
1156 3734 1209 3779 et
1251 3739 1346 3794 per
1370 3727 1738 3797 semetipsum,
1777 3728 1824 3781 si
1861 3737 2040 3782 tamen

457 3817 529 3869 ita
558 3817 665 3870 dici
692 3817 848 3871 debet
879 3835 893 3871 :
927 3816 1049 3871 fons
1069 3827 1125 3872 et
1153 3817 1477 3886 principium
1501 3820 1743 3873 omnium
1776 3820 2038 3874 bonorum

455 3917 539 3962 est
577 3906 758 3971 Pater,
790 3909 880 3976 qui
917 3909 1103 3978 genuit
1138 3909 1296 3964 talem
1327 3911 1520 3964 bonam
1571 3911 1900 3981 progeniem.
1934 3910 2041 3964 Bo-

459 4015 560 4052 nus
585 4001 728 4052 enim
766 3999 932 4053 Filius
955 4013 1061 4065 est,
1085 4001 1180 4055 sed
1203 4002 1345 4056 cedit
1374 4003 1670 4056 bonitatem
1701 4019 1801 4057 suo
1836 4005 2041 4073 genito-

457 4090 527 4152 ri,
557 4104 662 4143 non
687 4090 954 4145 mentiens
974 4091 1068 4146 sed
1089 4091 1264 4146 sciens
1285 4093 1427 4148 unde
1448 4103 1549 4146 est.
1581 4092 1710 4147 Sine
1737 4094 2003 4164 principio
2024 4116 2037 4151 :

455 4181 785 4250 principium
817 4192 996 4236 autem
1023 4183 1145 4236 dico
1179 4199 1284 4237 non
1319 4193 1638 4253 temporum,
1674 4201 1778 4238 non
1818 4187 2040 4242 saeculo-

459 4288 576 4327 rum
603 4289 618 4339 ;
656 4273 771 4328 haec
805 4275 950 4328 enim
976 4289 1072 4343 per
1105 4273 1302 4328 Filium
1334 4275 1475 4330 facta
1506 4289 1652 4337 sunt,
1693 4288 1746 4332 et
1782 4294 1886 4331 non
1915 4294 2039 4334 cum

455 4364 596 4420 Filio
659 4375 783 4420 nata
839 4382 853 4418 :
913 4380 1020 4418 non
1086 4373 1296 4418 tantum
1368 4366 1512 4419 enim
1575 4382 1683 4421 non
1753 4376 1880 4424 ante
1948 4368 2040 4423 Fi-

454 4457 586 4512 lium
625 4499 642 4525 ,
693 4467 752 4512 ut
800 4457 846 4511 si
903 4457 1060 4511 aliter
1113 4456 1243 4526 quid
1305 4457 1654 4513 introducere
1713 4474 1834 4512 cum
1896 4459 2034 4514 Filio
2066 4443 2113 4499 D

455 4549 728 4614 volueris,
784 4564 890 4603 non
943 4549 1180 4604 salvahis
1258 4547 1640 4618 unigenitum,
1722 4552 1817 4605 sed
1891 4552 2033 4605 sicut

401 4658 410 4665 ·
454 4641 616 4696 Pater
648 4642 796 4698 solus
844 4656 950 4696 non
999 4651 1158 4696 natus
1203 4651 1310 4708 est,
1356 4651 1412 4696 et
1471 4642 1517 4697 si
1574 4643 1778 4699 dixeris
1831 4641 2028 4699 Filium

454 4748 560 4787 non
616 4743 822 4799 natum,
864 4733 1186 4802 periclitaris
1252 4734 1318 4788 de
1367 4748 1432 4788 eo
1487 4735 1630 4804 quod
1685 4736 1820 4791 dicis
1870 4751 1886 4788 :
1955 4736 2032 4791 ita

456 4826 500 4880 si
557 4825 684 4895 quid
732 4826 1128 4893 computaveris
1161 4842 1284 4880 cum
1337 4825 1634 4896 unigenito,
1666 4829 1793 4897 quid
1846 4827 2032 4898 loque-

455 4919 532 4974 ris
558 4919 795 4988 ignoras.
837 4915 986 4972 Unus
1009 4901 1151 4971 enim
1185 4928 1270 4972 est
1302 4934 1410 4973 non
1443 4928 1623 4986 natus,
1658 4929 1712 4974 et
1744 4921 1852 4976 noli
1880 4936 2030 4991 qua:-

453 5025 577 5064 rere
602 5010 764 5063 alium
819 5024 927 5062 non
983 5020 1166 5062 natum
1207 5028 1220 5065 :
1261 5026 1399 5065 unus
1446 5012 1778 5082 unigenitus,
1821 5022 1878 5068 et
1923 5014 2031 5069 noli

454 5115 697 5170 quaerere
722 5101 885 5155 aliutn
913 5099 1126 5167 Filium,
1158 5116 1224 5155 ne
1257 5103 1619 5172 interrumpas
1644 5105 1976 5174 unigenitum
2013 5124 2027 5159 :

456 5192 762 5262 unigenitus
791 5193 934 5246 enim
971 5207 1077 5247 non
1120 5202 1202 5247 est
1250 5207 1416 5248 unum
1447 5209 1513 5249 ex
1541 5197 1770 5263 cunctis,
1801 5197 1897 5252 sed
1935 5213 2032 5268 per

2138 3173 2574 3243 coniunctionem
2618 3191 2632 3226 :
2671 3170 2783 3240 Ego
2821 3180 2870 3224 et
2917 3169 3080 3222 Pater
3116 3185 3277 3222 unum
3307 3186 3494 3223 sumus
3518 3170 3587 3223 ".
3614 3168 3724 3223 Non

2140 3277 2320 3321 tamen
2367 3279 2471 3320 non
2515 3279 2728 3318 smnus.
2780 3263 3064 3318 Contraria
3107 3263 3255 3316 enim
3314 3263 3725 3330 importunitate

2140 3356 2296 3425 plena
2326 3367 2470 3410 sunt.
2522 3354 2690 3408 Filius
2738 3354 2888 3419 dicit,
2943 3353 3085 3424 Ego;
3122 3354 3210 3408 ille
3239 3353 3388 3417 dicit,
3439 3352 3562 3407 Non
3597 3367 3720 3421 ego:

2139 3447 2309 3502 Filius
2343 3447 2494 3510 dicit,
2523 3455 2578 3500 et
2625 3445 2816 3509 Pater;
2865 3445 2956 3499 ille
2981 3446 3130 3508 dicit,
3173 3459 3278 3498 non
3308 3443 3492 3499 Pater.
3531 3445 3717 3506 Unum,

2143 3539 2337 3608 inquit,
2369 3553 2586 3602 sumus;
2623 3548 2677 3592 et
2703 3537 2792 3591 ille
2825 3546 3038 3600 contra,
3068 3552 3173 3591 non
3209 3552 3416 3593 sumus.
3468 3539 3580 3592 Aut
3603 3538 3719 3608 quid

2141 3631 2402 3700 scriptum
2431 3629 2559 3684 est?
2585 3639 2679 3683 aut
2710 3629 2838 3697 quid
2869 3629 3151 3684 delemus?
3177 3640 3271 3684 aut
3293 3630 3425 3698 quid
3458 3630 3721 3701 legimus?

2141 3732 2234 3776 aut
2263 3724 2392 3792 quid
2421 3722 2796 3792 agnoscimus?
2825 3721 2934 3790 Ego
2969 3722 3023 3775 in
3053 3721 3216 3777 Patre
3261 3733 3314 3776 et
3333 3721 3500 3778 Pater
3541 3725 3594 3776 in
3622 3738 3717 3776 me.

2143 3815 2260 3870 Non
2292 3825 2470 3870 tamen
2498 3815 2622 3884 quia
2657 3829 2829 3883 neque
2856 3830 2978 3884 ego,
3017 3829 3192 3884 neque
3217 3813 3378 3869 Pater
3411 3835 3424 3869 :
3465 3816 3723 3884 quemad-

2143 3908 2360 3962 modum
2403 3917 2584 3961 autem
2632 3905 2792 3960 Pater
2829 3907 2883 3960 in
2935 3905 3094 3970 Filio,
3145 3917 3197 3960 et
3229 3905 3400 3960 Filius
3457 3907 3512 3960 in
3551 3906 3720 3970 Patre,

2143 3998 2377 4052 maxime
2398 3998 2616 4067 quidem
2639 4011 2738 4051 cur
2759 3998 2926 4051 audes
2953 3997 3234 4064 quaerere?
3262 3997 3308 4051 is
3322 3997 3470 4050 enim
3501 3998 3596 4066 qui
3620 3997 3720 4066 (97)

2141 4100 2225 4145 est
2251 4094 2304 4144 in
2335 4103 2400 4144 eo
2429 4089 2520 4158 qui
2569 4098 2670 4152 est,
2725 4103 2828 4142 non
2865 4088 2990 4156 quia
3019 4102 3124 4141 non
3166 4088 3592 4160 εενὰνυπάρχει
3621 4109 3634 4144 :
3663 4108 3722 4144 an

2142 4182 2267 4250 quia
2299 4196 2401 4235 non
2426 4191 2505 4236 est
2539 4180 2700 4235 Pater
2729 4193 2788 4234 ιιι
2819 4182 2890 4234 sit
2933 4183 2984 4234 in
3018 4180 3155 4234 Filio
3175 4181 3526 4252 ἀνυπάρχειῖ
3557 4199 3724 4252 neque

2142 4291 2248 4330 non
2278 4284 2361 4330 est
2389 4275 2556 4329 Filius
2586 4274 2677 4343 qni
2709 4282 2791 4327 est
2826 4275 2876 4326 in
2911 4273 3076 4329 Patre
3103 4273 3399 4344 signiﬁcat.
3446 4276 3721 4344 Siquidem

2143 4375 2199 4421 et
2233 4365 2460 4435 apostoli
2493 4364 2778 4418 duodecim
2808 4380 2974 4417 unum
3005 4373 3152 4427 sunt,
3183 4373 3240 4418 et
3268 4367 3640 4434 septuaginta,
3674 4376 3720 4418 et

2140 4458 2443 4529 quingenti,
2489 4466 2544 4511 et
2595 4466 2705 4510 tota
2744 4455 2982 4510 Ecclesia
3028 4471 3215 4508 unum.
3254 4455 3319 4508 Et
3349 4471 3419 4508 ne
3453 4467 3615 4524 putes
3645 4471 3719 4510 me

2139 4553 2204 4606 ad
2244 4551 2476 4604 humana
2505 4549 2775 4604 deducere
2803 4550 2986 4604 divina
3026 4565 3041 4601 :
3075 4547 3169 4602 sed
3199 4548 3404 4602 utimur
3442 4563 3718 4618 compara-

2140 4643 2382 4698 tionibus
2416 4657 2539 4696 cum
2590 4642 2922 4712 indulgentia
2965 4641 3106 4710 apud
3154 4639 3373 4705 fratres,
3419 4652 3476 4694 et
3511 4650 3717 4695 maneat

2141 4738 2282 4792 Dens
2326 4747 2386 4790 ut
2429 4746 2530 4789 est.
2567 4735 2775 4789 Tamen
2811 4736 2856 4789 si
2910 4732 3212 4788 dixerimus
3264 4733 3712 4800 quemadmodum

2133 4827 2309 4882 omnis
2344 4826 2584 4881 Ecclesia
2618 4841 2738 4894 qua
2787 4827 2989 4894 ubique
3034 4838 3140 4892 est,
3172 4841 3338 4880 unum
3369 4842 3574 4895 corpus
3606 4836 3707 4889 est;

2133 4919 2312 4974 nullus
2351 4918 2716 4986 reprehendat
2749 4935 2764 4972 :
2815 4919 2941 4986 quia
2989 4932 3093 4971 non
3132 4919 3397 4970 mentitur
3461 4921 3600 4973 Deus
3629 4919 3707 4988 qui

2134 5011 2270 5065 dixit
2300 5029 2312 5064 :
2347 5009 2459 5079 Ego
2491 5011 2548 5063 in
2580 5013 2726 5078 ipsis,
2757 5021 2804 5064 et
2827 5022 2884 5064 tu
2907 5013 2960 5064 in
2983 5028 3064 5064 me
3084 5011 3150 5064 ³⁸.
3185 5010 3300 5064 Non
3333 5013 3461 5080 quia
3488 5014 3706 5081 abnega-

2137 5107 2336 5158 tionem
2373 5103 2550 5158 Patris
2598 5105 2882 5174 irreligiosi
2939 5119 3216 5158 sermones
3270 5105 3497 5168 docent,
3553 5118 3704 5173 neque

2134 5198 2277 5266 quod
2310 5213 2417 5252 non
2450 5199 2522 5252 sit
2573 5199 2618 5253 is
2642 5200 2733 5267 qui
2765 5200 2970 5269 genuit,
3027 5214 3204 5267 neque
3245 5199 3582 5266 spretiuncm
3603 5197 3702 5265 ejus

522 5309 568 5341 ”
589 5307 743 5364 Joan.
779 5323 912 5372 xvn,
947 5307 1032 5361 15.
1110 5307 1156 5338 ’⁸
1184 5305 1341 5363 Joan.
1373 5323 1427 5374 Χ,
1459 5308 1549 5364 50.
1623 5309 1671 5340 ’⁵
1697 5307 1854 5364 Joan.
1882 5325 2021 5376 xvu,
2053 5308 2143 5364 25.

526 5444 636 5533 (96)
667 5460 848 5533 Serua.
875 5459 1327 5533 Τήρςιηοὸεινυα.
1361 5463 1471 5516 Aut
1500 5463 1662 5518 etiam
1701 5473 1868 5527 tuere,
1905 5465 2030 5517 reti-

453 5530 544 5585 ste.
568 5532 737 5600 Supra
767 5530 859 5583 lib.
893 5530 1044 5585 mn
1077 5530 1339 5602 principio
1368 5545 1502 5601 erat,
1535 5550 1682 5588 serva
1716 5536 1856 5602 quod
1889 5545 2022 5600 erat,

453 5612 637 5740 eu2.97)
668 5669 722 5723 Is
747 5677 885 5728 enim
920 5676 1030 5742 qui.
1075 5671 1296 5726 Videtur
1324 5671 1427 5727 hoc
1471 5673 1606 5730 velle
1634 5689 1648 5728 :
1690 5676 1734 5728 is
1763 5675 1898 5728 enim
1938 5673 2027 5741 qui

450 5749 526 5794 est
546 5741 598 5795 in
619 5757 677 5796 eo
703 5745 790 5798 aui
814 5756 910 5801 est.
933 5741 1038 5800 non
1058 5745 1171 5798 ideo
1195 5743 1516 5819 dtvundpxst,
1541 5746 1635 5801 hoc
1659 5756 1757 5809 est,
1785 5761 1885 5800 non
1910 5746 2026 5801 ideo

2133 5481 2236 5538 non
2283 5467 2543 5522 subsistit.
2575 5467 2661 5538 Art
2691 5468 2806 5521 ideo
2845 5464 3006 5520 Pater
3039 5467 3364 5538 dwrzc'szst,
3413 5484 3515 5521 non
3548 5465 3688 5538 suasi-

2134 5536 2245 5602 stit,
2265 5538 2389 5606 quia
2417 5551 2493 5591 est
2531 5539 2587 5590 in
2613 5535 2800 5594 Filio?
2832 5540 3010 5606 Igitur
3065 5535 3239 5606 neque
3262 5535 3441 5590 Filius
3476 5535 3684 5606 ὰνυπάρτ

2133 5623 2239 5676 χει,
2265 5603 2369 5659 non
2391 5609 2644 5671 subsistit,
2668 5609 2794 5676 quia
2818 5603 2892 5660 est
2923 5610 2976 5660 in
3008 5603 3184 5676 Patre.
3220 5607 3461 5675 Respicit
3493 5610 3555 5659 ad
3578 5603 3678 5658 illud

2131 5677 2485 5800 ἐὲιιιςᾶἆὲίὸ,
2514 5689 2568 5735 ει
2601 5675 2713 5748 m,
2741 5677 2830 5745 t0,
2864 5679 2924 5734 it
2953 5694 2967 5731 :
2998 5675 3162 5733 Pater
3193 5677 3248 5731 in
3283 5693 3364 5732 me
3400 5690 3495 5745 est,
3527 5692 3570 5736 et
3602 5693 3675 5747 ego

2131 5763 2187 5802 tn
2215 5759 2393 5802 Patre.
