3810 6218
173 306 320 378 suos

1024 308 1117 370 DE
1155 312 1313 372 FlDE
1349 299 1723 370 ADVERSUS
1756 297 2171 370 εΑΒειιιιιιι.
2212 342 2278 351 -
2317 308 2451 368 LIB.
2483 312 2548 369 ιι.

3305 313 3443 373 1066

171 436 271 506 qui
309 441 395 490 est
421 430 656 504 genitus.
691 426 797 484 Sed
828 429 874 487 si
906 444 1012 487 non
1045 441 1129 485 est
1156 430 1350 491 Filius.
1393 441 1444 487 et
1490 430 1763 502 quomodo
1791 434 1839 491 Α
1869 437 2090 498 propter
2126 436 2397 482 naturam.
2456 427 2536 483 Ex
2580 426 2801 500 Virgine
2842 429 2893 483 in
2950 430 3258 487 novissimis
3301 440 3441 486 tem-

169 538 308 583 sunt
342 540 404 580 ea
431 539 551 594 qua:
580 538 675 593 per
712 522 908 577 Filium
930 521 1070 577 facta
1103 524 1274 577 sunt?
1298 522 1413 577 Non
1443 535 1526 579 est
1555 523 1761 578 Filius:

170 626 232 670 et
260 630 378 683 qua:
405 624 487 665 est
514 612 675 678 spes?
705 610 818 667 Non
846 622 930 665 est
979 614 1070 680 qui
1095 612 1306 681 judicat
1340 631 1356 669 :
1392 622 1447 667 et
1501 614 1767 683 quemad-

172 708 394 762 modum
423 705 728 779 judicium?
754 704 870 759 Non
892 715 976 759 est
997 706 1086 775 qui
1118 714 1345 760 coronat
1374 725 1385 760 :
1416 718 1471 760 et
1497 707 1766 775 quomodo

174 798 432 854 labores?
460 798 553 854 Est
602 814 740 853 unus
771 814 930 867 quem
974 799 1151 851 nullus
1190 800 1397 868 genuit,
1430 809 1485 853 et
1516 800 1766 867 unigeni-

172 899 266 945 tns
298 907 455 959 quem
488 906 624 946 unus
653 893 859 960 genuit.
891 890 1093 946 Genuit
1126 907 1259 946 sane
1309 893 1717 961 impassibiliter
1748 908 1762 945 :

171 999 287 1039 non
319 995 376 1038 ut
413 1000 537 1052 nos,
587 987 677 1039 scd
720 994 781 1039 ιιι
824 984 909 1038 ille
945 1002 958 1039 :
1009 1001 1115 1038 non
1148 994 1205 1038 ιιι
1238 985 1430 1053 planta:
1476 1002 1596 1055 quae
1624 986 1764 1057 apud

168 1091 277 1132 nos
302 1086 450 1140 sunt,
476 1094 580 1131 non
617 1088 674 1131 ιιι
702 1077 896 1141 fontes,
926 1094 1029 1131 non
1069 1089 1127 1131 ιιι
1152 1077 1228 1132 sol
1264 1096 1277 1132 :
1318 1078 1451 1132 nihil
1482 1081 1625 1133 enim
1664 1082 1763 1134 lio—

173 1186 299 1225 rum
340 1186 459 1240 qme
496 1170 586 1224 hic
612 1178 757 1235 sunt,
796 1170 1151 1238 interpretari
1184 1170 1327 1223 illam
1358 1173 1763 1241 generationem

173 1272 424 1332 possunt.
455 1259 678 1316 Omnem
715 1262 860 1316 enim
895 1262 1160 1315 turbelam
1200 1262 1452 1317 humana:
1479 1278 1762 1331 compara-

173 1356 353 1410 tiones
372 1355 593 1418 faciunt,
613 1370 731 1409 cum
754 1355 1044 1423 accipimus
1062 1369 1164 1408 noa
1192 1354 1384 1408 similia
1407 1356 1471 1408 ad
1494 1357 1762 1425 interpre-

173 1448 435 1501 tationem
466 1462 649 1501 eorum
680 1461 799 1515 quze
828 1446 1168 1514 interpretari
1205 1461 1312 1499 non
1358 1456 1604 1515 possunt.
1640 1446 1765 1501 ldeo

171 1536 333 1605 lites,
366 1539 487 1592 ideo
528 1554 718 1607 pugnm
761 1550 1077 1592 nascuntur.
1122 1538 1177 1592 Si
1226 1549 1403 1593 autem
1438 1540 1765 1597 tacuerimus

171 1645 243 1683 ea
276 1646 393 1698 qua:
426 1646 586 1699 supra
616 1645 801 1684 vocem
844 1641 990 1695 sunt,
1022 1641 1077 1687 et
1118 1632 1415 1686 dixerimus
1465 1634 1760 1702 possibilia.

172 1722 413 1775 cessabit
444 1721 660 1775 bellum.
700 1720 837 1789 Quid
891 1738 1021 1791 ergo
1055 1723 1298 1779 dicemus
1335 1725 1358 1778 ?
1400 1724 1469 1778 In
1502 1728 1761 1795 principio

170 1824 288 1865 erat
324 1811 568 1869 Verbum.
600 1813 734 1880 Quis
766 1815 941 1869 adhuc
970 1817 1167 1884 poterit
1198 1818 1447 1888 iurgari?
1478 1819 1611 1873 Nam
1636 1832 1691 1874 et
1716 1824 1759 1876 si

164 1903 449 1972 jurgatur,
478 1921 583 1961 non
637 1907 729 1961 tibi
761 1909 855 1961 sed
881 1906 1099 1977 Joanni,
1150 1919 1203 1963 et
1236 1913 1438 1980 pectori
1490 1913 1701 1968 Domini
1732 1929 1761 1968 τι

171 2012 286 2065 quo
315 1998 494 2052 hausit
515 1997 773 2056 Joannes.
816 1999 954 2067 Quid
981 2002 1241 2071 relinquis
1264 2019 1325 2057 ea
1359 2020 1478 2074 qua:
1503 2015 1626 2060 sunt
1648 2007 1764 2062 sine

173 2091 440 2159 periculo,
475 2102 528 2146 et
578 2092 629 2146 in
659 2091 916 2147 fluctibus
954 2104 1352 2165 _tempestatum
1407 2099 1764 2166 periclitaris?

174 2181 300 2249 Noli
328 2186 506 2239 dicere
539 2195 649 2251 tua,
685 2195 740 2243 et
769 2186 948 2241 nullus
982 2196 1033 2240 te
1058 2189 1259 2257 arguit.
1288 2188 1463 2244 Dicito
1491 2206 1610 2260 qua:
1639 2194 1765 2246 scri-

176 2285 273 2346 pta
304 2287 451 2342 sunt,
485 2288 539 2331 et
577 2279 756 2334 nullus
800 2290 848 2334 te
893 2282 1241 2348 reprehendit
1276 2302 1289 2337 :
1324 2285 1540 2338 etiamsi
1585 2300 1766 2355 repre-

172 2370 452 2437 henderit,
490 2373 840 2440 semetipsum
902 2375 1101 2443 potius,
1137 2385 1192 2429 et
1238 2391 1344 2431 non
1385 2386 1456 2432 te.
1490 2377 1591 2442 Qui
1620 2378 1763 2433 enim

169 2461 364 2518 divina
403 2466 770 2532 reprehendit,
799 2466 981 2520 divina
1028 2469 1245 2537 quidem
1281 2486 1385 2524 non
1418 2470 1651 2537 delebit;
1681 2488 1766 2527 se-

172 2556 469 2623 metipsum
502 2557 733 2612 alienum
782 2576 812 2613 ιι
850 2560 1047 2615 divinis
1084 2563 1403 2616 constituet.
1459 2563 1657 2627 Dicito.
1697 2564 1765 2620 In

170 2649 439 2717 principio
494 2661 603 2704 erat
649 2650 891 2719 Verbum,
950 2662 1005 2707 et
1069 2654 1449 2724 relinquuntur
1499 2665 1761 2725 tempora.

184 2741 387 2804 Dicito,
419 2740 485 2796 In
522 2744 779 2813 principio
801 2755 936 2810 erat,
961 2756 1015 2799 et
1047 2747 1304 2801 delicium
1332 2748 1544 2803 saecula.
1570 2749 1762 2813 Dicito,

177 2830 251 2884 In
288 2834 548 2899 principio
584 2848 721 2900 erat,
756 2846 812 2890 ει
854 2837 985 2890 nihil
1017 2853 1139 2891 cum
1187 2839 1304 2907 ipso
1348 2848 1467 2894 erat
1508 2839 1761 2895 Verbum.

178 2923 320 2988 Quia
362 2938 491 2989 ergo
536 2934 650 2977 erat
680 2925 885 2979 dictum
944 2934 1049 2992 est,
1102 2944 1168 2982 ne
1217 2938 1372 2997 putes
1404 2944 1592 2985 vocem
1624 2948 1637 2984 :
1664 2945 1766 2983 vox

176 3017 350 3081 enim,
396 3029 507 3072 erat
544 3034 647 3074 non
676 3020 934 3090 suscipiet
982 3040 995 3075 :
1034 3023 1078 3076 si
1114 3023 1335 3091 quidem
1374 3040 1495 3079 cum
1548 3024 1764 3085 dicitur,

182 3118 313 3163 tunc
341 3109 593 3167 efﬁcitur.
645 3109 830 3180 Neque
873 3114 1018 3167 enim
1079 3126 1370 3183 antequam
1408 3116 1618 3169 dicatur
1660 3126 1761 3177 est,
1792 3135 1836 3195 ρ

176 3215 360 3270 sicque
388 3213 570 3271 postea
627 3218 786 3271 quam
838 3204 1001 3258 fuerit
1042 3208 1207 3268 dicta,
1260 3215 1373 3260 erat
1410 3207 1592 3261 habet.
1627 3207 1761 3271 Quia

176 3310 315 3364 ergo
349 3305 482 3363 erat,
532 3313 636 3351 non
669 3312 773 3351 vox
821 3307 925 3362 est,
958 3300 1051 3353 sed
1104 3298 1340 3353 Verbum
1391 3315 1408 3352 :
1446 3299 1604 3367 quale
1634 3298 1764 3352 Ver-

179 3384 352 3439 bum?
402 3385 459 3440 Si
513 3401 622 3441 non
652 3388 789 3441 dixit
827 3384 1085 3455 Joannes,
1114 3404 1420 3457 quteramus
1463 3388 1548 3443 :si
1587 3400 1764 3443 autem

182 3478 344 3542 dixit,
386 3480 514 3547 quid
553 3481 891 3550 quaeremus?
931 3479 999 3534 Et
1031 3483 1192 3549 Deus,
1233 3482 1429 3551 inquit,
1474 3492 1587 3534 erat
1632 3480 1766 3534 Ver-

181 3572 330 3626 bum.
363 3572 439 3626 Τιι
471 3575 606 3628 dicis
628 3589 836 3640 vocem,
865 3574 1104 3629 Joannes
1141 3584 1321 3628 autem
1363 3574 1460 3635 ait,
1489 3585 1599 3627 erat
1640 3572 1765 3626 Ver-

184 3664 332 3718 bum.
376 3666 441 3719 Et
469 3666 512 3719 si
542 3666 629 3719 ille
657 3668 876 3730 dixerit,
910 3666 974 3719 Et
1016 3663 1234 3719 Verbum
1270 3676 1380 3718 erat
1406 3666 1547 3733 apud
1581 3665 1765 3730 Deum,

185 3763 249 3809 ιιι
276 3756 413 3810 dicis
438 3758 488 3809 in
518 3757 643 3822 Deo,
669 3768 724 3811 et
757 3772 863 3812 non
887 3758 1027 3825 apud
1056 3756 1245 3810 Deum.
1271 3754 1341 3810 Ut
1373 3758 1515 3809 enim
1541 3757 1632 3818 sit,
1662 3770 1768 3809 non

181 3858 371 3905 tamen
406 3858 464 3903 ιιι
500 3850 770 3920 cogitatus
820 3852 891 3904 sit
923 3868 937 3905 :
975 3864 1153 3917 neque
1191 3850 1387 3902 iterum
1430 3857 1488 3901 ut
1517 3863 1639 3907 vox,
1674 3847 1770 3900 sed

180 3939 357 3996 Filius
391 3958 407 3995 :
438 3957 541 3995 vox
572 3942 714 3995 enim
763 3942 924 3995 habet
960 3941 1154 3995 fratres
1188 3959 1201 3994 ε
1230 3940 1332 3994 ιιιεὶ
1384 3941 1528 3992 enim
1567 3940 1657 4009 qui
1692 3938 1770 3991 di-

180 4046 383 4087 cuntur
411 4049 691 4088 sermones
716 4035 989 4103 prioribus
1014 4032 1196 4086 verbis
1229 4041 1353 4085 sunt
1374 4030 1569 4083 fratres
1602 4048 1615 4082 :
1652 4029 1771 4081 uni-

181 4126 400 4196 genitus
422 4136 600 4178 autem
636 4142 740 4178 non
772 4125 998 4193 suscipit
1033 4125 1247 4176 fratres.
1284 4122 1417 4175 Nam
1452 4132 1505 4175 et
1537 4123 1578 4173 si
1614 4130 1770 4173 vocat

179 4222 401 4279 fratres,
433 4218 887 4286 nuncupationem
927 4218 1111 4271 donat.
1148 4215 1205 4268 Si
1234 4225 1417 4268 autem
1451 4223 1506 4266 et
1537 4214 1769 4266 colus-re—

180 4310 279 4362 des
306 4324 513 4371 sumus,
546 4325 651 4361 nou
693 4318 901 4360 natura:
933 4308 1027 4360 sed
1071 4306 1258 4373 gloria!
1305 4304 1601 4373 accipimus
1630 4301 1765 4373 (98).

178 4403 265 4457 Ad
294 4402 437 4455 illam
464 4402 609 4454 enim
657 4412 905 4453 naturain
940 4414 1113 4467 neque
1156 4396 1445 4467 pervenies
1474 4407 1550 4457 tu,
1596 4408 1770 4463 neque

180 4495 327 4549 ullus
366 4494 658 4563 perveniet.
699 4493 855 4546 Sicut
884 4492 1030 4546 enim
1066 4489 1228 4543 Pater
1264 4490 1483 4554 eminet,

179 4601 400 4640 omnem
432 4596 676 4637 naturam
694 4593 774 4637 est
801 4584 942 4652 quod
968 4592 1170 4635 estnon
1191 4591 1348 4634 natus
1372 4599 1385 4634 :
1420 4580 1491 4633 ita
1519 4591 1571 4633 ct
1599 4579 1764 4633 Filius

179 4692 347 4744 supra
380 4690 569 4729 omnes
601 4675 832 4729 habetur
866 4674 917 4726 in
950 4688 1014 4727 eo
1047 4674 1191 4741 quod
1221 4682 1300 4725 est
1329 4672 1609 4739 progenies
1635 4684 1763 4723 vera

183 4770 327 4823 Deus
355 4768 494 4837 apud
530 4767 720 4832 Deum,
755 4767 893 4820 Deus
928 4766 994 4818 ad
1026 4766 1304 4817 dexteram
1338 4764 1450 4823 Dei,
1486 4762 1624 4815 Deus
1653 4760 1764 4815 for-

181 4862 275 4925 tis,
309 4861 449 4913 Deus
478 4874 637 4928 quem
686 4860 837 4911 unxit
868 4857 1034 4910 Deus.
1080 4854 1391 4924 Agnoscitis
1448 4852 1760 4921 prophetica

181 4952 349 5006 verba
384 4950 519 5021 (99).
555 4950 695 5016 Quid
725 4951 801 5002 ait
828 4952 1087 5019 propheta
1121 4946 1328 5000 David?
1357 4944 1483 4998 Ideo
1520 4944 1666 4997 unxit
1693 4955 1762 5007 te,

178 5044 347 5106 Deus,
376 5044 511 5096 Deus
534 5055 653 5095 tuus
672 5042 739 5095 “.
771 5040 903 5094 Nam
932 5051 986 5094 et
1007 5040 1163 5094 fortis
1192 5039 1366 5093 dictus
1405 5048 1489 5091 est
1520 5037 1588 5090 ab
1609 5035 1763 5098 ISaia,

174 5145 235 5191 et
268 5135 407 5188 Deus
437 5134 706 5189 nobiscum
728 5134 797 5198 ",
837 5149 958 5187 cum
982 5147 1051 5185 ex
1075 5130 1316 5200 Virgine.
1353 5128 1466 5182 Non
1487 5144 1614 5193 ergo
1645 5142 1766 5180 cum

176 5241 246 5281 ex
294 5226 515 5296 Virgine
558 5234 687 5280 tunc
734 5224 900 5289 Deus,
947 5224 1041 5278 sed
1102 5222 1384 5277 nobiscum
1439 5230 1586 5274 tunc.
1645 5218 1761 5272 Non

177 5317 419 5388 primum
455 5332 524 5371 ex
564 5315 806 5387 Virgine,
846 5317 938 5370 sed
973 5315 1207 5383 primum
1246 5326 1313 5366 ex
1356 5310 1484 5365 Deo.
1528 5310 1602 5365 Ex
1648 5310 1765 5362 Vir-

177 5409 308 5482 gine
354 5411 497 5465 enim
549 5420 769 5480 propter
809 5406 1289 5478 dispensationem,
1328 5418 1391 5458 ex
1436 5405 1542 5457 Deo
1580 5412 1762 5457 autem

249 5519 299 5553 “
325 5518 471 5574 PSaI.
503 5536 644 5585 ιιιν,
672 5520 726 5575 8.

178 5604 237 5658 x,
262 5591 350 5655 ill,
383 5592 469 5648 15.

257 5693 371 5767 (98)
530 5691 654 5747 Non
692 5702 935 5767 naturam
966 5687 1304 5767 sedgloriam
1331 5685 1640 5739 acciuimus.

257 5760 369 5835 (99)
403 5764 499 5818 Ms.
529 5764 806 5832 Aguoscite
839 5761 1141 5829 pr0pltetica
1178 5760 1350 5812 verba.

348 5868 353 5871 '
429 5858 701 5917 ΡΑτιιοι..
735 5853 852 5915 Gn.
878 5852 1114 5914 ΧΧιν.

827 5520 873 5552 ⁸⁷
896 5521 1073 5588 Isa.v,
1106 5520 1178 5586 6;
1211 5534 1304 5579 vn,
1340 5517 1425 5570 Ν.

1518 5516 1587 5585 ε⁹⁸
1619 5514 1773 5570 Joan.
1812 5528 1903 5577 ιιι,
1927 5512 2017 5567 36.

1867 522 2107 590 poribus,
2163 534 2230 574 ex
2281 520 2390 575 Deo
2438 529 2565 574 ante
2618 520 2834 575 sarcula.
2891 522 2964 575 Ex
3014 519 3255 593 Virgine,
3318 538 3441 577 cum

1868 612 2216 677 hominibus;
2268 625 2334 667 ex
2375 611 2485 665 Dco
2524 620 2702 666 autem
2753 624 2877 666 ante
2915 628 3124 668 omnes.
3181 613 3305 670 Istic
3350 628 3443 669 er-

1866 718 1935 772 go
1965 713 2018 758 et
2054 704 2505 773 dispensationem
2546 705 2831 770 confitere,
2876 714 2932 759 et
2970 714 3218 760 naturam
3262 707 3444 762 delere

1868 795 1994 860 noli,
2035 812 2131 852 nec
2174 798 2485 865 exstinguas
2528 799 2621 852 tibi
2676 797 2852 852 lumen
2889 798 2985 868 (l).
3039 796 3095 853 Si
3142 798 3356 867 quidem
3388 808 3444 853 et

1868 888 1956 956 qui
1988 888 2173 943 oculos
2202 888 2457 944 claudunt
2488 906 2637 957 suos,
2680 905 2782 943 non
2831 890 3008 945 lumen
3064 892 3439 959 exstinguunt,

1866 984 1960 1037 sed
1984 982 2081 1052 ipsi
2112 982 2312 1037 lumine
2337 1000 2441 1037 non
2478 984 2747 1037 fruuntur.
2782 983 2913 1037 Nam
2942 993 2995 1038 et
3025 983 3068 1039 si
3093 984 3214 1053 quis
3256 983 3440 1037 lumen

1868 1090 2055 1128 verum
2087 1090 2191 1129 non
2235 1075 2396 1130 fuerit
2444 1075 2749 1139 confessus,
2797 1092 2900 1129 non
2950 1076 3079 1130 illud
3126 1077 3289 1140 delet,
3345 1077 3442 1131 sed

1868 1167 1981 1234 ipse
2015 1179 2193 1221 manet
2216 1168 2269 1222 in
2299 1170 2555 1224 tenebris.
2604 1171 2677 1224 lta
2726 1171 2866 1224 enim
2911 1170 3025 1239 ipse
3058 1170 3223 1225 Filius
3256 1171 3387 1225 dicit
3422 1190 3438 1228 :

1869 1258 1971 1322 Qui
2003 1276 2106 1315 non
2162 1261 2443 1315 crediderit
2484 1263 2536 1316 in
2576 1260 2797 1325 Filium,
2837 1280 2938 1315 non
2984 1263 3197 1325 videbit,
3230 1263 3319 1316 sed
3359 1263 3443 1317 ira

1866 1352 1965 1405 Dei
1988 1363 2160 1407 manet
2196 1370 2352 1422 super
2374 1355 2539 1416 ipsum
2569 1354 2635 1409 ³⁸.
2664 1356 2791 1421 Qua:
2831 1354 2945 1409 ira?
2984 1355 3073 1409 illa
3106 1356 3289 1426 utique
3324 1371 3443 1426 quae

1868 1444 1935 1499 ab
1962 1443 2136 1499 initio.
2175 1445 2274 1511 Qui
2307 1447 2451 1500 enim
2500 1462 2607 1501 non
2656 1449 2943 1502 conﬁtetur
2985 1464 3107 1502 eum
3154 1465 3248 1518 per
3282 1465 3441 1520 quem

1866 1545 2155 1590 revocatur
2192 1538 2482 1603 sententia,
2512 1540 2623 1607 ipse
2660 1541 2944 1595 adversum
2973 1556 3031 1594 se
3064 1541 3236 1611 ipsum
3288 1557 3444 1597 revo-

1865 1636 1954 1681 cat
1990 1629 2335 1687 sententiam.
2367 1628 2585 1698 Negotia
2626 1633 2771 1685 enim
2803 1643 3054 1701 separata
3100 1633 3300 1688 habent
3341 1650 3442 1688 ua-

1866 1727 2043 1773 turam
2079 1735 2093 1773 :
2124 1720 2291 1775 nostri
2331 1733 2509 1775 autem
2534 1722 2796 1790 cogitatus
2829 1724 3101 1791 accipiunt
3138 1724 3442 1790 fructum,a

1865 1812 2097 1867 veritate
2118 1812 2335 1882 quidem
2368 1814 2551 1876 vitam,
2585 1829 2613 1867 a
2639 1815 2922 1869 mendacio
2955 1824 3134 1869 autem
3166 1830 3358 1871 noxam
3386 1824 3444 1872 et

1865 1904 2240 1974 perditionem.
2276 1904 2331 1958 Si
2364 1906 2485 1974 quis
2517 1905 2661 1959 enim
2706 1906 3037 1974 percusserit
3077 1916 3239 1976 caput
3282 1922 3441 1962 suum

1865 1996 1931 2049 ad
1970 2005 2198 2065 petram,
2228 2008 2379 2066 petra
2411 1998 2627 2066 quidem
2668 1997 2782 2067 ipsa
2814 2007 3017 2063 manet,
3061 2009 3225 2068 caput
3258 2010 3439 2053 autem

1865 2084 1935 2139 ab
1966 2087 2273 2157 insipientia
2316 2088 2512 2156 accipit
2543 2086 2775 2156 plagam,
2818 2084 2957 2142 forte
2985 2096 3163 2142 autem
3198 2097 3253 2142 et
3296 2089 3443 2156 peri-

1871 2179 2071 2234 culum.
2118 2180 2258 2234 Dicit
2316 2195 2447 2235 sane
2500 2188 2556 2234 et
2611 2168 2899 2247 Apostolus
2953 2195 2967 2232 :
3018 2176 3442 2233 Fundamentum

1864 2271 2012 2325 aliud
2033 2288 2179 2326 nemo
2205 2282 2585 2343 potestponere
2629 2283 2819 2341 prwter
2845 2289 2961 2325 eum
3000 2272 3090 2341 qui
3124 2281 3196 2324 est
3238 2273 3442 2342 positus

1866 2360 2105 2417 Christus
2155 2363 2309 2418 Jesus
2351 2366 2434 2431 9';
2499 2376 2553 2418 et
2602 2364 2791 2417 iterum
2842 2385 2855 2419 :
2907 2361 3067 2417 Petra
3123 2377 3299 2418 autem
3330 2374 3444 2419 erat

1865 2454 2170 2508 Christus‘.
2218 2455 2274 2509 Si
2309 2455 2376 2509 ad
2422 2457 2581 2509 istam
2634 2465 2842 2523 petram
2893 2465 3056 2526 caput
3108 2456 3444 2526 percusseris

1866 2554 2035 2607 tuum,
2071 2546 2299 2601 scissum
2327 2556 2411 2601 est
2440 2548 2583 2617 quod
2628 2547 2841 2602 volebas
2871 2567 2885 2602 :
2929 2548 2974 2603 si
3006 2559 3183 2603 autem
3225 2550 3441 2606 confes-

1864 2654 1961 2693 sus
1989 2638 2158 2692 fueris
2191 2640 2394 2702 lumen,
2428 2638 2651 2694 habebis
2695 2641 2837 2708 quod
2870 2642 3171 2698 conﬁteris.
3206 2642 3264 2697 Si
3296 2642 3440 2697 enim

1864 2729 2089 2798 apostoli
2124 2730 2445 2798 quibusdam
2477 2731 2693 2799 quidem
2723 2731 2857 2785 odor
2886 2733 3075 2786 mortis
3107 2732 3173 2787 ad
3206 2738 3437 2785 mortem

1866 2829 2012 2883 sunt,
2039 2820 2363 2888 quihusdam
2400 2831 2578 2875 autem
2624 2822 2759 2873 odor
2801 2823 2923 2875 vitae
2957 2821 3025 2875 ad
3062 2822 3257 2885 vitam;
3293 2821 3336 2875 si
3367 2820 3442 2875 illi

1865 2909 1956 2977 qui
1999 2924 2092 2976 per
2131 2908 2404 2963 Christum
2450 2912 2530 2965 sal
2575 2920 2722 2969 sunt,
2769 2920 2820 2964 et
2874 2913 2964 2981 qui
3019 2928 3114 2981 per
3170 2911 3443 2967 Christum

1867 3000 2150 3053 luminaria
2184 3000 2510 3065 elliciuntur,
2550 3002 2617 3055 ad
2658 3013 2884 3055 mortem
2932 3012 2987 3057 et
3033 3004 3100 3058 ad
3144 3003 3310 3061 vitam
3359 3004 3446 3057 his

1867 3093 1956 3162 qui
1998 3093 2223 3146 credunt
2248 3103 2303 3148 et
2331 3095 2421 3164 qui
2469 3112 2573 3148 non
2621 3096 2851 3150 credunt
2898 3096 3211 3151 habentur:
3243 3108 3447 3166 quanto

1872 3185 2039 3254 magis
2076 3186 2119 3239 is
2160 3187 2250 3254 qui
2293 3187 2515 3240 donavit
2562 3188 2677 3242 hinc
2720 3188 3028 3243 hominibus
3063 3188 3351 3243 Christus?
3388 3188 3447 3242 Si

1866 3277 2004 3344 quis,
2052 3276 2245 3346 inquit,
2301 3293 2387 3331 vos
2427 3293 2529 3330 non
2577 3279 2883 3348 susceperit,
2944 3290 3184 3334 exeuntes
3225 3281 3448 3334 excutite

1869 3370 2130 3433 pulverem
2170 3377 2234 3423 de
2273 3371 2489 3439 pedibus
2519 3371 2701 3424 vestris
2743 3387 2762 3425 :
2804 3371 3130 3426 tolerabilius
3169 3372 3305 3426 enim
3344 3372 3448 3426 erit

1870 3469 2024 3513 terrm
2070 3461 2425 3515 Sodomorum
2458 3465 2512 3515 in
2556 3464 2638 3515 die
2670 3463 2881 3531 iudicii,
2924 3482 3082 3535 quam
3120 3466 3317 3518 ciuitati
3366 3465 3449 3519 illi

1867 3567 1983 3620 qua:
2000 3568 2083 3604 vos
2114 3569 2215 3605 non
2242 3554 2458 3621 suscipit
2488 3554 2577 3621 qui
2604 3569 2635 3605 a
2665 3570 2745 3606 me
2776 3555 2923 3607 missi
2953 3556 3076 3609 estis
3106 3556 3144 3608 '.
3175 3557 3230 3610 Si
3267 3567 3446 3612 autem

1870 3645 1993 3711 quis
2017 3644 2188 3712 ipsum
2223 3660 2327 3697 non
2356 3645 2655 3712 susceperit
2680 3646 2954 3699 Christum
2992 3664 3004 3699 :
3045 3650 3171 3714 quid
3209 3648 3255 3701 si
3280 3652 3445 3703 etiam

1873 3751 1978 3788 non
2005 3734 2177 3788 solum
2209 3750 2313 3787 non
2346 3736 2670 3803 susceperit,
2696 3738 2791 3793 sed
2831 3739 3145 3793 interimere
3180 3741 3452 3797 voluerit?

1871 3826 1913 3879 si
1937 3842 2100 3880 ausus
2131 3828 2251 3895 quis
2290 3826 2450 3879 fuerit
2474 3827 2674 3886 dicere,
2704 3828 2827 3895 quia
2864 3829 2980 3882 sine
3006 3828 3140 3884 Filio
3172 3842 3255 3885 est
3279 3830 3442 3897 Deus,

1869 3926 1962 3970 aut
1992 3918 2113 3985 quia
2170 3918 2286 3970 sine
2330 3917 2492 3971 Patre
2540 3928 2624 3970 est
2674 3917 2883 3971 Filius?
2937 3918 3060 3973 llaec
3110 3920 3253 3974 enim
3301 3936 3448 3978 nunc

1870 4007 2088 4075 quidam
2135 4007 2538 4060 calumniantur
2580 4010 2846 4072 dicentes,
2896 4010 3022 4079 quia
3055 4010 3169 4079 ipse
3211 4012 3314 4068 sibi
3364 4022 3449 4069 est

1872 4096 2053 4159 Pater,
2090 4096 2202 4165 ipse
2230 4107 2315 4150 est
2342 4107 2395 4149 ct
2422 4096 2609 4161 Filius,
2640 4108 2695 4152 et
2716 4114 2823 4153 non
2865 4110 2949 4153 est
2989 4099 3178 4157 Filius.
3216 4101 3273 4158 Si
3303 4103 3446 4157 enim

1869 4187 2033 4243 Pater
2057 4190 2166 4260 ipse
2190 4189 2292 4242 sibi
2330 4200 2413 4243 est
2443 4200 2626 4259 pater,
2673 4208 2776 4245 non
2809 4203 2895 4245 est
2942 4191 3121 4258 Pater,
3168 4197 3294 4264 quia
3334 4197 3452 4264 ipse

1869 4280 1970 4334 sibi
2022 4292 2075 4333 et
2129 4282 2269 4334 tilius
2329 4292 2428 4341 est,
2479 4294 2535 4335 ut
2574 4285 2741 4336 aiunt.
2788 4283 3045 4338 Ludimus
3093 4284 3147 4338 in
3195 4287 3439 4343 divinis:

1872 4368 2262 4422 irrationabilia
2288 4370 2432 4422 enim
2471 4370 2573 4424 ista
2605 4385 2670 4423 ne
2701 4370 2916 4439 quidem
2944 4371 3095 4441 parvi
3127 4374 3447 4442 suscipiunt.

1514 4499 1568 4542 el
1605 4458 1765 4557 sui)”
1803 4487 1843 4541 υ
1877 4458 1953 4514 De
1982 4461 2065 4513 his
2109 4476 2240 4515 sane
2278 4464 2620 4517 sermonibus
2657 4477 2818 4515 unum
2862 4462 3238 4518 brevissimum
3271 4464 3450 4519 infan-

1879 4562 1983 4604 tcm
2027 4552 2317 4622 interroga,
2348 4554 2436 4622 qui
2474 4556 2645 4623 prima
2684 4563 2869 4622 utpote
2920 4569 3049 4609 voce
3087 4554 3451 4624 qualitercun-

1873 4659 1979 4712 que
2004 4645 2233 4711 emperit
2275 4645 2441 4716 loqui,
2478 4659 2533 4701 et
2560 4650 2721 4703 dicito
2742 4651 2827 4704 ei;
2857 4649 3017 4704 Pater
3045 4658 3168 4704 tuus
3206 4649 3294 4703 tibi
3333 4652 3453 4704 est?

1872 4737 1980 4787 Aut
2013 4736 2152 4789 sicut
2181 4750 2584 4793 consueverunt
2632 4740 2875 4795 infantes
2914 4751 3122 4811 patrem
3171 4739 3447 4809 appellare

1873 4834 1919 4885 si
1961 4833 2312 4901 semetipsum
2361 4836 2691 4898 ostenderit,
2752 4840 2932 4905 arguit
2985 4852 3072 4891 me
3126 4837 3306 4892 infans
3348 4859 3362 4895 :
3406 4840 3451 4892 si

1873 4935 2053 4978 autem
2090 4927 2349 4995 parvulus
2380 4927 2561 4980 statim
2600 4936 2659 4979 ut
2689 4926 2854 4982 fuerit
2891 4928 3254 5000 interrogatus
3289 4932 3450 4987 intel-
3510 4996 3523 5011 ,

1875 5018 2070 5072 lexerit
2105 5022 2232 5089 quid
2264 5022 2463 5088 quaeris
2507 5020 2575 5075 ab
2606 5034 2691 5084 eo,
2728 5035 2851 5074 eum
2900 5021 2989 5089 qui
3039 5037 3099 5076 se
3138 5024 3324 5093 genuit
3357 5039 3448 5077 os-

1881 5118 2053 5172 tendit
2086 5135 2099 5179 ;
2136 5116 2257 5170 vide
2301 5113 2431 5184 quid
2479 5113 2656 5167 audis.
2712 5112 2846 5167 Cum
2900 5125 3081 5168 autem
3132 5115 3450 5171 benedictus
3532 5104 3539 5114 ’

1872 5211 2064 5274 Filius,
2099 5218 2288 5264 tenens
2317 5221 2536 5277 panem,
2578 5206 2721 5260 levat
2748 5221 2941 5260 manus
2966 5222 3092 5262 suas
3120 5223 3358 5272 sursum,
3393 5217 3449 5263 ut

1873 5315 2019 5360 tuam
2057 5315 2291 5373 mentem
2322 5303 2387 5355 ad
2417 5316 2538 5357 eum
2575 5304 2664 5369 qui
2697 5315 2756 5356 se
2787 5302 2970 5371 genuit
3003 5301 3249 5365 extollat,
3288 5317 3449 5358 nosce

1870 5400 2108 5461 Patrem,
2143 5407 2197 5451 et
2222 5410 2372 5450 cessa
2417 5409 2615 5463 negare
2650 5392 2868 5447 Filium.
2904 5394 2960 5448 Si
3004 5394 3168 5465 igitur
3199 5393 3454 5465 Unigeni-

2125 5511 2171 5543 "
2199 5509 2215 5563 Ι
2242 5508 2369 5564 Cor.
2412 5525 2492 5574 ιιι,
2517 5510 2577 5564 ll
2712 5510 2729 5541 ¹
2760 5511 2781 5563 Ι
2807 5508 2931 5564 Cor.
2977 5524 3034 5573 x,
3059 5512 3115 5562 ι.
3215 5508 3453 5568 'Mattb.

1941 5678 2019 5750 (l)
2056 5675 2153 5733 Ms.
2180 5674 2263 5731 Ne
2281 5676 2588 5747 exstinguas
2620 5675 2713 5731 tibi
2737 5674 2931 5730 lumen.

3011 5831 3089 5893 δι
