3810 6218
423 318 575 375 106's

1114 311 1395 366 ‘ElthBll
1433 310 1913 366 CASSARIENSIS
1951 309 2006 362 Ul

2144 305 2324 362 PARS
2362 306 2449 364 I'V.
2484 338 2554 351 —
2591 306 3018 365 DOGM'ATICA.

3562 302 3693 362 W58

434 442 527 492 tus
547 431 681 489 dicit
714 449 729 487 :
768 429 956 495 Pater,
980 427 1179 501 gratias
1217 447 1317 502 ago
1359 430 1481 496 tibi,
1523 431 1651 503 quia
1698 446 1900 500 semper
1941 445 2021 483 me
2048 431 2096 489 Α
2121 429 2301 484 omnis
2325 429 2514 485 beatus
2538 428 2708 496 audit,
2734 428 2859 489 inde
2889 438 2946 482 et
2976 441 3077 483 nos
3106 424 3347 483 universi
3392 424 3692 481 audiemus.

432 524 699 581 exaudiui
727 538 747 576 :
774 522 865 577 sed
891 532 1100 593 propter
1119 522 1542 577 circumstantem
1575 522 1827 593 populum
1852 521 2013 576 istum

433 617 575 681 dico,
606 623 663 670 ut
692 613 910 670 credant
940 614 1067 683 quia
1094 622 1151 668 tu
1191 629 1273 668 me
1303 613 1494 668 misisti
1520 613 1562 668 ³.
1605 613 1712 669 Ista
1742 613 2010 682 interpre-

436 709 641 763 tatione
686 721 791 761 non
833 704 1120 776 indigent:
1147 713 1205 761 et
1233 704 1484 761 sedemus
1512 711 1573 760 ut
1626 703 1913 769 insensati,
1958 710 2016 757 et

422 797 696 855 ludimus.
749 797 887 854 Num
953 797 1307 868 semetipsum
1373 796 1563 869 genuit
1624 794 1826 851 Pater?
1882 808 2013 849 uum

434 890 789 960 semetipsum
837 890 1032 946 misit?
1063 904 1193 945 num
1219 889 1568 959 semetipsum
1599 894 1742 953 orat,
1784 895 1841 942 et
1884 885 2015 941 sibi-

433 982 648 1054 metipsi
675 981 879 1054 gratias
912 981 1041 1054 agit,
1081 990 1139 1037 et
1198 981 1315 1052 ipse
1355 979 1459 1037 sibi
1510 989 1596 1037 est
1635 978 1829 1047 Filius,
1885 978 2006 1051 ipse

434 1073 538 1130 sibi
576 1082 660 1129 est
689 1073 955 1144 pontifex,
988 1074 1103 1145 ipse
1158 1073 1262 1129 sibi
1290 1082 1374 1129 est
1404 1087 1597 1144 agnus,
1635 1070 1751 1144 ipse
1785 1070 1890 1127 sibi
1918 1077 2008 1126 est

436 1165 549 1229 via,
573 1164 689 1234 ipse
721 1166 822 1221 sibi
890 1174 976 1221 est
1016 1164 1220 1237 ianua?
1267 1165 1335 1221 Et
1377 1165 1496 1235 quis
1531 1166 1667 1232 haec,
1701 1163 1915 1220 etiamsi
1943 1164 2016 1220 sit

428 1256 939 1327 'insipientissimus,
990 1258 1267 1330 patietur?
1316 1257 1451 1312 Num
1502 1271 1611 1312 una
1666 1271 1771 1311 vox
1830 1264 1914 1312 est
1955 1264 2015 1310 ut

433 1349 948 1418 circumveniamus,
984 1366 1086 1405 una
1124 1359 1208 1407 est
1230 1351 1408 1406 littera
1436 1359 1496 1405 ut
1527 1348 1841 1406 deleamus?
1874 1347 2015 1405 Dicit

433 1440 581 1497 enim
631 1441 824 1497 iterum
883 1440 1201 1497 Dominuss:
1241 1441 1382 1498 Ecce
1435 1457 1529 1513 ego
1582 1441 1746 1513 diligo
1797 1439 2015 1496 Patrem

436 1547 609 1586 meum
633 1531 676 1597 ’⁵,
709 1549 801 1602 ego
834 1532 1032 1587 honoro
1074 1526 1289 1587 Patrem
1314 1548 1488 1587 meum
1510 1533 1554 1597 ⁵,
1596 1516 1891 1602 ορεηίᾳιιω
1919 1546 2013 1602 ego

436 1624 577 1693 facio
596 1624 686 1679 ille
705 1626 854 1695 facit,
890 1624 1054 1680 Pater
1092 1641 1237 1680 meus
1276 1625 1515 1695 quotidie
1543 1633 1801 1693 operatur
1837 1634 1887 1679 et
1919 1640 2013 1695 ego

415 1730 624 1785 doperor
649 1717 692 1779 ⁸,
722 1716 768 1768 si
802 1716 1013 1769 creditis
1042 1716 1098 1769 in
1125 1714 1291 1769 Deum
1322 1726 1371 1769 et
1400 1716 1454 1769 in
1490 1731 1573 1769 me
1613 1715 1847 1781 creditis,
1878 1714 2013 1770 uado

2115 522 2159 576 A
2191 521 2330 577 Filio
2356 522 2491 578 nihil
2531 522 2715 578 audiat
2761 535 2979 590 sponsa,
3019 521 3163 590 quod
3210 533 3319 574 non
3373 526 3463 573 est
3518 517 3693 587 sponsi

2115 613 2221 668 sui.
2254 613 2313 669 Si
2342 614 2557 684 quidem
2587 629 2693 669 non
2720 612 2847 669 licet
2886 627 3097 682 sponsae
3128 610 3361 666 alienam
3412 610 3695 681 suscipere

2116 703 2172 759 in
2218 703 2439 759 auribus
2478 719 2701 768 "vocem,
2734 706 2899 761 etiam
2932 704 2980 759 si
3001 702 3210 759 Paulus
3263 705 3431 758 dicat.
3491 703 3604 759 Sed
3646 714 3695 757 ut

2114 809 2221 850 non
2248 794 2518 852 dubitaret
2541 810 2739 865 sponsa
2774 795 2843 851 de
2893 794 3082 862 Paulo,
3119 795 3199 850 ait
3230 796 3344 866 ipse
3376 815 3391 852 :
3431 794 3518 852 An
3546 812 3696 866 expe-

2114 886 2391 942 rimentum
2404 889 2649 958 quaeritis
2669 888 2784 957 ejus
2802 888 2894 956 qui
2918 888 2974 941 r‘n
3001 903 3082 941 me
3099 886 3605 954 loquitur‘CItristus
3628 887 3697 942 υτ

2108 979 2447 1052 Desponsavi
2476 981 2619 1036 enim
2650 994 2774 1049 vos,
2816 981 3008 1052 inquit,
3047 982 3163 1036 viro
3202 980 3327 1046 uni;
3362 996 3471 1037 non
3503 989 3687 1036 tamen

2114 1074 2334 1145 populo,
2390 1073 2487 1130 sed
2546 1073 2640 1128 uni
2700 1073 2978 1144 unigenito
3036 1088 3143 1129 una
3194 1087 3413 1145 sponsa.
3465 1073 3693 1127 Amicus

2115 1165 2259 1221 enim
2311 1164 2495 1237 sponsi
2542 1164 2631 1222 ille
2665 1174 2751 1221 est
2780 1166 2871 1236 qui
2894 1165 3104 1237 gaudet
3129 1166 3197 1222 de
3246 1180 3448 1238 sponsa
3480 1167 3688 1236 sponsi.

2113 1255 2232 1313 Non
2254 1266 2340 1313 est
2368 1256 2530 1312 vidua
2562 1266 2749 1314 saneta
2783 1257 3045 1315 Ecclesia.
3085 1256 3233 1314 Vivit
3271 1259 3418 1315 enim
3463 1259 3558 1329 qui
3598 1274 3694 1329 pro

2112 1349 2227 1420 ipsa
2257 1357 2341 1404 est
2379 1358 2650 1405 mortuus.
2702 1348 2887 1422 Angeli
2927 1366 3035 1406 non
3082 1362 3367 1408 mortuum
3417 1353 3690 1409 adorant:

2112 1438 2208 1494 sed
2231 1439 2337 1494 vita
2362 1448 2500 1505 erat,
2540 1447 2681 1505 erat,
2702 1430 2843 1507 erat,
2865 1450 2921 1497 et
2947 1450 3052 1507 est,
3089 1451 3145 1496 et
3179 1457 3283 1497 non
3333 1451 3519 1499 cessat
3553 1457 3689 1499 esse.

2112 1519 2480 1601 Neque'enim
2504 1532 2671 1601 cmpit
2694 1545 2726 1586 a
2757 1531 3126 1602 temporibus;
3152 1546 3339 1603 neque
3369 1534 3609 1588 cessavit
3639 1533 3689 1588 in

2113 1621 2310 1678 saecula
2357 1622 2459 1696 (Δ).
2511 1620 2753 1693 Regnum
2801 1624 2946 1679 enim
2998 1622 3115 1693 ejus
3146 1639 3251 1680 non
3293 1625 3459 1681 habet
3489 1626 3688 1689 ﬁnem:

2117 1715 2245 1787 quia
2278 1730 2384 1772 non
2412 1716 2709 1787 temporale
2747 1717 3030 1788 imperium
3074 1715 3192 1786 ejus
3225 1726 3328 1784 est,
3369 1718 3470 1774 sed
3504 1733 3696 1789 perpe-

416 1782 506 1861 vad
537 1805 750 1862 Patrem
791 1823 962 1861 meum
987 1807 1030 1864 ⁷.
1055 1805 1271 1862 Gratias
1305 1807 1436 1877 agit,
1467 1814 1610 1872 orat,
1652 1806 1793 1862 viam
1819 1815 2018 1862 semet-
2046 1782 2090 1839 Β
2119 1782 2290 1863 tuum.
2337 1782 2572 1879 Tempus
2604 1809 2751 1865 enim
2794 1782 3341 1877 resurrectionis'est,
3382 1818 3441 1865 et
3479 1782 3695 1883 tempus

420 1898 609 1968 ipsum
636 1908 816 1965 vocat,
853 1907 913 1952 ut
947 1913 1213 1969 agnoscas
1249 1898 1315 1954 ad
1346 1913 1508 1969 quem
1553 1898 1705 1956 vadis
1736 1917 1751 1955 :
1787 1898 2011 1969 januam

414 1992 783 2060 semetipsum
810 1990 942 2045 dicit
969 1997 1015 2055 ο,
1045 1999 1106 2045 ut
1129 2004 1393 2060 agnoscas
1433 1990 1501 2045 ad
1535 2004 1693 2060 quem
1733 1989 2007 2061 ingredie-

428 2085 513 2138 ris
551 2101 565 2137 :
598 2082 786 2150 Pater,
813 2082 1012 2152 inquit,
1041 2099 1187 2137 meus
1218 2082 1453 2153 agricola
1476 2090 1577 2149 est,
1608 2093 1657 2138 et
1679 2099 1771 2154 ego
1797 2084 1914 2139 uitis
1936 2084 1965 2116 ¹
1993 2101 2010 2140 :

417 2175 561 2230 Vitis
601 2184 657 2229 et
708 2176 945 2244 agricola
985 2190 1127 2255 unus
1182 2175 1300 2230 est?
1353 2173 1505 2231 lianc
1549 2177 2010 2247 comparationem

427 2266 693 2323 Dominus
719 2267 875 2336 dixit,
912 2276 971 2323 ut
1003 2282 1072 2323 ne
1098 2267 1220 2339 quis
1244 2283 1330 2324 me
1363 2268 1741 2339 reprehendat.
1776 2267 1890 2339 Ego
1912 2282 2011 2322 au-

421 2367 542 2414 tem
584 2361 707 2415 volo
730 2368 790 2415 ut
818 2375 904 2416 me
941 2362 1156 2431 quidem
1203 2374 1394 2416 omnes
1430 2361 1680 2418 homines
1718 2360 2013 2429 reprehen-

420 2451 609 2504 dant:
642 2464 743 2519 ego
781 2460 964 2504 autem
1012 2449 1179 2505 volo:
1224 2450 1438 2506 Domini
1486 2462 1669 2505 autem
1700 2448 2012 2506 custodiant

427 2540 617 2596 verba.
653 2540 904 2594 Descendi
935 2539 999 2593 de
1037 2540 1165 2594 ctelo
1206 2548 1264 2593 ut
1299 2540 1495 2609 faciam
1531 2539 1852 2595 voluntatem
1894 2540 2008 2607 ejus

429 2633 525 2702 qui
562 2646 644 2685 me
673 2630 813 2685 misit
832 2631 884 2662 ‘"
910 2649 927 2684 τ
957 2628 1192 2686 obedivit
1234 2638 1412 2686 autem
1436 2645 1609 2700 usque
1656 2630 1723 2684 ad
1756 2641 2005 2687 mortem.

432 2720 544 2776 Sed
582 2722 709 2789 quid
761 2736 905 2776 nunc
941 2736 1076 2790 opus
1103 2730 1188 2778 est
1215 2719 1408 2776 Pauli?
1447 2736 1753 2790 quanquam
1782 2730 1835 2776 et
1866 2718 2009 2774 Pau-

418 2811 519 2867 ‘lus
547 2827 656 2866 non
684 2813 998 2867 testimonio
1027 2828 1127 2869 suo
1156 2813 1336 2882 dicat;
1382 2821 1557 2868 tamen
1591 2814 1716 2883 quia
1756 2814 1873 2885 ipse
1903 2812 2010 2868 Do-

432 2906 611 2960 minus
650 2920 754 2959 non
795 2906 1033 2971 auditur,
1074 2915 1134 2961 ut
1162 2906 1291 2975 quid
1327 2905 1393 2960 de
1431 2905 1742 2961 domesticis
1771 2906 1887 2976 ejus
1923 2914 2010 2959 est

420 2998 655 3053 sermo?
683 2998 771 3051 Vis
804 3012 934 3052 sane
964 2998 1232 3052 honorare
1258 2995 1477 3063 Filium,
1511 3008 1569 3051 ut
1601 2998 1715 3051 vult
1752 2998 1862 3063 ille,
1899 3012 2005 3053 non

433 3100 492 3142 ut
516 3098 570 3142 tu
596 3089 694 3143 vis.
716 3087 848 3141 Num
872 3089 917 3143 si
944 3089 1149 3143 dixeris
1173 3103 1274 3142 non
1306 3098 1407 3153 est,
1434 3089 1733 3154 houorasti,
1758 3090 1803 3143 si
1832 3089 2001 3144 inter-

418 3182 631 3234 emeris
674 3194 833 3249 quem
884 3195 990 3233 non
1058 3188 1347 3248 potuerunt
1396 3179 1601 3235 Judaei?
1642 3179 1811 3236 Judaei
1861 3183 2005 3236 enim

419 3271 759 3326 fubriﬁlium
806 3286 929 3325 eum
970 3278 1317 3341 putaverunt,
1344 3281 1398 3325 et
1428 3280 1488 3325 ut
1518 3270 1658 3326 fabri
1710 3271 1877 3327 ﬁlium
1924 3272 2010 3327 in-

422 3362 796 3429 terfecerunt;
855 3373 907 3416 tu
947 3371 1019 3417 ‘ut
1067 3361 1262 3417 Filium
1315 3362 1407 3416 Dei
1458 3360 1749 3418 interﬁcis.
1799 3361 1906 3417 Sed
1948 3374 2004 3418 tu

423 3454 702 3520 morieris,
745 3470 850 3509 non
889 3453 995 3509 ille.
1033 3454 1150 3510 Non
1179 3453 1321 3511 enim
1367 3467 1432 3508 ex
1469 3454 1556 3509 his
1588 3468 1708 3524 qua:
1762 3462 1821 3510 tu
1850 3455 2005 3519 dicis,

430 3546 522 3599 ille
552 3560 662 3599 non
702 3554 785 3599 est
820 3558 836 3597 :
867 3545 961 3599 sed
1005 3560 1072 3600 ex
1121 3545 1202 3600 his
1232 3544 1352 3614 quae
1391 3560 1496 3599 non
1538 3546 1737 3613 credis,
1786 3554 1840 3601 tu
1899 3561 2006 3602 nou

430 3639 558 3692 eris.
582 3636 716 3704 Quae
760 3639 962 3708 scripta
1011 3649 1136 3693 sunt
1168 3639 1353 3704 dicito,
1386 3644 1441 3694 et
1471 3638 1883 3710 derelinquetur
1912 3638 2000 3695 lis.

429 3729 545 3783 Non
582 3745 764 3784 meum
781 3738 848 3783 iet
883 3739 1056 3795 tuum,
1087 3730 1181 3784 sed
1222 3745 1341 3800 qua:
1383 3730 1689 3786 communia
1734 3740 1861 3786 sunt
1900 3730 2003 3786 Ec-

428 3822 625 3875 clesiae.
661 3821 793 3887 Quis
815 3821 957 3874 enim
1001 3828 1055 3875 te
1079 3819 1321 3889 judicat?
1349 3820 1479 3889 quid
1520 3820 1690 3876 habes
1721 3821 1865 3890 quod
1894 3836 2005 3877 non

428 3911 721 3979 accepisti?
754 3909 871 3964 Non
902 3912 1001 3965 ista
1023 3917 1106 3964 est
1134 3924 1234 3964 vox
1272 3907 1425 3964 Pauli
1448 3909 1540 3979 qui
1572 3909 1650 3964 ait
1679 3926 1694 3964 :
1734 3908 1822 3965 Ex
1855 3920 2007 3980 parte

428 4002 783 4071 agnoscimus,
818 4010 869 4054 et
898 3996 964 4055 ea:
993 4011 1142 4070 parte
1175 4001 1546 4069 prophetamus
1587 4001 1672 4056 “i
1720 3999 1846 4057 Haec
1872 4002 2006 4057 dixit

429 4093 646 4159 Paulus,
689 4108 757 4147 ne
800 4106 930 4147 sane
980 4091 1126 4146 solus
1166 4100 1448 4161 putaretur
1496 4106 1562 4147 ex
1602 4101 1778 4162 parte,
1826 4092 1922 4147 sed
1950 4101 2007 4146 et

428 4184 679 4253 Apostoli
713 4200 833 4237 cum
858 4185 974 4253 ipso
1003 4183 1094 4253 qui
1130 4186 1394 4249 ait,.nunc
1412 4184 1648 4240 uidemus
1690 4200 1784 4256 per
1816 4200 2007 4256 specu-

428 4276 538 4329 lum
577 4274 641 4329 η.
669 4273 773 4328 Sed
806 4274 1004 4329 Paulus
1035 4288 1130 4343 per
1162 4274 1480 4342 speculum;
1512 4285 1567 4329 tu
1593 4285 1777 4331 autem
1806 4288 1861 4331 et
1883 4276 2005 4332 istic

427 4370 537 4438 jam
556 4368 633 4423 vis
679 4366 816 4422 facie
844 4368 910 4421 ad
928 4366 1120 4423 faciem
1147 4381 1325 4423 nosse.
1352 4366 1821 4434 Quemadmodum
1873 4381 2005 4424 sane

2114 1898 2323 1954 salutis.
2353 1898 2470 1956 Non
2500 1900 2800 1956 moriamur
2824 1914 2975 1971 ergo,
3016 1915 3139 1955 cum
3172 1900 3436 1956 debemus
3476 1903 3686 1957 vivere.

2114 1987 2221 2045 Sed
2245 1977 2389 2045 nunc
2410 1990 2628 2061 quidem
2652 1991 2839 2061 paucis
2864 1991 2935 2046 ob
2956 1992 3282 2047 memoriam
3329 2001 3384 2047 et
3421 1993 3688 2048 hancrem

2112 2080 2290 2138 Patris
2317 2082 2461 2138 illius
2492 2083 2687 2149 nostri,
2723 2083 2798 2138 ita
2833 2083 2986 2149 boni,
3024 2085 3098 2138 ita
3144 2082 3433 2148 laboriosi,
3484 2094 3545 2140 et
3593 2100 3692 2156 pro

2112 2166 2369 2229 Ecclesiis
2397 2171 2600 2242 ubique
2618 2171 2876 2243 vigilante
2901 2172 2983 2244 (5)
3012 2174 3155 2229 dicta
3198 2174 3309 2229 sint
3363 2174 3549 2230 nobis.
3593 2173 3692 2230 Ne-

2109 2281 2218 2338 que
2242 2265 2386 2322 enim
2414 2265 2628 2337 generis
2663 2264 2814 2334 ejus:
2838 2266 3153 2322 memoriam
3201 2267 3454 2333 fecimus,
3518 2283 3693 2339 neque

2110 2359 2467 2426 educationis,
2514 2367 2609 2413 aut
2662 2357 3010 2425 eruditionis,
3066 2369 3160 2414 aut
3208 2359 3436 2415 alterius
3486 2359 3615 2414 vita
3640 2367 3693 2413 et

2115 2450 2398 2524 propositi.
2431 2448 2710 2505 Suliicient
2731 2450 2877 2504 enim
2916 2448 2971 2505 in
3014 2450 3251 2507 Ecclesia
3288 2451 3381 2506 Dei
3418 2450 3487 2506 de
3532 2450 3691 2505 Patre

2113 2553 2170 2598 et
2208 2541 2347 2597 Filio
2392 2541 2536 2610 loqui
2598 2540 2695 2612 (6).
2741 2540 2914 2612 Loqui
2969 2542 3167 2613 quippe
3206 2542 3463 2611 dicihilia,
3515 2551 3689 2598 tacere

2111 2642 2289 2688 autem
2329 2645 2449 2702 qua!
2470 2631 2681 2688 occulta
2728 2641 2874 2687 sunt.
2910 2632 3249 2703 Tinguamur
3286 2633 3487 2688 fratres
3522 2633 3577 2687 in
3612 2634 3692 2687 his

2094 2714 2231 2794 qua;
2258 2724 2314 2779 in
2340 2724 2635 2794 Scripturis
2684 2724 2884 2794 scripta
2925 2737 3076 2790 sunt,
3118 2741 3222 2780 non
3263 2732 3321 2780 ut
3363 2739 3555 2779 vacum
3601 2723 3689 2779 lit-

2112 2824 2242 2870 terae
2267 2816 2653 2886 prophetarum
2685 2824 2744 2869 ut
2770 2815 2995 2871 Judmis.
3019 2816 3098 2871 llli
3122 2817 3269 2872 enim
3309 2817 3598 2871 adversum
3630 2830 3688 2870 se

2109 2905 2326 2977 legunt;
2362 2906 2601 2976 legentes
2638 2906 2782 2961 enim
2815 2904 3026 2961 litteras
3069 2916 3126 2961 et
3172 2921 3277 2961 non
3324 2907 3683 2975 suscipientes

2110 3000 2391 3069 negotium
2417 3013 2483 3055 ex
2522 2998 2605 3053 his
2631 2999 2826 3069 quibus
2871 2998 3056 3070 legunt
3074 2999 3175 3070 (7),
3201 2999 3528 3068 semetipsos
3560 3014 3684 3054 con-

2033 3121 2079 3180 c
2111 3090 2476 3161 demuantqui
2512 3100 2797 3145 excusant.
2840 3088 3029 3146 Videte
3057 3104 3125 3144 ne
3169 3090 3448 3161 patiamur
3475 3104 3541 3144 ea
3567 3106 3684 3162 qua

2112 3182 2313 3238 Judaeis
2352 3182 2718 3251 increpamus.
2759 3180 2815 3236 Si
2858 3183 3004 3237 enim
3047 3182 3278 3239 dicimus
3319 3180 3544 3248 Filium,
3586 3197 3689 3236 non

2111 3273 2435 3329 conﬁtemur
2469 3283 2649 3327 autem
2677 3272 2896 3337 Filium,
2923 3282 2978 3329 et
3002 3274 3046 3328 si
3075 3273 3422 3343 agnoscimus
3450 3272 3689 3337 Patrem,

2110 3377 2427 3432 spernamus
2465 3373 2645 3417 autem
2691 3363 2941 3429 Patrem;
2985 3362 3079 3417 illa
3122 3363 3238 3435 ipsa
3280 3378 3403 3435 qua
3428 3364 3689 3433 legimus.

2117 3455 2233 3527 ipsa
2265 3454 2505 3511 nobisin
2554 3456 2641 3511 die
2663 3453 2851 3525 judicii
2892 3454 3139 3526 legentur
3172 3454 3242 3510 ad
3277 3455 3690 3510 condemnatio-

2123 3565 2269 3605 nem.
2300 3549 2433 3606 Dicit
2499 3548 2643 3605 enim
2678 3547 2985 3605 Dominus:
3019 3541 3254 3613 Egovnon
3265 3543 3454 3615 judico
3500 3549 3571 3611 “,
3602 3544 3693 3601 sed

2114 3655 2299 3696 sermo
2325 3655 2490 3712 quem
2552 3639 2764 3695 locutus
2810 3646 2895 3693 est
2940 3636 3061 3709 ipse
3113 3650 3237 3691 eum
3281 3634 3517 3703 judicat.
3551 3633 3694 3687 Dixit

2112 3732 2231 3800 tibi,
2262 3734 2388 3803 quia
2421 3732 2557 3786 vado
2600 3732 2671 3787 ad
2730 3731 2943 3788 Patrem
2998 3744 3176 3785 meum
3225 3726 3368 3782 Dixit
3419 3724 3543 3790 tibi,
3568 3726 3692 3796 quia

2109 3821 2309 3877 missus
2331 3836 2361 3875 a
2387 3818 2553 3874 Patre
2589 3831 2746 3883 sum;
2772 3827 2828 3872 et
2848 3827 2904 3871 tu
2926 3815 3062 3871 dicis
3079 3815 3208 3886 quia
3231 3830 3337 3869 non
3359 3822 3446 3869 est
3467 3812 3694 3869 missus?

2108 3913 2201 3967 sed
2224 3912 2339 3982 ipse
2359 3920 2442 3966 est
2467 3910 2559 3981 qui
2585 3910 2701 3965 haec
2716 3908 2874 3975 dixit,
2895 3918 2951 3964 et
2969 3916 3096 3962 tunc
3115 3904 3375 3975 judicabit
3398 3922 3414 3960 :
3434 3904 3578 3975 leget
3601 3906 3692 3961 tibi

2107 4002 2416 4074 Evangelia,
2433 4002 2587 4057 dabis
2606 4002 2894 4067 rationem,
2913 3999 3057 4055 dicet
3070 4014 3168 4054 cur
3188 3998 3302 4053 haec
3315 3997 3523 4067 scripta
3539 3995 3695 4052 sunt!

2108 4096 2234 4151 Haec
2257 4104 2436 4150 autem
2462 4103 2588 4149 tunc
2615 4107 2719 4149 non
2747 4093 2855 4150 dixi
2882 4106 2980 4162 per
3009 4104 3218 4146 vocem.
3238 4088 3306 4142 Et
3324 4103 3435 4159 qua
3457 4087 3602 4144 facie
3622 4089 3696 4142 vi-

2111 4187 2268 4244 debis
2310 4185 2440 4239 illud
2471 4183 2691 4239 lumen?
2719 4182 2970 4240 Contenti
2996 4182 3167 4236 simus
3189 4179 3439 4245 veritate,
3466 4191 3696 4233 excuse.

2111 4294 2232 4334 mus
2255 4277 2398 4332 lites.
2437 4274 2641 4346 Siquis
2662 4285 2841 4330 autem
2876 4283 2938 4329 et
2980 4273 3128 4329 novit
3163 4270 3372 4341 aliquid
3426 4285 3555 4324 cum
3600 4282 3696 4339 pa-

2115 4370 2300 4426 tientia
2330 4377 2385 4424 et
2424 4384 2529 4424 non
2559 4369 2627 4422 ad
2660 4364 3059 4438 iustigationem
3097 4378 3219 4434 quae
3252 4361 3421 4427 ladit,
3448 4363 3548 4416 sed
3576 4374 3698 4417 cum

426 4458 834 4514 euminterimis
852 4472 1011 4526 quem
1036 4457 1207 4511 vides.
1236 4454 2015 4526 Hasc(2-5)videbamusjsem-
2046 4470 2089 4525 υ
2119 4461 2424 4517 humilitate
2468 4475 2589 4530 qua:
2642 4460 2888 4530 prodest,
2938 4472 3044 4511 non
3086 4467 3146 4509 ut
3195 4453 3426 4521 inimici,
3482 4456 3581 4508 sed
3644 4460 3696 4506 ut

429 4568 525 4623 per
544 4567 574 4605 a
602 4552 762 4607 beato
783 4549 876 4607 illo
896 4550 1035 4606 viro.
1067 4546 1223 4619 Saepe
1237 4548 1380 4603 enim
1402 4546 1720 4603 dicebantur
1758 4550 1825 4603 ab
1844 4556 1928 4617 eo,
1950 4563 2010 4609 ut

427 4645 645 4714 quidam
672 4643 1081 4713 suspicarentur
1121 4656 1216 4696 ore
1246 4639 1462 4712 quidem
1496 4654 1595 4696 suo
1618 4641 1716 4697 ista
1736 4644 2008 4712 proferre,

427 4739 594 4792 Corde
617 4746 796 4791 autem
825 4735 984 4790 aliter
1008 4734 1230 4789 habere.
1277 4730 1348 4787 Et
1397 4732 1615 4802 quidem
1669 4749 1880 4791 memor
1917 4752 2010 4792 vo-

432 4829 520 4884 bis
548 4844 668 4884 sum
698 4827 916 4882 audisse
945 4840 1033 4881 me
1070 4826 1230 4880 abeo
1265 4833 1455 4881 sancto
1505 4826 1662 4882 nobis
1697 4825 2009 4896 iuramento

429 4920 789 4985 satisfecisse,
815 4921 942 4991 quia
966 4933 1071 4974 non
1101 4917 1245 4973 aliud
1277 4918 1332 4972 in
1367 4918 1571 4989 lingua,
1606 4926 1662 4974 et
1695 4919 1839 4973 aliud
1866 4930 2010 4976 esset

430 5019 486 5073 in
521 5017 687 5074 corde
712 5015 862 5086 ejus;
896 5013 993 5069 sed
1026 5011 1192 5067 corde
1228 5009 1447 5080 quidem
1478 5010 1720 5065 creditur
1742 5011 1810 5064 ad
1841 5010 2007 5081 justi-

430 5105 697 5169 tiam,ore
714 5112 896 5157 autem
927 5100 1216 5156 conﬁtetur
1250 5100 1317 5154 ad
1340 5100 1569 5155 salutem
1611 5116 1627 5156 :
1665 5101 1807 5156 unde
1841 5101 2005 5173 igitur

501 5221 521 5251 ⁸
544 5219 701 5277 Joan.
728 5234 804 5283 xl,
834 5219 925 5284 41,
959 5218 1049 5272 42.
1118 5218 1140 5251 ’⁵
1177 5217 1333 5273 Joau.
1363 5234 1475 5284 xtv,
1496 5218 1586 5273 31.

429 5305 486 5354 x,
521 5290 576 5345 9.
685 5290 707 5322 ⁹
740 5290 894 5345 Joan.
936 5305 1026 5356 xv,
1070 5289 1118 5345 l.
1225 5290 1269 5321 ¹⁹
1301 5288 1459 5344 Joau.
1496 5305 1571 5357 Vl,
1601 5290 1692 5346 58.

428 5375 549 5427 vui,
580 5360 669 5416 15.

499 5471 639 5542 (ῑ-ὂ)
676 5470 805 5527 Htec
844 5473 1167 5535 videbamus,
1208 5483 1312 5528 etc.
1357 5473 1522 5528 Henr.
1556 5473 1803 5529 Valesius
1828 5472 1954 5543 legit
1984 5491 2000 5531 :

428 5537 564 5595 Haec
589 5537 931 5596 audiebamus
953 5560 1154 5611 semper
1185 5561 1216 5596 a
1241 5545 1390 5597 beato
1414 5545 1505 5597 illo
1536 5549 1667 5608 viro,
1696 5560 1835 5610 saepe
1862 5537 2002 5600 enim

427 5615 515 5684 ita,
543 5611 847 5684 dicebantur
890 5615 954 5666 ab
1005 5629 1085 5684 eo,
1126 5624 1180 5666 ut
1211 5615 1425 5683 quidam
1474 5617 1869 5684 suspicarentur
1914 5632 2002 5670 ore

427 5683 637 5750 quidem
652 5697 779 5750 eum
811 5683 913 5735 ista
944 5682 1201 5750 proferre,
1224 5682 1333 5737 etc.

502 5749 581 5815 (4)
611 5749 793 5815 Neque
815 5749 1052 5808 cessavit.
1078 5750 1241 5808 Forte
1282 5769 1443 5818 neque
1469 5754 1714 5810 cessabit.

1687 5220 1709 5252 '
1738 5217 1893 5274 Joan.
1926 5228 2043 5284 vtu,
2086 5220 2178 5277 i9.
2256 5217 2451 5273 'Joan.
2485 5233 2536 5282 v,
2573 5217 2659 5279 ΓΙ,
2705 5214 2795 5270 36.

1790 5290 1831 5321 “
1865 5291 1881 5345 Ι
1910 5290 2035 5345 Cor.
2075 5306 2196 5359 xm,
2221 5292 2275 5348 9.

2114 4554 2431 4618 Christiani,
2474 4569 2580 4607 non
2636 4561 2695 4606 ut
2746 4552 2799 4605 in
2847 4551 3021 4615 circo,
3075 4548 3168 4603 sed
3209 4556 3269 4600 ut
3317 4546 3371 4600 in
3429 4544 3696 4602 Ecclesia.

2123 4645 2312 4700 llabcs
2364 4642 2569 4714 aliquid
2614 4659 2629 4697 :
2675 4644 2829 4697 trade
2882 4656 2987 4696 non
3049 4656 3169 4695 cum
3222 4639 3337 4702 lite,
3389 4654 3499 4693 non
3546 4639 3697 4709 quasi

2116 4749 2328 4801 auctor,
2367 4737 2462 4793 sed
2504 4750 2824 4793 ammonens
2850 4748 2913 4789 ea
2943 4748 3064 4805 quae
3096 4732 3335 4787 didicisti
3386 4746 3420 4786 ι
3451 4730 3692 4800 Scriptu-

2116 4831 2213 4885 ris.
2250 4829 2499 4884 Retinete
2520 4828 2657 4893 haec,
2686 4835 2742 4882 et
2772 4825 3066 4881 cessabitis
3097 4823 3261 4885 alite,
3300 4831 3355 4876 et
3393 4822 3464 4876 ab
3497 4819 3694 4876 Eccle~

2116 4922 2193 4977 sia
2231 4920 2474 4989 separari
2520 4918 2711 4974 nolite.
2762 4914 2820 4972 Si
2866 4931 2967 4987 ego
3015 4915 3205 4980 deliro,
3248 4913 3379 4982 quid
3413 4912 3485 4967 ad
3535 4911 3627 4966 te?
3655 4911 3694 4965 si

2115 5029 2217 5084 ego
2248 5012 2427 5068 aliena
2462 5011 2679 5083 loquar,
2714 5025 2798 5065 me
2822 5006 3009 5078 judica
3041 5015 3097 5062 et
3124 5006 3350 5077 perdere
3376 5002 3689 5059 noli.0cca-

2112 5105 2320 5159 sionem
2351 5101 2519 5157 nolite
2559 5113 2805 5170 quaerere
2844 5097 2910 5153 ad
2957 5095 3271 5153 schismata.
3302 5092 3432 5148 Ovis
3454 5106 3579 5162 qua
3605 5105 3691 5145 ex-

2898 5211 3076 5268 ’Joan.
3104 5225 3215 5272 xxv,
3243 5208 3298 5273 l,
3327 5208 3420 5264 28.
3497 5206 3521 5239 ⁸
3542 5206 3670 5261 Joan

2830 5284 2873 5317 ⁸³
2895 5282 2936 5337 ιι
2962 5282 3090 5337 Cor.
3143 5296 3262 5344 xm,
3296 5280 3351 5334 '5.
3457 5277 3506 5310 “
3534 5276 3683 5333 Joau.

2373 5292 2415 5321 ι’
2456 5290 2609 5353 ibid.,
2646 5285 2732 5340 l2.

2185 5472 2264 5543 (5)
2310 5467 2687 5543 Vigilante.li.
2725 5466 2986 5543 Valesius
3010 5463 3141 5543 legit
3164 5462 3453 5543 uigilantis.

2169 5528 2633 5629 ‘Mszsuﬁicit
2671 5540 2810 5594 enim
2846 5540 2899 5591 in
2940 5528 3180 5591 Eccl'esia
3212 5528 3311 5587 Dei
3348 5534 3415 5587 de
3453 5528 3675 5585 Pam!

2114 5613 2486 5807 ﬁliiﬁlii.
2529 5680 2714 5753 quibus
2743 5678 2938 5751 legunt.
2971 5674 3160 5732 Grazco
3183 5688 3356 5741 more,
3392 5688 3490 5745 pro
3516 5686 3576 5729 es
3602 5666 3673 5722 his

2114 5773 2224 5807 om
2272 5771 2404 5807 conn
2437 5793 2451 5807 .

2107 5773 2224 5816 aute
2251 5771 2451 5816 thunt.
