3810 6218
220 266 246 319 ι
259 263 364 322 069

1315 245 1403 304 ne
1438 236 2040 304 nestmnecttoxr‘t.
2082 280 2134 289 —
2190 238 2316 300 LIB.
2360 239 2402 300 ι.

3332 239 3350 293 I
3361 237 3464 296 070

213 379 296 425 tra
322 381 537 440 gregem
567 376 670 434 est,
702 382 832 441 pars
867 375 978 441 lupi
1013 382 1117 428 est.
1151 358 1285 427 Nam
1316 374 1417 429 etsi
1451 374 1641 429 fortior
1671 374 1791 429 ovis
1820 380 1867 436 Α
1897 376 2006 429 tres
2042 395 2054 429 ε
2098 389 2201 428 non
2246 366 2509 427 faciamus
2548 362 2950 431 conventicula,
2992 379 3103 419 non
3156 362 3464 435 Speluncas.

214 478 294 525 es,
322 462 543 531 expedit
594 452 692 518 ti-bi
744 462 883 517 infra
941 465 1176 536 parietes
1225 467 1383 522 ovilis
1433 482 1575 533 esse,
1624 482 1786 535 quam

213 554 384 610 foras.
416 553 596 610 Fortis
632 569 712 618 es,
756 564 910 624 porta
963 572 1137 611 meam
1181 558 1553 613 inﬁrmitatem
1587 561 1604 612 ‘:
1641 558 1793 612 infir-

212 662 335 703 mus
368 662 451 714 es,
478 648 663 717 accipe
686 650 947 707 medelam
975 667 1005 707 a
1028 652 1299 708 communi
1332 653 1572 709 Ecclesia
1600 672 1614 709 :
1639 661 1791 724 gutta

210 756 321 799 una
383 752 679 799 torrentem
741 758 849 798 non
898 736 1051 799 facit.
1106 742 1163 798 Si
1210 743 1357 797 enim
1404 750 1459 798 et
1509 744 1789 809 ceciderit,

209 845 504 903 antequam
541 835 721 901 cadat,
751 851 778 887 a
810 826 953 889 terra
992 832 1335 889 absorbetur.
1377 832 1541 889 'Gutta
1582 842 1790 900 autem,

211 934 269 983 et
306 928 481 1000 gutta,
514 938 570 983 et
593 936 742 997 gutta
772 926 935 982 etiam
981 935 1190 981 montes
1233 928 1450 982 evertit.
1498 924 1679 983 Canna
1732 941 1793 983 es

214 1011 446 1090 fragilis,
479 1018 633 1074 multi
664 1027 843 1074 autem
895 1007 1044 1072 ferro
1093 1024 1221 1071 sunt
1274 1015 1549 1073 fortiores.
1591 1017 1794 1074 Oculus

213 1112 365 1167 solus
392 1122 498 1165 non
524 1119 607 1165 est
628 1109 842 1175 oculus,
875 1124 1050 1179 neque
1072 1118 1446 1180 caputcaput,
1484 1122 1660 1181 neque
1698 1125 1794 1181 pes

211 1219 335 1275 pes.
374 1202 706 1273 Compositio
752 1202 895 1258 enim
944 1202 1312 1257 membrorum
1372 1210 1540 1256 letum
1592 1205 1792 1257 bonum

212 1289 367 1346 facit.
414 1289 546 1345 Nam
578 1288 680 1345 etsi
724 1296 875 1345 esses
909 1287 1121 1356 oculus,
1169 1290 1406 1354 ablatus,
1432 1305 1556 1346 eras
1594 1304 1791 1348 caecus.

210 1386 259 1439 Α
283 1396 506 1452 corpore
534 1382 678 1436 enim
709 1380 955 1436 sublatus
978 1378 1193 1446 oculus,
1226 1393 1403 1436 caecus
1446 1389 1532 1438 est
1575 1383 1793 1447 oculos,

210 1474 390 1544 magis
421 1480 601 1529 autem
642 1481 906 1527 mortuus.
934 1472 990 1527 In
1021 1472 1263 1528 Ecclesia
1297 1472 1495 1528 fratres
1546 1477 1648 1529 sub
1683 1476 1795 1531 alas

211 1564 406 1621 matris
430 1563 820 1620 conveniamus
849 1574 866 1624 :
896 1564 949 1618 in
973 1560 1215 1619 Ecclesia
1260 1565 1313 1618 in
1342 1577 1446 1634 qua
1474 1569 1793 1622 ornamenta

213 1672 429 1728 sponsae
456 1664 601 1723 sunt,
630 1664 684 1711 et
713 1656 955 1711 membra
977 1654 1202 1721 Christi,
1233 1671 1340 1711 non
1370 1658 1437 1713 ad
1479 1657 1794 1723 schismata,

1894 466 2059 522 Forte
2100 468 2242 522 enim
2298 464 2529 536 apostoli
2587 463 2704 517 haec
2751 458 3065 514 fundarunt.
3100 456 3217 512 Non
3261 456 3466 528 lapides

1893 557 2035 623 dico,
2077 558 2171 613 sed
2207 558 2419 628 negotia
2459 568 2664 611 rerum.
2700 553 2830 609 Exis
2869 552 2938 607 ab
2968 550 3235 616 Ecclesia,
3280 560 3339 607 et
3380 564 3466 607 re-

1891 649 2093 722 linquis
2131 660 2361 706 matrem
2405 658 2550 705 tuam
2580 654 2802 719 prepter
2852 659 2958 699 me.
2987 643 3125 709 Quid
3158 658 3277 699 sum
3321 642 3466 699 enim

1893 758 2017 815 ego,
2051 748 2145 799 aut
2182 742 2408 806 Paulus,
2434 749 2529 795 aut
2562 738 2750 808 Apollo
2773 736 2895 807 quis
2930 736 3050 790 est?
3097 736 3171 789 De
3197 750 3282 791 me
3321 744 3378 789 et
3414 743 3467 791 te

1894 836 1999 891 erit
2030 850 2230 891 sermo.
2263 832 2401 888 Num
2437 842 2537 904 ego
2578 829 2873 886 cruciﬁxus
2919 828 3077 883 sum?
3104 827 3347 881 Necdum
3399 839 3468 882 ne

1894 926 2111 996 quidem
2135 926 2344 997 alapam
2370 924 2577 995 accepi.
2610 922 2653 976 E
2674 920 2950 976 contrario
2985 930 3184 984 autem,
3218 930 3273 974 et
3297 919 3469 974 hono-

1895 1026 2047 1073 ratus
2097 1029 2216 1073 sum
2269 1024 2489 1087 pr0pter
2536 1012 2742 1069 Iesum.
2796 1015 2863 1069 Et
2904 1012 2995 1068 ille
3032 1011 3249 1083 quidem
3300 1010 3468 1065 multa

1898 1124 2089 1180 passus
2112 1117 2195 1164 est
2224 1117 2443 1179 propter
2465 1120 2551 1161 me
2583 1124 2600 1159 :
2639 1121 2739 1174 ego
2777 1115 2956 1161 autem
3008 1104 3307 1159 h0noratus
3341 1118 3463 1158 sum

1897 1211 2118 1273 propter
2156 1202 2352 1270 ipsum.
2398 1198 2467 1254 Et
2494 1214 2593 1254 nos
2626 1198 2844 1267 quidem
2895 1196 3157 1253 feriamur
3206 1195 3471 1253 adversus

1896 1309 2140 1357 crucem,
2185 1301 2240 1348 et
2284 1292 2577 1347 adversum
2615 1304 2739 1344 eum
2773 1288 2864 1359 qui
2911 1299 3127 1358 propter
3168 1303 3266 1343 nos
3311 1288 3384 1343 fel
3418 1295 3471 1343 et
3522 1324 3525 1327 -

1898 1394 2109 1441 acetum
2150 1384 2305 1447 bibit,
2338 1391 2392 1439 et
2417 1381 2746 1453 imponimus
2789 1380 2841 1435 ei
2874 1380 3059 1450 spinas
3100 1381 3271 1452 magis
3301 1394 3471 1451 quam

1898 1477 2086 1543 Judaal,
2110 1485 2165 1532 et
2196 1476 2479 1531 eII‘odimns
2512 1487 2706 1529 manus
2747 1472 2864 1543 ejus
2908 1481 2964 1529 et
3002 1471 3190 1542 pedes,
3234 1481 3290 1528 et
3312 1473 3473 1528 dinua

1898 1582 2172 1623 meramus
2192 1565 2308 1635 ejus
2334 1580 2457 1620 ossa
2493 1582 2507 1619 :
2539 1563 2673 1630 Quae
2710 1564 2875 1631 enim,
2910 1563 3109 1633 inquit,
3140 1563 3340 1632 fecistis
3376 1560 3473 1617 uni

1899 1675 1965 1714 ex
1994 1656 2226 1713 minimis
2256 1657 2380 1712 istis
2413 1656 2503 1727 qui
2532 1660 2749 1710 credunt
2791 1656 2847 1709 in
2874 1670 2978 1721 me,
3007 1654 3135 1708 mihi
3183 1654 3377 1722 fecistis
3404 1652 3475 1721 “,

216 1765 327 1805 non
352 1749 418 1804 ad
442 1749 697 1804 haereses.
727 1746 1029 1818 Aquuoties
1048 1747 1194 1803 enim
1227 1748 1350 1805 dico
1380 1767 1393 1803 :
1427 1744 1650 1805 offendit
1678 1765 1794 1804 mea
1833 1758 1877 1819 Β
1904 1759 1997 1803 aut
2031 1748 2235 1803 bonum
2270 1757 2363 1803 aut
2396 1746 2624 1802 malum.
2662 1746 2787 1801 Haec
2818 1745 3016 1801 fratres
3054 1755 3108 1802 et
3155 1746 3209 1800 in
3254 1747 3340 1803 his
3366 1746 3475 1802 fra-

216 1842 397 1911 lingua
426 1858 441 1895 :
475 1849 654 1909 potest
683 1840 796 1893 fieri
825 1848 884 1894 ut
926 1853 1080 1895 mens
1126 1852 1243 1895 mea
1296 1838 1556 1895 offendat.
1606 1840 1711 1896 Sed
1741 1852 1795 1897 tu

214 1933 371 1988 noli:
400 1932 717 1988 obliviscere
758 1927 835 2003 (8)
876 1944 999 1987 eum
1038 1932 1129 2001 Qui
1177 1932 1313 1986 dixit
1355 1948 1370 1985 :
1412 1929 1594 1986 Pretio
1639 1933 1799 2003 empti

216 2026 367 2091 estis,
397 2024 558 2079 nolite
586 2023 703 2092 ﬁeri
732 2023 867 2077 servi
906 2024 1175 2078 hominum
1198 2022 1263 2078 ι’.
1294 2024 1402 2079 Ista
1434 2027 1577 2080 enim
1605 2026 1799 2081 domus

216 2133 329 2173 non
353 2132 470 2174 mea
492 2125 575 2172 est
596 2126 690 2171 aut
718 2126 830 2174 tua.
875 2116 987 2172 Cur
1036 2118 1141 2171 mei
1195 2131 1357 2173 causa
1390 2118 1601 2171 recedis
1633 2132 1661 2171 a
1698 2117 1801 2171 Do-

216 2209 424 2266 minica
470 2209 670 2265 domo?
716 2207 783 2264 Et
833 2209 1008 2278 primo
1049 2208 1264 2279 quidem
1310 2209 1439 2279 quid
1490 2210 1800 2279 accepimus

217 2302 378 2358 nobis
406 2302 531 2372 quia
564 2301 919 2372 sapientiores
948 2300 1203 2356 omnibus
1237 2300 1462 2356 sumus?
1488 2299 1693 2356 Deinde
1740 2308 1803 2354 ut

218 2394 349 2463 quid
374 2394 518 2464 quod
547 2393 600 2447 in
625 2406 787 2462 prece
812 2391 889 2465 (9)
919 2391 1165 2447 diabolus
1199 2391 1383 2457 habet,
1415 2392 1680 2445 donamus
1714 2390 1803 2446 ei?

219 2482 280 2539 Si
317 2499 416 2555 ego
440 2485 686 2539 infirmus
714 2499 854 2548 sum,
897 2492 951 2537 tu
972 2482 1061 2551 qui
1099 2497 1158 2538 es
1180 2480 1353 2547 fortis,
1385 2497 1487 2537 non
1518 2482 1813 2547 recedens,

222 2579 483 2632 conﬁrma
529 2575 853 2632 Ecclesiam.
902 2576 959 2630 Si
1004 2590 1106 2643 ego
1151 2574 1326 2629 aliena
1360 2573 1572 2643 loquor,
1611 2588 1709 2628 cur
1743 2583 1799 2628 tu

224 2668 315 2739 qui
339 2668 479 2723 bene
512 2666 758 2737 loqueris
803 2665 1075 2721 abstrahis
1102 2677 1155 2720 te
1176 2674 1235 2718 ut
1258 2664 1546 2719 videantur
1575 2680 1694 2719 mea
1721 2665 1804 2719 in-

226 2759 470 2814 firmari?
492 2757 558 2812 Et
586 2772 653 2812 ne
679 2757 803 2828 quis
823 2771 908 2812 me
938 2752 1409 2828 putet‘incitatum
1441 2755 1508 2809 ad
1538 2755 1803 2825 quosdam

227 2851 559 2907 dicere:sed
600 2850 668 2905 ab
690 2849 949 2905 exercitio
984 2848 1098 2920 (IO)
1138 2863 1258 2903 sum
1311 2846 1601 2902 multorum
1635 2862 1649 2899 :
1692 2846 1805 2901 scio

234 2952 438 3015 quanta
469 2944 609 2999 dicta
647 2953 774 2999 sunt
824 2949 882 2997 et
921 2943 1192 2997 dicuntur.
1239 2939 1623 3008 Unusquisque
1659 2938 1805 2994 enim

232 3052 481 3109 quaerens
506 3037 647 3092 unde
681 3044 938 3107 pascatur
973 3034 1185 3088 furatur
1208 3032 1343 3104 (11).
1376 3031 1615 3086 Minores
1650 3048 1664 3083 :
1695 3029 1806 3084 fra-

1899 1849 2054 1895 tres:
2090 1855 2197 1895 non
2248 1848 2463 1909 semper
2520 1839 2759 1903 nomina,
2809 1840 2904 1895 sed
2950 1854 3058 1895 res.
3131 1840 3476 1898 Christianus

1898 1932 2040 1986 enim
2069 1947 2251 1997 verus,
2306 1930 2475 1987 frater
2517 1930 2609 1986 sit.
2657 1928 2830 1985 Verus
2884 1930 3226 1987 Christianus
3265 1950 3279 1987 :
3312 1946 3476 1988 verus

1899 2033 1985 2080 est
2033 2025 2177 2080 enim
2239 2024 2508 2081 Christus.
2555 2023 2798 2090 Fratres,
2851 2022 3068 2089 fratres,
3129 2025 3294 2080 nolite
3356 2040 3477 2082 esse

1900 2116 2119 2186 piratae,
2183 2116 2351 2172 nolite
2416 2116 2730 2171 bellatores.
2799 2111 2977 2171 Nolite
3042 2131 3285 2186 quaerere
3348 2132 3473 2173 cum

1902 2224 2007 2277 quo
2078 2208 2330 2279 litigetis,
2398 2209 2491 2264 sed
2544 2224 2702 2279 quem
2782 2208 3022 2264 salvetis.
3100 2207 3217 2278 Ipse
3292 2219 3473 2264 autem

1888 2298 2044 2356 -Deus
2104 2300 2269 2370 pacis,
2320 2300 2410 2370 qui
2456 2316 2561 2355 non
2620 2301 2860 2371 pepercit
2920 2301 3198 2370 unigenito
3229 2315 3327 2356 suo
3379 2299 3473 2355 Fi-

1902 2390 1996 2455 lio,
2031 2400 2086 2446 et
2116 2390 2263 2445 misit
2326 2406 2450 2446 eum
2495 2395 2559 2445 ad
2598 2392 2825 2446 salutem
2875 2401 3138 2457 nostram,
3194 2392 3312 2460 ipse
3349 2406 3472 2446 om-

1903 2483 2050 2537 nium
2094 2492 2337 2537 vestrum
2366 2483 2578 2539 animas
2620 2484 2687 2537 ad
2721 2496 2883 2538 unam
2930 2483 3370 2547 consensionem,
3404 2484 3475 2538 ad

1904 2589 2065 2628 unam
2089 2574 2460 2639 concordiam,
2500 2575 2565 2628 ad
2610 2586 2774 2629 unam
2825 2590 3011 2643 pacem
3053 2585 3110 2630 et
3157 2574 3476 2630 charitatem

1904 2664 2102 2719 adunet
2127 2677 2224 2733 per
2248 2665 2581 2735 unigenitum
2613 2682 2769 2721 suum
2799 2662 2992 2721 Filium
3020 2684 3033 2720 :
3065 2682 3162 2737 per
3200 2682 3361 2738 quem
3392 2675 3480 2723 est

1904 2774 2011 2812 non
2048 2767 2176 2813 nato
2202 2758 2349 2812 Patri
2391 2759 2582 2829 gloria,
2626 2760 2820 2828 honor,
2877 2760 3185 2829 imperium,
3220 2759 3478 2829 maiestas

1906 2850 1960 2906 in
1989 2850 2190 2920 Spiritu
2235 2860 2446 2915 sancto,
2476 2860 2529 2906 et
2562 2866 2702 2906 nunc
2732 2861 2787 2905 et
2823 2865 3056 2922 semper,
3087 2860 3137 2906 et
3168 2864 3263 2921 per
3296 2851 3478 2907 omnia

1907 2937 2103 2992 saecula
2134 2937 2479 2992 saeculorum.
2508 2937 2700 2991 Amen.

929 3176 3468 3220 mw

238 3182 2089 3229 W5

992 3404 1751 3563 EUSEBII
1808 3398 2729 3558 PAMPHILI

811 3702 1039 3815 DE
1166 3690 2902 3814 RESURRECTIONE.

1389 4066 1746 4155 LIBER
1818 4065 2314 4157 PRIMUS.

302 4428 512 4484 Dictum
532 4437 615 4484 est
636 4426 850 4498 quidem
875 4441 903 4481 a
936 4424 1088 4482 nobis
1115 4434 1170 4481 ct
1196 4435 1317 4481 ante
1342 4424 1408 4480 de
1444 4424 1802 4481 resurrectio—
1827 4433 1870 4490 c
1905 4436 2084 4481 autem
2145 4432 2199 4479 et
2233 4438 2352 4493 qua:
2387 4419 2521 4475 lecta
2555 4426 2716 4484 sunt;
2765 4414 2905 4469 forte
2953 4410 3116 4469 etiam
3164 4420 3306 4478 saepe
3330 4405 3489 4461 nobis

227 4535 333 4587 ne;
370 4520 597 4575 audistis
633 4530 687 4574 et
726 4534 822 4573 vos
870 4535 883 4573 :
924 4519 1015 4574 sed
1053 4519 1233 4573 omnia
1295 4526 1537 4585 tempora
1586 4516 1809 4584 exigunt

226 4629 383 4670 suum
430 4613 688 4676 fructum,
727 4610 990 4679 siquidem
1040 4619 1095 4665 et
1150 4610 1201 4663 in
1242 4620 1483 4678 tempore
1535 4624 1806 4673 rosarum,

227 4720 366 4761 rosae
389 4703 695 4759 ﬂorescunt.
736 4703 1047 4773 Agnoscunt
1083 4710 1263 4755 autem
1300 4710 1357 4755 et
1388 4704 1681 4755 secundum
1712 4696 1805 4756 Je—

230 4799 458 4854 remiam
492 4795 568 4861 ",
614 4806 669 4851 et
696 4796 1014 4851 hirundines
1070 4803 1278 4863 tempus
1325 4802 1381 4848 et
1429 4793 1516 4846 alii
1558 4806 1805 4863 passeres

226 4891 382 4960 agri;
413 4904 639 4959 quorum
668 4888 928 4959 propheta
953 4886 1153 4942 faciens
1179 4886 1529 4951 mentionem,
1562 4886 1808 4953 increpa-

228 4982 319 5037 bat
363 4980 527 5036 Israel
561 4980 651 5050 qui
677 4988 917 5049 tempora
958 4976 1261 5048 ignorabat.
1308 4976 1375 5032 Et
1406 4985 1616 5045 tempus
1658 4975 1805 5029 omni

228 5074 311 5129 rei
337 5088 456 5130 .sse
478 5071 912 5140 sapientissimus
946 5069 1080 5123 dixit
1107 5068 1361 5124 Salomon
1385 5069 1450 5125 ".
1483 5067 1616 5135 Quia
1643 5067 1807 5136 igitur

228 5173 445 5233 tempus
480 5160 724 5233 exposcit
753 5160 821 5215 de
853 5158 1249 5214 resurrectione
1280 5157 1523 5221 tractari,
1551 5160 1809 5225 expetunt

1910 4517 2234 4583 dicentibus,
2263 4514 2487 4569 necdum
2519 4510 2736 4581 quidam
2777 4508 2842 4562 de
2871 4500 3269 4561 resurrectione
3297 4508 3487 4553 susce-

1909 4616 2108 4679 perunt
2152 4619 2456 4662 sermonem
2500 4621 2513 4656 :
2556 4600 2691 4654 nihil
2738 4595 2991 4667 prohibet
3026 4602 3270 4661 repetere
3302 4596 3492 4679 noset

1906 4677 2106 4764 denuo,
2140 4707 2195 4752 et
2226 4699 2291 4752 de
2314 4696 2399 4751 his
2430 4691 2562 4764 ipsis
2590 4699 2826 4746 tractare
2850 4687 2916 4740 ι’.
2946 4685 3143 4741 Eadem
3175 4683 3318 4736 enim
3354 4677 3490 4735 scri-

1910 4794 2042 4849 bere
2085 4804 2182 4846 nec
2216 4784 2440 4842 Paulum
2478 4784 2650 4856 piguit
2694 4797 2708 4835 :
2751 4781 2806 4837 hi
2833 4779 2977 4835 enim
3024 4776 3117 4848 qui
3142 4773 3368 4830 credunt
3403 4786 3493 4827 re-

1914 4885 2268 4941 surrectionis
2297 4893 2597 4943 sermones,
2640 4883 2800 4932 erunt
2846 4872 3077 4927 tutiores
3103 4884 3116 4922 :
3148 4866 3286 4925 forte
3308 4873 3490 4919 autem

1913 4976 2005 5045 qui
2029 4976 2257 5031 necdum
2288 4971 2430 5027 suasi
2461 4970 2609 5035 stint,
2637 4964 3029 5022 suadebuntur.
3074 4956 3231 5011 Nunc
3252 4954 3493 5010 creditur

1913 5066 2057 5120 enim
2090 5063 2330 5120 sermoni
2358 5060 2449 5131 qui
2485 5059 2551 5114 de
2582 5054 2975 5113 resurrectione
3001 5050 3267 5110 habetur;
3291 5053 3345 5098 et
3377 5058 3494 5095 ma-

1915 5167 2018 5223 gna
2065 5159 2151 5208 est
2197 5148 2487 5207 multitudo
2519 5161 2625 5201 non
2663 5142 3018 5199 credentium.
3058 5133 3300 5192 Gentiles
3346 5133 3492 5187 enim

304 5301 350 5336 ²⁸
371 5299 394 5356 l
414 5301 539 5358 Cor.
568 5317 644 5368 vr,
668 5300 778 5363 201:
812 5309 865 5356 et
904 5316 998 5368 vn,
1023 5299 1116 5355 25.
1190 5297 1236 5331 ³⁸
1262 5295 1453 5355 Matth.
1484 5310 1614 5363 xxv,
1638 5292 1730 5350 40.

1904 5287 2001 5345 ler.
2023 5301 2145 5350 vm,
2176 5284 2230 5339 7.
2306 5280 2352 5314 ¹⁸
2388 5279 2567 5336 Eccle.
2603 5291 2685 5343 ut,
2713 5277 2800 5330 Π.
2880 5276 2923 5307 ³⁸
2961 5269 3194 5341 Philipp.
3222 5282 3307 5335 ιιι,
3332 5265 3386 5321 Ι.

270 5417 540 5505 ,(8)Νοιὶ
582 5434 601 5473 :
648 5418 971 5473 obliviscere.
1029 5416 1193 5472 Forte
1252 5414 1342 5469 sed
1396 5423 1452 5468 tu
1512 5411 1620 5466 noli
1674 5409 1791 5464 obli

234 5507 360 5547 ‘ml

223 5536 236 5559 ⁸
420 5559 486 5617 In
525 5575 678 5630 prece
716 5558 804 5613 Ἐν
829 5559 985 5630 εὐχῇ,
1020 5557 1074 5612 ἱη
1106 5564 1253 5621 voto,
1285 5555 1339 5611 in
1367 5551 1585 5633 optatis.

335 5634 421 5702 10)
453 5633 527 5684 Ab
568 5631 836 5702 exercitio.
882 5632 934 5683 Id
965 5638 1067 5694 est,
1094 5642 1161 5685 ex
1210 5626 1511 5682 ministerio
1543 5637 1585 5676 m

335 5626 421 5703 iii)
453 5626 535 5684 ΑΒ
568 5631 836 5703 exercitio.
882 5626 1067 5694 Iit—cst,
1094 5642 1161 5685 ex
1210 5626 1511 5682 ministerio
1543 5635 1663 5679 meo
1693 5633 1813 5675 mea

231 5701 412 5763 anno
441 5704 503 5756 ad
535 5701 731 5756 multos
752 5703 1000 5761 pertinet.

1989 5398 2390 5475 (HiFuratur.
2419 5394 2673 5475 Itinera.
2701 5391 2863 5475 Forte
2893 5381 3492 5475 {eranter‘ginoriﬁ

1917 5452 2275 5537 esti—adducit
2304 5482 2402 5535 per
2441 5466 2684 5537 fraudem
2735 5476 2763 5515 e
2789 5452 2913 5537 simi
2954 5456 3207 5513 Ecclesiae
3234 5452 3495 5537 parrulos

1920 5523 2371 5610 invlide,isibique
2401 5535 2682 5610 adiungit;
2698 5532 2837 5610 unde
2865 5529 3043 5584 alatur
3077 5546 3091 5582 :
3128 5525 3316 5610 quales
3354 5524 3390 5579 ii
3426 5523 3498 5579 do

1924 5601 2310 5686 quibusvlutla's
2336 5601 2508 5678 apost.
2534 5605 2619 5669 12,
2644 5601 2956 5671 Ssmstipsos
2985 5605 3271 5669 pauentes.
