3810 6218
266 364 275 371 ·
344 333 515 395 ἽοΉ

1045 323 1317 386 IUSEBII
1352 319 1829 382 CESARIENSIS
1864 316 2013 374 OPP.
2056 315 2234 372 PARS
2270 314 2360 369 ιγ.
2400 344 2469 355 -—
2507 312 2928 369 DOGMATICA.

3492 305 3630 359 107!

372 471 488 512 non
508 451 771 516 creduat;
806 447 1046 505 haeretici
1082 446 1246 504 simili
1272 446 1432 501 modo
1480 445 1671 500 iisdem
1712 457 1818 498 non
1857 441 1947 495 ha-
1976 445 2021 500 Α
2055 437 2200 492 titice
2229 436 2319 505 qui
2346 434 2488 506 apud
2516 448 2615 489 nos
2637 445 2740 498 est,
2768 430 2973 486 humile
3001 428 3271 497 loquatur.
3301 424 3371 480 Et
3398 438 3508 479 non
3541 439 3633 479 co-

375 547 506 604 bent
534 544 693 599 ﬁdem
712 538 926 608 {Judaei
953 538 1109 594 divisi
1137 545 1261 593 sunt
1286 538 1352 592 de
1378 534 1793 591 resurrectione.
1812 531 1949 586 Sad-

379 636 548 695 duczei
577 635 720 689 enim
750 631 1098 701 intercipiunt
1124 628 1236 702 (l2)
1258 629 1733 693 resurrectionem,
1752 624 1947 678 Phari-

379 729 471 786 ,εἰ
500 735 995 792 autem-suscepere
1030 739 1044 775 :
1079 721 1182 775 nisi
1223 720 1396 790 magis
1440 721 1493 772 in
1526 718 1736 787 injuriis
1778 715 1947 785 petie-

366 829 528 884 runt,
565 829 729 887 quam
763 814 1167 868 honoraverunt
1197 830 1210 866 :
1238 813 1378 866 forte
1430 819 1608 863 autem
1661 816 1713 862 et
1760 806 1853 877 qui
1894 806 1947 858 in

366 904 995 969 Ecclesia-conveniunt,
1027 903 1179 957 multi
1210 903 1457 956 dubitant
1495 901 1559 955 de
1597 897 1953 953 resurrectioa

380 1017 484 1068 ne;
508 1013 643 1070 qua:
674 997 814 1052 enim
853 996 1077 1050 necdum
1113 994 1287 1050 oculis
1318 993 1589 1056 videntur,
1631 1006 1663 1045 a
1705 988 1952 1060 plurimis

381 1105 488 1147 non
511 1089 828 1145 creduntur.
854 1083 987 1140 Nam
1010 1095 1063 1140 et
1090 1084 1125 1138 ii
1151 1085 1241 1153 qui
1277 1083 1573 1151 suscipiunt
1601 1081 1952 1135 resurrectio-

362 1178 842 1246 mem,A-constituti
892 1186 1075 1246 utpote
1126 1176 1178 1229 in
1222 1174 1480 1237 Ecclesia,
1531 1173 1693 1228 multa
1751 1172 1955 1226 habent

380 1274 543 1331 dubia
565 1272 635 1326 ἰη-
663 1278 846 1325 mente
876 1270 941 1322 de
980 1267 1095 1337 ipsa
1123 1266 1540 1320 resurrectione.
1576 1264 1743 1317 Aiunt
1774 1264 1951 1324 enim,

368 1362 652 1434 quomodo
672 1357 1058 1429 resurgemus?
1093 1358 1145 1409 in
1180 1371 1286 1424 quo
1336 1356 1545 1416 habitu,
1575 1368 1677 1422 qua
1720 1367 1947 1406 conver-

381 1456 615 1517 satione,
642 1452 694 1506 in
722 1465 828 1519 quo
858 1447 1015 1503 loco?
1046 1447 1171 1501 nudi
1196 1461 1262 1498 an
1282 1444 1502 1499 vestiti?
1533 1441 1956 1497 manducantes?

380 1559 489 1600 non
504 1542 821 1612 (indigentes
842 1538 1004 1593 esca?
1030 1537 1082 1590 in
1100 1535 1255 1600 ctelo,
1273 1536 1326 1588 in
1352 1534 1638 1604 paradiso?
1662 1547 1850 1587 omnes
1879 1532 1956 1586 si-

381 1636 518 1700 mul,
552 1650 621 1688 an
657 1631 749 1686 alii
783 1629 941 1684 alibi?
969 1628 1099 1693 Qum
1124 1625 1450 1681 diversitas?
1496 1634 1675 1677 utrum
1710 1624 1761 1677 in
1801 1622 1953 1687 locis,

360 1738 475 1781 .aut
503 1727 556 1781 in
578 1721 983 1794 dignitatibus?
1022 1719 1089 1775 Et
1119 1720 1184 1773 de
1212 1720 1293 1773 his
1320 1719 1408 1787 qui
1438 1718 1733 1787 puniuntur
1776 1725 1954 1770 utrum

368 1793 694 1885 -et~setnper,
726 1824 817 1867 aut
843 1824 1054 1880 tempus
1076 1810 1314 1879 aliquod,
1340 1818 1395 1863 et
1414 1819 1590 1862 utrum
1624 1821 1835 1876 semper
1862 1822 1959 1875 per
1987 1793 2030 1849 Β

370 1909 699 1979 ἁεηεωνειιι
724 1903 1011 1973 aliquando
1038 1901 1230 1954 aliter?
1257 1900 1322 1953 Et
1352 1910 1529 1953 utrum
1574 1898 1663 1967 qui
1702 1900 1875 1966 plura,
1906 1907 1960 1951 et

356 2012 571 2068 sparva,
607 2005 661 2049 et
693 1994 784 2064 qui
810 1993 974 2047 multa
1010 2000 1393 2061 peccaverunt,
1443 2005 1655 2059 semper
1690 1989 1960 2043 habebunt

382 2086 633 2158 poenam?
665 2084 731 2139 Et
760 2083 803 2137 si
833 2082 1091 2137 videbunt
1137 2096 1194 2135 se
1244 2081 1498 2135 invicem.
1543 2090 1636 2133 aut
1666 2080 1957 2133 secundum

359 2176 707 2234 ~eminentias
733 2176 822 2230 alii
855 2175 908 2228 in
935 2173 1037 2227 alio
1065 2173 1186 2227 loco
1216 2170 1506 2241 punientur
1528 2212 1540 2225 .
1575 2172 1640 2226 Et
1662 2182 1839 2225 utrum
1867 2173 1958 2241 qui

374 2271 687 2342 puniuntur
732 2267 778 2322 si
834 2266 1154 2335 semetipsos
1180 2266 1438 2321 videbunt
1472 2264 1619 2337 (l5);
1655 2275 1709 2319 et
1745 2265 1789 2318 si
1830 2265 1958 2332 justi

378 2375 497 2423 eos,
516 2359 615 2428 qui
657 2358 710 2411 in
742 2356 919 2428 poenis
947 2365 1074 2409 sunt
1108 2374 1121 2409 :
1158 2366 1211 2410 et
1245 2358 1290 2409 si
1330 2356 1364 2409 ii
1395 2354 1487 2425 qui
1526 2356 1575 2409 in
1612 2355 1789 2424 poenis
1816 2365 1958 2418 sunt,

383 2456 551 2519 iustos
593 2447 975 2519 conspiciunt?
1002 2448 1066 2503 Et
1091 2448 1236 2502 mille
1253 2456 1379 2501 sunt
1403 2448 1729 2517 quarstiones
1751 2449 1816 2501 de
1840 2463 1963 2517 pro-

383 2547 558 2616 posita
600 2544 1018 2600 resurrectione.
1071 2543 1261 2598 Tantis
1294 2544 1458 2615 igitur
1500 2543 1791 2621 propositis
1825 2558 1965 2610 quae-

382 2639 678 2704 stionibus,
720 2646 774 2693 et
794 2636 961 2691 tantis
991 2650 1096 2691 non
1126 2636 1491 2704 credentibus,
1530 2646 1584 2689 et
1612 2636 1777 2689 tantis
1804 2634 1965 2688 dubi-

384 2731 660 2797 tantibus;
686 2729 932 2785 oratione
967 2743 1103 2796 opus
1131 2737 1235 2794 est,
1262 2738 1320 2783 ut
1348 2728 1516 2797 ipsius
1555 2724 1965 2779 resurrectionis

383 2821 671 2886 Dominus,
714 2830 772 2876 et
827 2821 1122 2889 impensius
1152 2819 1370 2888 quidem
1408 2818 1612 2872 tribuat
1660 2829 1964 2871 sermonem

378 2912 608 2977 «dicenti,
636 2911 964 2966 intellectum
992 2921 1169 2965 autem
1203 2909 1569 2964 audientibus.
1605 2908 1879 2977 Siquidem
1910 2916 1966 2961 et

381 3004 455 3059 iis
477 3018 595 3073 quae
627 3004 768 3057 dicta
796 3014 922 3056 sunt
952 3002 1096 3057 aliud
1121 3018 1286 3055 unum
1327 3010 1411 3055 est
1440 3015 1729 3055 commune
1752 3000 1964 3061 vitium,

385 3098 529 3165 quod
563 3096 812 3165 jurgatur
834 3096 1096 3149 adversus
1131 3093 1609 3147 resurrectionem.
1643 3090 1793 3144 Multi
1821 3091 1964 3144 enim

387 3188 632 3254 suntqui
674 3195 921 3254 peccant,
959 3168 1112 3254 pauci
1160 3195 1341 3237 autem
1388 3185 1481 3253 qui
1532 3199 1591 3238 se
1636 3182 1964 3237 custodiunt.

385 3274 468 3330 llli
494 3277 657 3345 igitur
687 3276 779 3344 qui
818 3277 1156 3343 delinquunt,
1203 3274 1393 3328 nolunt
1446 3288 1565 3329 esse
1610 3274 1970 3328 resurrectio-

389 3384 535 3432 nem,
567 3376 624 3420 ιιι
656 3383 763 3421 non
793 3368 1073 3421 incurrant
1098 3366 1150 3420 in
1183 3381 1404 3435 ptenas;
1440 3367 1533 3420 sed
1554 3380 1703 3421 suam
1733 3365 1971 3421 volunta-

389 3470 499 3512 tetu
554 3461 773 3513 decreto
806 3458 1224 3513 resurrectionis
1275 3468 1579 3527 opponunt,
1616 3467 1671 3511 et
1711 3459 1970 3512 resistunt

389 3552 521 3606 Deo.
568 3552 705 3618 Quia
751 3550 893 3605 enim
941 3550 1127 3603 volunt
1176 3566 1205 3603 a
1255 3550 1470 3619 negOtio
1527 3549 1742 3602 liberari
1801 3547 1971 3601 semel

395 3643 713 3706 morientes,
770 3642 957 3697 nolunt
1012 3642 1064 3696 in
1101 3652 1271 3696 totum
1315 3656 1438 3697 esse
1492 3642 1970 3704 resurrectionem,

390 3744 454 3789 ut
484 3750 588 3788 non
633 3735 867 3789 habeant
898 3748 1140 3794 causam,
1181 3748 1355 3802 neque
1395 3735 1652 3787 rationem
1684 3733 1806 3785 vitae
1834 3748 1971 3800 pra:-

390 3837 541 3882 stent
572 3836 695 3896 post
724 3835 954 3879 mortem
975 3825 1144 3894 judici
1189 3822 1315 3879 Deo.
1351 3824 1489 3894 Ergo
1514 3825 1763 3893 jurgatur
1797 3834 1851 3877 et
1876 3825 1972 3877 ho-

390 3933 513 3974 rum
567 3915 820 3970 voluntas
871 3916 1089 3969 decreto
1135 3916 1551 3969 resurrectionis
1584 3932 1597 3967 :
1636 3915 1761 3983 quia
1810 3914 1973 3982 igitur

392 4018 545 4064 tanta
580 4017 636 4062 et
668 4007 795 4060 talia
829 4014 957 4060 sunt
1005 4020 1125 4074 quas
1170 4017 1505 4074 quaeruntur,
1558 4006 1807 4061 oratione
1838 4021 1973 4075 opus

391 4109 497 4162 est,
531 4106 589 4151 ut
617 4098 791 4151 victor
824 4107 1041 4165 superet
1070 4096 1370 4152 universos.
1395 4096 1510 4152 Non
1539 4097 1849 4169 ignoramus
1878 4115 1973 4151 au-

397 4203 505 4245 tem
547 4202 595 4244 et
620 4190 771 4253 illud,
804 4193 929 4260 quia
954 4191 1105 4246 multi
1138 4202 1458 4259 putaverunt
1494 4192 1660 4244 Deum
1692 4190 1830 4245 nihil
1857 4206 1974 4243 am-

396 4283 538 4352 plius
566 4294 726 4351 posse
754 4297 913 4348 quam
947 4296 1066 4337 nos.
1101 4281 1295 4335 Incerti
1336 4289 1461 4334 sunt
1494 4280 1636 4333 enim
1666 4288 1721 4333 et
1755 4289 1987 4335 movent

392 4382 448 4428 et
473 4372 749 4427 adducunt
781 4373 834 4424 in
866 4372 1041 4426 medio
1075 4371 1375 4426 istiusmodi
1407 4371 1780 4437 quaestionem.
1826 4371 1971 4424 Mor—

2051 529 2222 599 gitant
2253 537 2517 597 quantum
2568 527 2799 579 interest
2854 522 2995 575 inter
3049 519 3215 572 Deum
3272 527 3327 570 et
3381 516 3636 571 homines

2051 630 2311 674 mortuos.
2338 618 2632 673 Gentilium
2670 617 2834 684 igitur
2859 614 3009 667 multi
3034 610 3200 665 semel
3231 610 3637 679 providentiam

2052 713 2103 765 in
2138 710 2222 765 his
2243 711 2493 765 onmibus
2520 710 2819 778 ejicientes,
2844 714 2896 758 et
2932 721 2959 758 a
2987 705 3093 758 Deo
3142 704 3265 756 vivo
3305 703 3639 770 semetipsos

2052 801 2389 867 fraudantes,
2435 803 2549 854 ausi
2584 809 2707 855 sunt
2740 801 2944 859 dicere,
2978 795 3118 866 quod
3164 804 3218 849 et
3268 804 3520 863 repetere
3554 806 3638 845 tu.

2055 905 2167 949 tum
2198 910 2304 948 non
2338 903 2438 949 est.
2481 891 2559 947 Illi
2588 891 2732 946 enim
2764 891 2882 945 sine
2928 888 3039 942 Deo
3082 895 3299 957 agentes
3350 901 3505 954 spem
3558 900 3636 937 re-

2052 987 2410 1042 surrectionis
2436 985 2770 1038 interimunt.
2812 980 2912 1048 Qui
2944 980 3087 1035 enim
3131 994 3254 1033 eum
3282 979 3372 1045 qui
3410 978 3638 1031 suscitat

2056 1090 2269 1146 negant,
2300 1075 2509 1131 diliicile
2540 1085 2626 1130 est
2666 1084 2724 1127 ut
2749 1072 3113 1126 confiteantur
3158 1068 3635 1122 resurrectionem.

2056 1171 2161 1227 Sed
2202 1171 2570 1239 relinquamus
2602 1168 2795 1221 horum
2827 1161 3323 1233 importunitatem,
3353 1171 3413 1213 ut
3444 1175 3472 1211 a
3509 1173 3638 1228 pne.

2054 1265 2129 1318 ris
2159 1264 2568 1318 convincantur.
2617 1258 2726 1313 Nec
2766 1258 2909 1312 enim
2944 1255 3009 1308 ad
3044 1267 3233 1308 omnes
3282 1262 3497 1307 certare
3542 1268 3640 1306 nos

2055 1372 2152 1427 par
2182 1365 2285 1422 est,
2313 1369 2487 1425 neque
2526 1354 2591 1407 ad
2615 1365 2801 1405 omnes
2819 1349 3061 1419 jurgari;
3099 1347 3365 1415 siquidem
3419 1360 3521 1399 nec
3576 1343 3639 1396 ad

2056 1449 2275 1502 insanos
2308 1444 2686 1499 consuevimus
2731 1443 2797 1496 de
2825 1439 3245 1511 cogitationibus
3272 1438 3422 1491 sanis
3449 1435 3595 1505 loqui
3623 1453 3637 1487 :

2055 1542 2146 1611 qui
2183 1552 2362 1594 autem
2410 1538 2778 1606 imprudenter
2826 1535 2900 1588 ita
2939 1533 3246 1603 jurgantur,
3279 1547 3382 1585 non
3428 1530 3494 1583 ad
3524 1547 3642 1592 nos,

2057 1634 2151 1688 sed
2178 1633 2244 1687 ad
2277 1633 2448 1701 ipsum
2480 1631 2720 1683 ordinem
2746 1626 3065 1692 oiliciorum,
3100 1635 3155 1680 et
3179 1624 3245 1678 ad
3281 1623 3499 1692 opificis
3527 1638 3642 1690 quze

2056 1725 2206 1795 jussa
2255 1732 2577 1791 sequuntur,
2612 1721 2677 1773 ad
2728 1720 2859 1773 solis
2897 1719 3108 1773 scilicet
3146 1732 3391 1780 cursum,
3441 1715 3506 1767 ad
3545 1714 3642 1766 im-

2062 1815 2409 1869 mutationem
2440 1813 2601 1876 lunm,
2647 1811 2711 1864 ad
2742 1810 3019 1864 stellarum
3053 1809 3271 1870 choros,
3305 1811 3373 1860 ad
3403 1805 3640 1859 transla-

2061 1907 2261 1960 tionem
2297 1906 2551 1959 horarum
2585 1902 2698 1973 (H)
2730 1917 2849 1971 qum
2878 1915 2972 1969 per
2993 1915 3165 1954 annos
3184 1897 3317 1953 θαίςὶ
3346 1908 3645 1951 consueve-

2062 2008 2206 2064 runt,
2255 1998 2321 2051 ad
2357 1995 2590 2051 oliicium
2640 1994 2825 2058 maris,
2869 1992 2938 2046 ad
2979 2000 3199 2056 terram,
3236 1990 3303 2043 ad
3336 2004 3549 2050 aerem,
3580 1990 3646 2040 ad

2059 2091 2317 2159 pluviam,
2345 2099 2399 2142 et
2422 2086 2487 2140 ad
2513 2084 2696 2140 omnia
2724 2099 2843 2152 qua:
2868 2092 3191 2149 sequuntur,
3220 2080 3287 2133 ad
3310 2077 3492 2133 ofﬁcia
3518 2086 3646 2130 asta-

2063 2194 2197 2245 tum,
2229 2182 2295 2235 ad
2322 2181 2629 2244 hominum,
2654 2179 2720 2232 ad
2746 2176 3085 2239 animalium,
3115 2174 3182 2227 ad
3208 2173 3388 2225 avium
3417 2169 3646 2223 diversi.

2063 2284 2222 2339 tates,
2276 2272 2344 2326 ad
2381 2272 2651 2336 vultuum,
2709 2269 2775 2323 ad
2811 2266 3112 2337 specierum
3155 2263 3419 2330 habitum,
3477 2271 3537 2315 ut
3582 2262 3649 2316 ﬁt

2063 2366 2355 2436 unicuique
2412 2365 2747 2419 conveniens
2801 2376 2947 2426 esca,
3016 2360 3382 2413 membrorum
3444 2367 3648 2427 partes,

2063 2457 2304 2511 dentium
2338 2455 2571 2522 numeri,
2622 2454 2946 2522 ungularum
2994 2466 3279 2515 mensurae,
3327 2449 3645 2518 capillorum

2063 2550 2259 2613 oliicia,
2292 2548 2614 2617 compositio
2644 2551 3014 2603 membrorum
3061 2564 3075 2599 :
3114 2546 3228 2599 haec
3256 2547 3440 2599 omnia
3486 2544 3651 2601 silere

2068 2642 2142 2695 tio
2169 2641 2409 2694 clamant
2440 2639 2711 2709 opiﬁcem,
2742 2651 2797 2695 et
2826 2641 3160 2708 provisorem
3183 2637 3424 2691 omnium
3460 2637 3647 2691 Deum.

2065 2734 2202 2800 Quia
2238 2733 2402 2802 igitur
2451 2734 2553 2785 ista
2614 2732 2741 2786 ἐωοί
2800 2747 2909 2785 non
2972 2730 3243 2795 viderunt,
3285 2745 3383 2796 per
3434 2745 3499 2783 ea
3536 2745 3651 2797 qua:

2067 2824 2319 2877 videntur
2349 2822 2673 2877 invisibilem
2703 2841 2719 2876 :
2750 2823 2975 2875 stultum
3019 2829 3105 2875 est
3135 2822 3199 2873 de
3225 2819 3502 2873 coloribus
3542 2818 3651 2885 jur-

2065 2914 2182 2985 gari
2215 2915 2280 2968 ad
2316 2929 2491 2970 caecos
2542 2930 2556 2968 :
2597 2915 2727 2983 quid
2757 2913 2902 2968 enim
2932 2910 3204 2967 efﬁcacius
3232 2920 3315 2965 est
3341 2911 3437 2965 Dei
3472 2911 3652 2979 provi-

2068 3007 2440 3076 dentia?quid
2489 3016 2669 3061 autem
2701 3007 2865 3061 breve
2894 3007 3034 3075 quod
3067 3014 3287 3074 putatur
3336 3018 3443 3057 non
3495 3004 3549 3057 in
3598 3016 3651 3055 se

2069 3097 2336 3167 aequalem
2382 3112 2413 3150 a
2460 3096 2753 3164 majoribus
2797 3095 3101 3150 invenietur
3128 3096 3329 3150 habere
3360 3094 3653 3164 providen-

2073 3190 2240 3243 tiam?
2265 3189 2374 3244 Cur
2400 3191 2543 3243 enim
2576 3189 2923 3244 formicarum
2952 3188 3194 3243 salvetur
3223 3201 3392 3256 genus
3420 3187 3474 3239 in
3499 3186 3651 3238 simi-

2073 3279 2336 3334 litudine?
2359 3296 2456 3334 cur
2482 3281 2662 3349 apium
2691 3292 2745 3334 et
2770 3280 3108 3344 operationes
3134 3278 3186 3331 in
3212 3289 3505 3331 commune
3535 3276 3651 3327 ch-

2072 3372 2296 3436 duntur,
2319 3382 2374 3426 et
2398 3372 2578 3426 habita
2601 3371 2838 3425 minimis
2862 3372 2913 3424 in
2939 3369 3280 3424 substantia?
3302 3384 3421 3436 quae
3438 3369 3653 3437 quidem

2072 3473 2125 3517 et
2156 3463 2207 3515 in
2236 3462 2440 3527 volatu,
2475 3474 2527 3515 et
2569 3476 2849 3533 processu,
2885 3471 2939 3515 et
2970 3475 3242 3528 regressu,
3299 3469 3354 3512 et
3398 3459 3449 3511 in
3494 3472 3655 3525 opere

2072 3554 2423 3607 consentiunt
2449 3554 2575 3608 sibi.
2607 3553 2739 3618 Quis
2777 3553 2903 3606 fecit
2944 3552 3081 3605 tncl?
3109 3552 3297 3619 utique
3337 3550 3427 3616 qtti
3453 3552 3657 3603 ciutsti-

2075 3647 2176 3700 luit
2209 3646 2556 3712 medicinam,
2604 3660 2726 3715 quae
2771 3660 2834 3698 co
2868 3645 2933 3697 ad
2965 3642 3230 3697 medelam
3265 3646 3437 3702 utitur
3492 3640 3657 3693 homi-

2074 3753 2227 3792 num.
2259 3737 2399 3803 Quid
2430 3738 2573 3792 enim
2601 3753 2706 3791 non
2738 3737 2959 3807 plenum
2990 3744 3074 3789 est
3108 3732 3488 3802 providentia?
3533 3732 3656 3802 quid

2074 3844 2179 3882 non
2220 3830 2418 3883 clamat
2454 3829 2787 3896 provisorem
2821 3827 3024 3879 Deum?
3062 3825 3250 3882 Nonne
3301 3826 3507 3889 herbae,
3542 3840 3660 3894 qua:

2076 3921 2363 3973 utilitatem
2402 3922 2642 3989 pra-bent
2692 3918 2951 3971 medelis?
2999 3934 3176 3973 nonne
3207 3917 3383 3987 pisces
3442 3932 3473 3972 e
3522 3918 3657 3971 mari

2074 4012 2342 4081 producti,
2376 4010 2593 4078 quidam
2635 4011 2852 4079 quidem
2888 4011 2956 4064 ad
2984 4025 3158 4074 escas,
3210 4010 3428 4077 quidam
3479 4019 3659 4062 autem

2074 4104 2138 4158 ad
2168 4102 2365 4157 curas?
2387 4100 2577 4156 Nonne
2601 4101 2805 4169 lapides
2844 4102 3022 4165 incisi,
3052 4112 3109 4155 ut
3137 4101 3227 4154 alii
3257 4101 3477 4169 quidem
3506 4100 3662 4153 utiles

2074 4195 2181 4249 sint
2209 4195 2275 4247 ad
2304 4193 2533 4247 aedilicia
2571 4201 2625 4247 et
2659 4201 2796 4247 tecta
2830 4203 2887 4248 et
2914 4203 3287 4261 Operameuta,
3331 4191 3427 4246 alii
3471 4206 3660 4245 moes—

2075 4288 2204 4343 sarii
2263 4286 2331 4341 ad
2376 4300 2660 4355 corporum
2688 4286 2974 4349 sanitates,
3020 4286 3142 4355 quia
3174 4293 3229 4338 et
3267 4284 3663 4337 inﬁrmantur?

2075 4380 2263 4435 Nonne
2300 4396 2437 4434 escae
2467 4380 2588 4434 alia:
2613 4379 2735 4434 aliis
2758 4381 3129 4442 succedentes,
3157 4389 3213 4433 et
3245 4378 3362 4431 alia:
3394 4394 3521 4433 cum
3551 4381 3661 4433 aliis

397 4474 520 4518 tuus
541 4475 648 4529 est,
686 4464 878 4533 inquit,
925 4465 1014 4531 qui
1053 4473 1296 4515 mortuus
1324 4471 1443 4527 est;
1479 4472 1533 4514 et
1568 4461 1712 4515 illaut
1755 4463 1961 4532 quidem

2078 4473 2440 4542 insequentes.
2471 4473 2758 4526 ostendunt
2787 4483 3204 4543 prteparatorem
3243 4471 3452 4526 Deum?
3478 4471 3663 4527 Nanne

394 4570 604 4627 partem
658 4559 775 4628 ejus
818 4556 997 4626 aquila
1038 4554 1385 4609 manducavit
1433 4562 1525 4606 aut
1564 4553 1760 4608 vultur.
1808 4552 1975 4608 Forte

392 4660 575 4704 autem
605 4665 707 4703 non
732 4650 1011 4717 patiuntur
1037 4647 1234 4717 aquilae
1261 4645 1565 4699 istiusmodi
1590 4645 1970 4701 humilitatem.

391 4741 591 4806 Aliam,
626 4743 821 4811 inquit,
854 4741 1063 4809 accepit
1090 4739 1260 4802 canis,
1283 4747 1338 4791 et
1363 4752 1555 4793 canem
1586 4746 1643 4791 ut
1664 4747 1792 4807 puta
1826 4753 1966 4791 saeva

392 4834 573 4887 bellua
631 4834 980 4887 manducavit
1027 4848 1040 4883 :
1093 4842 1185 4884 aut
1223 4831 1365 4884 aliud
1413 4830 1629 4899 aliquod
1659 4830 1879 4895 animal,
1918 4841 1973 4883 et

392 4926 538 4981 istud
564 4925 765 4981 animal
791 4924 1152 4987 interfectum,
1184 4924 1525 4979 combustum
1559 4931 1663 4986 est,
1698 4933 1790 4975 aut
1822 4930 1975 4975 certe

392 5020 697 5089 obputruit,
734 5026 828 5071 aut
849 5018 1023 5086 ipsum
1048 5017 1114 5071 ab
1149 5016 1253 5068 alio
1281 5017 1513 5084 quodam
1541 5024 1838 5068 comestum
1866 5024 1969 5075 est,

394 5109 511 5164 ﬁeri
557 5110 701 5162 enim
754 5108 856 5160 hoc
898 5115 1101 5175 potest;
1150 5113 1319 5167 tanta,
1376 5105 1574 5172 inquit,
1618 5102 1968 5157 successione

394 5199 558 5261 facta,
586 5210 641 5254 et
667 5214 797 5253 casu
831 5212 1021 5253 eorum
1050 5197 1140 5265 qui
1175 5196 1370 5248 mortui
1417 5208 1542 5248 sunt
1576 5196 1644 5247 ab
1676 5193 1782 5246 alio
1810 5193 1862 5246 in
1892 5195 1969 5246 al-

395 5301 593 5352 terum.
623 5291 913 5358 quomodo,
948 5289 1140 5358 inquit,
1190 5296 1368 5357 potest
1416 5287 1556 5340 Deus
1602 5286 1842 5339 invenire
1873 5286 1974 5338 iui-

396 5383 565 5440 tium?
590 5394 843 5453 tanquam
871 5384 936 5436 de
961 5381 1123 5453 ﬁgulo
1155 5381 1361 5449 aliquo,
1396 5389 1482 5432 aut
1518 5379 1585 5432 de
1613 5378 1843 5448 quodam
1882 5395 1971 5431 ar-

469 5518 580 5588 (12)
616 5517 986 5584 Interct'pt'unt.
1022 5515 1164 5569 Infra
1196 5514 1302 5571 col.
1326 5513 1526 5588 1075?}
1549 5530 1560 5564 :
1587 5512 1645 5566 Si
1682 5513 1967 5588 intercepe-

398 5583 1142 5657 rinius'resurrectionisispem
1167 5603 1185 5639 :
1209 5596 1263 5639 et
1296 5600 1441 5657 supr.
1476 5583 1564 5637 lib.
1599 5598 1635 5643 ι,
1663 5586 1817 5657 paulo
1851 5593 1969 5657 post

397 5659 609 5787 gilium
677 5671 692 5709 :
768 5656 938 5708 Filius
990 5656 1208 5710 Verbum
1279 5658 1448 5708 dictus
1538 5671 1640 5706 non
1707 5655 1964 5719 intercipit

451 5743 589 5783 eunt.

2074 4568 2369 4620 secundum
2395 4564 2818 4635 uniuscujusque.
2839 4566 3081 4620 babitum
3100 4566 3348 4619 animalis
3372 4582 3660 4629 mensum,

2077 4659 2498 4725 magnitudines,
2552 4660 2919 4735 cornpagi'nes,
2962 4658 3202 4711 membra
3252 4667 3380 4711 sunt
3411 4658 3564 4720 data,
3614 4673 3662 4710 et

2079 4752 2502 4819 unumquodque
2556 4750 2622 4803 ad
2680 4766 2832 4805 suant
2882 4750 3261 4804 necessitatem
3310 4756 3361 4803 et
3406 4748 3659 4803 virtutem

2078 4841 2323 4909 accepit?
2356 4841 2522 4911 Equis
2548 4841 2692 4895 enim
2721 4840 2978 4895 velocitas
3002 4841 3125 4894 data
3145 4850 3253 4903 est,
3278 4849 3339 4892 ut
3368 4839 3662 4908 insequano

2080 4940 2168 4983 tur
2202 4943 2256 4986 et
2283 4930 2528 5001 fugiant;
2556 4931 2677 4985 aliis
2705 4931 3031 4985 animalibus
3056 4930 3338 4994 fortitudo,
3374 4938 3435 4982 ut
3463 4930 3660 4983 sensim

2078 5034 2361 5092 portarent
2395 5023 2631 5092 pondera
2679 5027 2781 5079 sibi
2814 5024 3087 5092 imposita.
3129 5022 3194 5076 Et
3235 5033 3554 5077 mensurata
3586 5031 3661 5074 est

2080 5113 2373 5182 unicuique
2406 5116 2600 5181 virtus,
2646 5116 2909 5185 potentia,
2953 5114 3293 5183 magnitudo,
3334 5113 3660 5167 conveniens

2081 5219 2226 5269 esca,
2254 5215 2309 5259 et
2334 5205 2465 5275 ipsis
2493 5208 2818 5262 animalibus
2850 5209 3070 5277 propria
3099 5205 3267 5271 salus,
3292 5220 3414 5272 quae
3446 5217 3657 5274 gustare

2084 5294 2359 5357 deberent,
2397 5306 2451 5349 et
2486 5311 2518 5349 a
2558 5296 2753 5365 quibus
2795 5311 2853 5350 se
2880 5297 3194 5351 abstinere:
3231 5295 3438 5349 homini
3485 5304 3654 5347 autem

2082 5394 2135 5438 et
2167 5386 2236 5439 ab
2272 5388 2390 5441 aliis
2422 5390 2750 5445 animalibus
2789 5390 3255 5444 irratiOuabilibus
3292 5403 3425 5442 usus
3454 5398 3541 5441 est
3564 5387 3653 5439 da-

2072 5520 2388 5641 de-Ms.
2422 5522 2488 5576 Et
2521 5525 2706 5576 iterum
2729 5525 2818 5593 qui
2846 5524 3156 5593 puniuntur,
3186 5525 3234 5576 si
3258 5525 3561 5593 semetipsos
3583 5518 3650 5576 tti-

2109 5607 2202 5642 etm
2214 5607 2286 5643 Ill.

2145 5662 2255 5731 (Η)
2290 5664 2577 5716 Horarum.
2620 5661 2816 5735 Ὥρων,
2850 5673 3249 5733 tempestatum.
