  <div class='ocr_page' id='page_1' title='image "/cluster/home/n/w/nwhite01/storage/ocr_20150623/24/nnc1.0046978259/746.png"; bbox 0 0 3810 6218; ppageno 0'>
   <div class='ocr_carea' id='block_1_1' title="bbox 207 268 354 327">
    <p class='ocr_par' dir='ltr' id='par_1_1' title="bbox 207 268 354 327">
     <span class='ocr_line' id='line_1_1' title="bbox 207 268 354 327; baseline -0.02 0"><span class='ocrx_word' id='word_1_1' title='bbox 207 268 354 327; x_wconf 69' lang='grc'><strong>1073</strong></span> 
     </span>
    </p>
   </div>
   <div class='ocr_carea' id='block_1_2' title="bbox 1317 268 2390 327">
    <p class='ocr_par' dir='ltr' id='par_1_2' title="bbox 1317 268 2390 327">
     <span class='ocr_line' id='line_1_2' title="bbox 1317 268 2390 327; baseline 0.002 -4"><span class='ocrx_word' id='word_1_2' title='bbox 1317 269 1407 323; x_wconf 81' lang='lat' dir='ltr'><strong>DE</strong></span> <span class='ocrx_word' id='word_1_3' title='bbox 1444 268 2048 327; x_wconf 73' lang='lat' dir='ltr'><strong>BESURBECTIONE.</strong></span> <span class='ocrx_word' id='word_1_4' title='bbox 2079 297 2145 318; x_wconf 70' lang='grc' dir='ltr'><strong>ιο-</strong></span> <span class='ocrx_word' id='word_1_5' title='bbox 2181 268 2311 324; x_wconf 76' lang='lat' dir='ltr'><strong>LIB.</strong></span> <span class='ocrx_word' id='word_1_6' title='bbox 2347 270 2390 325; x_wconf 85' lang='lat' dir='ltr'><strong>l.</strong></span> 
     </span>
    </p>
   </div>
   <div class='ocr_carea' id='block_1_3' title="bbox 3319 265 3480 324">
    <p class='ocr_par' dir='ltr' id='par_1_3' title="bbox 3319 265 3480 324">
     <span class='ocr_line' id='line_1_3' title="bbox 3319 265 3480 324; baseline 0 -2"><span class='ocrx_word' id='word_1_7' title='bbox 3319 265 3480 324; x_wconf 65' lang='grc' dir='ltr'><strong>ΝΠἺ</strong></span> 
     </span>
    </p>
   </div>
   <div class='ocr_carea' id='block_1_4' title="bbox 209 377 3456 454">
    <p class='ocr_par' dir='ltr' id='par_1_4' title="bbox 209 377 3456 454">
     <span class='ocr_line' id='line_1_4' title="bbox 209 377 3456 454; baseline -0.002 -12"><span class='ocrx_word' id='word_1_8' title='bbox 209 392 312 447; x_wconf 85' lang='lat' dir='ltr'><strong>tus.</strong></span> <span class='ocrx_word' id='word_1_9' title='bbox 340 395 396 439; x_wconf 88' lang='lat' dir='ltr'><strong>et</strong></span> <span class='ocrx_word' id='word_1_10' title='bbox 423 399 452 438; x_wconf 87' lang='lat' dir='ltr'><strong>a</strong></span> <span class='ocrx_word' id='word_1_11' title='bbox 483 382 678 454; x_wconf 80' lang='lat' dir='ltr'><strong>plantis</strong></span> <span class='ocrx_word' id='word_1_12' title='bbox 699 389 754 438; x_wconf 92' lang='lat' dir='ltr'><strong>et</strong></span> <span class='ocrx_word' id='word_1_13' title='bbox 775 384 843 438; x_wconf 85' lang='lat' dir='ltr'><strong>ab</strong></span> <span class='ocrx_word' id='word_1_14' title='bbox 869 381 1177 446; x_wconf 71' lang='lat' dir='ltr'><strong>arboribus,</strong></span> <span class='ocrx_word' id='word_1_15' title='bbox 1209 397 1238 436; x_wconf 84' lang='lat' dir='ltr'><strong>a</strong></span> <span class='ocrx_word' id='word_1_16' title='bbox 1269 382 1552 453; x_wconf 85' lang='lat' dir='ltr'><strong>lapidibus,</strong></span> <span class='ocrx_word' id='word_1_17' title='bbox 1583 397 1612 436; x_wconf 87' lang='lat' dir='ltr'><strong>a</strong></span> <span class='ocrx_word' id='word_1_18' title='bbox 1641 381 1776 435; x_wconf 88' lang='lat' dir='ltr'><strong>mari</strong></span> <span class='ocrx_word' id='word_1_19' title='bbox 1808 385 1856 442; x_wconf 76' lang='grc' dir='ltr'>Α</span> <span class='ocrx_word' id='word_1_20' title='bbox 1883 393 1986 433; x_wconf 91' lang='lat' dir='ltr'><strong>non</strong></span> <span class='ocrx_word' id='word_1_21' title='bbox 2010 379 2284 448; x_wconf 74' lang='lat' dir='ltr'><strong>pertinet?</strong></span> <span class='ocrx_word' id='word_1_22' title='bbox 2324 379 2771 448; x_wconf 82' lang='lat' dir='ltr'><strong>quemadmodum</strong></span> <span class='ocrx_word' id='word_1_23' title='bbox 2813 385 2992 434; x_wconf 81' lang='lat' dir='ltr'><strong>autem</strong></span> <span class='ocrx_word' id='word_1_24' title='bbox 3027 377 3284 449; x_wconf 76' lang='lat' dir='ltr'><strong>pertinet,</strong></span> <span class='ocrx_word' id='word_1_25' title='bbox 3307 379 3351 436; x_wconf 79' lang='lat' dir='ltr'><strong>si</strong></span> <span class='ocrx_word' id='word_1_26' title='bbox 3381 380 3456 435; x_wconf 70' lang='lat' dir='ltr'><strong>si-</strong></span> 
     </span>
    </p>
   </div>
   <div class='ocr_carea' id='block_1_5' title="bbox 205 465 1781 542">
    <p class='ocr_par' dir='ltr' id='par_1_5' title="bbox 205 465 1781 542">
     <span class='ocr_line' id='line_1_5' title="bbox 205 465 1781 542; baseline -0.006 -8"><span class='ocrx_word' id='word_1_27' title='bbox 205 486 260 534; x_wconf 72' lang='lat' dir='ltr'><strong>et</strong></span> <span class='ocrx_word' id='word_1_28' title='bbox 297 492 326 530; x_wconf 89' lang='lat' dir='ltr'><strong>a</strong></span> <span class='ocrx_word' id='word_1_29' title='bbox 357 465 504 528; x_wconf 85' lang='lat' dir='ltr'><strong>terra</strong></span> <span class='ocrx_word' id='word_1_30' title='bbox 537 493 550 529; x_wconf 94' lang='lat'><strong>:</strong></span> <span class='ocrx_word' id='word_1_31' title='bbox 587 475 819 542; x_wconf 85' lang='lat' dir='ltr'><strong>undique</strong></span> <span class='ocrx_word' id='word_1_32' title='bbox 862 473 1006 527; x_wconf 91' lang='lat' dir='ltr'><strong>enim</strong></span> <span class='ocrx_word' id='word_1_33' title='bbox 1050 473 1378 528; x_wconf 87' lang='lat' dir='ltr'><strong>constitutus</strong></span> <span class='ocrx_word' id='word_1_34' title='bbox 1413 481 1498 527; x_wconf 90' lang='lat' dir='ltr'><strong>est</strong></span> <span class='ocrx_word' id='word_1_35' title='bbox 1531 470 1694 525; x_wconf 89' lang='lat' dir='ltr'><strong>veluti</strong></span> <span class='ocrx_word' id='word_1_36' title='bbox 1727 471 1781 524; x_wconf 87' lang='lat' dir='ltr'><strong>in</strong></span> 
     </span>
    </p>
   </div>
   <div class='ocr_carea' id='block_1_6' title="bbox 202 563 1784 636">
    <p class='ocr_par' dir='ltr' id='par_1_6' title="bbox 202 563 1784 636">
     <span class='ocr_line' id='line_1_6' title="bbox 202 563 1784 636; baseline -0.004 -15"><span class='ocrx_word' id='word_1_37' title='bbox 202 583 319 622; x_wconf 67' lang='lat' dir='ltr'><strong>uno</strong></span> <span class='ocrx_word' id='word_1_38' title='bbox 344 581 569 636; x_wconf 87' lang='lat' dir='ltr'><strong>corpore</strong></span> <span class='ocrx_word' id='word_1_39' title='bbox 592 566 824 618; x_wconf 90' lang='lat' dir='ltr'><strong>mundus</strong></span> <span class='ocrx_word' id='word_1_40' title='bbox 853 565 1174 632; x_wconf 73' lang='lat' dir='ltr'><strong>coniunctus</strong></span> <span class='ocrx_word' id='word_1_41' title='bbox 1206 565 1329 620; x_wconf 86' lang='lat' dir='ltr'><strong>sibi.</strong></span> <span class='ocrx_word' id='word_1_42' title='bbox 1361 564 1431 618; x_wconf 83' lang='lat' dir='ltr'><strong>Et</strong></span> <span class='ocrx_word' id='word_1_43' title='bbox 1451 563 1784 632; x_wconf 84' lang='lat' dir='ltr'><strong>unumquod-</strong></span> 
     </span>
    </p>
   </div>
   <div class='ocr_carea' id='block_1_7' title="bbox 211 655 1782 729">
    <p class='ocr_par' dir='ltr' id='par_1_7' title="bbox 211 655 1782 729">
     <span class='ocr_line' id='line_1_7' title="bbox 211 655 1782 729; baseline -0.002 -20"><span class='ocrx_word' id='word_1_44' title='bbox 211 672 312 729; x_wconf 69' lang='lat' dir='ltr'><strong>que</strong></span> <span class='ocrx_word' id='word_1_45' title='bbox 345 659 557 726; x_wconf 83' lang='lat' dir='ltr'><strong>quidem</strong></span> <span class='ocrx_word' id='word_1_46' title='bbox 586 667 724 725; x_wconf 84' lang='lat' dir='ltr'><strong>quod</strong></span> <span class='ocrx_word' id='word_1_47' title='bbox 755 656 954 710; x_wconf 79' lang='lat' dir='ltr'><strong>factum</strong></span> <span class='ocrx_word' id='word_1_48' title='bbox 987 667 1090 721; x_wconf 89' lang='lat' dir='ltr'><strong>est,</strong></span> <span class='ocrx_word' id='word_1_49' title='bbox 1127 657 1401 726; x_wconf 82' lang='lat' dir='ltr'><strong>propriam</strong></span> <span class='ocrx_word' id='word_1_50' title='bbox 1436 655 1595 709; x_wconf 86' lang='lat' dir='ltr'><strong>habet</strong></span> <span class='ocrx_word' id='word_1_51' title='bbox 1621 663 1782 707; x_wconf 89' lang='lat' dir='ltr'><strong>natu-</strong></span> 
     </span>
    </p>
   </div>
   <div class='ocr_carea' id='block_1_8' title="bbox 201 745 1786 816">
    <p class='ocr_par' dir='ltr' id='par_1_8' title="bbox 201 745 1786 816">
     <span class='ocr_line' id='line_1_8' title="bbox 201 745 1786 816; baseline -0.005 -10"><span class='ocrx_word' id='word_1_52' title='bbox 201 765 323 807; x_wconf 80' lang='lat' dir='ltr'><strong>ram</strong></span> <span class='ocrx_word' id='word_1_53' title='bbox 358 761 414 804; x_wconf 87' lang='lat' dir='ltr'><strong>et</strong></span> <span class='ocrx_word' id='word_1_54' title='bbox 458 750 724 814; x_wconf 88' lang='lat' dir='ltr'><strong>salutem;</strong></span> <span class='ocrx_word' id='word_1_55' title='bbox 758 749 985 815; x_wconf 88' lang='lat' dir='ltr'><strong>plurima</strong></span> <span class='ocrx_word' id='word_1_56' title='bbox 1021 758 1200 801; x_wconf 89' lang='lat' dir='ltr'><strong>autem</strong></span> <span class='ocrx_word' id='word_1_57' title='bbox 1240 762 1467 816; x_wconf 60' lang='lat' dir='ltr'><strong>quaeque</strong></span> <span class='ocrx_word' id='word_1_58' title='bbox 1501 745 1552 800; x_wconf 92' lang='lat' dir='ltr'><strong>in</strong></span> <span class='ocrx_word' id='word_1_59' title='bbox 1585 759 1643 800; x_wconf 91' lang='lat' dir='ltr'><strong>se</strong></span> <span class='ocrx_word' id='word_1_60' title='bbox 1690 757 1786 798; x_wconf 86' lang='lat' dir='ltr'><strong>ne-</strong></span> 
     </span>
    </p>
   </div>
   <div class='ocr_carea' id='block_1_9' title="bbox 199 839 1782 909">
    <p class='ocr_par' dir='ltr' id='par_1_9' title="bbox 199 839 1782 909">
     <span class='ocr_line' id='line_1_9' title="bbox 199 839 1782 909; baseline -0.004 -12"><span class='ocrx_word' id='word_1_61' title='bbox 199 843 442 897; x_wconf 84' lang='lat' dir='ltr'><strong>cessaria</strong></span> <span class='ocrx_word' id='word_1_62' title='bbox 473 843 728 896; x_wconf 88' lang='lat' dir='ltr'><strong>continet.</strong></span> <span class='ocrx_word' id='word_1_63' title='bbox 761 841 998 908; x_wconf 79' lang='lat' dir='ltr'><strong>Denique</strong></span> <span class='ocrx_word' id='word_1_64' title='bbox 1029 845 1110 896; x_wconf 92' lang='lat' dir='ltr'><strong>sol</strong></span> <span class='ocrx_word' id='word_1_65' title='bbox 1142 841 1348 909; x_wconf 92' lang='lat' dir='ltr'><strong>positus</strong></span> <span class='ocrx_word' id='word_1_66' title='bbox 1375 841 1590 908; x_wconf 88' lang='lat' dir='ltr'><strong>quidem</strong></span> <span class='ocrx_word' id='word_1_67' title='bbox 1624 839 1782 894; x_wconf 86' lang='lat' dir='ltr'><strong>estin</strong></span> 
     </span>
    </p>
   </div>
   <div class='ocr_carea' id='block_1_10' title="bbox 203 923 1786 998">
    <p class='ocr_par' dir='ltr' id='par_1_10' title="bbox 203 923 1786 998">
     <span class='ocr_line' id='line_1_10' title="bbox 203 923 1786 998; baseline -0.004 -10"><span class='ocrx_word' id='word_1_68' title='bbox 203 947 308 988; x_wconf 73' lang='lat' dir='ltr'><strong>suo</strong></span> <span class='ocrx_word' id='word_1_69' title='bbox 333 931 470 994; x_wconf 89' lang='lat' dir='ltr'><strong>loco,</strong></span> <span class='ocrx_word' id='word_1_70' title='bbox 509 933 669 986; x_wconf 82' lang='lat' dir='ltr'><strong>habet</strong></span> <span class='ocrx_word' id='word_1_71' title='bbox 702 939 879 984; x_wconf 90' lang='lat' dir='ltr'><strong>autem</strong></span> <span class='ocrx_word' id='word_1_72' title='bbox 926 931 1198 998; x_wconf 86' lang='lat' dir='ltr'><strong>propriam</strong></span> <span class='ocrx_word' id='word_1_73' title='bbox 1247 929 1692 994; x_wconf 78' lang='lat' dir='ltr'><strong>magnitudinem,</strong></span> <span class='ocrx_word' id='word_1_74' title='bbox 1730 923 1786 982; x_wconf 85' lang='lat' dir='ltr'><strong>et</strong></span> 
     </span>
    </p>
   </div>
   <div class='ocr_carea' id='block_1_11' title="bbox 204 1021 1783 1096">
    <p class='ocr_par' dir='ltr' id='par_1_11' title="bbox 204 1021 1783 1096">
     <span class='ocr_line' id='line_1_11' title="bbox 204 1021 1783 1096; baseline -0.003 -17"><span class='ocrx_word' id='word_1_75' title='bbox 204 1024 450 1096; x_wconf 86' lang='lat' dir='ltr'><strong>possidet</strong></span> <span class='ocrx_word' id='word_1_76' title='bbox 482 1035 758 1090; x_wconf 67' lang='lat' dir='ltr'><strong>acceptum</strong></span> <span class='ocrx_word' id='word_1_77' title='bbox 791 1038 945 1076; x_wconf 86' lang='lat' dir='ltr'><strong>suum</strong></span> <span class='ocrx_word' id='word_1_78' title='bbox 992 1021 1274 1091; x_wconf 74' lang='lat' dir='ltr'><strong>fulgorem,</strong></span> <span class='ocrx_word' id='word_1_79' title='bbox 1309 1031 1364 1076; x_wconf 90' lang='lat' dir='ltr'><strong>et</strong></span> <span class='ocrx_word' id='word_1_80' title='bbox 1414 1021 1681 1075; x_wconf 70' lang='lat' dir='ltr'><strong>illuminat</strong></span> <span class='ocrx_word' id='word_1_81' title='bbox 1720 1036 1783 1079; x_wconf 87' lang='lat' dir='ltr'><strong>ea</strong></span> 
     </span>
    </p>
   </div>
   <div class='ocr_carea' id='block_1_12' title="bbox 203 1111 1787 1184">
    <p class='ocr_par' dir='ltr' id='par_1_12' title="bbox 203 1111 1787 1184">
     <span class='ocr_line' id='line_1_12' title="bbox 203 1111 1787 1184; baseline 0 -17"><span class='ocrx_word' id='word_1_82' title='bbox 203 1129 330 1184; x_wconf 73' lang='lat' dir='ltr'><strong>qua:</strong></span> <span class='ocrx_word' id='word_1_83' title='bbox 377 1117 429 1169; x_wconf 90' lang='lat' dir='ltr'><strong>in</strong></span> <span class='ocrx_word' id='word_1_84' title='bbox 466 1122 604 1167; x_wconf 91' lang='lat' dir='ltr'><strong>terra</strong></span> <span class='ocrx_word' id='word_1_85' title='bbox 649 1114 932 1176; x_wconf 78' lang='lat' dir='ltr'><strong>habentur,</strong></span> <span class='ocrx_word' id='word_1_86' title='bbox 963 1112 1102 1166; x_wconf 84' lang='lat' dir='ltr'><strong>fovet</strong></span> <span class='ocrx_word' id='word_1_87' title='bbox 1135 1120 1189 1166; x_wconf 90' lang='lat' dir='ltr'><strong>et</strong></span> <span class='ocrx_word' id='word_1_88' title='bbox 1220 1111 1487 1166; x_wconf 89' lang='lat' dir='ltr'><strong>calefacit.</strong></span> <span class='ocrx_word' id='word_1_89' title='bbox 1535 1111 1602 1165; x_wconf 90' lang='lat' dir='ltr'><strong>Et.</strong></span> <span class='ocrx_word' id='word_1_90' title='bbox 1647 1127 1787 1167; x_wconf 90' lang='lat' dir='ltr'><strong>nunc</strong></span> 
     </span>
    </p>
   </div>
   <div class='ocr_carea' id='block_1_13' title="bbox 205 1205 1784 1275">
    <p class='ocr_par' dir='ltr' id='par_1_13' title="bbox 205 1205 1784 1275">
     <span class='ocr_line' id='line_1_13' title="bbox 205 1205 1784 1275; baseline 0.001 -15"><span class='ocrx_word' id='word_1_91' title='bbox 205 1207 428 1274; x_wconf 84' lang='lat' dir='ltr'><strong>quidem</strong></span> <span class='ocrx_word' id='word_1_92' title='bbox 453 1205 660 1275; x_wconf 92' lang='lat' dir='ltr'><strong>longius</strong></span> <span class='ocrx_word' id='word_1_93' title='bbox 697 1205 1014 1269; x_wconf 65' lang='lat' dir='ltr'><strong>abscedi-ns,</strong></span> <span class='ocrx_word' id='word_1_94' title='bbox 1047 1205 1538 1260; x_wconf 87' lang='lat' dir='ltr'><strong>ceditcoufectioni</strong></span> <span class='ocrx_word' id='word_1_95' title='bbox 1571 1207 1784 1271; x_wconf 89' lang='lat' dir='ltr'><strong>hiemis,</strong></span> 
     </span>
    </p>
   </div>
   <div class='ocr_carea' id='block_1_14' title="bbox 207 1295 1789 1359">
    <p class='ocr_par' dir='ltr' id='par_1_14' title="bbox 207 1295 1789 1359">
     <span class='ocr_line' id='line_1_14' title="bbox 207 1295 1789 1359; baseline 0.002 -12"><span class='ocrx_word' id='word_1_96' title='bbox 207 1304 268 1347; x_wconf 91' lang='lat' dir='ltr'><strong>ut</strong></span> <span class='ocrx_word' id='word_1_97' title='bbox 296 1304 554 1348; x_wconf 87' lang='lat' dir='ltr'><strong>statutum</strong></span> <span class='ocrx_word' id='word_1_98' title='bbox 587 1304 702 1358; x_wconf 83' lang='lat' dir='ltr'><strong>est;</strong></span> <span class='ocrx_word' id='word_1_99' title='bbox 747 1308 886 1346; x_wconf 91' lang='lat' dir='ltr'><strong>nunc</strong></span> <span class='ocrx_word' id='word_1_100' title='bbox 939 1303 1119 1347; x_wconf 87' lang='lat' dir='ltr'><strong>autem</strong></span> <span class='ocrx_word' id='word_1_101' title='bbox 1166 1295 1354 1348; x_wconf 86' lang='lat' dir='ltr'><strong>iterum</strong></span> <span class='ocrx_word' id='word_1_102' title='bbox 1394 1303 1698 1359; x_wconf 79' lang='lat' dir='ltr'><strong>revocatus,</strong></span> <span class='ocrx_word' id='word_1_103' title='bbox 1733 1306 1789 1350; x_wconf 88' lang='lat' dir='ltr'><strong>et</strong></span> 
     </span>
    </p>
   </div>
   <div class='ocr_carea' id='block_1_15' title="bbox 205 1385 1788 1450">
    <p class='ocr_par' dir='ltr' id='par_1_15' title="bbox 205 1385 1788 1450">
     <span class='ocr_line' id='line_1_15' title="bbox 205 1385 1788 1450; baseline 0.001 -12"><span class='ocrx_word' id='word_1_104' title='bbox 205 1387 277 1439; x_wconf 80' lang='lat' dir='ltr'><strong>ad</strong></span> <span class='ocrx_word' id='word_1_105' title='bbox 298 1399 574 1438; x_wconf 83' lang='lat' dir='ltr'><strong>mensuras</strong></span> <span class='ocrx_word' id='word_1_106' title='bbox 601 1386 884 1446; x_wconf 88' lang='lat' dir='ltr'><strong>accedens,</strong></span> <span class='ocrx_word' id='word_1_107' title='bbox 913 1399 1019 1438; x_wconf 89' lang='lat' dir='ltr'><strong>non</strong></span> <span class='ocrx_word' id='word_1_108' title='bbox 1048 1385 1224 1438; x_wconf 91' lang='lat' dir='ltr'><strong>subito</strong></span> <span class='ocrx_word' id='word_1_109' title='bbox 1254 1395 1444 1450; x_wconf 88' lang='lat' dir='ltr'><strong>nocet;</strong></span> <span class='ocrx_word' id='word_1_110' title='bbox 1492 1385 1788 1440; x_wconf 83' lang='lat' dir='ltr'><strong>exussisset</strong></span> 
     </span>
    </p>
   </div>
   <div class='ocr_carea' id='block_1_16' title="bbox 206 1475 1789 1544">
    <p class='ocr_par' dir='ltr' id='par_1_16' title="bbox 206 1475 1789 1544">
     <span class='ocr_line' id='line_1_16' title="bbox 206 1475 1789 1544; baseline -0.001 -16"><span class='ocrx_word' id='word_1_111' title='bbox 206 1475 356 1528; x_wconf 87' lang='lat' dir='ltr'><strong>enim</strong></span> <span class='ocrx_word' id='word_1_112' title='bbox 397 1475 598 1539; x_wconf 82' lang='lat' dir='ltr'><strong>omnia,</strong></span> <span class='ocrx_word' id='word_1_113' title='bbox 650 1476 694 1528; x_wconf 92' lang='lat' dir='ltr'><strong>si</strong></span> <span class='ocrx_word' id='word_1_114' title='bbox 728 1476 904 1528; x_wconf 91' lang='lat' dir='ltr'><strong>subito</strong></span> <span class='ocrx_word' id='word_1_115' title='bbox 932 1475 997 1528; x_wconf 90' lang='lat' dir='ltr'><strong>ad</strong></span> <span class='ocrx_word' id='word_1_116' title='bbox 1036 1489 1096 1528; x_wconf 91' lang='lat' dir='ltr'><strong>ea</strong></span> <span class='ocrx_word' id='word_1_117' title='bbox 1142 1475 1314 1543; x_wconf 81' lang='lat' dir='ltr'><strong>spatia</strong></span> <span class='ocrx_word' id='word_1_118' title='bbox 1357 1490 1477 1544; x_wconf 70' lang='lat' dir='ltr'><strong>qua:</strong></span> <span class='ocrx_word' id='word_1_119' title='bbox 1513 1476 1789 1528; x_wconf 81' lang='lat' dir='ltr'><strong>dimiserat</strong></span> 
     </span>
    </p>
   </div>
   <div class='ocr_carea' id='block_1_17' title="bbox 210 1561 1786 1634">
    <p class='ocr_par' dir='ltr' id='par_1_17' title="bbox 210 1561 1786 1634">
     <span class='ocr_line' id='line_1_17' title="bbox 210 1561 1786 1634; baseline 0 -16"><span class='ocrx_word' id='word_1_120' title='bbox 210 1566 567 1630; x_wconf 85' lang='lat' dir='ltr'><strong>recurrisset;</strong></span> <span class='ocrx_word' id='word_1_121' title='bbox 605 1580 777 1634; x_wconf 89' lang='lat' dir='ltr'><strong>neque</strong></span> <span class='ocrx_word' id='word_1_122' title='bbox 799 1567 990 1618; x_wconf 86' lang='lat' dir='ltr'><strong>iterum</strong></span> <span class='ocrx_word' id='word_1_123' title='bbox 1015 1561 1116 1620; x_wconf 76' lang='lat' dir='ltr'><strong>nun</strong></span> <span class='ocrx_word' id='word_1_124' title='bbox 1144 1565 1452 1619; x_wconf 88' lang='lat' dir='ltr'><strong>illuminans</strong></span> <span class='ocrx_word' id='word_1_125' title='bbox 1477 1565 1786 1626; x_wconf 86' lang='lat' dir='ltr'><strong>intermisit,</strong></span> 
     </span>
    </p>
   </div>
   <div class='ocr_carea' id='block_1_18' title="bbox 204 1657 1791 1726">
    <p class='ocr_par' dir='ltr' id='par_1_18' title="bbox 204 1657 1791 1726">
     <span class='ocr_line' id='line_1_18' title="bbox 204 1657 1791 1726; baseline -0.002 -14"><span class='ocrx_word' id='word_1_126' title='bbox 204 1667 274 1712; x_wconf 79' lang='lat' dir='ltr'><strong>ut</strong></span> <span class='ocrx_word' id='word_1_127' title='bbox 313 1658 518 1713; x_wconf 82' lang='lat' dir='ltr'><strong>fruetus</strong></span> <span class='ocrx_word' id='word_1_128' title='bbox 554 1673 656 1711; x_wconf 91' lang='lat' dir='ltr'><strong>non</strong></span> <span class='ocrx_word' id='word_1_129' title='bbox 691 1667 1082 1726; x_wconf 87' lang='lat' dir='ltr'><strong>coquerentur;</strong></span> <span class='ocrx_word' id='word_1_130' title='bbox 1106 1672 1280 1725; x_wconf 89' lang='lat' dir='ltr'><strong>neque</strong></span> <span class='ocrx_word' id='word_1_131' title='bbox 1304 1658 1556 1710; x_wconf 82' lang='lat' dir='ltr'><strong>advenire</strong></span> <span class='ocrx_word' id='word_1_132' title='bbox 1594 1657 1660 1710; x_wconf 90' lang='lat' dir='ltr'><strong>ad</strong></span> <span class='ocrx_word' id='word_1_133' title='bbox 1692 1657 1791 1710; x_wconf 89' lang='lat' dir='ltr'><strong>im-</strong></span> 
     </span>
    </p>
   </div>
   <div class='ocr_carea' id='block_1_19' title="bbox 1884 467 3458 540">
    <p class='ocr_par' dir='ltr' id='par_1_19' title="bbox 1884 467 3458 540">
     <span class='ocr_line' id='line_1_19' title="bbox 1884 467 3458 540; baseline 0.001 -16"><span class='ocrx_word' id='word_1_134' title='bbox 1884 469 2087 524; x_wconf 84' lang='lat' dir='ltr'><strong>militer</strong></span> <span class='ocrx_word' id='word_1_135' title='bbox 2113 469 2345 524; x_wconf 85' lang='lat' dir='ltr'><strong>moritur</strong></span> <span class='ocrx_word' id='word_1_136' title='bbox 2363 470 2561 540; x_wconf 84' lang='lat' dir='ltr'><strong>justus,</strong></span> <span class='ocrx_word' id='word_1_137' title='bbox 2583 478 2639 524; x_wconf 89' lang='lat' dir='ltr'><strong>et</strong></span> <span class='ocrx_word' id='word_1_138' title='bbox 2661 467 2890 538; x_wconf 73' lang='lat' dir='ltr'><strong>impius?</strong></span> <span class='ocrx_word' id='word_1_139' title='bbox 2915 469 2966 524; x_wconf 89' lang='lat' dir='ltr'><strong>ls</strong></span> <span class='ocrx_word' id='word_1_140' title='bbox 2993 470 3134 528; x_wconf 88' lang='lat' dir='ltr'><strong>enim</strong></span> <span class='ocrx_word' id='word_1_141' title='bbox 3162 470 3256 540; x_wconf 67' lang='lat' dir='ltr'><strong>qui</strong></span> <span class='ocrx_word' id='word_1_142' title='bbox 3282 469 3458 525; x_wconf 83' lang='lat' dir='ltr'><strong>aliena</strong></span> 
     </span>
    </p>
   </div>
   <div class='ocr_carea' id='block_1_20' title="bbox 1885 559 3461 631">
    <p class='ocr_par' dir='ltr' id='par_1_20' title="bbox 1885 559 3461 631">
     <span class='ocr_line' id='line_1_20' title="bbox 1885 559 3461 631; baseline 0.002 -17"><span class='ocrx_word' id='word_1_143' title='bbox 1885 561 2048 630; x_wconf 82' lang='lat' dir='ltr'><strong>rapit,</strong></span> <span class='ocrx_word' id='word_1_144' title='bbox 2072 561 2270 616; x_wconf 90' lang='lat' dir='ltr'><strong>fruitus</strong></span> <span class='ocrx_word' id='word_1_145' title='bbox 2292 573 2377 616; x_wconf 92' lang='lat' dir='ltr'><strong>est</strong></span> <span class='ocrx_word' id='word_1_146' title='bbox 2409 576 2529 630; x_wconf 74' lang='lat' dir='ltr'><strong>qua:</strong></span> <span class='ocrx_word' id='word_1_147' title='bbox 2558 561 2778 631; x_wconf 83' lang='lat' dir='ltr'><strong>diripuit</strong></span> <span class='ocrx_word' id='word_1_148' title='bbox 2810 559 2922 631; x_wconf 81' lang='lat' dir='ltr'><strong>(l5)</strong></span> <span class='ocrx_word' id='word_1_149' title='bbox 2955 577 2970 616; x_wconf 91' lang='lat'><strong>:</strong></span> <span class='ocrx_word' id='word_1_150' title='bbox 2999 561 3090 630; x_wconf 93' lang='lat' dir='ltr'><strong>qui</strong></span> <span class='ocrx_word' id='word_1_151' title='bbox 3131 571 3322 617; x_wconf 78' lang='lat' dir='ltr'><strong>autem</strong></span> <span class='ocrx_word' id='word_1_152' title='bbox 3362 578 3461 617; x_wconf 80' lang='lat' dir='ltr'><strong>sua</strong></span> 
     </span>
    </p>
   </div>
   <div class='ocr_carea' id='block_1_21' title="bbox 1885 651 3478 723">
    <p class='ocr_par' dir='ltr' id='par_1_21' title="bbox 1885 651 3478 723">
     <span class='ocr_line' id='line_1_21' title="bbox 1885 651 3478 723; baseline 0.001 -18"><span class='ocrx_word' id='word_1_153' title='bbox 1885 652 2091 714; x_wconf 82' lang='lat' dir='ltr'><strong>amisit,</strong></span> <span class='ocrx_word' id='word_1_154' title='bbox 2123 651 2255 706; x_wconf 86' lang='lat' dir='ltr'><strong>abiit</strong></span> <span class='ocrx_word' id='word_1_155' title='bbox 2273 667 2494 723; x_wconf 90' lang='lat' dir='ltr'><strong>gemens</strong></span> <span class='ocrx_word' id='word_1_156' title='bbox 2525 667 2627 706; x_wconf 92' lang='lat' dir='ltr'><strong>non</strong></span> <span class='ocrx_word' id='word_1_157' title='bbox 2656 653 2860 707; x_wconf 80' lang='lat' dir='ltr'><strong>habens</strong></span> <span class='ocrx_word' id='word_1_158' title='bbox 2896 653 3092 721; x_wconf 87' lang='lat' dir='ltr'><strong>spem?</strong></span> <span class='ocrx_word' id='word_1_159' title='bbox 3119 654 3224 709; x_wconf 87' lang='lat' dir='ltr'><strong>Sed</strong></span> <span class='ocrx_word' id='word_1_160' title='bbox 3249 671 3360 710; x_wconf 86' lang='lat' dir='ltr'><strong>non</strong></span> <span class='ocrx_word' id='word_1_161' title='bbox 3377 664 3478 711; x_wconf 62' lang='lat' dir='ltr'><strong>esu</strong></span> 
     </span>
    </p>
   </div>
   <div class='ocr_carea' id='block_1_22' title="bbox 1887 744 3474 817">
    <p class='ocr_par' dir='ltr' id='par_1_22' title="bbox 1887 744 3474 817">
     <span class='ocr_line' id='line_1_22' title="bbox 1887 744 3474 817; baseline 0.003 -20"><span class='ocrx_word' id='word_1_162' title='bbox 1887 744 2150 814; x_wconf 88' lang='lat' dir='ltr'><strong>iniquitas</strong></span> <span class='ocrx_word' id='word_1_163' title='bbox 2176 747 2316 814; x_wconf 89' lang='lat' dir='ltr'><strong>apud</strong></span> <span class='ocrx_word' id='word_1_164' title='bbox 2346 745 2531 800; x_wconf 85' lang='lat' dir='ltr'><strong>Deum.</strong></span> <span class='ocrx_word' id='word_1_165' title='bbox 2564 744 2620 800; x_wconf 90' lang='lat' dir='ltr'><strong>Si</strong></span> <span class='ocrx_word' id='word_1_166' title='bbox 2656 745 2800 799; x_wconf 92' lang='lat' dir='ltr'><strong>enim</strong></span> <span class='ocrx_word' id='word_1_167' title='bbox 2826 761 2928 799; x_wconf 92' lang='lat' dir='ltr'><strong>non</strong></span> <span class='ocrx_word' id='word_1_168' title='bbox 2963 755 3046 800; x_wconf 89' lang='lat' dir='ltr'><strong>est</strong></span> <span class='ocrx_word' id='word_1_169' title='bbox 3071 761 3194 817; x_wconf 85' lang='lat' dir='ltr'><strong>spes</strong></span> <span class='ocrx_word' id='word_1_170' title='bbox 3215 761 3474 802; x_wconf 67' lang='lat' dir='ltr'><strong>resurreo-</strong></span> 
     </span>
    </p>
   </div>
   <div class='ocr_carea' id='block_1_23' title="bbox 1885 835 3447 904">
    <p class='ocr_par' dir='ltr' id='par_1_23' title="bbox 1885 835 3447 904">
     <span class='ocr_line' id='line_1_23' title="bbox 1885 835 3447 904; baseline 0 -13"><span class='ocrx_word' id='word_1_171' title='bbox 1885 837 2099 899; x_wconf 90' lang='lat' dir='ltr'><strong>ctionis,</strong></span> <span class='ocrx_word' id='word_1_172' title='bbox 2138 843 2192 890; x_wconf 88' lang='lat' dir='ltr'><strong>et</strong></span> <span class='ocrx_word' id='word_1_173' title='bbox 2223 835 2470 890; x_wconf 82' lang='lat' dir='ltr'><strong>solatium</strong></span> <span class='ocrx_word' id='word_1_174' title='bbox 2497 835 2601 890; x_wconf 81' lang='lat' dir='ltr'><strong>illis</strong></span> <span class='ocrx_word' id='word_1_175' title='bbox 2631 835 2719 904; x_wconf 89' lang='lat' dir='ltr'><strong>qui</strong></span> <span class='ocrx_word' id='word_1_176' title='bbox 2749 835 2871 890; x_wconf 88' lang='lat' dir='ltr'><strong>istic</strong></span> <span class='ocrx_word' id='word_1_177' title='bbox 2907 847 3190 898; x_wconf 86' lang='lat' dir='ltr'><strong>uocentur.</strong></span> <span class='ocrx_word' id='word_1_178' title='bbox 3223 837 3278 892; x_wconf 85' lang='lat' dir='ltr'><strong>et</strong></span> <span class='ocrx_word' id='word_1_179' title='bbox 3320 851 3447 892; x_wconf 62' lang='lat' dir='ltr'><strong>meo</strong></span> 
     </span>
    </p>
   </div>
   <div class='ocr_carea' id='block_1_24' title="bbox 1887 926 3461 998">
    <p class='ocr_par' dir='ltr' id='par_1_24' title="bbox 1887 926 3461 998">
     <span class='ocr_line' id='line_1_24' title="bbox 1887 926 3461 998; baseline 0 -15"><span class='ocrx_word' id='word_1_180' title='bbox 1887 943 1978 983; x_wconf 91' lang='lat' dir='ltr'><strong>ces</strong></span> <span class='ocrx_word' id='word_1_181' title='bbox 2008 927 2093 982; x_wconf 82' lang='lat' dir='ltr'><strong>bis</strong></span> <span class='ocrx_word' id='word_1_182' title='bbox 2125 928 2214 997; x_wconf 91' lang='lat' dir='ltr'><strong>qui</strong></span> <span class='ocrx_word' id='word_1_183' title='bbox 2241 941 2335 982; x_wconf 89' lang='lat' dir='ltr'><strong>sua</strong></span> <span class='ocrx_word' id='word_1_184' title='bbox 2373 926 2498 982; x_wconf 90' lang='lat' dir='ltr'><strong>istic</strong></span> <span class='ocrx_word' id='word_1_185' title='bbox 2524 936 2804 997; x_wconf 80' lang='lat' dir='ltr'><strong>spargunt,</strong></span> <span class='ocrx_word' id='word_1_186' title='bbox 2857 941 3046 998; x_wconf 84' lang='lat' dir='ltr'><strong>magna</strong></span> <span class='ocrx_word' id='word_1_187' title='bbox 3093 928 3352 996; x_wconf 84' lang='lat' dir='ltr'><strong>iniquitas</strong></span> <span class='ocrx_word' id='word_1_188' title='bbox 3380 934 3461 983; x_wconf 73' lang='lat' dir='ltr'><strong>est</strong></span> 
     </span>
    </p>
   </div>
   <div class='ocr_carea' id='block_1_25' title="bbox 1889 1017 3458 1091">
    <p class='ocr_par' dir='ltr' id='par_1_25' title="bbox 1889 1017 3458 1091">
     <span class='ocr_line' id='line_1_25' title="bbox 1889 1017 3458 1091; baseline 0.001 -17"><span class='ocrx_word' id='word_1_189' title='bbox 1889 1019 2274 1089; x_wconf 48' lang='lat' dir='ltr'><strong>apud‘justum.</strong></span> <span class='ocrx_word' id='word_1_190' title='bbox 2321 1017 2377 1073; x_wconf 91' lang='lat' dir='ltr'><strong>Si</strong></span> <span class='ocrx_word' id='word_1_191' title='bbox 2404 1019 2547 1073; x_wconf 91' lang='lat' dir='ltr'><strong>enim</strong></span> <span class='ocrx_word' id='word_1_192' title='bbox 2575 1033 2724 1088; x_wconf 61' lang='lat' dir='ltr'><strong>aqua</strong></span> <span class='ocrx_word' id='word_1_193' title='bbox 2751 1021 3050 1074; x_wconf 91' lang='lat' dir='ltr'><strong>redduntur</strong></span> <span class='ocrx_word' id='word_1_194' title='bbox 3083 1021 3352 1085; x_wconf 90' lang='lat' dir='ltr'><strong>omnibus,</strong></span> <span class='ocrx_word' id='word_1_195' title='bbox 3376 1021 3458 1091; x_wconf 78' lang='lat' dir='ltr'><strong>je-</strong></span> 
     </span>
    </p>
   </div>
   <div class='ocr_carea' id='block_1_26' title="bbox 1881 1109 3458 1182">
    <p class='ocr_par' dir='ltr' id='par_1_26' title="bbox 1881 1109 3458 1182">
     <span class='ocr_line' id='line_1_26' title="bbox 1881 1109 3458 1182; baseline -0.001 -18"><span class='ocrx_word' id='word_1_196' title='bbox 1881 1109 2091 1180; x_wconf 87' lang='lat' dir='ltr'><strong>junanti</strong></span> <span class='ocrx_word' id='word_1_197' title='bbox 2127 1119 2181 1165; x_wconf 92' lang='lat' dir='ltr'><strong>et</strong></span> <span class='ocrx_word' id='word_1_198' title='bbox 2211 1111 2448 1174; x_wconf 89' lang='lat' dir='ltr'><strong>ebrioso,</strong></span> <span class='ocrx_word' id='word_1_199' title='bbox 2495 1109 2778 1166; x_wconf 91' lang='lat' dir='ltr'><strong>libidinoso</strong></span> <span class='ocrx_word' id='word_1_200' title='bbox 2818 1121 2871 1166; x_wconf 90' lang='lat' dir='ltr'><strong>et</strong></span> <span class='ocrx_word' id='word_1_201' title='bbox 2894 1113 3109 1182; x_wconf 89' lang='lat' dir='ltr'><strong>pudico,</strong></span> <span class='ocrx_word' id='word_1_202' title='bbox 3146 1113 3377 1182; x_wconf 88' lang='lat' dir='ltr'><strong>rapienti</strong></span> <span class='ocrx_word' id='word_1_203' title='bbox 3408 1123 3458 1166; x_wconf 87' lang='lat' dir='ltr'><strong>et</strong></span> 
     </span>
    </p>
   </div>
   <div class='ocr_carea' id='block_1_27' title="bbox 1888 1201 3459 1275">
    <p class='ocr_par' dir='ltr' id='par_1_27' title="bbox 1888 1201 3459 1275">
     <span class='ocr_line' id='line_1_27' title="bbox 1888 1201 3459 1275; baseline 0.002 -20"><span class='ocrx_word' id='word_1_204' title='bbox 1888 1201 2133 1266; x_wconf 88' lang='lat' dir='ltr'><strong>donanti,</strong></span> <span class='ocrx_word' id='word_1_205' title='bbox 2177 1203 2443 1258; x_wconf 90' lang='lat' dir='ltr'><strong>occidenti</strong></span> <span class='ocrx_word' id='word_1_206' title='bbox 2490 1211 2546 1258; x_wconf 89' lang='lat' dir='ltr'><strong>et</strong></span> <span class='ocrx_word' id='word_1_207' title='bbox 2599 1202 2648 1258; x_wconf 88' lang='lat' dir='ltr'><strong>ei</strong></span> <span class='ocrx_word' id='word_1_208' title='bbox 2690 1203 2779 1272; x_wconf 90' lang='lat' dir='ltr'><strong>qui</strong></span> <span class='ocrx_word' id='word_1_209' title='bbox 2827 1203 3113 1266; x_wconf 88' lang='lat' dir='ltr'><strong>occiditur.</strong></span> <span class='ocrx_word' id='word_1_210' title='bbox 3169 1213 3223 1258; x_wconf 91' lang='lat' dir='ltr'><strong>et</strong></span> <span class='ocrx_word' id='word_1_211' title='bbox 3274 1203 3322 1258; x_wconf 91' lang='lat' dir='ltr'><strong>ei</strong></span> <span class='ocrx_word' id='word_1_212' title='bbox 3368 1204 3459 1275; x_wconf 91' lang='lat' dir='ltr'><strong>qui</strong></span> 
     </span>
    </p>
   </div>
   <div class='ocr_carea' id='block_1_28' title="bbox 1888 1289 3460 1363">
    <p class='ocr_par' dir='ltr' id='par_1_28' title="bbox 1888 1289 3460 1363">
     <span class='ocr_line' id='line_1_28' title="bbox 1888 1289 3460 1363; baseline 0.003 -19"><span class='ocrx_word' id='word_1_213' title='bbox 1888 1290 2207 1359; x_wconf 81' lang='lat' dir='ltr'><strong>martyrium</strong></span> <span class='ocrx_word' id='word_1_214' title='bbox 2239 1289 2379 1345; x_wconf 91' lang='lat' dir='ltr'><strong>tollit</strong></span> <span class='ocrx_word' id='word_1_215' title='bbox 2399 1289 2534 1361; x_wconf 85' lang='lat' dir='ltr'><strong>(l6).</strong></span> <span class='ocrx_word' id='word_1_216' title='bbox 2569 1291 2658 1346; x_wconf 93' lang='lat' dir='ltr'><strong>ubi</strong></span> <span class='ocrx_word' id='word_1_217' title='bbox 2688 1291 2858 1347; x_wconf 86' lang='lat' dir='ltr'><strong>virtus</strong></span> <span class='ocrx_word' id='word_1_218' title='bbox 2892 1302 2974 1347; x_wconf 91' lang='lat' dir='ltr'><strong>est</strong></span> <span class='ocrx_word' id='word_1_219' title='bbox 3001 1294 3386 1363; x_wconf 68' lang='lat' dir='ltr'><strong>providentia?</strong></span> <span class='ocrx_word' id='word_1_220' title='bbox 3408 1293 3460 1350; x_wconf 91' lang='lat' dir='ltr'><strong>In</strong></span> 
     </span>
    </p>
   </div>
   <div class='ocr_carea' id='block_1_29' title="bbox 1890 1381 3461 1455">
    <p class='ocr_par' dir='ltr' id='par_1_29' title="bbox 1890 1381 3461 1455">
     <span class='ocr_line' id='line_1_29' title="bbox 1890 1381 3461 1455; baseline 0.004 -21"><span class='ocrx_word' id='word_1_221' title='bbox 1890 1381 2175 1450; x_wconf 67' lang='lat' dir='ltr'><strong>praecipuis</strong></span> <span class='ocrx_word' id='word_1_222' title='bbox 2201 1382 2346 1436; x_wconf 91' lang='lat' dir='ltr'><strong>enim</strong></span> <span class='ocrx_word' id='word_1_223' title='bbox 2385 1381 2432 1437; x_wconf 88' lang='lat' dir='ltr'><strong>si</strong></span> <span class='ocrx_word' id='word_1_224' title='bbox 2465 1382 2716 1448; x_wconf 74' lang='lat' dir='ltr'><strong>defuerit,</strong></span> <span class='ocrx_word' id='word_1_225' title='bbox 2747 1399 2852 1438; x_wconf 91' lang='lat' dir='ltr'><strong>non</strong></span> <span class='ocrx_word' id='word_1_226' title='bbox 2889 1385 2995 1439; x_wconf 92' lang='lat' dir='ltr'><strong>erit</strong></span> <span class='ocrx_word' id='word_1_227' title='bbox 3022 1385 3167 1440; x_wconf 87' lang='lat' dir='ltr'><strong>utilis</strong></span> <span class='ocrx_word' id='word_1_228' title='bbox 3200 1399 3374 1455; x_wconf 90' lang='lat' dir='ltr'><strong>neque</strong></span> <span class='ocrx_word' id='word_1_229' title='bbox 3407 1385 3461 1440; x_wconf 89' lang='lat' dir='ltr'><strong>in</strong></span> 
     </span>
    </p>
   </div>
   <div class='ocr_carea' id='block_1_30' title="bbox 1893 1472 3461 1545">
    <p class='ocr_par' dir='ltr' id='par_1_30' title="bbox 1893 1472 3461 1545">
     <span class='ocr_line' id='line_1_30' title="bbox 1893 1472 3461 1545; baseline 0.003 -18"><span class='ocrx_word' id='word_1_230' title='bbox 1893 1473 2150 1527; x_wconf 89' lang='lat' dir='ltr'><strong>minimis.</strong></span> <span class='ocrx_word' id='word_1_231' title='bbox 2185 1472 2289 1527; x_wconf 86' lang='lat' dir='ltr'><strong>Sed</strong></span> <span class='ocrx_word' id='word_1_232' title='bbox 2326 1489 2430 1528; x_wconf 90' lang='lat' dir='ltr'><strong>non</strong></span> <span class='ocrx_word' id='word_1_233' title='bbox 2473 1475 2543 1528; x_wconf 87' lang='lat' dir='ltr'><strong>sit</strong></span> <span class='ocrx_word' id='word_1_234' title='bbox 2591 1475 2932 1545; x_wconf 80' lang='lat' dir='ltr'><strong>sacrilegium</strong></span> <span class='ocrx_word' id='word_1_235' title='bbox 2982 1474 3122 1530; x_wconf 87' lang='lat' dir='ltr'><strong>istud</strong></span> <span class='ocrx_word' id='word_1_236' title='bbox 3181 1477 3461 1532; x_wconf 77' lang='lat' dir='ltr'><strong>admittertI</strong></span> 
     </span>
    </p>
   </div>
   <div class='ocr_carea' id='block_1_31' title="bbox 1890 1564 3463 1637">
    <p class='ocr_par' dir='ltr' id='par_1_31' title="bbox 1890 1564 3463 1637">
     <span class='ocr_line' id='line_1_31' title="bbox 1890 1564 3463 1637; baseline 0.004 -22"><span class='ocrx_word' id='word_1_237' title='bbox 1890 1578 2258 1634; x_wconf 86' lang='lat' dir='ltr'><strong>quemquam:</strong></span> <span class='ocrx_word' id='word_1_238' title='bbox 2294 1564 2408 1618; x_wconf 89' lang='lat' dir='ltr'><strong>sive</strong></span> <span class='ocrx_word' id='word_1_239' title='bbox 2445 1564 2590 1619; x_wconf 87' lang='lat' dir='ltr'><strong>enim</strong></span> <span class='ocrx_word' id='word_1_240' title='bbox 2633 1567 2861 1637; x_wconf 87' lang='lat' dir='ltr'><strong>gentiles</strong></span> <span class='ocrx_word' id='word_1_241' title='bbox 2905 1574 3030 1620; x_wconf 91' lang='lat' dir='ltr'><strong>sunt</strong></span> <span class='ocrx_word' id='word_1_242' title='bbox 3075 1564 3168 1635; x_wconf 87' lang='lat' dir='ltr'><strong>qui</strong></span> <span class='ocrx_word' id='word_1_243' title='bbox 3207 1566 3463 1621; x_wconf 77' lang='lat' dir='ltr'><strong>adVersus</strong></span> 
     </span>
    </p>
   </div>
   <div class='ocr_carea' id='block_1_32' title="bbox 1892 1654 3464 1726">
    <p class='ocr_par' dir='ltr' id='par_1_32' title="bbox 1892 1654 3464 1726">
     <span class='ocr_line' id='line_1_32' title="bbox 1892 1654 3464 1726; baseline 0.002 -18"><span class='ocrx_word' id='word_1_244' title='bbox 1892 1655 2349 1710; x_wconf 90' lang='lat' dir='ltr'><strong>resurrectionem</strong></span> <span class='ocrx_word' id='word_1_245' title='bbox 2389 1666 2584 1722; x_wconf 82' lang='lat' dir='ltr'><strong>augent</strong></span> <span class='ocrx_word' id='word_1_246' title='bbox 2617 1659 2773 1711; x_wconf 89' lang='lat' dir='ltr'><strong>nobis</strong></span> <span class='ocrx_word' id='word_1_247' title='bbox 2817 1656 3102 1722; x_wconf 90' lang='lat' dir='ltr'><strong>rationem,</strong></span> <span class='ocrx_word' id='word_1_248' title='bbox 3150 1655 3240 1726; x_wconf 87' lang='lat' dir='ltr'><strong>qui</strong></span> <span class='ocrx_word' id='word_1_249' title='bbox 3277 1654 3464 1711; x_wconf 86' lang='lat' dir='ltr'><strong>volunt</strong></span> 
     </span>
    </p>
   </div>
   <div class='ocr_carea' id='block_1_33' title="bbox 210 1725 3459 1816">
    <p class='ocr_par' dir='ltr' id='par_1_33' title="bbox 210 1725 3459 1816">
     <span class='ocr_line' id='line_1_33' title="bbox 210 1725 3459 1816; baseline 0 -16"><span class='ocrx_word' id='word_1_250' title='bbox 210 1755 396 1815; x_wconf 83' lang='lat' dir='ltr'><strong>petum</strong></span> <span class='ocrx_word' id='word_1_251' title='bbox 429 1746 603 1799; x_wconf 91' lang='lat' dir='ltr'><strong>subito</strong></span> <span class='ocrx_word' id='word_1_252' title='bbox 638 1725 841 1800; x_wconf 82' lang='lat' dir='ltr'><strong>currit:</strong></span> <span class='ocrx_word' id='word_1_253' title='bbox 877 1754 1218 1799; x_wconf 75' lang='lat' dir='ltr'><strong>at-mensura:</strong></span> <span class='ocrx_word' id='word_1_254' title='bbox 1243 1755 1298 1800; x_wconf 91' lang='lat' dir='ltr'><strong>et</strong></span> <span class='ocrx_word' id='word_1_255' title='bbox 1322 1745 1591 1800; x_wconf 88' lang='lat' dir='ltr'><strong>recedenti</strong></span> <span class='ocrx_word' id='word_1_256' title='bbox 1617 1757 1674 1798; x_wconf 84' lang='lat' dir='ltr'><strong>ct</strong></span> <span class='ocrx_word' id='word_1_257' title='bbox 1705 1759 1779 1799; x_wconf 91' lang='lat' dir='ltr'><strong>re-</strong></span> <span class='ocrx_word' id='word_1_258' title='bbox 1822 1725 1867 1780; x_wconf 73' lang='grc' dir='ltr'><strong>Β</strong></span> <span class='ocrx_word' id='word_1_259' title='bbox 1893 1748 2104 1801; x_wconf 87' lang='lat' dir='ltr'><strong>ratione</strong></span> <span class='ocrx_word' id='word_1_260' title='bbox 2159 1761 2221 1801; x_wconf 84' lang='lat' dir='ltr'><strong>se</strong></span> <span class='ocrx_word' id='word_1_261' title='bbox 2256 1760 2416 1816; x_wconf 88' lang='lat' dir='ltr'><strong>agere</strong></span> <span class='ocrx_word' id='word_1_262' title='bbox 2454 1759 2672 1808; x_wconf 89' lang='lat' dir='ltr'><strong>cuncta,</strong></span> <span class='ocrx_word' id='word_1_263' title='bbox 2720 1746 2813 1816; x_wconf 93' lang='lat' dir='ltr'><strong>qui</strong></span> <span class='ocrx_word' id='word_1_264' title='bbox 2847 1755 2974 1801; x_wconf 93' lang='lat' dir='ltr'><strong>sunt</strong></span> <span class='ocrx_word' id='word_1_265' title='bbox 3019 1725 3412 1801; x_wconf 87' lang='lat' dir='ltr'><strong>irrationabiles</strong></span> <span class='ocrx_word' id='word_1_266' title='bbox 3444 1763 3459 1800; x_wconf 91' lang='lat'><strong>:</strong></span> 
     </span>
    </p>
   </div>
   <div class='ocr_carea' id='block_1_34' title="bbox 209 1835 1786 1907">
    <p class='ocr_par' dir='ltr' id='par_1_34' title="bbox 209 1835 1786 1907">
     <span class='ocr_line' id='line_1_34' title="bbox 209 1835 1786 1907; baseline 0.001 -19"><span class='ocrx_word' id='word_1_267' title='bbox 209 1837 452 1888; x_wconf 85' lang='lat' dir='ltr'><strong>currenti</strong></span> <span class='ocrx_word' id='word_1_268' title='bbox 484 1846 609 1890; x_wconf 90' lang='lat' dir='ltr'><strong>sunt</strong></span> <span class='ocrx_word' id='word_1_269' title='bbox 633 1837 788 1889; x_wconf 67' lang='lat' dir='ltr'><strong>datae.</strong></span> <span class='ocrx_word' id='word_1_270' title='bbox 819 1835 934 1890; x_wconf 87' lang='lat' dir='ltr'><strong>Non</strong></span> <span class='ocrx_word' id='word_1_271' title='bbox 966 1835 1364 1907; x_wconf 75' lang='lat' dir='ltr'><strong>coniunguntur</strong></span> <span class='ocrx_word' id='word_1_272' title='bbox 1393 1839 1508 1892; x_wconf 91' lang='lat' dir='ltr'><strong>dies</strong></span> <span class='ocrx_word' id='word_1_273' title='bbox 1538 1837 1786 1891; x_wconf 84' lang='lat' dir='ltr'><strong>noctibus</strong></span> 
     </span>
    </p>
   </div>
   <div class='ocr_carea' id='block_1_35' title="bbox 207 1921 1792 1991">
    <p class='ocr_par' dir='ltr' id='par_1_35' title="bbox 207 1921 1792 1991">
     <span class='ocr_line' id='line_1_35' title="bbox 207 1921 1792 1991; baseline -0.003 -7"><span class='ocrx_word' id='word_1_274' title='bbox 207 1927 479 1984; x_wconf 81' lang='lat' dir='ltr'><strong>habentes</strong></span> <span class='ocrx_word' id='word_1_275' title='bbox 517 1921 716 1990; x_wconf 72' lang='lat' dir='ltr'><strong>solem;</strong></span> <span class='ocrx_word' id='word_1_276' title='bbox 763 1942 806 1981; x_wconf 77' lang='grc' dir='ltr'>ει</span> <span class='ocrx_word' id='word_1_277' title='bbox 838 1927 978 1981; x_wconf 86' lang='lat' dir='ltr'><strong>enim</strong></span> <span class='ocrx_word' id='word_1_278' title='bbox 1008 1927 1120 1981; x_wconf 68' lang='lat' dir='ltr'><strong>hace</strong></span> <span class='ocrx_word' id='word_1_279' title='bbox 1164 1928 1237 1980; x_wconf 88' lang='lat' dir='ltr'><strong>ita</strong></span> <span class='ocrx_word' id='word_1_280' title='bbox 1276 1937 1477 1991; x_wconf 89' lang='lat' dir='ltr'><strong>essent,</strong></span> <span class='ocrx_word' id='word_1_281' title='bbox 1527 1928 1792 1981; x_wconf 89' lang='lat' dir='ltr'><strong>arsissent</strong></span> 
     </span>
    </p>
   </div>
   <div class='ocr_carea' id='block_1_36' title="bbox 208 2017 1788 2087">
    <p class='ocr_par' dir='ltr' id='par_1_36' title="bbox 208 2017 1788 2087">
     <span class='ocr_line' id='line_1_36' title="bbox 208 2017 1788 2087; baseline -0.004 -10"><span class='ocrx_word' id='word_1_282' title='bbox 208 2021 420 2077; x_wconf 80' lang='lat' dir='ltr'><strong>Omnia.</strong></span> <span class='ocrx_word' id='word_1_283' title='bbox 454 2020 559 2074; x_wconf 89' lang='lat' dir='ltr'><strong>Sed</strong></span> <span class='ocrx_word' id='word_1_284' title='bbox 593 2020 673 2073; x_wconf 88' lang='lat' dir='ltr'><strong>sol</strong></span> <span class='ocrx_word' id='word_1_285' title='bbox 705 2019 918 2087; x_wconf 89' lang='lat' dir='ltr'><strong>quidem</strong></span> <span class='ocrx_word' id='word_1_286' title='bbox 955 2033 1052 2086; x_wconf 88' lang='lat' dir='ltr'><strong>per</strong></span> <span class='ocrx_word' id='word_1_287' title='bbox 1079 2019 1218 2072; x_wconf 92' lang='lat' dir='ltr'><strong>diem</strong></span> <span class='ocrx_word' id='word_1_288' title='bbox 1265 2017 1430 2085; x_wconf 88' lang='lat' dir='ltr'><strong>fovet,</strong></span> <span class='ocrx_word' id='word_1_289' title='bbox 1465 2032 1554 2072; x_wconf 90' lang='lat' dir='ltr'><strong>ros</strong></span> <span class='ocrx_word' id='word_1_290' title='bbox 1609 2027 1788 2072; x_wconf 90' lang='lat' dir='ltr'><strong>autem</strong></span> 
     </span>
    </p>
   </div>
   <div class='ocr_carea' id='block_1_37' title="bbox 207 2109 1790 2177">
    <p class='ocr_par' dir='ltr' id='par_1_37' title="bbox 207 2109 1790 2177">
     <span class='ocr_line' id='line_1_37' title="bbox 207 2109 1790 2177; baseline -0.001 -12"><span class='ocrx_word' id='word_1_291' title='bbox 207 2122 538 2166; x_wconf 80' lang='lat' dir='ltr'><strong>nocturnum</strong></span> <span class='ocrx_word' id='word_1_292' title='bbox 568 2110 878 2177; x_wconf 83' lang='lat' dir='ltr'><strong>consolatur</strong></span> <span class='ocrx_word' id='word_1_293' title='bbox 901 2111 1169 2165; x_wconf 88' lang='lat' dir='ltr'><strong>ardorem.</strong></span> <span class='ocrx_word' id='word_1_294' title='bbox 1199 2109 1264 2163; x_wconf 86' lang='lat' dir='ltr'><strong>Et</strong></span> <span class='ocrx_word' id='word_1_295' title='bbox 1291 2124 1542 2164; x_wconf 87' lang='lat' dir='ltr'><strong>mensura</strong></span> <span class='ocrx_word' id='word_1_296' title='bbox 1586 2125 1613 2163; x_wconf 93' lang='lat' dir='ltr'><strong>a</strong></span> <span class='ocrx_word' id='word_1_297' title='bbox 1646 2119 1790 2164; x_wconf 87' lang='lat' dir='ltr'><strong>terra</strong></span> 
     </span>
    </p>
   </div>
   <div class='ocr_carea' id='block_1_38' title="bbox 207 2202 1792 2271">
    <p class='ocr_par' dir='ltr' id='par_1_38' title="bbox 207 2202 1792 2271">
     <span class='ocr_line' id='line_1_38' title="bbox 207 2202 1792 2271; baseline -0.002 -14"><span class='ocrx_word' id='word_1_298' title='bbox 207 2205 294 2257; x_wconf 77' lang='lat' dir='ltr'><strong>sol</strong></span> <span class='ocrx_word' id='word_1_299' title='bbox 328 2205 513 2266; x_wconf 82' lang='lat' dir='ltr'><strong>distat,</strong></span> <span class='ocrx_word' id='word_1_300' title='bbox 536 2212 594 2256; x_wconf 91' lang='lat' dir='ltr'><strong>ut</strong></span> <span class='ocrx_word' id='word_1_301' title='bbox 621 2216 794 2271; x_wconf 91' lang='lat' dir='ltr'><strong>neque</strong></span> <span class='ocrx_word' id='word_1_302' title='bbox 817 2202 1180 2271; x_wconf 89' lang='lat' dir='ltr'><strong>propinquans</strong></span> <span class='ocrx_word' id='word_1_303' title='bbox 1212 2210 1448 2264; x_wconf 87' lang='lat' dir='ltr'><strong>noceret,</strong></span> <span class='ocrx_word' id='word_1_304' title='bbox 1482 2217 1655 2270; x_wconf 91' lang='lat' dir='ltr'><strong>neque</strong></span> <span class='ocrx_word' id='word_1_305' title='bbox 1683 2202 1792 2254; x_wconf 90' lang='lat' dir='ltr'><strong>lon-</strong></span> 
     </span>
    </p>
   </div>
   <div class='ocr_carea' id='block_1_39' title="bbox 209 2291 1794 2362">
    <p class='ocr_par' dir='ltr' id='par_1_39' title="bbox 209 2291 1794 2362">
     <span class='ocr_line' id='line_1_39' title="bbox 209 2291 1794 2362; baseline 0.001 -18"><span class='ocrx_word' id='word_1_306' title='bbox 209 2293 336 2361; x_wconf 77' lang='lat' dir='ltr'><strong>gius</strong></span> <span class='ocrx_word' id='word_1_307' title='bbox 358 2293 570 2347; x_wconf 86' lang='lat' dir='ltr'><strong>distans</strong></span> <span class='ocrx_word' id='word_1_308' title='bbox 595 2291 782 2361; x_wconf 80' lang='lat' dir='ltr'><strong>frigori</strong></span> <span class='ocrx_word' id='word_1_309' title='bbox 808 2292 1042 2346; x_wconf 88' lang='lat' dir='ltr'><strong>cederet.</strong></span> <span class='ocrx_word' id='word_1_310' title='bbox 1076 2291 1340 2345; x_wconf 72' lang='lat' dir='ltr'><strong>Mensura:</strong></span> <span class='ocrx_word' id='word_1_311' title='bbox 1371 2292 1529 2362; x_wconf 87' lang='lat' dir='ltr'><strong>igitur</strong></span> <span class='ocrx_word' id='word_1_312' title='bbox 1558 2293 1641 2345; x_wconf 92' lang='lat' dir='ltr'><strong>his</strong></span> <span class='ocrx_word' id='word_1_313' title='bbox 1672 2306 1794 2361; x_wconf 75' lang='lat' dir='ltr'><strong>quae</strong></span> 
     </span>
    </p>
   </div>
   <div class='ocr_carea' id='block_1_40' title="bbox 210 2383 1791 2454">
    <p class='ocr_par' dir='ltr' id='par_1_40' title="bbox 210 2383 1791 2454">
     <span class='ocr_line' id='line_1_40' title="bbox 210 2383 1791 2454; baseline 0 -18"><span class='ocrx_word' id='word_1_314' title='bbox 210 2385 268 2438; x_wconf 91' lang='lat' dir='ltr'><strong>in</strong></span> <span class='ocrx_word' id='word_1_315' title='bbox 296 2385 434 2438; x_wconf 69' lang='lat' dir='ltr'><strong>coelo</strong></span> <span class='ocrx_word' id='word_1_316' title='bbox 469 2394 593 2439; x_wconf 88' lang='lat' dir='ltr'><strong>sunt</strong></span> <span class='ocrx_word' id='word_1_317' title='bbox 619 2387 684 2438; x_wconf 88' lang='lat' dir='ltr'><strong>ad</strong></span> <span class='ocrx_word' id='word_1_318' title='bbox 713 2399 774 2438; x_wconf 88' lang='lat' dir='ltr'><strong>ea</strong></span> <span class='ocrx_word' id='word_1_319' title='bbox 799 2399 922 2454; x_wconf 66' lang='lat' dir='ltr'><strong>quae</strong></span> <span class='ocrx_word' id='word_1_320' title='bbox 957 2384 1008 2436; x_wconf 90' lang='lat' dir='ltr'><strong>in</strong></span> <span class='ocrx_word' id='word_1_321' title='bbox 1039 2393 1179 2437; x_wconf 84' lang='lat' dir='ltr'><strong>terra</strong></span> <span class='ocrx_word' id='word_1_322' title='bbox 1219 2383 1522 2448; x_wconf 86' lang='lat' dir='ltr'><strong>habentur;</strong></span> <span class='ocrx_word' id='word_1_323' title='bbox 1556 2397 1656 2436; x_wconf 85' lang='lat' dir='ltr'><strong>nec</strong></span> <span class='ocrx_word' id='word_1_324' title='bbox 1685 2398 1791 2436; x_wconf 89' lang='lat' dir='ltr'><strong>non</strong></span> 
     </span>
    </p>
   </div>
   <div class='ocr_carea' id='block_1_41' title="bbox 207 2474 1795 2546">
    <p class='ocr_par' dir='ltr' id='par_1_41' title="bbox 207 2474 1795 2546">
     <span class='ocr_line' id='line_1_41' title="bbox 207 2474 1795 2546; baseline -0.001 -16"><span class='ocrx_word' id='word_1_325' title='bbox 207 2487 267 2530; x_wconf 88' lang='lat' dir='ltr'><strong>et</strong></span> <span class='ocrx_word' id='word_1_326' title='bbox 293 2492 413 2546; x_wconf 73' lang='lat' dir='ltr'><strong>quae</strong></span> <span class='ocrx_word' id='word_1_327' title='bbox 465 2478 518 2531; x_wconf 91' lang='lat' dir='ltr'><strong>in</strong></span> <span class='ocrx_word' id='word_1_328' title='bbox 572 2477 706 2530; x_wconf 87' lang='lat' dir='ltr'><strong>mari</strong></span> <span class='ocrx_word' id='word_1_329' title='bbox 753 2476 818 2530; x_wconf 90' lang='lat' dir='ltr'><strong>ad</strong></span> <span class='ocrx_word' id='word_1_330' title='bbox 864 2485 1086 2539; x_wconf 88' lang='lat' dir='ltr'><strong>terram,</strong></span> <span class='ocrx_word' id='word_1_331' title='bbox 1129 2482 1185 2529; x_wconf 89' lang='lat' dir='ltr'><strong>et</strong></span> <span class='ocrx_word' id='word_1_332' title='bbox 1218 2475 1322 2528; x_wconf 91' lang='lat' dir='ltr'><strong>diei</strong></span> <span class='ocrx_word' id='word_1_333' title='bbox 1355 2474 1422 2527; x_wconf 91' lang='lat' dir='ltr'><strong>ad</strong></span> <span class='ocrx_word' id='word_1_334' title='bbox 1451 2485 1701 2538; x_wconf 87' lang='lat' dir='ltr'><strong>noctem,</strong></span> <span class='ocrx_word' id='word_1_335' title='bbox 1739 2483 1795 2528; x_wconf 86' lang='lat' dir='ltr'><strong>et</strong></span> 
     </span>
    </p>
   </div>
   <div class='ocr_carea' id='block_1_42' title="bbox 209 2566 1792 2636">
    <p class='ocr_par' dir='ltr' id='par_1_42' title="bbox 209 2566 1792 2636">
     <span class='ocr_line' id='line_1_42' title="bbox 209 2566 1792 2636; baseline -0.001 -14"><span class='ocrx_word' id='word_1_336' title='bbox 209 2570 377 2623; x_wconf 85' lang='lat' dir='ltr'><strong>hiemi</strong></span> <span class='ocrx_word' id='word_1_337' title='bbox 417 2569 482 2622; x_wconf 89' lang='lat' dir='ltr'><strong>ad</strong></span> <span class='ocrx_word' id='word_1_338' title='bbox 527 2579 790 2622; x_wconf 69' lang='lat' dir='ltr'><strong>aestatem.</strong></span> <span class='ocrx_word' id='word_1_339' title='bbox 851 2569 915 2622; x_wconf 86' lang='lat' dir='ltr'><strong>Et</strong></span> <span class='ocrx_word' id='word_1_340' title='bbox 969 2584 1073 2621; x_wconf 91' lang='lat' dir='ltr'><strong>non</strong></span> <span class='ocrx_word' id='word_1_341' title='bbox 1116 2576 1262 2620; x_wconf 87' lang='lat' dir='ltr'><strong>tanta</strong></span> <span class='ocrx_word' id='word_1_342' title='bbox 1306 2566 1486 2634; x_wconf 88' lang='lat' dir='ltr'><strong>eloqui</strong></span> <span class='ocrx_word' id='word_1_343' title='bbox 1546 2576 1792 2636; x_wconf 86' lang='lat' dir='ltr'><strong>possunt,</strong></span> 
     </span>
    </p>
   </div>
   <div class='ocr_carea' id='block_1_43' title="bbox 207 2659 1794 2729">
    <p class='ocr_par' dir='ltr' id='par_1_43' title="bbox 207 2659 1794 2729">
     <span class='ocr_line' id='line_1_43' title="bbox 207 2659 1794 2729; baseline 0.001 -17"><span class='ocrx_word' id='word_1_344' title='bbox 207 2669 412 2728; x_wconf 80' lang='lat' dir='ltr'><strong>quanta</strong></span> <span class='ocrx_word' id='word_1_345' title='bbox 461 2661 708 2714; x_wconf 86' lang='lat' dir='ltr'><strong>universa</strong></span> <span class='ocrx_word' id='word_1_346' title='bbox 756 2672 944 2715; x_wconf 86' lang='lat' dir='ltr'><strong>natura</strong></span> <span class='ocrx_word' id='word_1_347' title='bbox 986 2661 1302 2729; x_wconf 83' lang='lat' dir='ltr'><strong>proclamat.</strong></span> <span class='ocrx_word' id='word_1_348' title='bbox 1364 2659 1493 2714; x_wconf 77' lang='lat' dir='ltr'><strong>Caeli</strong></span> <span class='ocrx_word' id='word_1_349' title='bbox 1545 2671 1794 2714; x_wconf 71' lang='lat' dir='ltr'><strong>etiarrant</strong></span> 
     </span>
    </p>
   </div>
   <div class='ocr_carea' id='block_1_44' title="bbox 206 2743 1792 2823">
    <p class='ocr_par' dir='ltr' id='par_1_44' title="bbox 206 2743 1792 2823">
     <span class='ocr_line' id='line_1_44' title="bbox 206 2743 1792 2823; baseline 0.001 -19"><span class='ocrx_word' id='word_1_350' title='bbox 206 2753 436 2823; x_wconf 85' lang='lat' dir='ltr'><strong>gloriam</strong></span> <span class='ocrx_word' id='word_1_351' title='bbox 479 2752 597 2818; x_wconf 82' lang='lat' dir='ltr'><strong>Dei,</strong></span> <span class='ocrx_word' id='word_1_352' title='bbox 647 2770 802 2819; x_wconf 80' lang='lat' dir='ltr'><strong>Opera</strong></span> <span class='ocrx_word' id='word_1_353' title='bbox 842 2743 1015 2808; x_wconf 81' lang='lat' dir='ltr'><strong>autem</strong></span> <span class='ocrx_word' id='word_1_354' title='bbox 1051 2769 1300 2808; x_wconf 84' lang='lat' dir='ltr'><strong>manuum</strong></span> <span class='ocrx_word' id='word_1_355' title='bbox 1345 2752 1460 2822; x_wconf 78' lang='lat' dir='ltr'><strong>ejus</strong></span> <span class='ocrx_word' id='word_1_356' title='bbox 1512 2753 1792 2806; x_wconf 75' lang='lat' dir='ltr'><strong>annuntiat</strong></span> 
     </span>
    </p>
   </div>
   <div class='ocr_carea' id='block_1_45' title="bbox 208 2844 1798 2915">
    <p class='ocr_par' dir='ltr' id='par_1_45' title="bbox 208 2844 1798 2915">
     <span class='ocr_line' id='line_1_45' title="bbox 208 2844 1798 2915; baseline -0.001 -17"><span class='ocrx_word' id='word_1_357' title='bbox 208 2847 604 2914; x_wconf 71' lang='lat' dir='ltr'><strong>ﬁrmamentum</strong></span> <span class='ocrx_word' id='word_1_358' title='bbox 637 2847 705 2910; x_wconf 55' lang='grc' dir='ltr'><strong>ὀε</strong></span> <span class='ocrx_word' id='word_1_359' title='bbox 734 2847 864 2900; x_wconf 90' lang='lat' dir='ltr'><strong>dicit</strong></span> <span class='ocrx_word' id='word_1_360' title='bbox 888 2845 1175 2915; x_wconf 79' lang='lat' dir='ltr'><strong>Propheta.</strong></span> <span class='ocrx_word' id='word_1_361' title='bbox 1211 2845 1266 2898; x_wconf 92' lang='lat' dir='ltr'><strong>In</strong></span> <span class='ocrx_word' id='word_1_362' title='bbox 1301 2844 1406 2898; x_wconf 88' lang='lat' dir='ltr'><strong>alio</strong></span> <span class='ocrx_word' id='word_1_363' title='bbox 1439 2853 1619 2898; x_wconf 80' lang='lat' dir='ltr'><strong>autem</strong></span> <span class='ocrx_word' id='word_1_364' title='bbox 1651 2845 1798 2912; x_wconf 88' lang='lat' dir='ltr'><strong>psal-</strong></span> 
     </span>
    </p>
   </div>
   <div class='ocr_carea' id='block_1_46' title="bbox 213 2937 1791 3012">
    <p class='ocr_par' dir='ltr' id='par_1_46' title="bbox 213 2937 1791 3012">
     <span class='ocr_line' id='line_1_46' title="bbox 213 2937 1791 3012; baseline -0.003 -22"><span class='ocrx_word' id='word_1_365' title='bbox 213 2951 309 2990; x_wconf 87' lang='lat' dir='ltr'><strong>lth</strong></span> <span class='ocrx_word' id='word_1_366' title='bbox 339 2953 367 2989; x_wconf 88' lang='lat' dir='ltr'><strong>a</strong></span> <span class='ocrx_word' id='word_1_367' title='bbox 397 2952 607 2990; x_wconf 87' lang='lat' dir='ltr'><strong>sursum</strong></span> <span class='ocrx_word' id='word_1_368' title='bbox 651 2953 821 3004; x_wconf 86' lang='lat' dir='ltr'><strong>usque</strong></span> <span class='ocrx_word' id='word_1_369' title='bbox 856 2938 1104 2991; x_wconf 87' lang='lat' dir='ltr'><strong>deorsum</strong></span> <span class='ocrx_word' id='word_1_370' title='bbox 1146 2937 1321 3012; x_wconf 62' lang='lat' dir='ltr'><strong>omnis</strong></span> <span class='ocrx_word' id='word_1_371' title='bbox 1349 2943 1600 2989; x_wconf 88' lang='lat' dir='ltr'><strong>creatura</strong></span> <span class='ocrx_word' id='word_1_372' title='bbox 1629 2937 1791 2988; x_wconf 80' lang='lat' dir='ltr'><strong>dinu—</strong></span> 
     </span>
    </p>
   </div>
   <div class='ocr_carea' id='block_1_47' title="bbox 215 3026 1794 3100">
    <p class='ocr_par' dir='ltr' id='par_1_47' title="bbox 215 3026 1794 3100">
     <span class='ocr_line' id='line_1_47' title="bbox 215 3026 1794 3100; baseline -0.003 -16"><span class='ocrx_word' id='word_1_373' title='bbox 215 3041 484 3084; x_wconf 85' lang='lat' dir='ltr'><strong>lueralur.</strong></span> <span class='ocrx_word' id='word_1_374' title='bbox 530 3030 597 3083; x_wconf 87' lang='lat' dir='ltr'><strong>Et</strong></span> <span class='ocrx_word' id='word_1_375' title='bbox 628 3041 773 3084; x_wconf 79' lang='lat' dir='ltr'><strong>certe</strong></span> <span class='ocrx_word' id='word_1_376' title='bbox 819 3040 874 3084; x_wconf 86' lang='lat' dir='ltr'><strong>et</strong></span> <span class='ocrx_word' id='word_1_377' title='bbox 907 3032 1017 3098; x_wconf 90' lang='lat' dir='ltr'><strong>ipse</strong></span> <span class='ocrx_word' id='word_1_378' title='bbox 1049 3030 1140 3100; x_wconf 88' lang='lat' dir='ltr'><strong>qui</strong></span> <span class='ocrx_word' id='word_1_379' title='bbox 1177 3028 1338 3090; x_wconf 84' lang='lat' dir='ltr'><strong>dicit,</strong></span> <span class='ocrx_word' id='word_1_380' title='bbox 1387 3026 1518 3081; x_wconf 73' lang='grc' dir='ltr'><strong>(ἔωιὶ</strong></span> <span class='ocrx_word' id='word_1_381' title='bbox 1542 3037 1794 3082; x_wconf 69' lang='lat' dir='ltr'><strong>enat-rant</strong></span> 
     </span>
    </p>
   </div>
   <div class='ocr_carea' id='block_1_48' title="bbox 1890 1836 3462 1907">
    <p class='ocr_par' dir='ltr' id='par_1_48' title="bbox 1890 1836 3462 1907">
     <span class='ocr_line' id='line_1_48' title="bbox 1890 1836 3462 1907; baseline 0.002 -19"><span class='ocrx_word' id='word_1_382' title='bbox 1890 1839 2339 1907; x_wconf 89' lang='lat' dir='ltr'><strong>quemadmodum</strong></span> <span class='ocrx_word' id='word_1_383' title='bbox 2384 1836 2492 1891; x_wconf 83' lang='lat' dir='ltr'><strong>Deo</strong></span> <span class='ocrx_word' id='word_1_384' title='bbox 2521 1838 2730 1903; x_wconf 88' lang='lat' dir='ltr'><strong>justitia</strong></span> <span class='ocrx_word' id='word_1_385' title='bbox 2769 1838 3106 1894; x_wconf 86' lang='lat' dir='ltr'><strong>salvabitnr?</strong></span> <span class='ocrx_word' id='word_1_386' title='bbox 3155 1839 3276 1894; x_wconf 90' lang='lat' dir='ltr'><strong>istic</strong></span> <span class='ocrx_word' id='word_1_387' title='bbox 3317 1840 3462 1894; x_wconf 89' lang='lat' dir='ltr'><strong>enim</strong></span> 
     </span>
    </p>
   </div>
   <div class='ocr_carea' id='block_1_49' title="bbox 1891 1931 3465 2001">
    <p class='ocr_par' dir='ltr' id='par_1_49' title="bbox 1891 1931 3465 2001">
     <span class='ocr_line' id='line_1_49' title="bbox 1891 1931 3465 2001; baseline 0.003 -19"><span class='ocrx_word' id='word_1_388' title='bbox 1891 1931 2136 1985; x_wconf 86' lang='lat' dir='ltr'><strong>videmus</strong></span> <span class='ocrx_word' id='word_1_389' title='bbox 2167 1945 2546 1999; x_wconf 88' lang='lat' dir='ltr'><strong>nonnunquam</strong></span> <span class='ocrx_word' id='word_1_390' title='bbox 2577 1943 2831 1999; x_wconf 89' lang='lat' dir='ltr'><strong>perverse</strong></span> <span class='ocrx_word' id='word_1_391' title='bbox 2856 1931 3067 1999; x_wconf 89' lang='lat' dir='ltr'><strong>negotia</strong></span> <span class='ocrx_word' id='word_1_392' title='bbox 3099 1931 3233 2001; x_wconf 89' lang='lat' dir='ltr'><strong>geri,</strong></span> <span class='ocrx_word' id='word_1_393' title='bbox 3259 1938 3317 1986; x_wconf 91' lang='lat' dir='ltr'><strong>ut</strong></span> <span class='ocrx_word' id='word_1_394' title='bbox 3346 1931 3465 1986; x_wconf 85' lang='lat' dir='ltr'><strong>illos</strong></span> 
     </span>
    </p>
   </div>
   <div class='ocr_carea' id='block_1_50' title="bbox 1891 2021 3466 2092">
    <p class='ocr_par' dir='ltr' id='par_1_50' title="bbox 1891 2021 3466 2092">
     <span class='ocr_line' id='line_1_50' title="bbox 1891 2021 3466 2092; baseline 0.001 -15"><span class='ocrx_word' id='word_1_395' title='bbox 1891 2023 2112 2092; x_wconf 89' lang='lat' dir='ltr'><strong>quidem</strong></span> <span class='ocrx_word' id='word_1_396' title='bbox 2144 2023 2234 2092; x_wconf 92' lang='lat' dir='ltr'><strong>qui</strong></span> <span class='ocrx_word' id='word_1_397' title='bbox 2259 2031 2481 2076; x_wconf 89' lang='lat' dir='ltr'><strong>cantant</strong></span> <span class='ocrx_word' id='word_1_398' title='bbox 2503 2033 2750 2090; x_wconf 91' lang='lat' dir='ltr'><strong>putemus</strong></span> <span class='ocrx_word' id='word_1_399' title='bbox 2776 2022 2912 2076; x_wconf 85' lang='lat' dir='ltr'><strong>bene</strong></span> <span class='ocrx_word' id='word_1_400' title='bbox 2934 2021 3136 2076; x_wconf 90' lang='lat' dir='ltr'><strong>habere</strong></span> <span class='ocrx_word' id='word_1_401' title='bbox 3159 2023 3208 2076; x_wconf 93' lang='lat' dir='ltr'><strong>in</strong></span> <span class='ocrx_word' id='word_1_402' title='bbox 3233 2022 3466 2078; x_wconf 88' lang='lat' dir='ltr'><strong>mundo:</strong></span> 
     </span>
    </p>
   </div>
   <div class='ocr_carea' id='block_1_51' title="bbox 1893 2111 3467 2182">
    <p class='ocr_par' dir='ltr' id='par_1_51' title="bbox 1893 2111 3467 2182">
     <span class='ocr_line' id='line_1_51' title="bbox 1893 2111 3467 2182; baseline 0 -14"><span class='ocrx_word' id='word_1_403' title='bbox 1893 2114 2026 2168; x_wconf 88' lang='lat' dir='ltr'><strong>alios</strong></span> <span class='ocrx_word' id='word_1_404' title='bbox 2055 2125 2258 2179; x_wconf 86' lang='lat' dir='ltr'><strong>autem,</strong></span> <span class='ocrx_word' id='word_1_405' title='bbox 2287 2115 2376 2182; x_wconf 91' lang='lat' dir='ltr'><strong>qui</strong></span> <span class='ocrx_word' id='word_1_406' title='bbox 2410 2113 2670 2182; x_wconf 89' lang='lat' dir='ltr'><strong>diripiunt</strong></span> <span class='ocrx_word' id='word_1_407' title='bbox 2699 2123 2755 2166; x_wconf 90' lang='lat' dir='ltr'><strong>et</strong></span> <span class='ocrx_word' id='word_1_408' title='bbox 2785 2113 3046 2177; x_wconf 84' lang='lat' dir='ltr'><strong>ditantur,</strong></span> <span class='ocrx_word' id='word_1_409' title='bbox 3087 2111 3254 2167; x_wconf 63' lang='lat' dir='ltr'><strong>laetari</strong></span> <span class='ocrx_word' id='word_1_410' title='bbox 3292 2120 3350 2168; x_wconf 86' lang='lat' dir='ltr'><strong>et</strong></span> <span class='ocrx_word' id='word_1_411' title='bbox 3375 2127 3467 2168; x_wconf 90' lang='lat' dir='ltr'><strong>sa-</strong></span> 
     </span>
    </p>
   </div>
   <div class='ocr_carea' id='block_1_52' title="bbox 1866 2199 3469 2276">
    <p class='ocr_par' dir='ltr' id='par_1_52' title="bbox 1866 2199 3469 2276">
     <span class='ocr_line' id='line_1_52' title="bbox 1866 2199 3469 2276; baseline -0.001 -16"><span class='ocrx_word' id='word_1_412' title='bbox 1866 2199 1992 2260; x_wconf 64' lang='lat' dir='ltr'><strong>&#39;nos</strong></span> <span class='ocrx_word' id='word_1_413' title='bbox 2023 2219 2147 2260; x_wconf 85' lang='lat' dir='ltr'><strong>esse</strong></span> <span class='ocrx_word' id='word_1_414' title='bbox 2165 2219 2412 2274; x_wconf 90' lang='lat' dir='ltr'><strong>corpore,</strong></span> <span class='ocrx_word' id='word_1_415' title='bbox 2454 2206 2593 2259; x_wconf 87' lang='lat' dir='ltr'><strong>forte</strong></span> <span class='ocrx_word' id='word_1_416' title='bbox 2622 2204 2792 2275; x_wconf 82' lang='lat' dir='ltr'><strong>magis</strong></span> <span class='ocrx_word' id='word_1_417' title='bbox 2831 2205 3044 2276; x_wconf 90' lang='lat' dir='ltr'><strong>iniquos</strong></span> <span class='ocrx_word' id='word_1_418' title='bbox 3069 2220 3230 2274; x_wconf 88' lang='lat' dir='ltr'><strong>quam</strong></span> <span class='ocrx_word' id='word_1_419' title='bbox 3266 2203 3469 2274; x_wconf 77' lang='lat' dir='ltr'><strong>iustos,</strong></span> 
     </span>
    </p>
   </div>
   <div class='ocr_carea' id='block_1_53' title="bbox 1892 2297 3480 2367">
    <p class='ocr_par' dir='ltr' id='par_1_53' title="bbox 1892 2297 3480 2367">
     <span class='ocr_line' id='line_1_53' title="bbox 1892 2297 3480 2367; baseline 0.001 -16"><span class='ocrx_word' id='word_1_420' title='bbox 1892 2307 1948 2351; x_wconf 87' lang='lat' dir='ltr'><strong>et</strong></span> <span class='ocrx_word' id='word_1_421' title='bbox 2001 2312 2382 2367; x_wconf 89' lang='lat' dir='ltr'><strong>nonnunquam</strong></span> <span class='ocrx_word' id='word_1_422' title='bbox 2432 2297 2622 2352; x_wconf 89' lang='lat' dir='ltr'><strong>melius</strong></span> <span class='ocrx_word' id='word_1_423' title='bbox 2677 2311 2874 2367; x_wconf 87' lang='lat' dir='ltr'><strong>corpus</strong></span> <span class='ocrx_word' id='word_1_424' title='bbox 2932 2297 3168 2362; x_wconf 89' lang='lat' dir='ltr'><strong>habere,</strong></span> <span class='ocrx_word' id='word_1_425' title='bbox 3223 2305 3278 2352; x_wconf 88' lang='lat' dir='ltr'><strong>ct</strong></span> <span class='ocrx_word' id='word_1_426' title='bbox 3331 2297 3480 2352; x_wconf 81' lang='lat' dir='ltr'><strong>ﬁlios</strong></span> 
     </span>
    </p>
   </div>
   <div class='ocr_carea' id='block_1_54' title="bbox 1893 2387 3484 2459">
    <p class='ocr_par' dir='ltr' id='par_1_54' title="bbox 1893 2387 3484 2459">
     <span class='ocr_line' id='line_1_54' title="bbox 1893 2387 3484 2459; baseline 0.001 -17"><span class='ocrx_word' id='word_1_427' title='bbox 1893 2389 2262 2459; x_wconf 78' lang='lat' dir='ltr'><strong>(ptamplures.</strong></span> <span class='ocrx_word' id='word_1_428' title='bbox 2289 2389 2465 2444; x_wconf 89' lang='lat' dir='ltr'><strong>ethos</strong></span> <span class='ocrx_word' id='word_1_429' title='bbox 2491 2387 2808 2454; x_wconf 85' lang='lat' dir='ltr'><strong>incolumes,</strong></span> <span class='ocrx_word' id='word_1_430' title='bbox 2829 2400 2884 2444; x_wconf 90' lang='lat' dir='ltr'><strong>et</strong></span> <span class='ocrx_word' id='word_1_431' title='bbox 2915 2389 3168 2444; x_wconf 88' lang='lat' dir='ltr'><strong>mulieres</strong></span> <span class='ocrx_word' id='word_1_432' title='bbox 3195 2403 3317 2443; x_wconf 90' lang='lat' dir='ltr'><strong>cum</strong></span> <span class='ocrx_word' id='word_1_433' title='bbox 3341 2388 3484 2443; x_wconf 82' lang='lat' dir='ltr'><strong>viris.</strong></span> 
     </span>
    </p>
   </div>
   <div class='ocr_carea' id='block_1_55' title="bbox 1893 2479 3494 2550">
    <p class='ocr_par' dir='ltr' id='par_1_55' title="bbox 1893 2479 3494 2550">
     <span class='ocr_line' id='line_1_55' title="bbox 1893 2479 3494 2550; baseline -0.002 -16"><span class='ocrx_word' id='word_1_434' title='bbox 1893 2481 2068 2534; x_wconf 70' lang='lat' dir='ltr'><strong>laetam</strong></span> <span class='ocrx_word' id='word_1_435' title='bbox 2107 2481 2304 2550; x_wconf 86' lang='lat' dir='ltr'><strong>degere</strong></span> <span class='ocrx_word' id='word_1_436' title='bbox 2347 2480 2537 2542; x_wconf 89' lang='lat' dir='ltr'><strong>vitam,</strong></span> <span class='ocrx_word' id='word_1_437' title='bbox 2566 2487 2620 2535; x_wconf 91' lang='lat' dir='ltr'><strong>et</strong></span> <span class='ocrx_word' id='word_1_438' title='bbox 2644 2493 2921 2535; x_wconf 87' lang='lat' dir='ltr'><strong>servorum</strong></span> <span class='ocrx_word' id='word_1_439' title='bbox 2966 2479 3361 2534; x_wconf 86' lang='lat' dir='ltr'><strong>multitudinem</strong></span> <span class='ocrx_word' id='word_1_440' title='bbox 3392 2479 3494 2534; x_wconf 79' lang='lat' dir='ltr'><strong>eis.</strong></span> 
     </span>
    </p>
   </div>
   <div class='ocr_carea' id='block_1_56' title="bbox 1895 2569 3498 2641">
    <p class='ocr_par' dir='ltr' id='par_1_56' title="bbox 1895 2569 3498 2641">
     <span class='ocr_line' id='line_1_56' title="bbox 1895 2569 3498 2641; baseline -0.002 -15"><span class='ocrx_word' id='word_1_441' title='bbox 1895 2586 2038 2634; x_wconf 88' lang='lat' dir='ltr'><strong>esse,</strong></span> <span class='ocrx_word' id='word_1_442' title='bbox 2073 2579 2128 2626; x_wconf 93' lang='lat' dir='ltr'><strong>et</strong></span> <span class='ocrx_word' id='word_1_443' title='bbox 2159 2585 2320 2639; x_wconf 87' lang='lat' dir='ltr'><strong>opum</strong></span> <span class='ocrx_word' id='word_1_444' title='bbox 2371 2579 2427 2624; x_wconf 91' lang='lat' dir='ltr'><strong>et</strong></span> <span class='ocrx_word' id='word_1_445' title='bbox 2463 2570 2886 2641; x_wconf 88' lang='lat' dir='ltr'><strong>possessionum,</strong></span> <span class='ocrx_word' id='word_1_446' title='bbox 2939 2580 2994 2626; x_wconf 93' lang='lat' dir='ltr'><strong>et</strong></span> <span class='ocrx_word' id='word_1_447' title='bbox 3046 2572 3260 2628; x_wconf 69' lang='lat' dir='ltr'><strong>corrdita</strong></span> <span class='ocrx_word' id='word_1_448' title='bbox 3301 2569 3498 2626; x_wconf 58' lang='lat' dir='ltr'><strong>multa.</strong></span> 
     </span>
    </p>
   </div>
   <div class='ocr_carea' id='block_1_57' title="bbox 1894 2663 3466 2734">
    <p class='ocr_par' dir='ltr' id='par_1_57' title="bbox 1894 2663 3466 2734">
     <span class='ocr_line' id='line_1_57' title="bbox 1894 2663 3466 2734; baseline -0.003 -16"><span class='ocrx_word' id='word_1_449' title='bbox 1894 2664 2197 2718; x_wconf 88' lang='lat' dir='ltr'><strong>substantia</strong></span> <span class='ocrx_word' id='word_1_450' title='bbox 2230 2663 2402 2732; x_wconf 82' lang='lat' dir='ltr'><strong>larga,</strong></span> <span class='ocrx_word' id='word_1_451' title='bbox 2439 2679 2598 2734; x_wconf 89' lang='lat' dir='ltr'><strong>quam</strong></span> <span class='ocrx_word' id='word_1_452' title='bbox 2642 2672 2710 2718; x_wconf 89' lang='lat' dir='ltr'><strong>et.</strong></span> <span class='ocrx_word' id='word_1_453' title='bbox 2744 2664 3132 2718; x_wconf 67' lang='lat' dir='ltr'><strong>transmittunt</strong></span> <span class='ocrx_word' id='word_1_454' title='bbox 3177 2665 3242 2718; x_wconf 86' lang='lat' dir='ltr'><strong>ad</strong></span> <span class='ocrx_word' id='word_1_455' title='bbox 3289 2663 3466 2719; x_wconf 81' lang='lat' dir='ltr'><strong>ﬁlios:</strong></span> 
     </span>
    </p>
   </div>
   <div class='ocr_carea' id='block_1_58' title="bbox 1888 2751 3474 2824">
    <p class='ocr_par' dir='ltr' id='par_1_58' title="bbox 1888 2751 3474 2824">
     <span class='ocr_line' id='line_1_58' title="bbox 1888 2751 3474 2824; baseline 0.004 -21"><span class='ocrx_word' id='word_1_456' title='bbox 1888 2751 2018 2820; x_wconf 78' lang='lat' dir='ltr'><strong>juSIi</strong></span> <span class='ocrx_word' id='word_1_457' title='bbox 2049 2763 2229 2806; x_wconf 89' lang='lat' dir='ltr'><strong>autem</strong></span> <span class='ocrx_word' id='word_1_458' title='bbox 2261 2765 2502 2824; x_wconf 87' lang='lat' dir='ltr'><strong>gemunt,</strong></span> <span class='ocrx_word' id='word_1_459' title='bbox 2525 2763 2719 2809; x_wconf 87' lang='lat' dir='ltr'><strong>etcum</strong></span> <span class='ocrx_word' id='word_1_460' title='bbox 2746 2768 2978 2808; x_wconf 67' lang='lat' dir='ltr'><strong>maerore</strong></span> <span class='ocrx_word' id='word_1_461' title='bbox 3015 2755 3212 2824; x_wconf 88' lang='lat' dir='ltr'><strong>degunt</strong></span> <span class='ocrx_word' id='word_1_462' title='bbox 3239 2754 3292 2809; x_wconf 92' lang='lat' dir='ltr'><strong>in</strong></span> <span class='ocrx_word' id='word_1_463' title='bbox 3320 2770 3474 2810; x_wconf 86' lang='lat' dir='ltr'><strong>mun-</strong></span> 
     </span>
    </p>
   </div>
   <div class='ocr_carea' id='block_1_59' title="bbox 1895 2843 3472 2917">
    <p class='ocr_par' dir='ltr' id='par_1_59' title="bbox 1895 2843 3472 2917">
     <span class='ocr_line' id='line_1_59' title="bbox 1895 2843 3472 2917; baseline 0.002 -19"><span class='ocrx_word' id='word_1_464' title='bbox 1895 2843 1964 2898; x_wconf 90' lang='lat' dir='ltr'><strong>do</strong></span> <span class='ocrx_word' id='word_1_465' title='bbox 1987 2861 2002 2900; x_wconf 89' lang='lat'><strong>:</strong></span> <span class='ocrx_word' id='word_1_466' title='bbox 2025 2854 2079 2898; x_wconf 90' lang='lat' dir='ltr'><strong>et</strong></span> <span class='ocrx_word' id='word_1_467' title='bbox 2112 2845 2200 2898; x_wconf 90' lang='lat' dir='ltr'><strong>ubi</strong></span> <span class='ocrx_word' id='word_1_468' title='bbox 2228 2855 2311 2900; x_wconf 89' lang='lat' dir='ltr'><strong>est</strong></span> <span class='ocrx_word' id='word_1_469' title='bbox 2345 2845 2550 2915; x_wconf 70' lang='lat' dir='ltr'><strong>iustitia</strong></span> <span class='ocrx_word' id='word_1_470' title='bbox 2575 2861 2696 2917; x_wconf 69' lang='lat' dir='ltr'><strong>quae</strong></span> <span class='ocrx_word' id='word_1_471' title='bbox 2727 2862 2754 2900; x_wconf 91' lang='lat' dir='ltr'><strong>a</strong></span> <span class='ocrx_word' id='word_1_472' title='bbox 2784 2846 2893 2902; x_wconf 82' lang='lat' dir='ltr'><strong>Deo</strong></span> <span class='ocrx_word' id='word_1_473' title='bbox 2931 2846 3151 2902; x_wconf 63' lang='lat' dir='ltr'><strong>esti&#39;Et</strong></span> <span class='ocrx_word' id='word_1_474' title='bbox 3178 2847 3224 2902; x_wconf 91' lang='lat' dir='ltr'><strong>si</strong></span> <span class='ocrx_word' id='word_1_475' title='bbox 3255 2845 3472 2916; x_wconf 86' lang='lat' dir='ltr'><strong>quidem</strong></span> 
     </span>
    </p>
   </div>
   <div class='ocr_carea' id='block_1_60' title="bbox 1895 2933 3474 3008">
    <p class='ocr_par' dir='ltr' id='par_1_60' title="bbox 1895 2933 3474 3008">
     <span class='ocr_line' id='line_1_60' title="bbox 1895 2933 3474 3008; baseline 0.003 -19"><span class='ocrx_word' id='word_1_476' title='bbox 1895 2935 1960 2989; x_wconf 90' lang='lat' dir='ltr'><strong>ad</strong></span> <span class='ocrx_word' id='word_1_477' title='bbox 1999 2933 2210 2989; x_wconf 66' lang='lat' dir='ltr'><strong>Iudaeos</strong></span> <span class='ocrx_word' id='word_1_478' title='bbox 2243 2936 2316 2990; x_wconf 90' lang='lat' dir='ltr'><strong>sit</strong></span> <span class='ocrx_word' id='word_1_479' title='bbox 2340 2951 2519 2992; x_wconf 88' lang='lat' dir='ltr'><strong>sermo</strong></span> <span class='ocrx_word' id='word_1_480' title='bbox 2541 2975 2558 3003; x_wconf 94' lang='lat'><strong>,</strong></span> <span class='ocrx_word' id='word_1_481' title='bbox 2599 2937 2728 3008; x_wconf 90' lang='lat' dir='ltr'><strong>quid</strong></span> <span class='ocrx_word' id='word_1_482' title='bbox 2756 2937 2956 3006; x_wconf 91' lang='lat' dir='ltr'><strong>profuit</strong></span> <span class='ocrx_word' id='word_1_483' title='bbox 2983 2939 3232 3004; x_wconf 84' lang='lat' dir='ltr'><strong>Abrahae,</strong></span> <span class='ocrx_word' id='word_1_484' title='bbox 3260 2946 3317 2993; x_wconf 90' lang='lat' dir='ltr'><strong>ut</strong></span> <span class='ocrx_word' id='word_1_485' title='bbox 3347 2953 3474 3008; x_wconf 81' lang='lat' dir='ltr'><strong>pro-</strong></span> 
     </span>
    </p>
   </div>
   <div class='ocr_carea' id='block_1_61' title="bbox 1898 3027 3473 3099">
    <p class='ocr_par' dir='ltr' id='par_1_61' title="bbox 1898 3027 3473 3099">
     <span class='ocr_line' id='line_1_61' title="bbox 1898 3027 3473 3099; baseline 0.003 -18"><span class='ocrx_word' id='word_1_486' title='bbox 1898 3027 2209 3082; x_wconf 83' lang='lat' dir='ltr'><strong>missionem</strong></span> <span class='ocrx_word' id='word_1_487' title='bbox 2233 3029 2451 3097; x_wconf 89' lang='lat' dir='ltr'><strong>quidem</strong></span> <span class='ocrx_word' id='word_1_488' title='bbox 2475 3029 2766 3099; x_wconf 87' lang='lat' dir='ltr'><strong>acciperet,</strong></span> <span class='ocrx_word' id='word_1_489' title='bbox 2797 3030 2862 3084; x_wconf 93' lang='lat' dir='ltr'><strong>ad</strong></span> <span class='ocrx_word' id='word_1_490' title='bbox 2887 3030 3271 3099; x_wconf 89' lang='lat' dir='ltr'><strong>promissiones</strong></span> <span class='ocrx_word' id='word_1_491' title='bbox 3293 3039 3473 3085; x_wconf 88' lang='lat' dir='ltr'><strong>autem</strong></span> 
     </span>
    </p>
   </div>
   <div class='ocr_carea' id='block_1_62' title="bbox 212 3099 3477 3192">
    <p class='ocr_par' dir='ltr' id='par_1_62' title="bbox 212 3099 3477 3192">
     <span class='ocr_line' id='line_1_62' title="bbox 212 3099 3477 3192; baseline -0 -17"><span class='ocrx_word' id='word_1_492' title='bbox 212 3122 444 3192; x_wconf 74' lang='lat' dir='ltr'><strong>gloriam</strong></span> <span class='ocrx_word' id='word_1_493' title='bbox 486 3121 597 3182; x_wconf 83' lang='lat' dir='ltr'><strong>Dei,</strong></span> <span class='ocrx_word' id='word_1_494' title='bbox 635 3139 738 3176; x_wconf 91' lang='lat' dir='ltr'><strong>non</strong></span> <span class='ocrx_word' id='word_1_495' title='bbox 781 3122 1107 3190; x_wconf 83' lang='lat' dir='ltr'><strong>loquentiam</strong></span> <span class='ocrx_word' id='word_1_496' title='bbox 1151 3120 1374 3174; x_wconf 88' lang='lat' dir='ltr'><strong>audivit.</strong></span> <span class='ocrx_word' id='word_1_497' title='bbox 1409 3120 1662 3173; x_wconf 81' lang='lat' dir='ltr'><strong>Aitenim</strong></span> <span class='ocrx_word' id='word_1_498' title='bbox 1695 3136 1794 3173; x_wconf 89' lang='lat' dir='ltr'><strong>non</strong></span> <span class='ocrx_word' id='word_1_499' title='bbox 1822 3099 1864 3155; x_wconf 63' lang='grc' dir='ltr'><strong>(ἶ</strong></span> <span class='ocrx_word' id='word_1_500' title='bbox 1900 3137 2004 3174; x_wconf 82' lang='lat' dir='ltr'><strong>non</strong></span> <span class='ocrx_word' id='word_1_501' title='bbox 2035 3123 2340 3190; x_wconf 89' lang='lat' dir='ltr'><strong>perveniret</strong></span> <span class='ocrx_word' id='word_1_502' title='bbox 2372 3138 2386 3174; x_wconf 88' lang='lat'><strong>:</strong></span> <span class='ocrx_word' id='word_1_503' title='bbox 2423 3122 2623 3191; x_wconf 89' lang='lat' dir='ltr'><strong>quique</strong></span> <span class='ocrx_word' id='word_1_504' title='bbox 2655 3131 2863 3190; x_wconf 89' lang='lat' dir='ltr'><strong>patrem</strong></span> <span class='ocrx_word' id='word_1_505' title='bbox 2906 3121 3124 3191; x_wconf 87' lang='lat' dir='ltr'><strong>quidem</strong></span> <span class='ocrx_word' id='word_1_506' title='bbox 3165 3121 3477 3175; x_wconf 84' lang='lat' dir='ltr'><strong>amantissi-</strong></span> 
     </span>
    </p>
   </div>
   <div class='ocr_carea' id='block_1_63' title="bbox 211 3209 1797 3279">
    <p class='ocr_par' dir='ltr' id='par_1_63' title="bbox 211 3209 1797 3279">
     <span class='ocr_line' id='line_1_63' title="bbox 211 3209 1797 3279; baseline 0 -17"><span class='ocrx_word' id='word_1_507' title='bbox 211 3226 330 3263; x_wconf 69' lang='grc' dir='ltr'><strong>εσσε</strong></span> <span class='ocrx_word' id='word_1_508' title='bbox 360 3210 609 3277; x_wconf 71' lang='lat' dir='ltr'><strong>loquelas,</strong></span> <span class='ocrx_word' id='word_1_509' title='bbox 658 3227 820 3279; x_wconf 75' lang='lat' dir='ltr'><strong>neque</strong></span> <span class='ocrx_word' id='word_1_510' title='bbox 868 3209 1195 3263; x_wconf 79' lang='lat' dir='ltr'><strong>sermones“</strong></span> <span class='ocrx_word' id='word_1_511' title='bbox 1230 3226 1243 3262; x_wconf 90' lang='lat'><strong>:</strong></span> <span class='ocrx_word' id='word_1_512' title='bbox 1281 3209 1572 3263; x_wconf 89' lang='lat' dir='ltr'><strong>tacentium</strong></span> <span class='ocrx_word' id='word_1_513' title='bbox 1619 3218 1797 3263; x_wconf 89' lang='lat' dir='ltr'><strong>autem</strong></span> 
     </span>
    </p>
   </div>
   <div class='ocr_carea' id='block_1_64' title="bbox 213 3301 1798 3358">
    <p class='ocr_par' dir='ltr' id='par_1_64' title="bbox 213 3301 1798 3358">
     <span class='ocr_line' id='line_1_64' title="bbox 213 3301 1798 3358; baseline -0.001 -2"><span class='ocrx_word' id='word_1_514' title='bbox 213 3317 408 3356; x_wconf 84' lang='lat' dir='ltr'><strong>eorum</strong></span> <span class='ocrx_word' id='word_1_515' title='bbox 433 3302 486 3353; x_wconf 89' lang='lat' dir='ltr'><strong>in</strong></span> <span class='ocrx_word' id='word_1_516' title='bbox 517 3317 731 3358; x_wconf 86' lang='lat' dir='ltr'><strong>onmem</strong></span> <span class='ocrx_word' id='word_1_517' title='bbox 757 3303 1010 3356; x_wconf 85' lang='lat' dir='ltr'><strong>mundum</strong></span> <span class='ocrx_word' id='word_1_518' title='bbox 1037 3302 1233 3357; x_wconf 79' lang='lat' dir='ltr'><strong>exiisse</strong></span> <span class='ocrx_word' id='word_1_519' title='bbox 1263 3317 1453 3358; x_wconf 85' lang='lat' dir='ltr'><strong>sonum</strong></span> <span class='ocrx_word' id='word_1_520' title='bbox 1482 3316 1666 3354; x_wconf 89' lang='lat' dir='ltr'><strong>eorum</strong></span> <span class='ocrx_word' id='word_1_521' title='bbox 1702 3301 1798 3354; x_wconf 80' lang='lat' dir='ltr'><strong>ait.</strong></span> 
     </span>
    </p>
   </div>
   <div class='ocr_carea' id='block_1_65' title="bbox 215 3391 1796 3460">
    <p class='ocr_par' dir='ltr' id='par_1_65' title="bbox 215 3391 1796 3460">
     <span class='ocr_line' id='line_1_65' title="bbox 215 3391 1796 3460; baseline 0.001 -19"><span class='ocrx_word' id='word_1_522' title='bbox 215 3391 356 3456; x_wconf 77' lang='lat' dir='ltr'><strong>Quia</strong></span> <span class='ocrx_word' id='word_1_523' title='bbox 420 3391 580 3460; x_wconf 80' lang='lat' dir='ltr'><strong>igitur</strong></span> <span class='ocrx_word' id='word_1_524' title='bbox 634 3407 726 3459; x_wconf 88' lang='lat' dir='ltr'><strong>per</strong></span> <span class='ocrx_word' id='word_1_525' title='bbox 777 3401 937 3448; x_wconf 86' lang='lat' dir='ltr'><strong>tanta.</strong></span> <span class='ocrx_word' id='word_1_526' title='bbox 973 3407 1090 3460; x_wconf 78' lang='lat' dir='ltr'><strong>qua:</strong></span> <span class='ocrx_word' id='word_1_527' title='bbox 1123 3393 1355 3445; x_wconf 82' lang='lat' dir='ltr'><strong>diximus</strong></span> <span class='ocrx_word' id='word_1_528' title='bbox 1415 3392 1796 3452; x_wconf 81' lang='lat' dir='ltr'><strong>ettacuimus,</strong></span> 
     </span>
    </p>
   </div>
   <div class='ocr_carea' id='block_1_66' title="bbox 216 3483 1802 3553">
    <p class='ocr_par' dir='ltr' id='par_1_66' title="bbox 216 3483 1802 3553">
     <span class='ocr_line' id='line_1_66' title="bbox 216 3483 1802 3553; baseline -0.001 -17"><span class='ocrx_word' id='word_1_529' title='bbox 216 3485 337 3549; x_wconf 84' lang='lat' dir='ltr'><strong>ipsa</strong></span> <span class='ocrx_word' id='word_1_530' title='bbox 367 3499 546 3536; x_wconf 88' lang='lat' dir='ltr'><strong>rerum</strong></span> <span class='ocrx_word' id='word_1_531' title='bbox 580 3488 790 3553; x_wconf 81' lang='lat' dir='ltr'><strong>negotia</strong></span> <span class='ocrx_word' id='word_1_532' title='bbox 827 3484 1079 3549; x_wconf 89' lang='lat' dir='ltr'><strong>clamant,</strong></span> <span class='ocrx_word' id='word_1_533' title='bbox 1109 3493 1160 3538; x_wconf 91' lang='lat' dir='ltr'><strong>et</strong></span> <span class='ocrx_word' id='word_1_534' title='bbox 1191 3483 1582 3553; x_wconf 86' lang='lat' dir='ltr'><strong>providentiam</strong></span> <span class='ocrx_word' id='word_1_535' title='bbox 1609 3483 1802 3553; x_wconf 54' lang='lat' dir='ltr'><strong>praedi-</strong></span> 
     </span>
    </p>
   </div>
   <div class='ocr_carea' id='block_1_67' title="bbox 216 3573 1802 3642">
    <p class='ocr_par' dir='ltr' id='par_1_67' title="bbox 216 3573 1802 3642">
     <span class='ocr_line' id='line_1_67' title="bbox 216 3573 1802 3642; baseline 0 -14"><span class='ocrx_word' id='word_1_536' title='bbox 216 3585 350 3628; x_wconf 84' lang='lat' dir='ltr'><strong>cant</strong></span> <span class='ocrx_word' id='word_1_537' title='bbox 399 3574 492 3628; x_wconf 87' lang='lat' dir='ltr'><strong>Dei</strong></span> <span class='ocrx_word' id='word_1_538' title='bbox 515 3593 546 3641; x_wconf 45' lang='lat'><strong>;.</strong></span> <span class='ocrx_word' id='word_1_539' title='bbox 566 3576 786 3628; x_wconf 88' lang='lat' dir='ltr'><strong>rationis</strong></span> <span class='ocrx_word' id='word_1_540' title='bbox 837 3592 941 3629; x_wconf 92' lang='lat' dir='ltr'><strong>non</strong></span> <span class='ocrx_word' id='word_1_541' title='bbox 979 3587 1057 3629; x_wconf 92' lang='lat' dir='ltr'><strong>est</strong></span> <span class='ocrx_word' id='word_1_542' title='bbox 1092 3575 1158 3628; x_wconf 90' lang='lat' dir='ltr'><strong>ad</strong></span> <span class='ocrx_word' id='word_1_543' title='bbox 1185 3589 1280 3629; x_wconf 86' lang='lat' dir='ltr'><strong>eos</strong></span> <span class='ocrx_word' id='word_1_544' title='bbox 1315 3575 1404 3642; x_wconf 89' lang='lat' dir='ltr'><strong>qui</strong></span> <span class='ocrx_word' id='word_1_545' title='bbox 1454 3573 1802 3642; x_wconf 81' lang='lat' dir='ltr'><strong>praescribere</strong></span> 
     </span>
    </p>
   </div>
   <div class='ocr_carea' id='block_1_68' title="bbox 217 3664 1802 3734">
    <p class='ocr_par' dir='ltr' id='par_1_68' title="bbox 217 3664 1802 3734">
     <span class='ocr_line' id='line_1_68' title="bbox 217 3664 1802 3734; baseline -0.001 -14"><span class='ocrx_word' id='word_1_546' title='bbox 217 3679 471 3720; x_wconf 69' lang='lat' dir='ltr'><strong>naturam</strong></span> <span class='ocrx_word' id='word_1_547' title='bbox 502 3669 710 3734; x_wconf 89' lang='lat' dir='ltr'><strong>volunt,</strong></span> <span class='ocrx_word' id='word_1_548' title='bbox 732 3679 784 3722; x_wconf 81' lang='lat' dir='ltr'><strong>et</strong></span> <span class='ocrx_word' id='word_1_549' title='bbox 815 3668 1045 3720; x_wconf 89' lang='lat' dir='ltr'><strong>visibilia</strong></span> <span class='ocrx_word' id='word_1_550' title='bbox 1078 3680 1180 3719; x_wconf 91' lang='lat' dir='ltr'><strong>non</strong></span> <span class='ocrx_word' id='word_1_551' title='bbox 1205 3667 1409 3728; x_wconf 90' lang='lat' dir='ltr'><strong>videre,</strong></span> <span class='ocrx_word' id='word_1_552' title='bbox 1443 3664 1802 3733; x_wconf 87' lang='lat' dir='ltr'><strong>nosmetipsos</strong></span> 
     </span>
    </p>
   </div>
   <div class='ocr_carea' id='block_1_69' title="bbox 218 3756 1802 3830">
    <p class='ocr_par' dir='ltr' id='par_1_69' title="bbox 218 3756 1802 3830">
     <span class='ocr_line' id='line_1_69' title="bbox 218 3756 1802 3830; baseline -0.001 -20"><span class='ocrx_word' id='word_1_553' title='bbox 218 3761 561 3830; x_wconf 80' lang='lat' dir='ltr'><strong>protendere.</strong></span> <span class='ocrx_word' id='word_1_554' title='bbox 621 3761 726 3814; x_wconf 86' lang='lat' dir='ltr'><strong>Sed</strong></span> <span class='ocrx_word' id='word_1_555' title='bbox 767 3761 835 3814; x_wconf 91' lang='lat' dir='ltr'><strong>ab</strong></span> <span class='ocrx_word' id='word_1_556' title='bbox 872 3759 1079 3813; x_wconf 89' lang='lat' dir='ltr'><strong>illorutn</strong></span> <span class='ocrx_word' id='word_1_557' title='bbox 1129 3758 1344 3829; x_wconf 86' lang='lat' dir='ltr'><strong>quidem</strong></span> <span class='ocrx_word' id='word_1_558' title='bbox 1405 3756 1802 3823; x_wconf 82' lang='lat' dir='ltr'><strong>irreligiositate</strong></span> 
     </span>
    </p>
   </div>
   <div class='ocr_carea' id='block_1_70' title="bbox 219 3852 1799 3921">
    <p class='ocr_par' dir='ltr' id='par_1_70' title="bbox 219 3852 1799 3921">
     <span class='ocr_line' id='line_1_70' title="bbox 219 3852 1799 3921; baseline -0.003 -16"><span class='ocrx_word' id='word_1_559' title='bbox 219 3853 454 3906; x_wconf 88' lang='lat' dir='ltr'><strong>transire</strong></span> <span class='ocrx_word' id='word_1_560' title='bbox 482 3853 596 3920; x_wconf 82' lang='lat' dir='ltr'><strong>jam</strong></span> <span class='ocrx_word' id='word_1_561' title='bbox 633 3863 842 3921; x_wconf 81' lang='lat' dir='ltr'><strong>tempus</strong></span> <span class='ocrx_word' id='word_1_562' title='bbox 877 3868 972 3908; x_wconf 91' lang='lat' dir='ltr'><strong>nos</strong></span> <span class='ocrx_word' id='word_1_563' title='bbox 1007 3852 1280 3913; x_wconf 91' lang='lat' dir='ltr'><strong>admonet,</strong></span> <span class='ocrx_word' id='word_1_564' title='bbox 1306 3862 1599 3919; x_wconf 89' lang='lat' dir='ltr'><strong>properare</strong></span> <span class='ocrx_word' id='word_1_565' title='bbox 1621 3857 1799 3900; x_wconf 90' lang='lat' dir='ltr'><strong>autem</strong></span> 
     </span>
    </p>
   </div>
   <div class='ocr_carea' id='block_1_71' title="bbox 217 3940 1802 4010">
    <p class='ocr_par' dir='ltr' id='par_1_71' title="bbox 217 3940 1802 4010">
     <span class='ocr_line' id='line_1_71' title="bbox 217 3940 1802 4010; baseline -0.001 -14"><span class='ocrx_word' id='word_1_566' title='bbox 217 3946 290 3996; x_wconf 85' lang='lat' dir='ltr'><strong>ad</strong></span> <span class='ocrx_word' id='word_1_567' title='bbox 317 3945 502 4007; x_wconf 87' lang='lat' dir='ltr'><strong>aliant,</strong></span> <span class='ocrx_word' id='word_1_568' title='bbox 535 3958 602 3998; x_wconf 87' lang='lat' dir='ltr'><strong>ne</strong></span> <span class='ocrx_word' id='word_1_569' title='bbox 645 3947 922 3998; x_wconf 86' lang='lat' dir='ltr'><strong>videamur</strong></span> <span class='ocrx_word' id='word_1_570' title='bbox 967 3954 1022 3997; x_wconf 85' lang='lat' dir='ltr'><strong>et</strong></span> <span class='ocrx_word' id='word_1_571' title='bbox 1059 3943 1419 3998; x_wconf 87' lang='lat' dir='ltr'><strong>contaminari</strong></span> <span class='ocrx_word' id='word_1_572' title='bbox 1455 3940 1802 4010; x_wconf 77' lang='lat' dir='ltr'><strong>inspicientcs</strong></span> 
     </span>
    </p>
   </div>
   <div class='ocr_carea' id='block_1_72' title="bbox 215 4031 1799 4102">
    <p class='ocr_par' dir='ltr' id='par_1_72' title="bbox 215 4031 1799 4102">
     <span class='ocr_line' id='line_1_72' title="bbox 215 4031 1799 4102; baseline -0.002 -16"><span class='ocrx_word' id='word_1_573' title='bbox 215 4047 340 4097; x_wconf 86' lang='lat' dir='ltr'><strong>eos,</strong></span> <span class='ocrx_word' id='word_1_574' title='bbox 385 4033 475 4102; x_wconf 77' lang='lat' dir='ltr'><strong>qui</strong></span> <span class='ocrx_word' id='word_1_575' title='bbox 524 4049 628 4087; x_wconf 91' lang='lat' dir='ltr'><strong>non</strong></span> <span class='ocrx_word' id='word_1_576' title='bbox 665 4034 866 4088; x_wconf 89' lang='lat' dir='ltr'><strong>vident.</strong></span> <span class='ocrx_word' id='word_1_577' title='bbox 914 4032 1144 4086; x_wconf 85' lang='lat' dir='ltr'><strong>Tantum</strong></span> <span class='ocrx_word' id='word_1_578' title='bbox 1179 4039 1356 4085; x_wconf 89' lang='lat' dir='ltr'><strong>autem</strong></span> <span class='ocrx_word' id='word_1_579' title='bbox 1415 4031 1534 4085; x_wconf 90' lang='lat' dir='ltr'><strong>addi</strong></span> <span class='ocrx_word' id='word_1_580' title='bbox 1569 4039 1799 4100; x_wconf 89' lang='lat' dir='ltr'><strong>oportet,</strong></span> 
     </span>
    </p>
   </div>
   <div class='ocr_carea' id='block_1_73' title="bbox 219 4121 1805 4194">
    <p class='ocr_par' dir='ltr' id='par_1_73' title="bbox 219 4121 1805 4194">
     <span class='ocr_line' id='line_1_73' title="bbox 219 4121 1805 4194; baseline -0.002 -18"><span class='ocrx_word' id='word_1_581' title='bbox 219 4125 352 4194; x_wconf 84' lang='lat' dir='ltr'><strong>quia</strong></span> <span class='ocrx_word' id='word_1_582' title='bbox 384 4124 629 4179; x_wconf 76' lang='lat' dir='ltr'><strong>confessa</strong></span> <span class='ocrx_word' id='word_1_583' title='bbox 661 4123 997 4193; x_wconf 87' lang='lat' dir='ltr'><strong>providentia</strong></span> <span class='ocrx_word' id='word_1_584' title='bbox 1023 4135 1359 4190; x_wconf 90' lang='lat' dir='ltr'><strong>consequens</strong></span> <span class='ocrx_word' id='word_1_585' title='bbox 1385 4129 1468 4174; x_wconf 84' lang='lat' dir='ltr'><strong>est</strong></span> <span class='ocrx_word' id='word_1_586' title='bbox 1499 4121 1690 4174; x_wconf 87' lang='lat' dir='ltr'><strong>adesse</strong></span> <span class='ocrx_word' id='word_1_587' title='bbox 1718 4134 1805 4173; x_wconf 84' lang='lat' dir='ltr'><strong>re-</strong></span> 
     </span>
    </p>
   </div>
   <div class='ocr_carea' id='block_1_74' title="bbox 218 4214 1805 4296">
    <p class='ocr_par' dir='ltr' id='par_1_74' title="bbox 218 4214 1805 4296">
     <span class='ocr_line' id='line_1_74' title="bbox 218 4214 1805 4296; baseline -0.005 -23"><span class='ocrx_word' id='word_1_588' title='bbox 218 4216 643 4278; x_wconf 77' lang='lat' dir='ltr'><strong>surrectionem,</strong></span> <span class='ocrx_word' id='word_1_589' title='bbox 681 4214 1133 4296; x_wconf 72' lang='lat' dir='ltr'><strong>(premadtnodum</strong></span> <span class='ocrx_word' id='word_1_590' title='bbox 1163 4215 1501 4282; x_wconf 77' lang='lat' dir='ltr'><strong>conSequetts</strong></span> <span class='ocrx_word' id='word_1_591' title='bbox 1533 4219 1588 4267; x_wconf 81' lang='lat' dir='ltr'><strong>et</strong></span> <span class='ocrx_word' id='word_1_592' title='bbox 1619 4226 1805 4266; x_wconf 85' lang='lat' dir='ltr'><strong>neces-</strong></span> 
     </span>
    </p>
   </div>
   <div class='ocr_carea' id='block_1_75' title="bbox 219 4306 1804 4378">
    <p class='ocr_par' dir='ltr' id='par_1_75' title="bbox 219 4306 1804 4378">
     <span class='ocr_line' id='line_1_75' title="bbox 219 4306 1804 4378; baseline -0.004 -12"><span class='ocrx_word' id='word_1_593' title='bbox 219 4311 372 4366; x_wconf 85' lang='lat' dir='ltr'><strong>saria</strong></span> <span class='ocrx_word' id='word_1_594' title='bbox 414 4321 496 4364; x_wconf 89' lang='lat' dir='ltr'><strong>est</strong></span> <span class='ocrx_word' id='word_1_595' title='bbox 540 4311 882 4365; x_wconf 87' lang='lat' dir='ltr'><strong>resurrectio.</strong></span> <span class='ocrx_word' id='word_1_596' title='bbox 935 4309 1064 4363; x_wconf 90' lang='lat' dir='ltr'><strong>Sine</strong></span> <span class='ocrx_word' id='word_1_597' title='bbox 1119 4323 1281 4362; x_wconf 90' lang='lat' dir='ltr'><strong>causa</strong></span> <span class='ocrx_word' id='word_1_598' title='bbox 1341 4308 1604 4378; x_wconf 87' lang='lat' dir='ltr'><strong>justitiam</strong></span> <span class='ocrx_word' id='word_1_599' title='bbox 1677 4306 1804 4361; x_wconf 91' lang='lat' dir='ltr'><strong>colit</strong></span> 
     </span>
    </p>
   </div>
   <div class='ocr_carea' id='block_1_76' title="bbox 1899 3211 3479 3283">
    <p class='ocr_par' dir='ltr' id='par_1_76' title="bbox 1899 3211 3479 3283">
     <span class='ocr_line' id='line_1_76' title="bbox 1899 3211 3479 3283; baseline -0.001 -16"><span class='ocrx_word' id='word_1_600' title='bbox 1899 3229 2068 3278; x_wconf 90' lang='lat' dir='ltr'><strong>mum,</strong></span> <span class='ocrx_word' id='word_1_601' title='bbox 2107 3223 2336 3267; x_wconf 88' lang='lat' dir='ltr'><strong>matrem</strong></span> <span class='ocrx_word' id='word_1_602' title='bbox 2366 3213 2579 3282; x_wconf 89' lang='lat' dir='ltr'><strong>quidem</strong></span> <span class='ocrx_word' id='word_1_603' title='bbox 2613 3213 2884 3278; x_wconf 88' lang='lat' dir='ltr'><strong>dilectam,</strong></span> <span class='ocrx_word' id='word_1_604' title='bbox 2916 3217 3145 3283; x_wconf 86' lang='lat' dir='ltr'><strong>patrlam</strong></span> <span class='ocrx_word' id='word_1_605' title='bbox 3184 3211 3237 3266; x_wconf 90' lang='lat' dir='ltr'><strong>in</strong></span> <span class='ocrx_word' id='word_1_606' title='bbox 3261 3227 3365 3283; x_wconf 90' lang='lat' dir='ltr'><strong>qua</strong></span> <span class='ocrx_word' id='word_1_607' title='bbox 3395 3222 3479 3268; x_wconf 87' lang='lat' dir='ltr'><strong>est</strong></span> 
     </span>
    </p>
   </div>
   <div class='ocr_carea' id='block_1_77' title="bbox 1898 3303 3477 3376">
    <p class='ocr_par' dir='ltr' id='par_1_77' title="bbox 1898 3303 3477 3376">
     <span class='ocr_line' id='line_1_77' title="bbox 1898 3303 3477 3376; baseline -0.001 -18"><span class='ocrx_word' id='word_1_608' title='bbox 1898 3307 2160 3359; x_wconf 90' lang='lat' dir='ltr'><strong>educatus</strong></span> <span class='ocrx_word' id='word_1_609' title='bbox 2192 3305 2412 3374; x_wconf 90' lang='lat' dir='ltr'><strong>reliquit</strong></span> <span class='ocrx_word' id='word_1_610' title='bbox 2440 3315 2659 3376; x_wconf 89' lang='lat' dir='ltr'><strong>propter</strong></span> <span class='ocrx_word' id='word_1_611' title='bbox 2686 3305 3058 3375; x_wconf 68' lang='lat' dir='ltr'><strong>praeceptum?</strong></span> <span class='ocrx_word' id='word_1_612' title='bbox 3083 3303 3270 3358; x_wconf 82' lang='lat' dir='ltr'><strong>Scitis</strong></span> <span class='ocrx_word' id='word_1_613' title='bbox 3298 3312 3477 3357; x_wconf 90' lang='lat' dir='ltr'><strong>autem</strong></span> 
     </span>
    </p>
   </div>
   <div class='ocr_carea' id='block_1_78' title="bbox 1899 3394 3481 3466">
    <p class='ocr_par' dir='ltr' id='par_1_78' title="bbox 1899 3394 3481 3466">
     <span class='ocr_line' id='line_1_78' title="bbox 1899 3394 3481 3466; baseline -0.003 -14"><span class='ocrx_word' id='word_1_614' title='bbox 1899 3410 1954 3452; x_wconf 87' lang='lat' dir='ltr'><strong>et</strong></span> <span class='ocrx_word' id='word_1_615' title='bbox 1986 3413 2080 3452; x_wconf 89' lang='lat' dir='ltr'><strong>vos</strong></span> <span class='ocrx_word' id='word_1_616' title='bbox 2116 3407 2314 3465; x_wconf 87' lang='lat' dir='ltr'><strong>quanta</strong></span> <span class='ocrx_word' id='word_1_617' title='bbox 2349 3397 2618 3466; x_wconf 87' lang='lat' dir='ltr'><strong>pernicies</strong></span> <span class='ocrx_word' id='word_1_618' title='bbox 2667 3398 2736 3451; x_wconf 87' lang='lat' dir='ltr'><strong>sit</strong></span> <span class='ocrx_word' id='word_1_619' title='bbox 2775 3395 3175 3450; x_wconf 86' lang='lat' dir='ltr'><strong>consuetudinis</strong></span> <span class='ocrx_word' id='word_1_620' title='bbox 3214 3394 3481 3449; x_wconf 81' lang='lat' dir='ltr'><strong>sustinere</strong></span> 
     </span>
    </p>
   </div>
   <div class='ocr_carea' id='block_1_79' title="bbox 1902 3485 3482 3554">
    <p class='ocr_par' dir='ltr' id='par_1_79' title="bbox 1902 3485 3482 3554">
     <span class='ocr_line' id='line_1_79' title="bbox 1902 3485 3482 3554; baseline -0.001 -13"><span class='ocrx_word' id='word_1_621' title='bbox 1902 3487 2196 3542; x_wconf 87' lang='lat' dir='ltr'><strong>recessum.</strong></span> <span class='ocrx_word' id='word_1_622' title='bbox 2225 3487 2535 3541; x_wconf 76' lang='lat' dir='ltr'><strong>Adveniens</strong></span> <span class='ocrx_word' id='word_1_623' title='bbox 2562 3495 2740 3540; x_wconf 88' lang='lat' dir='ltr'><strong>autem</strong></span> <span class='ocrx_word' id='word_1_624' title='bbox 2779 3489 2844 3539; x_wconf 88' lang='lat' dir='ltr'><strong>ad</strong></span> <span class='ocrx_word' id='word_1_625' title='bbox 2875 3496 3072 3541; x_wconf 87' lang='lat' dir='ltr'><strong>terram</strong></span> <span class='ocrx_word' id='word_1_626' title='bbox 3106 3485 3482 3554; x_wconf 88' lang='lat' dir='ltr'><strong>repromissio-</strong></span> 
     </span>
    </p>
   </div>
   <div class='ocr_carea' id='block_1_80' title="bbox 1901 3576 3481 3646">
    <p class='ocr_par' dir='ltr' id='par_1_80' title="bbox 1901 3576 3481 3646">
     <span class='ocr_line' id='line_1_80' title="bbox 1901 3576 3481 3646; baseline 0 -16"><span class='ocrx_word' id='word_1_627' title='bbox 1901 3577 2010 3640; x_wconf 90' lang='lat' dir='ltr'><strong>nis,</strong></span> <span class='ocrx_word' id='word_1_628' title='bbox 2041 3577 2366 3630; x_wconf 88' lang='lat' dir='ltr'><strong>circumibat</strong></span> <span class='ocrx_word' id='word_1_629' title='bbox 2395 3586 2452 3628; x_wconf 89' lang='lat' dir='ltr'><strong>ut</strong></span> <span class='ocrx_word' id='word_1_630' title='bbox 2475 3576 2794 3646; x_wconf 84' lang='lat' dir='ltr'><strong>peregrinus</strong></span> <span class='ocrx_word' id='word_1_631' title='bbox 2823 3585 2876 3630; x_wconf 90' lang='lat' dir='ltr'><strong>et</strong></span> <span class='ocrx_word' id='word_1_632' title='bbox 2911 3577 3137 3640; x_wconf 89' lang='lat' dir='ltr'><strong>advena,</strong></span> <span class='ocrx_word' id='word_1_633' title='bbox 3166 3576 3481 3630; x_wconf 90' lang='lat' dir='ltr'><strong>desiderans</strong></span> 
     </span>
    </p>
   </div>
   <div class='ocr_carea' id='block_1_81' title="bbox 1902 3667 3482 3737">
    <p class='ocr_par' dir='ltr' id='par_1_81' title="bbox 1902 3667 3482 3737">
     <span class='ocr_line' id='line_1_81' title="bbox 1902 3667 3482 3737; baseline -0.001 -15"><span class='ocrx_word' id='word_1_634' title='bbox 1902 3667 2089 3722; x_wconf 85' lang='lat' dir='ltr'><strong>satiari</strong></span> <span class='ocrx_word' id='word_1_635' title='bbox 2133 3683 2296 3737; x_wconf 84' lang='lat' dir='ltr'><strong>aqua,</strong></span> <span class='ocrx_word' id='word_1_636' title='bbox 2335 3667 2490 3735; x_wconf 86' lang='lat' dir='ltr'><strong>cujus</strong></span> <span class='ocrx_word' id='word_1_637' title='bbox 2531 3669 2646 3737; x_wconf 91' lang='lat' dir='ltr'><strong>ipse</strong></span> <span class='ocrx_word' id='word_1_638' title='bbox 2674 3667 2820 3732; x_wconf 79' lang='lat' dir='ltr'><strong>fons,</strong></span> <span class='ocrx_word' id='word_1_639' title='bbox 2850 3676 3040 3736; x_wconf 89' lang='lat' dir='ltr'><strong>puteus</strong></span> <span class='ocrx_word' id='word_1_640' title='bbox 3077 3675 3195 3722; x_wconf 87' lang='lat' dir='ltr'><strong>erat</strong></span> <span class='ocrx_word' id='word_1_641' title='bbox 3221 3667 3482 3721; x_wconf 81' lang='lat' dir='ltr'><strong>adiuven-</strong></span> 
     </span>
    </p>
   </div>
   <div class='ocr_carea' id='block_1_82' title="bbox 1903 3755 3483 3828">
    <p class='ocr_par' dir='ltr' id='par_1_82' title="bbox 1903 3755 3483 3828">
     <span class='ocr_line' id='line_1_82' title="bbox 1903 3755 3483 3828; baseline -0.001 -16"><span class='ocrx_word' id='word_1_642' title='bbox 1903 3767 2007 3824; x_wconf 86' lang='lat' dir='ltr'><strong>tur,</strong></span> <span class='ocrx_word' id='word_1_643' title='bbox 2049 3759 2138 3828; x_wconf 89' lang='lat' dir='ltr'><strong>qui</strong></span> <span class='ocrx_word' id='word_1_644' title='bbox 2172 3759 2220 3812; x_wconf 91' lang='lat' dir='ltr'><strong>ei</strong></span> <span class='ocrx_word' id='word_1_645' title='bbox 2252 3758 2462 3814; x_wconf 77' lang='lat' dir='ltr'><strong>fructus</strong></span> <span class='ocrx_word' id='word_1_646' title='bbox 2501 3774 2564 3813; x_wconf 80' lang='lat' dir='ltr'><strong>ex</strong></span> <span class='ocrx_word' id='word_1_647' title='bbox 2613 3758 2970 3826; x_wconf 88' lang='lat' dir='ltr'><strong>promissione</strong></span> <span class='ocrx_word' id='word_1_648' title='bbox 3014 3756 3301 3827; x_wconf 81' lang='lat' dir='ltr'><strong>provenit?</strong></span> <span class='ocrx_word' id='word_1_649' title='bbox 3343 3755 3483 3810; x_wconf 82' lang='lat' dir='ltr'><strong>Tor-</strong></span> 
     </span>
    </p>
   </div>
   <div class='ocr_carea' id='block_1_83' title="bbox 1903 3851 3478 3922">
    <p class='ocr_par' dir='ltr' id='par_1_83' title="bbox 1903 3851 3478 3922">
     <span class='ocr_line' id='line_1_83' title="bbox 1903 3851 3478 3922; baseline 0 -16"><span class='ocrx_word' id='word_1_650' title='bbox 1903 3861 2141 3906; x_wconf 91' lang='lat' dir='ltr'><strong>mentum</strong></span> <span class='ocrx_word' id='word_1_651' title='bbox 2181 3852 2325 3905; x_wconf 90' lang='lat' dir='ltr'><strong>enim</strong></span> <span class='ocrx_word' id='word_1_652' title='bbox 2358 3852 2406 3905; x_wconf 92' lang='lat' dir='ltr'><strong>ei</strong></span> <span class='ocrx_word' id='word_1_653' title='bbox 2435 3861 2552 3905; x_wconf 90' lang='lat' dir='ltr'><strong>erat</strong></span> <span class='ocrx_word' id='word_1_654' title='bbox 2577 3851 2744 3921; x_wconf 86' lang='lat' dir='ltr'><strong>ipsius</strong></span> <span class='ocrx_word' id='word_1_655' title='bbox 2773 3851 3146 3922; x_wconf 84' lang='lat' dir='ltr'><strong>promissionis</strong></span> <span class='ocrx_word' id='word_1_656' title='bbox 3182 3851 3478 3906; x_wconf 82' lang='lat' dir='ltr'><strong>adventus:</strong></span> 
     </span>
    </p>
   </div>
   <div class='ocr_carea' id='block_1_84' title="bbox 1902 3943 3485 4013">
    <p class='ocr_par' dir='ltr' id='par_1_84' title="bbox 1902 3943 3485 4013">
     <span class='ocr_line' id='line_1_84' title="bbox 1902 3943 3485 4013; baseline -0.001 -15"><span class='ocrx_word' id='word_1_657' title='bbox 1902 3945 2086 3999; x_wconf 89' lang='lat' dir='ltr'><strong>videre</strong></span> <span class='ocrx_word' id='word_1_658' title='bbox 2115 3946 2258 3999; x_wconf 92' lang='lat' dir='ltr'><strong>enim</strong></span> <span class='ocrx_word' id='word_1_659' title='bbox 2298 3943 2733 4013; x_wconf 86' lang='lat' dir='ltr'><strong>promissionem,</strong></span> <span class='ocrx_word' id='word_1_660' title='bbox 2762 3958 2867 3998; x_wconf 93' lang='lat' dir='ltr'><strong>non</strong></span> <span class='ocrx_word' id='word_1_661' title='bbox 2893 3944 3128 4013; x_wconf 86' lang='lat' dir='ltr'><strong>permitti</strong></span> <span class='ocrx_word' id='word_1_662' title='bbox 3173 3953 3348 3998; x_wconf 90' lang='lat' dir='ltr'><strong>autem</strong></span> <span class='ocrx_word' id='word_1_663' title='bbox 3391 3957 3485 3997; x_wconf 88' lang='lat' dir='ltr'><strong>ea-</strong></span> 
     </span>
    </p>
   </div>
   <div class='ocr_carea' id='block_1_85' title="bbox 1901 4031 3506 4105">
    <p class='ocr_par' dir='ltr' id='par_1_85' title="bbox 1901 4031 3506 4105">
     <span class='ocr_line' id='line_1_85' title="bbox 1901 4031 3506 4105; baseline -0.001 -17"><span class='ocrx_word' id='word_1_664' title='bbox 1901 4035 2024 4100; x_wconf 69' lang='lat' dir='ltr'><strong>dem</strong></span> <span class='ocrx_word' id='word_1_665' title='bbox 2054 4033 2181 4099; x_wconf 92' lang='lat' dir='ltr'><strong>frui,</strong></span> <span class='ocrx_word' id='word_1_666' title='bbox 2208 4035 2380 4105; x_wconf 86' lang='lat' dir='ltr'><strong>magis</strong></span> <span class='ocrx_word' id='word_1_667' title='bbox 2412 4035 2476 4086; x_wconf 88' lang='lat' dir='ltr'><strong>ad</strong></span> <span class='ocrx_word' id='word_1_668' title='bbox 2501 4034 2887 4102; x_wconf 86' lang='lat' dir='ltr'><strong>blasphemiam</strong></span> <span class='ocrx_word' id='word_1_669' title='bbox 2918 4031 3352 4098; x_wconf 88' lang='lat' dir='ltr'><strong>adducebat,sed</strong></span> <span class='ocrx_word' id='word_1_670' title='bbox 3374 4047 3506 4087; x_wconf 12' lang='lat' dir='ltr'><strong>non.</strong></span> 
     </span>
    </p>
   </div>
   <div class='ocr_carea' id='block_1_86' title="bbox 1904 4124 3483 4194">
    <p class='ocr_par' dir='ltr' id='par_1_86' title="bbox 1904 4124 3483 4194">
     <span class='ocr_line' id='line_1_86' title="bbox 1904 4124 3483 4194; baseline 0.001 -16"><span class='ocrx_word' id='word_1_671' title='bbox 1904 4125 2199 4180; x_wconf 82' lang='lat' dir='ltr'><strong>Abraham.</strong></span> <span class='ocrx_word' id='word_1_672' title='bbox 2235 4126 2509 4179; x_wconf 79' lang='lat' dir='ltr'><strong>Abraham</strong></span> <span class='ocrx_word' id='word_1_673' title='bbox 2548 4125 2693 4179; x_wconf 85' lang='lat' dir='ltr'><strong>enim</strong></span> <span class='ocrx_word' id='word_1_674' title='bbox 2721 4125 2926 4180; x_wconf 88' lang='lat' dir='ltr'><strong>addens</strong></span> <span class='ocrx_word' id='word_1_675' title='bbox 2966 4135 3021 4180; x_wconf 92' lang='lat' dir='ltr'><strong>et</strong></span> <span class='ocrx_word' id='word_1_676' title='bbox 3057 4140 3162 4179; x_wconf 92' lang='lat' dir='ltr'><strong>non</strong></span> <span class='ocrx_word' id='word_1_677' title='bbox 3198 4124 3483 4194; x_wconf 89' lang='lat' dir='ltr'><strong>perfruens</strong></span> 
     </span>
    </p>
   </div>
   <div class='ocr_carea' id='block_1_87' title="bbox 1905 4212 3511 4284">
    <p class='ocr_par' dir='ltr' id='par_1_87' title="bbox 1905 4212 3511 4284">
     <span class='ocr_line' id='line_1_87' title="bbox 1905 4212 3511 4284; baseline 0.001 -16"><span class='ocrx_word' id='word_1_678' title='bbox 1905 4225 1964 4268; x_wconf 89' lang='lat' dir='ltr'><strong>ut</strong></span> <span class='ocrx_word' id='word_1_679' title='bbox 1991 4229 2174 4268; x_wconf 89' lang='lat' dir='ltr'><strong>mensa</strong></span> <span class='ocrx_word' id='word_1_680' title='bbox 2205 4213 2556 4284; x_wconf 45' lang='lat' dir='ltr'><strong>appositn,.et</strong></span> <span class='ocrx_word' id='word_1_681' title='bbox 2581 4213 2886 4282; x_wconf 86' lang='lat' dir='ltr'><strong>prohibitus</strong></span> <span class='ocrx_word' id='word_1_682' title='bbox 2910 4212 3200 4284; x_wconf 85' lang='lat' dir='ltr'><strong>degustare</strong></span> <span class='ocrx_word' id='word_1_683' title='bbox 3227 4212 3387 4268; x_wconf 90' lang='lat' dir='ltr'><strong>etiam</strong></span> <span class='ocrx_word' id='word_1_684' title='bbox 3413 4227 3511 4270; x_wconf 81' lang='lat' dir='ltr'><strong>ex.</strong></span> 
     </span>
    </p>
   </div>
   <div class='ocr_carea' id='block_1_88' title="bbox 1909 4304 3512 4375">
    <p class='ocr_par' dir='ltr' id='par_1_88' title="bbox 1909 4304 3512 4375">
     <span class='ocr_line' id='line_1_88' title="bbox 1909 4304 3512 4375; baseline 0 -18"><span class='ocrx_word' id='word_1_685' title='bbox 1909 4306 1994 4358; x_wconf 88' lang='lat' dir='ltr'><strong>his</strong></span> <span class='ocrx_word' id='word_1_686' title='bbox 2018 4321 2134 4374; x_wconf 73' lang='lat' dir='ltr'><strong>qua:</strong></span> <span class='ocrx_word' id='word_1_687' title='bbox 2155 4313 2635 4375; x_wconf 84' lang='lat' dir='ltr'><strong>exsuperaverant,</strong></span> <span class='ocrx_word' id='word_1_688' title='bbox 2661 4306 2734 4360; x_wconf 88' lang='lat' dir='ltr'><strong>ita</strong></span> <span class='ocrx_word' id='word_1_689' title='bbox 2757 4305 3011 4360; x_wconf 90' lang='lat' dir='ltr'><strong>dimissus</strong></span> <span class='ocrx_word' id='word_1_690' title='bbox 3036 4305 3240 4373; x_wconf 82' lang='lat' dir='ltr'><strong>gratias</strong></span> <span class='ocrx_word' id='word_1_691' title='bbox 3267 4304 3482 4374; x_wconf 88' lang='lat' dir='ltr'><strong>agebat.</strong></span> <span class='ocrx_word' id='word_1_692' title='bbox 3509 4355 3512 4357; x_wconf 16' lang='grc' dir='ltr'><strong>Α</strong></span> 
     </span>
    </p>
   </div>
   <div class='ocr_carea' id='block_1_89' title="bbox 215 4395 3487 4496">
    <p class='ocr_par' dir='ltr' id='par_1_89' title="bbox 215 4395 3487 4496">
     <span class='ocr_line' id='line_1_89' title="bbox 215 4395 3487 4496; baseline -0.002 -41"><span class='ocrx_word' id='word_1_693' title='bbox 215 4404 437 4474; x_wconf 74' lang='lat' dir='ltr'><strong>justus?</strong></span> <span class='ocrx_word' id='word_1_694' title='bbox 467 4404 584 4456; x_wconf 88' lang='lat' dir='ltr'><strong>sine</strong></span> <span class='ocrx_word' id='word_1_695' title='bbox 613 4417 772 4456; x_wconf 88' lang='lat' dir='ltr'><strong>causa</strong></span> <span class='ocrx_word' id='word_1_696' title='bbox 809 4402 1116 4470; x_wconf 88' lang='lat' dir='ltr'><strong>pudicitiam</strong></span> <span class='ocrx_word' id='word_1_697' title='bbox 1153 4409 1300 4454; x_wconf 89' lang='lat' dir='ltr'><strong>amat</strong></span> <span class='ocrx_word' id='word_1_698' title='bbox 1327 4400 1587 4468; x_wconf 89' lang='lat' dir='ltr'><strong>pudicus?</strong></span> <span class='ocrx_word' id='word_1_699' title='bbox 1627 4401 1800 4496; x_wconf 58' lang='lat' dir='ltr'><strong>etqui</strong></span> <span class='ocrx_word' id='word_1_700' title='bbox 1833 4437 1880 4496; x_wconf 68' lang='grc' dir='ltr'>Β</span> <span class='ocrx_word' id='word_1_701' title='bbox 1907 4397 2044 4465; x_wconf 89' lang='lat' dir='ltr'><strong>Quid</strong></span> <span class='ocrx_word' id='word_1_702' title='bbox 2072 4411 2203 4467; x_wconf 87' lang='lat' dir='ltr'><strong>ergo</strong></span> <span class='ocrx_word' id='word_1_703' title='bbox 2232 4396 2433 4465; x_wconf 85' lang='lat' dir='ltr'><strong>profuit</strong></span> <span class='ocrx_word' id='word_1_704' title='bbox 2464 4396 2582 4452; x_wconf 85' lang='lat' dir='ltr'><strong>illi?</strong></span> <span class='ocrx_word' id='word_1_705' title='bbox 2607 4397 2712 4452; x_wconf 89' lang='lat' dir='ltr'><strong>Sed</strong></span> <span class='ocrx_word' id='word_1_706' title='bbox 2740 4397 2864 4466; x_wconf 89' lang='lat' dir='ltr'><strong>quia</strong></span> <span class='ocrx_word' id='word_1_707' title='bbox 2918 4396 3088 4450; x_wconf 82' lang='lat' dir='ltr'><strong>ﬁlium</strong></span> <span class='ocrx_word' id='word_1_708' title='bbox 3115 4395 3305 4496; x_wconf 61' lang='lat' dir='ltr'><strong>habuit</strong></span> <span class='ocrx_word' id='word_1_709' title='bbox 3323 4403 3487 4496; x_wconf 43' lang='lat' dir='ltr'><strong>ipost</strong></span> 
     </span>
    </p>
   </div>
   <div class='ocr_carea' id='block_1_90' title="bbox 223 4489 1803 4564">
    <p class='ocr_par' dir='ltr' id='par_1_90' title="bbox 223 4489 1803 4564">
     <span class='ocr_line' id='line_1_90' title="bbox 223 4489 1803 4564; baseline -0.004 -18"><span class='ocrx_word' id='word_1_710' title='bbox 223 4495 478 4564; x_wconf 86' lang='lat' dir='ltr'><strong>providet</strong></span> <span class='ocrx_word' id='word_1_711' title='bbox 499 4494 581 4547; x_wconf 84' lang='lat' dir='ltr'><strong>itis</strong></span> <span class='ocrx_word' id='word_1_712' title='bbox 609 4509 726 4560; x_wconf 64' lang='lat' dir='ltr'><strong>quae</strong></span> <span class='ocrx_word' id='word_1_713' title='bbox 747 4494 862 4547; x_wconf 90' lang='lat' dir='ltr'><strong>sine</strong></span> <span class='ocrx_word' id='word_1_714' title='bbox 881 4493 1056 4545; x_wconf 87' lang='lat' dir='ltr'><strong>anima</strong></span> <span class='ocrx_word' id='word_1_715' title='bbox 1090 4499 1234 4556; x_wconf 85' lang='lat' dir='ltr'><strong>sunt,</strong></span> <span class='ocrx_word' id='word_1_716' title='bbox 1259 4491 1542 4544; x_wconf 88' lang='lat' dir='ltr'><strong>arboribus</strong></span> <span class='ocrx_word' id='word_1_717' title='bbox 1567 4501 1618 4544; x_wconf 90' lang='lat' dir='ltr'><strong>et</strong></span> <span class='ocrx_word' id='word_1_718' title='bbox 1652 4489 1803 4556; x_wconf 88' lang='lat' dir='ltr'><strong>plan-</strong></span> 
     </span>
    </p>
   </div>
   <div class='ocr_carea' id='block_1_91' title="bbox 225 4579 1801 4650">
    <p class='ocr_par' dir='ltr' id='par_1_91' title="bbox 225 4579 1801 4650">
     <span class='ocr_line' id='line_1_91' title="bbox 225 4579 1801 4650; baseline -0.003 -13"><span class='ocrx_word' id='word_1_719' title='bbox 225 4586 320 4649; x_wconf 91' lang='lat' dir='ltr'><strong>tis,</strong></span> <span class='ocrx_word' id='word_1_720' title='bbox 357 4583 516 4647; x_wconf 86' lang='lat' dir='ltr'><strong>Deus,</strong></span> <span class='ocrx_word' id='word_1_721' title='bbox 550 4585 822 4638; x_wconf 91' lang='lat' dir='ltr'><strong>invenitur</strong></span> <span class='ocrx_word' id='word_1_722' title='bbox 860 4582 1204 4637; x_wconf 89' lang='lat' dir='ltr'><strong>rationabiles</strong></span> <span class='ocrx_word' id='word_1_723' title='bbox 1239 4582 1452 4634; x_wconf 84' lang='lat' dir='ltr'><strong>animas</strong></span> <span class='ocrx_word' id='word_1_724' title='bbox 1489 4579 1801 4650; x_wconf 79' lang='lat' dir='ltr'><strong>negligens?</strong></span> 
     </span>
    </p>
   </div>
   <div class='ocr_carea' id='block_1_92' title="bbox 221 4673 1801 4746">
    <p class='ocr_par' dir='ltr' id='par_1_92' title="bbox 221 4673 1801 4746">
     <span class='ocr_line' id='line_1_92' title="bbox 221 4673 1801 4746; baseline -0.006 -14"><span class='ocrx_word' id='word_1_725' title='bbox 221 4688 281 4733; x_wconf 84' lang='lat' dir='ltr'><strong>et</strong></span> <span class='ocrx_word' id='word_1_726' title='bbox 312 4679 405 4746; x_wconf 83' lang='lat' dir='ltr'><strong>qui</strong></span> <span class='ocrx_word' id='word_1_727' title='bbox 439 4678 830 4745; x_wconf 85' lang='lat' dir='ltr'><strong>providentiam</strong></span> <span class='ocrx_word' id='word_1_728' title='bbox 877 4691 1028 4729; x_wconf 84' lang='lat' dir='ltr'><strong>suam</strong></span> <span class='ocrx_word' id='word_1_729' title='bbox 1060 4673 1298 4727; x_wconf 81' lang='lat' dir='ltr'><strong>formicis</strong></span> <span class='ocrx_word' id='word_1_730' title='bbox 1329 4674 1587 4742; x_wconf 82' lang='lat' dir='ltr'><strong>impertit,</strong></span> <span class='ocrx_word' id='word_1_731' title='bbox 1629 4681 1683 4724; x_wconf 89' lang='lat' dir='ltr'><strong>et</strong></span> <span class='ocrx_word' id='word_1_732' title='bbox 1710 4686 1801 4724; x_wconf 82' lang='lat' dir='ltr'><strong>os-</strong></span> 
     </span>
    </p>
   </div>
   <div class='ocr_carea' id='block_1_93' title="bbox 227 4763 1803 4837">
    <p class='ocr_par' dir='ltr' id='par_1_93' title="bbox 227 4763 1803 4837">
     <span class='ocr_line' id='line_1_93' title="bbox 227 4763 1803 4837; baseline -0.005 -13"><span class='ocrx_word' id='word_1_733' title='bbox 227 4773 517 4825; x_wconf 88' lang='lat' dir='ltr'><strong>tendileas</strong></span> <span class='ocrx_word' id='word_1_734' title='bbox 539 4784 656 4837; x_wconf 77' lang='lat' dir='ltr'><strong>qua:</strong></span> <span class='ocrx_word' id='word_1_735' title='bbox 688 4784 792 4821; x_wconf 90' lang='lat' dir='ltr'><strong>non</strong></span> <span class='ocrx_word' id='word_1_736' title='bbox 826 4769 1023 4821; x_wconf 84' lang='lat' dir='ltr'><strong>habent</strong></span> <span class='ocrx_word' id='word_1_737' title='bbox 1052 4766 1422 4819; x_wconf 83' lang='lat' dir='ltr'><strong>rationabilem</strong></span> <span class='ocrx_word' id='word_1_738' title='bbox 1457 4781 1695 4827; x_wconf 88' lang='lat' dir='ltr'><strong>sensum,</strong></span> <span class='ocrx_word' id='word_1_739' title='bbox 1729 4763 1803 4816; x_wconf 84' lang='lat' dir='ltr'><strong>si-</strong></span> 
     </span>
    </p>
   </div>
   <div class='ocr_carea' id='block_1_94' title="bbox 230 4854 1805 4928">
    <p class='ocr_par' dir='ltr' id='par_1_94' title="bbox 230 4854 1805 4928">
     <span class='ocr_line' id='line_1_94' title="bbox 230 4854 1805 4928; baseline -0.006 -13"><span class='ocrx_word' id='word_1_740' title='bbox 230 4862 404 4915; x_wconf 88' lang='lat' dir='ltr'><strong>bimet</strong></span> <span class='ocrx_word' id='word_1_741' title='bbox 425 4859 754 4920; x_wconf 89' lang='lat' dir='ltr'><strong>consentire,</strong></span> <span class='ocrx_word' id='word_1_742' title='bbox 788 4868 842 4928; x_wconf 83' lang='lat' dir='ltr'><strong>et</strong></span> <span class='ocrx_word' id='word_1_743' title='bbox 863 4856 1220 4909; x_wconf 85' lang='lat' dir='ltr'><strong>imitatiooem</strong></span> <span class='ocrx_word' id='word_1_744' title='bbox 1245 4855 1546 4908; x_wconf 66' lang='lat' dir='ltr'><strong>concordiae</strong></span> <span class='ocrx_word' id='word_1_745' title='bbox 1569 4854 1767 4908; x_wconf 89' lang='lat' dir='ltr'><strong>habere</strong></span> <span class='ocrx_word' id='word_1_746' title='bbox 1787 4867 1805 4917; x_wconf 87' lang='lat'><strong>;</strong></span> 
     </span>
    </p>
   </div>
   <div class='ocr_carea' id='block_1_95' title="bbox 225 4947 1809 5019">
    <p class='ocr_par' dir='ltr' id='par_1_95' title="bbox 225 4947 1809 5019">
     <span class='ocr_line' id='line_1_95' title="bbox 225 4947 1809 5019; baseline -0.005 -11"><span class='ocrx_word' id='word_1_747' title='bbox 225 4953 274 5008; x_wconf 85' lang='lat' dir='ltr'><strong>si</strong></span> <span class='ocrx_word' id='word_1_748' title='bbox 309 4961 488 5004; x_wconf 75' lang='lat' dir='ltr'><strong>tamen</strong></span> <span class='ocrx_word' id='word_1_749' title='bbox 536 4959 589 5003; x_wconf 90' lang='lat' dir='ltr'><strong>et</strong></span> <span class='ocrx_word' id='word_1_750' title='bbox 625 4959 873 5019; x_wconf 88' lang='lat' dir='ltr'><strong>oporteat</strong></span> <span class='ocrx_word' id='word_1_751' title='bbox 906 4950 1009 5000; x_wconf 87' lang='lat' dir='ltr'><strong>dici</strong></span> <span class='ocrx_word' id='word_1_752' title='bbox 1048 4947 1352 5001; x_wconf 80' lang='lat' dir='ltr'><strong>consentire</strong></span> <span class='ocrx_word' id='word_1_753' title='bbox 1399 4947 1500 4999; x_wconf 89' lang='lat' dir='ltr'><strong>sibi</strong></span> <span class='ocrx_word' id='word_1_754' title='bbox 1547 4961 1633 5008; x_wconf 87' lang='lat' dir='ltr'><strong>ea,</strong></span> <span class='ocrx_word' id='word_1_755' title='bbox 1689 4960 1809 5014; x_wconf 70' lang='lat' dir='ltr'><strong>quae</strong></span> 
     </span>
    </p>
   </div>
   <div class='ocr_carea' id='block_1_96' title="bbox 226 5036 1811 5108">
    <p class='ocr_par' dir='ltr' id='par_1_96' title="bbox 226 5036 1811 5108">
     <span class='ocr_line' id='line_1_96' title="bbox 226 5036 1811 5108; baseline -0.006 -10"><span class='ocrx_word' id='word_1_756' title='bbox 226 5058 338 5098; x_wconf 86' lang='lat' dir='ltr'><strong>non</strong></span> <span class='ocrx_word' id='word_1_757' title='bbox 368 5044 567 5095; x_wconf 84' lang='lat' dir='ltr'><strong>habent</strong></span> <span class='ocrx_word' id='word_1_758' title='bbox 598 5055 849 5102; x_wconf 80' lang='lat' dir='ltr'><strong>sensum;</strong></span> <span class='ocrx_word' id='word_1_759' title='bbox 879 5041 1002 5108; x_wconf 81' lang='lat' dir='ltr'><strong>quia</strong></span> <span class='ocrx_word' id='word_1_760' title='bbox 1036 5039 1196 5108; x_wconf 90' lang='lat' dir='ltr'><strong>igitur</strong></span> <span class='ocrx_word' id='word_1_761' title='bbox 1219 5051 1273 5091; x_wconf 87' lang='lat' dir='ltr'><strong>et</strong></span> <span class='ocrx_word' id='word_1_762' title='bbox 1302 5036 1544 5089; x_wconf 84' lang='lat' dir='ltr'><strong>formicis</strong></span> <span class='ocrx_word' id='word_1_763' title='bbox 1564 5037 1811 5104; x_wconf 85' lang='lat' dir='ltr'><strong>providet</strong></span> 
     </span>
    </p>
   </div>
   <div class='ocr_carea' id='block_1_97' title="bbox 228 5128 1820 5201">
    <p class='ocr_par' dir='ltr' id='par_1_97' title="bbox 228 5128 1820 5201">
     <span class='ocr_line' id='line_1_97' title="bbox 228 5128 1820 5201; baseline -0.005 -9"><span class='ocrx_word' id='word_1_764' title='bbox 228 5137 396 5201; x_wconf 85' lang='lat' dir='ltr'><strong>Deus,</strong></span> <span class='ocrx_word' id='word_1_765' title='bbox 425 5145 478 5189; x_wconf 82' lang='lat' dir='ltr'><strong>et</strong></span> <span class='ocrx_word' id='word_1_766' title='bbox 503 5135 650 5188; x_wconf 87' lang='lat' dir='ltr'><strong>dedit</strong></span> <span class='ocrx_word' id='word_1_767' title='bbox 697 5135 774 5188; x_wconf 86' lang='lat' dir='ltr'><strong>eis</strong></span> <span class='ocrx_word' id='word_1_768' title='bbox 822 5146 874 5187; x_wconf 90' lang='lat' dir='ltr'><strong>et</strong></span> <span class='ocrx_word' id='word_1_769' title='bbox 915 5132 1248 5199; x_wconf 85' lang='lat' dir='ltr'><strong>receptacula</strong></span> <span class='ocrx_word' id='word_1_770' title='bbox 1299 5142 1456 5184; x_wconf 64' lang='lat' dir='ltr'><strong>terrm</strong></span> <span class='ocrx_word' id='word_1_771' title='bbox 1499 5141 1552 5184; x_wconf 89' lang='lat' dir='ltr'><strong>et</strong></span> <span class='ocrx_word' id='word_1_772' title='bbox 1582 5128 1820 5184; x_wconf 52' lang='lat' dir='ltr'><strong>concor?</strong></span> 
     </span>
    </p>
   </div>
   <div class='ocr_carea' id='block_1_98' title="bbox 226 5222 1806 5291">
    <p class='ocr_par' dir='ltr' id='par_1_98' title="bbox 226 5222 1806 5291">
     <span class='ocr_line' id='line_1_98' title="bbox 226 5222 1806 5291; baseline -0.006 -9"><span class='ocrx_word' id='word_1_773' title='bbox 226 5230 402 5291; x_wconf 85' lang='lat' dir='ltr'><strong>diam,</strong></span> <span class='ocrx_word' id='word_1_774' title='bbox 435 5227 673 5280; x_wconf 82' lang='lat' dir='ltr'><strong>Omnium</strong></span> <span class='ocrx_word' id='word_1_775' title='bbox 714 5227 835 5280; x_wconf 86' lang='lat' dir='ltr'><strong>licet</strong></span> <span class='ocrx_word' id='word_1_776' title='bbox 879 5226 986 5278; x_wconf 88' lang='lat' dir='ltr'><strong>sint</strong></span> <span class='ocrx_word' id='word_1_777' title='bbox 1019 5233 1206 5277; x_wconf 87' lang='lat' dir='ltr'><strong>natura</strong></span> <span class='ocrx_word' id='word_1_778' title='bbox 1248 5222 1592 5281; x_wconf 83' lang='lat' dir='ltr'><strong>infirmiores,</strong></span> <span class='ocrx_word' id='word_1_779' title='bbox 1630 5231 1806 5274; x_wconf 81' lang='lat' dir='ltr'><strong>tatnen</strong></span> 
     </span>
    </p>
   </div>
   <div class='ocr_carea' id='block_1_99' title="bbox 223 5317 1808 5388">
    <p class='ocr_par' dir='ltr' id='par_1_99' title="bbox 223 5317 1808 5388">
     <span class='ocr_line' id='line_1_99' title="bbox 223 5317 1808 5388; baseline -0.005 -15"><span class='ocrx_word' id='word_1_780' title='bbox 223 5321 334 5384; x_wconf 84' lang='lat' dir='ltr'><strong>eis,</strong></span> <span class='ocrx_word' id='word_1_781' title='bbox 363 5335 481 5388; x_wconf 75' lang='lat' dir='ltr'><strong>qua:</strong></span> <span class='ocrx_word' id='word_1_782' title='bbox 508 5320 770 5383; x_wconf 87' lang='lat' dir='ltr'><strong>videmus,</strong></span> <span class='ocrx_word' id='word_1_783' title='bbox 801 5318 1014 5372; x_wconf 87' lang='lat' dir='ltr'><strong>donavit</strong></span> <span class='ocrx_word' id='word_1_784' title='bbox 1043 5334 1058 5374; x_wconf 88' lang='lat'><strong>:</strong></span> <span class='ocrx_word' id='word_1_785' title='bbox 1097 5321 1162 5370; x_wconf 89' lang='lat' dir='ltr'><strong>de</strong></span> <span class='ocrx_word' id='word_1_786' title='bbox 1190 5317 1360 5370; x_wconf 91' lang='lat' dir='ltr'><strong>bobus</strong></span> <span class='ocrx_word' id='word_1_787' title='bbox 1395 5328 1572 5367; x_wconf 83' lang='lat' dir='ltr'><strong>autem</strong></span> <span class='ocrx_word' id='word_1_788' title='bbox 1614 5329 1808 5368; x_wconf 83' lang='lat' dir='ltr'><strong>secun-</strong></span> 
     </span>
    </p>
   </div>
   <div class='ocr_carea' id='block_1_100' title="bbox 225 5407 1806 5480">
    <p class='ocr_par' dir='ltr' id='par_1_100' title="bbox 225 5407 1806 5480">
     <span class='ocr_line' id='line_1_100' title="bbox 225 5407 1806 5480; baseline -0.005 -14"><span class='ocrx_word' id='word_1_789' title='bbox 225 5411 359 5467; x_wconf 68' lang='lat' dir='ltr'><strong>dum</strong></span> <span class='ocrx_word' id='word_1_790' title='bbox 391 5411 704 5480; x_wconf 85' lang='lat' dir='ltr'><strong>Apostolum</strong></span> <span class='ocrx_word' id='word_1_791' title='bbox 740 5412 971 5480; x_wconf 83' lang='lat' dir='ltr'><strong>pertinet</strong></span> <span class='ocrx_word' id='word_1_792' title='bbox 1002 5410 1066 5460; x_wconf 86' lang='lat' dir='ltr'><strong>atl</strong></span> <span class='ocrx_word' id='word_1_793' title='bbox 1101 5409 1262 5460; x_wconf 76' lang='lat' dir='ltr'><strong>[lcum</strong></span> <span class='ocrx_word' id='word_1_794' title='bbox 1283 5407 1350 5472; x_wconf 77' lang='lat'><strong>”,</strong></span> <span class='ocrx_word' id='word_1_795' title='bbox 1376 5417 1431 5460; x_wconf 88' lang='lat' dir='ltr'><strong>et</strong></span> <span class='ocrx_word' id='word_1_796' title='bbox 1467 5408 1532 5460; x_wconf 89' lang='lat' dir='ltr'><strong>de</strong></span> <span class='ocrx_word' id='word_1_797' title='bbox 1575 5407 1728 5460; x_wconf 82' lang='lat' dir='ltr'><strong>nobis</strong></span> <span class='ocrx_word' id='word_1_798' title='bbox 1759 5408 1806 5460; x_wconf 89' lang='lat' dir='ltr'><strong>ei</strong></span> 
     </span>
    </p>
   </div>
   <div class='ocr_carea' id='block_1_101' title="bbox 301 5497 1668 5571">
    <p class='ocr_par' dir='ltr' id='par_1_101' title="bbox 301 5497 1668 5571">
     <span class='ocr_line' id='line_1_101' title="bbox 301 5497 1668 5571; baseline -0.003 -13"><span class='ocrx_word' id='word_1_799' title='bbox 301 5504 353 5540; x_wconf 77' lang='grc'><strong>³⁸</strong></span> <span class='ocrx_word' id='word_1_800' title='bbox 387 5503 529 5558; x_wconf 82' lang='lat' dir='ltr'><strong>Psal.</strong></span> <span class='ocrx_word' id='word_1_801' title='bbox 568 5519 723 5571; x_wconf 75' lang='lat' dir='ltr'><strong>xvtn,</strong></span> <span class='ocrx_word' id='word_1_802' title='bbox 761 5505 812 5559; x_wconf 82' lang='grc'><strong>1.</strong></span> <span class='ocrx_word' id='word_1_803' title='bbox 905 5504 950 5537; x_wconf 78' lang='grc'>¹¹</span> <span class='ocrx_word' id='word_1_804' title='bbox 992 5504 1119 5558; x_wconf 91' lang='lat' dir='ltr'><strong>ibid.</strong></span> <span class='ocrx_word' id='word_1_805' title='bbox 1146 5502 1199 5558; x_wconf 76' lang='grc'><strong>4.</strong></span> <span class='ocrx_word' id='word_1_806' title='bbox 1243 5497 1474 5557; x_wconf 62' lang='lat' dir='ltr'><strong>“ICnr.</strong></span> <span class='ocrx_word' id='word_1_807' title='bbox 1511 5517 1586 5565; x_wconf 71' lang='grc' dir='ltr'>ιι,</span> <span class='ocrx_word' id='word_1_808' title='bbox 1615 5501 1668 5555; x_wconf 90' lang='grc'><strong>9.</strong></span> 
     </span>
    </p>
   </div>
   <div class='ocr_carea' id='block_1_102' title="bbox 307 5615 1343 5688">
    <p class='ocr_par' dir='ltr' id='par_1_102' title="bbox 307 5615 1343 5688">
     <span class='ocr_line' id='line_1_102' title="bbox 307 5615 1343 5688; baseline -0.001 -19"><span class='ocrx_word' id='word_1_809' title='bbox 307 5617 426 5688; x_wconf 79' lang='grc' dir='ltr'><strong>(Ιὸ)</strong></span> <span class='ocrx_word' id='word_1_810' title='bbox 456 5618 553 5672; x_wconf 82' lang='lat' dir='ltr'><strong>Ms.</strong></span> <span class='ocrx_word' id='word_1_811' title='bbox 589 5615 842 5688; x_wconf 69' lang='lat' dir='ltr'><strong>Frunilns</strong></span> <span class='ocrx_word' id='word_1_812' title='bbox 865 5630 936 5670; x_wconf 73' lang='lat' dir='ltr'><strong>est</strong></span> <span class='ocrx_word' id='word_1_813' title='bbox 964 5633 1079 5684; x_wconf 77' lang='lat' dir='ltr'><strong>qua:</strong></span> <span class='ocrx_word' id='word_1_814' title='bbox 1103 5617 1343 5682; x_wconf 80' lang='lat' dir='ltr'><strong>diripuit.</strong></span> 
     </span>
    </p>
   </div>
   <div class='ocr_carea' id='block_1_103' title="bbox 307 5687 1352 5760">
    <p class='ocr_par' dir='ltr' id='par_1_103' title="bbox 307 5687 1352 5760">
     <span class='ocr_line' id='line_1_103' title="bbox 307 5687 1352 5760; baseline -0.001 -18"><span class='ocrx_word' id='word_1_815' title='bbox 307 5687 424 5760; x_wconf 62' lang='grc'><strong>(16)</strong></span> <span class='ocrx_word' id='word_1_816' title='bbox 457 5688 552 5744; x_wconf 80' lang='lat' dir='ltr'><strong>Ms.</strong></span> <span class='ocrx_word' id='word_1_817' title='bbox 583 5687 649 5741; x_wconf 82' lang='lat' dir='ltr'><strong>Et</strong></span> <span class='ocrx_word' id='word_1_818' title='bbox 677 5691 725 5742; x_wconf 80' lang='lat' dir='ltr'><strong>ei</strong></span> <span class='ocrx_word' id='word_1_819' title='bbox 748 5690 833 5756; x_wconf 88' lang='lat' dir='ltr'><strong>qui</strong></span> <span class='ocrx_word' id='word_1_820' title='bbox 867 5688 1172 5754; x_wconf 71' lang='lat' dir='ltr'><strong>martyrium</strong></span> <span class='ocrx_word' id='word_1_821' title='bbox 1210 5689 1352 5741; x_wconf 80' lang='lat' dir='ltr'><strong>colit.</strong></span> 
     </span>
    </p>
   </div>
   <div class='ocr_carea' id='block_1_104' title="bbox 1907 4484 3488 4559">
    <p class='ocr_par' dir='ltr' id='par_1_104' title="bbox 1907 4484 3488 4559">
     <span class='ocr_line' id='line_1_104' title="bbox 1907 4484 3488 4559; baseline 0 -20"><span class='ocrx_word' id='word_1_822' title='bbox 1907 4499 2104 4558; x_wconf 86' lang='lat' dir='ltr'><strong>quanta</strong></span> <span class='ocrx_word' id='word_1_823' title='bbox 2165 4499 2452 4557; x_wconf 86' lang='lat' dir='ltr'><strong>tormenta,</strong></span> <span class='ocrx_word' id='word_1_824' title='bbox 2506 4499 2627 4559; x_wconf 89' lang='lat' dir='ltr'><strong>post</strong></span> <span class='ocrx_word' id='word_1_825' title='bbox 2683 4498 2913 4556; x_wconf 90' lang='lat' dir='ltr'><strong>quantas</strong></span> <span class='ocrx_word' id='word_1_826' title='bbox 2965 4486 3272 4541; x_wconf 79' lang='lat' dir='ltr'><strong>orationes?</strong></span> <span class='ocrx_word' id='word_1_827' title='bbox 3329 4484 3488 4539; x_wconf 84' lang='lat' dir='ltr'><strong>Servi</strong></span> 
     </span>
    </p>
   </div>
   <div class='ocr_carea' id='block_1_105' title="bbox 1908 4578 3506 4648">
    <p class='ocr_par' dir='ltr' id='par_1_105' title="bbox 1908 4578 3506 4648">
     <span class='ocr_line' id='line_1_105' title="bbox 1908 4578 3506 4648; baseline -0.001 -16"><span class='ocrx_word' id='word_1_828' title='bbox 1908 4581 2178 4635; x_wconf 80' lang='lat' dir='ltr'><strong>Abraham</strong></span> <span class='ocrx_word' id='word_1_829' title='bbox 2209 4581 2501 4648; x_wconf 87' lang='lat' dir='ltr'><strong>habebant,</strong></span> <span class='ocrx_word' id='word_1_830' title='bbox 2525 4590 2580 4636; x_wconf 91' lang='lat' dir='ltr'><strong>et</strong></span> <span class='ocrx_word' id='word_1_831' title='bbox 2609 4581 2881 4635; x_wconf 87' lang='lat' dir='ltr'><strong>Abraham</strong></span> <span class='ocrx_word' id='word_1_832' title='bbox 2911 4580 3223 4635; x_wconf 86' lang='lat' dir='ltr'><strong>desiderans</strong></span> <span class='ocrx_word' id='word_1_833' title='bbox 3257 4593 3361 4633; x_wconf 91' lang='lat' dir='ltr'><strong>n0n</strong></span> <span class='ocrx_word' id='word_1_834' title='bbox 3386 4578 3506 4631; x_wconf 46' lang='lat' dir='ltr'><strong>ba»</strong></span> 
     </span>
    </p>
   </div>
   <div class='ocr_carea' id='block_1_106' title="bbox 1909 4673 3483 4744">
    <p class='ocr_par' dir='ltr' id='par_1_106' title="bbox 1909 4673 3483 4744">
     <span class='ocr_line' id='line_1_106' title="bbox 1909 4673 3483 4744; baseline -0.003 -17"><span class='ocrx_word' id='word_1_835' title='bbox 1909 4674 2071 4727; x_wconf 87' lang='lat' dir='ltr'><strong>bebat</strong></span> <span class='ocrx_word' id='word_1_836' title='bbox 2103 4691 2116 4727; x_wconf 90' lang='lat'><strong>:</strong></span> <span class='ocrx_word' id='word_1_837' title='bbox 2148 4676 2239 4728; x_wconf 89' lang='lat' dir='ltr'><strong>sed</strong></span> <span class='ocrx_word' id='word_1_838' title='bbox 2268 4674 2551 4744; x_wconf 76' lang='lat' dir='ltr'><strong>coniugem</strong></span> <span class='ocrx_word' id='word_1_839' title='bbox 2598 4673 2852 4739; x_wconf 89' lang='lat' dir='ltr'><strong>habebat,</strong></span> <span class='ocrx_word' id='word_1_840' title='bbox 2887 4681 2942 4727; x_wconf 88' lang='lat' dir='ltr'><strong>et</strong></span> <span class='ocrx_word' id='word_1_841' title='bbox 2984 4673 3144 4726; x_wconf 87' lang='lat' dir='ltr'><strong>istam</strong></span> <span class='ocrx_word' id='word_1_842' title='bbox 3183 4673 3483 4734; x_wconf 89' lang='lat' dir='ltr'><strong>honestam,</strong></span> 
     </span>
    </p>
   </div>
   <div class='ocr_carea' id='block_1_107' title="bbox 1915 4761 3489 4836">
    <p class='ocr_par' dir='ltr' id='par_1_107' title="bbox 1915 4761 3489 4836">
     <span class='ocr_line' id='line_1_107' title="bbox 1915 4761 3489 4836; baseline -0.003 -17"><span class='ocrx_word' id='word_1_843' title='bbox 1915 4781 2138 4836; x_wconf 69' lang='lat' dir='ltr'><strong>qumque</strong></span> <span class='ocrx_word' id='word_1_844' title='bbox 2170 4769 2238 4821; x_wconf 90' lang='lat' dir='ltr'><strong>ab</strong></span> <span class='ocrx_word' id='word_1_845' title='bbox 2264 4782 2327 4821; x_wconf 91' lang='lat' dir='ltr'><strong>eo</strong></span> <span class='ocrx_word' id='word_1_846' title='bbox 2351 4767 2525 4820; x_wconf 86' lang='lat' dir='ltr'><strong>ablata</strong></span> <span class='ocrx_word' id='word_1_847' title='bbox 2560 4774 2659 4828; x_wconf 87' lang='lat' dir='ltr'><strong>est,</strong></span> <span class='ocrx_word' id='word_1_848' title='bbox 2695 4775 2749 4818; x_wconf 91' lang='lat' dir='ltr'><strong>et</strong></span> <span class='ocrx_word' id='word_1_849' title='bbox 2777 4764 2931 4818; x_wconf 84' lang='lat' dir='ltr'><strong>valde</strong></span> <span class='ocrx_word' id='word_1_850' title='bbox 2958 4777 3165 4825; x_wconf 88' lang='lat' dir='ltr'><strong>amare,</strong></span> <span class='ocrx_word' id='word_1_851' title='bbox 3189 4777 3292 4815; x_wconf 87' lang='lat' dir='ltr'><strong>non</strong></span> <span class='ocrx_word' id='word_1_852' title='bbox 3321 4761 3489 4815; x_wconf 86' lang='lat' dir='ltr'><strong>inter-</strong></span> 
     </span>
    </p>
   </div>
   <div class='ocr_carea' id='block_1_108' title="bbox 1917 4850 3512 4925">
    <p class='ocr_par' dir='ltr' id='par_1_108' title="bbox 1917 4850 3512 4925">
     <span class='ocr_line' id='line_1_108' title="bbox 1917 4850 3512 4925; baseline -0.004 -17"><span class='ocrx_word' id='word_1_853' title='bbox 1917 4855 2126 4920; x_wconf 80' lang='lat' dir='ltr'><strong>ﬁciens,</strong></span> <span class='ocrx_word' id='word_1_854' title='bbox 2163 4867 2216 4910; x_wconf 85' lang='lat' dir='ltr'><strong>et</strong></span> <span class='ocrx_word' id='word_1_855' title='bbox 2242 4867 2458 4910; x_wconf 90' lang='lat' dir='ltr'><strong>mutans</strong></span> <span class='ocrx_word' id='word_1_856' title='bbox 2486 4855 2660 4910; x_wconf 89' lang='lat' dir='ltr'><strong>locum</strong></span> <span class='ocrx_word' id='word_1_857' title='bbox 2697 4850 2811 4925; x_wconf 87' lang='lat' dir='ltr'><strong>(l7)</strong></span> <span class='ocrx_word' id='word_1_858' title='bbox 2846 4862 2900 4906; x_wconf 86' lang='lat' dir='ltr'><strong>et</strong></span> <span class='ocrx_word' id='word_1_859' title='bbox 2942 4852 3138 4918; x_wconf 91' lang='lat' dir='ltr'><strong>locum,</strong></span> <span class='ocrx_word' id='word_1_860' title='bbox 3175 4861 3512 4921; x_wconf 13' lang='lat' dir='ltr'><strong>persevera-7</strong></span> 
     </span>
    </p>
   </div>
   <div class='ocr_carea' id='block_1_109' title="bbox 1918 4942 3486 5018">
    <p class='ocr_par' dir='ltr' id='par_1_109' title="bbox 1918 4942 3486 5018">
     <span class='ocr_line' id='line_1_109' title="bbox 1918 4942 3486 5018; baseline -0.004 -19"><span class='ocrx_word' id='word_1_861' title='bbox 1918 4948 2013 4999; x_wconf 84' lang='lat' dir='ltr'><strong>vit.</strong></span> <span class='ocrx_word' id='word_1_862' title='bbox 2043 4948 2230 5001; x_wconf 87' lang='lat' dir='ltr'><strong>Dicant</strong></span> <span class='ocrx_word' id='word_1_863' title='bbox 2277 4962 2408 5018; x_wconf 86' lang='lat' dir='ltr'><strong>ergo</strong></span> <span class='ocrx_word' id='word_1_864' title='bbox 2437 4945 2605 5000; x_wconf 82' lang='lat' dir='ltr'><strong>Judaei</strong></span> <span class='ocrx_word' id='word_1_865' title='bbox 2641 4960 2760 5013; x_wconf 69' lang='lat' dir='ltr'><strong>qua:</strong></span> <span class='ocrx_word' id='word_1_866' title='bbox 2797 4943 3140 5013; x_wconf 88' lang='lat' dir='ltr'><strong>provenerint</strong></span> <span class='ocrx_word' id='word_1_867' title='bbox 3164 4942 3394 4998; x_wconf 64' lang='lat' dir='ltr'><strong>Abrahae</strong></span> <span class='ocrx_word' id='word_1_868' title='bbox 3422 4954 3486 4994; x_wconf 79' lang='lat' dir='ltr'><strong>ex</strong></span> 
     </span>
    </p>
   </div>
   <div class='ocr_carea' id='block_1_110' title="bbox 1919 5035 3492 5108">
    <p class='ocr_par' dir='ltr' id='par_1_110' title="bbox 1919 5035 3492 5108">
     <span class='ocr_line' id='line_1_110' title="bbox 1919 5035 3492 5108; baseline -0.003 -18"><span class='ocrx_word' id='word_1_869' title='bbox 1919 5039 2278 5108; x_wconf 73' lang='lat' dir='ltr'><strong>prontiSsione</strong></span> <span class='ocrx_word' id='word_1_870' title='bbox 2329 5041 2381 5092; x_wconf 92' lang='lat' dir='ltr'><strong>in</strong></span> <span class='ocrx_word' id='word_1_871' title='bbox 2429 5040 2678 5107; x_wconf 74' lang='lat' dir='ltr'><strong>przesenti</strong></span> <span class='ocrx_word' id='word_1_872' title='bbox 2728 5038 2828 5090; x_wconf 89' lang='lat' dir='ltr'><strong>hac</strong></span> <span class='ocrx_word' id='word_1_873' title='bbox 2873 5037 3008 5100; x_wconf 89' lang='lat' dir='ltr'><strong>vita,</strong></span> <span class='ocrx_word' id='word_1_874' title='bbox 3057 5045 3117 5088; x_wconf 87' lang='grc' dir='ltr'><strong>ιιι</strong></span> <span class='ocrx_word' id='word_1_875' title='bbox 3150 5035 3492 5090; x_wconf 88' lang='lat' dir='ltr'><strong>abscidamus</strong></span> 
     </span>
    </p>
   </div>
   <div class='ocr_carea' id='block_1_111' title="bbox 1915 5125 3487 5200">
    <p class='ocr_par' dir='ltr' id='par_1_111' title="bbox 1915 5125 3487 5200">
     <span class='ocr_line' id='line_1_111' title="bbox 1915 5125 3487 5200; baseline -0.004 -16"><span class='ocrx_word' id='word_1_876' title='bbox 1915 5145 2100 5184; x_wconf 91' lang='lat' dir='ltr'><strong>eorum</strong></span> <span class='ocrx_word' id='word_1_877' title='bbox 2170 5147 2316 5200; x_wconf 87' lang='lat' dir='ltr'><strong>spem</strong></span> <span class='ocrx_word' id='word_1_878' title='bbox 2391 5131 2826 5186; x_wconf 87' lang='lat' dir='ltr'><strong>resurrectionis.</strong></span> <span class='ocrx_word' id='word_1_879' title='bbox 2881 5129 2988 5183; x_wconf 87' lang='lat' dir='ltr'><strong>Sed</strong></span> <span class='ocrx_word' id='word_1_880' title='bbox 3045 5125 3234 5181; x_wconf 85' lang='lat' dir='ltr'><strong>habuit</strong></span> <span class='ocrx_word' id='word_1_881' title='bbox 3298 5125 3487 5180; x_wconf 85' lang='lat' dir='ltr'><strong>illium.</strong></span> 
     </span>
    </p>
   </div>
   <div class='ocr_carea' id='block_1_112' title="bbox 1915 5216 3494 5288">
    <p class='ocr_par' dir='ltr' id='par_1_112' title="bbox 1915 5216 3494 5288">
     <span class='ocr_line' id='line_1_112' title="bbox 1915 5216 3494 5288; baseline -0.001 -15"><span class='ocrx_word' id='word_1_882' title='bbox 1915 5221 2184 5288; x_wconf 80' lang='lat' dir='ltr'><strong>Quando?</strong></span> <span class='ocrx_word' id='word_1_883' title='bbox 2206 5225 2363 5277; x_wconf 82' lang='lat' dir='ltr'><strong>Circa</strong></span> <span class='ocrx_word' id='word_1_884' title='bbox 2393 5226 2744 5277; x_wconf 89' lang='lat' dir='ltr'><strong>centesimum</strong></span> <span class='ocrx_word' id='word_1_885' title='bbox 2791 5237 2988 5277; x_wconf 86' lang='lat' dir='ltr'><strong>annum</strong></span> <span class='ocrx_word' id='word_1_886' title='bbox 3042 5221 3198 5274; x_wconf 83' lang='lat' dir='ltr'><strong>datus</strong></span> <span class='ocrx_word' id='word_1_887' title='bbox 3223 5228 3306 5273; x_wconf 85' lang='lat' dir='ltr'><strong>est</strong></span> <span class='ocrx_word' id='word_1_888' title='bbox 3341 5219 3389 5272; x_wconf 91' lang='lat' dir='ltr'><strong>ei</strong></span> <span class='ocrx_word' id='word_1_889' title='bbox 3428 5216 3494 5271; x_wconf 81' lang='lat' dir='ltr'><strong>ll-</strong></span> 
     </span>
    </p>
   </div>
   <div class='ocr_carea' id='block_1_113' title="bbox 1917 5308 3489 5385">
    <p class='ocr_par' dir='ltr' id='par_1_113' title="bbox 1917 5308 3489 5385">
     <span class='ocr_line' id='line_1_113' title="bbox 1917 5308 3489 5385; baseline -0.002 -19"><span class='ocrx_word' id='word_1_890' title='bbox 1917 5315 2041 5379; x_wconf 90' lang='lat' dir='ltr'><strong>lius,</strong></span> <span class='ocrx_word' id='word_1_891' title='bbox 2080 5325 2468 5369; x_wconf 87' lang='lat' dir='ltr'><strong>tormentorum</strong></span> <span class='ocrx_word' id='word_1_892' title='bbox 2495 5318 2669 5385; x_wconf 84' lang='lat' dir='ltr'><strong>pntius</strong></span> <span class='ocrx_word' id='word_1_893' title='bbox 2696 5314 2811 5382; x_wconf 89' lang='lat' dir='ltr'><strong>ejus</strong></span> <span class='ocrx_word' id='word_1_894' title='bbox 2832 5321 3144 5381; x_wconf 90' lang='lat' dir='ltr'><strong>etprecum.</strong></span> <span class='ocrx_word' id='word_1_895' title='bbox 3176 5308 3312 5378; x_wconf 87' lang='lat' dir='ltr'><strong>Quia</strong></span> <span class='ocrx_word' id='word_1_896' title='bbox 3340 5308 3489 5364; x_wconf 81' lang='lat' dir='ltr'><strong>enim</strong></span> 
     </span>
    </p>
   </div>
   <div class='ocr_carea' id='block_1_114' title="bbox 1916 5401 3509 5473">
    <p class='ocr_par' dir='ltr' id='par_1_114' title="bbox 1916 5401 3509 5473">
     <span class='ocr_line' id='line_1_114' title="bbox 1916 5401 3509 5473; baseline 0 -15"><span class='ocrx_word' id='word_1_897' title='bbox 1916 5407 2105 5460; x_wconf 78' lang='lat' dir='ltr'><strong>habuit</strong></span> <span class='ocrx_word' id='word_1_898' title='bbox 2153 5417 2210 5462; x_wconf 90' lang='lat' dir='ltr'><strong>et</strong></span> <span class='ocrx_word' id='word_1_899' title='bbox 2255 5407 2452 5461; x_wconf 83' lang='lat' dir='ltr'><strong>bonum</strong></span> <span class='ocrx_word' id='word_1_900' title='bbox 2491 5407 2679 5472; x_wconf 79' lang='lat' dir='ltr'><strong>lilium,</strong></span> <span class='ocrx_word' id='word_1_901' title='bbox 2725 5415 2779 5461; x_wconf 82' lang='lat' dir='ltr'><strong>et</strong></span> <span class='ocrx_word' id='word_1_902' title='bbox 2819 5405 3029 5459; x_wconf 70' lang='lat' dir='ltr'><strong>laetatus</strong></span> <span class='ocrx_word' id='word_1_903' title='bbox 3081 5403 3135 5456; x_wconf 92' lang='lat' dir='ltr'><strong>in</strong></span> <span class='ocrx_word' id='word_1_904' title='bbox 3188 5401 3332 5458; x_wconf 85' lang='lat' dir='ltr'><strong>dono</strong></span> <span class='ocrx_word' id='word_1_905' title='bbox 3383 5408 3509 5473; x_wconf 52' lang='lat' dir='ltr'><strong>est.</strong></span> 
     </span>
    </p>
   </div>
   <div class='ocr_carea' id='block_1_115' title="bbox 1997 5605 3127 5686">
    <p class='ocr_par' dir='ltr' id='par_1_115' title="bbox 1997 5605 3127 5686">
     <span class='ocr_line' id='line_1_115' title="bbox 1997 5605 3127 5686; baseline -0.004 -18"><span class='ocrx_word' id='word_1_906' title='bbox 1997 5613 2110 5686; x_wconf 81' lang='lat' dir='ltr'><strong>(i7)</strong></span> <span class='ocrx_word' id='word_1_907' title='bbox 2140 5611 2354 5668; x_wconf 82' lang='lat' dir='ltr'><strong>Locum.</strong></span> <span class='ocrx_word' id='word_1_908' title='bbox 2387 5609 2561 5665; x_wconf 81' lang='grc' dir='ltr'>Τόπον</span> <span class='ocrx_word' id='word_1_909' title='bbox 2585 5612 2646 5662; x_wconf 77' lang='grc' dir='ltr'><strong>ἐκ</strong></span> <span class='ocrx_word' id='word_1_910' title='bbox 2677 5609 2838 5664; x_wconf 74' lang='grc' dir='ltr'>τόπου</span> <span class='ocrx_word' id='word_1_911' title='bbox 2863 5605 3127 5680; x_wconf 76' lang='grc' dir='ltr'><strong>ἀμείϐων.</strong></span> 
     </span>
    </p>
   </div>
  </div>
