3810 6218
444 330 586 387 1055

1118 311 1398 388 'Et'i'sE'Bti
1439 323 1918 386 cmsamsssns
1955 322 2010 378 ο]

2149 317 2334 374 rans
2372 316 2462 372 tv.
2503 344 2576 356 .-
2613 310 3060 384 ΒΟΕΜΑΤΙΟΑ.)

3575 311 3695 368 1056

438 453 541 505 vit.
571 451 713 506 Cede
738 493 753 518 ,
784 459 838 507 et
869 450 1131 507 conﬁtere
1188 452 1563 507 infirmitatem
1615 460 1784 506 tuam.
1815 449 2020 505 Obum-
2050 451 2094 507 A
2124 472 2209 518 est
2244 461 2414 516 liene!
2451 456 2566 514 Non
2612 458 2754 514 enim
2812 458 2926 512 haec
2979 466 3064 510 est
3110 469 3360 509 mensura
3393 455 3694 510 distantias:

438 541 559 598 bret
584 553 634 597 te
656 542 924 598 Christus.
953 544 1008 599 Si
1037 547 1180 600 enim
1209 555 1262 599 tu
1313 545 1588 615 quomodo
1619 553 1775 598 natus
1809 558 1868 596 es
1923 556 2018 596 ne-

439 635 582 700 scis,
610 638 1067 707 quemadmodum
1094 683 1108 708 ,
1142 639 1237 710 qui
1284 641 1352 696 de
1376 649 1427 694 te
1475 639 1694 708 ignoras
1714 679 1730 704 ,
1759 638 1825 690 de
1857 635 2021 692 Patre

438 735 495 780 et
527 724 664 782 Filio
685 738 777 783 aut
805 730 1035 799 quaeris,
1075 740 1165 784 aut
1190 745 1352 788 nosse
1389 739 1440 786 te
1476 731 1676 799 putas?
1709 731 1846 796 Quid
1891 744 2020 799 ergo

440 832 547 872 non
571 818 830 874 debemus
860 823 1106 876 conliteri
1154 823 1318 877 Deum
1351 830 1406 877 et
1458 823 1696 877 Filium?
1749 821 2020 877 Conﬁtere

438 923 502 964 ea
539 924 659 980 qua:
683 912 748 967 de
773 911 938 967 Patre
969 923 1022 969 et
1054 913 1191 970 Filio
1219 916 1422 984 scripta
1463 923 1632 970 sunt:
1669 923 1724 969 et
1768 914 1876 969 noli
1925 929 2020 968 cu-

439 1002 616 1059 riosus
644 1019 705 1058 ea
737 1020 856 1074 quae
882 1021 986 1060 non
1023 1017 1150 1060 sunt
1198 1008 1394 1076 scripta
1428 1008 1727 1077 requirere.
1766 1007 1974 1061 Dicitur
2001 1046 2018 1070 ,

439 1095 507 1151 In
529 1097 785 1164 princioio
811 1110 959 1164 erat,
991 1109 1045 1154 et
1080 1101 1202 1168 quis
1232 1100 1451 1154 audebit
1483 1099 1912 1168 reprehendere?
1960 1098 2019 1154 Si

440 1197 621 1242 autem
649 1199 704 1244 et
729 1191 1135 1260 reprehenderit
1169 1201 1218 1246 te
1243 1234 1258 1259 ,
1298 1202 1469 1247 semet
1525 1195 1701 1262 ipsum
1736 1194 1901 1247 ltPtlll.
1950 1191 2018 1246 In

437 1277 698 1348 principio
722 1289 835 1334 erat
877 1275 1101 1334 Verbum
1120 1322 1136 1349 ,
1164 1292 1210 1335 et
1258 1280 1483 1335 Verbum
1510 1294 1622 1336 erat
1649 1283 1789 1353 apud
1827 1283 2015 1349 Deum,

326 1403 338 1422 Ι
433 1380 484 1423 et
519 1370 657 1424 Deus
700 1383 813 1426 erat
883 1370 1127 1425 Verbum.
1174 1373 1280 1426 Hic
1316 1384 1428 1428 erat
1470 1375 1524 1428 in
1575 1377 1834 1445 principio
1877 1376 2017 1445 apud

435 1461 626 1515 Deum.
654 1462 719 1515 Et
743 1463 935 1532 saepius
965 1465 1063 1517 ista
1102 1465 1372 1527 dicantur,
1402 1476 1455 1520 et
1485 1466 2017 1536 nihilcouqua-ratur

435 1551 584 1604 novi.
615 1550 830 1606 Utinam
861 1561 1038 1607 autem
1075 1552 1249 1607 solum
1279 1554 1610 1622 legeremus!
1646 1556 1852 1609 utinam
1883 1555 2016 1610 solis

436 1640 735 1712 Scripturis
767 1645 1003 1698 contenti
1034 1646 1314 1700 essemus!
1343 1655 1401 1702 et
1429 1647 1496 1701 lis
1542 1647 1687 1700 nulla
1721 1647 1906 1702 ﬁebat.
1956 1645 2014 1701 Si

436 1733 582 1784 enim
610 1733 734 1802 quis
781 1733 989 1803 litigat,
1017 1735 1102 1789 vel
1149 1738 1512 1802 contradicit,
1554 1739 1799 1808 jurgatus
1849 1737 2014 1792 fuerit

436 1821 522 1876 bis
549 1838 667 1891 quae
690 1825 887 1893 scripta
919 1835 1045 1881 sunt
1071 1846 1086 1882 :
1117 1843 1222 1884 non
1254 1829 1322 1883 ad
1370 1799 1848 1900 hominemvlitigat
1871 1872 1886 1896 ,
1917 1831 2013 1885 sed
2043 1799 2085 1853 Β

434 1914 504 1968 ad
559 1914 865 1985 Deum_qui
918 1919 1163 1988 scripsit.
1205 1918 1354 1976 Unde
1382 1931 1561 1975 autem
1619 1921 1849 1975 eﬁicitur
1900 1921 2014 1975 lis?

433 2022 558 2060 cum
586 2022 648 2060 ea
683 2023 800 2077 quae
826 2025 893 2063 ex
923 2013 1089 2067 corde
1126 2023 1251 2067 sunt
1290 2013 1634 2078 proferimus.
1679 2015 1814 2069 Puto
1867 2016 2010 2069 enim

431 2100 554 2166 quia
591 2100 768 2155 nullus
792 2111 872 2157 est
898 2104 1283 2174 aususjurgari
1314 2110 1380 2160 ad
1413 2107 1603 2163 Deum.
1629 2107 1702 2161 Ea
1725 2123 1846 2177 qua:
1871 2108 2012 2162 scrio

433 2201 523 2260 pta
553 2203 678 2244 sunt
710 2191 855 2262 lege,
880 2203 934 2248 et
962 2194 1139 2250 nullus
1164 2196 1492 2267 jurgabitur.
1522 2197 1685 2251 Pater
1738 2199 1920 2252 statim
1954 2207 2012 2251 ut

365 2338 374 2348 ι
429 2277 610 2333 dictus
641 2279 740 2333 fuit
774 2280 967 2348 Pater,
997 2285 1226 2353 requirit
1273 2286 1374 2341 ista
1411 2302 1508 2341 vox
1536 2286 1753 2341 Filium.
1805 2287 2012 2342 Dicitur

428 2365 638 2433 Filius,
695 2379 748 2424 et
805 2372 857 2425 in
912 2389 976 2428 eo
1029 2376 1149 2446 ipso
1202 2379 1326 2432 dum
1379 2379 1620 2443 dicitur,
1658 2378 1816 2433 Pater
1873 2394 2010 2434 con-

427 2458 630 2514 ﬁtetur.
687 2461 800 2516 Non
847 2466 992 2519 cnim
1027 2482 1194 2523 vacua
1227 2485 1326 2524 vox
1358 2480 1440 2524 est
1479 2469 1678 2536 l’ater,
1714 2473 1807 2525 sed
1850 2471 2010 2526 exhi-

425 2550 560 2606 bens
606 2564 851 2610 naturam
902 2557 1049 2613 Filii.
1091 2560 1207 2615 Non
1249 2577 1418 2617 vacua
1459 2572 1542 2617 est
1577 2579 1678 2618 vox
1720 2579 1840 2634 qute
1881 2565 2011 2620 dicit

426 2642 658 2708 Filium,
721 2649 814 2701 sed
882 2654 1195 2717 praecedens
1246 2657 1536 2707 conﬁtetur
1589 2653 1846 2720 Patrem,
1901 2671 2006 2709 non

435 2736 770 2804 temporibus
796 2777 812 2804 ,
849 2754 954 2793 non
1001 2741 1227 2810 spatiis,
1274 2747 1368 2797 sed
1413 2743 1673 2811 dignitate
1696 2754 1750 2797 et
1781 2744 2007 2798 honore.

426 2824 591 2881 Pater
646 2828 820 2900 diligit
860 2831 1086 2900 Filium,
1134 2835 1306 2904 diligit
1347 2844 1400 2890 et
1448 2837 1704 2906 diligitur.
1751 2836 1905 2892 Unde
1945 2837 2010 2893 lis

425 2916 530 2972 ista
593 2929 711 2987 est,
759 2939 864 2978 non
915 2925 1148 2982 invenio.
1208 2925 1321 2981 lllic
1372 2943 1512 2996 pax,
1569 2939 1624 2983 et
1680 2931 1838 2984 isthic
1889 2929 2009 2998 jur-

426 3011 537 3078 gia.
586 3011 702 3068 Illic
762 3015 1011 3082 dilectio,
1068 3027 1124 3073 et
1164 3018 1253 3074 hic
1299 3021 1594 3076 contentio.
1631 3020 1687 3076 Si
1739 3022 2009 3092 diligimus

2121 556 2250 624 quia
2277 567 2451 622 neque
2489 564 2870 619 comparamur
2892 588 2908 614 ,
2954 560 3130 616 neque
3179 561 3501 616 aequamur:
3535 563 3699 616 neque

2126 647 2181 702 in
2215 662 2322 717 quo
2346 645 2527 700 minus
2561 658 2772 697 sumus.
2808 639 2924 694 Non
2963 655 3061 696 nos
3086 639 3296 706 solum,
3332 642 3426 695 sed
3463 655 3565 695 nec
3606 656 3698 693 au-

2121 741 2267 812 geli,
2297 748 2391 793 aut
2417 735 2766 805 archangeli,
2817 741 2909 788 aut
2945 732 3208 796 virtutes,
3251 743 3346 786 aut
3375 732 3698 787 dominatio-

2121 848 2239 898 nes,
2258 845 2429 902 neque
2452 830 2594 884 aliud
2621 827 2844 898 aliquid,
2875 827 2968 880 sed
2992 827 3175 880 omnia
3192 825 3576 892 relinquuntur
3593 823 3698 894 (80)

2124 927 2192 980 ab
2224 924 2502 995 unigenito
2522 942 2536 978 :
2558 923 2673 992 ipse
2692 929 2868 976 autem
2895 919 2992 974 soli
3013 919 3102 973 uni
3129 927 3253 973 nato
3273 933 3378 973 non
3402 918 3545 973 cedit
3570 917 3698 990 (81).

2119 1017 2235 1072 Νοη
2267 1031 2456 1072 sumus
2483 1014 2685 1078 Judaei,
2715 1013 3041 1068 conﬁtemur
3063 1012 3206 1066 enim
3225 1011 3444 1064 Filium.
3467 1009 3585 1065 Non
3618 1026 3702 1064 su-

2120 1126 2240 1165 mus
2268 1108 2495 1180 gentiles
2516 1150 2532 1171 ,
2570 1107 2696 1178 quia
2732 1122 2837 1160 non
2879 1105 3108 1161 dicimus
3131 1103 3329 1158 multos
3355 1103 3575 1156 Patres.
3593 1099 3700 1154 Not

2120 1217 2307 1258 sumus
2341 1201 2620 1265 ltzcretici,
2653 1199 2856 1254 scimus
2894 1199 3037 1254 enim
3080 1197 3364 1268 Spiritum.
3419 1199 3531 1253 Sed
3581 1198 3702 1266 quid

2120 1295 2349 1350 sumus?
2399 1295 2609 1363 Sponsa
2645 1293 2879 1347 viventis
2913 1292 3096 1361 sponsi
3147 1306 3243 1359 per
3293 1290 3576 1346 Christum
3615 1307 3705 1345 nos

2119 1401 2323 1441 sumus.
2360 1384 2415 1440 Si
2448 1400 2574 1456 ergo
2602 1401 2701 1440 nos
2729 1385 2818 1454 qui
2853 1400 2950 1454 per
2982 1377 3267 1440 Christum.
3287 1399 3479 1438 sumus
3504 1426 3518 1446 ,
3555 1395 3704 1452 putas

2118 1479 2238 1547 quia
2268 1479 2380 1545 ipse
2422 1494 2526 1531 non
2558 1479 2680 1532 est?
2705 1493 2767 1532 ea
2793 1493 2912 1546 qum.
2942 1493 3038 1546 per
3080 1479 3255 1546 ipsum
3293 1486 3424 1530 sunt
3449 1487 3703 1540 manent,

2117 1581 2171 1624 et
2203 1572 2312 1640 ipse
2339 1571 2498 1625 ﬁnem
2534 1571 2695 1624 habet
2725 1578 2786 1624 ut
2815 1569 3030 1640 quidam
3058 1568 3373 1624 insaniunt?
3419 1567 3538 1622 Non
3568 1569 3703 1622 enim

2121 1663 2355 1732 acquirit
2387 1663 2533 1717 aliud
2563 1662 2707 1730 quod
2740 1677 2844 1716 non
2869 1669 2988 1716 est:
3025 1677 3128 1716 non
3183 1661 3450 1728 assumit,
3507 1661 3607 1715 sed
3659 1670 3708 1714 et

2116 1759 2256 1826 quod
2287 1766 2370 1811 est
2399 1755 2682 1810 abscondit
2739 1773 2751 1808 :
2815 1754 2918 1808 hoc
2945 1753 3086 1807 enim
3128 1751 3418 1822 signiﬁcat,
3448 1751 3535 1804 Da
3563 1751 3706 1813 mihi,

2115 1849 2274 1904 Pater
2301 1865 2321 1906 :
2351 1851 2444 1904 sed
2474 1863 2578 1902 non
2598 1845 2800 1917 aliquid
2832 1861 3031 1900 novum
3056 1846 3186 1914 petit
3211 1845 3333 1898 :sed
3362 1844 3511 1914 quod
3529 1843 3705 1907 Imbui,

2112 1942 2315 2012 inquit,
2367 1941 2508 2010 apud
2553 1949 2642 2005 te,
2690 1939 2760 1992 da
2801 1938 2931 1991 mihi
2983 1937 3050 1991 ⁷⁸.
3100 1935 3217 1990 Νοη
3252 1936 3398 1999 enim
3452 1935 3708 2001 habes,o

2117 2034 2364 2098 Domine,
2400 2033 2546 2103 quod
2572 2030 2852 2086 habebas?
2876 2030 2980 2086 Sed
3009 2029 3134 2099 quia
3158 2069 3174 2095 ,
3200 2029 3411 2098 inquit,
3446 2030 3708 2084 absconsa

2112 2135 2198 2182 est
2227 2141 2342 2180 mea
2372 2125 2582 2194 species
2611 2141 2624 2176 :
2653 2121 2780 2191 quia
2815 2137 2919 2176 non
2954 2130 3173 2191 apparet
3215 2135 3330 2174 mea
3361 2118 3565 2190 gloria.
3591 2118 3708 2172 Gtc-

2112 2218 2299 2284 riﬁca,
2331 2215 2548 2285 inquit,
2579 2225 2729 2268 tuum
2781 2212 2983 2266 Filium
3030 2212 3098 2267 ⁷⁸.
3160 2211 3227 2265 Et
3271 2212 3399 2279 quid
3433 2213 3710 2280 respondit

2111 2307 2310 2363 Pater?
2339 2305 2662 2375 Glori/icavi.
2693 2304 2749 2361 Si
2774 2303 2942 2375 igitur
2970 2303 3324 2374 gloriﬁcavit,
3351 2303 3487 2372 quid
3516 2305 3709 2367 quiaarit

2111 2399 2446 2473 glorilicari?
2471 2398 2576 2454 Sed
2610 2397 2744 2452 dicit
2769 2397 2929 2451 Pater
2955 2436 2969 2460 ,
3014 2393 3081 2449 Et
3130 2398 3320 2449 iterum
3373 2393 3706 2464 gloriﬁsabo.

2113 2495 2170 2550 Si
2197 2493 2308 2562 jam
2333 2491 2671 2563 glorilicasti,
2694 2491 2967 2561 quomodo
2999 2489 3194 2543 iterum
3220 2488 3502 2559 gloriﬁcas
3520 2487 3546 2541 ?
3575 2485 3710 2540 Num

2111 2585 2316 2650 addes,
2349 2586 2604 2653 quoniam
2631 2585 2700 2640 ab
2735 2584 2892 2637 initio
2933 2582 3210 2654 genuisti?
3237 2581 3352 2636 Non
3389 2580 3542 2634 addo
3579 2599 3594 2636 :
3624 2581 3710 2634 sed

2112 2688 2167 2735 et
2206 2694 2304 2748 per
2331 2693 2536 2748 corpus
2581 2678 2812 2734 ostendo
2862 2677 2968 2731 mei
3018 2675 3146 2730 Filii
3200 2675 3458 2746 gloriam.
3502 2673 3708 2734 Genui,

2111 2772 2456 2844 gloriﬁcavi,
2485 2781 2539 2827 et
2596 2771 2793 2827 iterum
2837 2770 3179 2842 gloriﬁcabo.
3229 2769 3456 2833 Palam,
3501 2767 3708 2836 inquit,

2111 2859 2256 2920 facio
2283 2865 2428 2932 quod
2476 2872 2596 2918 erat
2653 2865 3001 2918 absconsum.
3036 2861 3169 2916 Nam
3202 2871 3257 2915 et
3293 2858 3598 2930 Apostolus
3633 2857 3711 2909 di-

2111 2956 2186 3012 cit
2217 2974 2230 3010 :
2263 2953 2335 3009 Et
2354 2954 2763 3025 superexaltavit
2793 2970 2911 3008 eum
2933 2996 2947 3020 ,
2983 2964 3030 3006 et
3079 2953 3220 3006 dedit
3255 2954 3304 3006 ei
3333 2967 3532 3006 nomen
3574 2953 3708 3022 quod

2111 3057 2186 3102 est
2226 3064 2381 3118 super
2410 3063 2558 3102 omne
2587 3062 2774 3101 nomen
2824 3047 2894 3099 ⁷⁸.
2953 3044 3069 3099 Non
3132 3045 3419 3112 mercede,
3475 3055 3544 3099 ut
3593 3058 3709 3115 pate

427 3099 682 3172 Patrem,
715 3106 989 3161 imitemur
1018 3123 1206 3179 pacem
1238 3111 1487 3180 quasillic
1515 3121 1594 3167 est
1623 3112 1757 3184 (79).
1798 3115 1854 3168 Si
1890 3115 2010 3169 dili-

2122 3099 2452 3196 obedientiaa.
2484 3139 2757 3210 Scriptum
2793 3138 2937 3194 enim
2979 3148 3062 3193 est
3101 3137 3564 3207 quemadmodum
3587 3137 3709 3191 ob"-

429 3195 609 3265 gimus
644 3195 880 3264 Filium,
936 3214 1041 3253 non
1083 3210 1166 3255 est
1225 3201 1580 3259 dissensionis
1610 3205 1770 3260 Deus.
1828 3205 2007 3274 Nosti,

436 3287 570 3339 doce
605 3305 617 3340 :
649 3287 903 3358 ignoras,
954 3288 1202 3345 edocere.
1245 3291 1338 3346 Lis
1382 3296 1527 3347 enim
1582 3309 1758 3364 neque
1815 3298 2010 3366 docet,

436 3393 613 3446 neque
653 3379 901 3435 docetur.
955 3380 1109 3448 Quod
1163 3385 1606 3454 comprehendis,
1652 3386 1756 3442 hoc
1807 3402 2009 3456 quaere.

425 3467 711 3539 Invenisti,
745 3472 952 3544 gratias
984 3489 1102 3545 age.
1133 3473 1324 3542 Nosti,
1359 3478 1532 3533 trade.
1559 3478 1672 3550 Ego
1693 3489 1869 3534 autem
1897 3482 2011 3536 seio

422 3562 552 3632 quia
596 3565 796 3622 nescis.
831 3561 981 3620 Unde
1011 3566 1129 3621 scio
1171 3571 1294 3638 quia
1325 3584 1424 3639 ego
1469 3572 1671 3626 nescio.
1707 3570 1860 3628 Unde
1911 3573 2012 3629 hoc

423 3655 553 3724 quia
582 3655 789 3724 ignoro.
830 3655 1001 3712 Verax
1029 3657 1174 3713 enim
1212 3669 1297 3714 est
1332 3662 1425 3729 qui
1461 3661 1598 3716 dixit
1628 3679 1642 3717 :
1683 3659 1853 3717 Nemo
1910 3680 2004 3718 no-

421 3749 492 3800 vit
521 3747 588 3802 ⁷ο.
621 3748 927 3804 Secundum
960 3751 1116 3806 istam
1153 3751 1318 3823 igitur
1365 3769 1586 3819 vocem,
1645 3757 1824 3811 omnis
1882 3757 2008 3828 qui—

421 3855 635 3908 cunque
656 3856 716 3895 se
744 3842 874 3897 dicit
905 3844 1046 3899 scire
1071 3849 1352 3902 mentitur.
1382 3847 1490 3903 Sed
1525 3847 1666 3904 forte
1706 3851 1841 3906 dicis
1861 3891 1876 3917 ,
1915 3851 2010 3906 Dei

423 3946 644 3999 Sumus,
674 3941 728 3987 et
778 3951 885 3990 non
936 3937 1138 3992 scimus
1188 3951 1450 4008 quantum
1501 3952 1556 3995 et
1608 3945 2007 4015 pertingimus:

425 4022 530 4077 hoc
557 4025 736 4079 solum
769 4028 896 4096 quia
927 4037 1011 4084 est
1042 4048 1057 4084 :
1096 4047 1202 4084 non
1235 4041 1413 4086 tamen
1447 4034 1623 4102 qualis
1667 4045 1718 4089 et
1747 4046 2007 4106 quantum

421 4123 526 4170 est.
555 4116 690 4185 Quia
720 4118 886 4188 igitur
915 4131 1034 4187 est,
1057 4122 1293 4190 scimus;
1329 4139 1432 4177 non
1461 4134 1637 4180 tamen
1667 4129 1861 4196 qualis.
1890 4128 2007 4183 Non

419 4209 565 4260 enim
595 4219 838 4264 nostrum
877 4219 960 4265 est
992 4227 1309 4268 mensurare
1332 4215 1824 4273 immensurabilem
1854 4235 1868 4272 :
1901 4236 2006 4275 non

422 4307 664 4353 nostrum
715 4302 1171 4371 comprehendere
1206 4305 1830 4377 iucomprchensibilem.
1867 4310 2004 4365 Cum

420 4389 566 4444 enim
601 4395 863 4471 memoria
897 4394 963 4449 de
1016 4395 1126 4451 Deo
1173 4406 1291 4466 est,
1331 4415 1483 4454 tuens
1546 4400 1797 4471 religiosa
1836 4402 2008 4458 intre-

2115 3231 2253 3288 divit
2282 3247 2455 3300 usque
2480 3233 2546 3287 ad
2576 3240 2809 3285 mortem
2835 3270 2851 3295 ,
2893 3238 3124 3285 mortem
3178 3239 3355 3284 autem
3388 3230 3600 3285 crucis.
3649 3228 3708 3281 Et

2113 3325 2237 3380 ideo
2260 3366 2274 3388 ,
2303 3326 2509 3395 inquit,
2541 3324 2682 3379 Deus
2708 3322 3137 3392 supercxaltavit
3159 3337 3305 3376 eum.
3339 3321 3398 3374 Si
3446 3322 3581 3390 quis
3613 3337 3704 3373 au-

2113 3425 2220 3470 tem
2247 3416 2380 3470 dure
2406 3415 2596 3485 legerit
2619 3429 2931 3477 sermones,
2964 3412 3104 3466 forte
3137 3411 3349 3480 putabit
3401 3411 3572 3465 istam
3624 3427 3708 3465 Stl-

2110 3507 2592 3578 perexaltationem
2627 3506 2934 3561 mercedem
2965 3518 3089 3559 esse
3121 3503 3470 3558 obedientire.
3501 3503 3583 3557 Ita
3615 3519 3708 3572 pu-

2113 3608 2196 3654 tas
2217 3639 2234 3665 ,
2261 3600 2353 3654 sed
2390 3614 2495 3654 non
2521 3608 2572 3652 te
2600 3599 2878 3668 permittat
2911 3597 2984 3651 ita
3013 3596 3217 3650 sentire
3247 3598 3338 3666 qui
3374 3597 3495 3651 haec
3549 3595 3706 3651 dixit.

2111 3690 2202 3745 Ait
2226 3689 2374 3745 enim
2408 3708 2421 3745 :
2457 3690 2562 3754 Qui
2591 3689 2865 3753 ascendit,
2895 3689 3004 3757 ipse
3027 3699 3101 3742 est
3125 3698 3174 3742 et
3202 3689 3291 3759 qui
3321 3691 3599 3743 descendit
3641 3690 3704 3742 ".

2113 3781 2255 3852 Ergo
2275 3782 2678 3836 exaltaviteum
2708 3782 2799 3852 qui
2838 3782 3142 3839 descendit.
3171 3781 3286 3836 Non
3334 3791 3520 3837 tamen
3556 3803 3584 3835 ει
3619 3784 3707 3837 de-

2110 3888 2296 3929 orsum
2323 3889 2544 3928 sursum
2578 3873 2827 3927 adduxit.
2862 3872 2970 3928 Sed
2998 3889 3121 3928 eum
3152 3873 3244 3942 qui
3271 3875 3559 3928 descendit
3581 3916 3597 3938 ,
3619 3875 3708 3928 ite-

2112 3980 2231 4018 rum
2283 3963 2504 4018 sursum
2563 3965 2884 4032 assumpsit.
2936 3963 3155 4018 Assumi
3212 3963 3368 4028 dico,
3420 3979 3534 4018 non
3583 3966 3702 4033 quia

2110 4053 2344 4109 mundus
2395 4053 2739 4109 fraudabitur
2802 4070 2833 4108 a
2889 4056 3180 4126 praesentia
3236 4055 3532 4124 unigeniti.
3593 4057 3702 4110 Non

2109 4153 2288 4215 potest
2327 4147 2560 4202 mundus
2612 4148 2730 4203 sine
2764 4147 3127 4218 gubernatore
3173 4133 3410 4213 salvari,
3457 4164 3570 4201 non
3615 4163 3704 4214 po-

2111 4238 2218 4284 test
2275 4232 2510 4287 mundus
2562 4241 2711 4287 stare
2757 4234 2802 4288 si
2853 4234 3139 4288 recesserit
3190 4232 3530 4302 unigenitus.
3601 4231 3701 4284 Sed

2107 4317 2248 4376 forte
2280 4321 2414 4376 dicis
2455 4341 2468 4377 :
2513 4321 2631 4377 Non
2678 4321 2880 4378 sufﬁcit
2933 4323 3078 4378 enim
3125 4322 3334 4378 Pater?
3388 4321 3511 4377 Non
3573 4325 3696 4392 quia

2109 4427 2216 4467 non
2248 4412 2546 4468 sulﬁciebat
2575 4413 2759 4480 Pater,
2792 4415 2915 4470 ideo
2943 4415 3131 4486 genuit
3168 4414 3363 4469 Filium
3408 4432 3422 4468 :
3451 4417 3550 4469 sed
3581 4416 3702 4485 quia

418 4483 1042 4575 mescat:intr_emescat
1067 4496 1122 4540 et
1141 4485 1345 4556 lingua.
1368 4487 1478 4542 Non
1507 4489 1632 4558 quia
1651 4491 1818 4546 durus
1840 4493 2002 4560 Deus,
2036 4505 2081 4563 ι)
2110 4518 2216 4557 non
2267 4501 2607 4559 sufﬁciebant
2655 4519 2718 4559 ea
2769 4520 2891 4575 qua;
2941 4483 3082 4560 facta
3130 4516 3257 4561 sum
3303 4503 3541 4561 suﬂ‘erre
3600 4483 3701 4560 non

417 4577 512 4626 sed
535 4573 960 4642 supereminenti
978 4575 1218 4630 bonitate
1242 4587 1327 4632 est
1365 4579 1658 4634 timendus.
1679 4579 1772 4635 Sol
1797 4582 1899 4637 iste
1915 4585 2009 4638 ob-

415 4673 607 4719 scurat
627 4664 838 4732 oculos,
870 4683 976 4722 non
1002 4670 1129 4738 quia
1162 4669 1451 4736 obscurus,
1487 4672 1584 4726 sed
1615 4673 1741 4742 quia
1774 4674 2004 4732 multum

413 4766 500 4812 est
525 4757 728 4814 clarus.
748 4757 813 4814 Et
828 4759 968 4814 Deus
997 4760 1289 4827 timendus,
1308 4761 1434 4830 quia
1456 4761 1680 4817 multum
1705 4774 1788 4818 est
1806 4763 1999 4820 bonus.

414 4850 608 4921 Cogita
641 4852 783 4924 apud
815 4861 866 4908 te
911 4852 1005 4924 qui
1053 4851 1129 4908 sis
1161 4853 1402 4910 humilis.
1448 4854 1565 4911 Non
1608 4857 1752 4910 enim
1801 4858 2001 4912 audisti

417 4953 544 4994 cum
573 4940 843 4996 dicentem
879 4960 895 4998 :
928 4939 1031 4996 Vos
1057 4957 1122 4996 ex
1143 4941 1481 5011 inferioribus
1508 4947 1632 5001 estis
1655 4987 1670 5012 ,
1699 4963 1794 5017 ego
1827 4957 2001 5002 autem

417 5034 483 5085 de
511 5035 866 5103 superioribus
912 5049 1030 5089 sum
1081 5033 1176 5088 ⁷⁸2
1222 5033 1357 5089 Nam
1413 5047 1670 5107 quantum
1718 5039 1912 5093 otelum
1973 5055 2003 5094 a

421 5134 566 5179 terra
599 5125 798 5194 distat,
831 5135 1038 5182 tantum
1070 5138 1120 5184 et
1156 5144 1185 5183 a
1218 5130 1374 5186 nobis
1400 5129 1561 5185 Deus.
1593 5129 1660 5184 Et
1693 5140 1841 5186 certe
1861 5132 2006 5185 scri-

419 5228 569 5286 ptum
598 5228 714 5273 est:
751 5219 1018 5284 Quantum
1059 5221 1218 5275 distat
1271 5220 1456 5276 caelum
1486 5239 1518 5275 a
1564 5232 1740 5288 terra,
1795 5234 1999 5276 tantum

420 5311 519 5364 uite
542 5329 670 5368 mea:
701 5331 732 5366 a
763 5315 856 5368 uiis
886 5315 1068 5368 vestris
1095 5315 1164 5368 ⁷³.
1197 5312 1270 5368 Ut
1296 5314 1366 5368 ad
1410 5330 1511 5369 nos
1557 5328 1657 5369 vos
1687 5313 1802 5367 haec
1855 5315 1997 5368 dicta

493 5409 539 5442 ⁷⁰
567 5407 724 5463 Joan.
755 5427 792 5476 ι,
820 5408 907 5463 18.
983 5410 1027 5442 ⁷⁸
1073 5408 1229 5464 Joan.
1260 5425 1377 5476 vm,
1414 5409 1504 5465 Q3.

421 5478 470 5511 "
500 5479 698 5549 Eph“.
742 5497 816 5546 tv,
845 5481 934 5534 10.

494 5621 607 5690 (79)
634 5622 733 5678 Ms.
779 5623 908 5687 Qum
931 5625 1038 5679 illis
1075 5635 1171 5680 est.

495 5694 609 5758 (80)
635 5693 1036 5763 lietinquuntur.
1085 5696 1481 5759 Ἀπολείπεται,
1509 5705 1850 5763 superantur.

497 5765 609 5831 (8|)
639 5761 742 5814 Um'
775 5776 895 5814 nato
933 5781 1033 5818 non
1079 5769 1234 5819 cedit.
1283 5761 1593 5834 Lugendum
1649 5769 1861 5822 videtur
1908 5771 1997 5820 uni

1619 5409 1664 5440 ⁷⁸
1702 5407 1809 5464 lsa.
1839 5425 1939 5476 ιν,
1967 5409 2020 5465 9.

2107 4594 2224 4649 nati
2260 4594 2538 4662 virtutem,
2582 4595 2706 4651 ideo
2734 4612 2834 4667 per
2862 4599 3218 4653 mediatorem
3262 4599 3531 4668 loquitur.
3563 4598 3706 4666 Qua-

2107 4698 2170 4740 re
2205 4702 2221 4740 :
2259 4685 2350 4755 qui
2381 4683 2494 4756 (82)
2525 4702 2630 4742 non
2659 4697 2971 4754 poteramus
3004 4690 3370 4760 propinquare
3391 4705 3502 4746 non
3535 4701 3702 4746 noto:

2108 4791 2206 4846 per
2240 4778 2381 4831 viam
2433 4779 2597 4849 igitur
2631 4779 2905 4845 hortatur,
2943 4791 3000 4835 et
3047 4797 3143 4852 per
3170 4781 3394 4849 januam
3427 4794 3619 4851 vocat,
3650 4793 3704 4838 et

2106 4880 2205 4935 per
2236 4865 2419 4922 lumen
2467 4869 2707 4923 adducit.
2762 4870 3028 4926 Mediator
3067 4884 3248 4926 autem
3281 4871 3478 4938 Filius,
3513 4882 3572 4929 et
3607 4889 3703 4944 po-

2112 4954 2262 5008 nitur
2284 4954 2371 5010 lex
2397 4975 2410 5011 :
2451 4959 2721 5014 mediator
2749 4958 2943 5025 Filius,
2973 4970 3028 5016 et
3051 4959 3352 5030 loquuntur
3377 4965 3700 5034 prophetat:

2112 5047 2384 5102 mediator
2429 5048 2619 5116 Filius,
2675 5061 2730 5106 et
2765 5053 3090 5123 praedicatur
3132 5051 3549 5110 Testamentum
3590 5054 3702 5110 No-

2112 5155 2237 5192 vum
2267 5154 2325 5195 et
2371 5141 2629 5214 impletur
2675 5143 2842 5200 Vetus
2882 5165 2894 5200 :
2946 5146 3213 5200 mediator
3243 5147 3438 5210 Filius,
3468 5159 3530 5202 et
3567 5148 3704 5202 ﬁunt

2109 5231 2282 5300 angeli
2312 5251 2325 5287 :
2360 5235 2628 5289 mediator
2677 5235 2868 5301 Itilius,
2922 5244 2979 5290 et
3035 5245 3296 5290 creantur
3324 5238 3650 5308 archangeli
3684 5257 3698 5290 :

2108 5325 2377 5380 mediator
2405 5326 2602 5395 Filius,
2649 5337 2706 5383 et
2749 5341 2971 5384 creator
3019 5330 3198 5383 omnis
3234 5339 3468 5395 natum,
3508 5343 3566 5385 et
3597 5348 3701 5401 gu-

2099 5416 2145 5448 ⁷³
2178 5419 2335 5477 Joan.
2368 5439 2478 5478 xvu
2502 5464 2517 5492 ,
2564 5425 2617 5478 5.
2695 5423 2741 5456 ⁷⁸
2774 5423 2928 5478 Joan.
2963 5438 3072 5488 xu,
3095 5421 3183 5478 28.
3216 5424 3262 5455 ⁷⁵
3295 5423 3493 5496 Philip.
3527 5441 3567 5482 tl
3591 5467 3608 5490 ,
3641 5425 3694 5480 9.

2108 5646 2208 5684 non
2235 5641 2360 5686 nato
2387 5633 2539 5686 cedit.

2175 5703 2285 5773 (89.)
2315 5703 2487 5768 Quare
2521 5719 2536 5756 :
2569 5702 2681 5772 qui,
2726 5701 2766 5768 f.
2796 5702 2996 5771 quare?
3025 5701 3170 5772 quia,
3213 5711 3321 5761 etc.
