3810 6218
108 303 290 361 1057
995 297 1084 351 DE
1122 295 1278 352 FIDE
1316 244 1689 354 AD‘VEllSUS

1822 297 2143 354 BELLIUM.
2180 329 2247 339 -—
2285 299 2414 355 LIB.
2451 299 2523 354 l.‘
3270 301 3412 360 1058

87 425 424 487 bernator,
453 431 508 477 et
539 419 799 476 salvator.
829 416 946 474 Non
979 420 1125 474 enim
1161 419 1446 473 creavitet
1475 418 1720 472 dimisit:
1754 422 1797 478 Α
1827 418 2084 485 quinetur
2118 418 2255 487 (85).
2289 418 2402 474 Viri
2435 429 2496 472 ut
2533 432 2655 473 sese
2680 418 2791 488 jam
2823 435 2929 474 non
2972 419 3212 474 incidam
3243 437 3258 472 :
3289 435 3413 472 tnu-

86 519 262 586 quia
303 533 406 571 non
447 516 566 570 sine
608 514 948 584 providentia
981 519 1110 566 sunt
1149 527 1271 580 quat
1299 521 1446 566 sunt.
1487 509 1604 564 Non
1633 519 1720 563 est
1827 509 1993 563 lieres
2021 517 2078 562 ut
2111 525 2218 562 non
2245 509 2313 562 ad
2340 508 2596 578 iniuriam
2629 509 2977 564 deludantur.
3017 509 3203 576 Tauri,
3230 509 3408 579 vituli,

90 609 396 676 latigatus
419 605 646 659 faciens.
667 601 862 672 Neque
891 611 951 656 ut
975 599 1240 666 volatilia,
1270 609 1328 654 ut
1353 601 1526 669 pisces
1552 612 1719 670 gene-
1825 607 1884 653 ut
1938 613 2045 655 non
2078 601 2230 653 varie
2276 599 2670 654 comburantur
2717 599 2852 671 (84).
2916 601 3131 664 Vinum,
3184 611 3242 654 ut
3299 616 3409 655 nou

99 709 268 752 rant
310 697 554 768 quidem,
579 694 896 763 relinquunt
924 703 1128 747 autem.
1178 691 1244 746 Et
1271 702 1422 746 certe
1474 705 1573 746 nec
1615 689 1716 745 ista
1825 691 1944 747 sine
1973 707 2138 746 causa
2168 691 2392 747 libetur.
2426 691 2621 755 Terra,
2668 707 2840 758 mare,
2873 701 2934 746 ut
2972 708 3078 746 non
3109 691 3410 747 immutatis

97 797 404 859 generant
450 795 506 842 et
539 785 822 840 dimittunt
859 803 874 841 :
918 784 1013 840 sed
1056 784 1259 839 habent
1289 783 1631 853 diligentiam
1664 788 1722 834 et
1825 781 2138 836 nominibus
2172 782 2472 836 adorentur
2517 800 2532 837 :
2578 783 2754 837 omnis
2799 783 2942 836 enim
2990 793 3186 836 natura
3220 793 3410 837 conta-

97 890 392 950 pascunt.
429 879 488 933 Si
523 878 688 949 igitur
724 878 828 933 ista
867 878 963 940 ita,
998 877 1170 930 multo
1209 875 1382 945 magis
1416 889 1516 943 per
1553 888 1716 943 quem
1825 874 2032 926 minata
2087 881 2171 928 est
2207 890 2222 927 :
2271 875 2450 928 omnis
2511 884 2766 928 creatura
2826 874 3098 929 deificata.
3155 871 3261 926 Sed
3299 887 3405 926 non

101 981 324 1026 creata
354 978 479 1024 sunt
508 968 712 1032 omnia,
732 982 830 1038 per
862 968 1028 1022 istum
1052 967 1234 1020 omnia
1264 974 1318 1020 et
1347 965 1721 1034 gubernantur
1824 963 2076 1032 despexit
2127 964 2172 1018 is
2202 979 2299 1033 per
2331 980 2491 1034 quem
2548 972 2603 1020 et
2653 965 2797 1020 facta
2845 974 2993 1019 sunt.
3051 965 3212 1020 Venit
3259 964 3404 1018 enim

100 1073 183 1116 et
234 1069 537 1130 pascuntur
583 1077 598 1114 :
644 1073 751 1114 non
784 1067 1014 1112 vacante
1059 1056 1243 1121 Patre,
1272 1059 1365 1111 sed
1397 1063 1715 1110 annuente:

105 1163 421 1208 annuente
465 1163 672 1218 autem,
706 1166 812 1206 non
857 1151 1053 1215 oculis,
1103 1151 1196 1204 sed
1233 1159 1291 1202 ut
1329 1151 1485 1204 decet
1534 1149 1718 1200 incoro

111 1244 410 1314 poralem,
442 1245 516 1299 ita
541 1244 730 1298 annuit
761 1254 820 1297 ut
855 1243 954 1311 ipsi
985 1244 1240 1296 decorum
1276 1249 1378 1294 est.
1419 1238 1592 1292 Filius
1617 1253 1716 1289 au-

109 1345 244 1390 tem
285 1335 532 1405 agnoscit
566 1345 623 1388 ut
657 1335 854 1389 Filium
900 1337 1101 1388 decet:
1150 1347 1315 1400 opera
1359 1339 1540 1385 autem
1582 1328 1720 1382 ﬁunt

116 1437 196 1480 ut
226 1427 394 1482 Pater
420 1427 559 1490 vult,
595 1437 648 1481 et
680 1425 852 1480 Filius
878 1426 1175 1479 ministrat.
1206 1423 1333 1477 Haec
1370 1438 1469 1476 nos
1499 1430 1718 1490 oporte-

115 1524 231 1574 bat
283 1519 487 1575 dicere.
525 1518 639 1574 lmo
672 1535 863 1574 omnes
895 1534 960 1574 ex
999 1517 1300 1586 Scripturis
1342 1515 1547 1586 legere.
1585 1513 1716 1580 Quis

114 1613 284 1667 enim
313 1627 434 1666 sum
467 1614 604 1683 ego?
635 1612 764 1680 quid
796 1611 970 1666 habeo
995 1609 1137 1680 quod
1171 1625 1276 1663 non
1329 1607 1556 1676 accepi?
1590 1605 1718 1660 Om-

119 1706 226 1759 nia
258 1704 405 1759 enim
444 1705 510 1758 ab
542 1719 669 1768 uno,
700 1713 752 1757 et
785 1717 880 1772 per
919 1717 1082 1755 unum
1118 1712 1284 1767 sunt;
1328 1708 1383 1753 et
1420 1714 1542 1768 quae
1576 1697 1716 1752 facta

1824 1055 1916 1125 qui
1967 1057 2311 1124 contingeret
2364 1071 2514 1111 sua:
2564 1057 2710 1111 venit
2765 1057 2856 1126 qui
2906 1057 3103 1112 malum
3134 1071 3405 1111 venenum

1825 1146 2065 1201 auferret
2107 1162 2122 1201 :
2167 1149 2315 1202 venit
2360 1149 2532 1217 ipsius
2589 1151 2716 1204 vitae
2769 1151 3130 1205 medicamen.
3161 1151 3406 1206 Mortuus

1821 1248 1904 1293 est
1937 1248 1993 1292 ut
2013 1239 2290 1293 occideret
2339 1249 2570 1294 mortem
2601 1257 2615 1295 :
2643 1242 3039 1296 condemnatus
3065 1252 3148 1297 est
3182 1252 3239 1295 ut
3269 1255 3405 1294 con-

1821 1331 2108 1385 demnaret
2135 1331 2528 1399 corruptelam.
2558 1331 2868 1389 Coronatus
2896 1343 2980 1389 est
3007 1334 3197 1402 spinis,
3220 1343 3278 1387 ut
3302 1347 3404 1388 nos

1823 1437 1928 1476 non
1986 1422 2311 1477 haberemus
2361 1423 2548 1492 spinas
2587 1441 2600 1477 :
2641 1425 2881 1493 suscepit
2934 1424 3276 1478 maledictum
3310 1438 3405 1492 per

1821 1529 2060 1578 crucem,
2108 1524 2164 1568 ut
2198 1530 2299 1569 nos
2344 1516 2746 1584 susciperemus
2781 1517 3213 1570 benedictionem
3251 1531 3404 1568 mun-

1823 1605 1966 1658 dam.
2001 1603 2117 1658 Non
2151 1620 2371 1675 possum
2399 1607 2582 1661 dicere
2605 1617 2866 1676 quantum
2897 1609 3068 1677 sapio.
3104 1606 3218 1661 Non
3270 1621 3394 1674 pos-

1823 1713 1942 1752 sum
1995 1713 2188 1768 sapere
2247 1710 2507 1768 quantum
2578 1701 2834 1769 possibile
2885 1711 2989 1754 est.
3057 1699 3112 1754 Si
3169 1713 3402 1768 sapuero

121 1807 290 1860 sunt,
321 1805 377 1849 et
421 1809 543 1864 quae
575 1805 722 1848 recte
756 1795 1034 1848 dicuntur.
1077 1791 1286 1859 Quanta
1329 1805 1462 1845 sane
1498 1789 1716 1844 miseri-
1748 1809 1791 1863 Β
1821 1798 2088 1858 quantum
2146 1790 2404 1859 possibile
2452 1799 2569 1855 est,
2627 1807 2732 1845 non
2795 1777 3055 1862 pervenio
3108 1801 3166 1845 ut
3224 1790 3400 1844 dicam

121 1888 330 1942 cordia
379 1897 463 1942 est
513 1886 646 1940 Dei?
688 1888 872 1954 genuit
923 1885 1142 1952 Filium,
1188 1885 1313 1954 quia
1359 1884 1532 1938 bonus
1577 1891 1660 1937 est
1697 1901 1710 1937 :

122 1978 352 2033 creavit
385 1979 638 2033 universa
693 1995 789 2047 per
840 1978 1037 2048 ipsum,
1084 1979 1211 2046 quia
1262 1975 1577 2032 benefactor
1607 1983 1712 2031 est.

122 2070 457 2125 Erravimus
483 2082 538 2125 et
568 2086 671 2123 non
699 2071 970 2140 despexit,
995 2071 1304 2125 cecidimus
1335 2078 1390 2124 et
1412 2085 1518 2122 non
1561 2081 1714 2137 spre-

124 2166 243 2230 vit,
277 2165 370 2219 sed
405 2165 552 2219 misit
592 2163 788 2218 Filium
837 2179 994 2220 suum
1033 2163 1402 2226 obedientem,
1439 2170 1498 2214 ut
1542 2160 1716 2215 salva-

126 2267 228 2312 ret
277 2256 549 2311 hominem
582 2254 1005 2312 inobedientem.
1049 2255 1194 2309 Misit
1226 2255 1356 2329 sine
1388 2262 1630 2322 peccato,
1657 2261 1718 2306 ut

130 2356 430 2402 revocaret
459 2360 580 2399 eum
611 2346 704 2415 qui
732 2354 1054 2415 peccaverat
1082 2363 1096 2398 :
1139 2345 1285 2399 misit
1321 2345 1519 2398 Filium
1558 2359 1714 2398 suum

127 2439 432 2494 facientem
482 2438 699 2507 placita,
754 2446 812 2491 ut
843 2437 1081 2492 salvaret
1115 2452 1330 2492 servum
1362 2436 1585 2490 obedire
1620 2451 1718 2488 no-

127 2531 370 2588 lentem.
406 2530 550 2584 Misit
587 2529 876 2598 justitiam,
925 2537 984 2582 ut
1017 2528 1328 2583 auferretur
1375 2537 1659 2598 peccatum
1697 2545 1711 2582 :

130 2623 298 2678 misit
326 2621 516 2682 vitam,
548 2632 605 2674 ut
635 2636 782 2676 mors
824 2630 1152 2675 moreretur.
1192 2619 1338 2674 Misit
1371 2621 1459 2689 qui
1497 2635 1524 2674 a
1553 2635 1635 2685 se,
1661 2628 1718 2674 ut

129 2714 491 2770 salvarentur
513 2714 602 2784 qui
630 2721 786 2766 erant
817 2727 882 2766 ex
915 2711 1152 2765 homine.
1188 2710 1333 2765 Misit
1370 2726 1493 2766 eum
1521 2711 1614 2780 qui
1647 2725 1715 2765 ex

133 2805 392 2874 Virgine,
432 2813 488 2858 ut
536 2803 877 2856 salvarentur
919 2802 954 2856 ii
1002 2802 1093 2872 qui
1130 2815 1198 2857 ex
1229 2801 1455 2856 muliere
1499 2801 1716 2855 fuerant

133 2897 365 2967 perditi.
414 2895 556 2950 Misit
590 2897 641 2950 in
681 2896 853 2966 tigura
894 2895 1024 2958 viri,
1058 2902 1115 2948 ut
1160 2893 1466 2948 salvaretur
1497 2893 1586 2964 qui
1622 2909 1718 2962 pe-

135 2990 318 3042 rierat
361 2986 466 3040 vir.
498 2986 631 3040 Cum
681 2983 987 3040 latronibus
1021 2983 1205 3055 ﬁgitur
1243 2983 1413 3048 cruci,
1447 2993 1507 3037 ut
1554 2998 1716 3052 para-

133 3081 296 3134 disus
337 3087 391 3133 et
423 3076 729 3132 latronibus
775 3076 1097 3144 aperiretur.
1133 3075 1322 3146 Cogita
1373 3076 1714 3146 dignitatem,

1823 1892 2058 1951 quantus
2087 1892 2194 1938 est.
2224 1884 2612 1938 lnenarrabilis
2641 1884 2785 1938 enim
2836 1893 2890 1937 et
2938 1882 3402 1952 incomprehensi-

1823 1976 1949 2031 bilis
1975 1973 2134 2029 Pater
2161 1985 2268 2031 est.
2296 1973 2444 2030 Talis
2471 1986 2654 2029 autem
2683 1987 2737 2031 et
2784 1975 2956 2030 Filius
2987 1976 3155 2045 ipsius
3199 1975 3397 2030 Patris.

1824 2067 1881 2122 Si
1907 2068 2052 2122 enim
2091 2067 2161 2122 ob
2191 2067 2272 2121 sui
2305 2068 2734 2123 misericordiam
2768 2083 2865 2122 nos
2891 2069 3204 2137 assumpsit,
3255 2069 3398 2123 inte-

1823 2155 2023 2209 rimere
2053 2169 2176 2208 eum
2205 2155 2462 2209 debemus
2487 2157 2577 2226 qui
2605 2172 2700 2210 nos
2732 2157 2947 2212 salvat?
2975 2159 3101 2228 quid
3137 2160 3241 2214 hoc
3271 2158 3398 2213 mali

1822 2257 1905 2302 est
1938 2247 2010 2300 ita
2061 2247 2309 2302 homines
2342 2247 2409 2301 de
2436 2247 2575 2302 Filio
2606 2249 2848 2303 sentire?
2904 2248 3118 2303 Maneat
3153 2259 3210 2302 ut
3257 2260 3395 2315 erat,

1823 2347 1878 2392 et
1923 2339 1976 2390 in
2021 2350 2250 2402 corpore
2283 2346 2337 2390 et
2375 2337 2426 2389 in
2461 2337 2728 2406 praesepio
2773 2355 2788 2392 :
2829 2337 2959 2391 nihil
3006 2338 3208 2392 humile
3239 2339 3305 2395 de
3332 2354 3398 2395 eo

1823 2428 2050 2493 sentias,
2079 2428 2169 2496 qui
2209 2438 2259 2481 te
2285 2426 2566 2494 cxaltavit,
2611 2426 2746 2481 nihil
2777 2427 3047 2495 abjectum
3086 2439 3180 2482 aut
3211 2430 3400 2484 incon-

1824 2554 2040 2610 gruum.
2074 2536 2191 2592 Noli
2224 2551 2482 2607 spernere
2513 2536 2853 2592 Salvatorem
2887 2548 3058 2592 tuum.
3089 2538 3144 2593 Si
3177 2540 3398 2608 quidem

1823 2631 2036 2686 etiamsi
2067 2632 2232 2685 verbo
2277 2646 2399 2684 eum
2448 2629 2736 2684 humiliare
2776 2630 3031 2694 volueris,
3064 2642 3256 2685 natura
3291 2647 3398 2686 non

1826 2722 2156 2779 transfertur
2185 2723 2252 2776 ad
2303 2731 2445 2775 tuam
2498 2722 2757 2790 linguam.
2808 2723 2865 2776 Si
2903 2731 3082 2776 autem
3127 2733 3180 2777 et
3232 2725 3401 2779 abne-

1823 2812 2134 2884 gaverimus
2162 2826 2306 2876 eum,
2343 2812 2456 2878 ipse
2487 2811 2660 2866 lidelis
2691 2822 2873 2868 manet
2899 2822 2954 2867 et.
2987 2829 3183 2885 negare
3209 2829 3267 2869 se
3289 2829 3398 2870 non

1823 2914 2002 2976 potest
2033 2923 2047 2960 :
2081 2906 2183 2960 hoc
2209 2915 2316 2971 est,
2359 2921 2386 2957 a
2412 2905 2630 2974 propria
2668 2917 2860 2959 natura
2894 2923 2998 2961 non
3034 2908 3261 2962 excidit.
3289 2906 3398 2963 Iste

1823 2997 1981 3054 nobis
2024 2999 2188 3053 Pater
2217 3014 2320 3052 non
2357 3009 2515 3053 natus
2559 3007 2667 3064 est,
2697 3013 2834 3053 unus
2877 2999 3025 3056 solus
3055 3017 3160 3056 non
3212 3010 3394 3069 natus,

1825 3105 1930 3142 non
1964 3089 2031 3143 ab
2061 3088 2188 3152 alio,
2223 3104 2321 3143 nec
2354 3101 2421 3143 ex
2451 3088 2576 3142 alio.
2624 3087 2776 3158 Sazpe
2806 3089 2928 3144 dico
2969 3092 3177 3145 eadem.
3210 3091 3396 3161 Siqui-

133 3184 194 3228 et
220 3171 431 3226 aestima
459 3167 887 3242 magnitudinem
914 3169 1118 3239 gratiae.
1137 3168 1218 3222 Me
1235 3169 1378 3223 enim
1400 3184 1462 3221 ex
1494 3167 1719 3223 muliere
1746 3164 1788 3222 C
1823 3181 1941 3234 dem
1973 3187 2027 3234 et
2051 3177 2286 3233 Joannes
2316 3179 2407 3248 qui
2439 3181 2505 3233 de
2533 3177 2672 3235 Filio
2697 3180 2838 3234 dixit
2862 3181 2919 3234 in
2957 3183 3217 3250 principio
3256 3193 3395 3249 erat,

139 3264 318 3325 nasci,
348 3271 443 3315 aut
490 3271 562 3326 te,
607 3275 714 3314 non
751 3275 912 3330 supra
958 3268 1210 3312 naturam
1246 3266 1348 3312 est.
1394 3256 1721 3311 Manducare

138 3364 238 3408 aut
265 3355 469 3416 bibere,
491 3352 732 3407 dormire
757 3362 807 3405 et
843 3364 1086 3420 surgere,
1106 3361 1158 3403 et
1192 3349 1245 3402 in
1278 3349 1541 3418 praesepio
1567 3347 1716 3417 poni,

139 3448 277 3502 nihil
305 3447 428 3502 novi
453 3448 496 3501 si
536 3445 784 3500 homines
811 3457 872 3497 ea
895 3458 1015 3512 quae
1037 3453 1164 3499 sunt
1197 3443 1472 3497 hominum
1498 3441 1718 3510 patiun-

141 3552 252 3594 tur.
286 3541 426 3605 Quid
450 3549 628 3593 autem
657 3554 878 3601 novum,
903 3538 1032 3606 quid
1057 3535 1393 3599 admirabile,
1421 3533 1549 3602 quid
1577 3547 1716 3601 prae-

137 3633 388 3702 cipuum,
427 3633 559 3702 quid
601 3643 845 3686 nostrum
874 3630 1114 3683 debitum
1147 3626 1539 3696 irrepeusabile
1571 3625 1719 3678 Deo?

143 3725 245 3792 Qui
288 3725 434 3779 misit
469 3725 606 3779 Deus
638 3722 834 3778 Filium
866 3737 1048 3786 suum,
1081 3721 1230 3775 misit
1256 3720 1426 3774 Pater.
1460 3717 1718 3786 Unigeni-

143 3831 282 3885 tum,
321 3819 469 3872 misit
498 3833 602 3871 non
635 3825 796 3870 natus
826 3814 1162 3884 prOgeniem,
1201 3811 1346 3866 misit
1374 3810 1716 3864 obedientem

147 3915 346 3976 bonus,
382 3910 534 3964 misit
571 3909 840 3979 justitiam
883 3908 974 3976 qui
1003 3907 1206 3976 genuit.
1234 3903 1346 3960 Cur
1374 3901 1561 3958 misit?
1593 3915 1718 3971 pro-

142 4013 265 4074 pter
319 4012 658 4072 peccatores.
714 3998 825 4054 Cur
874 3997 1064 4052 misit?
1114 4006 1336 4066 propter
1389 3995 1562 4049 Adam
1623 3992 1716 4062 qui

143 4095 460 4152 mandatum
494 4095 841 4164 contempsit.
871 4090 1035 4147 Venit
1063 4105 1194 4161 ergo
1231 4089 1322 4159 qui
1374 4087 1612 4143 obedivit
1648 4087 1717 4141 ad

144 4190 261 4244 haec
297 4205 311 4240 :
347 4198 405 4241 et
437 4187 713 4257 judicatur
738 4185 905 4253 judex
934 4185 1002 4238 ob
1031 4184 1450 4237 condemnatum
1485 4197 1500 4234 :
1540 4177 1717 4232 cruci-

140 4283 332 4352 ﬁgitur
358 4279 462 4334 vita
486 4295 583 4349 pro
609 4288 824 4332 mortuo
856 4295 868 4330 :
892 4285 1191 4331 coronatur
1213 4272 1383 4342 spinis
1408 4270 1711 4341 gloriosus:

139 4372 282 4429 bibit
316 4369 409 4435 fel,
444 4369 562 4424 lous
600 4370 793 4423 dulcis.
826 4365 965 4434 Quid
1019 4366 1355 4420 inveniemus
1398 4363 1464 4416 ad
1517 4375 1714 4431 repraa-
1745 4354 1763 4380 ’

136 4464 503 4522 seruandum?
536 4462 807 4532 quomodo
853 4476 1074 4532 agemus
1125 4457 1367 4530 gratias?
1398 4455 1513 4511 Non
1559 4454 1709 4511 sulli-

135 4561 291 4614 ciunt
321 4557 513 4626 lingua:
545 4567 764 4620 nostra),
784 4571 888 4609 non
923 4553 1278 4619 ora,etiamsi
1307 4549 1511 4604 fuerint
1541 4549 1706 4603 mille.

134 4650 256 4705 Non
286 4647 576 4704 suﬂicimus
621 4663 744 4711 nos,
782 4645 1062 4715 adjutores
1085 4658 1414 4716 quaeramus.
1442 4641 1712 4710 Adjuvent

138 4757 240 4798 nos
273 4743 446 4811 angeli
481 4759 495 4796 :
542 4742 822 4796 nobiscum
865 4741 1097 4811 gratiam
1129 4740 1359 4794 reddant
1391 4745 1448 4791 et
1478 4739 1711 4792 archan-

139 4834 269 4904 geli,
326 4847 384 4887 ut
439 4843 496 4888 et
540 4833 642 4904 ipsi
699 4832 990 4904 gaudeant.
1044 4829 1103 4885 Si
1143 4830 1360 4900 quidem
1419 4837 1474 4884 et
1528 4829 1708 4883 omnis

135 4936 394 4982 creatura
453 4938 642 4997 parata
682 4935 785 4983 est.
829 4925 1072 4980 l’arturit
1102 4926 1246 4980 enim
1288 4934 1344 4979 et
1401 4923 1706 4993 ingemiscit

137 5029 196 5076 ct
227 5030 505 5088 exspectat
537 5029 775 5074 nostram
811 5019 1061 5085 salutem,
1107 5027 1167 5072 ut
1197 5026 1251 5072 ct
1294 5017 1408 5086 ipsa
1444 5017 1708 5071 liberetur

140 5127 176 5166 a
206 5112 407 5167 dolore.
441 5110 727 5166 Liberatur
755 5111 901 5166 enim
929 5121 985 5166 et
1022 5110 1102 5165 sol
1131 5124 1199 5164 ne
1225 5109 1363 5164 ultra
1404 5108 1662 5162 adoretur
1689 5125 1703 5162 :

142 5217 199 5261 et
255 5207 402 5272 luna,
465 5223 532 5262 ne
593 5208 710 5278 ipsa
760 5207 1182 5263 calumnietura
1235 5206 1489 5261 deitate:
1535 5205 1708 5261 stella:

138 5302 326 5366 etiam,
375 5310 433 5354 ut
479 5315 583 5354 non
614 5300 1052 5354 contaminentur
1096 5298 1287 5356 hostiis
1321 5318 1334 5354 :
1369 5310 1426 5354 ut
1452 5300 1563 5370 jam
1598 5315 1707 5355 non

141 5392 282 5446 male
333 5392 596 5447 conflatur
645 5402 928 5464 argentum
982 5412 995 5448 :
1046 5407 1260 5462 aurum,
1297 5405 1356 5450 ut
1401 5411 1508 5451 non
1556 5397 1706 5454 coin-

213 5507 258 5540 "
293 5503 448 5562 Joan.
483 5523 616 5574 xvtt,
645 5507 699 5563 5.
775 5507 866 5562 ⁷⁸1
898 5507 1038 5565 Tim.
1060 5523 1136 5578 v1,
1169 5510 1258 5567 £6.

211 5621 323 5747 (83‘)
354 5620 455 5744 Ms.
483 5620 752 5683 Canﬂetur
774 5635 1068 5696 argentum,
1093 5643 1302 5699 aurum,
1339 5641 1395 5687 ut
1425 5647 1529 5689 non
1554 5635 1702 5692 coin-

211 5709 264 5747 ιη
318 5709 348 5746 u
383 5729 396 5746 .

140 5709 396 5766 quatietur.

1819 3285 1929 3324 non
1986 3271 2173 3338 tacuit,
2221 3271 2316 3325 sed
2361 3269 2676 3341 frequenter
2733 3273 2834 3338 ait,
2889 3271 3042 3328 Erat.
3073 3274 3211 3340 Quid
3253 3276 3397 3330 enim

1819 3359 1964 3414 aliud
2017 3370 2071 3415 et
2125 3359 2347 3415 deberet
2399 3360 2548 3415 dici?
2594 3359 2800 3416 Domus
2860 3361 2992 3416 Dei?
3036 3364 3397 3433 quodcunque

1819 3449 2118 3504 dixerimus
2149 3459 2254 3516 est,
2283 3451 2427 3518 quod
2459 3465 2566 3505 non
2602 3451 2668 3505 de
2697 3449 2837 3506 Filio
2859 3463 2941 3506 est
2969 3469 2984 3506 :
3011 3453 3245 3507 alienum
3278 3454 3394 3525 (85)

1819 3557 1850 3595 a
1881 3543 1969 3597 die
1994 3551 2095 3596 est.
2147 3541 2384 3610 Spiritus
2428 3543 2482 3597 in
2532 3545 2712 3600 medio
2754 3555 2998 3600 nostrum
3030 3555 3114 3600 est
3149 3563 3163 3599 :
3209 3546 3254 3601 si
3287 3562 3394 3601 non

1819 3633 2086 3702 spiritalia
2108 3634 2273 3688 locuti
2304 3633 2591 3699 fuerimus,
2629 3636 3020 3692 contristamus
3062 3637 3309 3706 spiritum
3339 3639 3393 3693 in

1817 3742 1924 3796 quo
1977 3727 2172 3796 signati
2227 3743 2432 3782 sumus.
2492 3727 2678 3785 Gloria
2735 3728 2854 3794 Dei,
2888 3730 3092 3785 veritas
3133 3731 3252 3796 Dei,
3284 3746 3392 3785 non

1816 3820 2012 3888 quaerit
2039 3835 2068 3872 a
2110 3829 2162 3873 te
2193 3819 2397 3886 laudes,
2428 3821 2524 3875 sed
2555 3837 2652 3876 nec
2680 3821 2748 3876 ab
2771 3822 2997 3893 angelis.
3038 3822 3154 3877 Non
3183 3824 3301 3879 dico
3335 3835 3395 3878 ut

1816 3926 1846 3964 a
1885 3921 1954 3975 te,
1987 3911 2079 3965 sed
2107 3911 2303 3980 quaerit
2340 3927 2370 3966 a
2424 3922 2477 3968 te
2522 3923 2582 3967 ut
2631 3929 2897 3984 agnoscas
2930 3931 3052 3970 eum
3091 3934 3105 3970 :
3136 3918 3393 3984 prodesse

1816 4003 1961 4058 enim
1995 4003 2044 4058 ei
2076 4015 2253 4072 potes,
2287 4004 2332 4059 si
2364 4018 2489 4058 eum
2533 4008 2854 4074 agnoveris?
2905 4019 2996 4062 aut
3031 4008 3223 4064 lumini
3259 4026 3392 4080 pro-

1813 4094 1954 4160 dest,
1985 4108 2110 4150 cum
2159 4097 2348 4151 vides?
2375 4106 2434 4150 ut
2461 4098 2704 4154 dicamus
2732 4100 2858 4170 quia
2898 4110 2948 4156 et
2981 4102 3091 4156 Deo
3132 4103 3392 4172 prodesse

1813 4196 2015 4256 potest.
2071 4188 2212 4242 Deus
2255 4188 2400 4242 enim
2431 4189 2542 4244 vult
2597 4200 2647 4246 te
2677 4205 2972 4262 agnoscere
3003 4207 3083 4249 se.
3132 4195 3387 4265 Cognitio

1813 4302 1958 4356 enim
2010 4302 2104 4357 Dei
2149 4314 2352 4358 teterna
2391 4307 2499 4360 vita
2545 4316 2662 4374 est;
2714 4322 2820 4362 non
2858 4307 2992 4372 Deo,
3039 4309 3134 4363 sed
3181 4309 3266 4364 his
3294 4312 3386 4379 qui

1815 4404 2170 4464 cognoscunt.
2221 4396 2297 4450 Ita
2325 4399 2470 4453 enim
2511 4407 2566 4454 et
2603 4400 2864 4456 Dominus
2895 4403 3230 4470 pronuntiat.
3256 4401 3385 4458 Hac

1741 4505 1787 4560 ι)
1816 4495 1890 4539 est
1919 4496 2097 4540 autem
2127 4489 2233 4541 vita
2261 4499 2480 4557 wterna,
2512 4498 2570 4543 ut
2598 4501 2913 4561 cognoscant
2944 4503 2992 4545 te
3015 4492 3186 4546 solum
3210 4510 3385 4548 verum

1814 4577 2003 4641 Deum,
2039 4591 2086 4634 et
2133 4597 2287 4651 quem
2339 4583 2532 4637 misisti
2575 4582 2759 4638 Jesum
2796 4582 3064 4638 Christum
3097 4586 3165 4640 ".
3216 4584 3388 4640 Verus

1814 4669 1957 4725 Deus
1999 4681 2084 4726 est
2137 4672 2299 4728 Pater
2344 4674 2397 4728 iu
2453 4689 2518 4730 eo
2559 4676 2704 4744 quod
2756 4692 2862 4731 non
2899 4687 3058 4731 natus
3084 4686 3187 4732 est.
3217 4676 3388 4733 Verus

1813 4760 1985 4818 Filius
2013 4768 2173 4820 estin
2198 4780 2262 4820 eo
2288 4767 2429 4835 quod
2459 4776 2541 4822 est
2570 4768 2895 4837 unigenitus.
2932 4767 3046 4823 Non
3067 4769 3210 4823 enim
3235 4785 3387 4824 men-

1815 4856 2029 4911 dacium
2074 4857 2256 4923 genuit
2287 4872 2466 4911 verus.
2519 4855 2627 4912 Sed
2672 4873 2835 4913 verus
2886 4857 3050 4914 Pater
3085 4859 3226 4914 Deus
3274 4874 3383 4914 non

1817 4957 1976 5001 natus
2009 4965 2023 5002 :
2053 4963 2210 5003 verus
2253 4947 2394 5003 Deus
2422 4948 2592 5003 Filius
2635 4950 2967 5020 unigenitus.
3007 4949 3141 5005 Nam
3172 4962 3228 5006 et
3253 4951 3384 5008 illud

1814 5037 1957 5104 quod
2009 5036 2208 5090 dictum
2256 5047 2386 5091 est:
2429 5036 2584 5092 Solus
2635 5038 2789 5093 habet
2836 5039 3287 5094 immortalitatem
3312 5039 3379 5108 ⁷³,

1813 5142 2001 5182 verum
2032 5137 2133 5184 est.
2162 5130 2207 5182 A
2233 5131 2526 5199 semetipso
2559 5131 2704 5186 enim
2734 5132 2881 5187 solus
2913 5133 3093 5187 habet.
3120 5132 3225 5187 Sed
3273 5132 3382 5188 sic-

1813 5233 1875 5280 ut
1920 5221 2082 5277 Pater
2114 5222 2282 5276 vitam
2335 5222 2496 5276 habet
2523 5222 2579 5276 in
2628 5224 2918 5293 semetipso
2971 5245 2984 5278 :
3022 5225 3094 5278 ita
3139 5233 3194 5278 et
3239 5223 3381 5280 Filio

1816 5315 1966 5372 dedit
1994 5314 2158 5370 vitam
2211 5315 2410 5370 habere
2461 5314 2514 5369 in
2566 5316 2879 5384 semetipso.
2911 5312 3062 5370 Unus
3093 5330 3222 5384 ergo
3271 5331 3379 5370 non

1813 5416 1998 5476 natus,
2033 5417 2090 5463 et
2135 5422 2274 5482 unus
2313 5407 2647 5476 unigenitus,
2691 5416 2747 5462 et
2793 5422 2932 5463 unus
2979 5408 3213 5478 Spiritus
3250 5422 3382 5465 san-

2034 5632 2231 5713 Ms._Ut
2265 5653 2378 5713 πον-ε
2398 5653 2527 5691 vane
2559 5639 2943 5713 comburatur.‘

1883 5705 1993 5768 (85)
2033 5705 2077 5760 Α
2101 5709 2185 5763 die
2214 5717 2309 5762 est.
2338 5706 2502 5766 Forte
2528 5726 2560 5764 a
2584 5707 2690 5762 Deo
2713 5717 2812 5763 est.
