3810 6218
425 281 567 347 1059

1132 285 1396 342 EUSEBII
1434 284 1916 344 C/ESARIENSIS
1951 287 2101 343 OPP.
2143 287 2324 342 PARS
2362 288 2454 342 IV.
2494 320 2564 328 —
2604 287 3029 344 DOGMLTICA.

424 415 565 460 ctus.
583 401 706 455 Haec
724 400 856 454 dicit
873 415 974 452 una
1008 399 1245 453 Ecclesia
1269 417 1284 452 :
1307 399 1410 452 hoc
1433 399 1793 468 consignatur
1829 399 1884 452 in
1913 414 2020 454 uno
2049 407 2098 462 Α
2123 402 2455 457 sentiantur.
2487 399 2597 456 ista
2625 401 2770 455 enim
2795 409 2883 454 est
2913 410 3118 454 asterua
3142 401 3275 454 vita.
3302 397 3360 453 In
3385 399 3477 454 his
3497 401 3695 455 erimus

421 495 697 564 baptismo
725 510 739 547 :
768 493 882 545 haec
913 491 1114 559 scripta
1139 500 1267 544 sunt
1298 491 1352 543 in
1383 491 1647 559 sanguine
1677 501 2003 560 martyrum,

422 595 481 640 et
505 596 630 639 ante
667 593 938 652 martyres
984 582 1036 634 in
1067 581 1332 650 sanguine
1368 580 1596 634 Christi.
1633 578 1747 634 Nec
1779 595 2006 650 spernas

423 678 542 746 ejus
598 675 916 746 sanguinem
943 673 1090 741 quod
1128 673 1205 725 tui
1259 682 1482 742 propter
1517 671 1721 727 eﬂ‘usus
1751 681 1836 726 est
1867 672 2000 742 (86).

423 769 624 824 Eﬁ'udit
660 769 804 822 enim
836 782 992 821 suum
1029 765 1348 835 sanguinem
1393 764 1652 818 Dominus
1681 776 1738 818 ut
1763 764 2004 818 salvare-

422 865 523 927 ris,
557 871 613 917 et
643 871 699 914 tn
733 860 902 915 audes
930 875 992 914 ea
1024 860 1204 914 delere
1241 873 1362 928 quze
1399 871 1498 926 per
1523 857 1844 927 sanguinem
1877 864 2002 911 sunt

421 953 664 1024 scripta?
697 953 790 1007 sed
817 953 958 1022 quod
991 965 1088 1021 per
1114 951 1430 1020 sanguinem
1458 950 1720 1018 scriptum
1749 961 1854 1015 εει,
1892 965 1999 1004 non

420 1047 654 1100 deletur.
685 1044 821 1099 Vide
849 1059 980 1099 sane
1013 1059 1081 1098 ne
1109 1052 1166 1096 et
1207 1053 1265 1097 tu
1312 1043 1378 1097 de
1412 1030 1551 1096 libro
1593 1043 1715 1096 vitae
1743 1043 1992 1098 delearis.

424 1138 598 1190 Adora
631 1151 798 1198 unum
853 1151 960 1189 non
1009 1147 1217 1198 natum,
1258 1146 1314 1189 et
1345 1152 1508 1189 unum
1545 1136 1902 1205 unigenitum,
1935 1151 2002 1191 ne

315 1218 326 1230 ’
420 1244 649 1298 spernas
677 1243 841 1282 unum
872 1227 1146 1296 spiritum.
1186 1228 1365 1282 Adora
1401 1228 1641 1292 Patrem,
1673 1237 1729 1282 et
1771 1230 2001 1284 salvabit

417 1331 475 1374 te
490 1319 661 1374 Filius
694 1339 708 1374 :
744 1321 906 1374 adora
933 1319 1156 1382 Filium,
1179 1329 1234 1372 et
1257 1321 1516 1388 suscipiet
1541 1330 1590 1374 te
1625 1336 1720 1388 per
1745 1335 1866 1374 eum
1895 1323 1998 1374 Pa-

419 1423 523 1466 ter.
557 1413 829 1467 Conﬁtere
863 1412 1148 1481 Spiritum,
1175 1422 1230 1466 et
1273 1413 1512 1481 impertit
1541 1414 1654 1483 (87)
1687 1413 1780 1467 tibi
1826 1414 1997 1469 Filius

421 1505 704 1576 Spiritum.
773 1505 898 1559 Huic
961 1505 1234 1569 dicantur,
1299 1505 1411 1558 haec
1463 1505 1813 1575 cogitentnry
1870 1506 1988 1560 hanc

2113 497 2233 552 sine
2275 494 2396 557 lite,
2430 492 2548 546 sine
2571 491 2778 560 jurgio,
2818 491 2937 546 sine
2981 491 3353 546 contentione.
3389 491 3476 544 Ad
3515 507 3695 561 pacem

2111 587 2260 642 enim
2289 599 2389 639 nos
2419 583 2634 638 vocavit
2657 583 2819 638 Deus.
2859 581 2978 651 lpse
3013 584 3158 637 enim
3194 580 3448 637 Christus
3483 593 3572 636 est
3601 598 3694 651 pax

2112 688 2302 736 nostra
2355 697 2369 732 :
2418 677 2476 731 In
2521 678 2638 746 ipso
2673 676 2851 730 vocati
2884 691 3094 730 sumus.
3129 673 3268 741 Quid
3301 674 3536 728 dimissa
3573 689 3696 743 pace

2110 771 2236 826 lites
2295 768 2661 824 assumimus?
2719 769 2836 823 Non
2899 769 3100 822 audisti
3161 783 3285 822 cum
3343 767 3635 822 dicentem
3685 787 3695 821 :

2109 865 2301 920 Pacem
2355 879 2526 916 mecm
2575 868 2643 915 do
2696 862 2871 929 vobis,
2927 877 3105 930 pacem
3155 876 3327 914 meam
3389 859 3698 928 derelinquo

2106 957 2251 1011 vobis
2294 955 2382 1010 τοι
2415 955 2582 1010 Suam
2625 969 2815 1023 pacem
2848 956 2940 1011 dat
2973 955 3132 1010 nobis
3178 953 3464 1018 Dominus,
3501 959 3559 1006 et
3609 965 3698 1006 nos

2102 1047 2282 1118 jurgia
2317 1061 2348 1102 e
2393 1055 2580 1100 contra
2620 1046 2950 1100 inducimus.
2997 1044 3150 1099 Finis
3192 1055 3377 1099 autem
3420 1043 3698 1098 sermonis

2108 1140 2213 1194 iste
2248 1141 2338 1194 sit.
2371 1139 2556 1193 Gloria
2589 1140 2681 1192 uni
2723 1155 2828 1192 non
2879 1147 3006 1192 nato
3059 1139 3170 1191 Deo
3207 1153 3303 1206 per
3347 1151 3525 1190 unum
3579 1135 3700 1189 uni-

2107 1232 2347 1300 genitum
2398 1229 2567 1284 Deum
2610 1229 2804 1284 Filium
2853 1230 2947 1283 Dei
3000 1231 3051 1282 in
3084 1244 3191 1283 uno
3223 1229 3428 1299 Spiritu
3479 1239 3697 1291 sancto,

2104 1336 2160 1376 et
2189 1337 2331 1376 nunc
2349 1331 2406 1376 et
2439 1336 2654 1391 semper
2678 1331 2732 1376 et
2767 1337 2864 1391 per
2893 1321 3076 1376 omnia
3101 1320 3299 1376 saecula
3343 1319 3697 1374 szeculorum.

2105 1415 2300 1471 Amen.

449 1764 3680 1796 -————-—————-——————————————-——-————————-——I——I————_

1510 1959 1867 2050 LIBER
1943 1961 2598 2052 SECUNDUS.

1999 2161 2068 2175 ὴ

484 2319 622 2385 Puto
646 2319 823 2374 adhuc
853 2332 1014 2373 aures
1046 2316 1286 2384 obstrepi
1322 2330 1471 2369 meas
1493 2329 1522 2368 a
1557 2317 1815 2370 memoria
1862 2315 2004 2370 beati
2037 2325 2080 2380 Β
2111 2309 2372 2372 Dominus
2421 2309 2652 2372 reddens
2696 2334 2913 2373 causam
2945 2319 3028 2373 sui
3059 2319 3326 2373 adventus
3357 2311 3414 2372 iu
3465 2319 3682 2386 mundo,

415 2411 568 2466 illius
605 2411 705 2463 viri
741 2409 882 2478 (88),
909 2407 1001 2477 qui
1022 2407 1110 2460 illa
1140 2406 1387 2475 religiosa
1418 2403 1729 2474 frequenter
1757 2420 1887 2459 usus
1915 2414 1996 2460 est

413 2516 574 2555 voce.
600 2498 736 2552 Nam
769 2507 826 2553 et
852 2511 1011 2550 aures
1034 2506 1232 2550 vestra:
1255 2495 1431 2548 adhuc
1464 2493 1663 2547 bonum
1695 2492 1809 2557 (89)
1846 2493 1992 2547 illius

410 2591 564 2646 vocis
616 2591 876 2645 retinent.
913 2590 1051 2642 Puto
1103 2587 1246 2640 enim
1287 2601 1371 2639 me
1421 2586 1610 2639 audire
1641 2601 1760 2638 eum
1808 2586 1994 2639 dicen-

414 2693 522 2738 tem
559 2701 571 2734 :
604 2679 914 2750 Unigenitus
951 2679 1044 2732 Dei
1082 2675 1258 2730 Filius
1286 2677 1353 2730 ⁸ο.
1383 2675 1518 2729 Ecce
1554 2675 1696 2729 enim
1725 2675 1834 2744 (90)
1867 2675 1996 2728 reli-

411 2776 561 2844 giosa
598 2788 703 2827 vox
734 2786 915 2842 peros
937 2772 1053 2839 ejus
1089 2784 1304 2838 semper
1330 2767 1699 2837 premebatur.
1734 2767 1993 2821 Memoria

409 2865 562 2919 enim
616 2872 735 2919 erat
781 2861 1059 2934 Unigeniti
1104 2862 1185 2927 ad
1239 2859 1468 2928 gloriam
1498 2873 1606 2913 non
1651 2859 1763 2912 nati
1793 2857 1993 2913 Patris.

411 2957 732 3013 Audivimus
780 2963 962 3009 autem
1009 2953 1316 3022 apostolum
1365 2951 1766 3022 praecipientem
1821 2951 1995 3004 hono-

412 3051 526 3106 rari
575 3047 778 3118 duplici
843 3048 1052 3101 honore
1107 3044 1304 3099 debere
1358 3043 1711 3112 presbyteros
1741 3040 1786 3072 ⁸¹
1831 3055 1847 3093 :
1901 3056 1994 3095 eos

412 3140 651 3196 maxime
680 3139 773 3209 qui
801 3138 1054 3191 laborant
1080 3134 1134 3187 in
1162 3134 1327 3186 verbo
1353 3141 1407 3184 et
1429 3130 1695 3185 doctrina.
1722 3127 1823 3194 Qui
1847 3129 1993 3182 enim

410 3231 730 3303 pudicitiam
778 3230 928 3294 colit,
982 3229 1158 3282 bonus
1204 3235 1287 3280 est
1335 3223 1440 3280 sibi
1481 3241 1494 3278 :
1539 3233 1592 3278 et
1630 3223 1721 3292 qui
1757 3221 1992 3292 jejunat,

408 3323 580 3376 etiam
641 3321 687 3376 si
738 3322 940 3376 bonum
997 3319 1163 3374 iaciat
1206 3331 1362 3385 opus,
1400 3325 1582 3370 tamen
1618 3316 1766 3369 sibi:
1811 3324 1866 3369 et
1901 3315 1994 3384 qui

410 3415 724 3482 miseretur,
761 3423 817 3469 et
866 3411 972 3468 sibi
1009 3410 1444 3466 misericordiam
1489 3417 1670 3478 parat,
1708 3416 1766 3462 et
1807 3407 1857 3462 ei
1905 3407 1994 3462 cui

407 3535 640 3605 praebet.
673 3531 776 3600 Qui
807 3539 988 3584 autem
1022 3529 1343 3599 religionem
1373 3524 1671 3582 secundum
1707 3524 1991 3579 veritatem

409 3627 588 3690 docet,
614 3633 669 3678 et
715 3621 817 3677 sibi
850 3621 992 3675 viam
1041 3629 1302 3673 mternam
1336 3617 1592 3687 acquirit,
1641 3625 1697 3670 et
1737 3615 1992 3670 omnibus

408 3719 500 3788 qui
527 3719 810 3772 docentur.
843 3712 962 3767 Non
997 3721 1082 3766 est
1113 3720 1448 3779 praeceptum
1475 3709 1735 3778 apostolis
1765 3718 1824 3762 ut
1859 3723 1987 3776 pau-
2015 3725 2056 3784 ο

407 3823 569 3880 peres
613 3813 922 3876 pascerent,
959 3804 1052 3859 sed
1087 3813 1145 3857 ut
1191 3813 1244 3856 et
1291 3801 1392 3870 ipsi
1435 3809 1812 3869 pascerentur.
1843 3798 1989 3853 Reli-

407 3903 585 3972 gionis
611 3916 738 3971 ergo
768 3897 1082 3968 praedicatio
1119 3896 1290 3964 major
1312 3903 1398 3950 est
1419 3909 1447 3947 a
1472 3895 1843 3948 misericordia
1867 3909 1990 3964 quae

407 3994 469 4050 ﬁt
513 3995 581 4048 ad
627 3995 876 4048 homines
908 4012 922 4047 :
952 3998 1166 4060 Oportet
1212 3989 1356 4043 enim
1409 3989 1642 4056 primum
1680 4001 1840 4041 nosse
1864 4002 1986 4041 eum

408 4086 634 4158 propter
669 4100 833 4154 quem
875 4083 1008 4137 ﬁunt
1036 4097 1098 4135 ea
1131 4095 1250 4149 qua:
1281 4080 1441 4145 ﬁunt,
1473 4088 1526 4133 et
1561 4079 1633 4132 ita
1674 4078 1851 4132 facere
1885 4078 1990 4132 mi-

407 4174 764 4230 sericordiam
793 4187 811 4225 :
861 4170 1233 4239 unusquisque
1262 4170 1407 4222 enim
1435 4169 1527 4238 qui
1573 4177 1852 4235 operatur,
1883 4167 1988 4222 sibi

407 4267 644 4340 acquirit
677 4279 811 4334 opus
842 4281 856 4318 :
893 4262 1208 4330 prtedicatio
1231 4270 1412 4314 autem
1456 4260 1702 4312 veritatis
1734 4257 1851 4312 haec
1879 4265 1984 4321 est,

405 4369 630 4431 propter
666 4373 828 4426 quam
861 4366 914 4409 et
945 4353 1113 4408 Filius
1146 4353 1294 4405 venit
1331 4353 1383 4404 in
1419 4365 1665 4418 corpore.
1704 4348 1820 4404 Non
1850 4349 1988 4403 dixit

408 4449 696 4511 Dominus,
723 4445 872 4500 Beati
903 4442 1044 4498 oculi
1073 4454 1263 4495 eorunt
1313 4439 1405 4508 qui
1457 4437 1725 4504 jejunant,
1773 4435 1869 4491 sed
1905 4435 1986 4489 vi-

407 4542 673 4604 dentium,
695 4538 894 4608 inquit,
923 4551 985 4590 ea
1016 4549 1136 4604 quae
1161 4533 1355 4586 videtis
1373 4531 1438 4582 ⁸³.
1465 4531 1568 4584 Sed
1591 4545 1694 4583 non
1716 4543 1816 4598 ego
1844 4543 1987 4581 nunc

403 4635 577 4690 bonos
609 4643 763 4685 actus
805 4638 1004 4684 accuso
1036 4646 1048 4681 ε
1091 4625 1186 4679 sed
1215 4625 1356 4678 sicut
1379 4623 1532 4678 stella
1568 4623 1738 4676 stellae
1768 4620 1985 4689 praefert

405 4726 600 4797 gloria,
643 4724 718 4777 ita
755 4732 810 4776 et
841 4729 993 4776 actus
1027 4718 1139 4790 (91)
1189 4717 1401 4770 actibus
1451 4711 1706 4768 diﬁerunt
1757 4714 1980 4767 honore.

406 4820 689 4873 Summum
746 4813 889 4866 enim
933 4820 988 4863 et
1024 4809 1372 4878 praecipuum,
1414 4813 1468 4858 et
1507 4805 1738 4872 primum
1792 4803 1984 4856 funda-

404 4916 647 4964 mentum
681 4915 734 4959 et
782 4903 930 4956 radix
970 4900 1210 4954 omnium
1236 4912 1460 4966 operum
1487 4912 1607 4964 qua:
1641 4896 1795 4958 ﬁunt,
1847 4896 1982 4948 ﬁdes

401 5010 490 5056 est
511 5012 660 5054 vera.
684 4996 820 5049 Dicit
847 4994 991 5048 enim
1023 4991 1280 5046 Dominus
1303 5004 1318 5042 :
1340 4987 1451 5058 Ego
1471 4997 1686 5057 prapter
1713 4987 1808 5040 hoc
1838 4987 1974 5050 veni,

2097 2408 2228 2462 dicit
2253 2410 2375 2477 quia
2417 2409 2537 2463 ideo
2569 2421 2728 2464 natus
2756 2427 2896 2472 sum,
2944 2420 3000 2465 et
3049 2411 3169 2464 ideo
3214 2412 3338 2465 veni
3377 2412 3434 2465 in
3490 2414 3684 2467 mundo

2098 2510 2156 2553 ut
2185 2509 2351 2555 tester
2375 2502 2615 2565 veritati,
2645 2512 2700 2556 et
2727 2513 2782 2556 tu
2811 2503 3041 2556 abnuis?
3071 2502 3205 2556 Nam
3242 2514 3297 2558 et
3319 2503 3530 2560 Petrus
3566 2506 3682 2559 hea-

2096 2599 2203 2655 tus,
2237 2592 2428 2646 beatus
2471 2593 2674 2648 dicitur
2706 2593 2776 2658 3‘,
2807 2610 2912 2648 non
2960 2594 3032 2648 ob
3055 2594 3343 2662 jejunium,
3398 2613 3588 2665 neque
3622 2595 3682 2652 ob

2094 2683 2240 2738 aliud
2295 2684 2513 2752 aliquod
2567 2701 2726 2755 opus,
2763 2687 2856 2740 sed
2912 2687 3040 2756 quia
3089 2686 3253 2741 Pater
3301 2687 3358 2740 ei
3421 2690 3682 2744 revelarit

2094 2773 2316 2828 Filium.
2351 2776 2419 2830 Et
2463 2777 2659 2831 iterum
2710 2778 2871 2834 Pater
2903 2779 3103 2847 ubique
3139 2779 3204 2833 de
3246 2779 3396 2834 Filio
3430 2791 3677 2835 testatur.

2093 2863 2227 2919 Nam
2272 2876 2327 2921 et
2381 2868 2435 2921 in
2485 2869 2754 2936 baptismo
2812 2868 3060 2936 Joannis,
3117 2872 3263 2923 etin
3320 2881 3522 2924 monte
3557 2872 3678 2924 nihil

2092 2959 2237 3013 aliud
2265 2960 2639 3029 proclamavit,
2668 2961 2768 3015 nisi
2795 2976 2808 3013 :
2831 2960 2932 3014 llic
2964 2970 3040 3014 est
3071 2959 3247 3013 Filius
3273 2976 3428 3014 meus
3464 2963 3680 3016 dilecti:-

2093 3054 2278 3118 simus,
2308 3053 2364 3106 in
2399 3069 2502 3122 quo
2541 3055 2664 3108 bene
2691 3053 2981 3121 complacui
3005 3053 3072 3108 ⁸⁵.
3109 3051 3381 3106 Similiter
3409 3063 3471 3109 et
3494 3053 3677 3108 Paulus

2095 3147 2218 3198 dum
2259 3145 2481 3200 doceret
2525 3146 2789 3200 dicebat:
2837 3144 3265 3209 Fundamentum
3309 3148 3471 3201 aliud
3503 3159 3678 3217 pra-ter

2091 3253 2211 3292 eum
2231 3237 2321 3306 qui
2355 3246 2430 3290 est
2453 3238 2654 3304 positus
2692 3253 2840 3290 nemo
2883 3247 3050 3304 potest
3091 3253 3304 3304 ponere,
3333 3251 3541 3306 pt'tz'ter
3574 3255 3675 3292 ειιιι

2091 3329 2182 3396 qui
2233 3337 2304 3380 est
2354 3325 2591 3380 Christus
2642 3327 2799 3380 Jesus
2821 3327 2890 3381 ⁸⁸.
2950 3324 3010 3380 Si
3059 3327 3226 3397 igitur
3264 3330 3674 3384 fundamentum

2092 3418 2512 3485 fueritsalvum,
2556 3430 2740 3487 sperat
2785 3419 3074 3473 aediﬁcatio
3119 3421 3258 3473 bene
3318 3421 3598 3490 proﬁcere
3626 3433 3674 3474 ac

2091 3526 2253 3582 posse
2281 3529 2294 3565 :
2331 3512 2378 3568 si
2405 3511 2556 3567 radix
2587 3511 2752 3568 fuerit
2781 3527 2935 3577 sana,
2979 3526 3104 3581 spes
3127 3521 3214 3565 est
3250 3513 3475 3567 fructus
3499 3527 3565 3566 ex
3607 3526 3675 3566 ra-

2092 3605 2198 3659 mis
2229 3605 2492 3673 accipere.
2527 3606 2582 3659 Si
2610 3616 2791 3660 autem
2823 3606 3038 3659 inﬁrme
3055 3603 3218 3658 fuerit
3239 3599 3671 3667 fundamentum,

2093 3695 2146 3750 in
2196 3695 2437 3764 periculo
2486 3706 2614 3752 sunt
2670 3711 2734 3751 ea
2781 3711 2902 3765 quae
2957 3705 3424 3767 superponuntur.
3478 3698 3670 3750 Aurum

2090 3790 2233 3843 enim
2286 3788 2430 3858 quod
2465 3803 2630 3858 super
2683 3788 3115 3851 fundamentum,
3160 3797 3215 3841 et
3267 3797 3592 3857 argentum,
3627 3798 3673 3840 et

2089 3886 2420 3954 margaritae,
2474 3895 2532 3941 et
2577 3887 2784 3957 lapides
2829 3871 3078 3957 pretiosi,
3133 3899 3188 3942 et
3235 3886 3453 3953 fenum,
3500 3901 3557 3945 et
3590 3891 3673 3945 sti-

2089 3979 2250 4047 pulae,
2283 3989 2337 4034 et
2368 3979 2513 4050 ligna
2559 3990 2837 4050 ponuntur
2874 3995 2889 4034 :
2933 3981 3068 4043 nihil
3103 3980 3249 4036 aliud
3296 3982 3582 4049 signiﬁcat
3625 3983 3670 4037 in

2090 4072 2194 4126 hoc
2232 4071 2373 4136 loco,
2425 4072 2530 4126 nisi
2569 4073 2789 4142 quidem
2843 4072 3288 4142 praedicationem
3332 4090 3438 4144 per
3492 4090 3667 4130 aurum

2087 4172 2138 4218 et
2185 4172 2471 4234 argentum
2509 4175 2564 4217 et
2617 4164 2824 4234 lapides
2869 4165 3164 4234 pretiosos.
3217 4161 3292 4219 Ea
3333 4177 3527 4220 autem
3564 4181 3670 4236 qua:

2087 4266 2283 4324 praeter
2309 4257 2595 4311 veritatem
2629 4267 2778 4322 sunt,
2811 4259 2920 4327 igni
2971 4268 3159 4327 utpote
3209 4257 3398 4327 digna,
3448 4255 3576 4312 leno
3626 4267 3670 4312 et

2088 4347 2298 4417 stipula:
2323 4358 2381 4403 et
2427 4349 2578 4419 ligno
2613 4349 2965 4418 comparavit.
2999 4350 3116 4403 Non
3165 4350 3313 4403 enim
3349 4350 3496 4403 dixit
3537 4352 3669 4419 Apo-

2087 4439 2291 4494 stolus:
2329 4440 2384 4494 Si
2419 4441 2543 4510 quis
2586 4456 2692 4495 non
2734 4441 2941 4495 dederit
2973 4442 3220 4510 pauperi,
3257 4443 3564 4496 anathema
3587 4443 3666 4497 sit.

2087 4531 2201 4586 Non
2239 4533 2338 4587 ista
2367 4535 2572 4604 denego
2617 4551 2633 4589 :
2671 4533 2768 4589 sed
2801 4548 2921 4603 qua:
2960 4535 3136 4598 prima
3167 4544 3318 4598 sunt,
3359 4535 3581 4602 prima;
3621 4543 3666 4587 et

2085 4638 2206 4692 quae
2263 4627 2542 4690 secunda,
2595 4626 2851 4679 secunda.
2909 4623 3095 4680 Primo
3142 4627 3404 4680 condisce
3461 4637 3667 4697 propter

2083 4730 2246 4785 quem
2280 4714 2439 4781 facis,
2474 4727 2529 4771 et
2561 4717 2632 4770 ita
2673 4717 2850 4772 facito.
2880 4717 3028 4770 Multi
3061 4718 3203 4772 enim
3241 4717 3532 4773 hominum
3578 4734 3663 4787 pc-

2085 4807 2304 4860 corihus
2351 4817 2480 4861 sunt
2529 4807 2736 4862 similes
2777 4826 2790 4861 :
2842 4818 3032 4878 putant
3065 4822 3173 4861 non
3203 4821 3330 4861 esse
3362 4808 3665 4862 necessaria

2083 4914 2328 4968 quaerere
2362 4901 2429 4953 de
2462 4901 2546 4954 his
2571 4915 2691 4969 qua:
2722 4900 3000 4970 possibilia
3031 4909 3157 4953 sunt
3181 4911 3525 4968 quaerantur.
3558 4899 3666 4955 διε.

2083 5000 2142 5045 ut
2163 5007 2294 5063 ergo
2321 4991 2388 5046 de
2415 4993 2500 5047 his
2528 5009 2646 5062 quae
2676 5003 2901 5061 possunt
2925 4993 3117 5062 quaeri,
3154 4992 3413 5047 inertium
3444 5004 3529 5049 est
3567 5008 3660 5046 non

401 5104 450 5148 et
479 5099 692 5162 propter
715 5088 811 5142 hoc
841 5097 995 5140 natus
1026 5101 1167 5150 sum,
1203 5094 1260 5136 ιιι
1300 5092 1455 5136 tester
1497 5082 1705 5134 veritati
1736 5081 1804 5134 ³³.
1854 5078 1973 5151 ipse
2004 5075 2050 5130 D
2077 5097 2355 5152 quaerere;
2411 5083 2488 5136 ita
2533 5083 2598 5137 de
2653 5083 2738 5136 his
2770 5097 2891 5152 quae
2938 5096 3044 5137 non
3095 5093 3323 5135 necesse
3357 5091 3446 5135 est
3481 5079 3660 5150 quaeri,

453 5279 496 5311 ⁷⁹
518 5277 678 5334 Joan.
705 5289 815 5338 xw,
866 5273 958 5328 27.
986 5332 996 5346 ,

400 5347 450 5380 ³⁸
479 5348 670 5402 Matth.
718 5361 830 5412 xvt,
871 5347 958 5400 l7.

472 5463 586 5535 (86)
627 5463 729 5538 7_'ui
749 5463 1194 5538 prapter."Ev§xa
1213 5461 1330 5525 σοῦ,
1358 5461 1554 5514 iterum
1579 5458 1718 5512 infra
1751 5459 1974 5538 subﬁn.

400 5533 495 5591 lib.
529 5533 602 5600 vi,
631 5534 707 5588 De
728 5550 786 5587 eo
814 5535 953 5602 quod
978 5535 1054 5586 ait
1078 5533 1240 5588 Deus.

471 5603 588 5673 (87)
630 5601 892 5669 Impertit.
918 5601 1083 5659 Forte
1112 5603 1386 5668 impertiat.

473 5607 563 5673 (87
630 5607 892 5669 Impertit.
920 5607 1083 5659 Forte
1112 5607 1386 5668 impertiat.

473 5607 590 5744 (88;
631 5673 777 5726 Beati
801 5673 946 5726 illius
970 5675 1087 5727 viri.
1125 5673 1410 5742 Pamphili,
1442 5685 1502 5727 ιιι
1529 5672 1693 5727 Henr.
1724 5670 1972 5728 Valesius

396 5743 625 5823 censet;
651 5758 768 5823 nos
794 5745 1092 5825 Agapetum
1142 5746 1318 5846 p'otius
1351 5755 1603 5829 putamus
1633 5743 1852 5802 Eusebii
1878 5748 1973 5803 de-

1062 5274 1108 5306 ⁸ο
1145 5274 1301 5328 Joan.
1347 5289 1388 5340 ι,
1448 5270 1546 5340 18;
1609 5286 1694 5332 ιιι,
1741 5269 1830 5328 18.

1037 5345 1082 5376 ⁸⁵
1109 5347 1296 5400 Matth.
1330 5359 1413 5409 ιιι,
1447 5339 1543 5407 17;
1583 5357 1718 5409 xvii,
1748 5343 1800 5396 5.

1959 5269 2046 5323 “l
2079 5270 2219 5323 Tim.
2255 5285 2310 5335 v,
2345 5269 2434 5325 17.

1881 5341 1928 5374 ⁸⁸
1971 5342 1994 5397 l
2028 5338 2155 5397 Cor.
2191 5355 2274 5406 ιιι,
2301 5340 2386 5398 ll.
2478 5344 2501 5355 '

2529 5269 2577 5342 ξ’
2603 5268 2735 5324 Luc.
2773 5284 2832 5334 Χ,
2867 5268 2959 5324 25.
3093 5267 3138 5300 ⁸³
3160 5267 3322 5324 Joan.
3366 5284 3534 5337 xvut,
3578 5264 3656 5320 Ξῖ.

2084 5473 2380 5522 cessorem,
2413 5459 2479 5513 de
2530 5473 2638 5526 quo
2673 5457 2876 5512 Euseb.
2937 5455 3033 5510 lib.
3087 5471 3159 5509 vn
3220 5453 3369 5510 Hist.
3421 5470 3537 5526 cap.
3569 5449 3650 5510 52,

2083 5531 2150 5586 de
2187 5531 2376 5583 eodem
2414 5531 2570 5583 beato
2596 5529 2712 5582 viro
2740 5529 2881 5583 inira
2913 5528 3018 5580 col.
3052 5526 3210 5580 l065.

2151 5600 2264 5670 (89)
2305 5599 2532 5670 Bonum.
2564 5599 2810 5670 Valesius
2837 5597 2960 5670 legit
2992 5614 3201 5670 sonum.

2152 5667 2264 5736 (illi)
2307 5669 2440 5724 Ecce
2471 5669 2628 5723 enim.
2680 5667 2920 5722 Valesius
2953 5667 3081 5733 legit
3111 5668 3223 5720 haec
3252 5668 3416 5724 enim.

2153 5743 2264 5818 (91)
2311 5741 2430 5812 315.,
2459 5741 2655 5799 Prweat
2684 5742 2878 5811 gloria,
2908 5741 2980 5795 ita
3003 5750 3048 5793 et
3083 5750 3261 5793 actus.
