3810 6218
65 245 290 301 1061

1022 249 1107 303 DE
1141 251 1298 307 FIDE
1328 253 1700 310 ADVERSUS
1739 252 2154 311 SABELLIUM.
2195 282 2265 297 ι·-
2300 254 2427 310 LlB.
2471 257 2537 312 ll.

3273 263 3412 320 1062

71 363 385 416 audacia
411 371 493 417 est
515 365 818 433 quarendi.
843 366 979 433 Qua:
1000 381 1131 438 ergo
1155 369 1351 424 debent
1383 372 1593 440 quaeri?
1619 387 1738 442 quae
1763 347 1890 436 A’et
1909 388 2017 428 nos
2047 373 2100 426 in
2125 388 2260 442 pace
2285 374 2517 440 vocavit,
2557 389 2664 430 non
2697 383 2873 432 tamen
2908 377 2976 434 ad
3006 377 3154 436 litem
3185 398 3198 434 :
3232 395 3409 453 pugna

75 454 110 506 ἰ
135 458 466 510 Invenimus
492 455 547 510 in
581 455 879 526 Scripturis
902 459 1077 528 posita
1111 477 1126 514 :
1155 477 1276 530 qua:
1301 473 1480 517 autem
1504 464 1556 518 in
1585 463 1734 518 Scri-

77 544 333 608 ί›ιιιι·ἰε
378 560 485 600 non
538 547 878 615 invenimus,
928 565 1036 605 non
1086 567 1416 621 quaeramus.
1477 554 1533 608 Si
1582 557 1728 610 enim

75 649 433 705 oporteret
469 641 626 696 nobis
656 656 779 696 esse
821 644 1056 712 cognita,
1090 647 1276 715 utique
1321 648 1557 716 Spiritus
1600 665 1730 704 san-

73 741 268 784 ‘ctus
319 734 588 802 posuisset
636 749 699 789 ea
749 735 800 789 in
837 735 1136 806 Scripturis
1172 755 1186 792 :
1219 754 1327 792 non
1357 741 1727 796 sumus‘enim

90 826 515 892 sapientiores
560 843 591 882 a
640 828 846 898 Spiritu
892 838 1102 890 sancto.
1144 831 1204 886 Si
1253 831 1454 887 dixerit
1493 833 1728 902 Spiritus

89 929 376 974 sanctus
411 937 423 972 :
464 917 861 975 Generationem
901 921 1016 991 ejus
1045 923 1162 991 quis
1191 924 1462 977 enarrabit
1484 924 1570 978 ‘7?
1616 927 1726 982 noli

91 1025 398 1078 quaerere
432 1026 607 1079 neque
641 1012 709 1066 ab
757 1010 1086 1078 hominibus,
1144 1028 1320 1082 neque
1375 1015 1443 1068 ab
1494 1016 1724 1085 angelis.

97 1102 255 1155 Cur
280 1102 572 1172 abnegavit
614 1101 870 1170 Spiritus,
901 1103 1038 1157 dixit
1069 1104 1213 1158 enim
1246 1105 1370 1173 quia
1412 1107 1724 1175 generatio-

100 1209 268 1251 nem
291 1197 421 1266 ejus
461 1197 581 1266 quis
603 1196 915 1251 e‘narrabit?
947 1196 1038 1266 qui
1070 1205 1248 1250 autem
1274 1198 1522 1252 concedit
1549 1197 1722 1267 Spiri-

101 1299 223 1342 tus
251 1305 521 1358 quaerere,
556 1287 704 1343 Unus
733 1288 875 1344 Deus
903 1305 970 1343 ea:
991 1305 1094 1359 quo
1127 1299 1248 1343 sunt
1285 1290 1484 1355 omnia,
1507 1300 1558 1343 et
1585 1307 1722 1345 unus

107 1380 407 1434 Dominus
425 1380 579 1434 Iesus
602 1396 694 1449 per
714 1397 866 1450 quem
899 1390 1019 1434 sunt
1047 1380 1226 1434 omnia
1253 1379 1298 1413 ⁸⁸
1326 1397 1341 1434 :
1367 1380 1721 1450 quemadmo-

97 1471 268 1525 dum
302 1483 484 1526 autem
519 1472 689 1527 Filius
733 1487 798 1526 ex
830 1472 1009 1535 Patre,
1035 1473 1197 1527 crede
1229 1473 1278 1527 ei
1311 1474 1403 1543 qui
1453 1473 1622 1537 novit,
1669 1475 1719 1527 ei

103 1565 224 1632 qui
258 1564 527 1618 noscitur.
563 1565 667 1619 Sed
699 1573 751 1618 tu
777 1564 999 1634 quieris,
1024 1573 1078 1617 et
1112 1565 1234 1633 quis
1263 1575 1347 1620 est
1369 1565 1462 1634 qui
1494 1565 1720 1634 promit-

97 1665 212 1709 tat
267 1671 330 1710 se
368 1656 560 1711 nosse?
588 1657 764 1710 omnis
812 1656 958 1710 enim
1004 1658 1312 1726 quicunque
1345 1658 1615 1726 promittit
1659 1673 1718 1712 se
1748 1687 1792 1742 Β

109 1764 321 1812 nosse,
382 1753 610 1803 mendax
650 1757 752 1803 est.
812 1747 1186 1803 Pronuntiavit
1234 1750 1378 1804 enim
1435 1749 1710 1818 Dominus,

109 1841 284 1909 quod
347 1841 523 1895 nullus
581 1841 726 1895 norit
785 1841 888 1896 nisi
951 1841 1102 1896 solus
1153 1843 1316 1897 Pater
1370 1842 1608 1911 Filium,
1658 1854 1714 1898 et

107 1933 308 1987 Filius
345 1933 589 1987 Patrem.
639 1934 744 1986 Sed
773 1934 904 1988 dicit
935 1934 1154 2002 quidam
1191 1953 1205 1988 :
1241 1935 1557 2003 lgneramus
1581 1951 1712 2005 ergo

109 2025 262 2094 quia
294 2035 382 2080 est
414 2024 576 2090 Deus,
608 2031 662 2078 et
707 2026 832 2094 quia
881 2041 984 2081 non
1020 2039 1181 2080 natus
1211 2038 1312 2094 est,
1348 2037 1403 2082 et
1441 2030 1713 2084 nescimus

111 2103 263 2186 quia
315 2129 372 2172 et
400 2117 571 2171 Filius
594 2129 656 2172 et
695 2119 1000 2188 unigenitus
1035 2128 1119 2173 est
1171 2118 1380 2175 Filius?
1435 2121 1712 2187 Quomodo

111 2221 315 2264 autem
355 2211 623 2266 nescimus
672 2212 796 2280 quia
842 2220 998 2266 natus
1043 2212 1163 2266 est?
1220 2213 1343 2282 quia
1385 2225 1562 2267 autem
1605 2222 1710 2278 est,

111 2301 316 2356 omnis
339 2301 534 2356 clamat
555 2300 832 2371 Scriptura
866 2321 878 2356 :
909 2303 1360 2372 quemadmodum
1401 2313 1579 2358 autem
1605 2315 1710 2368 est,

113 2403 176 2444 et
213 2402 480 2461 quantum
514 2401 613 2456 est,
641 2393 782 2447 nulla
821 2378 964 2447 valet
1001 2405 1191 2448 natura
1223 2394 1424 2458 dicere,
1452 2409 1622 2464 neque
1643 2394 1712 2449 de

115 2481 321 2545 Patre,
354 2497 526 2550 neque
565 2485 630 2535 de
650 2481 804 2535 Filio.
843 2481 1110 2549 Quienim
1145 2483 1321 2536 dixit:
1363 2482 1533 2536 Nemo
1570 2483 1712 2537 novit

121 2572 378 2635 Patrem,
409 2573 510 2626 nisi
548 2572 721 2627 Filius
743 2574 805 2632 8°,
837 2576 950 2643 ipse
982 2575 1115 2629 dixit
1147 2575 1270 2642 quia
1304 2582 1354 2628 et
1384 2572 1584 2627 Filium
1621 2591 1711 2627 ne-

114 2681 212 2717 mo
241 2665 408 2728 novit,
433 2665 535 2718 nisi
562 2664 722 2718 Pater
742 2666 808 2717 9°.
839 2664 1296 2731 Quemadmodum
1326 2666 1468 2718 enim
1495 2667 1712 2734 capiunt

120 2773 189 2809 ea
219 2772 343 2826 qua:
373 2772 467 2824 per
497 2757 688 2810 Filium
722 2757 858 2810 facta
891 2766 1035 2822 sunt,
1069 2772 1228 2810 nosse
1265 2772 1386 2810 eum
1424 2771 1517 2825 per
1550 2772 1708 2825 quem

121 2861 183 2905 et
213 2850 359 2904 facta
395 2850 557 2904 sunt?
603 2849 660 2904 Si
703 2850 866 2916 igitur
892 2850 1180 2919 imaginem
1224 2865 1330 2904 non
1364 2850 1474 2902 nati
1516 2859 1709 2902 natura

124 2957 243 2996 non
284 2941 526 3010 pervenit
559 2955 737 3006 nosse,
768 2942 1214 3008 quemadmodum
1251 2941 1424 3010 ipsum
1449 2941 1709 3009 principa-

1833 478 1939 518 non
1978 463 2161 529 docet,
2208 465 2303 520 sed
2333 466 2523 521 incitat
2555 468 2728 538 magis
2778 486 2792 522 :
2826 469 2893 524 lis
2931 485 3039 525 non
3080 485 3282 536 monet,
3311 475 3408 530 sed

1829 553 2102 610 ﬂammam
2132 559 2402 614 accendit.
2434 559 2723 614 Contentio
2748 572 2927 617 autem
2953 565 3107 634 equis
3134 569 3406 630 convenit,

1831 661 1938 701 non
1970 658 2150 703 tamen
2182 648 2437 706 Ecclesia:
2463 650 2577 707 Dei.
2613 652 2712 718 Qui
2737 653 2887 708 novit
2915 669 2978 710 ea
3001 670 3122 725 qua:
3151 657 3409 726 possibile

1827 748 1917 792 est
1967 740 2128 804 scire,
2172 741 2363 795 doceat
2405 757 2528 797 cum
2573 745 2838 800 modestia
2886 761 3010 801 eum
3035 747 3128 816 qui
3167 749 3406 818 ignorat,

1829 845 1937 884 non
1968 838 2146 886 tamen
2186 833 2539 889 incitamento
2585 851 2600 888 :
2643 836 3050 894 incitamentum
3082 839 3227 893 enim
3254 849 3308 894 et
3335 842 3406 896 ad

1827 934 1893 974 ea
1930 935 2051 989 qua:
2079 931 2266 990 aperta
2317 932 2444 978 sunt
2489 927 2888 982 contentionem
2928 929 3072 997 parit
3127 945 3279 985 :non
3329 932 3405 985 ita

1826 1012 2219 1081 periclitemur,
2267 1015 2362 1071 sed
2397 1025 2511 1072 tute
2544 1017 2851 1087 loquamur.
2896 1018 2953 1074 Si
2985 1021 3116 1090 quid
3140 1022 3402 1090 scriptum

1825 1120 1935 1160 non
1971 1115 2075 1172 est,
2136 1121 2203 1161 ne
2236 1108 2455 1178 quidem
2492 1109 2704 1164 dicatur
2745 1128 2762 1166 :
2807 1112 2853 1167 si
2884 1112 3011 1182 quid
3055 1123 3236 1167 autem
3267 1115 3403 1168 scri-

1823 1208 1976 1268 ptum
2006 1208 2107 1264 est,
2151 1215 2218 1254 ne
2260 1199 2682 1258 deleatur.'Non
2717 1219 2906 1260 sumus
2951 1204 3094 1260 enim
3127 1215 3401 1273 auctores,

1823 1292 1919 1345 sed
1949 1291 2218 1360 discipuli.
2259 1290 2376 1346 Non
2421 1307 2544 1365 quae
2577 1294 2850 1362 volumus,
2897 1297 2992 1351 sed
3028 1312 3091 1353 ea
3131 1297 3401 1368 quatlegia

1822 1397 1944 1436 mus
1981 1401 1995 1436 :
2033 1399 2136 1438 non
2168 1399 2230 1438 ea
2262 1400 2382 1453 quae
2405 1401 2473 1440 ex
2503 1389 2667 1442 corde
2697 1400 2843 1454 sunt,
2866 1390 2962 1444 sed
2990 1404 3052 1444 ea
3082 1407 3199 1460 qua:
3221 1407 3251 1445 a
3283 1393 3398 1462 spi-

1822 1473 1931 1527 ritu
1953 1475 2015 1554 _in
2042 1474 2342 1545 Scripturis
2380 1478 2581 1532 sanctis
2615 1490 2743 1534 sunt
2772 1483 2965 1550 posita.
3000 1483 3131 1550 Quis
3162 1487 3302 1538 enim
3336 1502 3398 1542 es

1824 1574 1878 1618 tu
1914 1566 2006 1634 qui
2058 1566 2193 1621 dicis
2223 1577 2316 1621 aut
2349 1570 2439 1638 qui
2489 1571 2688 1625 audis?
2724 1573 2838 1626 vult
2886 1573 3082 1644 aliquis
3121 1574 3396 1631 Christum

1823 1655 2125 1723 honorare;
2175 1668 2236 1713 ut
2277 1660 2390 1713 vult
2451 1661 2564 1729 ipse
2596 1663 2865 1728 Christus,
2907 1680 3012 1720 non
3056 1675 3232 1721 tamen
3257 1679 3394 1723 uttu

1818 1747 1920 1804 vis.
1954 1748 2010 1802 Si
2037 1761 2216 1804 autem
2257 1760 2451 1820 praeter
2472 1753 2524 1806 id
2563 1753 2702 1822 quod
2737 1754 2852 1808 vult
2890 1755 3261 1825 honoraveris,
3295 1759 3395 1814 ho-

1815 1853 1917 1893 nor
1941 1848 2064 1894 tuus
2092 1842 2158 1895 ad
2182 1843 2568 1897 contumeliam
2604 1855 2970 1900 convertetur.
3012 1847 3068 1902 Si
3100 1848 3393 1907 intereme-

1817 1932 1891 1986 nis
1919 1930 2036 1999 ejus
2062 1932 2304 2000 Patrem,
2336 1951 2444 1990 non
2479 1935 2756 1990 honorasti
2782 1938 3111 2005 progeniem.
3143 1938 3201 1993 Si
3227 1939 3396 1994 inter-

1813 2026 2012 2080 emeris
2050 2025 2272 2090 Filium,
2316 2043 2423 2081 non
2464 2027 2719 2081 dimisisti
2756 2027 2973 2082 Patrem
3021 2028 3073 2082 in
3105 2030 3391 2086 honorem.

1817 2115 1872 2168 Si
1909 2116 2048 2169 enim
2097 2130 2201 2169 non
2238 2116 2439 2170 dixeris
2481 2126 2687 2185 patrem
2725 2117 2960 2182 Patrem,
2995 2127 3048 2173 et
3079 2117 3270 2172 Filium
3301 2118 3394 2173 Fi-

1813 2208 1964 2278 lium,
2025 2223 2200 2278 neque
2253 2208 2466 2263 Patrem
2498 2226 2700 2278 neque.
2729 2210 2923 2264 Filium
2961 2211 3256 2265 conliteris.
3289 2211 3391 2278 Qui

1811 2299 1954 2352 enim
1990 2299 2104 2354 haec
2137 2300 2290 2365 dicit,
2325 2301 2446 2354 sine
2497 2301 2608 2354 Deo
2663 2309 2765 2356 est.
2801 2301 2857 2355 Si
2885 2302 3031 2356 enim
3087 2302 3249 2356 Pater
3282 2317 3391 2356 non

1813 2401 1898 2446 est
1923 2391 2083 2445 Pater
2109 2431 2126 2456 ,
2184 2393 2298 2462 ipse
2336 2394 2478 2447 enim
2511 2393 2678 2448 Filius
2720 2403 2778 2447 ut
2823 2395 2932 2459 ais;
2983 2395 3179 2449 iterum
3222 2394 3393 2451 Filius

1811 2498 1918 2536 non
1955 2492 2038 2537 est
2060 2483 2249 2548 Filius,
2285 2483 2400 2552 ipse
2447 2484 2589 2539 enim
2623 2495 2676 2539 et
2710 2484 2872 2564 Pater
2903 2485 3063 2541 Pater
3090 2496 3174 2541 est
3215 2498 3272 2540 ut
3303 2486 3390 2540 di-

1811 2575 1891 2629 cis
1922 2573 2058 2645 (94).
2103 2575 2363 2644 Sequitur
2386 2577 2702 2644 periculum,
2735 2587 2794 2630 ut
2829 2593 3004 2646 neque
3032 2577 3196 2634 Pater
3230 2577 3392 2632 Pater

1812 2664 1904 2731 sit,
1951 2680 2125 2734 neque
2155 2664 2324 2720 Filius
2376 2666 2570 2733 Filius,
2625 2676 2680 2720 et
2730 2668 2857 2737 quid
2901 2667 3246 2722 tenebimus?
3284 2667 3390 2722 Sed

1810 2756 1973 2810 Pater
1998 2756 2158 2811 Pater
2178 2771 2307 2813 vere
2333 2765 2436 2820 est.
2473 2773 2576 2812 non
2611 2772 2779 2812 vacua
2810 2773 2911 2812 vox
2941 2757 3034 2812 sed
3069 2767 3260 2812 natura
3293 2773 3389 2812 ve-

1810 2847 2007 2902 ritatis.
2043 2846 2161 2901 Non
2199 2863 2370 2902 vanus
2400 2863 2602 2910 sermo,
2627 2848 2722 2902 sed
2750 2864 2911 2902 verus
2955 2847 3117 2903 Deus.
3148 2848 3265 2904 Non
3296 2851 3391 2920 qui

1812 2937 2032 3003 dicitur,
2063 2938 2158 2992 sed
2181 2938 2229 2992 is
2262 2939 2352 3007 qui
2376 2949 2459 2993 est
2487 2956 2503 2992 :
2537 2955 2642 2992 non
2665 2953 2731 2992 ex
2767 2939 2853 2992 his
2881 2953 3000 3008 quae
3031 2939 3259 2994 dicimus
3291 2940 3391 2994 ﬁn-

124 3032 239 3088 lem
273 3034 385 3104 (92)
417 3034 876 3103 comprehendere
910 3033 1031 3102 quis
1064 3043 1242 3103 potest
1270 3045 1328 3087 ut
1353 3033 1536 3088 norit?
1571 3032 1710 3087 Sunt
1735 3029 1782 3093 C
1810 3028 1974 3095 gitur,
2025 3029 2120 3083 sed
2158 3029 2303 3099 quod
2331 3036 2414 3083 est
2442 3030 2776 3098 agnoscitur.
2825 3028 2984 3083 Pater
3027 3029 3170 3083 enim
3212 3043 3390 3101 neque

129 3128 322 3197 itaque
359 3127 602 3196 quaedam
638 3125 796 3179 nobis
825 3125 1071 3190 dicenda,
1107 3135 1231 3179 sunt
1277 3133 1332 3179 et
1355 3125 1615 3195 quaedam.
1637 3123 1712 3179 si-

129 3221 302 3277 lentio
331 3221 572 3276 colenda.
615 3219 753 3274 Sunt
790 3218 1032 3288 quaedam
1065 3218 1120 3272 in
1156 3218 1393 3286 cogitatu
1423 3216 1707 3282 movenda,

129 3321 260 3370 sunt
299 3311 540 3380 quaedam
561 3319 616 3365 et
641 3311 986 3364 veneratione
1019 3324 1125 3365 non
1157 3311 1440 3366 movenda.
1480 3308 1617 3364 Sunt
1641 3302 1710 3363 de

132 3405 327 3473 quibus
371 3402 624 3456 convenit
670 3401 784 3472 sapi
828 3419 840 3454 :
885 3411 1010 3455 sunt
1057 3408 1112 3454 et
1157 3401 1222 3455 de
1265 3401 1460 3470 quibus
1498 3411 1710 3470 oportet

132 3495 339 3564 paveri.
365 3491 504 3548 Sunt
540 3508 660 3563 qua:
681 3501 907 3560 possunt
943 3491 1126 3560 lingua
1151 3492 1500 3561 interpretari
1534 3510 1547 3545 :
1583 3501 1710 3546 sunt

134 3597 189 3639 et
227 3600 343 3654 quae
369 3587 596 3654 possunt
630 3583 882 3654 religiose
921 3584 1109 3636 taceri.
1150 3582 1324 3636 Dicito
1362 3596 1517 3646 sane,
1557 3582 1709 3637 Unus

137 3678 278 3732 Deus
304 3691 330 3726 a
361 3692 467 3745 quo
515 3685 642 3730 sunt
672 3667 870 3738 omnia,
902 3685 955 3729 et
999 3674 1174 3728 nullus
1201 3674 1396 3744 poterit
1420 3675 1708 3743 reprehen-

137 3772 282 3824 dere.
311 3767 376 3822 Si'
395 3777 572 3822 autem
593 3775 646 3820 et
670 3765 1073 3834 reprehenderit
1095 3766 1233 3834 quis,
1263 3780 1366 3819 non
1395 3775 1444 3818 te
1467 3765 1557 3819 sed
1583 3779 1705 3818 eum

139 3859 229 3930 qui
257 3858 491 3928 scripsit.
526 3857 583 3911 Si
624 3869 802 3911 autem
832 3869 886 3912 et
924 3851 1147 3910 Paulum
1172 3857 1263 3924 qui
1297 3857 1516 3924 scripsit
1545 3854 1706 3907 audet

139 3953 259 4021 quis
283 3951 699 4021 reprehendere,
728 3965 836 4003 non
867 3949 1111 4014 Paulutn,
1144 3950 1238 4003 sed
1276 3964 1398 4002 eum
1431 3948 1520 4016 qui
1558 3961 1702 4001 sem-

139 4056 233 4112 per
266 4041 318 4094 in
349 4055 470 4094 eum
513 4037 627 4108 (95)
664 4042 872 4093 locutus
917 4050 1001 4094 est
1036 4038 1288 4093 Christus
1334 4035 1700 4106 reprehendit.

140 4133 196 4187 Si
219 4140 394 4184 autem
418 4129 619 4184 Christi
650 4129 812 4183 verba
843 4129 1240 4199 reprehendere
1265 4125 1386 4195 quis
1408 4125 1569 4179 fuerit
1605 4141 1704 4178 au-

136 4239 249 4288 sus,
279 4223 390 4292 ipse
415 4223 552 4275 dixit
580 4222 829 4276 Christus
876 4239 892 4274 :
926 4220 1056 4285 Qua:
1105 4235 1195 4289 ego
1230 4219 1418 4288 loquor
1449 4233 1554 4270 non
1579 4223 1701 4269 sunt

135 4334 270 4382 mea,
308 4316 396 4369 sed
421 4313 584 4367 Pater
614 4315 700 4384 qui
722 4314 860 4366 misit
895 4328 998 4378 me,
1026 4313 1135 4381 ipse
1165 4312 1396 4382 loquitur
1421 4326 1614 4379 per,me
1631 4309 1698 4362 εί.

140 4406 343 4463 Etenim
381 4420 555 4472 neque
595 4405 820 4473 gentiles
855 4419 1059 4467 sumus,
1102 4417 1278 4472 neque
1299 4400 1492 4467 Judazi,
1529 4415 1703 4469 neque

141 4499 395 4555 hatretici.
436 4497 676 4553 Gentiles
708 4499 848 4552 enim
882 4513 987 4550 non
1026 4511 1231 4562 sumus,
1273 4495 1401 4564 quia
1434 4509 1539 4548 non
1569 4493 1704 4548 dici-

144 4607 257 4645 mus
280 4592 426 4644 deos.
454 4588 619 4644 Judtei
647 4604 751 4642 non
777 4603 984 4653 sumus,
1008 4588 1130 4654 quia
1158 4598 1212 4641 et
1231 4587 1506 4642 Christum
1531 4587 1700 4640 Deum

144 4679 470 4733 conﬁtemur.
523 4676 772 4731 Hazretici
807 4687 988 4730 autem
1022 4677 1140 4730 ideo
1180 4691 1285 4730 non
1331 4690 1540 4741 sumus,
1575 4677 1701 4744 quia

144 4770 456 4824 conﬁtemur
485 4768 644 4822 istum
686 4782 806 4822 esse
833 4766 925 4836 qui
969 4766 1136 4830 venit,
1167 4780 1328 4833 quem
1362 4763 1700 4833 praeveniens

151 4862 302 4914 Vetus
329 4859 733 4914 Testamentum
776 4873 870 4928 per
900 4861 1189 4927 prophetas
1233 4857 1544 4925 pratdicavit
1573 4870 1703 4908 ven-

148 4962 333 5006 turum.
377 4949 434 5003 Si
467 4949 588 5017 quis
617 4948 758 5002 enim
795 4947 1028 5002 noluerit
1067 4948 1235 5012 litem,
1289 4960 1423 5014 opus
1457 4961 1561 4999 non
1601 4950 1700 5000 ha-

150 5046 252 5100 bet.
291 5041 384 5098 Est
412 5043 656 5111 quzedam
715 5040 976 5096 dubitatio
1036 5035 1176 5094 inter
1227 5038 1422 5094 fratres
1469 5057 1484 5092 :
1529 5039 1704 5108 primo

150 5149 264 5189 cum
295 5134 557 5188 charitate
589 5141 884 5202 quaeratur,
911 5141 972 5184 ut
994 5131 1134 5184 inter
1167 5131 1381 5186 fratres.
1414 5129 1528 5183 Non
1558 5130 1702 5184 enim

153 5224 488 5280 dissensionis
534 5234 617 5280 est
653 5225 794 5279 Deus
837 5233 933 5278 aut
982 5224 1097 5290 irae,
1134 5225 1223 5277 sed
1267 5223 1416 5291 pacis
1445 5224 1491 5255 9'
1528 5240 1541 5276 :
1575 5222 1704 5292 quia

218 5412 256 5443 ⁸⁷
279 5410 377 5466 lsa.
403 5427 522 5477 LIII,
549 5412 604 5468 8.
680 5410 727 5443 ⁸⁸
759 5409 777 5464 l
801 5411 926 5466 Cor.
952 5424 1072 5478 vnt,
1095 5419 1148 5466 b.
1224 5409 1267 5442 ⁸⁸
1298 5408 1490 5464 Matth.
1519 5425 1599 5475 XI,
1624 5408 1714 5464 27.

240 5527 316 5594 92)
351 5525 721 5596 Principalem,
748 5527 1070 5599 ἀρχέτυπον.

242 5599 318 5668 95)
349 5599 566 5662 laeum,
587 5614 696 5669 pro
721 5601 774 5653 in
789 5597 876 5654 eo.
919 5599 960 5652 ll
986 5599 1112 5653 Cor.
1141 5613 1259 5662 xm,
1287 5597 1348 5651 ιε
1379 5597 1458 5669 An
1492 5598 1699 5665 experi-

155 5667 362 5753 mentum
389 5668 627 5739 quwritis
654 5669 765 5739 ejus
801 5670 886 5740 qui
915 5671 968 5725 in
991 5686 1070 5726 me
1095 5669 1325 5740 loquitur
1359 5667 1635 5724 Christus?

1790 5397 1834 5444 εδ
1868 5408 1996 5464 ibid.

1810 3141 1877 3180 ex
1906 3126 2033 3191 alio,
2057 3141 2232 3197 neque
2257 3140 2350 3196 per
2391 3127 2576 3194 alium,
2609 3142 2784 3198 neque
2821 3127 2988 3192 aliud,
3020 3130 3113 3183 sed
3156 3130 3277 3198 ipse
3304 3135 3391 3183 est

1810 3220 2028 3286 quiest.
2067 3218 2232 3276 Forte
2261 3221 2408 3276 enim
2456 3231 2511 3276 et
2537 3237 2604 3276 ex
2641 3221 2932 3291 semetipso
2962 3229 3018 3276 et
3057 3235 3152 3291 per
3183 3229 3390 3276 semet-

1809 3311 2022 3380 ipsum;
2048 3312 2204 3369 nobis
2232 3314 2630 3384 quodammodo
2661 3315 2992 3370 conveniens
3016 3323 3101 3369 est
3129 3328 3310 3369 sermo
3330 3322 3390 3368 ut

1811 3401 2043 3458 dicatur.
2084 3401 2323 3458 Necdum
2383 3414 2562 3461 tamen
2605 3404 2698 3460 illa
2743 3405 3133 3474 interpretatur
3171 3415 3386 3459 natura.

1808 3489 1918 3546 Nos
1937 3491 2083 3544 enim
2105 3501 2163 3545 ut
2188 3508 2294 3547 non
2328 3503 2600 3550 taceamus
2621 3495 2742 3549 ideo
2768 3494 3018 3549 dicimus.
3045 3494 3183 3561 Quid
3203 3505 3387 3550 autem

1807 3589 1892 3636 est
1919 3579 2061 3635 Deus
2098 3595 2207 3634 non
2239 3581 2703 3651 interpretamur:
2738 3581 2868 3650 quid
2895 3579 3039 3635 enim
3082 3580 3274 3634 borum
3304 3581 3388 3632 in-

1811 3672 2130 3740 terpretatio
2163 3681 2247 3726 est
2280 3670 2399 3738 Dei,
2435 3672 2553 3727 sine
2584 3671 2762 3736 initio,
2802 3686 2909 3724 non
2945 3679 3126 3733 natus,
3162 3671 3387 3723 immor-

1810 3763 1954 3831 talis,
1990 3765 2356 3833 incorruptus,
2385 3763 2762 3828 immutabilis,
2795 3762 3106 3827 immobilis,
3139 3761 3384 3814 inacces-

1807 3855 2002 3921 sibilis,
2035 3855 2438 3921 inenarrabilis,
2488 3852 3090 3924 incomprehensibilis?
3123 3851 3229 3905 Per
3268 3851 3386 3905 haec

1805 3962 1936 4018 ergo
1963 3950 2143 4003 omnia
2196 3963 2304 4003 non
2333 3957 2415 4002 est
2442 3948 2649 4002 dictum
2696 3947 2824 4016 quid
2860 3955 2963 4011 est,
2990 3945 3082 3999 sed
3110 3943 3238 4014 quid
3274 3956 3383 3996 non

1805 4050 1890 4096 est
1932 4057 1950 4095 :
1989 4041 2137 4095 velut
2185 4041 2380 4110 siquis
2407 4038 2760 4109 interpretari
2792 4053 2900 4093 non
2935 4036 3204 4091 sulliciens
3237 4034 3382 4104 quod

1802 4141 1892 4186 est
1931 4131 2134 4197 lumen,
2184 4130 2330 4184 dicat
2358 4131 2502 4198 quod
2533 4145 2638 4183 non
2673 4138 2757 4183 est
2791 4129 3158 4182 tenebrosum.
3192 4124 3384 4178 Dicere

1804 4233 1984 4278 autem
2011 4223 2154 4292 quod
2179 4223 2518 4276 tenebrosum
2551 4227 2777 4285 nonest,
2815 4233 2920 4272 non
2954 4216 3127 4270 solum
3159 4229 3261 4267 non
3286 4228 3382 4267 ex-

1807 4315 1982 4370 hibuit
2007 4325 2257 4368 naturam
2290 4312 2531 4376 luminis,
2566 4313 2658 4366 sed
2689 4320 2744 4364 et
2771 4311 2940 4379 magis
2975 4309 3210 4377 ipsarum
3239 4313 3382 4356 tene-

1804 4406 2025 4460 brarum
2065 4413 2314 4458 naturam
2347 4403 2586 4472 negavit.
2631 4399 2956 4456 Immortalis
2983 4398 3128 4451 enim
3159 4395 3378 4460 dicitur,

1804 4497 1930 4565 quia
1963 4511 2066 4550 non
2090 4497 2375 4562 morietur,
2409 4505 2462 4550 et
2487 4495 2830 4560 incorruptus
2860 4491 2984 4560 quia
3014 4505 3117 4543 non
3142 4502 3382 4542 corrum-

1803 4588 1967 4656 pitur.
1997 4584 2115 4640 Non
2158 4597 2336 4651 natus,
2379 4586 2470 4654 qui
2495 4583 2708 4638 initium
2741 4597 2847 4637 non
2876 4579 3057 4634 habet.
3095 4577 3218 4630 Haec
3255 4590 3378 4630 oma

1802 4677 1889 4731 nia
1920 4692 2026 4732 non
2057 4675 2188 4746 quid
2221 4685 2304 4730 est
2340 4675 2482 4730 Deus
2513 4674 2666 4738 dicit,
2714 4672 2810 4727 sed
2858 4669 2986 4740 quid
3017 4684 3121 4722 non
3147 4676 3250 4727 est.
3297 4665 3376 4722 Ita

1802 4784 1902 4839 per
1933 4783 1998 4822 ea
2030 4783 2150 4838 quae
2183 4768 2414 4823 dicimus
2452 4767 2572 4822 sine
2603 4762 3051 4833 interpretatione
3090 4775 3212 4814 eum
3242 4774 3378 4814 con-

1798 4861 2034 4918 ﬁtemur.
2069 4861 2130 4914 Si
2165 4860 2460 4916 dixerimus
2489 4871 2611 4913 eum
2637 4858 2842 4912 fontem
2878 4853 3148 4916 veritatis,
3183 4865 3379 4907 nomen

1798 4951 2082 5007 veritatem
2105 4966 2212 5006 non
2239 4949 2477 5005 exhibet.
2523 4947 2628 5002 Sed
2654 4948 2779 5016 quia
2805 4961 2913 5000 non
2937 4944 3199 4999 habemus
3234 4941 3378 5010 quod

1798 5043 2065 5110 dicamus,
2109 5057 2178 5098 ex
2233 5043 2317 5097 his
2363 5057 2484 5111 quae
2532 5042 2796 5096 habemus
2835 5038 3103 5100 dicamus,
3149 5034 3377 5086 mutuati

1799 5133 1991 5188 alienis
2024 5132 2334 5188 nominibus
2370 5131 2484 5204 (95)
2518 5133 2720 5187 utimur
2756 5145 2769 5180 :
2813 5126 2932 5182 fons
2955 5126 3098 5180 enim
3126 5123 3367 5190 agnosci-

1803 5233 1891 5278 tur
1929 5223 2070 5279 unde
2100 5232 2204 5289 est,
2236 5223 2377 5278 Deus
2406 5232 2584 5276 autem
2621 5234 2729 5276 non
2767 5218 2930 5274 habet
2959 5215 3131 5280 unde;
3164 5222 3220 5266 et
3258 5211 3380 5265 fons

2072 5407 2115 5439 ⁹¹
2139 5407 2297 5464 Joan.
2322 5422 2423 5473 xu,
2449 5406 2539 5461 49.
2614 5407 2658 5438 ⁸⁸
2683 5406 2704 5459 Ι
2728 5403 2855 5460 Cor.
2897 5417 3009 5466 xw,
3035 5401 3127 5456 '55.

1873 5524 1984 5597 (94)
2013 5525 2110 5597 Ms.
2135 5525 2205 5597 Et
2237 5523 2397 5597 Pater
2420 5533 2517 5597 est,
2548 5531 2603 5597 ut
2625 5521 2777 5597 dicis.

1872 5588 1983 5670 (95)
2017 5596 2114 5654 Ms.
2145 5595 2197 5652 Μ
2208 5596 2406 5650 utuatis
2434 5593 2620 5649 alienis
2647 5588 2962 5646 nominibus.
