3810 6218
412 318 547 373 1065

1111 311 1377 367 EUSEBII
1415 308 1884 365 CASSARIENSIS
1920 311 2070 368 OPP.
2114 309 2295 366 PARS
2332 311 2423 368 IV.
2464 342 2534 352 --
2568 308 2995 365 DOGMATICA.

3539 306 3669 362 ιοω

404 443 617 489 meatus
641 445 803 500 supra
834 437 1041 484 meatus
1064 428 1313 491 eﬁ'nndit,
1342 428 1480 483 Deus
1506 438 1683 482 autem
1708 430 1760 481 in
1785 444 1849 481 eo
1868 429 1983 498 ipso
2012 434 2058 489 Α
2083 445 2243 498 quem
2284 438 2411 484 sunt
2452 437 2668 483 cuncta.
2711 428 2825 481 Non
2854 436 2937 482 est
2964 443 3127 481 unum
3165 442 3232 481 ex
3279 425 3564 489 omnibus,
3588 430 3668 482 sed

400 527 545 595 quod
578 534 660 578 est
695 530 918 576 manet:
955 536 1128 581 neque
1151 522 1295 574 enim
1332 536 1433 574 vox
1458 521 1789 575 conveniens
1824 523 1979 576 inve-

401 619 571 683 nitur,
603 628 775 682 neque
820 613 1157 682 comparatio
1202 613 1524 680 perveniens
1556 613 1621 665 ad
1654 613 1799 665 illam
1826 624 1984 667 natu-

402 723 519 762 ram
544 724 561 762 :
592 706 686 761 sed
710 717 768 759 ut
790 721 895 759 non
923 714 1195 759 taceamus
1218 703 1533 771 colligentes
1553 720 1672 774 qua:
1690 704 1981 769 habemus;

400 816 523 853 cum
555 809 735 853 autem
769 798 951 851 omnia
981 797 1297 860 dixerimus,
1338 808 1467 851 tunc
1502 796 1829 851 conﬁtemur
1858 798 1984 865 quia

396 908 519 963 qua:
544 892 782 947 dicimus
834 890 967 944 nihil
1018 888 1273 943 diﬁ‘erunt
1311 904 1341 943 a
1384 890 1777 944 taciturnitate.
1823 890 1986 945 Pater

397 1001 468 1039 ex
496 998 563 1040 eo
614 984 931 1053 agnoscitur
973 982 1143 1053 ﬁgura
1174 982 1318 1051 quod
1352 991 1435 1036 est
1476 997 1582 1036 non
1612 992 1790 1037 natus.
1834 981 1987 1037 Unus

397 1078 542 1131 enim
567 1086 649 1131 est
680 1076 815 1144 ipse,
848 1076 940 1144 qui
973 1082 1186 1128 nonest
1220 1076 1286 1127 ab
1318 1073 1425 1128 alio
1471 1092 1485 1128 :
1521 1091 1661 1129 unus
1696 1084 1780 1129 est
1803 1077 1894 1145 qui
1917 1092 1986 1131 ex

397 1183 463 1221 eo
489 1168 632 1237 quod
660 1183 765 1221 non
790 1178 947 1221 natus
974 1177 1058 1220 est
1079 1167 1411 1236 agnoscitur.
1440 1165 1555 1220 Non
1590 1166 1758 1221 frater
1779 1167 1849 1232 ei,
1880 1182 1986 1221 non

398 1260 562 1315 Pater
590 1259 795 1324 Patris,
846 1260 939 1314 sed
994 1258 1286 1327 singularis
1340 1268 1531 1311 natura
1581 1269 1708 1312 est:
1756 1270 1810 1312 et
1841 1260 1893 1312 in
1923 1274 1985 1314 ea

400 1354 545 1423 quod
584 1368 686 1407 non
723 1362 884 1406 natus
922 1362 1023 1417 est,
1053 1366 1179 1403 vere
1206 1350 1353 1405 solus
1387 1352 1716 1416 ostenditur,
1752 1367 1858 1405 non
1888 1367 1986 1404 na-

402 1458 491 1501 tus
530 1446 689 1500 Pater
724 1464 737 1499 :
788 1446 855 1498 ab
908 1445 1009 1498 hoc
1050 1458 1182 1499 sane
1217 1461 1322 1498 non
1373 1454 1503 1499 nato
1547 1456 1801 1498 manente
1841 1444 1989 1512 quod

403 1550 488 1593 est
539 1538 827 1600 indivisus,
882 1536 1168 1603 inscissus,
1223 1538 1557 1605 impartitus,
1618 1538 1985 1604 impassibilis‘,

402 1631 718 1701 unigenitus
756 1640 843 1684 est
872 1627 1042 1683 Filius
1074 1640 1232 1683 natus
1262 1646 1276 1683 :
1306 1644 1479 1698 neque
1501 1629 1639 1683 alius
1660 1640 1871 1685 estnon
1903 1645 1991 1682 na-

404 1732 513 1787 tus,
564 1738 738 1792 neque
774 1722 910 1776 alius
963 1722 1309 1792 unigenitus;
1365 1726 1457 1776 sed
1500 1739 1640 1777 unus
1683 1738 1787 1777 non
1835 1734 1990 1778 natus

403 1815 587 1882 Pater,
620 1825 676 1869 et
708 1830 847 1868 unus
875 1815 1186 1883 unigenitus
1204 1815 1393 1869 Filius.
1426 1815 1546 1869 Haec
1572 1832 1675 1868 non
1701 1832 1796 1869 nos
1829 1817 1991 1870 extol-

404 1907 541 1971 lunt,
591 1906 849 1959 memoria
884 1904 1028 1958 illitis
1077 1906 1216 1959 beati
1254 1907 1375 1959 viri.
1415 1906 1629 1961 Utinam
1686 1919 1862 1961 autem
1918 1910 1990 1961 ita

403 1996 606 2063 possim
639 1995 838 2059 dicere,
863 2005 924 2048 ut
954 1995 1230 2049 vobiscum
1260 2011 1471 2065 semper
1494 1999 1561 2048 ab
1589 1998 1779 2050 eodem
1807 1998 1992 2052 audie-

403 2085 547 2138 bam.
595 2084 700 2139 Sed
748 2100 810 2139 ea
839 2102 957 2155 quae
995 2102 1137 2140 nunc
1166 2087 1444 2151 dicuntur,
1482 2089 1555 2141 illi
1590 2089 1785 2157 placita
1826 2090 1991 2144 fuisse

404 2178 678 2231 videntur.
724 2177 905 2232 Gloria
947 2179 1090 2232 enim
1117 2191 1200 2234 est
1225 2180 1517 2248 proborum
1550 2197 1830 2235 servorum
1861 2198 1987 2237 vera

403 2269 470 2322 de
501 2256 725 2323 Domino
752 2268 933 2323 dicere
959 2286 972 2321 :
1004 2278 1060 2323 et
1090 2270 1263 2323 honor
1284 2285 1471 2323 eorum
1499 2282 1711 2340 patrum
1736 2273 1826 2340 qui
1852 2272 1990 2326 bene

404 2360 729 2425 docuerunt,
754 2361 797 2415 si
834 2371 1151 2429 repetantur
1180 2378 1367 2417 eorum
1404 2364 1680 2418 doctrinae.
1709 2363 1860 2419 Unus
1884 2365 1986 2435 igi-

404 2462 497 2507 tur
536 2462 619 2507 est
652 2468 760 2507 non
792 2465 952 2507 natus
978 2455 1119 2509 Deus
1157 2473 1171 2509 :
1211 2471 1366 2507 serva
1400 2454 1509 2525 (96)
1543 2473 1646 2509 non
1674 2466 1835 2511 natus
1860 2473 1984 2511 cum

407 2546 590 2613 Patre,
625 2556 680 2601 et
713 2562 818 2601 non
844 2548 1067 2602 habebis
1094 2548 1146 2601 in
1179 2550 1361 2603 anima
1386 2548 1753 2603 confusionem
1786 2565 1984 2604 :serva

407 2638 717 2707 unigenitus
756 2652 877 2691 cum
908 2637 1060 2704 Filio,
1089 2646 1140 2692 et
1168 2653 1273 2692 non
1304 2639 1626 2703 turbaberis,
1680 2652 1853 2706 neque
1870 2638 1984 2707 jam

406 2733 517 2785 eris
540 2730 781 2785 incertus
820 2731 1272 2799 quemadmodum
1305 2730 1444 2784 Deus
1493 2740 1547 2783 et
1581 2729 1741 2797 Deus,
1778 2743 1833 2785 et
1876 2748 1984 2787 non

412 2820 529 2875 Dei.
571 2820 709 2887 Quia
762 2821 909 2875 enim
948 2821 1147 2874 retines
1171 2836 1310 2874 unus
1346 2820 1487 2874 Deus
1530 2836 1635 2873 non
1692 2832 1874 2887 natus,
1914 2807 1985 2877 'et

409 2925 547 2963 unus
577 2912 716 2965 Deus
744 2911 1091 2979 unigenitus;
1123 2911 1241 2965 ideo
1265 2926 1370 2965 non
1394 2913 1491 2976 dii,
1516 2913 1639 2981 quia
1672 2929 1848 2982 neque
1876 2930 1980 2968 non

409 3003 550 3066 nati,
584 3016 756 3071 neque
795 3003 1054 3072 unigeniti
1091 3020 1105 3055 :
1146 3018 1303 3057 serva
1352 3003 1579 3071 ﬁguram
1618 3020 1720 3057 non
1754 3006 1883 3067 nati,
1928 3016 1983 3061 et

2086 538 2180 591 per
2200 537 2362 591 quem
2387 530 2517 575 sunt
2559 521 2741 575 omnia
2772 539 2786 575 :
2822 521 2937 589 ipse
2961 536 2989 573 a
3015 519 3176 574 Patre
3223 519 3393 574 habet
3424 521 3572 588 quod
3600 532 3671 574 est

2086 614 2258 669 haeres
2293 632 2307 668 :
2338 629 2442 667 non
2472 624 2555 668 est
2588 630 2652 668 ex
2688 615 3022 668 haereditate.
3049 613 3354 668 Consessor
3378 627 3491 666 non
3510 624 3671 666 estex

2086 706 2293 777 angelis
2326 706 2416 776 qui
2451 706 2689 771 adstant,
2741 721 2916 773 neque
2955 722 3021 761 ex
3065 705 3411 775 archangelis
3453 723 3469 757 :
3520 704 3672 769 inde!

2086 800 2327 854 omnium
2357 815 2460 853 non
2486 809 2571 854 est
2604 816 2742 855 unus
2771 816 2837 855 ex
2869 801 2952 854 his
2992 799 3082 867 qui
3116 798 3458 868 judicantnr.
3495 796 3575 849 Ne
3606 808 3676 848 at-

2089 896 2276 951 trahas
2315 907 2565 950 naturam
2606 912 2729 967 quae
2773 913 2877 950 non
2913 897 3144 958 accedit,
3193 910 3370 963 neque
3408 895 3673 961 pervenit.

2089 987 2258 1053 Quem
2285 1004 2350 1042 ex
2392 989 2493 1042 hoc
2528 988 2785 1043 debemus
2813 1003 3009 1053 nosse;
3050 986 3178 1056 quia
3210 986 3595 1054 unusquisque
3618 1000 3675 1037 ex

2092 1081 2175 1133 his
2218 1096 2338 1149 quae
2382 1081 2532 1144 dicit,
2596 1092 2689 1135 aut
2745 1081 3065 1151 sibimetipsi
3108 1080 3331 1148 prodest
3368 1090 3468 1133 aut
3516 1078 3673 1130 laedit.

2090 1171 2198 1225 Res
2239 1173 2382 1226 enim
2413 1190 2477 1227 ex
2514 1174 2715 1228 nostris
2767 1175 3104 1227 sermonibus
3146 1188 3251 1226 non
3294 1170 3673 1224 transferetur.

2091 1263 2224 1329 Quia
2256 1265 2416 1333 igitur
2452 1263 2621 1320 Judaei
2654 1280 2756 1318 non
2802 1264 3127 1319 conﬁtentur
3159 1262 3378 1324 Filium,
3420 1276 3532 1315 non
3565 1261 3675 1314 ideo

2092 1373 2197 1411 non
2224 1367 2306 1411 est
2333 1356 2520 1411 Filius.
2557 1356 2824 1411 Jndicabit
2862 1358 3007 1412 enim
3031 1370 3125 1409 eos
3149 1355 3242 1424 qui
3272 1370 3379 1408 non
3414 1354 3671 1408 conﬁten-

2094 1459 2182 1502 tur
2206 1464 2329 1503 eum
2363 1466 2377 1502 :
2408 1448 2531 1516 quia
2568 1449 2782 1516 quidem
2825 1463 3022 1501 novum
3050 1445 3189 1500 istud
3220 1444 3574 1513 sacrilegium
3598 1443 3675 1495 in-

2096 1543 2737 1605 troduxeruntdicentes.
2791 1542 3042 1596 eumdem
3088 1541 3261 1608 ipsum
3292 1553 3416 1593 esse
3462 1538 3674 1591 Patrem

2095 1650 2252 1702 quem
2280 1646 2333 1689 et
2362 1634 2557 1688 Filium
2594 1653 2608 1688 :
2650 1650 2824 1699 neque
2853 1632 3067 1688 Patrem
3091 1632 3307 1686 Patrem
3344 1632 3552 1693 dicent,
3592 1647 3677 1684 ne-

2097 1738 2201 1793 que
2223 1724 2415 1777 Filium
2448 1724 2645 1778 Filium
2674 1743 2685 1777 :
2728 1724 2818 1777 sed
2850 1723 3145 1777 secundum
3176 1725 3418 1791 ipsorum
3452 1722 3677 1775 sacrile-

2092 1818 2235 1885 gium
2262 1816 2392 1869 nihil
2417 1830 2657 1882 prorsus.
2683 1814 2900 1869 Sienim
2926 1814 3085 1868 Pater
3107 1829 3210 1867 non
3238 1825 3323 1868 est
3346 1813 3532 1878 Pater,
3559 1814 3676 1881 quis

2094 1907 2208 1975 ipse
2236 1914 2319 1960 est
2351 1917 2405 1960 et
2429 1904 2617 1968 Filius,
2665 1914 2723 1957 ut
2767 1906 2863 1972 ipsi
2896 1904 3243 1973 ﬂagitantur;
3286 1914 3341 1956 et
3373 1901 3549 1956 Filius
3578 1918 3675 1954 non

2092 1998 2284 2062 Filius,
2307 1999 2433 2067 quia
2463 1998 2574 2067 ipse
2605 2006 2689 2051 est
2715 1995 2876 2049 Pater
2907 2014 2919 2049 :
2950 2011 3114 2064 prope
3142 2004 3225 2048 est
3270 2004 3329 2046 ut
3359 1995 3549 2047 dicant
3590 2008 3675 2046 ne-

2091 2106 2197 2159 que
2225 2090 2441 2144 Patrem
2466 2104 2610 2152 esse,
2644 2102 2818 2156 neque
2850 2086 3044 2140 Filium
3080 2104 3092 2139 :
3124 2093 3182 2139 ut
3214 2101 3381 2138 unum
3413 2084 3566 2138 enim
3601 2084 3675 2136 fa-

2088 2185 2232 2239 ciunt
2266 2183 2407 2252 quod
2437 2198 2542 2236 non
2581 2181 2657 2234 ﬁt.
2696 2180 2829 2246 Quis
2854 2180 2997 2233 enim
3037 2177 3235 2247 poterit
3260 2176 3454 2230 audire
3506 2177 3675 2244 ipsum

2089 2292 2148 2331 se
2170 2277 2273 2331 sibi
2306 2290 2426 2330 esse
2471 2274 2729 2328 Patrem?
2768 2273 2889 2343 quis
2941 2274 3138 2342 poterit
3170 2270 3385 2325 Patrem
3420 2271 3601 2337 ipsum
3627 2285 3679 2322 se

2089 2370 2193 2425 sibi
2229 2384 2349 2424 esse
2398 2367 2633 2422 Filium?
2684 2365 2740 2421 Si
2792 2366 2936 2419 enim
2991 2364 3209 2418 voluero
3246 2372 3462 2416 mutare
3498 2377 3677 2415 vocem

2087 2478 2285 2525 meam,
2323 2478 2426 2515 non
2459 2470 2696 2514 mutatur
2722 2468 2957 2512 vestrum
2988 2456 3339 2526 propositum.
3371 2455 3568 2509 Nonne
3592 2469 3679 2523 pu-

2089 2558 2215 2610 tatis
2242 2570 2325 2607 rne
2361 2554 2535 2607 aliena
2580 2552 2763 2619 loqui?
2792 2550 2979 2604 Dicam
3011 2564 3142 2619 ergo
3164 2548 3325 2602 Pater
3358 2563 3469 2601 non
3499 2546 3678 2607 Pater,

2086 2655 2143 2699 et
2170 2644 2342 2698 Filius
2384 2658 2488 2696 non
2517 2640 2705 2695 Filius.
2747 2639 2880 2693 Nam
2908 2649 2961 2693 et
2998 2640 3043 2692 si
3069 2640 3279 2701 dixero,
3317 2641 3435 2706 ipse
3464 2637 3572 2689 sibi
3606 2647 3682 2690 est
3750 2637 3771 2709 ιη

2086 2737 2267 2801 Pater,
2297 2746 2349 2789 et
2375 2736 2487 2805 ipse
2505 2735 2606 2788 sibi
2632 2744 2714 2787 est
2746 2733 2946 2796 Filius;
2976 2746 3154 2785 nonne
3182 2730 3465 2785 insaniam
3497 2733 3681 2784 statim

2085 2829 2392 2899 signiﬁcant
2417 2843 2697 2882 sermones
2737 2825 2878 2879 mei?
2913 2824 3005 2878 sed
3037 2839 3123 2877 me
3164 2838 3269 2876 non
3309 2833 3528 2876 tantum
3569 2839 3680 2875 mo-

2086 2930 2250 2976 veant
2283 2920 2566 2973 adversum
2612 2934 2708 2972 eos
2737 2917 2827 2985 qui
2855 2915 3129 2975 dixerunt,
3185 2921 3455 2980 quantum
3506 2924 3681 2968 movet

2084 3019 2137 3064 et
2167 3009 2429 3063 adversus
2459 3021 2555 3062 eos
2587 3008 2679 3075 qui
2733 3004 3012 3074 patiuntur
3054 3020 3067 3054 :
3096 3003 3509 3057 calumniantur
3542 3006 3683 3057 enim

405 3093 667 3150 conﬁtere
697 3094 922 3165 ﬁguram
952 3096 1241 3165 unigeniti,
1294 3105 1349 3149 et
1386 3096 1528 3148 nulla
1578 3097 1788 3152 turbela
1814 3108 1895 3151 est
1926 3099 1979 3153 in
2011 3128 2053 3186 ο
2088 3100 2156 3153 ab
2202 3099 2393 3152 iisdem
2445 3106 2499 3151 et
2549 3094 2861 3163 Scriptura).
2920 3090 3033 3161 Ego
3075 3108 3093 3144 :
3124 3101 3248 3146 tene
3274 3091 3410 3161 Ego,
3448 3101 3507 3145 et
3533 3108 3684 3145 serva

411 3187 613 3251 medio,
648 3203 752 3241 non
781 3187 868 3251 lis,
903 3201 1009 3241 non
1054 3190 1353 3255 contentio,
1384 3205 1491 3244 non
1518 3191 1774 3259 jurgium.
1824 3190 1987 3245 Pater

414 3291 521 3330 non
548 3277 651 3331 sibi
682 3278 909 3332 ascribit
956 3276 1171 3332 Patrem
1214 3295 1229 3336 :
1270 3279 1441 3335 Filius
1467 3296 1606 3334 unus
1633 3282 1734 3335 sibi
1770 3284 1991 3338 ascribit

410 3366 628 3423 Patrem
662 3387 677 3425 :
708 3370 870 3425 Pater
893 3386 921 3425 a
962 3370 1112 3425 nullo
1142 3382 1248 3438 est,
1283 3371 1451 3427 Filius
1481 3375 1547 3427 ab
1574 3390 1681 3428 uno
1705 3385 1788 3429 est
1808 3375 1987 3431 Pal-re.

411 3460 855 3532 Nonsuscipiunt
886 3464 1000 3518 haec
1022 3463 1194 3530 litem,
1218 3460 1312 3519 aut
1333 3464 1535 3521 habent
1564 3465 1950 3522 dubitationem
1974 3488 1987 3523 :

412 3554 481 3609 Ut
510 3568 827 3627 cognoscant
861 3568 909 3612 te
951 3558 1119 3613 solum
1154 3575 1329 3613 verum
1381 3559 1550 3614 Deum
1574 3560 1622 3591 ”
1656 3579 1668 3614 :
1716 3578 1819 3615 non
1863 3565 1990 3632 quia

411 3665 518 3703 non
543 3664 668 3704 vere
688 3659 771 3704 est
799 3650 1104 3720 unigenitus
1129 3649 1301 3707 Filius
1321 3652 1436 3716 Dei,
1468 3655 1562 3707 sed
1587 3654 1711 3724 quia
1735 3669 1763 3707 a
1798 3665 1993 3709 semet-

409 3740 544 3810 ipso,
575 3750 629 3795 et
671 3757 735 3796 cx
768 3743 1080 3811 semetipso,
1110 3752 1163 3797 et
1205 3756 1299 3811 per
1323 3745 1691 3814 semetipsum,
1731 3746 1776 3798 si
1814 3754 1992 3799 tamen

410 3835 483 3886 ita
512 3834 619 3887 dici
646 3835 802 3888 debet
834 3852 846 3888 :
881 3833 1002 3888 l‘ons
1024 3844 1079 3889 et
1106 3835 1430 3903 principium
1455 3837 1697 3889 omnium
1730 3837 1991 3891 bonorum

409 3934 492 3979 est
530 3924 711 3989 Pater,
744 3926 833 3993 qui
871 3927 1056 3995 genuit
1091 3926 1249 3981 talem
1281 3928 1473 3980 bonam
1524 3928 1852 3997 progeniem.
1888 3927 1994 3981 Bo-

413 4032 513 4068 nus
540 4018 682 4069 enim
720 4016 885 4071 Filius
909 4030 1015 4082 est,
1039 4018 1133 4073 sed
1157 4019 1299 4073 cedit
1328 4020 1623 4073 bonitatem
1654 4036 1754 4074 suo
1790 4023 1995 4090 genito-

411 4107 481 4169 ri,
512 4122 616 4159 non
641 4108 908 4162 mentiens
929 4108 1022 4162 sed
1043 4108 1218 4163 sciens
1239 4110 1381 4165 unde
1402 4119 1503 4163 est.
1534 4109 1663 4163 Sine
1691 4111 1990 4180 principio:

409 4198 739 4267 principium
772 4209 949 4253 autem
978 4200 1099 4253 dico
1134 4216 1237 4254 non
1273 4210 1591 4270 temporum,
1628 4218 1732 4254 non
1772 4204 1993 4259 saeculo-

413 4305 572 4355 rum;
610 4290 725 4345 haec
760 4292 904 4345 enim
930 4306 1026 4359 per
1060 4290 1255 4345 Filium
1289 4293 1429 4347 facta
1460 4306 1606 4354 sunt,
1647 4305 1700 4348 et
1736 4311 1839 4347 non
1868 4311 1992 4350 cum

409 4382 549 4438 Filio
614 4392 737 4437 nata
794 4399 807 4435 :
868 4396 974 4435 non
1041 4390 1250 4435 tantum
1323 4383 1466 4436 enim
1530 4399 1637 4438 non
1707 4393 1833 4441 ante
1903 4385 1994 4439 Fi-

407 4476 539 4530 lium
579 4517 596 4542 ,
648 4484 706 4529 ut
754 4474 800 4529 si
857 4474 1014 4528 aliter
1067 4473 1197 4543 quid
1260 4474 1607 4530 introducere
1667 4491 1787 4529 cum
1849 4475 1987 4531 Filio

408 4567 682 4630 volueris,
738 4581 843 4620 non
897 4566 1134 4621 salvabis
1212 4564 1544 4635 unigenitum
1580 4609 1594 4632 ,
1676 4568 1770 4622 sed
1845 4569 1987 4623 sicut

355 4676 363 4682 -
408 4660 570 4714 Pater
602 4659 749 4714 solus
799 4673 903 4713 non
953 4668 1113 4713 natus
1158 4669 1264 4724 eSt,
1311 4668 1367 4712 et
1426 4659 1471 4714 si
1528 4661 1732 4716 dixeris
1786 4658 1982 4717 Filium

408 4766 514 4805 non
570 4760 777 4816 natum,
818 4750 1140 4819 periclitaris
1207 4751 1272 4804 de
1322 4765 1387 4805 eo
1442 4753 1585 4821 quod
1640 4754 1774 4808 dicis
1824 4769 1840 4806 :
1909 4754 1986 4809 ita

410 4843 455 4897 si
511 4843 639 4912 quid
686 4843 1083 4910 computaveris
1116 4859 1238 4897 cum
1292 4843 1589 4913 unigenito,
1621 4847 1747 4915 quid
1801 4846 1986 4915 loque-

409 4937 486 4991 ris
512 4936 748 5005 ignoras.
791 4932 940 4989 Unus
963 4918 1105 4988 enim
1140 4945 1225 4989 est
1257 4952 1365 4990 non
1399 4945 1579 5003 natus,
1614 4947 1667 4991 et
1700 4938 1806 4993 noli
1835 4953 1983 5009 qua:-

408 5042 531 5081 rere
556 5027 718 5080 alium
774 5040 881 5079 non
938 5038 1120 5079 natum
1162 5046 1175 5082 :
1216 5044 1355 5083 unus
1402 5030 1733 5099 unigenitus,
1777 5040 1833 5085 et
1877 5032 1984 5086 noli

408 5132 651 5187 quaerere
677 5118 839 5171 alium
868 5117 1081 5184 Filium,
1113 5133 1180 5172 ne
1213 5121 1575 5190 interrumpas
1600 5122 1930 5190 unigenitum
1967 5141 1980 5176 :

410 5209 716 5278 unigenitus
745 5210 889 5263 enim
926 5225 1032 5264 non
1075 5220 1158 5264 est
1206 5226 1372 5266 unum
1403 5227 1467 5267 ex
1496 5214 1725 5280 eunetis,
1756 5213 1851 5268 sed
1890 5230 1987 5284 per

476 5326 523 5357 "
544 5325 697 5381 Joan.
734 5340 867 5389 xvn,
901 5325 987 5379 15.

482 5461 591 5551 (9b)
623 5478 803 5551 Serua.
830 5478 1283 5551 Τήριειηοὺεενυα.
1318 5481 1427 5533 Aut
1455 5480 1616 5535 etiam
1656 5490 1823 5543 tuere,
1859 5481 1984 5533 reti-

408 5567 491 5602 ste.
524 5550 692 5617 Supra
723 5549 814 5601 lib.
849 5564 897 5602 ις
932 5549 999 5603 In
1033 5549 1295 5618 principio
1324 5562 1458 5618 erat,
1491 5568 1637 5604 serva
1671 5552 1809 5619 quod
1843 5561 1976 5615 erat,

408 5630 593 5757 eu2.97)
624 5688 677 5741 ls
702 5695 840 5746 enim
876 5693 985 5759 qui.
1030 5688 1253 5743 Videtur
1280 5688 1383 5743 hoc
1427 5690 1560 5746 velle
1589 5706 1603 5744 :
1645 5694 1689 5745 is
1718 5692 1852 5745 enim
1892 5690 1981 5758 qui

406 5768 480 5813 est
502 5760 553 5813 in
575 5776 632 5813 eo
658 5763 745 5816 aui
769 5774 865 5819 est.
896 5778 995 5817 non
1014 5761 1127 5815 ideo
1151 5760 1471 5835 ἁνυπάργει,
1496 5762 1590 5818 hoc
1614 5775 1712 5827 est,
1740 5779 1839 5817 non
1865 5763 1980 5818 ideo

2091 3190 2527 3259 conjunctionem
2572 3207 2585 3241 :
2624 3187 2736 3257 Ego
2775 3196 2823 3240 et
2871 3185 3033 3238 Pater
3070 3202 3231 3238 unum
3261 3202 3449 3239 sumus
3474 3186 3544 3239 “.
3572 3184 3681 3239 Non

2093 3294 2273 3338 tamen
2320 3296 2424 3336 non
2469 3296 2680 3334 snrnus.
2734 3279 3016 3334 Contraria
3062 3279 3207 3333 enim
3268 3279 3686 3346 importunitate

2092 3373 2249 3441 plena
2279 3383 2423 3426 sunt.
2476 3370 2643 3424 Filius
2692 3371 2842 3435 dicit,
2897 3370 3038 3440 Ego;
3076 3370 3163 3424 ille
3192 3369 3343 3433 dicit,
3392 3369 3516 3423 Non
3554 3383 3681 3437 ego:

2092 3464 2261 3519 Filius
2296 3463 2447 3526 dicit,
2476 3472 2531 3516 et
2578 3461 2770 3525 Pater;
2819 3461 2910 3515 ille
2935 3462 3084 3525 dicit,
3126 3475 3231 3514 non
3262 3460 3447 3515 Pater.
3486 3462 3679 3523 Unum,

2095 3556 2290 3625 inquit,
2322 3570 2538 3619 sumus;
2577 3564 2630 3608 et
2657 3554 2745 3608 ille
2780 3562 2991 3617 contra,
3021 3569 3125 3607 non
3162 3569 3370 3608 sumus.
3424 3556 3535 3607 Aut
3559 3554 3683 3624 quid

2094 3649 2355 3717 scriptum
2384 3646 2512 3701 est?
2539 3655 2633 3699 aut
2664 3646 2791 3714 quid
2822 3646 3105 3700 delemus?
3130 3656 3224 3700 aut
3247 3646 3377 3714 quid
3412 3646 3684 3717 legimus?

2094 3750 2186 3793 aut
2216 3741 2345 3809 quid
2374 3740 2750 3809 agnoscimus?
2780 3738 2888 3807 Ego
2923 3739 2976 3792 in
3007 3738 3169 3793 Patre
3214 3749 3267 3793 et
3288 3738 3455 3793 Pater
3494 3741 3548 3791 in
3579 3754 3679 3792 me.

2095 3832 2212 3888 Non
2245 3843 2423 3887 tamen
2451 3832 2575 3902 quia
2610 3846 2782 3900 neque
2810 3847 2932 3900 ego,
2971 3846 3146 3900 neque
3171 3830 3332 3885 Pater
3364 3852 3376 3885 :
3419 3831 3682 3899 quemad-
3770 3830 3777 3891 ζ

2096 3925 2313 3979 modum
2356 3934 2538 3978 autem
2586 3922 2746 3977 Pater
2782 3923 2837 3976 in
2888 3922 3048 3985 Filio,
3098 3934 3151 3976 et
3182 3921 3353 3977 Filius
3411 3923 3466 3976 in
3502 3922 3677 3986 Patre,
3776 3924 3779 3986 ξ

2096 4016 2330 4069 maxime
2352 4016 2570 4084 quidem
2593 4029 2692 4068 cur
2714 4016 2879 4067 audes
2906 4013 3187 4081 quaerere?
3215 4014 3262 4067 is
3276 4013 3424 4066 enim
3454 4013 3549 4081 qui
3575 4012 3677 4081 (97)

2095 4117 2179 4162 est
2205 4111 2257 4161 in
2288 4121 2353 4161 eo
2383 4106 2473 4175 qui
2522 4115 2624 4169 est,
2679 4120 2782 4159 non
2819 4105 2943 4173 quia
2972 4119 3076 4157 non
3120 4105 3544 4175 θενάνυπὰρχει
3576 4124 3589 4159 :
3619 4122 3678 4159 au

2096 4199 2221 4267 quia
2253 4214 2354 4251 non
2380 4208 2458 4252 est
2492 4197 2653 4251 Pater
2684 4210 2741 4251 ut
2773 4199 2842 4251 sit
2886 4200 2937 4250 in
2972 4198 3107 4251 Filio
3129 4198 3478 4269 ἀνυπάρχειῖ
3509 4215 3680 4269 neque

2096 4308 2202 4346 non
2232 4302 2315 4347 est
2344 4292 2509 4346 Filius
2540 4291 2631 4360 qui
2664 4300 2744 4344 est
2780 4292 2830 4343 in
2865 4291 3028 4345 Patre
3057 4291 3352 4360 signiﬁcat.
3398 4292 3676 4360 Siquidem

2097 4392 2153 4437 et
2188 4382 2414 4451 apostoli
2447 4382 2731 4435 duodecim
2762 4397 2926 4434 unum
2958 4390 3105 4443 sunt,
3138 4390 3194 4434 et
3222 4383 3595 4449 septuaginta,
3629 4392 3677 4435 et

2021 4460 2067 4515 D
2095 4475 2397 4546 quingenti,
2444 4483 2498 4527 et
2550 4482 2659 4527 tota
2699 4472 2935 4527 Ecclesia
2982 4487 3169 4524 unum.
3208 4471 3274 4525 Et
3302 4488 3372 4525 ne
3406 4482 3569 4541 putes
3599 4487 3677 4526 me

2094 4570 2159 4623 ad
2199 4568 2431 4620 humana
2460 4566 2729 4621 deducere
2758 4566 2939 4620 divina
2979 4581 2995 4617 :
3030 4564 3123 4617 sed
3154 4564 3358 4617 utimur
3394 4580 3677 4633 compara-

2094 4660 2336 4715 tionibus
2371 4674 2493 4713 cnm
2544 4659 2875 4728 indulgentia
2919 4658 3059 4726 apud
3108 4655 3328 4722 fratres,
3373 4667 3431 4710 et
3466 4666 3679 4712 maneat

2096 4756 2237 4809 Deus
2280 4763 2339 4807 ut
2384 4763 2484 4805 est.
2522 4752 2729 4805 Tamen
2766 4752 2810 4805 si
2864 4749 3166 4804 dixerimus
3218 4749 3677 4815 quemadmodum

2087 4844 2263 4899 omnis
2299 4843 2538 4897 Ecclesia
2572 4857 2693 4911 qua:
2740 4844 2942 4910 ubique
2988 4854 3093 4907 est,
3126 4857 3293 4895 unum
3326 4858 3530 4910 corpus
3564 4853 3673 4905 est;

2087 4937 2265 4991 nullus
2305 4934 2670 5003 reprehendat
2702 4951 2718 4988 :
2770 4936 2895 5002 quia
2941 4948 3046 4987 non
3086 4936 3353 4986 mentitur
3416 4937 3560 4989 Deus
3590 4936 3675 5004 qui

2088 5028 2223 5082 dixit
2254 5046 2266 5080 :
2301 5026 2413 5095 Ego
2445 5028 2501 5080 in
2534 5028 2680 5094 ipsis,
2712 5038 2758 5079 et
2781 5038 2839 5079 tu
2861 5029 2915 5080 in
2937 5044 3017 5080 me
3038 5028 3104 5080 9'.
3140 5026 3255 5080 Non
3288 5029 3417 5096 quia
3446 5031 3677 5098 abnega-

2089 5125 2290 5175 tionem
2326 5120 2503 5174 Patris
2552 5121 2837 5190 irreligiosi
2893 5135 3170 5174 sermones
3225 5122 3455 5184 docent,
3512 5135 3677 5190 neque

2087 5214 2230 5282 quod
2264 5230 2371 5268 non
2404 5216 2475 5268 sit
2526 5215 2571 5268 is
2596 5216 2687 5283 qui
2720 5216 2924 5284 genuit,
2981 5228 3158 5282 neque
3198 5215 3545 5282 Spretionem
3570 5215 3677 5281 ejus

1066 5325 1111 5355 “
1140 5323 1297 5381 Joan.
1330 5340 1383 5391 x,
1415 5326 1504 5381 50.
1579 5326 1626 5357 9'
1652 5323 1809 5380 Joan.
1838 5341 1975 5391 xvrt,
2008 5324 2097 5379 25.

2086 5498 2191 5565 non
2238 5483 2504 5565 subsistit.
2529 5484 2760 5565 Agideo
2799 5480 2960 5565 Pater
2994 5483 3333 5565 dvundpxet,
3372 5500 3477 5565 non
3512 5484 3670 5565 subsi-

2088 5553 2343 5623 slil,quia
2371 5568 2447 5608 est
2486 5556 2541 5607 in
2567 5553 2754 5611 Filio?
2787 5556 2965 5623 Igitur
3019 5572 3181 5621 neque
3222 5553 3399 5605 Filius
3436 5553 3669 5623 ἀνυπάρ-

2088 5640 2194 5692 χει,
2219 5640 2323 5676 ηοη
2345 5626 2597 5688 subsistit,
2623 5626 2748 5694 quia
2773 5636 2848 5677 est
2877 5627 2931 5677 in
2963 5623 3139 5694 Patre.
3158 5624 3421 5694 illespicit
3456 5628 3521 5676 ad
3549 5623 3665 5677 illud

2086 5694 2439 5819 :Saln&‘:;.18,
2469 5707 2523 5751 ct
2557 5691 2667 5765 xlv,
2696 5694 2785 5761 l0,
2818 5697 2878 5750 il
2908 5711 2921 5748 :
2952 5691 3117 5749 Pater
3149 5693 3203 5747 in
3240 5710 3322 5748 me
3359 5706 3459 5762 est,
3493 5710 3540 5754 et
3578 5715 3663 5768 ego
