3810 6218
140 280 298 351 ιοοδ

1002 282 1095 344 ne
1133 288 1291 346 FIDE
1327 274 1700 346 ADVERSUS
1733 274 2147 347 SABEL‘Ltuu.
2189 319 2255 328 --
2294 284 2427 345 Lis.
2460 289 2525 347 n.

3282 291 3420 352 1066

139 409 245 479 qui
286 414 372 463 est
399 403 634 477 genitus.
668 401 775 457 Sed
805 403 851 460 si
884 418 989 461 non
1022 415 1107 459 est
1134 405 1327 466 Filius.
1370 416 1421 462 et
1467 407 1739 477 quomodo
1768 410 1815 467 Α
1846 414 2067 474 prepter
2102 414 2374 459 naturam.
2432 404 2513 460 Ex
2557 404 2777 477 Virgine
2819 407 2870 461 in
2926 408 3235 465 novissimis
3278 419 3419 464 tem-

136 510 284 556 sunt
319 514 381 553 ea
408 512 528 568 quae
556 512 652 566 per
690 495 885 551 Filium
908 495 1047 551 facta
1080 499 1251 552 sunt?
1276 497 1390 552 Non
1420 510 1503 554 est
1531 499 1737 553 Filius:

139 599 204 642 et
233 602 354 656 qua-
382 597 464 638 est
491 585 652 651 spes?
682 585 795 641 Non
823 596 907 639 est
956 588 1047 654 qui
1072 587 1283 655 judicat
1317 606 1333 644 :
1369 597 1423 641 et
1477 590 1743 658 quemad-

141 680 371 734 modum
400 678 705 753 judicium?
731 679 847 733 Non
869 689 952 734 est
974 680 1063 749 qui
1094 689 1322 734 coronat
1350 700 1362 735 :
1393 693 1447 735 et
1473 682 1743 750 quomodo

144 771 409 826 labores?
436 772 529 827 Est
579 788 717 826 unus
747 787 906 841 quem
950 773 1128 826 nullus
1166 775 1373 843 genuit,
1406 784 1461 827 et
1491 776 1742 843 unigeni-

140 872 240 917 tus
273 880 432 932 quem
465 879 600 919 unus
629 867 834 934 genuit.
867 863 1070 920 Genuit
1102 882 1235 920 sane
1284 868 1693 935 impassibiliter
1723 883 1738 921 :

141 971 263 1011 non
295 967 352 1011 ut
389 972 513 1025 nos,
563 960 653 1013 sed
697 967 757 1013 ut
799 958 885 1012 ille
921 976 935 1012 :
985 974 1091 1012 non
1124 968 1181 1013 ut
1213 959 1406 1027 planta:
1451 977 1571 1031 qua:
1600 962 1740 1033 apud

138 1064 251 1104 nos
278 1059 426 1113 sunt,
453 1066 556 1103 non
593 1061 650 1104 ut
678 1050 872 1115 fontes,
902 1068 1005 1105 non
1045 1063 1102 1105 ιιι
1128 1052 1203 1106 sol
1239 1070 1253 1106 :
1294 1053 1427 1106 nihil
1457 1056 1600 1108 enim
1639 1057 1739 1110 bo-

143 1158 274 1196 rum
316 1159 435 1213 quze
473 1143 562 1196 hic
587 1152 733 1208 sunt,
771 1144 1126 1211 interpretari
1160 1144 1303 1197 illam
1334 1148 1738 1216 generationem

145 1244 401 1304 possunt.
431 1232 654 1289 Omnem
691 1236 836 1289 enim
870 1235 1135 1289 turbelant
1175 1237 1428 1292 humana:
1454 1253 1737 1307 compara-

145 1328 329 1382 tiones
347 1327 568 1391 iaciunt,
588 1343 707 1382 cum
730 1328 1019 1396 accipimus
1037 1343 1139 1382 non
1167 1329 1359 1383 similia
1382 1331 1446 1383 ad
1468 1332 1736 1400 interpre-

146 1421 411 1473 tationem
442 1434 624 1473 eorum
655 1434 774 1488 qum
802 1420 1143 1488 interpretari
1180 1435 1287 1474 non
1332 1432 1578 1489 possunt.
1615 1422 1739 1477 ideo

143 1509 307 1577 lites,
341 1512 462 1565 ideo
504 1526 693 1580 pugnae
736 1523 1052 1565 nascuntur.
1097 1512 1152 1566 Si
1201 1524 1378 1567 autem
1412 1516 1739 1571 mouerimus

144 1617 214 1656 ea
248 1618 368 1670 quae
401 1619 561 1672 supra
592 1618 776 1658 vocem
820 1614 965 1668 sunt,
997 1615 1051 1660 et
1092 1606 1390 1660 dixerimus
1439 1609 1734 1676 possibilia,

144 1694 388 1746 cessabit
419 1694 635 1748 bellum.
674 1693 811 1763 Quid
866 1711 996 1764 ergo
1029 1697 1272 1753 dicemus
1310 1699 1333 1752 ?
1374 1698 1443 1752 In
1477 1702 1735 1770 principio

142 1797 261 1837 erat
298 1783 543 1842 Verbum.
575 1786 708 1853 Quis
740 1788 915 1843 adhuc
945 1791 1142 1857 poterit
1172 1792 1421 1861 iurgari?
1452 1793 1585 1848 Nam
1610 1807 1664 1849 et
1690 1798 1733 1851 si

138 1876 424 1944 iurgatur,
453 1894 557 1933 non
612 1880 703 1935 tibi
735 1882 830 1935 sed
854 1880 1073 1951 Joanni,
1124 1894 1177 1937 et
1210 1887 1412 1954 peetori
1462 1887 1676 1943 Domini
1706 1904 1735 1943 a

144 1984 259 2037 quo
289 1970 469 2025 hausit
490 1970 746 2029 Joannes.
791 1973 927 2041 Quid
955 1976 1214 2045 relinquis
1238 1993 1299 2032 ea
1332 1995 1452 2049 qua:
1477 1990 1600 2035 sunt
1622 1982 1738 2037 sine

146 2064 413 2130 periculo,
449 2074 503 2119 et
552 2065 603 2119 in
632 2064 889 2121 (luctibus
928 2078 1326 2138 tempestatum
1381 2074 1737 2140 pericliteris?

148 2154 273 2221 Noli
302 2158 480 2212 dicere
512 2168 623 2223 tua,
659 2168 713 2214 et
742 2159 921 2215 nullus
955 2170 1006 2214 te
1032 2163 1232 2231 arguit.
1262 2163 1436 2219 Dicito
1464 2181 1583 2234 quae
1612 2169 1739 2222 scri-

149 2257 245 2317 pta
276 2259 424 2314 sunt,
459 2260 513 2304 et
551 2252 730 2307 nullus
772 2263 822 2307 te
866 2255 1214 2323 reprehendit
1248 2276 1261 2312 :
1297 2259 1513 2312 etiamsi
1558 2275 1739 2330 repre-

146 2343 425 2409 henderit,
464 2347 814 2412 semetipsum
874 2348 1073 2416 potius,
1109 2358 1165 2405 et
1211 2365 1316 2405 non
1357 2360 1429 2406 te.
1464 2352 1564 2417 Qui
1592 2354 1736 2407 enim

143 2434 337 2490 divina
377 2439 743 2506 reprehendit,
772 2439 953 2494 divina
1000 2442 1217 2510 quidem
1254 2461 1357 2499 non
1392 2444 1624 2513 delebit;
1654 2463 1739 2502 se-

145 2528 443 2595 metipsmn
472 2530 706 2587 alienum
755 2550 785 2586 a
823 2533 1020 2588 divinis
1056 2537 1376 2590 constituet.
1430 2538 1629 2602 Dicito.
1670 2540 1737 2595 lu

145 2621 412 2690 principio
467 2634 577 2676 erat
622 2623 862 2692 Verbum,
922 2635 977 2681 et
1042 2628 1422 2698 relinquuntur
1472 2640 1733 2700 tempora.

156 2714 360 2776 Dicito,
391 2714 458 2768 In
494 2717 752 2786 principio
773 2728 908 2783 erat,
933 2729 988 2773 et
1019 2721 1277 2775 delicium
1303 2723 1516 2778 saecula.
1542 2724 1734 2788 Dicito,

148 2803 224 2856 1η
260 2807 520 2871 principio
556 2820 693 2873 erat,
729 2818 784 2862 et
826 2811 957 2864 nihil
989 2827 1110 2865 cum
1159 2814 1276 2881 ipso
1320 2823 1439 2869 erat
1481 2814 1733 2871 Verbum.

150 2894 292 2960 Quia
333 2911 463 2963 ergo
508 2906 623 2950 erat
653 2897 858 2952 dictum
917 2908 1020 2965 est,
1073 2918 1140 2956 ne
1189 2912 1344 2971 putes
1375 2919 1563 2959 vocem
1596 2920 1738 2959 :vox

148 2990 321 3054 enim,
368 3002 480 3044 erat
515 3008 619 3047 non
644 2994 905 3063 suscipiet
953 3014 967 3049 :
1006 2998 1049 3050 si
1086 2997 1307 3066 quidem
1345 3014 1467 3053 cum
1520 2999 1735 3061 dicitur,

155 3091 284 3135 tunc
313 3082 564 3140 ellieitur.
616 3083 801 3153 Neque
844 3088 990 3141 enim
1051 3100 1342 3158 antequam
1379 3091 1589 3144 dicatur
1631 3101 1732 3153 est,
1763 3110 1807 3170 ρ

148 3188 331 3242 neque
359 3186 541 3244 postea
598 3190 757 3243 quam
810 3177 971 3231 fuerit
1013 3181 1178 3242 dicta,
1231 3190 1343 3235 erat
1381 3181 1563 3236 habet.
1598 3182 1732 3247 Quia

149 3282 287 3337 ergo
320 3278 454 3335 erat,
503 3286 607 3324 non
640 3285 744 3324 vox
792 3280 896 3335 est,
928 3273 1021 3326 sed
1075 3272 1311 3326 Verbum
1362 3290 1379 3327 :
1417 3274 1575 3341 quale
1604 3273 1735 3328 Ver-

151 3356 323 3411 bum?
374 3357 430 3412 Si
484 3374 593 3414 non
623 3361 760 3414 dixit
799 3357 1056 3428 Joannes,
1085 3378 1391 3431 quaeramus
1433 3363 1519 3418 :si
1558 3375 1735 3417 autem

156 3451 315 3515 dixit,
356 3453 485 3520 quid
524 3454 863 3523 quaeremus?
901 3453 969 3508 Et
1002 3456 1162 3523 Deus,
1203 3456 1401 3525 inquit,
1445 3468 1559 3510 erat
1604 3455 1736 3510 Ver-

154 3544 301 3597 bum.
333 3544 410 3598 Tu
442 3548 577 3601 dicis
598 3562 806 3613 vocem,
836 3547 1075 3603 Joannes
1111 3558 1291 3602 autem
1333 3549 1430 3611 ait,
1459 3560 1569 3602 erat
1611 3547 1736 3601 Ver-

158 3636 302 3691 bum.
346 3638 411 3691 Et
440 3639 482 3692 si
512 3639 600 3692 ille
627 3641 846 3703 dixerit,
880 3639 945 3692 Et
986 3637 1204 3693 Verbum
1241 3651 1350 3693 erat
1376 3642 1517 3707 apud
1552 3640 1735 3706 Deum,

158 3735 220 3781 tu
248 3728 384 3782 dicis
409 3731 459 3781 in
488 3729 613 3796 Deo,
639 3742 694 3785 et
726 3746 833 3785 non
857 3731 997 3799 apud
1027 3730 1215 3784 Deum.
1242 3728 1311 3784 Ut
1343 3732 1486 3783 enim
1511 3732 1602 3793 sit,
1632 3746 1738 3784 non

155 3830 341 3877 tamen
377 3831 435 3875 ut
470 3824 740 3893 cogitatus
790 3825 860 3877 sit
892 3842 907 3878 :
944 3838 1122 3892 neque
1161 3824 1357 3876 iterum
1400 3832 1458 3875 ut
1487 3839 1608 3882 vox.
1644 3823 1740 3875 sed

153 3912 329 3969 Filius
361 3930 377 3968 :
408 3930 512 3967 vox
542 3915 684 3968 enim
733 3915 894 3969 habet
928 3916 1124 3968 fratres
1157 3933 1170 3968 :
1200 3915 1301 3968 mei
1354 3916 1498 3967 enim
1537 3915 1627 3984 qui
1662 3914 1740 3967 di-

152 4018 354 4060 cuntur
382 4022 661 4061 sermones
685 4008 958 4077 prioribus
984 4007 1166 4060 verbis
1198 4016 1323 4059 sunt
1343 4004 1538 4059 fratres
1572 4023 1585 4058 :
1622 4005 1742 4057 uui-

152 4098 370 4168 genitus
392 4108 570 4151 autem
605 4114 709 4151 non
741 4099 967 4167 suscipit
1003 4098 1217 4151 fratres.
1253 4096 1387 4150 Nam
1422 4107 1475 4150 et
1506 4098 1548 4149 si
1584 4105 1739 4148 vocat

151 4194 371 4251 fratres,
404 4192 856 4259 nuncupationem
897 4192 1081 4245 donat.
1117 4189 1175 4242 Si
1204 4200 1387 4242 autem
1420 4198 1475 4241 et
1506 4189 1738 4241 coha-re-

151 4283 251 4334 des
276 4296 482 4344 sumus,
516 4297 620 4334 non
662 4291 869 4334 natura:
902 4282 996 4333 sed
1039 4280 1227 4347 gloriae
1274 4279 1570 4347 accipimus
1599 4276 1734 4348 (98).

149 4376 237 4431 Ad
264 4374 407 4428 illam
434 4374 578 4427 enim
626 4384 874 4426 naturam
909 4388 1081 4442 neque
1125 4371 1413 4441 pervenies
1443 4382 1519 4432 tu,
1565 4384 1738 4438 neque

152 4468 297 4521 ullus
335 4467 627 4535 perveniet.
668 4466 823 4520 Sicut
852 4467 998 4520 enim
1035 4463 1196 4517 Pater
1232 4465 1452 4529 eminet,
1482 4474 1536 4517 et
1574 4479 1734 4532 supra

150 4574 369 4612 omnem
402 4569 645 4610 naturam
663 4568 743 4611 est
770 4558 911 4625 quod
936 4566 1013 4609 est
1033 4572 1137 4609 non
1159 4566 1317 4609 natus
1340 4573 1353 4608 :
1388 4554 1460 4608 ita
1487 4566 1539 4608 et
1568 4554 1733 4608 Filius

150 4665 316 4716 supra
350 4663 538 4702 omnes
569 4649 800 4701 habetur
834 4647 885 4700 in
918 4663 983 4701 eo
1015 4648 1159 4715 quod
1188 4656 1268 4700 est
1297 4646 1577 4714 progenies
1602 4660 1731 4698 vera

154 4742 298 4795 Deus
324 4741 463 4809 apud
498 4740 688 4805 Deum,
723 4740 861 4794 Deus
896 4741 961 4792 ad
994 4740 1271 4791 dexteram
1307 4738 1418 4797 Dei.
1454 4737 1592 4790 Deus
1621 4736 1733 4789 for-

154 4835 246 4898 tis,
280 4834 417 4886 Dens
447 4847 605 4900 quem
654 4833 805 4884 unxit
837 4831 1001 4885 Deus.
1048 4828 1359 4899 Agnoscitis
1416 4828 1727 4895 prophetica

154 4924 318 4978 verba
352 4923 487 4995 (99).
523 4923 663 4989 Quid
693 4925 768 4975 ait
796 4925 1055 4993 propheta
1088 4921 1295 4974 David?
1323 4919 1450 4973 Ideo
1487 4920 1634 4972 unxit
1661 4930 1729 4983 te,

151 5017 315 5078 Deus,
344 5017 479 5068 Deus
502 5027 621 5068 tuus
640 5015 707 5068 “.
738 5013 870 5068 Nam
900 5025 954 5068 et
974 5013 1129 5068 fortis
1160 5014 1333 5067 dictus
1372 5023 1456 5066 est
1487 5012 1555 5065 ab
1576 5011 1730 5074 Isaia,

148 5117 207 5163 et
238 5106 376 5161 Deus
405 5107 674 5162 nobiscum
696 5108 764 5171 ",
803 5122 925 5161 cum
949 5121 1018 5159 ex
1041 5104 1283 5175 Virgine.
1320 5103 1434 5157 Non
1454 5119 1582 5169 ergo
1612 5118 1733 5157 cum

149 5214 217 5253 ex
264 5198 482 5268 Virgine
525 5207 654 5252 tunc
702 5197 867 5263 Deus,
914 5198 1008 5251 sed
1069 5197 1351 5252 nobiscum
1407 5205 1552 5248 tunc.
1612 5193 1728 5248 Non

150 5290 387 5360 primum
423 5305 491 5344 ex
531 5287 773 5359 Virgine,
812 5290 905 5344 sed
940 5288 1173 5357 primum
1213 5301 1280 5341 ex
1323 5286 1451 5340 Deo.
1495 5285 1568 5340 Ex
1614 5285 1731 5338 Vir-

150 5382 278 5454 gine
321 5384 464 5437 enim
517 5393 736 5452 propter
775 5381 1256 5451 dispensationem,
1295 5393 1358 5432 ex
1402 5380 1508 5432 Deo
1547 5388 1728 5432 autem

220 5491 268 5525 ⁸⁵
293 5491 438 5547 Pszd.
470 5509 611 5558 κων,
639 5493 692 5548 8.
794 5494 840 5525 "
862 5494 1040 5562 Ιεὶι-ν,
1072 5494 1143 5560 3i
1178 5508 1271 5553 νην
1306 5492 1392 5545 “-

151 5577 207 5631 ι,
232 5564 318 5627 tt,
349 5565 436 5620 t5.

496 5664 620 5719 Non
659 5674 901 5741 naturam
932 5661 1270 5741 sed-gloriam
1298 5660 1617 5725 acciuimus.

226 5735 336 5808 (99}
369 5737 466 5790 Ms.
496 5737 773 5805 Agnoscite
805 5735 1108 5803 prophetica
1145 5735 1316 5787 verba.

314 5840 321 5845 '
396 5830 667 5889 Ρηιιοι..
701 5825 818 5888 Gn.
844 5825 1081 5888 ΧΧΝ.

1484 5490 1553 5560 _”
1585 5489 1739 5545 Joan.
1779 5504 1869 5554 ut,
1893 5488 1983 5544 56.

1843 499 2083 567 poribus,
2139 511 2207 551 ex
2257 497 2367 552 Deo
2415 507 2541 551 ante
2594 498 2810 552 saecula.
2867 500 2941 553 Ex
2991 497 3232 572 Virgine,
3296 517 3417 555 cum

1845 588 2191 655 hominibus;
2245 602 2311 643 ex
2352 588 2461 643 Deo
2500 598 2678 643 autem
2729 601 2853 644 ante
2891 606 3100 646 omnes.
3157 592 3281 649 Istic
3327 607 3419 647 er-

1842 694 1911 748 go
1941 690 1995 734 et
2030 681 2481 750 dispensationem
2522 682 2807 747 conﬁtere,
2852 692 2908 737 et
2946 691 3195 738 naturam
3239 685 3420 741 delere

1844 771 1970 837 noli,
2010 789 2107 828 nec
2149 775 2461 842 exstinguas
2505 777 2597 829 tibi
2651 774 2828 830 lumen
2865 776 2961 846 (Al).
3015 774 3071 831 Si
3117 777 3332 845 quidem
3364 786 3420 832 et

1843 864 1932 932 qui
1964 864 2148 920 oculos
2177 865 2433 921 claudunt
2463 884 2615 935 suos,
2655 882 2758 921 non
2806 868 2984 923 lumen
3040 870 3415 938 exstinguunt,

1841 960 1935 1013 sed
1959 958 2057 1028 ipsi
2087 959 2287 1014 lumine
2312 978 2416 1014 non
2453 961 2722 1015 frutmtur.
2757 960 2889 1015 Nam
2918 971 2970 1016 et
3001 961 3044 1017 si
3069 962 3190 1031 quis
3232 961 3416 1017 lumen

1844 1066 2029 1104 verum
2061 1068 2166 1106 non
2209 1053 2371 1107 fuerit
2419 1053 2724 1117 confessus,
2771 1070 2875 1107 non
2926 1053 3054 1108 illud
3101 1056 3264 1119 delet,
3321 1056 3417 1110 sed

1843 1143 1956 1211 ipse
1989 1155 2167 1198 manet
2191 1145 2243 1199 in
2273 1147 2530 1201 tenebris.
2579 1148 2652 1202 Ita
2700 1149 2842 1201 enim
2886 1148 3000 1217 ipse
3033 1148 3198 1203 Filius
3231 1149 3363 1204 dicit
3398 1169 3413 1207 :

1844 1234 1947 1299 Qui
1978 1252 2081 1290 non
2137 1238 2418 1291 crediderit
2458 1240 2510 1292 in
2550 1237 2772 1302 Filium,
2811 1258 2913 1293 non
2958 1241 3172 1304 videbit,
3205 1242 3295 1295 sed
3334 1243 3418 1296 ira

1840 1328 1939 1381 Dei
1962 1339 2134 1383 manet
2170 1347 2327 1399 super
2348 1332 2514 1393 ipsum
2543 1331 2610 1386 ⁸⁸.
2638 1333 2766 1398 Qua:
2805 1332 2920 1386 ira?
2959 1333 3049 1388 illa
3080 1335 3265 1405 utique
3298 1350 3419 1405 qua:

1843 1420 1909 1474 ab
1936 1420 2111 1475 initio.
2149 1422 2248 1487 Qui
2281 1424 2425 1478 enim
2474 1440 2581 1478 non
2630 1426 2918 1480 confitetur
2960 1441 3081 1481 eum
3129 1443 3223 1497 per
3257 1444 3416 1499 quem

1840 1522 2129 1567 revocatur
2166 1515 2457 1580 sententia,
2486 1517 2597 1584 ipse
2635 1518 2919 1572 adversum
2947 1534 3005 1573 se
3038 1520 3210 1589 ipsum
3262 1536 3419 1576 revo-

1839 1612 1928 1657 cat
1964 1606 2309 1663 sententiam.
2341 1606 2559 1676 Negotia
2600 1610 2745 1662 enim
2777 1622 3029 1678 separata
3074 1612 3275 1667 habent
3316 1628 3417 1667 na-

1841 1703 2016 1749 turam
2052 1712 2067 1749 :
2098 1697 2265 1751 nostri
2305 1709 2483 1753 autem
2508 1700 2770 1767 cogitatus
2803 1701 3075 1769 accipiunt
3112 1702 3416 1769 fructum,a

1839 1788 2071 1843 veritate
2092 1789 2309 1859 quidem
2341 1791 2524 1854 vitam,
2558 1807 2587 1845 a
2613 1792 2895 1847 mendacio
2929 1802 3107 1847 autem
3139 1809 3331 1849 noxam
3360 1803 3418 1851 et

1839 1880 2214 1949 perditionem.
2250 1882 2305 1935 Si
2338 1883 2459 1950 quis
2490 1882 2635 1936 enim
2680 1884 3011 1952 percusserit
3051 1895 3212 1954 caput
3256 1901 3415 1941 suum

1838 1972 1904 2025 ad
1945 1981 2171 2041 petram,
2201 1984 2352 2043 petra
2385 1975 2601 2043 quidem
2642 1975 2756 2044 ipsa
2787 1984 2990 2042 manet,
3035 1987 3199 2046 caput
3230 1988 3412 2032 autem

1839 2061 1908 2115 ab
1939 2062 2246 2133 insipientia
2289 2065 2485 2133 accipit
2516 2064 2749 2134 plagam,
2791 2062 2930 2120 forte
2959 2074 3137 2120 autem
3171 2075 3226 2120 et
3269 2067 3415 2135 peri-

1844 2155 2044 2209 culum.
2091 2157 2231 2210 Dicit
2289 2172 2420 2211 sane
2473 2164 2529 2211 et
2585 2146 2872 2224 Apostolus
2926 2173 2940 2209 :
2991 2153 3415 2211 Fundamentum

1837 2247 1985 2301 aliud
2006 2264 2152 2302 nemo
2178 2258 2347 2319 potest
2365 2266 2558 2318 ponere
2602 2260 2792 2318 prazter
2817 2266 2935 2303 eum
2972 2250 3063 2319 qui
3097 2259 3169 2303 est
3211 2252 3415 2320 positus

1838 2335 2078 2393 Christus
2128 2340 2281 2394 Jesus
2324 2342 2407 2408 ’9;
2472 2352 2526 2395 et
2574 2342 2763 2395 iterum
2814 2362 2828 2397 :
2880 2339 3039 2395 Petra
3096 2356 3271 2397 autem
3303 2352 3417 2398 erat

1838 2429 2075 2484 Christus
2103 2433 2143 2483 ί.
2190 2431 2247 2485 Si
2281 2432 2349 2485 ad
2395 2433 2553 2485 istam
2605 2443 2814 2501 petram
2866 2443 3028 2503 caput
3079 2435 3416 2504 percusseris

1839 2530 2007 2583 tuum,
2042 2522 2272 2577 scissum
2299 2533 2383 2578 est
2413 2525 2555 2594 quod
2600 2525 2813 2579 volebas
2843 2544 2857 2580 :
2902 2525 2946 2581 si
2979 2537 3156 2581 autem
3197 2528 3413 2584 confes-

1836 2630 1933 2669 sus
1961 2614 2129 2668 fueris
2164 2615 2366 2679 lumen,
2400 2615 2623 2671 habebis
2667 2619 2809 2685 quod
2842 2619 3143 2676 conﬁteris.
3179 2619 3236 2675 Si
3268 2621 3411 2675 enim

1836 2705 2061 2773 apostoli
2095 2707 2416 2774 quibusdam
2449 2708 2665 2775 quidem
2695 2708 2829 2762 odor
2858 2710 3048 2764 mortis
3080 2711 3145 2765 ad
3178 2718 3409 2764 mortem

1838 2805 1983 2859 suut,
2011 2795 2335 2864 quibusdam
2372 2808 2550 2851 autem
2596 2800 2730 2850 odor
2773 2801 2895 2853 vitae
2929 2799 2996 2853 ad
3033 2800 3229 2863 vitam;
3265 2799 3308 2854 si
3339 2799 3414 2854 illi

1837 2884 1929 2953 qui
1970 2901 2064 2951 per
2103 2884 2376 2940 Christum
2422 2889 2502 2941 sal
2547 2897 2694 2947 sunt.
2741 2898 2792 2941 et
2845 2891 2935 2959 qui
2990 2905 3085 2960 per
3141 2890 3415 2946 Christum

1839 2976 2121 3029 luminaria
2156 2977 2481 3042 eiliciuntur,
2522 2980 2588 3032 ad
2630 2991 2856 3033 mortem
2904 2990 2958 3036 et
3005 2983 3072 3036 ad
3115 2982 3281 3040 vitam
3330 2983 3417 3036 his

1838 3069 1928 3138 qui
1969 3069 2194 3123 credunt
2220 3080 2274 3124 et
2302 3072 2392 3140 qui
2440 3089 2544 3124 non
2593 3074 2822 3128 credunt.
2870 3074 3183 3129 habentur:
3214 3087 3419 3144 quanto

1842 3161 2011 3229 magis
2047 3162 2090 3215 is
2131 3164 2221 3230 qui
2264 3163 2486 3216 donavit
2534 3166 2648 3219 ιιωο
2691 3166 2999 3221 hominibus
3034 3166 3322 3221 Christus?
3359 3167 3418 3221 Si

1837 3253 1974 3321 quis,
2022 3252 2216 3322 inquit,
2272 3270 2359 3307 vos
2398 3270 2501 3307 non
2549 3257 2853 3326 susceperit,
2915 3269 3155 3312 exeuntes
3195 3259 3420 3312 excutite

1840 3346 2100 3409 pulverem
2141 3354 2205 3399 de
2244 3348 2460 3415 pedibus
2490 3348 2673 3401 vestris
2714 3365 2733 3403 :
2775 3349 3100 3404 tolerabilius
3139 3351 3276 3404 enim
3314 3352 3419 3405 erit

1841 3445 1995 3490 terrm
2041 3437 2396 3492 Sodomorum
2429 3442 2483 3493 in
2527 3441 2609 3493 die
2641 3441 2852 3509 iudicii,
2895 3460 3052 3513 quam
3091 3444 3287 3497 civitati
3336 3444 3419 3498 illi

1838 3543 1953 3595 qua:
1970 3544 2053 3580 vos
2084 3545 2185 3581 non
2212 3530 2429 3597 suscipit
2459 3531 2547 3599 qui
2574 3546 2606 3583 a
2636 3547 2716 3583 me
2747 3532 2894 3585 missi
2923 3534 3046 3586 estis
3077 3534 3115 3587 ‘.
3146 3536 3201 3588 Si
3237 3546 3416 3592 auten:

1841 3621 1963 3687 quis
1987 3620 2158 3688 ipsqu
2194 3636 2297 3673 non
2326 3623 2625 3689 susceperit
2650 3624 2924 3676 Christum
2962 3643 2974 3677 :
3015 3629 3141 3692 quid
3180 3627 3225 3680 si
3250 3631 3415 3682 etiam

1844 3727 1948 3764 non
1975 3711 2147 3764 solum
2179 3727 2284 3764 non
2316 3713 2640 3781 susceperit,
2667 3716 2761 3770 sed
2802 3717 3115 3772 interimere
3150 3720 3422 3775 voluerit?

1841 3802 1883 3855 si
1907 3818 2070 3856 ausus
2100 3804 2221 3872 quis
2261 3804 2419 3856 fuerit
2444 3804 2644 3862 dicere.
2674 3806 2796 3873 quia
2834 3807 2950 3859 sine
2976 3806 3111 3862 Filio
3142 3820 3226 3863 est
3249 3808 3412 3875 Deus,

1839 3902 1932 3946 aut
1961 3894 2083 3961 quia
2140 3895 2256 3947 sine
2300 3893 2462 3947 Patre
2509 3905 2594 3947 est
2644 3894 2853 3949 Filius?
2907 3896 3029 3951 llaec
3079 3898 3223 3952 enim
3271 3915 3418 3956 nunc

1840 3983 2057 4051 quidam
2105 3983 2507 4037 calumniantur
2549 3988 2816 4049 dicentes,
2865 3988 2991 4056 quia
3025 3989 3138 4057 ipse
3180 3991 3284 4046 sibi
3334 4001 3419 4048 est

1841 4072 2021 4135 Pater,
2058 4072 2172 4141 ipse
2199 4083 2284 4127 est
2312 4084 2364 4125 et
2391 4073 2578 4138 Filius,
2610 4085 2792 4130 etnon
2834 4088 2918 4130 est
2958 4076 3148 4136 Filius.
3186 4079 3242 4136 Si
3272 4082 3416 4136 enim

1837 4163 2001 4218 Pater
2025 4166 2135 4236 ipse
2159 4166 2261 4219 sibi
2300 4176 2382 4219 est
2411 4176 2595 4236 pater,
2642 4185 2745 4222 non
2778 4180 2864 4223 est
2910 4169 3091 4236 Pater,
3138 4175 3264 4242 quia
3304 4176 3421 4243 ipse

1838 4256 1939 4310 sibi
1990 4268 2045 4309 et
2098 4258 2237 4310 titius
2298 4269 2397 4317 est.
2448 4270 2505 4312 ut
2542 4261 2710 4313 aiunt.
2758 4260 3014 4316 Ludimus
3062 4263 3117 4316 in
3165 4264 3408 4322 divinis:

1840 4343 2231 4398 irrationabilia
2257 4347 2400 4398 enim
2439 4347 2542 4400 ista
2574 4362 2639 4400 ne
2670 4348 2885 4417 quidem
2912 4349 3063 4418 parvi
3096 4352 3417 4420 suscipiunt.

1771 4463 1811 4516 ο
1845 4434 1920 4489 De
1950 4437 2034 4489 his
2077 4452 2208 4491 sane
2246 4440 2588 4493 sermonibus
2626 4455 2787 4493 uuunt
2831 4439 3207 4495 brevissimum
3240 4443 3419 4497 infan-

1847 4537 1951 4579 tem
1995 4528 2286 4599 interroga,
2316 4531 2404 4598 qui
2442 4532 2614 4600 prima
2652 4540 2837 4599 utpote
2888 4548 3018 4587 voce
3055 4533 3419 4602 qualitercun-

1841 4635 1946 4688 que
1972 4621 2201 4687 cwperit
2243 4621 2409 4693 loqui,
2446 4635 2501 4679 et
2528 4627 2689 4681 dicito
2710 4628 2795 4682 ei;
2825 4627 2985 4682 Pater
3013 4636 3136 4681 tuus
3174 4628 3262 4681 ubi
3301 4631 3421 4683 est?

1839 4712 1947 4763 Aut
1981 4711 2120 4765 sicut
2149 4727 2551 4770 consueverunt
2600 4717 2842 4772 infantes
2882 4728 3090 4789 patrem
3139 4718 3415 4787 appellare

1841 4809 1886 4861 si
1929 4809 2280 4878 semetipsum
2329 4813 2659 4875 ostenderit,
2720 4817 2900 4883 arguit
2953 4830 3041 4867 me
3094 4815 3273 4870 infans
3316 4837 3330 4872 :
3374 4818 3419 4871 si

1841 4910 2020 4954 autem
2057 4903 2317 4971 parvulus
2347 4905 2529 4958 statim
2568 4914 2627 4957 ut
2656 4903 2823 4959 fuerit
2859 4906 3222 4978 interrogatus
3257 4911 3418 4966 intel-
3478 4975 3491 4989 '

1843 4994 2037 5048 lexerit
2072 4998 2199 5064 quid
2231 4998 2430 5065 quaaris
2474 4997 2542 5051 ab
2574 5011 2658 5061 eo,
2695 5012 2819 5051 eum
2867 4999 2957 5067 qui
3006 5015 3066 5054 se
3105 5003 3291 5070 genuit
3324 5018 3416 5056 os—
3488 5021 3502 5047 ·.

1848 5094 2020 5148 tendit
2052 5112 2067 5157 _:
2103 5092 2224 5146 vide
2268 5090 2398 5160 quid
2446 5090 2623 5144 audis.
2679 5090 2813 5145 Cmn
2867 5102 3048 5145 autem
3098 5094 3418 5149 benedictus
3499 5082 3507 5093 ’

1838 5188 2030 5251 Filius,
2066 5194 2255 5241 tenens
2284 5198 2503 5254 panem,
2545 5183 2688 5237 levat
2715 5198 2907 5237 manus
2933 5200 3059 5239 suas
3087 5201 3325 5250 sursum,
3360 5196 3416 5241 ut

1840 5292 1986 5337 tuam
2023 5292 2258 5349 mentem
2289 5280 2354 5332 ad
2384 5294 2505 5334 eum
2541 5281 2631 5346 qui
2664 5293 2722 5334 se
2754 5280 2937 5349 genuit
2970 5279 3216 5342 extollat,
3254 5295 3415 5336 nosce

1837 5376 2074 5438 Patrem,
2109 5384 2163 5427 et
2189 5387 2338 5427 cessa
2384 5386 2582 5441 negare
2616 5370 2834 5425 Filium.
2870 5371 2926 5426 Si
2970 5372 3135 5442 igitur
3166 5370 3421 5443 Unigeni-

2092 5485 2335 5542 "lCor.
2379 5488 2543 5551 III,“
2678 5488 2695 5519 ί
2727 5486 2897 5541 lCor.
2944 5489 3081 5551 πμ.
3182 5486 3419 5546 'Mattb.

1907 5654 1985 5725 (l)
2022 5651 2119 5709 Ms.
2146 5651 2229 5707 Ne
2247 5654 2554 5724 exstinguas
2585 5653 2678 5707 tibi
2703 5652 2897 5708 lumen.

2975 5809 3055 5871 ει
