3810 6218
1062 294 1341 350 ἰςυδΕΒιι
1380 293 1860 350 (ὲᾶςδᾹΗῐΕΝὸιὸ
1898 293 1952 345 Ui

2090 289 2271 346 PARS
2309 290 2396 348 Ν.
2431 322 2500 335 -—
2537 290 2965 349 DOGM'ATICA.
3509 287 3645 346 mss

370 301 521 359 1067

380 426 474 475 tus
494 414 627 472 dicit
661 432 676 470 :
714 412 902 479 Pater,
927 410 1126 485 gratias
1164 431 1263 486 ago
1306 414 1428 480 tibi,
1470 414 1598 487 quia
1645 429 1846 484 semper
1888 428 1967 467 me
1995 414 2043 473 Α
2068 412 2248 469 omnis
2270 413 2461 469 beatus
2485 412 2655 480 audit,
2680 412 2807 474 inde
2835 420 2892 467 et
2922 425 3024 467 nos
3053 408 3295 467 universi
3340 408 3643 465 audiemus.

379 508 645 564 exaudiui
674 521 693 560 :
720 506 812 560 sed
838 515 1047 577 propter
1066 506 1489 561 circumstantem
1522 506 1773 576 populum
1798 506 1959 560 istum
2063 506 2106 560 A
2138 505 2277 561 Filio
2302 505 2438 562 nihil
2477 506 2661 561 audiat
2707 519 2926 574 sponsa,
2966 505 3109 574 quod
3158 517 3267 558 non
3321 510 3409 557 est
3464 502 3644 571 sponsi

380 600 522 664 dico,
552 607 610 653 ut
639 596 857 653 credant
886 597 1013 666 quia
1041 606 1097 651 tu
1137 613 1220 652 me
1250 596 1441 652 misisti
1467 597 1508 651 ³.
1551 596 1658 653 Ista
1688 596 1957 666 interpre-

383 693 588 747 tatione
632 704 738 745 non
779 688 1067 760 indigent:
1094 697 1151 745 et
1179 687 1431 744 sedemus
1459 695 1519 743 ut
1573 687 1860 752 insensati,
1905 694 1963 741 et

369 780 642 838 ludimus.
696 780 833 837 Num
900 781 1253 852 semetipsum
1319 780 1509 852 genuit
1571 777 1772 835 Pater?
1829 792 1960 832 num

381 873 736 943 semetipsum
783 873 978 929 misit?
1010 888 1139 928 num
1165 873 1515 943 semetipsum
1546 878 1688 937 orat,
1731 878 1787 926 et
1830 869 1962 925 sibi-

380 966 595 1037 metipsi
621 964 826 1038 gratias
859 965 989 1037 agit,
1028 974 1086 1020 et
1144 964 1261 1036 ipse
1301 963 1405 1020 sibi
1456 973 1543 1021 est
1582 962 1775 1030 Filius,
1831 961 1953 1034 ipse

380 1057 485 1113 sibi
523 1066 606 1113 est
636 1056 901 1127 pontifex,
934 1057 1049 1128 ipse
1104 1056 1208 1113 sibi
1237 1066 1320 1113 est
1350 1070 1544 1128 agnus,
1581 1054 1697 1127 ipse
1732 1053 1836 1111 sibi
1864 1061 1955 1110 est

382 1148 496 1211 via,
520 1147 635 1217 ipse
667 1149 769 1204 sibi
837 1158 923 1205 est
963 1147 1166 1221 ianua?
1213 1148 1281 1204 Et
1323 1149 1443 1219 quis
1477 1150 1613 1216 hac,
1647 1146 1862 1204 etiamsi
1889 1147 1963 1203 sit

374 1240 887 1310 'insipientissimus,
937 1241 1214 1313 patietur?
1263 1240 1398 1295 Num
1448 1255 1558 1296 una
1613 1255 1718 1295 vox
1776 1249 1860 1295 est
1902 1248 1961 1293 ut

379 1332 895 1401 circumveniamus,
930 1349 1033 1389 una
1071 1342 1155 1390 est
1177 1334 1354 1389 littera
1383 1343 1442 1388 ut
1473 1332 1787 1390 deleamus?
1820 1331 1961 1388 Dicit

380 1424 527 1480 enim
577 1425 771 1481 iterum
829 1424 1148 1481 Dominuss:
1188 1425 1328 1481 Ecce
1381 1441 1475 1496 ego
1528 1424 1692 1497 diligo
1743 1422 1961 1480 Patrem

382 1530 556 1569 meum
579 1514 623 1580 ⁵,
656 1532 749 1586 ego
781 1515 979 1571 honoro
1020 1515 1235 1571 Patrem
1260 1532 1433 1570 meum
1456 1516 1500 1580 ⁸,
1542 1500 1838 1585 θρα-α’ᾳιιω
1865 1529 1959 1585 ego

382 1607 524 1677 facio
543 1608 633 1663 ille
652 1609 801 1679 facit,
836 1607 1001 1664 Pater
1038 1624 1183 1664 meus
1222 1609 1461 1679 quotidie
1490 1616 1747 1677 aperatur
1783 1618 1833 1664 et
1864 1624 1960 1678 ego

362 1714 571 1769 -operor
596 1701 639 1763 ⁸,
668 1699 715 1752 si
749 1699 960 1753 creditis
989 1699 1045 1752 in
1072 1697 1237 1753 Deum
1269 1709 1317 1752 et
1346 1699 1401 1753 in
1436 1714 1519 1753 me
1559 1699 1793 1765 creditis,
1824 1697 1960 1753 uado

2062 597 2168 652 sui.
2201 597 2259 653 Si
2288 597 2504 668 quidem
2534 612 2640 652 non
2666 596 2793 653 licet
2832 610 3044 665 sponsae
3074 594 3308 650 alienam
3362 595 3646 665 suscipere

2063 687 2119 742 itt
2164 687 2385 743 auribus
2425 703 2647 752 vocem,
2680 689 2845 744 etiam
2878 688 2927 743 si
2948 686 3157 742 Paulus
3211 688 3380 743 dicat.
3436 686 3547 743 Sed
3589 698 3647 741 ut

2060 793 2168 833 non
2194 777 2465 836 dubitaret
2488 794 2686 849 sponsa
2720 779 2790 835 de
2839 778 3029 846 Paulo,
3066 779 3146 834 ait
3178 779 3293 850 ipse
3324 798 3339 835 :
3378 778 3465 835 Αιι
3492 795 3649 850 expc.

2060 870 2338 926 rimentum
2351 872 2595 943 quwritis
2616 871 2730 940 ejus
2749 872 2841 940 qui
2865 872 2921 925 in
2947 887 3029 924 me
3046 869 3548 937 loquitur'Cltristus
3573 870 3650 926 ιη

2056 963 2393 1036 Desponsavi
2422 965 2566 1020 enim
2597 978 2721 1032 vos,
2763 964 2955 1036 inquit,
2994 966 3111 1020 viro
3139 964 3275 1030 'uni;
3310 979 3418 1021 non
3450 973 3637 1019 tamen

2060 1057 2281 1129 populo,
2337 1057 2433 1113 sed
2493 1056 2587 1112 uni
2646 1057 2924 1128 unigenito
2983 1071 3090 1112 una
3141 1071 3362 1128 sponsa.
3411 1056 3645 1111 Amicus

2062 1149 2206 1204 enim
2257 1148 2442 1221 sponsi
2489 1148 2577 1205 ille
2612 1158 2697 1205 est
2727 1149 2817 1219 qui
2841 1149 3050 1220 'gaudet
3076 1149 3144 1205 de
3193 1164 3395 1221 sponsa
3425 1150 3639 1219 sponsi.

2060 1239 2179 1297 Non
2201 1249 2286 1297 est
2315 1240 2476 1295 vidua
2509 1249 2695 1297 saneta
2729 1241 2991 1298 Ecclesia.
3032 1240 3180 1298 Vivit
3218 1242 3366 1298 enim
3410 1242 3504 1312 qui
3544 1256 3645 1312 pro

2058 1332 2175 1403 ipsa
2204 1340 2287 1388 est
2325 1342 2596 1389 mortuus.
2649 1332 2834 1405 Angeii
2874 1349 2982 1389 non
3030 1345 3314 1391 mortuum
3366 1336 3641 1392 adorant;

2059 1422 2155 1478 sed
2178 1422 2284 1477 vita
2308 1432 2447 1488 erat,
2487 1430 2627 1488 erat,
2648 1414 2790 1490 erat,
2812 1434 2867 1479 et
2894 1433 2999 1491 est,
3035 1435 3092 1480 et
3127 1440 3230 1480 non
3282 1436 3467 1482 cessat
3500 1440 3639 1483 esse.

2058 1503 2427 1585 Neque‘euim
2451 1515 2617 1584 coepit
2640 1528 2672 1569 a
2703 1514 3073 1586 temporibus;
3098 1530 3286 1587 neque
3317 1517 3557 1572 cessavit
3587 1516 3638 1572 in

2060 1605 2256 1662 saecula
2303 1606 2406 1679 (1).
2456 1604 2699 1677 Regnum
2748 1608 2893 1663 enim
2945 1606 3061 1677 ejus
3094 1623 3198 1663 non
3241 1608 3406 1664 habet
3438 1609 3636 1672 linem:

2063 1699 2191 1770 quia
2225 1714 2330 1755 non
2359 1700 2656 1771 temporale
2694 1700 2977 1772 imperium
3021 1699 3139 1770 eius
3172 1710 3276 1767 est,
3317 1702 3417 1758 sed
3454 1717 3643 1773 perpe-

362 1765 453 1845 -ad
484 1788 697 1845 Patrem
737 1807 909 1845 meum
933 1791 977 1847 ⁷.
1002 1789 1217 1846 Gratias
1251 1790 1382 1861 agit,
1414 1798 1556 1855 orat,
1598 1789 1739 1846 viam
1765 1799 1964 1845 semet-
1992 1765 2037 1822 Β
2066 1765 2237 1847 tuum.
2284 1765 2519 1863 Tempus
2550 1793 2697 1848 enim
2740 1765 3289 1860 resurrectionis‘est,
3330 1803 3388 1850 et
3427 1765 3640 1866 tempus

366 1881 556 1951 ipsum
583 1892 763 1949 vocat,
799 1891 860 1936 ut
894 1896 1159 1953 agnoscas
1195 1882 1262 1937 ad
1292 1896 1455 1952 quem
1499 1881 1650 1939 vadis
1683 1900 1697 1938 :
1732 1881 1958 1953 ianuam

361 1976 730 2044 semetipsum
757 1973 888 2028 dicit
916 1981 962 2038 ο,
992 1982 1053 2028 ιιι
1076 1988 1339 2043 agnoscas
1379 1974 1447 2029 ad
1481 1987 1640 2044 quem
1680 1973 1953 2045 ingredie-

375 2068 459 2122 ris
498 2084 512 2120 :
544 2065 733 2134 Pater,
761 2066 959 2135 inquit,
988 2082 1133 2120 meus
1164 2066 1399 2137 agricola
1423 2073 1523 2133 est,
1554 2076 1603 2121 et
1626 2082 1717 2137 ego
1744 2067 1860 2122 uitis
1882 2067 1911 2100 ⁹
1939 2084 1956 2124 :

363 2158 507 2214 Vitis
548 2167 603 2213 et
654 2159 892 2228 agricola
931 2174 1073 2213 unus
1129 2158 1246 2213 est?
1299 2156 1451 2215 Hanc
1496 2161 1956 2230 comparationem

374 2249 640 2307 Dominus
665 2251 822 2319 dixit,
858 2260 917 2306 ut
949 2266 1019 2306 ne
1045 2251 1167 2322 quis
1190 2267 1276 2307 me
1309 2252 1687 2322 reprehendat.
1722 2250 1836 2322 Ego
1859 2266 1958 2305 au-

368 2350 488 2398 ‘tem
530 2344 653 2398 volo
677 2352 737 2399 ut
764 2359 851 2399 me
887 2345 1102 2414 quidem
1150 2357 1340 2400 omnes
1377 2345 1627 2402 homines
1664 2344 1960 2413 reprehen-

368 2435 555 2488 dant:
589 2448 689 2502 ego
727 2443 911 2487 autem
960 2432 1126 2488 volo:
1172 2433 1384 2489 Domini
1433 2446 1615 2489 autem
1647 2432 1958 2489 custodiant

374 2524 564 2580 verba.
599 2523 851 2577 Desceudi
882 2523 946 2576 de
985 2523 1111 2577 caelo
1152 2530 1211 2577 ut
1246 2524 1441 2593 faciam
1477 2522 1798 2578 voluntatem
1840 2524 1955 2590 ejus

376 2616 471 2685 qui
509 2630 590 2669 me
619 2614 759 2667 misit
779 2614 831 2645 ‘"
858 2633 874 2668 :
903 2612 1139 2669 obedivit
1181 2621 1358 2669 autem
1382 2628 1555 2683 usque
1602 2614 1669 2668 ad
1702 2624 1952 2670 mortem.

374 2703 491 2760 Sed
529 2705 655 2773 quid
708 2719 851 2759 nunc
887 2719 1022 2773 opus
1050 2714 1135 2761 est
1162 2703 1354 2760 Pauli?
1393 2719 1699 2774 quanquam
1729 2714 1782 2759 et
1812 2701 1956 2758 Pau-

364 2794 465 2850 ‘lus
494 2810 603 2849 non
631 2796 945 2851 testimonio
974 2811 1074 2852 suo
1102 2796 1283 2865 dicat;
1328 2805 1503 2852 tamen
1537 2797 1662 2867 quia
1702 2798 1819 2868 ipse
1850 2796 1957 2852 Do-

378 2889 558 2943 minus
596 2903 701 2943 non
741 2890 979 2954 auditur,
1021 2898 1081 2944 ut
1108 2889 1238 2958 quid
1273 2889 1340 2944 de
1377 2889 1688 2945 domeSticis
1716 2890 1833 2959 ejus
1869 2898 1957 2943 est

370 2981 601 3036 sermo?
629 2981 718 3035 Vis
750 2996 881 3035 sane
910 2982 1178 3035 honorare
1204 2978 1423 3045 Filium,
1457 2991 1515 3034 ut
1548 2981 1661 3035 vult
1698 2981 1809 3047 ille,
1846 2996 1952 3036 non

380 3083 439 3126 ut
462 3082 517 3125 tu
543 3072 640 3126 vis.
663 3070 795 3125 Num
818 3072 863 3126 si
890 3072 1096 3127 dixeris
1119 3086 1221 3126 non
1252 3081 1353 3137 est,
1380 3072 1679 3138 houorasti,
1705 3074 1749 3127 si
1779 3073 1947 3128 inter-

365 3166 578 3217 emeris
620 3177 780 3233 quem
830 3179 936 3217 non
1005 3172 1293 3232 potuerunt
1342 3162 1547 3219 Judaei?
1588 3162 1757 3220 Judaei
1807 3167 1952 3219 enim

366 3254 515 3309 fabri
540 3254 705 3307 lilium
752 3269 876 3309 eum
917 3263 1263 3324 putaverunt,
1291 3265 1345 3310 et
1375 3264 1435 3309 ut
1465 3254 1605 3311 fabri
1656 3255 1823 3310 lilium
1870 3256 1955 3312 in-

368 3346 743 3411 terfecerunt;
801 3355 855 3400 tu
894 3355 965 3400 ‘ut
1014 3345 1209 3401 Filium
1262 3346 1354 3400 Dei
1405 3345 1694 3402 interficis.
1745 3344 1851 3401 Sed
1894 3357 1951 3402 tu

375 3438 648 3504 morieris,
691 3454 797 3492 non
835 3436 942 3493 ille.
979 3438 1097 3494 Non
1126 3438 1268 3495 enim
1314 3452 1380 3492 ex
1416 3438 1502 3493 his
1534 3453 1654 3508 qua:
1707 3446 1766 3494 tu
1795 3440 1951 3504 dicis,

377 3530 469 3583 ille
499 3544 607 3583 non
649 3537 732 3583 est
767 3542 782 3581 :
813 3529 907 3583 sed
952 3543 1019 3584 ex
1068 3529 1149 3583 his
1180 3528 1298 3597 quae
1338 3544 1442 3583 non
1484 3530 1682 3597 credis,
1731 3539 1785 3586 tu
1845 3545 1953 3586 non

376 3623 505 3676 eris.
529 3620 663 3688 Quae
706 3622 909 3692 scripta
957 3632 1083 3677 sunt
1115 3622 1300 3688 dicito,
1332 3628 1388 3678 et
1417 3622 1829 3694 derelinquetur
1857 3623 1946 3679 iis.

375 3712 491 3767 Non
528 3729 710 3767 meum
727 3721 795 3766 et
830 3723 1002 3779 tuum,
1034 3714 1127 3768 sed
1169 3729 1288 3784 qua:
1330 3714 1635 3769 communia
1680 3724 1807 3770 sunt
1847 3715 1950 3771 Ec-

374 3805 572 3859 clesiae.
608 3805 740 3870 Quis
761 3805 904 3858 enim
948 3812 1001 3858 te
1026 3802 1268 3874 iudicat?
1296 3804 1426 3872 quid
1466 3804 1636 3859 habes
1667 3805 1811 3874 quod
1841 3820 1950 3861 non

375 3895 667 3963 accepisti?
701 3893 817 3948 Non
848 3895 949 3948 ista
970 3901 1053 3948 est
1082 3908 1181 3948 vox
1220 3892 1371 3948 Pauli
1394 3892 1486 3963 qui
1518 3892 1596 3948 ait
1626 3910 1641 3948 :
1680 3892 1768 3948 Ea:
1800 3904 1953 3964 parte

374 3986 730 4055 agnoscimus,
765 3995 815 4039 et
845 4000 911 4040 ea:
940 3996 1088 4054 parte
1122 3985 1493 4053 prophetamus
1533 3984 1618 4039 “7
1666 3983 1792 4040 Haec
1819 3985 1953 4040 dixit

376 4076 593 4142 Paulus,
636 4092 703 4131 ne
747 4089 877 4131 sane
927 4076 1073 4130 solus
1113 4083 1395 4145 putaretur
1443 4089 1508 4130 ex
1548 4084 1725 4145 parte,
1773 4076 1868 4131 sed
1897 4084 1953 4130 et

375 4168 626 4237 Apostoli
660 4184 779 4221 cum
805 4168 922 4236 ipso
950 4166 1041 4237 qui
1077 4169 1341 4232 ait,-nuuc
1358 4167 1595 4223 uidemus
1637 4184 1730 4239 per
1763 4184 1954 4240 specu-

374 4260 485 4313 lum
524 4259 588 4313 ¹¹.
616 4257 720 4312 Sed
752 4257 951 4311 Paulus
982 4272 1077 4326 per
1108 4257 1427 4325 speculum;
1458 4267 1513 4313 tu
1539 4269 1723 4314 autem
1753 4272 1808 4315 et
1829 4260 1951 4316 istic

374 4354 483 4422 iam
503 4352 580 4407 vis
625 4350 762 4405 facie
789 4352 856 4404 ad
876 4349 1067 4405 faciem
1093 4364 1271 4405 nosse.
1299 4349 1767 4417 Quemadmodum
1819 4364 1951 4408 sane

2061 1882 2269 1938 salutis.
2300 1881 2417 1940 Non
2447 1884 2746 1939 moriamur
2771 1898 2921 1954 ergo,
2962 1898 3086 1939 cum
3120 1883 3383 1939 debemus
3424 1886 3632 1940 vivere.

2061 1971 2168 2029 Sed
2191 1961 2336 2029 nunc
2357 1974 2575 2045 quidem
2599 1974 2785 2045 paucis
2810 1974 2881 2029 ob
2903 1976 3230 2031 memoriam
3276 1984 3332 2031 et
3369 1976 3634 2032 honorem

2058 2064 2237 2122 Patris
2263 2065 2407 2122 illius
2439 2066 2633 2132 nostri,
2670 2066 2744 2121 ita
2780 2067 2933 2132 boni,
2971 2068 3045 2122 ita
3092 2066 3381 2132 laboriosi,
3434 2077 3492 2124 et
3540 2083 3639 2140 pro

2059 2150 2316 2213 Ecclesiis
2344 2155 2546 2226 ubique
2565 2155 2822 2227 vigilante
2847 2156 2930 2227 (5)
2958 2157 3102 2213 dicta
3146 2158 3256 2213 sint
3310 2158 3497 2213 nobis.
3540 2157 3640 2213 Ne-

2056 2264 2165 2321 que
2188 2248 2333 2305 enim
2360 2249 2575 2321 generis
2608 2246 2760 2318 eius:
2784 2250 3101 2305 memoriam
3148 2250 3401 2317 fecimus,
3466 2266 3643 2323 neque

2057 2342 2413 2409 educationis,
2459 2350 2555 2396 aut
2608 2340 2957 2409 eruditionis,
3013 2352 3108 2397 aut
3155 2343 3383 2399 alterius
3436 2342 3643 2398 vitaet

2061 2434 2344 2507 propositi.
2377 2431 2656 2488 Suiiicient
2678 2433 2823 2487 enim
2863 2432 2918 2488 in
2960 2433 3198 2491 Ecclesia
3236 2435 3329 2489 Dei
3365 2434 3436 2490 de
3481 2433 3643 2488 Patre

2059 2536 2116 2582 et
2154 2524 2293 2581 Filio
2338 2524 2482 2594 loqui
2544 2523 2642 2595 (6).
2686 2524 2860 2595 Loqui
2916 2526 3114 2596 quippe
3153 2526 3411 2595 dicililia,
3464 2536 3643 2583 tacere

2056 2626 2235 2671 autem
2275 2628 2395 2686 quae
2416 2615 2628 2672 occulta
2675 2625 2821 2670 sunt.
2857 2615 3195 2687 Tiuguamur
3234 2616 3437 2672 fratres
3472 2616 3528 2671 iu
3563 2618 3646 2672 his

2053 2722 2177 2778 quze
2208 2708 2260 2763 in
2286 2707 2581 2777 Scripturis
2631 2708 2831 2777 scripta
2872 2721 3024 2773 sum,
3065 2724 3169 2764 non
3210 2717 3268 2764 ut
3310 2722 3505 2764 vacum
3552 2708 3643 2763 lit-

2058 2808 2188 2853 tera:
2214 2800 2600 2869 prophetarum
2632 2808 2691 2853 ut
2717 2798 2943 2855 Judaeis.
2965 2799 3045 2854 Ilii
3069 2800 3216 2856 enim
3256 2801 3551 2856 adversum
3583 2815 3642 2855 se

2056 2889 2272 2961 legunt;
2307 2889 2547 2960 legentes
2584 2889 2729 2944 enim
2762 2889 2972 2945 litteras
3016 2900 3073 2944 et
3119 2905 3225 2945 non
3271 2892 3636 2960 suscipientes

2056 2983 2336 3053 negotium
2363 2996 2430 3038 ex
2467 2982 2550 3036 his
2578 2983 2773 3052 quibus
2818 2982 3002 3054 legunt
3021 2983 3122 3054 (7),
3148 2983 3478 3053 semetipsos
3510 2999 3639 3039 con-

1980 3104 2026 3164 c
2057 3074 2422 3145 demnantqui
2458 3083 2743 3129 excusant.
2788 3071 2976 3130 Videte
3004 3088 3073 3128 ne
3117 3075 3396 3146 patiamur
3426 3088 3491 3129 ea
3517 3090 3637 3147 qua

2058 3166 2259 3222 Judaeis
2298 3166 2665 3235 increpamus.
2705 3164 2762 3220 Si
2805 3166 2951 3222 enim
2995 3166 3226 3223 dicimus
3267 3165 3493 3233 Filium,
3538 3182 3643 3221 non

2058 3256 2381 3312 conﬁtemur
2416 3266 2596 3311 autem
2624 3256 2843 3322 Filium,
2870 3266 2925 3314 et
2949 3258 2993 3312 si
3022 3257 3369 3327 agnoscimus
3397 3256 3644 3322 Patrem,

2057 3360 2373 3416 spernamus
2412 3357 2592 3402 autem
2637 3347 2887 3414 Patrem;
2932 3347 3026 3402 illa
3069 3347 3185 3419 ipsa
3228 3363 3350 3419 quae
3382 3348 3643 3417 legimus.

2064 3439 2180 3511 ipsa
2212 3440 2367 3496 nobis
2394 3439 2452 3495 in
2501 3441 2587 3495 die
2609 3437 2798 3509 iudicii
2838 3438 3086 3511 legentur
3119 3439 3188 3494 ad
3225 3439 3644 3493 condemnatio-

2069 3548 2215 3589 nem.
2246 3533 2379 3589 Dicit
2445 3532 2589 3589 enim
2626 3531 2932 3589 Dominus:
2966 3525 3200 3597 Ego'uon
3212 3527 3402 3598 judico
3448 3532 3519 3595 ¹⁸.
3552 3530 3646 3586 sed

2060 3639 2245 3680 sermo
2271 3638 2436 3696 quem
2499 3623 2710 3678 locutus
2757 3631 2841 3677 est
2887 3620 3008 3693 ipse
3059 3633 3183 3675 eum
3227 3618 3463 3688 iudicat.
3498 3616 3647 3671 Dixit

2058 3717 2177 3784 tibi,
2208 3717 2335 3787 quia
2368 3715 2504 3771 uado
2547 3716 2617 3771 ad
2676 3715 2890 3771 Patrem
2945 3728 3123 3769 meum
3171 3710 3316 3766 Dixit
3364 3708 3488 3775 tibi,
3516 3710 3643 3780 quia

2055 3805 2255 3861 missus
2277 3820 2307 3860 a
2333 3802 2499 3859 Patre
2536 3816 2654 3858 sum
2675 3815 2693 3867 ;
2718 3811 2775 3856 et
2795 3811 2851 3854 tu
2872 3798 3009 3855 dicis
3026 3799 3155 3870 quia
3177 3814 3283 3853 non
3307 3806 3392 3853 est
3414 3796 3645 3852 missus!

2054 3897 2147 3951 sed
2171 3897 2286 3966 ipso
2304 3904 2388 3950 est
2413 3893 2505 3964 qui
2532 3894 2647 3948 haec
2663 3892 2820 3959 dixit,
2842 3902 2897 3948 et
2916 3900 3043 3946 tunc
3062 3888 3323 3959 iudicabit
3344 3906 3360 3944 ;
3379 3888 3526 3959 leget
3549 3890 3641 3945 tibi

2053 3987 2362 4058 Evangelia,
2380 3985 2533 4041 dabis
2552 3986 2840 4051 rationem,
2860 3983 3003 4039 dicet
3017 3997 3114 4038 cur
3136 3982 3249 4036 hac
3262 3980 3467 4051 scripta
3483 3980 3644 4036 sunt!

2054 4079 2179 4135 Hac
2203 4088 2382 4134 autem
2407 4087 2535 4133 tunc
2561 4091 2666 4133 non
2693 4076 2801 4134 dixi
2828 4090 2926 4146 per
2955 4088 3164 4131 vocem.
3185 4071 3253 4126 Et
3271 4087 3380 4143 qua
3402 4070 3547 4128 facie
3568 4072 3643 4125 vi-

2057 4171 2214 4228 debis
2256 4169 2387 4224 illud
2417 4167 2637 4223 lumen?
2666 4166 2916 4224 Cortteuti
2942 4165 3113 4220 simus
3136 4163 3385 4229 veritate,
3412 4174 3643 4217 excuse.

2058 4278 2177 4318 mus
2201 4261 2344 4315 lites.
2384 4259 2588 4330 Siquis
2609 4269 2788 4314 autem
2822 4267 2884 4314 et
2926 4257 3075 4313 novit
3109 4254 3319 4325 aliquid
3371 4268 3500 4308 cum
3546 4266 3642 4323 pa-

2060 4354 2246 4409 tientia
2276 4361 2332 4408 et
2370 4368 2475 4409 non
2506 4353 2573 4407 ad
2607 4348 3005 4422 iustigationem
3043 4362 3165 4419 qua:
3200 4345 3366 4411 ladit,
3394 4346 3491 4400 sed
3520 4358 3643 4400 cum

373 4442 780 4498 euminterimis
797 4454 957 4510 quem
982 4439 1153 4495 vides.
1182 4437 1961 4511 Hmc(2-5)videbamusjsem-
1993 4453 2035 4509 υ
2065 4444 2371 4500 humilitate
2415 4459 2536 4514 qua:
2590 4444 2834 4514 prodest,
2884 4455 2990 4495 non
3032 4452 3093 4493 ut
3141 4437 3371 4504 inimici,
3427 4439 3526 4491 sed
3588 4445 3642 4490 ut

375 4552 472 4607 per
490 4551 521 4589 a
549 4536 708 4591 beato
730 4533 822 4590 illo
842 4533 981 4589 viro.
1013 4530 1169 4602 Saepe
1184 4531 1326 4587 enim
1348 4530 1667 4586 dicebantur
1704 4534 1771 4586 ab
1790 4549 1874 4601 eo,
1897 4547 1956 4592 ut

374 4629 592 4698 quidam
619 4627 1028 4697 suspicarentur
1067 4639 1162 4681 ore
1193 4623 1408 4696 quidem
1443 4637 1542 4681 suo
1565 4624 1663 4680 ista
1683 4628 1954 4696 proferre,

374 4724 541 4777 corde
565 4731 742 4776 autem
771 4720 930 4775 aliter
955 4718 1176 4773 habere.
1224 4714 1295 4771 Et
1344 4715 1562 4785 quidem
1617 4733 1826 4775 memor
1862 4736 1956 4776 vo-

380 4813 467 4868 bis
495 4828 615 4868 sum
645 4811 861 4867 audisse
890 4824 979 4865 me
1016 4810 1176 4864 abeo
1212 4817 1402 4865 sancto
1452 4809 1609 4866 nobis
1644 4808 1955 4879 iuramento

376 4903 735 4969 satisfecisse,
761 4905 888 4974 quia
912 4917 1017 4958 non
1048 4901 1191 4957 aliud
1223 4901 1279 4956 in
1314 4901 1518 4973 lingua,
1553 4910 1609 4958 et
1642 4902 1785 4957 aliud
1812 4914 1956 4959 esset

377 5002 433 5057 in
468 5000 633 5057 corde
658 4999 808 5069 eius;
842 4997 939 5053 sed
972 4994 1138 5051 corde
1174 4993 1394 5063 quidem
1425 4994 1666 5049 creditur
1688 4994 1756 5048 ad
1787 4994 1952 5065 iusti-

377 5088 529 5152 tiam,
549 5101 643 5142 ore
662 5095 842 5140 autem
873 5083 1163 5139 conﬁtetur
1196 5084 1263 5138 ad
1287 5083 1515 5138 salutem
1558 5100 1573 5139 :
1612 5085 1753 5140 unde
1787 5084 1951 5156 igitur

448 5204 469 5235 "
490 5203 647 5260 Joan.
676 5217 750 5267 ιι,
780 5202 871 5268 41,
904 5202 995 5256 42.
1065 5202 1087 5235 ⁸
1124 5200 1279 5256 Joau.
1310 5217 1421 5267 xtv,
1443 5202 1533 5257 51.

377 5289 433 5337 x,
468 5274 523 5328 9.
632 5273 654 5305 '
686 5273 840 5328 Joan.
882 5289 972 5339 xv,
1016 5273 1064 5328 1.

376 5358 496 5410 vut,
527 5343 615 5398 15.

1172 5273 1215 5304 ⁸⁸
1248 5272 1405 5328 Joan.
1442 5288 1517 5341 vr,
1547 5273 1639 5330 58.

445 5453 586 5525 (it-'5)
623 5452 752 5509 Herc
790 5456 1114 5517 videbamus,
1154 5466 1259 5511 etc.
1304 5457 1468 5511 Henr.
1502 5456 1749 5512 Valesius
1774 5456 1946 5526 legit:

375 5520 509 5577 Htec
535 5520 876 5579 audiebamus
899 5542 1101 5594 semper
1132 5543 1163 5579 a
1188 5528 1336 5580 beato
1361 5528 1452 5580 illo
1483 5532 1614 5591 uiro,
1643 5544 1781 5593 saepe
1808 5520 1948 5583 e'nim

373 5598 461 5667 ita?
488 5594 793 5667 dicebantur
836 5597 900 5648 ab
952 5612 1031 5667 eo,
1073 5607 1127 5649 ut
1158 5598 1371 5666 quidam
1420 5600 1815 5667 suspicarentur
1860 5614 1948 5653 ore

372 5666 583 5733 quidem
598 5679 726 5733 eum
758 5666 859 5718 ista
891 5665 1148 5733 proferre,
1172 5665 1280 5719 etc.

448 5732 527 5797 (ι)
557 5732 740 5798 Neque
761 5732 998 5790 cessavit.
1025 5732 1188 5791 Forte
1228 5752 1391 5801 neque
1416 5736 1660 5792 cessabit.

1634 5203 1655 5235 '
1684 5200 1839 5258 Joan.
1873 5219 1989 5268 vm,
2032 5204 2123 5260 l9.
2202 5200 2397 5258 ‘Joan.
2430 5216 2482 5265 v,
2519 5200 2605 5262 i7,
2651 5196 2741 5253 56.

1738 5275 1777 5305 “
1811 5276 1827 5329 i
1857 5274 1981 5329 Cor.
2021 5290 2142 5343 xm,
2167 5276 2221 5332 9.

2060 4537 2378 4602 Christiani,
2420 4552 2526 4591 nou
2584 4545 2642 4590 ut
2693 4536 2745 4589 in
2794 4535 2967 4599 circo,
3021 4532 3114 4586 sed
3156 4540 3217 4584 ut
3263 4530 3317 4584 in
3376 4528 3642 4585 Ecclesia.

2070 4628 2257 4683 ilabcs
2311 4626 2516 4698 aliquid
2561 4643 2576 4681 :
2622 4628 2775 4681 trade
2829 4640 2933 4680 neu
2994 4640 3115 4678 cum
3168 4623 3283 4686 lite,
3334 4638 3445 4677 non
3489 4624 3643 4693 quasi

2062 4733 2275 4785 auctor,
2314 4721 2410 4777 sed
2451 4733 2770 4776 ammonens
2796 4732 2859 4773 ea
2889 4731 3009 4787 qua:
3042 4715 3282 4771 didicisti
3332 4730 3365 4770 a
3397 4714 3639 4784 Scriptu~

2062 4815 2159 4869 ris.
2196 4813 2446 4868 Retinete
2466 4812 2604 4876 hac,
2633 4818 2688 4866 et
2719 4808 3011 4865 cessabitis
3043 4806 3208 4869 alite,
3246 4815 3302 4860 et
3339 4806 3410 4860 ab
3443 4803 3639 4859 Ecclc-r

2062 4906 2139 4961 sia
2178 4904 2420 4973 separari
2466 4902 2657 4958 nolite.
2709 4898 2766 4955 Si
2812 4914 2912 4970 ego
2960 4897 3152 4963 deliro,
3195 4896 3325 4965 quid
3358 4896 3431 4950 ad
3478 4895 3573 4949 te?
3601 4896 3642 4949 si

2061 5013 2163 5068 ego
2194 4996 2374 5053 aliena
2408 4994 2626 5067 loquar,
2660 5009 2745 5048 me
2768 4990 2954 5062 iudica
2986 4998 3042 5045 et
3070 4989 3297 5060 perdere
3322 4986 3638 5042 noli.0cca-

2058 5090 2266 5143 sionem
2297 5085 2465 5141 nolite
2505 5097 2751 5154 qumrere
2789 5080 2855 5135 ad
2903 5078 3218 5136 schismata.
3248 5075 3378 5132 Ovis
3400 5090 3527 5145 qua
3554 5090 3642 5129 ex-

2843 5195 3022 5251 7Joau.
3050 5208 3161 5256 xiv,
3190 5191 3243 5255 1,
3273 5190 3364 5247 28.
3443 5190 3466 5222 '
3488 5189 3624 5245 Joaa

2319 5275 2361 5305 ¹¹
2402 5260 2555 5336 ibid”
2592 5260 2678 5323 12.
2776 5268 2818 5299 ¹³
2840 5265 2881 5320 11
2907 5266 3036 5320 Cor.
3089 5280 3209 5328 xm,
3240 5263 3297 5317 5.
3403 5260 3452 5293 “
3481 5260 3639 5317 Joau.

2131 5455 2210 5526 (5)
2256 5450 2632 5526 Vigilgntgll.
2670 5449 2931 5526 Valesius
2956 5447 3087 5526 legit
3110 5444 3401 5526 uigilantis.

2226 5511 2578 5612 lMsiSu’ﬂicit
2616 5523 2755 5577 enim
2791 5523 2845 5575 in
2886 5511 3125 5575 Ecct'esia
3158 5511 3257 5570 Dei
3294 5518 3361 5570 de
3402 5511 3570 5569 Patre
3592 5522 3637 5570 α

2060 5596 2433 5790 ἢέἕῖιὲῗιιίὶι
2475 5662 2660 5735 quibus
2688 5661 2884 5733 legunt.
2917 5658 3106 5715 Graeco
3129 5671 3303 5726 more,
3338 5671 3441 5728 pro
3467 5672 3534 5714 ιι
3562 5653 3637 5708 his

2060 5756 2170 5790 autc
2218 5747 2398 5790 count.

2054 5756 2170 5800 quer
2198 5747 2398 5799 lcqunt.
