3810 6218
195 275 224 327 ι
236 272 342 329 069

1292 254 1380 313 DE
1416 248 2017 313 RESUKRECTIONE.
2060 289 2112 299 --
2168 250 2294 309 LIB.
2338 248 2379 309 I.

3309 248 3442 307 1070

189 388 273 433 tra
299 390 515 448 gregem
543 385 648 442 est,
680 391 809 449 pars
846 383 955 450 lllpl
990 391 1094 437 est.
1128 368 1262 436 Nam
1293 383 1395 439 etsi
1428 383 1618 439 fortior
1649 383 1768 438 ovis
1797 390 1844 445 Α
1874 386 1984 438 tres
2020 404 2031 439 :
2075 398 2179 437 non
2224 376 2486 437 faciamus
2529 371 2928 439 conventicula,
2971 389 3081 429 non
3134 373 3442 445 Speluncas.

190 486 271 533 es,
300 471 520 540 expedit
572 462 670 526 tibi
722 470 860 526 infra
919 474 1153 544 parietes
1202 476 1360 531 ovilis
1410 492 1552 543 esse,
1600 491 1763 544 quam

190 562 361 618 foras.
394 561 573 618 Fortis
610 577 689 628 es,
734 574 887 632 porta
940 581 1114 620 meam
1158 566 1530 621 inﬁrmitatem
1563 570 1581 621 ':
1618 567 1771 622 infir-

189 671 313 711 mus
345 671 427 721 es,
455 656 640 725 accipe
663 659 924 715 medelam
952 675 981 715 a
1005 661 1276 716 communi
1310 661 1549 718 Ecclesia
1577 681 1591 718 :
1616 671 1768 733 gutta

188 766 298 806 una
360 756 657 808 torrentem
718 766 825 807 non
874 742 1027 807 facit.
1083 750 1140 806 Si
1187 752 1334 806 enim
1381 760 1437 807 et
1487 753 1766 819 ceciderit,

187 853 482 911 antequam
518 843 698 909 cadat,
729 859 756 895 a
786 846 930 897 terra
968 841 1312 897 absorbetur.
1356 840 1519 898 Gutta
1560 852 1767 909 autem,

188 944 246 991 et
283 935 459 1007 gutta,
491 946 547 991 et
571 945 719 1005 gutta
749 935 912 990 etiam
958 944 1167 990 montes
1210 936 1427 991 evertit.
1475 934 1656 991 Canna
1709 950 1770 992 es

192 1020 423 1098 fragilis,
457 1026 609 1081 multi
641 1036 820 1082 autem
872 1016 1021 1081 ferro
1070 1034 1199 1080 sunt
1250 1024 1526 1082 fortiores.
1568 1026 1771 1083 Oculus

190 1119 342 1176 solus
370 1130 475 1173 non
501 1127 584 1173 est
605 1117 819 1184 oculus,
852 1132 1027 1188 neque
1049 1128 1213 1189 caput
1236 1128 1423 1189 caput,
1461 1132 1637 1190 neqtte
1675 1135 1771 1190 pes

189 1227 312 1282 pes.
352 1210 683 1281 Compositio
729 1210 871 1266 enim
921 1211 1289 1265 membrorum
1349 1219 1517 1265 latum
1568 1215 1769 1266 bonum

190 1297 344 1354 facit.
391 1297 523 1353 Nam
554 1296 657 1353 etsi
701 1304 852 1353 esses
886 1295 1097 1365 oculus,
1145 1298 1383 1363 ablatus,
1409 1314 1533 1355 eras
1571 1312 1767 1357 caecus.

187 1393 235 1447 Α
259 1404 483 1460 corpore
512 1390 655 1443 enim
686 1389 932 1444 sublatus
954 1387 1170 1455 oculus,
1203 1402 1379 1445 czecns
1423 1398 1508 1447 est
1551 1392 1769 1456 oculus,

187 1482 367 1552 magis
397 1489 577 1537 autem
618 1490 883 1535 mortuus.
910 1480 967 1536 In
999 1481 1239 1537 Ecclesia
1274 1480 1472 1537 fratres
1522 1486 1624 1538 sub
1659 1485 1772 1540 alas

188 1571 383 1628 matris
406 1571 797 1628 conveniamus
826 1584 844 1631 :
873 1572 925 1626 in
948 1570 1191 1628 Ecclesia
1236 1575 1289 1627 in
1318 1586 1422 1644 qua
1450 1578 1769 1631 ornamenta

190 1680 406 1735 sponsa:
432 1672 578 1731 sunt,
606 1672 661 1719 et
690 1664 932 1719 membra
954 1662 1178 1730 Christi,
1210 1680 1316 1720 non
1346 1667 1414 1722 ad
1455 1666 1770 1733 schismata,

1871 475 2036 532 Forte
2077 477 2219 531 enim
2275 472 2507 545 apostoli
2564 472 2681 527 haec
2728 468 3043 524 fundarunt.
3077 466 3195 522 Non
3238 467 3444 538 lapides

1870 567 2012 633 dico,
2054 568 2148 623 sed
2184 568 2395 637 negotia
2436 578 2642 619 rerum.
2677 563 2808 619 Exis
2847 563 2916 617 ab
2945 560 3213 627 Ecclesia,
3258 571 3316 618 et
3357 574 3444 618 ro-

1868 659 2070 731 linquis
2108 670 2337 716 matrem
2382 668 2527 714 tuam
2558 664 2779 729 propter
2829 670 2935 709 me.
2964 654 3102 720 Quid
3136 669 3255 709 sum
3299 653 3445 710 enim

1870 767 1993 825 ego,
2028 758 2122 808 aut
2158 752 2385 815 Paulus,
2411 759 2506 805 aut
2539 748 2727 818 Apollo
2750 746 2873 817 quis
2907 746 3028 800 est?
3074 746 3148 800 De
3175 760 3260 801 me
3299 755 3355 800 et
3392 754 3445 802 te

1871 846 1976 900 erit
2007 860 2207 901 sermo.
2239 843 2377 898 Num
2414 853 2513 914 ego
2555 839 2851 896 crucifixus
2897 838 3054 894 sum?
3082 838 3324 892 Necdum
3376 851 3446 893 ne

1871 936 2088 1006 quidem
2112 936 2320 1007 alapam
2347 934 2554 1005 accepi.
2587 932 2629 986 Ε
2651 931 2928 987 contrario
2963 941 3161 996 autem,
3196 940 3251 984 et
3275 930 3446 984 hono-

1871 1035 2024 1083 ratus
2074 1039 2192 1083 sum
2246 1034 2465 1097 propter
2512 1023 2720 1080 Iesum.
2773 1025 2840 1080 Et
2882 1023 2973 1079 ille
3009 1022 3226 1094 quidem
3277 1022 3446 1077 multa

1875 1134 2066 1189 passus
2088 1128 2171 1174 est
2200 1127 2420 1189 propter
2442 1130 2528 1172 me
2560 1135 2577 1170 -.
2616 1132 2716 1185 ego
2754 1126 2934 1171 autem
2986 1116 3285 1170 hOuoratns
3318 1129 3440 1169 sum

1873 1221 2094 1282 propter
2132 1212 2329 1280 ipsum.
2375 1208 2444 1264 Et
2471 1225 2569 1265 nos
2603 1209 2821 1278 quidem
2872 1208 3133 1264 feriamur
3183 1207 3447 1264 adversus

1873 1318 2117 1367 crucem,
2162 1312 2217 1359 et
2260 1303 2553 1358 adversum
2592 1315 2715 1355 eum
2750 1300 2841 1370 qui
2888 1310 3104 1370 propter
3144 1314 3243 1355 nos
3287 1299 3360 1354 fel
3395 1306 3447 1355 et
3500 1334 3503 1339 -

1875 1404 2085 1450 acetum
2127 1394 2281 1458 bihit,
2314 1402 2369 1449 et
2393 1392 2722 1463 imponimus
2765 1392 2817 1447 ei
2851 1392 3036 1462 spinas
3076 1392 3248 1463 magis
3278 1405 3447 1461 quam

1874 1486 2063 1553 Judaei,
2086 1495 2142 1542 et
2172 1486 2456 1541 eII‘odimus
2488 1496 2683 1540 manus
2723 1484 2841 1554 ejus
2884 1492 2940 1539 et
2979 1483 3167 1553 pedes,
3211 1492 3267 1539 et
3286 1484 3450 1539 dinué

1875 1592 2149 1632 meramus
2169 1575 2285 1645 ejus
2310 1590 2433 1630 ossa
2469 1592 2483 1628 :
2515 1573 2649 1640 Qua:
2686 1574 2851 1642 enim,
2886 1574 3085 1644 inquit,
3116 1574 3316 1643 fecistis
3353 1572 3450 1629 uni

1876 1685 1942 1723 ea:
1971 1666 2203 1722 minimis
2232 1667 2356 1722 istis
2390 1667 2480 1737 qui
2508 1671 2725 1720 credunt
2767 1666 2824 1719 in
2849 1681 2954 1731 me,
2983 1665 3110 1719 mihi
3159 1665 3353 1733 fecistis
3380 1663 3452 1732 “,

192 1773 303 1812 non
328 1757 394 1811 ad
418 1756 674 1813 haereses.
703 1754 1006 1825 Aliquoties
1025 1756 1171 1812 enim
1203 1757 1326 1814 dico
1356 1776 1369 1812 :
1402 1754 1626 1814 offendit
1654 1774 1771 1813 mea
1810 1768 1854 1828 Β
1880 1769 1974 1813 aut
2009 1758 2211 1813 bonum
2246 1767 2339 1813 aut
2372 1756 2600 1812 malum.
2638 1756 2763 1812 Haec
2793 1755 2992 1812 fratres
3030 1766 3083 1813 et
3131 1756 3184 1811 in
3229 1757 3316 1813 his
3342 1757 3451 1813 fra-

193 1850 373 1919 iingua
403 1866 417 1902 :
452 1857 630 1917 potest
659 1848 773 1901 fieri
802 1856 861 1902 ιιι
903 1861 1057 1903 mens
1102 1861 1219 1903 mea
1272 1848 1533 1904 offendat.
1582 1850 1687 1906 Sed
1718 1861 1772 1906 tu

192 1941 347 1995 noli:
376 1940 693 1995 obliviscere
735 1934 812 2011 (8)
853 1952 976 1995 eum
1015 1940 1107 2009 Qui
1154 1940 1290 1995 dixit
1331 1957 1346 1994 :
1388 1938 1570 1996 Pretio
1614 1943 1775 2013 empti

193 2033 343 2099 estis,
374 2031 535 2087 nolite
562 2031 679 2100 ﬁeri
708 2031 843 2086 servi
883 2032 1152 2087 hominum
1174 2030 1240 2087 ι’.
1270 2032 1379 2088 Ista
1410 2035 1553 2089 enim
1581 2036 1775 2091 domus

194 2140 305 2180 non
329 2140 446 2181 mea
469 2133 551 2180 est
572 2133 666 2179 aut
694 2133 807 2182 tua.
852 2124 963 2180 Cur
1013 2126 1116 2180 mei
1171 2140 1334 2181 causa
1366 2127 1577 2181 recedis
1608 2142 1637 2180 a
1674 2127 1777 2181 Do-

194 2216 399 2273 miuica
446 2216 646 2273 domo?
692 2215 759 2271 Et
810 2217 985 2287 primo
1026 2217 1240 2287 quidem
1287 2218 1416 2288 quid
1466 2219 1776 2288 accepimus

194 2309 354 2365 nobis
382 2309 507 2380 quia
540 2309 896 2380 sapientiores
924 2309 1179 2364 omnibus
1213 2309 1439 2364 sumus?
1464 2309 1669 2365 Deinde
1716 2318 1779 2364 ut

194 2402 325 2471 quid
350 2402 494 2472 quod
523 2401 576 2455 in
601 2415 763 2471 prece
788 2400 866 2473 (9)
896 2399 1141 2455 diabolus
1175 2400 1359 2465 habet,
1391 2401 1655 2455 donamus
1689 2399 1778 2455 ei?

196 2491 256 2547 Si
294 2507 392 2563 ego
416 2493 663 2547 infirmus
690 2508 831 2557 sum,
874 2500 927 2545 tu
948 2491 1037 2560 qui
1074 2506 1134 2546 es
1156 2489 1329 2556 fortis,
1360 2506 1463 2546 non
1494 2492 1789 2555 recedens,

197 2587 459 2640 conﬁrma
506 2583 829 2641 Ecclesiatn.
879 2584 935 2639 Si
980 2598 1082 2653 ego
1126 2583 1303 2638 aliena
1336 2582 1548 2653 loquor,
1586 2597 1685 2637 cur
1719 2592 1775 2637 tu

200 2676 291 2747 qui
315 2676 454 2731 bene
488 2674 734 2745 loqueris
779 2674 1051 2730 abstrabis
1078 2686 1131 2729 te
1152 2683 1211 2727 ut
1234 2674 1521 2728 videantur
1550 2689 1670 2728 mea
1697 2674 1779 2728 in-

201 2766 445 2822 firmari?
469 2766 534 2820 Et
562 2781 629 2821 ne
656 2766 779 2837 quis
799 2780 884 2821 me
913 2762 1386 2837 putet'incitatum
1417 2764 1484 2819 ad
1514 2765 1778 2834 quosdam

201 2859 534 2915 dicere:sed
576 2859 644 2914 ab
666 2857 925 2914 exercitio
960 2857 1073 2929 (10)
1114 2872 1234 2912 sum
1287 2855 1576 2912 multorum
1611 2871 1625 2908 :
1667 2856 1781 2911 scio

206 2960 415 3023 quanta
445 2953 585 3008 dicta
623 2962 750 3008 sunt
800 2958 857 3006 et
897 2952 1167 3006 dicuntur.
1214 2948 1599 3017 Unusquisque
1635 2948 1781 3003 enim

203 3060 457 3117 quaerens
482 3045 623 3100 unde
657 3052 913 3115 pascatur
949 3042 1160 3097 furatur
1183 3042 1319 3113 (II).
1351 3040 1590 3095 Minores
1626 3057 1639 3093 :
1670 3038 1781 3094 fra-

1876 1859 2031 1905 tres:
2067 1864 2173 1905 non
2224 1858 2439 1920 semper
2496 1849 2735 1913 nomina,
2785 1850 2880 1905 sed
2926 1864 3034 1905 res.
3107 1850 3452 1909 Christianus

1875 1942 2017 1996 enim
2046 1956 2227 2007 verus,
2282 1940 2451 1997 frater
2492 1941 2585 1996 sit.
2633 1938 2807 1996 Verus
2860 1941 3202 1997 Christianus
3241 1961 3254 1998 :
3288 1957 3452 1999 verus

1875 2043 1961 2090 est
2009 2035 2154 2089 enim
2215 2034 2484 2090 Christus.
2530 2033 2774 2101 Fratres,
2827 2033 3044 2100 fratres,
3105 2035 3270 2091 nolite
3331 2051 3453 2093 esse

1876 2126 2095 2196 piratae.
2160 2126 2327 2181 nolite
2392 2126 2707 2181 bellatores.
2774 2122 2952 2182 Nolite
3018 2142 3260 2197 quazrere
3324 2143 3449 2185 eum

1878 2234 1983 2287 quo
2055 2218 2305 2288 liligetis,
2375 2219 2467 2273 sed
2520 2235 2678 2289 quem
2758 2218 2999 2275 salvetis.
3075 2218 3192 2289 Ipse
3268 2230 3448 2276 autem

1865 2308 2020 2366 Deus
2079 2310 2245 2380 pacis,
2296 2311 2385 2380 qui
2432 2327 2537 2365 non
2596 2312 2836 2382 pepercit
2896 2312 3174 2380 unigenito
3205 2327 3303 2367 suo
3355 2311 3449 2366 Fi-

1878 2400 1971 2465 lio,
2007 2410 2061 2455 et
2092 2400 2239 2455 misit
2302 2416 2425 2456 eum
2472 2405 2535 2455 ad
2574 2402 2801 2457 salutem
2851 2412 3114 2468 nostram,
3169 2402 3287 2472 ipse
3325 2418 3447 2457 om-

1879 2493 2025 2547 nium
2070 2503 2312 2547 vestrum
2342 2493 2554 2549 animas
2596 2494 2663 2548 ad
2697 2506 2859 2548 unam
2906 2494 3346 2559 consensionem,
3379 2494 3450 2549 ad

1880 2599 2041 2638 uuam
2065 2585 2436 2649 concordiam,
2476 2585 2541 2638 ad
2587 2597 2750 2639 unam
2801 2600 2987 2653 pacem
3029 2596 3086 2641 et
3133 2585 3451 2642 charitatem

1880 2675 2078 2729 adunet
2103 2688 2200 2744 per
2224 2676 2556 2745 unigenitum
2589 2692 2745 2730 suum
2775 2673 2967 2731 Filium
2995 2695 3009 2731 :
3041 2692 3138 2748 per
3175 2693 3335 2749 quem
3368 2686 3456 2735 est

1880 2783 1986 2822 nou
2023 2777 2151 2823 nato
2178 2768 2325 2823 Patri
2366 2769 2558 2839 gloria,
2601 2770 2796 2838 honor,
2852 2770 3161 2840 imperium,
3194 2770 3453 2840 maiestas

1880 2860 1935 2915 in
1964 2859 2165 2930 Spiritu
2211 2871 2421 2925 sancto,
2451 2870 2505 2916 et
2538 2876 2677 2916 nunc
2708 2870 2763 2916 et
2798 2876 3032 2933 semper,
3063 2871 3113 2917 et
3143 2875 3238 2932 per
3271 2862 3453 2918 omnia

1883 2947 2079 3002 saecula
2110 2947 2453 3001 szeculorum.
2484 2947 2676 3002 Amen.

209 3192 2064 3237 mf:

904 3188 3443 3230 xm

968 3412 1726 3572 EUSEBII
1783 3407 2704 3569 PAMPHILI

786 3710 1015 3825 DE
1141 3701 2876 3823 RESURRECTIONE.

1364 4076 1720 4165 LIBER
1793 4075 2289 4166 PRIMUS.

1784 4276 1856 4289 σε..

276 4435 487 4492 Dictum
507 4444 589 4491 est
611 4434 824 4506 quidem
848 4450 877 4490 a
910 4433 1063 4491 nobis
1089 4442 1143 4490 et
1171 4444 1292 4490 ante
1316 4433 1382 4490 de
1418 4434 1776 4490 resurrectio—
1802 4443 1844 4500 c
1879 4444 2059 4490 autem
2119 4442 2173 4489 et
2208 4448 2327 4503 qua:
2361 4428 2495 4485 lecta
2529 4436 2689 4494 sunt;
2739 4424 2878 4480 forte
2926 4420 3089 4479 etiam
3138 4431 3280 4489 saepe
3304 4416 3463 4473 nobis

200 4543 307 4595 ne;
344 4528 571 4583 audistis
607 4538 661 4582 et
700 4542 796 4582 vos
843 4544 856 4581 :
897 4527 989 4583 sed
1027 4527 1208 4582 omnia
1269 4536 1511 4594 tempora
1559 4526 1783 4593 exigunt

199 4636 357 4677 suum
404 4620 661 4684 fructum,
701 4619 964 4688 siquidem
1014 4628 1069 4673 et
1123 4618 1175 4672 in
1216 4629 1457 4688 tempore
1508 4634 1780 4682 rosarum,

1884 4527 2209 4592 dicentibus,
2237 4524 2461 4579 necdum
2494 4520 2709 4591 quidam
2751 4519 2816 4572 de
2845 4511 3243 4571 resurrectione
3270 4520 3460 4565 susce—

1883 4626 2082 4689 perunt
2127 4628 2430 4672 sermonem
2474 4630 2487 4665 :
2530 4610 2664 4665 nihil
2712 4605 2965 4677 prohibet
3000 4612 3243 4671 repetere
3276 4613 3377 4654 nos
3407 4608 3465 4689 et

199 4727 339 4768 rosa
362 4710 669 4767 florescunt.
710 4711 1021 4781 Agnoscunt
1057 4718 1237 4763 autem
1274 4720 1331 4763 et
1361 4712 1655 4765 secundum
1686 4704 1779 4765 Je-
1880 4688 2080 4773 denuo,
2115 4717 2169 4762 et
2200 4709 2265 4762 de
2289 4706 2372 4761 his
2404 4701 2536 4774 ipsis
2564 4709 2799 4755 tractare
2824 4697 2890 4750 ι’.
2919 4695 3117 4751 Eadem
3148 4692 3292 4746 enim
3328 4688 3463 4745 scri-

203 4806 432 4861 remiam
466 4803 541 4868 ³⁷,
588 4814 643 4859 et
670 4804 988 4859 hirundines
1044 4812 1252 4872 tempus
1298 4811 1354 4858 et
1402 4802 1489 4855 alii
1531 4815 1779 4872 passeres

198 4898 355 4968 agri;
387 4912 613 4966 quorum
643 4896 902 4967 propheta
927 4894 1127 4950 faciens
1153 4895 1502 4960 mentionem,
1535 4894 1782 4962 increpa-

200 4990 293 5045 bat
337 4987 501 5044 Israel
535 4988 625 5058 qui
651 4996 891 5057 tempora
932 4985 1235 5056 ignorabat.
1281 4984 1348 5040 Et
1379 4993 1589 5053 tempus
1631 4984 1779 5038 omni

200 5081 284 5137 rei
310 5095 430 5137 asse
452 5078 886 5148 sapientissimus
920 5078 1054 5132 dixit
1080 5077 1335 5133 Salomon
1358 5076 1423 5133 ¹⁸.
1456 5076 1590 5143 Quia
1616 5075 1781 5144 igitur

200 5180 418 5240 tempus
454 5168 697 5241 exposcit
727 5168 795 5223 de
827 5166 1222 5222 resurrectione
1253 5165 1496 5229 tractari,
1524 5169 1783 5233 expetunt

1884 4804 2015 4858 bere
2059 4814 2157 4856 nec
2191 4794 2414 4852 Paulum
2452 4793 2623 4865 piguit
2667 4807 2681 4844 :
2724 4791 2780 4847 hi
2807 4790 2950 4845 enim
2998 4786 3091 4858 qui
3115 4783 3341 4840 credunt
3376 4796 3466 4837 re-

1888 4894 2242 4951 surrectionis
2271 4903 2570 4952 sermones,
2614 4893 2774 4941 erunt
2820 4882 3089 4937 tutiores:
3122 4876 3260 4934 forte
3282 4882 3464 4928 autem

1887 4987 1979 5054 qui
2003 4986 2230 5041 necdum
2261 4980 2404 5037 suasi
2435 4978 2582 5044 sunt,
2610 4974 3003 5031 suadebuntur.
3047 4966 3204 5021 Nunc
3225 4963 3467 5021 creditur

1887 5076 2031 5129 enim
2064 5072 2303 5129 sermoni
2332 5070 2422 5140 qui
2458 5069 2525 5123 de
2556 5063 2947 5123 resurrectione
2975 5060 3240 5121 habetur;
3264 5063 3319 5109 et
3351 5068 3468 5105 ma-

1889 5176 1993 5231 gna
2038 5167 2123 5217 est
2170 5158 2460 5215 multitudo
2492 5170 2599 5210 non
2636 5151 2991 5209 credentium.
3031 5143 3273 5203 Gentiles
3320 5142 3466 5198 enim

277 5308 324 5343 “
345 5306 369 5363 ι
387 5309 512 5365 Cor.
542 5308 752 5376 ",201:
786 5317 839 5364 et
877 5324 971 5376 vn,
996 5307 1088 5363 ΞΒ.
1163 5306 1210 5339 ’⁸
1235 5304 1426 5363 Matth.
1458 5318 1587 5371 xxv,
1612 5301 1703 5358 40.

1880 5296 2119 5358 ler.vm,
2149 5293 2204 5347 7.
2280 5289 2325 5323 ⁸⁸
2362 5288 2540 5345 Eccle.
2576 5301 2658 5353 ιιι,
2685 5286 2774 5339 Π.
2852 5285 2897 5317 ¹⁹
2934 5279 3166 5351 Philipp.
3194 5292 3280 5345 ιιι,
3305 5276 3359 5331 Ι.

244 5427 358 5512 ,(8)
387 5424 514 5481 Νοιὶ
556 5442 575 5480 :
622 5427 945 5482 obliviscere.
1002 5424 1166 5481 Forte
1224 5423 1314 5478 sed
1369 5432 1424 5477 tu
1485 5419 1593 5474 noli
1647 5417 1763 5472 obli-

193 5544 208 5567 ⁵
394 5567 460 5643 In
481 5583 651 5643 prece
689 5566 777 5643 Ἐγ
801 5567 959 5643 εὐχῇ,
994 5566 1047 5621 in
1079 5564 1311 5643 voto,_in
1339 5560 1558 5643 optatis.

282 5635 395 5710 (iii)
426 5635 507 5691 Ab‘
541 5639 810 5710 exercitio.
856 5635 1040 5703 l'd'est,
1067 5652 1133 5693 ex
1182 5635 1484 5690 ministerio
1516 5644 1635 5687 meo
1666 5642 1786 5684 mea

203 5708 386 5769 «suo
415 5711 477 5764 ad
508 5708 703 5764 multos
725 5711 973 5769 pertinet.

1962 5407 2363 5483 (ιιιειιταευτο
2393 5403 2645 5483 Atina!“-
2674 5401 2836 5483 Forte
2866 5392 3465 5483 [αῖμιιεψίνξτξνξετέίέ

1890 5462 2248 5546 εεδξῖᾱάιιόίι
2277 5492 2375 5544 per
2415 5475 2657 5547 fraudem
2708 5486 2736 5525 e
2761 5462 2886 5547 sinu
2928 5466 3180 5523 Ecclesia:
3206 5462 3468 5547 parvulos

1894 5533 2110 5615 in'lide,
2134 5533 2345 5619 sibique
2374 5543 2655 5619 adiungit;
2671 5542 2809 5619 unde
2838 5538 3016 5593 alatur
3050 5556 3064 5592 :
3100 5536 3288 5619 quales
3326 5535 3363 5590 ii
3399 5533 3471 5589 do

1896 5610 2284 5695 quibusvluda's
2310 5610 2481 5687 apoat.
2508 5614 2592 5677 1‘2,
2618 5610 2929 5680 Ssmstipsos
2958 5616 3243 5679 pascentes.
