  <div class='ocr_page' id='page_1' title='image "/cluster/home/n/w/nwhite01/storage/ocr_20150623/24/nnc1.0046978259/755.png"; bbox 0 0 3810 6218; ppageno 0'>
   <div class='ocr_carea' id='block_1_1' title="bbox 451 274 586 333">
    <p class='ocr_par' dir='ltr' id='par_1_1' title="bbox 451 274 586 333">
     <span class='ocr_line' id='line_1_1' title="bbox 451 274 586 333; baseline 0.007 -1"><span class='ocrx_word' id='word_1_1' title='bbox 451 274 586 333; x_wconf 65' lang='grc'><strong>1051</strong></span> 
     </span>
    </p>
   </div>
   <div class='ocr_carea' id='block_1_2' title="bbox 445 490 2022 567">
    <p class='ocr_par' dir='ltr' id='par_1_2' title="bbox 445 490 2022 567">
     <span class='ocr_line' id='line_1_2' title="bbox 445 490 2022 567; baseline 0.015 -29"><span class='ocrx_word' id='word_1_2' title='bbox 445 490 655 556; x_wconf 66' lang='lat' dir='ltr'><strong>mquale</strong></span> <span class='ocrx_word' id='word_1_3' title='bbox 692 499 776 543; x_wconf 75' lang='lat' dir='ltr'><strong>est</strong></span> <span class='ocrx_word' id='word_1_4' title='bbox 813 494 1122 560; x_wconf 88' lang='lat' dir='ltr'><strong>nnigenito,</strong></span> <span class='ocrx_word' id='word_1_5' title='bbox 1169 499 1304 552; x_wconf 83' lang='lat' dir='ltr'><strong>nihil</strong></span> <span class='ocrx_word' id='word_1_6' title='bbox 1350 500 1527 556; x_wconf 93' lang='lat' dir='ltr'><strong>simile</strong></span> <span class='ocrx_word' id='word_1_7' title='bbox 1567 503 1744 567; x_wconf 87' lang='lat' dir='ltr'><strong>Filio,</strong></span> <span class='ocrx_word' id='word_1_8' title='bbox 1793 505 1922 560; x_wconf 88' lang='lat' dir='ltr'><strong>nihil</strong></span> <span class='ocrx_word' id='word_1_9' title='bbox 1972 508 2022 561; x_wconf 90' lang='lat' dir='ltr'><strong>ei</strong></span> 
     </span>
    </p>
   </div>
   <div class='ocr_carea' id='block_1_3' title="bbox 446 582 2025 659">
    <p class='ocr_par' dir='ltr' id='par_1_3' title="bbox 446 582 2025 659">
     <span class='ocr_line' id='line_1_3' title="bbox 446 582 2025 659; baseline 0.015 -31"><span class='ocrx_word' id='word_1_10' title='bbox 446 588 814 647; x_wconf 84' lang='lat' dir='ltr'><strong>comparatur,</strong></span> <span class='ocrx_word' id='word_1_11' title='bbox 847 582 982 636; x_wconf 87' lang='lat' dir='ltr'><strong>nihil</strong></span> <span class='ocrx_word' id='word_1_12' title='bbox 1011 596 1279 654; x_wconf 65' lang='lat' dir='ltr'><strong>aequatur.</strong></span> <span class='ocrx_word' id='word_1_13' title='bbox 1311 587 1504 644; x_wconf 86' lang='lat' dir='ltr'><strong>Omnia</strong></span> <span class='ocrx_word' id='word_1_14' title='bbox 1533 606 1655 645; x_wconf 91' lang='lat' dir='ltr'><strong>eum</strong></span> <span class='ocrx_word' id='word_1_15' title='bbox 1683 593 1932 659; x_wconf 89' lang='lat' dir='ltr'><strong>adorant,</strong></span> <span class='ocrx_word' id='word_1_16' title='bbox 1955 597 2025 650; x_wconf 92' lang='lat' dir='ltr'><strong>ob</strong></span> 
     </span>
    </p>
   </div>
   <div class='ocr_carea' id='block_1_4' title="bbox 447 669 2022 750">
    <p class='ocr_par' dir='ltr' id='par_1_4' title="bbox 447 669 2022 750">
     <span class='ocr_line' id='line_1_4' title="bbox 447 669 2022 750; baseline 0.013 -28"><span class='ocrx_word' id='word_1_17' title='bbox 447 669 712 724; x_wconf 85' lang='lat' dir='ltr'><strong>honorem</strong></span> <span class='ocrx_word' id='word_1_18' title='bbox 749 681 805 726; x_wconf 91' lang='lat' dir='ltr'><strong>ut</strong></span> <span class='ocrx_word' id='word_1_19' title='bbox 841 683 966 742; x_wconf 90' lang='lat' dir='ltr'><strong>pote</strong></span> <span class='ocrx_word' id='word_1_20' title='bbox 995 678 1113 747; x_wconf 85' lang='lat' dir='ltr'><strong>ejus</strong></span> <span class='ocrx_word' id='word_1_21' title='bbox 1138 681 1227 749; x_wconf 92' lang='lat' dir='ltr'><strong>qui</strong></span> <span class='ocrx_word' id='word_1_22' title='bbox 1258 683 1444 750; x_wconf 78' lang='lat' dir='ltr'><strong>genuit</strong></span> <span class='ocrx_word' id='word_1_23' title='bbox 1477 703 1490 738; x_wconf 87' lang='lat'><strong>:</strong></span> <span class='ocrx_word' id='word_1_24' title='bbox 1532 697 1638 738; x_wconf 90' lang='lat' dir='ltr'><strong>non</strong></span> <span class='ocrx_word' id='word_1_25' title='bbox 1671 694 1753 740; x_wconf 89' lang='lat' dir='ltr'><strong>est</strong></span> <span class='ocrx_word' id='word_1_26' title='bbox 1790 702 1930 742; x_wconf 90' lang='lat' dir='ltr'><strong>unus</strong></span> <span class='ocrx_word' id='word_1_27' title='bbox 1957 703 2022 742; x_wconf 91' lang='lat' dir='ltr'><strong>ex</strong></span> 
     </span>
    </p>
   </div>
   <div class='ocr_carea' id='block_1_5' title="bbox 445 758 2018 847">
    <p class='ocr_par' dir='ltr' id='par_1_5' title="bbox 445 758 2018 847">
     <span class='ocr_line' id='line_1_5' title="bbox 445 758 2018 847; baseline 0.013 -33"><span class='ocrx_word' id='word_1_28' title='bbox 445 758 534 814; x_wconf 87' lang='lat' dir='ltr'><strong>his</strong></span> <span class='ocrx_word' id='word_1_29' title='bbox 556 775 677 831; x_wconf 69' lang='lat' dir='ltr'><strong>qua:</strong></span> <span class='ocrx_word' id='word_1_30' title='bbox 715 778 814 832; x_wconf 92' lang='lat' dir='ltr'><strong>per</strong></span> <span class='ocrx_word' id='word_1_31' title='bbox 853 766 1230 840; x_wconf 20' lang='lat' dir='ltr'><strong>ipsumysunt:</strong></span> <span class='ocrx_word' id='word_1_32' title='bbox 1275 788 1380 828; x_wconf 90' lang='lat' dir='ltr'><strong>non</strong></span> <span class='ocrx_word' id='word_1_33' title='bbox 1411 783 1496 830; x_wconf 87' lang='lat' dir='ltr'><strong>est</strong></span> <span class='ocrx_word' id='word_1_34' title='bbox 1525 791 1591 830; x_wconf 89' lang='lat' dir='ltr'><strong>ex</strong></span> <span class='ocrx_word' id='word_1_35' title='bbox 1639 777 1744 832; x_wconf 90' lang='lat' dir='ltr'><strong>hoc</strong></span> <span class='ocrx_word' id='word_1_36' title='bbox 1792 781 2018 847; x_wconf 87' lang='lat' dir='ltr'><strong>mundo,</strong></span> 
     </span>
    </p>
   </div>
   <div class='ocr_carea' id='block_1_6' title="bbox 445 849 2023 936">
    <p class='ocr_par' dir='ltr' id='par_1_6' title="bbox 445 849 2023 936">
     <span class='ocr_line' id='line_1_6' title="bbox 445 849 2023 936; baseline 0.015 -34"><span class='ocrx_word' id='word_1_37' title='bbox 445 849 540 902; x_wconf 87' lang='lat' dir='ltr'><strong>sed</strong></span> <span class='ocrx_word' id='word_1_38' title='bbox 583 860 640 905; x_wconf 91' lang='lat' dir='ltr'><strong>et</strong></span> <span class='ocrx_word' id='word_1_39' title='bbox 677 855 907 909; x_wconf 91' lang='lat' dir='ltr'><strong>mundus</strong></span> <span class='ocrx_word' id='word_1_40' title='bbox 938 872 1034 926; x_wconf 87' lang='lat' dir='ltr'><strong>per</strong></span> <span class='ocrx_word' id='word_1_41' title='bbox 1079 861 1276 924; x_wconf 88' lang='lat' dir='ltr'><strong>ipsum.</strong></span> <span class='ocrx_word' id='word_1_42' title='bbox 1326 862 1442 918; x_wconf 87' lang='lat' dir='ltr'><strong>Non</strong></span> <span class='ocrx_word' id='word_1_43' title='bbox 1489 865 1684 920; x_wconf 77' lang='lat' dir='ltr'><strong>etelum</strong></span> <span class='ocrx_word' id='word_1_44' title='bbox 1714 883 1836 922; x_wconf 93' lang='lat' dir='ltr'><strong>cum</strong></span> <span class='ocrx_word' id='word_1_45' title='bbox 1865 868 2023 936; x_wconf 84' lang='lat' dir='ltr'><strong>Filio,</strong></span> 
     </span>
    </p>
   </div>
   <div class='ocr_carea' id='block_1_7' title="bbox 444 941 2026 1028">
    <p class='ocr_par' dir='ltr' id='par_1_7' title="bbox 444 941 2026 1028">
     <span class='ocr_line' id='line_1_7' title="bbox 444 941 2026 1028; baseline 0.015 -35"><span class='ocrx_word' id='word_1_46' title='bbox 444 941 542 994; x_wconf 85' lang='lat' dir='ltr'><strong>sed</strong></span> <span class='ocrx_word' id='word_1_47' title='bbox 585 951 642 996; x_wconf 93' lang='lat' dir='ltr'><strong>et</strong></span> <span class='ocrx_word' id='word_1_48' title='bbox 685 945 878 1000; x_wconf 63' lang='lat' dir='ltr'><strong>coelum</strong></span> <span class='ocrx_word' id='word_1_49' title='bbox 925 964 1021 1017; x_wconf 90' lang='lat' dir='ltr'><strong>per</strong></span> <span class='ocrx_word' id='word_1_50' title='bbox 1053 949 1271 1006; x_wconf 89' lang='lat' dir='ltr'><strong>Filium.</strong></span> <span class='ocrx_word' id='word_1_51' title='bbox 1316 954 1456 1020; x_wconf 83' lang='lat' dir='ltr'><strong>Quid</strong></span> <span class='ocrx_word' id='word_1_52' title='bbox 1499 972 1636 1026; x_wconf 90' lang='lat' dir='ltr'><strong>opus</strong></span> <span class='ocrx_word' id='word_1_53' title='bbox 1665 969 1751 1014; x_wconf 88' lang='lat' dir='ltr'><strong>est</strong></span> <span class='ocrx_word' id='word_1_54' title='bbox 1783 961 2026 1028; x_wconf 87' lang='lat' dir='ltr'><strong>partibus</strong></span> 
     </span>
    </p>
   </div>
   <div class='ocr_carea' id='block_1_8' title="bbox 445 1034 2025 1115">
    <p class='ocr_par' dir='ltr' id='par_1_8' title="bbox 445 1034 2025 1115">
     <span class='ocr_line' id='line_1_8' title="bbox 445 1034 2025 1115; baseline 0.016 -31"><span class='ocrx_word' id='word_1_55' title='bbox 445 1034 712 1090; x_wconf 85' lang='lat' dir='ltr'><strong>exhibere</strong></span> <span class='ocrx_word' id='word_1_56' title='bbox 755 1041 1008 1094; x_wconf 85' lang='lat' dir='ltr'><strong>naturae?</strong></span> <span class='ocrx_word' id='word_1_57' title='bbox 1056 1041 1248 1097; x_wconf 82' lang='lat' dir='ltr'><strong>Omnia</strong></span> <span class='ocrx_word' id='word_1_58' title='bbox 1282 1063 1375 1113; x_wconf 85' lang='lat' dir='ltr'><strong>per</strong></span> <span class='ocrx_word' id='word_1_59' title='bbox 1413 1049 1583 1115; x_wconf 81' lang='lat' dir='ltr'><strong>ipsum</strong></span> <span class='ocrx_word' id='word_1_60' title='bbox 1621 1061 1764 1115; x_wconf 77' lang='lat' dir='ltr'><strong>sunt,</strong></span> <span class='ocrx_word' id='word_1_61' title='bbox 1807 1064 1853 1106; x_wconf 85' lang='lat' dir='ltr'><strong>et</strong></span> <span class='ocrx_word' id='word_1_62' title='bbox 1894 1055 2025 1108; x_wconf 80' lang='lat' dir='ltr'><strong>nihil</strong></span> 
     </span>
    </p>
   </div>
   <div class='ocr_carea' id='block_1_9' title="bbox 445 1124 2022 1212">
    <p class='ocr_par' dir='ltr' id='par_1_9' title="bbox 445 1124 2022 1212">
     <span class='ocr_line' id='line_1_9' title="bbox 445 1124 2022 1212; baseline 0.017 -36"><span class='ocrx_word' id='word_1_63' title='bbox 445 1124 560 1179; x_wconf 73' lang='lat' dir='ltr'><strong>sine</strong></span> <span class='ocrx_word' id='word_1_64' title='bbox 597 1127 706 1194; x_wconf 79' lang='lat' dir='ltr'><strong>ipso</strong></span> <span class='ocrx_word' id='word_1_65' title='bbox 733 1144 751 1181; x_wconf 96' lang='lat'><em>:</em></span> <span class='ocrx_word' id='word_1_66' title='bbox 778 1138 833 1183; x_wconf 92' lang='lat' dir='ltr'><strong>et</strong></span> <span class='ocrx_word' id='word_1_67' title='bbox 883 1132 1041 1187; x_wconf 80' lang='lat' dir='ltr'><strong>tertio</strong></span> <span class='ocrx_word' id='word_1_68' title='bbox 1079 1151 1094 1187; x_wconf 90' lang='lat'><strong>:</strong></span> <span class='ocrx_word' id='word_1_69' title='bbox 1127 1133 1277 1201; x_wconf 87' lang='lat' dir='ltr'><strong>Quod</strong></span> <span class='ocrx_word' id='word_1_70' title='bbox 1314 1138 1515 1192; x_wconf 79' lang='lat' dir='ltr'><strong>factum</strong></span> <span class='ocrx_word' id='word_1_71' title='bbox 1549 1151 1634 1195; x_wconf 88' lang='lat' dir='ltr'><strong>est</strong></span> <span class='ocrx_word' id='word_1_72' title='bbox 1679 1157 1774 1210; x_wconf 90' lang='lat' dir='ltr'><strong>per</strong></span> <span class='ocrx_word' id='word_1_73' title='bbox 1825 1144 2022 1212; x_wconf 89' lang='lat' dir='ltr'><strong>ipsum.</strong></span> 
     </span>
    </p>
   </div>
   <div class='ocr_carea' id='block_1_10' title="bbox 445 1212 2025 1298">
    <p class='ocr_par' dir='ltr' id='par_1_10' title="bbox 445 1212 2025 1298">
     <span class='ocr_line' id='line_1_10' title="bbox 445 1212 2025 1298; baseline 0.014 -30"><span class='ocrx_word' id='word_1_74' title='bbox 445 1212 566 1269; x_wconf 86' lang='lat' dir='ltr'><strong>Noli</strong></span> <span class='ocrx_word' id='word_1_75' title='bbox 589 1217 768 1273; x_wconf 89' lang='lat' dir='ltr'><strong>dicere</strong></span> <span class='ocrx_word' id='word_1_76' title='bbox 798 1220 1093 1287; x_wconf 82' lang='lat' dir='ltr'><strong>hominem,</strong></span> <span class='ocrx_word' id='word_1_77' title='bbox 1124 1241 1191 1278; x_wconf 89' lang='lat' dir='ltr'><strong>ne</strong></span> <span class='ocrx_word' id='word_1_78' title='bbox 1221 1227 1488 1282; x_wconf 90' lang='lat' dir='ltr'><strong>irascatur</strong></span> <span class='ocrx_word' id='word_1_79' title='bbox 1513 1231 1602 1298; x_wconf 91' lang='lat' dir='ltr'><strong>qui</strong></span> <span class='ocrx_word' id='word_1_80' title='bbox 1625 1234 1828 1293; x_wconf 77' lang='lat' dir='ltr'><strong>genuit.</strong></span> <span class='ocrx_word' id='word_1_81' title='bbox 1863 1235 2025 1289; x_wconf 87' lang='lat' dir='ltr'><strong>Joan-</strong></span> 
     </span>
    </p>
   </div>
   <div class='ocr_carea' id='block_1_11' title="bbox 447 1311 2024 1397">
    <p class='ocr_par' dir='ltr' id='par_1_11' title="bbox 447 1311 2024 1397">
     <span class='ocr_line' id='line_1_11' title="bbox 447 1311 2024 1397; baseline 0.015 -39"><span class='ocrx_word' id='word_1_82' title='bbox 447 1320 546 1360; x_wconf 86' lang='lat' dir='ltr'><strong>nes</strong></span> <span class='ocrx_word' id='word_1_83' title='bbox 573 1311 900 1380; x_wconf 83' lang='lat' dir='ltr'><strong>evangelista</strong></span> <span class='ocrx_word' id='word_1_84' title='bbox 925 1356 941 1380; x_wconf 93' lang='lat'><strong>,</strong></span> <span class='ocrx_word' id='word_1_85' title='bbox 978 1315 1022 1367; x_wconf 89' lang='lat' dir='ltr'><strong>si</strong></span> <span class='ocrx_word' id='word_1_86' title='bbox 1079 1323 1258 1369; x_wconf 89' lang='lat' dir='ltr'><strong>tamen</strong></span> <span class='ocrx_word' id='word_1_87' title='bbox 1291 1317 1550 1384; x_wconf 79' lang='lat' dir='ltr'><strong>Joannes,</strong></span> <span class='ocrx_word' id='word_1_88' title='bbox 1589 1334 1645 1376; x_wconf 91' lang='lat' dir='ltr'><strong>et</strong></span> <span class='ocrx_word' id='word_1_89' title='bbox 1675 1326 1902 1397; x_wconf 64' lang='lat' dir='ltr'><strong>nonqui</strong></span> <span class='ocrx_word' id='word_1_90' title='bbox 1930 1343 2024 1394; x_wconf 89' lang='lat' dir='ltr'><strong>per</strong></span> 
     </span>
    </p>
   </div>
   <div class='ocr_carea' id='block_1_12' title="bbox 445 1394 2022 1482">
    <p class='ocr_par' dir='ltr' id='par_1_12' title="bbox 445 1394 2022 1482">
     <span class='ocr_line' id='line_1_12' title="bbox 445 1394 2022 1482; baseline 0.016 -33"><span class='ocrx_word' id='word_1_91' title='bbox 445 1394 733 1467; x_wconf 85' lang='lat' dir='ltr'><strong>Joannem,</strong></span> <span class='ocrx_word' id='word_1_92' title='bbox 783 1405 1000 1474; x_wconf 83' lang='lat' dir='ltr'><strong>scripsit</strong></span> <span class='ocrx_word' id='word_1_93' title='bbox 1049 1408 1115 1463; x_wconf 92' lang='lat' dir='ltr'><strong>de</strong></span> <span class='ocrx_word' id='word_1_94' title='bbox 1158 1410 1315 1475; x_wconf 89' lang='lat' dir='ltr'><strong>Filio,</strong></span> <span class='ocrx_word' id='word_1_95' title='bbox 1346 1415 1562 1482; x_wconf 82' lang='lat' dir='ltr'><strong>scripsit</strong></span> <span class='ocrx_word' id='word_1_96' title='bbox 1604 1427 1658 1471; x_wconf 88' lang='lat' dir='ltr'><strong>et</strong></span> <span class='ocrx_word' id='word_1_97' title='bbox 1709 1394 2022 1475; x_wconf 29' lang='lat' dir='ltr'><strong>tle‘Joanue</strong></span> 
     </span>
    </p>
   </div>
   <div class='ocr_carea' id='block_1_13' title="bbox 445 1489 2022 1571">
    <p class='ocr_par' dir='ltr' id='par_1_13' title="bbox 445 1489 2022 1571">
     <span class='ocr_line' id='line_1_13' title="bbox 445 1489 2022 1571; baseline 0.013 -28"><span class='ocrx_word' id='word_1_98' title='bbox 445 1489 709 1558; x_wconf 77' lang='lat' dir='ltr'><strong>Baptista.</strong></span> <span class='ocrx_word' id='word_1_99' title='bbox 742 1495 1130 1570; x_wconf 88' lang='lat' dir='ltr'><strong>Subinterroga</strong></span> <span class='ocrx_word' id='word_1_100' title='bbox 1163 1501 1329 1571; x_wconf 85' lang='lat' dir='ltr'><strong>igitur</strong></span> <span class='ocrx_word' id='word_1_101' title='bbox 1351 1507 1800 1571; x_wconf 78' lang='lat' dir='ltr'><strong>quemadmodum</strong></span> <span class='ocrx_word' id='word_1_102' title='bbox 1824 1511 1891 1563; x_wconf 89' lang='lat' dir='ltr'><strong>de</strong></span> <span class='ocrx_word' id='word_1_103' title='bbox 1917 1513 2022 1566; x_wconf 90' lang='lat' dir='ltr'><strong>Deo</strong></span> 
     </span>
    </p>
   </div>
   <div class='ocr_carea' id='block_1_14' title="bbox 446 1581 2018 1662">
    <p class='ocr_par' dir='ltr' id='par_1_14' title="bbox 446 1581 2018 1662">
     <span class='ocr_line' id='line_1_14' title="bbox 446 1581 2018 1662; baseline 0.016 -30"><span class='ocrx_word' id='word_1_104' title='bbox 446 1581 690 1651; x_wconf 89' lang='lat' dir='ltr'><strong>loquitur</strong></span> <span class='ocrx_word' id='word_1_105' title='bbox 722 1589 1079 1658; x_wconf 80' lang='lat' dir='ltr'><strong>evangelista,</strong></span> <span class='ocrx_word' id='word_1_106' title='bbox 1116 1603 1168 1646; x_wconf 92' lang='lat' dir='ltr'><strong>et</strong></span> <span class='ocrx_word' id='word_1_107' title='bbox 1197 1598 1650 1662; x_wconf 83' lang='lat' dir='ltr'><strong>quemadmodum</strong></span> <span class='ocrx_word' id='word_1_108' title='bbox 1681 1601 1746 1654; x_wconf 90' lang='lat' dir='ltr'><strong>de</strong></span> <span class='ocrx_word' id='word_1_109' title='bbox 1775 1601 2018 1658; x_wconf 86' lang='lat' dir='ltr'><strong>homine:</strong></span> 
     </span>
    </p>
   </div>
   <div class='ocr_carea' id='block_1_15' title="bbox 449 1669 2022 1750">
    <p class='ocr_par' dir='ltr' id='par_1_15' title="bbox 449 1669 2022 1750">
     <span class='ocr_line' id='line_1_15' title="bbox 449 1669 2022 1750; baseline 0.015 -26"><span class='ocrx_word' id='word_1_110' title='bbox 449 1669 516 1724; x_wconf 89' lang='lat' dir='ltr'><strong>In</strong></span> <span class='ocrx_word' id='word_1_111' title='bbox 570 1675 850 1744; x_wconf 83' lang='lat' dir='ltr'><strong>principio,</strong></span> <span class='ocrx_word' id='word_1_112' title='bbox 910 1680 1123 1750; x_wconf 89' lang='lat' dir='ltr'><strong>inquit,</strong></span> <span class='ocrx_word' id='word_1_113' title='bbox 1181 1695 1291 1737; x_wconf 88' lang='lat' dir='ltr'><strong>erat</strong></span> <span class='ocrx_word' id='word_1_114' title='bbox 1331 1685 1594 1743; x_wconf 83' lang='lat' dir='ltr'><strong>Verbum:</strong></span> <span class='ocrx_word' id='word_1_115' title='bbox 1630 1691 1731 1744; x_wconf 90' lang='lat' dir='ltr'><strong>hoc</strong></span> <span class='ocrx_word' id='word_1_116' title='bbox 1794 1695 1860 1746; x_wconf 89' lang='lat' dir='ltr'><strong>de</strong></span> <span class='ocrx_word' id='word_1_117' title='bbox 1915 1694 2022 1746; x_wconf 89' lang='lat' dir='ltr'><strong>Deo</strong></span> 
     </span>
    </p>
   </div>
   <div class='ocr_carea' id='block_1_16' title="bbox 1123 276 3010 360">
    <p class='ocr_par' dir='ltr' id='par_1_16' title="bbox 1123 276 3010 360">
     <span class='ocr_line' id='line_1_16' title="bbox 1123 276 3010 360; baseline 0.009 -21"><span class='ocrx_word' id='word_1_118' title='bbox 1123 283 1390 344; x_wconf 64' lang='lat' dir='ltr'><strong>unseen</strong></span> <span class='ocrx_word' id='word_1_119' title='bbox 1431 287 1911 350; x_wconf 61' lang='lat' dir='ltr'><strong>cmsammvsrs</strong></span> <span class='ocrx_word' id='word_1_120' title='bbox 1946 294 2098 353; x_wconf 73' lang='lat' dir='ltr'><strong>ore.</strong></span> <span class='ocrx_word' id='word_1_121' title='bbox 2138 297 2318 356; x_wconf 71' lang='lat' dir='ltr'><strong>mas</strong></span> <span class='ocrx_word' id='word_1_122' title='bbox 2354 297 2444 357; x_wconf 82' lang='lat' dir='ltr'><strong>tv.</strong></span> <span class='ocrx_word' id='word_1_123' title='bbox 2479 276 2552 345; x_wconf 60' lang='lat'><strong>—;</strong></span> <span class='ocrx_word' id='word_1_124' title='bbox 2587 299 3010 360; x_wconf 82' lang='lat' dir='ltr'><strong>DOGMATICA.</strong></span> 
     </span>
    </p>
   </div>
   <div class='ocr_carea' id='block_1_17' title="bbox 448 395 2201 478">
    <p class='ocr_par' dir='ltr' id='par_1_17' title="bbox 448 395 2201 478">
     <span class='ocr_line' id='line_1_17' title="bbox 448 395 2201 478; baseline 0.013 -30"><span class='ocrx_word' id='word_1_125' title='bbox 448 411 558 451; x_wconf 65' lang='lat' dir='ltr'><strong>uno</strong></span> <span class='ocrx_word' id='word_1_126' title='bbox 585 404 667 450; x_wconf 87' lang='lat' dir='ltr'><strong>est</strong></span> <span class='ocrx_word' id='word_1_127' title='bbox 687 395 917 463; x_wconf 88' lang='lat' dir='ltr'><strong>Patre,a</strong></span> <span class='ocrx_word' id='word_1_128' title='bbox 950 400 1064 457; x_wconf 88' lang='lat' dir='ltr'><strong>solo</strong></span> <span class='ocrx_word' id='word_1_129' title='bbox 1093 405 1260 470; x_wconf 87' lang='lat' dir='ltr'><strong>solus,</strong></span> <span class='ocrx_word' id='word_1_130' title='bbox 1301 408 1370 462; x_wconf 90' lang='lat' dir='ltr'><strong>ab</strong></span> <span class='ocrx_word' id='word_1_131' title='bbox 1399 423 1504 464; x_wconf 89' lang='lat' dir='ltr'><strong>uno</strong></span> <span class='ocrx_word' id='word_1_132' title='bbox 1523 426 1680 465; x_wconf 89' lang='lat' dir='ltr'><strong>unus.</strong></span> <span class='ocrx_word' id='word_1_133' title='bbox 1708 411 1851 468; x_wconf 86' lang='lat' dir='ltr'><strong>Nihil</strong></span> <span class='ocrx_word' id='word_1_134' title='bbox 1877 414 2022 468; x_wconf 90' lang='lat' dir='ltr'><strong>enim</strong></span> <span class='ocrx_word' id='word_1_135' title='bbox 2057 422 2102 478; x_wconf 83' lang='grc' dir='ltr'><strong>Α</strong></span> <span class='ocrx_word' id='word_1_136' title='bbox 2131 420 2201 471; x_wconf 89' lang='lat' dir='ltr'><strong>tia</strong></span> 
     </span>
    </p>
   </div>
   <div class='ocr_carea' id='block_1_18' title="bbox 3579 303 3715 367">
    <p class='ocr_par' dir='ltr' id='par_1_18' title="bbox 3579 303 3715 367">
     <span class='ocr_line' id='line_1_18' title="bbox 3579 303 3715 367; baseline 0.022 -3"><span class='ocrx_word' id='word_1_137' title='bbox 3579 303 3715 367; x_wconf 58' lang='grc' dir='ltr'><strong>ἴθὗέ</strong></span> 
     </span>
    </p>
   </div>
   <div class='ocr_carea' id='block_1_19' title="bbox 2255 421 3706 498">
    <p class='ocr_par' dir='ltr' id='par_1_19' title="bbox 2255 421 3706 498">
     <span class='ocr_line' id='line_1_19' title="bbox 2255 421 3706 498; baseline 0.009 -23"><span class='ocrx_word' id='word_1_138' title='bbox 2255 437 2270 475; x_wconf 91' lang='lat'><strong>:</strong></span> <span class='ocrx_word' id='word_1_139' title='bbox 2319 429 2374 474; x_wconf 90' lang='lat' dir='ltr'><strong>et</strong></span> <span class='ocrx_word' id='word_1_140' title='bbox 2427 421 2793 475; x_wconf 87' lang='lat' dir='ltr'><strong>adorabantur</strong></span> <span class='ocrx_word' id='word_1_141' title='bbox 2843 425 3055 490; x_wconf 84' lang='lat' dir='ltr'><strong>omnia;</strong></span> <span class='ocrx_word' id='word_1_142' title='bbox 3109 433 3163 480; x_wconf 93' lang='lat' dir='ltr'><strong>et</strong></span> <span class='ocrx_word' id='word_1_143' title='bbox 3215 427 3339 498; x_wconf 85' lang='lat' dir='ltr'><strong>quia</strong></span> <span class='ocrx_word' id='word_1_144' title='bbox 3397 429 3706 489; x_wconf 85' lang='lat' dir='ltr'><strong>adorandus</strong></span> 
     </span>
    </p>
   </div>
   <div class='ocr_carea' id='block_1_20' title="bbox 2128 510 3705 581">
    <p class='ocr_par' dir='ltr' id='par_1_20' title="bbox 2128 510 3705 581">
     <span class='ocr_line' id='line_1_20' title="bbox 2128 510 3705 581; baseline 0.011 -18"><span class='ocrx_word' id='word_1_145' title='bbox 2128 510 2494 577; x_wconf 74' lang='lat' dir='ltr'><strong>ignorabatur,</strong></span> <span class='ocrx_word' id='word_1_146' title='bbox 2509 511 2833 568; x_wconf 84' lang='lat' dir='ltr'><strong>oﬁ‘ensiones</strong></span> <span class='ocrx_word' id='word_1_147' title='bbox 2847 527 3000 570; x_wconf 89' lang='lat' dir='ltr'><strong>erant</strong></span> <span class='ocrx_word' id='word_1_148' title='bbox 3017 517 3168 573; x_wconf 90' lang='lat' dir='ltr'><strong>nobis</strong></span> <span class='ocrx_word' id='word_1_149' title='bbox 3182 521 3385 576; x_wconf 87' lang='lat' dir='ltr'><strong>omnia.</strong></span> <span class='ocrx_word' id='word_1_150' title='bbox 3400 522 3543 576; x_wconf 85' lang='lat' dir='ltr'><strong>Nam</strong></span> <span class='ocrx_word' id='word_1_151' title='bbox 3564 535 3622 580; x_wconf 87' lang='lat' dir='ltr'><strong>et</strong></span> <span class='ocrx_word' id='word_1_152' title='bbox 3637 528 3705 581; x_wconf 79' lang='lat' dir='ltr'><strong>sol</strong></span> 
     </span>
    </p>
   </div>
   <div class='ocr_carea' id='block_1_21' title="bbox 2127 600 3706 675">
    <p class='ocr_par' dir='ltr' id='par_1_21' title="bbox 2127 600 3706 675">
     <span class='ocr_line' id='line_1_21' title="bbox 2127 600 3706 675; baseline 0.009 -22"><span class='ocrx_word' id='word_1_153' title='bbox 2127 615 2231 653; x_wconf 89' lang='lat' dir='ltr'><strong>non</strong></span> <span class='ocrx_word' id='word_1_154' title='bbox 2255 600 2609 667; x_wconf 87' lang='lat' dir='ltr'><strong>illuminabat,</strong></span> <span class='ocrx_word' id='word_1_155' title='bbox 2635 606 2727 658; x_wconf 91' lang='lat' dir='ltr'><strong>sed</strong></span> <span class='ocrx_word' id='word_1_156' title='bbox 2753 615 2807 660; x_wconf 89' lang='lat' dir='ltr'><strong>et</strong></span> <span class='ocrx_word' id='word_1_157' title='bbox 2830 607 2943 675; x_wconf 83' lang='lat' dir='ltr'><strong>ipse</strong></span> <span class='ocrx_word' id='word_1_158' title='bbox 2964 609 3116 662; x_wconf 88' lang='lat' dir='ltr'><strong>nobis</strong></span> <span class='ocrx_word' id='word_1_159' title='bbox 3134 619 3252 664; x_wconf 90' lang='lat' dir='ltr'><strong>erat</strong></span> <span class='ocrx_word' id='word_1_160' title='bbox 3271 610 3521 668; x_wconf 81' lang='lat' dir='ltr'><strong>oﬁ&#39;ensio.</strong></span> <span class='ocrx_word' id='word_1_161' title='bbox 3551 615 3706 670; x_wconf 76' lang='lat' dir='ltr'><strong>Venit</strong></span> 
     </span>
    </p>
   </div>
   <div class='ocr_carea' id='block_1_22' title="bbox 2125 697 3704 768">
    <p class='ocr_par' dir='ltr' id='par_1_22' title="bbox 2125 697 3704 768">
     <span class='ocr_line' id='line_1_22' title="bbox 2125 697 3704 768; baseline 0.009 -26"><span class='ocrx_word' id='word_1_162' title='bbox 2125 698 2304 744; x_wconf 88' lang='lat' dir='ltr'><strong>autem</strong></span> <span class='ocrx_word' id='word_1_163' title='bbox 2329 706 2424 761; x_wconf 90' lang='lat' dir='ltr'><strong>per</strong></span> <span class='ocrx_word' id='word_1_164' title='bbox 2440 707 2598 762; x_wconf 89' lang='lat' dir='ltr'><strong>quem</strong></span> <span class='ocrx_word' id='word_1_165' title='bbox 2617 697 2940 750; x_wconf 87' lang='lat' dir='ltr'><strong>suntomnia</strong></span> <span class='ocrx_word' id='word_1_166' title='bbox 2961 715 2975 751; x_wconf 91' lang='lat'><strong>:</strong></span> <span class='ocrx_word' id='word_1_167' title='bbox 2997 712 3099 752; x_wconf 93' lang='lat' dir='ltr'><strong>non</strong></span> <span class='ocrx_word' id='word_1_168' title='bbox 3121 699 3290 753; x_wconf 88' lang='lat' dir='ltr'><strong>solum</strong></span> <span class='ocrx_word' id='word_1_169' title='bbox 3307 716 3406 756; x_wconf 91' lang='lat' dir='ltr'><strong>nos</strong></span> <span class='ocrx_word' id='word_1_170' title='bbox 3428 703 3704 768; x_wconf 78' lang='lat' dir='ltr'><strong>liberavit,</strong></span> 
     </span>
    </p>
   </div>
   <div class='ocr_carea' id='block_1_23' title="bbox 2126 781 3708 853">
    <p class='ocr_par' dir='ltr' id='par_1_23' title="bbox 2126 781 3708 853">
     <span class='ocr_line' id='line_1_23' title="bbox 2126 781 3708 853; baseline 0.007 -17"><span class='ocrx_word' id='word_1_171' title='bbox 2126 781 2217 836; x_wconf 88' lang='lat' dir='ltr'><strong>sed</strong></span> <span class='ocrx_word' id='word_1_172' title='bbox 2237 790 2292 836; x_wconf 91' lang='lat' dir='ltr'><strong>et</strong></span> <span class='ocrx_word' id='word_1_173' title='bbox 2312 782 2483 852; x_wconf 91' lang='lat' dir='ltr'><strong>ipsum</strong></span> <span class='ocrx_word' id='word_1_174' title='bbox 2501 783 2668 839; x_wconf 92' lang='lat' dir='ltr'><strong>solem</strong></span> <span class='ocrx_word' id='word_1_175' title='bbox 2687 786 2754 838; x_wconf 85' lang='lat' dir='ltr'><strong>ab</strong></span> <span class='ocrx_word' id='word_1_176' title='bbox 2773 785 2994 853; x_wconf 79' lang='lat' dir='ltr'><strong>ignobili</strong></span> <span class='ocrx_word' id='word_1_177' title='bbox 3021 788 3124 842; x_wconf 90' lang='lat' dir='ltr'><strong>isto</strong></span> <span class='ocrx_word' id='word_1_178' title='bbox 3147 789 3354 845; x_wconf 91' lang='lat' dir='ltr'><strong>honore</strong></span> <span class='ocrx_word' id='word_1_179' title='bbox 3371 792 3608 847; x_wconf 86' lang='lat' dir='ltr'><strong>liberum</strong></span> <span class='ocrx_word' id='word_1_180' title='bbox 3638 796 3708 847; x_wconf 78' lang='lat' dir='ltr'><strong>tc-</strong></span> 
     </span>
    </p>
   </div>
   <div class='ocr_carea' id='block_1_24' title="bbox 2125 872 3705 954">
    <p class='ocr_par' dir='ltr' id='par_1_24' title="bbox 2125 872 3705 954">
     <span class='ocr_line' id='line_1_24' title="bbox 2125 872 3705 954; baseline 0.008 -28"><span class='ocrx_word' id='word_1_181' title='bbox 2125 874 2217 926; x_wconf 90' lang='lat' dir='ltr'><strong>cit.</strong></span> <span class='ocrx_word' id='word_1_182' title='bbox 2254 872 2530 928; x_wconf 82' lang='lat' dir='ltr'><strong>Liberavit</strong></span> <span class='ocrx_word' id='word_1_183' title='bbox 2566 891 2698 932; x_wconf 84' lang='lat' dir='ltr'><strong>sane</strong></span> <span class='ocrx_word' id='word_1_184' title='bbox 2729 877 2908 931; x_wconf 91' lang='lat' dir='ltr'><strong>lunam</strong></span> <span class='ocrx_word' id='word_1_185' title='bbox 2948 894 2977 931; x_wconf 92' lang='lat' dir='ltr'><strong>a</strong></span> <span class='ocrx_word' id='word_1_186' title='bbox 3021 879 3343 949; x_wconf 87' lang='lat' dir='ltr'><strong>calumniis,</strong></span> <span class='ocrx_word' id='word_1_187' title='bbox 3385 894 3445 937; x_wconf 89' lang='lat' dir='ltr'><strong>et</strong></span> <span class='ocrx_word' id='word_1_188' title='bbox 3491 901 3705 954; x_wconf 84' lang='lat' dir='ltr'><strong>purga-</strong></span> 
     </span>
    </p>
   </div>
   <div class='ocr_carea' id='block_1_25' title="bbox 2125 963 3709 1047">
    <p class='ocr_par' dir='ltr' id='par_1_25' title="bbox 2125 963 3709 1047">
     <span class='ocr_line' id='line_1_25' title="bbox 2125 963 3709 1047; baseline 0.01 -32"><span class='ocrx_word' id='word_1_189' title='bbox 2125 963 2203 1017; x_wconf 91' lang='lat' dir='ltr'><strong>vit</strong></span> <span class='ocrx_word' id='word_1_190' title='bbox 2227 965 2414 1018; x_wconf 85' lang='lat' dir='ltr'><strong>stellas</strong></span> <span class='ocrx_word' id='word_1_191' title='bbox 2440 975 2498 1019; x_wconf 91' lang='lat' dir='ltr'><strong>ut</strong></span> <span class='ocrx_word' id='word_1_192' title='bbox 2537 981 2642 1021; x_wconf 90' lang='lat' dir='ltr'><strong>non</strong></span> <span class='ocrx_word' id='word_1_193' title='bbox 2683 971 3059 1024; x_wconf 65' lang='lat' dir='ltr'><strong>adorerentur.</strong></span> <span class='ocrx_word' id='word_1_194' title='bbox 3087 973 3144 1028; x_wconf 92' lang='lat' dir='ltr'><strong>Si</strong></span> <span class='ocrx_word' id='word_1_195' title='bbox 3174 987 3353 1028; x_wconf 89' lang='lat' dir='ltr'><strong>autem</strong></span> <span class='ocrx_word' id='word_1_196' title='bbox 3381 978 3617 1047; x_wconf 86' lang='lat' dir='ltr'><strong>quidam</strong></span> <span class='ocrx_word' id='word_1_197' title='bbox 3642 981 3709 1031; x_wconf 81' lang='lat' dir='ltr'><strong>ad</strong></span> 
     </span>
    </p>
   </div>
   <div class='ocr_carea' id='block_1_26' title="bbox 2127 1055 3706 1134">
    <p class='ocr_par' dir='ltr' id='par_1_26' title="bbox 2127 1055 3706 1134">
     <span class='ocr_line' id='line_1_26' title="bbox 2127 1055 3706 1134; baseline 0.01 -25"><span class='ocrx_word' id='word_1_198' title='bbox 2127 1055 2245 1111; x_wconf 71' lang='lat' dir='ltr'><strong>haec</strong></span> <span class='ocrx_word' id='word_1_199' title='bbox 2268 1057 2286 1075; x_wconf 79' lang='grc'><strong><em>⁶</em></strong></span> <span class='ocrx_word' id='word_1_200' title='bbox 2319 1072 2491 1126; x_wconf 86' lang='lat' dir='ltr'><strong>usque</strong></span> <span class='ocrx_word' id='word_1_201' title='bbox 2522 1061 2874 1127; x_wconf 85' lang='lat' dir='ltr'><strong>contendunt,</strong></span> <span class='ocrx_word' id='word_1_202' title='bbox 2897 1065 3124 1134; x_wconf 88' lang='lat' dir='ltr'><strong>reliquia</strong></span> <span class='ocrx_word' id='word_1_203' title='bbox 3152 1067 3418 1122; x_wconf 89' lang='lat' dir='ltr'><strong>malorum</strong></span> <span class='ocrx_word' id='word_1_204' title='bbox 3453 1084 3706 1125; x_wconf 90' lang='lat' dir='ltr'><strong>comme-</strong></span> 
     </span>
    </p>
   </div>
   <div class='ocr_carea' id='block_1_27' title="bbox 2125 1149 3706 1225">
    <p class='ocr_par' dir='ltr' id='par_1_27' title="bbox 2125 1149 3706 1225">
     <span class='ocr_line' id='line_1_27' title="bbox 2125 1149 3706 1225; baseline 0.011 -26"><span class='ocrx_word' id='word_1_205' title='bbox 2125 1149 2450 1202; x_wconf 89' lang='lat' dir='ltr'><strong>tnorantium</strong></span> <span class='ocrx_word' id='word_1_206' title='bbox 2496 1149 2838 1207; x_wconf 88' lang='lat' dir='ltr'><strong>beneﬁcium.</strong></span> <span class='ocrx_word' id='word_1_207' title='bbox 2899 1154 3052 1209; x_wconf 89' lang='lat' dir='ltr'><strong>Nunc</strong></span> <span class='ocrx_word' id='word_1_208' title='bbox 3090 1156 3256 1225; x_wconf 85' lang='lat' dir='ltr'><strong>igitur</strong></span> <span class='ocrx_word' id='word_1_209' title='bbox 3294 1168 3350 1214; x_wconf 92' lang='lat' dir='ltr'><strong>et</strong></span> <span class='ocrx_word' id='word_1_210' title='bbox 3383 1175 3584 1214; x_wconf 89' lang='lat' dir='ltr'><strong>aurum</strong></span> <span class='ocrx_word' id='word_1_211' title='bbox 3623 1173 3706 1216; x_wconf 84' lang='lat' dir='ltr'><strong>est</strong></span> 
     </span>
    </p>
   </div>
   <div class='ocr_carea' id='block_1_28' title="bbox 2125 1239 3706 1317">
    <p class='ocr_par' dir='ltr' id='par_1_28' title="bbox 2125 1239 3706 1317">
     <span class='ocr_line' id='line_1_28' title="bbox 2125 1239 3706 1317; baseline 0.011 -29"><span class='ocrx_word' id='word_1_212' title='bbox 2125 1239 2403 1292; x_wconf 90' lang='lat' dir='ltr'><strong>mundum.</strong></span> <span class='ocrx_word' id='word_1_213' title='bbox 2437 1239 2666 1312; x_wconf 9' lang='lat' dir='ltr'><strong>Nuncget</strong></span> <span class='ocrx_word' id='word_1_214' title='bbox 2701 1253 2983 1312; x_wconf 85' lang='lat' dir='ltr'><strong>argentum</strong></span> <span class='ocrx_word' id='word_1_215' title='bbox 3005 1247 3070 1298; x_wconf 89' lang='lat' dir='ltr'><strong>ad</strong></span> <span class='ocrx_word' id='word_1_216' title='bbox 3099 1247 3152 1300; x_wconf 90' lang='lat' dir='ltr'><strong>id</strong></span> <span class='ocrx_word' id='word_1_217' title='bbox 3184 1250 3324 1317; x_wconf 92' lang='lat' dir='ltr'><strong>quod</strong></span> <span class='ocrx_word' id='word_1_218' title='bbox 3343 1262 3594 1305; x_wconf 88' lang='lat' dir='ltr'><strong>creatum</strong></span> <span class='ocrx_word' id='word_1_219' title='bbox 3621 1266 3706 1306; x_wconf 85' lang='lat' dir='ltr'><strong>est</strong></span> 
     </span>
    </p>
   </div>
   <div class='ocr_carea' id='block_1_29' title="bbox 2125 1331 3701 1406">
    <p class='ocr_par' dir='ltr' id='par_1_29' title="bbox 2125 1331 3701 1406">
     <span class='ocr_line' id='line_1_29' title="bbox 2125 1331 3701 1406; baseline 0.011 -24"><span class='ocrx_word' id='word_1_220' title='bbox 2125 1332 2273 1387; x_wconf 83' lang='lat' dir='ltr'><strong>utile.</strong></span> <span class='ocrx_word' id='word_1_221' title='bbox 2316 1331 2467 1386; x_wconf 86' lang='lat' dir='ltr'><strong>Nunc</strong></span> <span class='ocrx_word' id='word_1_222' title='bbox 2494 1345 2845 1390; x_wconf 71' lang='lat' dir='ltr'><strong>aeramentum</strong></span> <span class='ocrx_word' id='word_1_223' title='bbox 2872 1350 3220 1394; x_wconf 60' lang='lat' dir='ltr'><strong>atramentum</strong></span> <span class='ocrx_word' id='word_1_224' title='bbox 3255 1352 3338 1396; x_wconf 88' lang='lat' dir='ltr'><strong>est</strong></span> <span class='ocrx_word' id='word_1_225' title='bbox 3363 1383 3377 1406; x_wconf 95' lang='lat'><strong>,</strong></span> <span class='ocrx_word' id='word_1_226' title='bbox 3406 1353 3460 1397; x_wconf 91' lang='lat' dir='ltr'><strong>et</strong></span> <span class='ocrx_word' id='word_1_227' title='bbox 3487 1343 3701 1399; x_wconf 76' lang='lat' dir='ltr'><strong>ferrum</strong></span> 
     </span>
    </p>
   </div>
   <div class='ocr_carea' id='block_1_30' title="bbox 2127 1423 3705 1502">
    <p class='ocr_par' dir='ltr' id='par_1_30' title="bbox 2127 1423 3705 1502">
     <span class='ocr_line' id='line_1_30' title="bbox 2127 1423 3705 1502; baseline 0.011 -28"><span class='ocrx_word' id='word_1_228' title='bbox 2127 1423 2328 1476; x_wconf 75' lang='lat' dir='ltr'><strong>ferrum</strong></span> <span class='ocrx_word' id='word_1_229' title='bbox 2355 1464 2370 1488; x_wconf 92' lang='lat'><strong>,</strong></span> <span class='ocrx_word' id='word_1_230' title='bbox 2406 1435 2458 1478; x_wconf 90' lang='lat' dir='ltr'><strong>et</strong></span> <span class='ocrx_word' id='word_1_231' title='bbox 2498 1425 2633 1495; x_wconf 91' lang='lat' dir='ltr'><strong>lapis</strong></span> <span class='ocrx_word' id='word_1_232' title='bbox 2672 1427 2836 1496; x_wconf 87' lang='lat' dir='ltr'><strong>lapis,</strong></span> <span class='ocrx_word' id='word_1_233' title='bbox 2889 1438 2945 1482; x_wconf 93' lang='lat' dir='ltr'><strong>et</strong></span> <span class='ocrx_word' id='word_1_234' title='bbox 2993 1431 3194 1500; x_wconf 81' lang='lat' dir='ltr'><strong>lignum</strong></span> <span class='ocrx_word' id='word_1_235' title='bbox 3246 1433 3447 1502; x_wconf 80' lang='lat' dir='ltr'><strong>lignum</strong></span> <span class='ocrx_word' id='word_1_236' title='bbox 3491 1446 3619 1498; x_wconf 90' lang='lat' dir='ltr'><strong>est,</strong></span> <span class='ocrx_word' id='word_1_237' title='bbox 3654 1445 3705 1491; x_wconf 85' lang='lat' dir='ltr'><strong>et</strong></span> 
     </span>
    </p>
   </div>
   <div class='ocr_carea' id='block_1_31' title="bbox 2125 1513 3702 1592">
    <p class='ocr_par' dir='ltr' id='par_1_31' title="bbox 2125 1513 3702 1592">
     <span class='ocr_line' id='line_1_31' title="bbox 2125 1513 3702 1592; baseline 0.009 -25"><span class='ocrx_word' id='word_1_238' title='bbox 2125 1513 2267 1568; x_wconf 91' lang='lat' dir='ltr'><strong>Deus</strong></span> <span class='ocrx_word' id='word_1_239' title='bbox 2304 1515 2461 1571; x_wconf 89' lang='lat' dir='ltr'><strong>Deus.</strong></span> <span class='ocrx_word' id='word_1_240' title='bbox 2487 1517 2641 1572; x_wconf 89' lang='lat' dir='ltr'><strong>Nunc</strong></span> <span class='ocrx_word' id='word_1_241' title='bbox 2681 1520 3016 1576; x_wconf 66' lang='lat' dir='ltr'><strong>dmmonihus</strong></span> <span class='ocrx_word' id='word_1_242' title='bbox 3066 1523 3378 1590; x_wconf 90' lang='lat' dir='ltr'><strong>increpatnr</strong></span> <span class='ocrx_word' id='word_1_243' title='bbox 3411 1537 3469 1580; x_wconf 92' lang='lat' dir='ltr'><strong>ut</strong></span> <span class='ocrx_word' id='word_1_244' title='bbox 3504 1528 3702 1592; x_wconf 74' lang='lat' dir='ltr'><strong>decet,</strong></span> 
     </span>
    </p>
   </div>
   <div class='ocr_carea' id='block_1_32' title="bbox 2123 1611 3702 1675">
    <p class='ocr_par' dir='ltr' id='par_1_32' title="bbox 2123 1611 3702 1675">
     <span class='ocr_line' id='line_1_32' title="bbox 2123 1611 3702 1675; baseline 0.009 -15"><span class='ocrx_word' id='word_1_245' title='bbox 2123 1618 2177 1661; x_wconf 91' lang='lat' dir='ltr'><strong>et</strong></span> <span class='ocrx_word' id='word_1_246' title='bbox 2221 1625 2324 1662; x_wconf 91' lang='lat' dir='ltr'><strong>non</strong></span> <span class='ocrx_word' id='word_1_247' title='bbox 2368 1611 2661 1664; x_wconf 89' lang='lat' dir='ltr'><strong>adorantur</strong></span> <span class='ocrx_word' id='word_1_248' title='bbox 2691 1622 2747 1666; x_wconf 92' lang='lat' dir='ltr'><strong>ut</strong></span> <span class='ocrx_word' id='word_1_249' title='bbox 2775 1629 2880 1667; x_wconf 92' lang='lat' dir='ltr'><strong>non</strong></span> <span class='ocrx_word' id='word_1_250' title='bbox 2921 1615 3096 1669; x_wconf 86' lang='lat' dir='ltr'><strong>decet.</strong></span> <span class='ocrx_word' id='word_1_251' title='bbox 3145 1617 3300 1670; x_wconf 86' lang='lat' dir='ltr'><strong>Venit</strong></span> <span class='ocrx_word' id='word_1_252' title='bbox 3333 1619 3478 1672; x_wconf 93' lang='lat' dir='ltr'><strong>enim</strong></span> <span class='ocrx_word' id='word_1_253' title='bbox 3517 1637 3614 1675; x_wconf 84' lang='lat' dir='ltr'><strong>rex</strong></span> <span class='ocrx_word' id='word_1_254' title='bbox 3651 1633 3702 1675; x_wconf 87' lang='lat' dir='ltr'><strong>et</strong></span> 
     </span>
    </p>
   </div>
   <div class='ocr_carea' id='block_1_33' title="bbox 2123 1701 3704 1777">
    <p class='ocr_par' dir='ltr' id='par_1_33' title="bbox 2123 1701 3704 1777">
     <span class='ocr_line' id='line_1_33' title="bbox 2123 1701 3704 1777; baseline 0.008 -26"><span class='ocrx_word' id='word_1_255' title='bbox 2123 1701 2382 1753; x_wconf 90' lang='lat' dir='ltr'><strong>exstinxit</strong></span> <span class='ocrx_word' id='word_1_256' title='bbox 2415 1711 2700 1771; x_wconf 88' lang='lat' dir='ltr'><strong>tyrannum</strong></span> <span class='ocrx_word' id='word_1_257' title='bbox 2747 1724 2757 1758; x_wconf 95' lang='lat'><strong>:</strong></span> <span class='ocrx_word' id='word_1_258' title='bbox 2795 1713 2848 1757; x_wconf 88' lang='lat' dir='ltr'><strong>et</strong></span> <span class='ocrx_word' id='word_1_259' title='bbox 2887 1707 3107 1774; x_wconf 83' lang='lat' dir='ltr'><strong>agnovit</strong></span> <span class='ocrx_word' id='word_1_260' title='bbox 3147 1708 3264 1762; x_wconf 89' lang='lat' dir='ltr'><strong>ovis</strong></span> <span class='ocrx_word' id='word_1_261' title='bbox 3306 1718 3622 1777; x_wconf 88' lang='lat' dir='ltr'><strong>pastorem,</strong></span> <span class='ocrx_word' id='word_1_262' title='bbox 3652 1723 3704 1764; x_wconf 80' lang='lat' dir='ltr'><strong>et</strong></span> 
     </span>
    </p>
   </div>
   <div class='ocr_carea' id='block_1_34' title="bbox 446 1759 3704 1866">
    <p class='ocr_par' dir='ltr' id='par_1_34' title="bbox 446 1759 3704 1866">
     <span class='ocr_line' id='line_1_34' title="bbox 446 1759 3704 1866; baseline 0.012 -52"><span class='ocrx_word' id='word_1_263' title='bbox 446 1759 588 1817; x_wconf 86' lang='lat' dir='ltr'><strong>Filio</strong></span> <span class='ocrx_word' id='word_1_264' title='bbox 631 1766 786 1821; x_wconf 81' lang='lat' dir='ltr'><strong>dixit.</strong></span> <span class='ocrx_word' id='word_1_265' title='bbox 841 1770 980 1825; x_wconf 91' lang='lat' dir='ltr'><strong>Dicit</strong></span> <span class='ocrx_word' id='word_1_266' title='bbox 1025 1785 1080 1827; x_wconf 90' lang='lat' dir='ltr'><strong>et</strong></span> <span class='ocrx_word' id='word_1_267' title='bbox 1133 1774 1199 1829; x_wconf 91' lang='lat' dir='ltr'><strong>de</strong></span> <span class='ocrx_word' id='word_1_268' title='bbox 1231 1775 1462 1844; x_wconf 87' lang='lat' dir='ltr'><strong>Joanne,</strong></span> <span class='ocrx_word' id='word_1_269' title='bbox 1503 1778 1703 1835; x_wconf 77' lang='lat' dir='ltr'><strong>Factus</strong></span> <span class='ocrx_word' id='word_1_270' title='bbox 1731 1795 1805 1836; x_wconf 82' lang='lat' dir='ltr'><strong>est</strong></span> <span class='ocrx_word' id='word_1_271' title='bbox 1845 1785 2018 1838; x_wconf 78' lang='lat' dir='ltr'><strong>homo.</strong></span> <span class='ocrx_word' id='word_1_272' title='bbox 2053 1799 2093 1852; x_wconf 81' lang='grc' dir='ltr'><strong>Β</strong></span> <span class='ocrx_word' id='word_1_273' title='bbox 2127 1790 2290 1860; x_wconf 77' lang='lat' dir='ltr'><strong>fugati</strong></span> <span class='ocrx_word' id='word_1_274' title='bbox 2331 1759 2610 1859; x_wconf 69' lang='lat' dir='ltr'><strong>suntlupi.</strong></span> <span class='ocrx_word' id='word_1_275' title='bbox 2655 1792 2788 1857; x_wconf 90' lang='lat' dir='ltr'><strong>Quis</strong></span> <span class='ocrx_word' id='word_1_276' title='bbox 2805 1759 3140 1848; x_wconf 56' lang='lat' dir='ltr'><strong>saneuvenit?</strong></span> <span class='ocrx_word' id='word_1_277' title='bbox 3167 1759 3350 1866; x_wconf 58' lang='lat' dir='ltr'><strong>utiqure</strong></span> <span class='ocrx_word' id='word_1_278' title='bbox 3380 1798 3426 1852; x_wconf 91' lang='lat' dir='ltr'><strong>is</strong></span> <span class='ocrx_word' id='word_1_279' title='bbox 3455 1800 3550 1866; x_wconf 91' lang='lat' dir='ltr'><strong>qui</strong></span> <span class='ocrx_word' id='word_1_280' title='bbox 3583 1812 3704 1853; x_wconf 90' lang='lat' dir='ltr'><strong>erat</strong></span> 
     </span>
    </p>
   </div>
   <div class='ocr_carea' id='block_1_35' title="bbox 446 1851 2021 1941">
    <p class='ocr_par' dir='ltr' id='par_1_35' title="bbox 446 1851 2021 1941">
     <span class='ocr_line' id='line_1_35' title="bbox 446 1851 2021 1941; baseline 0.013 -34"><span class='ocrx_word' id='word_1_281' title='bbox 446 1851 590 1924; x_wconf 84' lang='lat' dir='ltr'><strong>Lege</strong></span> <span class='ocrx_word' id='word_1_282' title='bbox 630 1857 739 1920; x_wconf 87' lang='lat' dir='ltr'><strong>illa,</strong></span> <span class='ocrx_word' id='word_1_283' title='bbox 769 1861 991 1931; x_wconf 87' lang='lat' dir='ltr'><strong>sublege</strong></span> <span class='ocrx_word' id='word_1_284' title='bbox 1020 1873 1075 1918; x_wconf 90' lang='lat' dir='ltr'><strong>et</strong></span> <span class='ocrx_word' id='word_1_285' title='bbox 1116 1866 1212 1920; x_wconf 88' lang='lat' dir='ltr'><strong>ista</strong></span> <span class='ocrx_word' id='word_1_286' title='bbox 1247 1885 1260 1920; x_wconf 92' lang='lat'>:</span> <span class='ocrx_word' id='word_1_287' title='bbox 1289 1876 1343 1921; x_wconf 92' lang='lat' dir='ltr'><strong>et</strong></span> <span class='ocrx_word' id='word_1_288' title='bbox 1385 1869 1625 1926; x_wconf 88' lang='lat' dir='ltr'><strong>invenies</strong></span> <span class='ocrx_word' id='word_1_289' title='bbox 1655 1875 1924 1941; x_wconf 81' lang='lat' dir='ltr'><strong>quomodo</strong></span> <span class='ocrx_word' id='word_1_290' title='bbox 1956 1875 2021 1929; x_wconf 91' lang='lat' dir='ltr'><strong>de</strong></span> 
     </span>
    </p>
   </div>
   <div class='ocr_carea' id='block_1_36' title="bbox 446 1949 2017 2033">
    <p class='ocr_par' dir='ltr' id='par_1_36' title="bbox 446 1949 2017 2033">
     <span class='ocr_line' id='line_1_36' title="bbox 446 1949 2017 2033; baseline 0.013 -32"><span class='ocrx_word' id='word_1_291' title='bbox 446 1949 558 2004; x_wconf 83' lang='lat' dir='ltr'><strong>Deo</strong></span> <span class='ocrx_word' id='word_1_292' title='bbox 589 1950 727 2005; x_wconf 88' lang='lat' dir='ltr'><strong>Filio</strong></span> <span class='ocrx_word' id='word_1_293' title='bbox 765 1953 1004 2024; x_wconf 88' lang='lat' dir='ltr'><strong>loquitur</strong></span> <span class='ocrx_word' id='word_1_294' title='bbox 1034 1976 1048 2010; x_wconf 91' lang='lat'><strong>:</strong></span> <span class='ocrx_word' id='word_1_295' title='bbox 1079 1970 1134 2013; x_wconf 92' lang='lat' dir='ltr'><strong>et</strong></span> <span class='ocrx_word' id='word_1_296' title='bbox 1187 1960 1460 2015; x_wconf 89' lang='lat' dir='ltr'><strong>hominem</strong></span> <span class='ocrx_word' id='word_1_297' title='bbox 1507 1975 1737 2033; x_wconf 88' lang='lat' dir='ltr'><strong>exponet</strong></span> <span class='ocrx_word' id='word_1_298' title='bbox 1767 1965 2017 2024; x_wconf 88' lang='lat' dir='ltr'><strong>Joannes.</strong></span> 
     </span>
    </p>
   </div>
   <div class='ocr_carea' id='block_1_37' title="bbox 445 2041 2022 2115">
    <p class='ocr_par' dir='ltr' id='par_1_37' title="bbox 445 2041 2022 2115">
     <span class='ocr_line' id='line_1_37' title="bbox 445 2041 2022 2115; baseline 0.014 -22"><span class='ocrx_word' id='word_1_299' title='bbox 445 2041 516 2095; x_wconf 84' lang='lat' dir='ltr'><strong>In</strong></span> <span class='ocrx_word' id='word_1_300' title='bbox 560 2043 820 2112; x_wconf 82' lang='lat' dir='ltr'><strong>principio</strong></span> <span class='ocrx_word' id='word_1_301' title='bbox 869 2061 981 2102; x_wconf 86' lang='lat' dir='ltr'><strong>erat</strong></span> <span class='ocrx_word' id='word_1_302' title='bbox 1022 2049 1243 2104; x_wconf 82' lang='lat' dir='ltr'><strong>Verbum</strong></span> <span class='ocrx_word' id='word_1_303' title='bbox 1302 2054 1368 2107; x_wconf 90' lang='lat' dir='ltr'><strong>de</strong></span> <span class='ocrx_word' id='word_1_304' title='bbox 1412 2053 1549 2109; x_wconf 89' lang='lat' dir='ltr'><strong>Filio</strong></span> <span class='ocrx_word' id='word_1_305' title='bbox 1587 2057 1718 2111; x_wconf 89' lang='lat' dir='ltr'><strong>dicit</strong></span> <span class='ocrx_word' id='word_1_306' title='bbox 1768 2076 1782 2113; x_wconf 89' lang='lat'><strong>:</strong></span> <span class='ocrx_word' id='word_1_307' title='bbox 1826 2059 2022 2115; x_wconf 85' lang='lat' dir='ltr'><strong>Factus</strong></span> 
     </span>
    </p>
   </div>
   <div class='ocr_carea' id='block_1_38' title="bbox 445 2131 2018 2217">
    <p class='ocr_par' dir='ltr' id='par_1_38' title="bbox 445 2131 2018 2217">
     <span class='ocr_line' id='line_1_38' title="bbox 445 2131 2018 2217; baseline 0.01 -29"><span class='ocrx_word' id='word_1_308' title='bbox 445 2131 612 2188; x_wconf 81' lang='lat' dir='ltr'><strong>homo</strong></span> <span class='ocrx_word' id='word_1_309' title='bbox 637 2135 702 2190; x_wconf 91' lang='lat' dir='ltr'><strong>de</strong></span> <span class='ocrx_word' id='word_1_310' title='bbox 723 2136 932 2194; x_wconf 84' lang='lat' dir='ltr'><strong>Joanne</strong></span> <span class='ocrx_word' id='word_1_311' title='bbox 962 2143 1131 2210; x_wconf 83' lang='lat' dir='ltr'><strong>ponit.</strong></span> <span class='ocrx_word' id='word_1_312' title='bbox 1170 2141 1238 2196; x_wconf 84' lang='lat' dir='ltr'><strong>Et</strong></span> <span class='ocrx_word' id='word_1_313' title='bbox 1263 2143 1488 2198; x_wconf 84' lang='lat' dir='ltr'><strong>Verbum</strong></span> <span class='ocrx_word' id='word_1_314' title='bbox 1517 2156 1628 2200; x_wconf 82' lang='lat' dir='ltr'><strong>erat</strong></span> <span class='ocrx_word' id='word_1_315' title='bbox 1659 2151 1802 2217; x_wconf 88' lang='lat' dir='ltr'><strong>apud</strong></span> <span class='ocrx_word' id='word_1_316' title='bbox 1833 2151 2018 2217; x_wconf 85' lang='lat' dir='ltr'><strong>Deum,</strong></span> 
     </span>
    </p>
   </div>
   <div class='ocr_carea' id='block_1_39' title="bbox 443 2223 2021 2306">
    <p class='ocr_par' dir='ltr' id='par_1_39' title="bbox 443 2223 2021 2306">
     <span class='ocr_line' id='line_1_39' title="bbox 443 2223 2021 2306; baseline 0.015 -31"><span class='ocrx_word' id='word_1_317' title='bbox 443 2231 500 2276; x_wconf 89' lang='lat' dir='ltr'><strong>et</strong></span> <span class='ocrx_word' id='word_1_318' title='bbox 527 2223 664 2278; x_wconf 79' lang='lat' dir='ltr'><strong>Deus</strong></span> <span class='ocrx_word' id='word_1_319' title='bbox 697 2238 809 2281; x_wconf 85' lang='lat' dir='ltr'><strong>erat</strong></span> <span class='ocrx_word' id='word_1_320' title='bbox 855 2228 1078 2286; x_wconf 86' lang='lat' dir='ltr'><strong>Verbum</strong></span> <span class='ocrx_word' id='word_1_321' title='bbox 1098 2273 1114 2298; x_wconf 93' lang='lat'><strong>,</strong></span> <span class='ocrx_word' id='word_1_322' title='bbox 1145 2236 1211 2288; x_wconf 88' lang='lat' dir='ltr'><strong>de.</strong></span> <span class='ocrx_word' id='word_1_323' title='bbox 1236 2235 1371 2291; x_wconf 88' lang='lat' dir='ltr'><strong>Filio</strong></span> <span class='ocrx_word' id='word_1_324' title='bbox 1412 2237 1668 2306; x_wconf 89' lang='lat' dir='ltr'><strong>loquitur.</strong></span> <span class='ocrx_word' id='word_1_325' title='bbox 1709 2240 1784 2293; x_wconf 89' lang='lat' dir='ltr'><strong>De</strong></span> <span class='ocrx_word' id='word_1_326' title='bbox 1813 2241 2021 2299; x_wconf 84' lang='lat' dir='ltr'><strong>Joanne</strong></span> 
     </span>
    </p>
   </div>
   <div class='ocr_carea' id='block_1_40' title="bbox 443 2315 2022 2403">
    <p class='ocr_par' dir='ltr' id='par_1_40' title="bbox 443 2315 2022 2403">
     <span class='ocr_line' id='line_1_40' title="bbox 443 2315 2022 2403; baseline 0.014 -37"><span class='ocrx_word' id='word_1_327' title='bbox 443 2321 624 2368; x_wconf 87' lang='lat' dir='ltr'><strong>autem</strong></span> <span class='ocrx_word' id='word_1_328' title='bbox 657 2333 670 2370; x_wconf 90' lang='lat'>:</span> <span class='ocrx_word' id='word_1_329' title='bbox 706 2315 830 2373; x_wconf 86' lang='lat' dir='ltr'><strong>Non</strong></span> <span class='ocrx_word' id='word_1_330' title='bbox 857 2331 968 2375; x_wconf 80' lang='lat' dir='ltr'><strong>erat</strong></span> <span class='ocrx_word' id='word_1_331' title='bbox 997 2323 1085 2374; x_wconf 85' lang='lat' dir='ltr'><strong>ille</strong></span> <span class='ocrx_word' id='word_1_332' title='bbox 1120 2323 1293 2380; x_wconf 88' lang='lat' dir='ltr'><strong>lumen</strong></span> <span class='ocrx_word' id='word_1_333' title='bbox 1321 2328 1392 2391; x_wconf 82' lang='grc'><strong>⁵⁷,</strong></span> <span class='ocrx_word' id='word_1_334' title='bbox 1417 2336 1468 2381; x_wconf 90' lang='lat' dir='ltr'><strong>et</strong></span> <span class='ocrx_word' id='word_1_335' title='bbox 1501 2329 1696 2384; x_wconf 82' lang='lat' dir='ltr'><strong>iterum</strong></span> <span class='ocrx_word' id='word_1_336' title='bbox 1735 2332 1801 2385; x_wconf 84' lang='lat' dir='ltr'><strong>de</strong></span> <span class='ocrx_word' id='word_1_337' title='bbox 1836 2335 2022 2403; x_wconf 87' lang='lat' dir='ltr'><strong>unige-</strong></span> 
     </span>
    </p>
   </div>
   <div class='ocr_carea' id='block_1_41' title="bbox 443 2405 2020 2489">
    <p class='ocr_par' dir='ltr' id='par_1_41' title="bbox 443 2405 2020 2489">
     <span class='ocr_line' id='line_1_41' title="bbox 443 2405 2020 2489; baseline 0.015 -31"><span class='ocrx_word' id='word_1_338' title='bbox 443 2405 557 2461; x_wconf 84' lang='lat' dir='ltr'><strong>nito</strong></span> <span class='ocrx_word' id='word_1_339' title='bbox 576 2409 676 2473; x_wconf 87' lang='lat' dir='ltr'><strong>ait,</strong></span> <span class='ocrx_word' id='word_1_340' title='bbox 710 2409 815 2464; x_wconf 80' lang='lat' dir='ltr'><strong>Hic</strong></span> <span class='ocrx_word' id='word_1_341' title='bbox 843 2423 956 2466; x_wconf 84' lang='lat' dir='ltr'><strong>erat</strong></span> <span class='ocrx_word' id='word_1_342' title='bbox 981 2415 1036 2468; x_wconf 79' lang='lat' dir='ltr'><strong>in</strong></span> <span class='ocrx_word' id='word_1_343' title='bbox 1069 2419 1322 2484; x_wconf 79' lang='lat' dir='ltr'><strong>principio</strong></span> <span class='ocrx_word' id='word_1_344' title='bbox 1346 2421 1486 2489; x_wconf 85' lang='lat' dir='ltr'><strong>apud</strong></span> <span class='ocrx_word' id='word_1_345' title='bbox 1508 2421 1694 2477; x_wconf 88' lang='lat' dir='ltr'><strong>Deum.</strong></span> <span class='ocrx_word' id='word_1_346' title='bbox 1719 2423 1793 2478; x_wconf 90' lang='lat' dir='ltr'><strong>De</strong></span> <span class='ocrx_word' id='word_1_347' title='bbox 1811 2424 2020 2482; x_wconf 88' lang='lat' dir='ltr'><strong>Joanne</strong></span> 
     </span>
    </p>
   </div>
   <div class='ocr_carea' id='block_1_42' title="bbox 443 2501 2020 2588">
    <p class='ocr_par' dir='ltr' id='par_1_42' title="bbox 443 2501 2020 2588">
     <span class='ocr_line' id='line_1_42' title="bbox 443 2501 2020 2588; baseline 0.014 -37"><span class='ocrx_word' id='word_1_348' title='bbox 443 2507 648 2567; x_wconf 85' lang='lat' dir='ltr'><strong>autem,</strong></span> <span class='ocrx_word' id='word_1_349' title='bbox 681 2501 784 2557; x_wconf 86' lang='lat' dir='ltr'><strong>llic</strong></span> <span class='ocrx_word' id='word_1_350' title='bbox 825 2508 963 2558; x_wconf 78' lang='lat' dir='ltr'><strong>venit</strong></span> <span class='ocrx_word' id='word_1_351' title='bbox 997 2509 1066 2561; x_wconf 86' lang='lat' dir='ltr'><strong>ad</strong></span> <span class='ocrx_word' id='word_1_352' title='bbox 1101 2511 1456 2566; x_wconf 79' lang='lat' dir='ltr'><strong>testimonium</strong></span> <span class='ocrx_word' id='word_1_353' title='bbox 1479 2513 1546 2569; x_wconf 80' lang='grc'><strong>⁸⁸.</strong></span> <span class='ocrx_word' id='word_1_354' title='bbox 1599 2513 1796 2584; x_wconf 86' lang='lat' dir='ltr'><strong>lnjnria</strong></span> <span class='ocrx_word' id='word_1_355' title='bbox 1823 2519 2020 2588; x_wconf 88' lang='lat' dir='ltr'><strong>quippe</strong></span> 
     </span>
    </p>
   </div>
   <div class='ocr_carea' id='block_1_43' title="bbox 441 2600 2020 2671">
    <p class='ocr_par' dir='ltr' id='par_1_43' title="bbox 441 2600 2020 2671">
     <span class='ocr_line' id='line_1_43' title="bbox 441 2600 2020 2671; baseline 0.015 -28"><span class='ocrx_word' id='word_1_356' title='bbox 441 2600 544 2655; x_wconf 90' lang='lat' dir='ltr'><strong>est,</strong></span> <span class='ocrx_word' id='word_1_357' title='bbox 581 2600 636 2648; x_wconf 91' lang='lat' dir='ltr'><strong>et</strong></span> <span class='ocrx_word' id='word_1_358' title='bbox 682 2610 995 2664; x_wconf 74' lang='lat' dir='ltr'><strong>prteponere</strong></span> <span class='ocrx_word' id='word_1_359' title='bbox 1040 2603 1372 2671; x_wconf 85' lang='lat' dir='ltr'><strong>unigenitum</strong></span> <span class='ocrx_word' id='word_1_360' title='bbox 1414 2608 1585 2660; x_wconf 87' lang='lat' dir='ltr'><strong>servis</strong></span> <span class='ocrx_word' id='word_1_361' title='bbox 1619 2611 1749 2663; x_wconf 91' lang='lat' dir='ltr'><strong>suis.</strong></span> <span class='ocrx_word' id='word_1_362' title='bbox 1791 2609 1923 2664; x_wconf 88' lang='lat' dir='ltr'><strong>Nam</strong></span> <span class='ocrx_word' id='word_1_363' title='bbox 1965 2624 2020 2667; x_wconf 93' lang='lat' dir='ltr'><strong>et</strong></span> 
     </span>
    </p>
   </div>
   <div class='ocr_carea' id='block_1_44' title="bbox 441 2685 2015 2772">
    <p class='ocr_par' dir='ltr' id='par_1_44' title="bbox 441 2685 2015 2772">
     <span class='ocr_line' id='line_1_44' title="bbox 441 2685 2015 2772; baseline 0.017 -39"><span class='ocrx_word' id='word_1_364' title='bbox 441 2685 584 2750; x_wconf 88' lang='lat' dir='ltr'><strong>quod</strong></span> <span class='ocrx_word' id='word_1_365' title='bbox 635 2686 858 2753; x_wconf 81' lang='lat' dir='ltr'><strong>dicitur,</strong></span> <span class='ocrx_word' id='word_1_366' title='bbox 904 2692 1038 2745; x_wconf 90' lang='lat' dir='ltr'><strong>nihil</strong></span> <span class='ocrx_word' id='word_1_367' title='bbox 1086 2695 1134 2748; x_wconf 92' lang='lat' dir='ltr'><strong>ei</strong></span> <span class='ocrx_word' id='word_1_368' title='bbox 1188 2707 1534 2766; x_wconf 86' lang='lat' dir='ltr'><strong>comparatur</strong></span> <span class='ocrx_word' id='word_1_369' title='bbox 1578 2712 1671 2754; x_wconf 92' lang='lat' dir='ltr'><strong>aut</strong></span> <span class='ocrx_word' id='word_1_370' title='bbox 1731 2715 2015 2772; x_wconf 73' lang='lat' dir='ltr'><strong>:equatur:</strong></span> 
     </span>
    </p>
   </div>
   <div class='ocr_carea' id='block_1_45' title="bbox 441 2788 2019 2862">
    <p class='ocr_par' dir='ltr' id='par_1_45' title="bbox 441 2788 2019 2862">
     <span class='ocr_line' id='line_1_45' title="bbox 441 2788 2019 2862; baseline 0.016 -36"><span class='ocrx_word' id='word_1_371' title='bbox 441 2789 548 2829; x_wconf 90' lang='lat' dir='ltr'><strong>non</strong></span> <span class='ocrx_word' id='word_1_372' title='bbox 595 2788 680 2832; x_wconf 73' lang='lat' dir='ltr'><strong>est</strong></span> <span class='ocrx_word' id='word_1_373' title='bbox 727 2797 1029 2851; x_wconf 83' lang='lat' dir='ltr'><strong>magnum:</strong></span> <span class='ocrx_word' id='word_1_374' title='bbox 1084 2788 1180 2841; x_wconf 91' lang='lat' dir='ltr'><strong>sed</strong></span> <span class='ocrx_word' id='word_1_375' title='bbox 1231 2790 1417 2858; x_wconf 81' lang='lat' dir='ltr'><strong>egenis</strong></span> <span class='ocrx_word' id='word_1_376' title='bbox 1463 2793 1626 2846; x_wconf 87' lang='lat' dir='ltr'><strong>etiam</strong></span> <span class='ocrx_word' id='word_1_377' title='bbox 1686 2811 1849 2862; x_wconf 90' lang='lat' dir='ltr'><strong>parva</strong></span> <span class='ocrx_word' id='word_1_378' title='bbox 1895 2806 2019 2852; x_wconf 88' lang='lat' dir='ltr'><strong>sunt</strong></span> 
     </span>
    </p>
   </div>
   <div class='ocr_carea' id='block_1_46' title="bbox 440 2871 2016 2953">
    <p class='ocr_par' dir='ltr' id='par_1_46' title="bbox 440 2871 2016 2953">
     <span class='ocr_line' id='line_1_46' title="bbox 440 2871 2016 2953; baseline 0.015 -33"><span class='ocrx_word' id='word_1_379' title='bbox 440 2882 656 2938; x_wconf 75' lang='lat' dir='ltr'><strong>magna.</strong></span> <span class='ocrx_word' id='word_1_380' title='bbox 691 2871 805 2928; x_wconf 87' lang='lat' dir='ltr'><strong>Non</strong></span> <span class='ocrx_word' id='word_1_381' title='bbox 835 2885 916 2929; x_wconf 92' lang='lat' dir='ltr'><strong>est</strong></span> <span class='ocrx_word' id='word_1_382' title='bbox 951 2878 1094 2931; x_wconf 90' lang='lat' dir='ltr'><strong>enim</strong></span> <span class='ocrx_word' id='word_1_383' title='bbox 1127 2896 1270 2935; x_wconf 89' lang='lat' dir='ltr'><strong>unus</strong></span> <span class='ocrx_word' id='word_1_384' title='bbox 1315 2897 1381 2936; x_wconf 89' lang='lat' dir='ltr'><strong>ex</strong></span> <span class='ocrx_word' id='word_1_385' title='bbox 1423 2885 1699 2953; x_wconf 89' lang='lat' dir='ltr'><strong>prophetis</strong></span> <span class='ocrx_word' id='word_1_386' title='bbox 1726 2887 1888 2953; x_wconf 88' lang='lat' dir='ltr'><strong>ﬁlius,</strong></span> <span class='ocrx_word' id='word_1_387' title='bbox 1923 2891 2016 2944; x_wconf 89' lang='lat' dir='ltr'><strong>sed</strong></span> 
     </span>
    </p>
   </div>
   <div class='ocr_carea' id='block_1_47' title="bbox 439 2973 2018 3050">
    <p class='ocr_par' dir='ltr' id='par_1_47' title="bbox 439 2973 2018 3050">
     <span class='ocr_line' id='line_1_47' title="bbox 439 2973 2018 3050; baseline 0.013 -36"><span class='ocrx_word' id='word_1_388' title='bbox 439 2975 537 3030; x_wconf 90' lang='lat' dir='ltr'><strong>per</strong></span> <span class='ocrx_word' id='word_1_389' title='bbox 577 2979 738 3033; x_wconf 91' lang='lat' dir='ltr'><strong>quem</strong></span> <span class='ocrx_word' id='word_1_390' title='bbox 772 2983 961 3024; x_wconf 90' lang='lat' dir='ltr'><strong>omnes</strong></span> <span class='ocrx_word' id='word_1_391' title='bbox 992 2973 1270 3041; x_wconf 69' lang='lat' dir='ltr'><strong>prophetae</strong></span> <span class='ocrx_word' id='word_1_392' title='bbox 1307 2993 1324 3028; x_wconf 88' lang='lat'><strong>:</strong></span> <span class='ocrx_word' id='word_1_393' title='bbox 1363 2990 1470 3030; x_wconf 90' lang='lat' dir='ltr'><strong>non</strong></span> <span class='ocrx_word' id='word_1_394' title='bbox 1506 2992 1646 3032; x_wconf 91' lang='lat' dir='ltr'><strong>unus</strong></span> <span class='ocrx_word' id='word_1_395' title='bbox 1672 2993 1738 3032; x_wconf 86' lang='lat' dir='ltr'><strong>ex</strong></span> <span class='ocrx_word' id='word_1_396' title='bbox 1778 2981 2018 3050; x_wconf 84' lang='lat' dir='ltr'><strong>regibus,</strong></span> 
     </span>
    </p>
   </div>
   <div class='ocr_carea' id='block_1_48' title="bbox 440 3063 2012 3140">
    <p class='ocr_par' dir='ltr' id='par_1_48' title="bbox 440 3063 2012 3140">
     <span class='ocr_line' id='line_1_48' title="bbox 440 3063 2012 3140; baseline 0.014 -34"><span class='ocrx_word' id='word_1_397' title='bbox 440 3063 534 3109; x_wconf 83' lang='lat' dir='ltr'><strong>sed</strong></span> <span class='ocrx_word' id='word_1_398' title='bbox 569 3073 664 3126; x_wconf 92' lang='lat' dir='ltr'><strong>per</strong></span> <span class='ocrx_word' id='word_1_399' title='bbox 701 3074 860 3128; x_wconf 87' lang='lat' dir='ltr'><strong>quem</strong></span> <span class='ocrx_word' id='word_1_400' title='bbox 894 3078 1082 3119; x_wconf 88' lang='lat' dir='ltr'><strong>omnes</strong></span> <span class='ocrx_word' id='word_1_401' title='bbox 1125 3081 1283 3135; x_wconf 87' lang='lat' dir='ltr'><strong>reges</strong></span> <span class='ocrx_word' id='word_1_402' title='bbox 1323 3085 1340 3122; x_wconf 87' lang='lat'><strong>:</strong></span> <span class='ocrx_word' id='word_1_403' title='bbox 1387 3085 1492 3124; x_wconf 92' lang='lat' dir='ltr'><strong>non</strong></span> <span class='ocrx_word' id='word_1_404' title='bbox 1530 3085 1668 3125; x_wconf 91' lang='lat' dir='ltr'><strong>unus</strong></span> <span class='ocrx_word' id='word_1_405' title='bbox 1713 3085 1780 3126; x_wconf 87' lang='lat' dir='ltr'><strong>ex</strong></span> <span class='ocrx_word' id='word_1_406' title='bbox 1831 3073 2012 3140; x_wconf 86' lang='lat' dir='ltr'><strong>justis,</strong></span> 
     </span>
    </p>
   </div>
   <div class='ocr_carea' id='block_1_49' title="bbox 440 3133 2084 3226">
    <p class='ocr_par' dir='ltr' id='par_1_49' title="bbox 440 3133 2084 3226">
     <span class='ocr_line' id='line_1_49' title="bbox 440 3133 2084 3226; baseline 0.013 -28"><span class='ocrx_word' id='word_1_407' title='bbox 440 3146 537 3199; x_wconf 89' lang='lat' dir='ltr'><strong>sed</strong></span> <span class='ocrx_word' id='word_1_408' title='bbox 577 3147 689 3216; x_wconf 91' lang='lat' dir='ltr'><strong>ipse</strong></span> <span class='ocrx_word' id='word_1_409' title='bbox 712 3149 924 3218; x_wconf 84' lang='lat' dir='ltr'><strong>justitia</strong></span> <span class='ocrx_word' id='word_1_410' title='bbox 965 3175 975 3208; x_wconf 95' lang='lat'>:</span> <span class='ocrx_word' id='word_1_411' title='bbox 1015 3171 1122 3210; x_wconf 93' lang='lat' dir='ltr'><strong>non</strong></span> <span class='ocrx_word' id='word_1_412' title='bbox 1164 3133 1304 3213; x_wconf 81' lang='lat' dir='ltr'><strong>unus</strong></span> <span class='ocrx_word' id='word_1_413' title='bbox 1333 3175 1400 3213; x_wconf 90' lang='lat' dir='ltr'><strong>ex</strong></span> <span class='ocrx_word' id='word_1_414' title='bbox 1431 3162 1628 3226; x_wconf 89' lang='lat' dir='ltr'><strong>servis,</strong></span> <span class='ocrx_word' id='word_1_415' title='bbox 1678 3164 1772 3217; x_wconf 90' lang='lat' dir='ltr'><strong>sed</strong></span> <span class='ocrx_word' id='word_1_416' title='bbox 1800 3163 2010 3220; x_wconf 87' lang='lat' dir='ltr'><strong>Filius:</strong></span> <span class='ocrx_word' id='word_1_417' title='bbox 2042 3133 2084 3190; x_wconf 63' lang='grc' dir='ltr'>ο</span> 
     </span>
    </p>
   </div>
   <div class='ocr_carea' id='block_1_50' title="bbox 439 3241 2012 3322">
    <p class='ocr_par' dir='ltr' id='par_1_50' title="bbox 439 3241 2012 3322">
     <span class='ocr_line' id='line_1_50' title="bbox 439 3241 2012 3322; baseline 0.014 -32"><span class='ocrx_word' id='word_1_418' title='bbox 439 3251 548 3292; x_wconf 91' lang='lat' dir='ltr'><strong>non</strong></span> <span class='ocrx_word' id='word_1_419' title='bbox 573 3255 735 3295; x_wconf 91' lang='lat' dir='ltr'><strong>unum</strong></span> <span class='ocrx_word' id='word_1_420' title='bbox 781 3257 846 3298; x_wconf 85' lang='lat' dir='ltr'><strong>ex</strong></span> <span class='ocrx_word' id='word_1_421' title='bbox 886 3241 1176 3314; x_wconf 84' lang='lat' dir='ltr'><strong>omnibus,</strong></span> <span class='ocrx_word' id='word_1_422' title='bbox 1212 3253 1308 3305; x_wconf 89' lang='lat' dir='ltr'><strong>sed</strong></span> <span class='ocrx_word' id='word_1_423' title='bbox 1342 3269 1440 3321; x_wconf 91' lang='lat' dir='ltr'><strong>per</strong></span> <span class='ocrx_word' id='word_1_424' title='bbox 1465 3269 1623 3322; x_wconf 89' lang='lat' dir='ltr'><strong>quem</strong></span> <span class='ocrx_word' id='word_1_425' title='bbox 1653 3265 1778 3309; x_wconf 90' lang='lat' dir='ltr'><strong>sunt</strong></span> <span class='ocrx_word' id='word_1_426' title='bbox 1803 3259 2012 3314; x_wconf 88' lang='lat' dir='ltr'><strong>omnia:</strong></span> 
     </span>
    </p>
   </div>
   <div class='ocr_carea' id='block_1_51' title="bbox 438 3335 2018 3419">
    <p class='ocr_par' dir='ltr' id='par_1_51' title="bbox 438 3335 2018 3419">
     <span class='ocr_line' id='line_1_51' title="bbox 438 3335 2018 3419; baseline 0.015 -36"><span class='ocrx_word' id='word_1_427' title='bbox 438 3345 546 3385; x_wconf 87' lang='lat' dir='ltr'><strong>non</strong></span> <span class='ocrx_word' id='word_1_428' title='bbox 575 3347 642 3386; x_wconf 89' lang='lat' dir='ltr'><strong>ex</strong></span> <span class='ocrx_word' id='word_1_429' title='bbox 681 3335 763 3388; x_wconf 89' lang='lat' dir='ltr'><strong>his</strong></span> <span class='ocrx_word' id='word_1_430' title='bbox 791 3338 881 3404; x_wconf 91' lang='lat' dir='ltr'><strong>qui</strong></span> <span class='ocrx_word' id='word_1_431' title='bbox 916 3340 1177 3396; x_wconf 88' lang='lat' dir='ltr'><strong>assistunt</strong></span> <span class='ocrx_word' id='word_1_432' title='bbox 1207 3353 1260 3397; x_wconf 91' lang='lat' dir='ltr'><strong>et</strong></span> <span class='ocrx_word' id='word_1_433' title='bbox 1289 3345 1633 3413; x_wconf 86' lang='lat' dir='ltr'><strong>ministrant,</strong></span> <span class='ocrx_word' id='word_1_434' title='bbox 1670 3350 1764 3404; x_wconf 89' lang='lat' dir='ltr'><strong>sed</strong></span> <span class='ocrx_word' id='word_1_435' title='bbox 1806 3352 1894 3419; x_wconf 89' lang='lat' dir='ltr'><strong>qui</strong></span> <span class='ocrx_word' id='word_1_436' title='bbox 1929 3367 2018 3406; x_wconf 81' lang='lat' dir='ltr'><strong>se-</strong></span> 
     </span>
    </p>
   </div>
   <div class='ocr_carea' id='block_1_52' title="bbox 438 3423 2018 3510">
    <p class='ocr_par' dir='ltr' id='par_1_52' title="bbox 438 3423 2018 3510">
     <span class='ocr_line' id='line_1_52' title="bbox 438 3423 2018 3510; baseline 0.013 -35"><span class='ocrx_word' id='word_1_437' title='bbox 438 3423 527 3476; x_wconf 88' lang='lat' dir='ltr'><strong>det</strong></span> <span class='ocrx_word' id='word_1_438' title='bbox 555 3425 620 3478; x_wconf 91' lang='lat' dir='ltr'><strong>ad</strong></span> <span class='ocrx_word' id='word_1_439' title='bbox 649 3426 926 3482; x_wconf 79' lang='lat' dir='ltr'><strong>dexteram</strong></span> <span class='ocrx_word' id='word_1_440' title='bbox 949 3431 1124 3487; x_wconf 85' lang='lat' dir='ltr'><strong>Patris</strong></span> <span class='ocrx_word' id='word_1_441' title='bbox 1149 3452 1164 3488; x_wconf 92' lang='lat'>:</span> <span class='ocrx_word' id='word_1_442' title='bbox 1203 3451 1308 3489; x_wconf 92' lang='lat' dir='ltr'><strong>non</strong></span> <span class='ocrx_word' id='word_1_443' title='bbox 1347 3451 1414 3492; x_wconf 82' lang='lat' dir='ltr'><strong>ex</strong></span> <span class='ocrx_word' id='word_1_444' title='bbox 1440 3438 1522 3492; x_wconf 92' lang='lat' dir='ltr'><strong>his</strong></span> <span class='ocrx_word' id='word_1_445' title='bbox 1545 3441 1635 3508; x_wconf 94' lang='lat' dir='ltr'><strong>qui</strong></span> <span class='ocrx_word' id='word_1_446' title='bbox 1681 3441 2018 3510; x_wconf 73' lang='lat' dir='ltr'><strong>indicantur,</strong></span> 
     </span>
    </p>
   </div>
   <div class='ocr_carea' id='block_1_53' title="bbox 437 3515 2014 3602">
    <p class='ocr_par' dir='ltr' id='par_1_53' title="bbox 437 3515 2014 3602">
     <span class='ocr_line' id='line_1_53' title="bbox 437 3515 2014 3602; baseline 0.014 -35"><span class='ocrx_word' id='word_1_447' title='bbox 437 3515 534 3568; x_wconf 79' lang='lat' dir='ltr'><strong>sed</strong></span> <span class='ocrx_word' id='word_1_448' title='bbox 581 3517 671 3584; x_wconf 90' lang='lat' dir='ltr'><strong>qui</strong></span> <span class='ocrx_word' id='word_1_449' title='bbox 729 3521 969 3590; x_wconf 90' lang='lat' dir='ltr'><strong>suscepit</strong></span> <span class='ocrx_word' id='word_1_450' title='bbox 1013 3538 1174 3580; x_wconf 89' lang='lat' dir='ltr'><strong>omne</strong></span> <span class='ocrx_word' id='word_1_451' title='bbox 1227 3527 1491 3600; x_wconf 80' lang='lat' dir='ltr'><strong>judicium</strong></span> <span class='ocrx_word' id='word_1_452' title='bbox 1542 3533 1845 3602; x_wconf 88' lang='lat' dir='ltr'><strong>judicandi.</strong></span> <span class='ocrx_word' id='word_1_453' title='bbox 1899 3533 2014 3588; x_wconf 88' lang='lat' dir='ltr'><strong>Non</strong></span> 
     </span>
    </p>
   </div>
   <div class='ocr_carea' id='block_1_54' title="bbox 436 3609 2015 3689">
    <p class='ocr_par' dir='ltr' id='par_1_54' title="bbox 436 3609 2015 3689">
     <span class='ocr_line' id='line_1_54' title="bbox 436 3609 2015 3689; baseline 0.013 -31"><span class='ocrx_word' id='word_1_454' title='bbox 436 3609 650 3672; x_wconf 88' lang='lat' dir='ltr'><strong>quando</strong></span> <span class='ocrx_word' id='word_1_455' title='bbox 679 3611 816 3679; x_wconf 90' lang='lat' dir='ltr'><strong>apud</strong></span> <span class='ocrx_word' id='word_1_456' title='bbox 862 3628 981 3678; x_wconf 94' lang='lat' dir='ltr'><strong>nos,</strong></span> <span class='ocrx_word' id='word_1_457' title='bbox 1012 3623 1137 3671; x_wconf 90' lang='lat' dir='ltr'><strong>tunc</strong></span> <span class='ocrx_word' id='word_1_458' title='bbox 1161 3627 1214 3672; x_wconf 88' lang='lat' dir='ltr'><strong>et</strong></span> <span class='ocrx_word' id='word_1_459' title='bbox 1247 3621 1387 3689; x_wconf 88' lang='lat' dir='ltr'><strong>apud</strong></span> <span class='ocrx_word' id='word_1_460' title='bbox 1417 3621 1658 3678; x_wconf 88' lang='lat' dir='ltr'><strong>Patrem.</strong></span> <span class='ocrx_word' id='word_1_461' title='bbox 1694 3624 1845 3679; x_wconf 91' lang='lat' dir='ltr'><strong>Tunc</strong></span> <span class='ocrx_word' id='word_1_462' title='bbox 1871 3627 2015 3679; x_wconf 90' lang='lat' dir='ltr'><strong>enim</strong></span> 
     </span>
    </p>
   </div>
   <div class='ocr_carea' id='block_1_55' title="bbox 435 3698 2015 3787">
    <p class='ocr_par' dir='ltr' id='par_1_55' title="bbox 435 3698 2015 3787">
     <span class='ocr_line' id='line_1_55' title="bbox 435 3698 2015 3787; baseline 0.014 -35"><span class='ocrx_word' id='word_1_463' title='bbox 435 3698 543 3754; x_wconf 90' lang='lat' dir='ltr'><strong>hoc</strong></span> <span class='ocrx_word' id='word_1_464' title='bbox 585 3700 786 3756; x_wconf 90' lang='lat' dir='ltr'><strong>dictum</strong></span> <span class='ocrx_word' id='word_1_465' title='bbox 838 3703 1211 3763; x_wconf 89' lang='lat' dir='ltr'><strong>intercidatur.</strong></span> <span class='ocrx_word' id='word_1_466' title='bbox 1263 3712 1344 3765; x_wconf 88' lang='lat' dir='ltr'><strong>Ad</strong></span> <span class='ocrx_word' id='word_1_467' title='bbox 1378 3728 1477 3768; x_wconf 91' lang='lat' dir='ltr'><strong>nos</strong></span> <span class='ocrx_word' id='word_1_468' title='bbox 1521 3716 1666 3768; x_wconf 84' lang='lat' dir='ltr'><strong>enim</strong></span> <span class='ocrx_word' id='word_1_469' title='bbox 1695 3717 2015 3787; x_wconf 82' lang='lat' dir='ltr'><strong>dispensans</strong></span> 
     </span>
    </p>
   </div>
   <div class='ocr_carea' id='block_1_56' title="bbox 433 3792 2019 3877">
    <p class='ocr_par' dir='ltr' id='par_1_56' title="bbox 433 3792 2019 3877">
     <span class='ocr_line' id='line_1_56' title="bbox 433 3792 2019 3877; baseline 0.018 -36"><span class='ocrx_word' id='word_1_470' title='bbox 433 3792 622 3847; x_wconf 88' lang='lat' dir='ltr'><strong>venit:</strong></span> <span class='ocrx_word' id='word_1_471' title='bbox 657 3801 786 3849; x_wconf 89' lang='lat' dir='ltr'><strong>tunc</strong></span> <span class='ocrx_word' id='word_1_472' title='bbox 823 3799 1038 3863; x_wconf 88' lang='lat' dir='ltr'><strong>quando</strong></span> <span class='ocrx_word' id='word_1_473' title='bbox 1074 3809 1134 3854; x_wconf 88' lang='lat' dir='ltr'><strong>ut</strong></span> <span class='ocrx_word' id='word_1_474' title='bbox 1179 3805 1316 3869; x_wconf 88' lang='lat' dir='ltr'><strong>ovis,</strong></span> <span class='ocrx_word' id='word_1_475' title='bbox 1354 3807 1571 3874; x_wconf 87' lang='lat' dir='ltr'><strong>quando</strong></span> <span class='ocrx_word' id='word_1_476' title='bbox 1605 3818 1660 3862; x_wconf 84' lang='grc' dir='ltr'>ιιι</span> <span class='ocrx_word' id='word_1_477' title='bbox 1687 3808 1872 3877; x_wconf 87' lang='lat' dir='ltr'><strong>Agnus</strong></span> <span class='ocrx_word' id='word_1_478' title='bbox 1899 3812 2019 3868; x_wconf 76' lang='lat' dir='ltr'><strong>Dei.‘</strong></span> 
     </span>
    </p>
   </div>
   <div class='ocr_carea' id='block_1_57' title="bbox 433 3881 2014 3966">
    <p class='ocr_par' dir='ltr' id='par_1_57' title="bbox 433 3881 2014 3966">
     <span class='ocr_line' id='line_1_57' title="bbox 433 3881 2014 3966; baseline 0.011 -28"><span class='ocrx_word' id='word_1_479' title='bbox 433 3881 492 3938; x_wconf 82' lang='lat' dir='ltr'><strong>In</strong></span> <span class='ocrx_word' id='word_1_480' title='bbox 534 3886 808 3954; x_wconf 91' lang='lat' dir='ltr'><strong>principio</strong></span> <span class='ocrx_word' id='word_1_481' title='bbox 851 3897 1028 3943; x_wconf 91' lang='lat' dir='ltr'><strong>autem</strong></span> <span class='ocrx_word' id='word_1_482' title='bbox 1067 3903 1183 3946; x_wconf 89' lang='lat' dir='ltr'><strong>erat</strong></span> <span class='ocrx_word' id='word_1_483' title='bbox 1209 3894 1349 3950; x_wconf 85' lang='lat' dir='ltr'><strong>Deus</strong></span> <span class='ocrx_word' id='word_1_484' title='bbox 1379 3899 1516 3966; x_wconf 90' lang='lat' dir='ltr'><strong>apud</strong></span> <span class='ocrx_word' id='word_1_485' title='bbox 1546 3899 1709 3954; x_wconf 88' lang='lat' dir='ltr'><strong>Deum</strong></span> <span class='ocrx_word' id='word_1_486' title='bbox 1741 3920 1756 3955; x_wconf 92' lang='lat'><strong>:</strong></span> <span class='ocrx_word' id='word_1_487' title='bbox 1791 3917 1912 3955; x_wconf 76' lang='lat' dir='ltr'><strong>nam</strong></span> <span class='ocrx_word' id='word_1_488' title='bbox 1957 3912 2014 3956; x_wconf 87' lang='lat' dir='ltr'><strong>et</strong></span> 
     </span>
    </p>
   </div>
   <div class='ocr_carea' id='block_1_58' title="bbox 431 3979 2012 4049">
    <p class='ocr_par' dir='ltr' id='par_1_58' title="bbox 431 3979 2012 4049">
     <span class='ocr_line' id='line_1_58' title="bbox 431 3979 2012 4049; baseline 0.015 -23"><span class='ocrx_word' id='word_1_489' title='bbox 431 3988 558 4027; x_wconf 85' lang='lat' dir='ltr'><strong>eum</strong></span> <span class='ocrx_word' id='word_1_490' title='bbox 612 3979 752 4046; x_wconf 88' lang='lat' dir='ltr'><strong>apud</strong></span> <span class='ocrx_word' id='word_1_491' title='bbox 811 3995 932 4046; x_wconf 91' lang='lat' dir='ltr'><strong>nos,</strong></span> <span class='ocrx_word' id='word_1_492' title='bbox 992 3983 1130 4038; x_wconf 86' lang='lat' dir='ltr'><strong>Deus</strong></span> <span class='ocrx_word' id='word_1_493' title='bbox 1180 3987 1456 4042; x_wconf 88' lang='lat' dir='ltr'><strong>nobiscum</strong></span> <span class='ocrx_word' id='word_1_494' title='bbox 1492 3989 1857 4047; x_wconf 82' lang='lat' dir='ltr'><strong>Emmanuel:</strong></span> <span class='ocrx_word' id='word_1_495' title='bbox 1907 4009 2012 4049; x_wconf 91' lang='lat' dir='ltr'><strong>non</strong></span> 
     </span>
    </p>
   </div>
   <div class='ocr_carea' id='block_1_59' title="bbox 434 4066 2016 4141">
    <p class='ocr_par' dir='ltr' id='par_1_59' title="bbox 434 4066 2016 4141">
     <span class='ocr_line' id='line_1_59' title="bbox 434 4066 2016 4141; baseline 0.014 -23"><span class='ocrx_word' id='word_1_496' title='bbox 434 4066 576 4122; x_wconf 88' lang='lat' dir='ltr'><strong>alius</strong></span> <span class='ocrx_word' id='word_1_497' title='bbox 609 4071 749 4138; x_wconf 89' lang='lat' dir='ltr'><strong>apud</strong></span> <span class='ocrx_word' id='word_1_498' title='bbox 789 4069 1032 4138; x_wconf 89' lang='lat' dir='ltr'><strong>Patrem,</strong></span> <span class='ocrx_word' id='word_1_499' title='bbox 1066 4077 1202 4130; x_wconf 90' lang='lat' dir='ltr'><strong>alitts</strong></span> <span class='ocrx_word' id='word_1_500' title='bbox 1233 4089 1413 4135; x_wconf 88' lang='lat' dir='ltr'><strong>autem</strong></span> <span class='ocrx_word' id='word_1_501' title='bbox 1446 4082 1728 4137; x_wconf 87' lang='lat' dir='ltr'><strong>nobiscum</strong></span> <span class='ocrx_word' id='word_1_502' title='bbox 1771 4093 1827 4138; x_wconf 90' lang='lat' dir='ltr'><strong>et</strong></span> <span class='ocrx_word' id='word_1_503' title='bbox 1878 4085 2016 4141; x_wconf 87' lang='lat' dir='ltr'><strong>alius</strong></span> 
     </span>
    </p>
   </div>
   <div class='ocr_carea' id='block_1_60' title="bbox 432 4164 2016 4244">
    <p class='ocr_par' dir='ltr' id='par_1_60' title="bbox 432 4164 2016 4244">
     <span class='ocr_line' id='line_1_60' title="bbox 432 4164 2016 4244; baseline 0.015 -35"><span class='ocrx_word' id='word_1_504' title='bbox 432 4168 850 4217; x_wconf 78' lang='lat' dir='ltr'><strong>eratzmanens</strong></span> <span class='ocrx_word' id='word_1_505' title='bbox 889 4164 1151 4233; x_wconf 88' lang='lat' dir='ltr'><strong>siquidem</strong></span> <span class='ocrx_word' id='word_1_506' title='bbox 1197 4169 1249 4222; x_wconf 92' lang='lat' dir='ltr'><strong>in</strong></span> <span class='ocrx_word' id='word_1_507' title='bbox 1303 4171 1474 4241; x_wconf 84' lang='lat' dir='ltr'><strong>ligura</strong></span> <span class='ocrx_word' id='word_1_508' title='bbox 1519 4172 1614 4228; x_wconf 89' lang='lat' dir='ltr'><strong>Dei</strong></span> <span class='ocrx_word' id='word_1_509' title='bbox 1659 4177 2016 4244; x_wconf 82' lang='lat' dir='ltr'><strong>constitutus,</strong></span> 
     </span>
    </p>
   </div>
   <div class='ocr_carea' id='block_1_61' title="bbox 432 4248 2012 4333">
    <p class='ocr_par' dir='ltr' id='par_1_61' title="bbox 432 4248 2012 4333">
     <span class='ocr_line' id='line_1_61' title="bbox 432 4248 2012 4333; baseline 0.011 -29"><span class='ocrx_word' id='word_1_510' title='bbox 432 4248 595 4304; x_wconf 82' lang='lat' dir='ltr'><strong>istam</strong></span> <span class='ocrx_word' id='word_1_511' title='bbox 623 4263 866 4308; x_wconf 89' lang='lat' dir='ltr'><strong>nostram</strong></span> <span class='ocrx_word' id='word_1_512' title='bbox 909 4255 1134 4325; x_wconf 89' lang='lat' dir='ltr'><strong>ﬁguram</strong></span> <span class='ocrx_word' id='word_1_513' title='bbox 1173 4262 1315 4315; x_wconf 89' lang='lat' dir='ltr'><strong>servi</strong></span> <span class='ocrx_word' id='word_1_514' title='bbox 1371 4265 1629 4333; x_wconf 89' lang='lat' dir='ltr'><strong>accepit:</strong></span> <span class='ocrx_word' id='word_1_515' title='bbox 1681 4280 1786 4320; x_wconf 93' lang='lat' dir='ltr'><strong>non</strong></span> <span class='ocrx_word' id='word_1_516' title='bbox 1829 4267 1897 4322; x_wconf 89' lang='lat' dir='ltr'><strong>ab</strong></span> <span class='ocrx_word' id='word_1_517' title='bbox 1923 4266 2012 4322; x_wconf 91' lang='lat' dir='ltr'><strong>illa</strong></span> 
     </span>
    </p>
   </div>
   <div class='ocr_carea' id='block_1_62' title="bbox 431 4342 2012 4420">
    <p class='ocr_par' dir='ltr' id='par_1_62' title="bbox 431 4342 2012 4420">
     <span class='ocr_line' id='line_1_62' title="bbox 431 4342 2012 4420; baseline 0.012 -28"><span class='ocrx_word' id='word_1_518' title='bbox 431 4342 690 4396; x_wconf 87' lang='lat' dir='ltr'><strong>recedens</strong></span> <span class='ocrx_word' id='word_1_519' title='bbox 722 4343 882 4398; x_wconf 90' lang='lat' dir='ltr'><strong>istam</strong></span> <span class='ocrx_word' id='word_1_520' title='bbox 915 4346 1204 4402; x_wconf 89' lang='lat' dir='ltr'><strong>honoravit</strong></span> <span class='ocrx_word' id='word_1_521' title='bbox 1233 4363 1249 4402; x_wconf 89' lang='lat'><strong>:</strong></span> <span class='ocrx_word' id='word_1_522' title='bbox 1293 4365 1400 4404; x_wconf 88' lang='lat' dir='ltr'><strong>non</strong></span> <span class='ocrx_word' id='word_1_523' title='bbox 1434 4355 1502 4406; x_wconf 89' lang='lat' dir='ltr'><strong>ab</strong></span> <span class='ocrx_word' id='word_1_524' title='bbox 1536 4352 1623 4406; x_wconf 91' lang='lat' dir='ltr'><strong>illa</strong></span> <span class='ocrx_word' id='word_1_525' title='bbox 1663 4354 1881 4420; x_wconf 85' lang='lat' dir='ltr'><strong>exiens,</strong></span> <span class='ocrx_word' id='word_1_526' title='bbox 1913 4370 2012 4412; x_wconf 92' lang='lat' dir='ltr'><strong>nos</strong></span> 
     </span>
    </p>
   </div>
   <div class='ocr_carea' id='block_1_63' title="bbox 2125 1877 3698 1956">
    <p class='ocr_par' dir='ltr' id='par_1_63' title="bbox 2125 1877 3698 1956">
     <span class='ocr_line' id='line_1_63' title="bbox 2125 1877 3698 1956; baseline 0.009 -27"><span class='ocrx_word' id='word_1_527' title='bbox 2125 1877 2176 1930; x_wconf 90' lang='lat' dir='ltr'><strong>in</strong></span> <span class='ocrx_word' id='word_1_528' title='bbox 2220 1881 2436 1931; x_wconf 89' lang='lat' dir='ltr'><strong>mundo.</strong></span> <span class='ocrx_word' id='word_1_529' title='bbox 2468 1879 2535 1932; x_wconf 81' lang='lat' dir='ltr'><strong>In</strong></span> <span class='ocrx_word' id='word_1_530' title='bbox 2564 1883 2759 1935; x_wconf 85' lang='lat' dir='ltr'><strong>mundo</strong></span> <span class='ocrx_word' id='word_1_531' title='bbox 2783 1920 2800 1945; x_wconf 94' lang='lat'><strong>,</strong></span> <span class='ocrx_word' id='word_1_532' title='bbox 2846 1882 3055 1952; x_wconf 84' lang='lat' dir='ltr'><strong>inquit,</strong></span> <span class='ocrx_word' id='word_1_533' title='bbox 3090 1896 3204 1938; x_wconf 88' lang='lat' dir='ltr'><strong>erat</strong></span> <span class='ocrx_word' id='word_1_534' title='bbox 3237 1904 3258 1938; x_wconf 89' lang='lat'><strong><em>:</em></strong></span> <span class='ocrx_word' id='word_1_535' title='bbox 3287 1886 3567 1956; x_wconf 84' lang='lat' dir='ltr'><strong>siquidem</strong></span> <span class='ocrx_word' id='word_1_536' title='bbox 3614 1892 3698 1943; x_wconf 87' lang='lat' dir='ltr'><strong>ni-</strong></span> 
     </span>
    </p>
   </div>
   <div class='ocr_carea' id='block_1_64' title="bbox 2123 1969 3698 2046">
    <p class='ocr_par' dir='ltr' id='par_1_64' title="bbox 2123 1969 3698 2046">
     <span class='ocr_line' id='line_1_64' title="bbox 2123 1969 3698 2046; baseline 0.008 -24"><span class='ocrx_word' id='word_1_537' title='bbox 2123 1969 2197 2023; x_wconf 87' lang='lat' dir='ltr'><strong>ltil</strong></span> <span class='ocrx_word' id='word_1_538' title='bbox 2224 1985 2452 2024; x_wconf 87' lang='lat' dir='ltr'><strong>vacuum</strong></span> <span class='ocrx_word' id='word_1_539' title='bbox 2489 1973 2558 2026; x_wconf 89' lang='lat' dir='ltr'><strong>ab</strong></span> <span class='ocrx_word' id='word_1_540' title='bbox 2589 1973 2705 2042; x_wconf 91' lang='lat' dir='ltr'><strong>ipso</strong></span> <span class='ocrx_word' id='word_1_541' title='bbox 2731 1975 2893 2028; x_wconf 86' lang='lat' dir='ltr'><strong>etiam</strong></span> <span class='ocrx_word' id='word_1_542' title='bbox 2935 1987 3060 2030; x_wconf 88' lang='lat' dir='ltr'><strong>ante</strong></span> <span class='ocrx_word' id='word_1_543' title='bbox 3083 1979 3374 2032; x_wconf 87' lang='lat' dir='ltr'><strong>adventum</strong></span> <span class='ocrx_word' id='word_1_544' title='bbox 3414 1980 3536 2046; x_wconf 86' lang='lat' dir='ltr'><strong>ejus</strong></span> <span class='ocrx_word' id='word_1_545' title='bbox 3561 1994 3698 2036; x_wconf 84' lang='lat' dir='ltr'><strong>erat.</strong></span> 
     </span>
    </p>
   </div>
   <div class='ocr_carea' id='block_1_65' title="bbox 2123 2060 3700 2134">
    <p class='ocr_par' dir='ltr' id='par_1_65' title="bbox 2123 2060 3700 2134">
     <span class='ocr_line' id='line_1_65' title="bbox 2123 2060 3700 2134; baseline 0.008 -21"><span class='ocrx_word' id='word_1_546' title='bbox 2123 2060 2256 2126; x_wconf 87' lang='lat' dir='ltr'><strong>Quia</strong></span> <span class='ocrx_word' id='word_1_547' title='bbox 2293 2077 2398 2115; x_wconf 86' lang='lat' dir='ltr'><strong>non</strong></span> <span class='ocrx_word' id='word_1_548' title='bbox 2422 2064 2564 2116; x_wconf 92' lang='lat' dir='ltr'><strong>enim</strong></span> <span class='ocrx_word' id='word_1_549' title='bbox 2610 2079 2736 2116; x_wconf 93' lang='lat' dir='ltr'><strong>cum</strong></span> <span class='ocrx_word' id='word_1_550' title='bbox 2786 2067 3067 2134; x_wconf 86' lang='lat' dir='ltr'><strong>apparuit,</strong></span> <span class='ocrx_word' id='word_1_551' title='bbox 3110 2077 3239 2122; x_wconf 91' lang='lat' dir='ltr'><strong>tunc</strong></span> <span class='ocrx_word' id='word_1_552' title='bbox 3277 2071 3515 2122; x_wconf 81' lang='lat' dir='ltr'><strong>etvenit</strong></span> <span class='ocrx_word' id='word_1_553' title='bbox 3559 2088 3574 2123; x_wconf 88' lang='lat'><strong>:</strong></span> <span class='ocrx_word' id='word_1_554' title='bbox 3611 2075 3700 2125; x_wconf 86' lang='lat' dir='ltr'><strong>sed</strong></span> 
     </span>
    </p>
   </div>
   <div class='ocr_carea' id='block_1_66' title="bbox 2122 2152 3700 2223">
    <p class='ocr_par' dir='ltr' id='par_1_66' title="bbox 2122 2152 3700 2223">
     <span class='ocr_line' id='line_1_66' title="bbox 2122 2152 3700 2223; baseline 0.008 -20"><span class='ocrx_word' id='word_1_555' title='bbox 2122 2160 2239 2204; x_wconf 89' lang='lat' dir='ltr'><strong>erat</strong></span> <span class='ocrx_word' id='word_1_556' title='bbox 2270 2152 2476 2214; x_wconf 90' lang='lat' dir='ltr'><strong>latens,</strong></span> <span class='ocrx_word' id='word_1_557' title='bbox 2505 2154 2752 2223; x_wconf 90' lang='lat' dir='ltr'><strong>apparuit</strong></span> <span class='ocrx_word' id='word_1_558' title='bbox 2790 2157 2880 2222; x_wconf 92' lang='lat' dir='ltr'><strong>qui</strong></span> <span class='ocrx_word' id='word_1_559' title='bbox 2915 2167 3034 2210; x_wconf 90' lang='lat' dir='ltr'><strong>erat</strong></span> <span class='ocrx_word' id='word_1_560' title='bbox 3058 2158 3253 2212; x_wconf 89' lang='lat' dir='ltr'><strong>latens.</strong></span> <span class='ocrx_word' id='word_1_561' title='bbox 3293 2158 3410 2213; x_wconf 84' lang='lat' dir='ltr'><strong>Non</strong></span> <span class='ocrx_word' id='word_1_562' title='bbox 3439 2172 3572 2214; x_wconf 91' lang='lat' dir='ltr'><strong>sunt</strong></span> <span class='ocrx_word' id='word_1_563' title='bbox 3602 2164 3700 2216; x_wconf 83' lang='lat' dir='ltr'><strong>ista</strong></span> 
     </span>
    </p>
   </div>
   <div class='ocr_carea' id='block_1_67' title="bbox 2122 2243 3696 2312">
    <p class='ocr_par' dir='ltr' id='par_1_67' title="bbox 2122 2243 3696 2312">
     <span class='ocr_line' id='line_1_67' title="bbox 2122 2243 3696 2312; baseline 0.006 -18"><span class='ocrx_word' id='word_1_564' title='bbox 2122 2253 2238 2300; x_wconf 82' lang='lat' dir='ltr'><strong>mea</strong></span> <span class='ocrx_word' id='word_1_565' title='bbox 2262 2280 2277 2304; x_wconf 93' lang='lat'><strong>,</strong></span> <span class='ocrx_word' id='word_1_566' title='bbox 2315 2243 2408 2296; x_wconf 92' lang='lat' dir='ltr'><strong>sed</strong></span> <span class='ocrx_word' id='word_1_567' title='bbox 2429 2244 2796 2312; x_wconf 53' lang='lat' dir='ltr'><strong>evangelista.</strong></span> <span class='ocrx_word' id='word_1_568' title='bbox 2852 2246 2944 2298; x_wconf 84' lang='lat' dir='ltr'><strong>Ait</strong></span> <span class='ocrx_word' id='word_1_569' title='bbox 2987 2247 3131 2300; x_wconf 90' lang='lat' dir='ltr'><strong>enim</strong></span> <span class='ocrx_word' id='word_1_570' title='bbox 3156 2288 3172 2312; x_wconf 96' lang='lat'><strong>,</strong></span> <span class='ocrx_word' id='word_1_571' title='bbox 3201 2246 3264 2300; x_wconf 85' lang='lat' dir='ltr'><strong>In</strong></span> <span class='ocrx_word' id='word_1_572' title='bbox 3313 2251 3528 2302; x_wconf 63' lang='lat' dir='ltr'><strong>mendo</strong></span> <span class='ocrx_word' id='word_1_573' title='bbox 3569 2262 3696 2303; x_wconf 80' lang='lat' dir='ltr'><strong>erat.</strong></span> 
     </span>
    </p>
   </div>
   <div class='ocr_carea' id='block_1_68' title="bbox 2124 2334 3696 2406">
    <p class='ocr_par' dir='ltr' id='par_1_68' title="bbox 2124 2334 3696 2406">
     <span class='ocr_line' id='line_1_68' title="bbox 2124 2334 3696 2406; baseline 0.006 -19"><span class='ocrx_word' id='word_1_574' title='bbox 2124 2334 2228 2387; x_wconf 89' lang='lat' dir='ltr'><strong>Sed</strong></span> <span class='ocrx_word' id='word_1_575' title='bbox 2254 2349 2440 2401; x_wconf 90' lang='lat' dir='ltr'><strong>parum</strong></span> <span class='ocrx_word' id='word_1_576' title='bbox 2467 2336 2641 2390; x_wconf 91' lang='lat' dir='ltr'><strong>visum</strong></span> <span class='ocrx_word' id='word_1_577' title='bbox 2665 2345 2745 2392; x_wconf 89' lang='lat' dir='ltr'><strong>est</strong></span> <span class='ocrx_word' id='word_1_578' title='bbox 2771 2337 2819 2391; x_wconf 91' lang='lat' dir='ltr'><strong>ei</strong></span> <span class='ocrx_word' id='word_1_579' title='bbox 2843 2338 2932 2406; x_wconf 90' lang='lat' dir='ltr'><strong>qui</strong></span> <span class='ocrx_word' id='word_1_580' title='bbox 2967 2339 3136 2404; x_wconf 83' lang='lat' dir='ltr'><strong>dixit,</strong></span> <span class='ocrx_word' id='word_1_581' title='bbox 3184 2339 3238 2394; x_wconf 88' lang='lat' dir='ltr'><strong>lu</strong></span> <span class='ocrx_word' id='word_1_582' title='bbox 3287 2342 3494 2395; x_wconf 88' lang='lat' dir='ltr'><strong>mundo</strong></span> <span class='ocrx_word' id='word_1_583' title='bbox 3527 2353 3647 2396; x_wconf 87' lang='lat' dir='ltr'><strong>erat</strong></span> <span class='ocrx_word' id='word_1_584' title='bbox 3681 2361 3696 2396; x_wconf 93' lang='lat'><strong>:</strong></span> 
     </span>
    </p>
   </div>
   <div class='ocr_carea' id='block_1_69' title="bbox 2120 2433 3697 2505">
    <p class='ocr_par' dir='ltr' id='par_1_69' title="bbox 2120 2433 3697 2505">
     <span class='ocr_line' id='line_1_69' title="bbox 2120 2433 3697 2505; baseline 0.002 -20"><span class='ocrx_word' id='word_1_585' title='bbox 2120 2441 2175 2485; x_wconf 88' lang='lat' dir='ltr'><strong>et</strong></span> <span class='ocrx_word' id='word_1_586' title='bbox 2227 2433 2348 2486; x_wconf 87' lang='lat' dir='ltr'><strong>ideo</strong></span> <span class='ocrx_word' id='word_1_587' title='bbox 2407 2433 2602 2500; x_wconf 87' lang='lat' dir='ltr'><strong>repetit</strong></span> <span class='ocrx_word' id='word_1_588' title='bbox 2641 2447 2950 2499; x_wconf 82' lang='lat' dir='ltr'><strong>sermonem</strong></span> <span class='ocrx_word' id='word_1_589' title='bbox 3003 2435 3299 2505; x_wconf 86' lang='lat' dir='ltr'><strong>religiose,</strong></span> <span class='ocrx_word' id='word_1_590' title='bbox 3352 2447 3409 2489; x_wconf 90' lang='lat' dir='ltr'><strong>et</strong></span> <span class='ocrx_word' id='word_1_591' title='bbox 3449 2437 3697 2502; x_wconf 80' lang='lat' dir='ltr'><strong>dicit,et</strong></span> 
     </span>
    </p>
   </div>
   <div class='ocr_carea' id='block_1_70' title="bbox 2119 2525 3700 2593">
    <p class='ocr_par' dir='ltr' id='par_1_70' title="bbox 2119 2525 3700 2593">
     <span class='ocr_line' id='line_1_70' title="bbox 2119 2525 3700 2593; baseline 0.003 -16"><span class='ocrx_word' id='word_1_592' title='bbox 2119 2525 2347 2577; x_wconf 75' lang='lat' dir='ltr'><strong>mundus</strong></span> <span class='ocrx_word' id='word_1_593' title='bbox 2376 2541 2468 2592; x_wconf 81' lang='lat' dir='ltr'><strong>per</strong></span> <span class='ocrx_word' id='word_1_594' title='bbox 2491 2527 2662 2593; x_wconf 77' lang='lat' dir='ltr'><strong>ipsum</strong></span> <span class='ocrx_word' id='word_1_595' title='bbox 2695 2525 2867 2593; x_wconf 81' lang='lat' dir='ltr'><strong>factus</strong></span> <span class='ocrx_word' id='word_1_596' title='bbox 2897 2539 2991 2578; x_wconf 75' lang='lat' dir='ltr'><strong>est.</strong></span> <span class='ocrx_word' id='word_1_597' title='bbox 3047 2526 3113 2581; x_wconf 91' lang='lat' dir='ltr'><strong>Ut</strong></span> <span class='ocrx_word' id='word_1_598' title='bbox 3164 2535 3344 2580; x_wconf 86' lang='lat' dir='ltr'><strong>autem</strong></span> <span class='ocrx_word' id='word_1_599' title='bbox 3392 2543 3504 2582; x_wconf 90' lang='lat' dir='ltr'><strong>non</strong></span> <span class='ocrx_word' id='word_1_600' title='bbox 3558 2540 3700 2582; x_wconf 77' lang='lat' dir='ltr'><strong>esset</strong></span> 
     </span>
    </p>
   </div>
   <div class='ocr_carea' id='block_1_71' title="bbox 2119 2620 3693 2690">
    <p class='ocr_par' dir='ltr' id='par_1_71' title="bbox 2119 2620 3693 2690">
     <span class='ocr_line' id='line_1_71' title="bbox 2119 2620 3693 2690; baseline 0.006 -21"><span class='ocrx_word' id='word_1_601' title='bbox 2119 2626 2490 2686; x_wconf 88' lang='lat' dir='ltr'><strong>contemptus,</strong></span> <span class='ocrx_word' id='word_1_602' title='bbox 2525 2620 2616 2689; x_wconf 92' lang='lat' dir='ltr'><strong>qui</strong></span> <span class='ocrx_word' id='word_1_603' title='bbox 2650 2621 2761 2684; x_wconf 91' lang='lat' dir='ltr'><strong>ait,</strong></span> <span class='ocrx_word' id='word_1_604' title='bbox 2809 2620 2878 2676; x_wconf 85' lang='lat' dir='ltr'><strong>In</strong></span> <span class='ocrx_word' id='word_1_605' title='bbox 2922 2623 3118 2676; x_wconf 83' lang='lat' dir='ltr'><strong>mundo</strong></span> <span class='ocrx_word' id='word_1_606' title='bbox 3144 2634 3287 2690; x_wconf 89' lang='lat' dir='ltr'><strong>erat,</strong></span> <span class='ocrx_word' id='word_1_607' title='bbox 3340 2623 3481 2677; x_wconf 77' lang='lat' dir='ltr'><strong>dixit</strong></span> <span class='ocrx_word' id='word_1_608' title='bbox 3531 2626 3693 2679; x_wconf 78' lang='lat' dir='ltr'><strong>etiam</strong></span> 
     </span>
    </p>
   </div>
   <div class='ocr_carea' id='block_1_72' title="bbox 2121 2707 3699 2784">
    <p class='ocr_par' dir='ltr' id='par_1_72' title="bbox 2121 2707 3699 2784">
     <span class='ocr_line' id='line_1_72' title="bbox 2121 2707 3699 2784; baseline 0.004 -22"><span class='ocrx_word' id='word_1_609' title='bbox 2121 2707 2246 2776; x_wconf 83' lang='lat' dir='ltr'><strong>quia</strong></span> <span class='ocrx_word' id='word_1_610' title='bbox 2279 2719 2401 2763; x_wconf 88' lang='lat' dir='ltr'><strong>ante</strong></span> <span class='ocrx_word' id='word_1_611' title='bbox 2424 2711 2680 2765; x_wconf 89' lang='lat' dir='ltr'><strong>mundum</strong></span> <span class='ocrx_word' id='word_1_612' title='bbox 2708 2721 2826 2765; x_wconf 86' lang='lat' dir='ltr'><strong>erat</strong></span> <span class='ocrx_word' id='word_1_613' title='bbox 2861 2731 2873 2765; x_wconf 92' lang='lat'>:</span> <span class='ocrx_word' id='word_1_614' title='bbox 2907 2723 2960 2766; x_wconf 90' lang='lat' dir='ltr'><strong>et</strong></span> <span class='ocrx_word' id='word_1_615' title='bbox 2985 2715 3089 2774; x_wconf 88' lang='lat' dir='ltr'><strong>ait,</strong></span> <span class='ocrx_word' id='word_1_616' title='bbox 3126 2714 3194 2767; x_wconf 87' lang='lat' dir='ltr'><strong>Et</strong></span> <span class='ocrx_word' id='word_1_617' title='bbox 3221 2717 3446 2768; x_wconf 78' lang='lat' dir='ltr'><strong>mundus</strong></span> <span class='ocrx_word' id='word_1_618' title='bbox 3485 2734 3584 2784; x_wconf 83' lang='lat' dir='ltr'><strong>per</strong></span> <span class='ocrx_word' id='word_1_619' title='bbox 3621 2720 3699 2783; x_wconf 75' lang='lat' dir='ltr'><strong>ip-</strong></span> 
     </span>
    </p>
   </div>
   <div class='ocr_carea' id='block_1_73' title="bbox 2119 2783 3694 2875">
    <p class='ocr_par' dir='ltr' id='par_1_73' title="bbox 2119 2783 3694 2875">
     <span class='ocr_line' id='line_1_73' title="bbox 2119 2783 3694 2875; baseline 0.004 -22"><span class='ocrx_word' id='word_1_620' title='bbox 2119 2783 2430 2869; x_wconf 71' lang='lat' dir='ltr'><strong>sum/actus</strong></span> <span class='ocrx_word' id='word_1_621' title='bbox 2455 2813 2552 2859; x_wconf 74' lang='lat' dir='ltr'><strong>est.</strong></span> <span class='ocrx_word' id='word_1_622' title='bbox 2609 2802 2721 2857; x_wconf 85' lang='lat' dir='ltr'><strong>Hoc</strong></span> <span class='ocrx_word' id='word_1_623' title='bbox 2760 2803 3031 2874; x_wconf 85' lang='lat' dir='ltr'><strong>signiﬁcat</strong></span> <span class='ocrx_word' id='word_1_624' title='bbox 3065 2807 3207 2875; x_wconf 92' lang='lat' dir='ltr'><strong>quod</strong></span> <span class='ocrx_word' id='word_1_625' title='bbox 3253 2818 3378 2861; x_wconf 87' lang='lat' dir='ltr'><strong>ante</strong></span> <span class='ocrx_word' id='word_1_626' title='bbox 3435 2809 3694 2861; x_wconf 86' lang='lat' dir='ltr'><strong>mundum</strong></span> 
     </span>
    </p>
   </div>
   <div class='ocr_carea' id='block_1_74' title="bbox 2118 2891 3694 2963">
    <p class='ocr_par' dir='ltr' id='par_1_74' title="bbox 2118 2891 3694 2963">
     <span class='ocr_line' id='line_1_74' title="bbox 2118 2891 3694 2963; baseline 0.003 -19"><span class='ocrx_word' id='word_1_627' title='bbox 2118 2902 2255 2945; x_wconf 89' lang='lat' dir='ltr'><strong>erat.</strong></span> <span class='ocrx_word' id='word_1_628' title='bbox 2287 2891 2354 2946; x_wconf 88' lang='lat' dir='ltr'><strong>In</strong></span> <span class='ocrx_word' id='word_1_629' title='bbox 2385 2894 2578 2948; x_wconf 86' lang='lat' dir='ltr'><strong>mundo</strong></span> <span class='ocrx_word' id='word_1_630' title='bbox 2604 2934 2619 2958; x_wconf 89' lang='lat'><strong>,</strong></span> <span class='ocrx_word' id='word_1_631' title='bbox 2651 2895 2826 2963; x_wconf 91' lang='lat' dir='ltr'><strong>inquit</strong></span> <span class='ocrx_word' id='word_1_632' title='bbox 2847 2935 2862 2958; x_wconf 87' lang='lat'><strong>.</strong></span> <span class='ocrx_word' id='word_1_633' title='bbox 2898 2906 3032 2952; x_wconf 89' lang='lat' dir='ltr'><strong>erat.</strong></span> <span class='ocrx_word' id='word_1_634' title='bbox 3071 2897 3351 2962; x_wconf 90' lang='lat' dir='ltr'><strong>Quomodo</strong></span> <span class='ocrx_word' id='word_1_635' title='bbox 3391 2898 3446 2950; x_wconf 94' lang='lat' dir='ltr'><strong>in</strong></span> <span class='ocrx_word' id='word_1_636' title='bbox 3495 2899 3694 2951; x_wconf 88' lang='lat' dir='ltr'><strong>mundo</strong></span> 
     </span>
    </p>
   </div>
   <div class='ocr_carea' id='block_1_75' title="bbox 2118 2981 3692 3055">
    <p class='ocr_par' dir='ltr' id='par_1_75' title="bbox 2118 2981 3692 3055">
     <span class='ocr_line' id='line_1_75' title="bbox 2118 2981 3692 3055; baseline 0.002 -19"><span class='ocrx_word' id='word_1_637' title='bbox 2118 2983 2275 3036; x_wconf 86' lang='lat' dir='ltr'><strong>erat?</strong></span> <span class='ocrx_word' id='word_1_638' title='bbox 2296 2981 2450 3048; x_wconf 82' lang='lat' dir='ltr'><strong>Erat,</strong></span> <span class='ocrx_word' id='word_1_639' title='bbox 2482 2985 2578 3049; x_wconf 88' lang='lat' dir='ltr'><strong>ait,</strong></span> <span class='ocrx_word' id='word_1_640' title='bbox 2616 2983 2791 3038; x_wconf 88' lang='lat' dir='ltr'><strong>lumen</strong></span> <span class='ocrx_word' id='word_1_641' title='bbox 2821 3003 3020 3050; x_wconf 82' lang='lat' dir='ltr'><strong>verum,</strong></span> <span class='ocrx_word' id='word_1_642' title='bbox 3049 2985 3140 3055; x_wconf 79' lang='lat' dir='ltr'><strong>qui</strong></span> <span class='ocrx_word' id='word_1_643' title='bbox 3183 2986 3452 3039; x_wconf 80' lang='lat' dir='ltr'><strong>illuminat</strong></span> <span class='ocrx_word' id='word_1_644' title='bbox 3491 3003 3692 3040; x_wconf 60' lang='lat' dir='ltr'><strong>omnem</strong></span> 
     </span>
    </p>
   </div>
   <div class='ocr_carea' id='block_1_76' title="bbox 2120 3073 3694 3133">
    <p class='ocr_par' dir='ltr' id='par_1_76' title="bbox 2120 3073 3694 3133">
     <span class='ocr_line' id='line_1_76' title="bbox 2120 3073 3694 3133; baseline 0.003 -6"><span class='ocrx_word' id='word_1_645' title='bbox 2120 3077 2379 3130; x_wconf 82' lang='lat' dir='ltr'><strong>hominem</strong></span> <span class='ocrx_word' id='word_1_646' title='bbox 2407 3073 2692 3131; x_wconf 78' lang='lat' dir='ltr'><strong>venientem</strong></span> <span class='ocrx_word' id='word_1_647' title='bbox 2719 3079 2775 3130; x_wconf 82' lang='lat' dir='ltr'><strong>in</strong></span> <span class='ocrx_word' id='word_1_648' title='bbox 2797 3078 2936 3131; x_wconf 84' lang='lat' dir='ltr'><strong>hunc</strong></span> <span class='ocrx_word' id='word_1_649' title='bbox 2957 3080 3230 3133; x_wconf 85' lang='lat' dir='ltr'><strong>mundum.</strong></span> <span class='ocrx_word' id='word_1_650' title='bbox 3268 3077 3338 3132; x_wconf 90' lang='lat' dir='ltr'><strong>Ut</strong></span> <span class='ocrx_word' id='word_1_651' title='bbox 3379 3089 3567 3133; x_wconf 85' lang='lat' dir='ltr'><strong>autem</strong></span> <span class='ocrx_word' id='word_1_652' title='bbox 3594 3096 3694 3132; x_wconf 90' lang='lat' dir='ltr'><strong>non</strong></span> 
     </span>
    </p>
   </div>
   <div class='ocr_carea' id='block_1_77' title="bbox 2119 3168 3695 3238">
    <p class='ocr_par' dir='ltr' id='par_1_77' title="bbox 2119 3168 3695 3238">
     <span class='ocr_line' id='line_1_77' title="bbox 2119 3168 3695 3238; baseline 0.001 -17"><span class='ocrx_word' id='word_1_653' title='bbox 2119 3168 2661 3229; x_wconf 90' lang='lat' dir='ltr'><strong>diceret,venientem</strong></span> <span class='ocrx_word' id='word_1_654' title='bbox 2692 3169 2830 3238; x_wconf 80' lang='grc'><strong>(74),</strong></span> <span class='ocrx_word' id='word_1_655' title='bbox 2855 3170 2929 3222; x_wconf 91' lang='lat' dir='ltr'><strong>ita</strong></span> <span class='ocrx_word' id='word_1_656' title='bbox 2959 3170 3112 3238; x_wconf 88' lang='lat' dir='ltr'><strong>quasi</strong></span> <span class='ocrx_word' id='word_1_657' title='bbox 3148 3185 3251 3222; x_wconf 81' lang='lat' dir='ltr'><strong>non</strong></span> <span class='ocrx_word' id='word_1_658' title='bbox 3285 3173 3507 3224; x_wconf 89' lang='lat' dir='ltr'><strong>essetin</strong></span> <span class='ocrx_word' id='word_1_659' title='bbox 3544 3187 3695 3223; x_wconf 83' lang='lat' dir='ltr'><strong>mun-</strong></span> 
     </span>
    </p>
   </div>
   <div class='ocr_carea' id='block_1_78' title="bbox 2119 3256 3690 3328">
    <p class='ocr_par' dir='ltr' id='par_1_78' title="bbox 2119 3256 3690 3328">
     <span class='ocr_line' id='line_1_78' title="bbox 2119 3256 3690 3328; baseline 0.002 -19"><span class='ocrx_word' id='word_1_660' title='bbox 2119 3256 2218 3320; x_wconf 94' lang='lat' dir='ltr'><strong>do,</strong></span> <span class='ocrx_word' id='word_1_661' title='bbox 2242 3265 2295 3310; x_wconf 91' lang='lat' dir='ltr'><strong>et</strong></span> <span class='ocrx_word' id='word_1_662' title='bbox 2332 3267 2549 3324; x_wconf 89' lang='lat' dir='ltr'><strong>putares</strong></span> <span class='ocrx_word' id='word_1_663' title='bbox 2575 3258 2697 3324; x_wconf 90' lang='lat' dir='ltr'><strong>quia</strong></span> <span class='ocrx_word' id='word_1_664' title='bbox 2727 3260 2876 3313; x_wconf 90' lang='lat' dir='ltr'><strong>venit</strong></span> <span class='ocrx_word' id='word_1_665' title='bbox 2913 3260 3129 3326; x_wconf 89' lang='lat' dir='ltr'><strong>quidem</strong></span> <span class='ocrx_word' id='word_1_666' title='bbox 3159 3261 3247 3328; x_wconf 90' lang='lat' dir='ltr'><strong>qui</strong></span> <span class='ocrx_word' id='word_1_667' title='bbox 3302 3275 3408 3312; x_wconf 87' lang='lat' dir='ltr'><strong>non</strong></span> <span class='ocrx_word' id='word_1_668' title='bbox 3457 3261 3646 3314; x_wconf 85' lang='lat' dir='ltr'><strong>aderat</strong></span> <span class='ocrx_word' id='word_1_669' title='bbox 3676 3279 3690 3313; x_wconf 92' lang='lat'><strong>:</strong></span> 
     </span>
    </p>
   </div>
   <div class='ocr_carea' id='block_1_79' title="bbox 2119 3347 3691 3419">
    <p class='ocr_par' dir='ltr' id='par_1_79' title="bbox 2119 3347 3691 3419">
     <span class='ocr_line' id='line_1_79' title="bbox 2119 3347 3691 3419; baseline 0.003 -19"><span class='ocrx_word' id='word_1_670' title='bbox 2119 3347 2241 3401; x_wconf 85' lang='lat' dir='ltr'><strong>ideo</strong></span> <span class='ocrx_word' id='word_1_671' title='bbox 2273 3357 2452 3402; x_wconf 87' lang='lat' dir='ltr'><strong>tntans</strong></span> <span class='ocrx_word' id='word_1_672' title='bbox 2476 3347 2590 3419; x_wconf 76' lang='lat'><strong>(75)</strong></span> <span class='ocrx_word' id='word_1_673' title='bbox 2615 3351 2773 3403; x_wconf 88' lang='lat' dir='ltr'><strong>istam</strong></span> <span class='ocrx_word' id='word_1_674' title='bbox 2807 3351 3165 3419; x_wconf 88' lang='lat' dir='ltr'><strong>suspicionem</strong></span> <span class='ocrx_word' id='word_1_675' title='bbox 3185 3351 3364 3410; x_wconf 88' lang='lat' dir='ltr'><strong>addit,</strong></span> <span class='ocrx_word' id='word_1_676' title='bbox 3393 3349 3463 3403; x_wconf 88' lang='lat' dir='ltr'><strong>In</strong></span> <span class='ocrx_word' id='word_1_677' title='bbox 3500 3354 3691 3405; x_wconf 70' lang='lat' dir='ltr'><strong>utendo</strong></span> 
     </span>
    </p>
   </div>
   <div class='ocr_carea' id='block_1_80' title="bbox 2117 3439 3691 3509">
    <p class='ocr_par' dir='ltr' id='par_1_80' title="bbox 2117 3439 3691 3509">
     <span class='ocr_line' id='line_1_80' title="bbox 2117 3439 3691 3509; baseline 0.003 -17"><span class='ocrx_word' id='word_1_678' title='bbox 2117 3439 2343 3492; x_wconf 85' lang='lat' dir='ltr'><strong>erat.Et</strong></span> <span class='ocrx_word' id='word_1_679' title='bbox 2366 3454 2432 3492; x_wconf 90' lang='lat' dir='ltr'><strong>ne</strong></span> <span class='ocrx_word' id='word_1_680' title='bbox 2457 3439 2653 3494; x_wconf 89' lang='lat' dir='ltr'><strong>iterum</strong></span> <span class='ocrx_word' id='word_1_681' title='bbox 2694 3449 2912 3509; x_wconf 89' lang='lat' dir='ltr'><strong>putares</strong></span> <span class='ocrx_word' id='word_1_682' title='bbox 2945 3441 3068 3509; x_wconf 87' lang='lat' dir='ltr'><strong>quia</strong></span> <span class='ocrx_word' id='word_1_683' title='bbox 3108 3456 3230 3494; x_wconf 92' lang='lat' dir='ltr'><strong>cum</strong></span> <span class='ocrx_word' id='word_1_684' title='bbox 3273 3443 3473 3496; x_wconf 85' lang='lat' dir='ltr'><strong>mundo</strong></span> <span class='ocrx_word' id='word_1_685' title='bbox 3518 3443 3691 3497; x_wconf 77' lang='lat' dir='ltr'><strong>factus</strong></span> 
     </span>
    </p>
   </div>
   <div class='ocr_carea' id='block_1_81' title="bbox 2117 3529 3689 3602">
    <p class='ocr_par' dir='ltr' id='par_1_81' title="bbox 2117 3529 3689 3602">
     <span class='ocr_line' id='line_1_81' title="bbox 2117 3529 3689 3602; baseline 0.004 -20"><span class='ocrx_word' id='word_1_686' title='bbox 2117 3538 2275 3592; x_wconf 87' lang='lat' dir='ltr'><strong>erat,</strong></span> <span class='ocrx_word' id='word_1_687' title='bbox 2306 3531 2501 3598; x_wconf 90' lang='lat' dir='ltr'><strong>repetit</strong></span> <span class='ocrx_word' id='word_1_688' title='bbox 2530 3538 2584 3584; x_wconf 90' lang='lat' dir='ltr'><strong>et</strong></span> <span class='ocrx_word' id='word_1_689' title='bbox 2611 3530 2772 3594; x_wconf 88' lang='lat' dir='ltr'><strong>dicit,</strong></span> <span class='ocrx_word' id='word_1_690' title='bbox 2803 3529 2872 3584; x_wconf 88' lang='lat' dir='ltr'><strong>Et</strong></span> <span class='ocrx_word' id='word_1_691' title='bbox 2902 3535 3132 3585; x_wconf 79' lang='lat' dir='ltr'><strong>mundus</strong></span> <span class='ocrx_word' id='word_1_692' title='bbox 3170 3549 3262 3601; x_wconf 83' lang='lat' dir='ltr'><strong>per</strong></span> <span class='ocrx_word' id='word_1_693' title='bbox 3300 3533 3476 3601; x_wconf 74' lang='lat' dir='ltr'><strong>ipsum</strong></span> <span class='ocrx_word' id='word_1_694' title='bbox 3522 3535 3689 3602; x_wconf 74' lang='lat' dir='ltr'><strong>factus</strong></span> 
     </span>
    </p>
   </div>
   <div class='ocr_carea' id='block_1_82' title="bbox 2116 3620 3688 3690">
    <p class='ocr_par' dir='ltr' id='par_1_82' title="bbox 2116 3620 3688 3690">
     <span class='ocr_line' id='line_1_82' title="bbox 2116 3620 3688 3690; baseline 0.004 -18"><span class='ocrx_word' id='word_1_695' title='bbox 2116 3628 2214 3673; x_wconf 73' lang='lat' dir='ltr'><strong>est.</strong></span> <span class='ocrx_word' id='word_1_696' title='bbox 2257 3620 2312 3674; x_wconf 91' lang='lat' dir='ltr'><strong>Si</strong></span> <span class='ocrx_word' id='word_1_697' title='bbox 2341 3621 2505 3689; x_wconf 83' lang='lat' dir='ltr'><strong>igitur</strong></span> <span class='ocrx_word' id='word_1_698' title='bbox 2536 3638 2631 3688; x_wconf 90' lang='lat' dir='ltr'><strong>per</strong></span> <span class='ocrx_word' id='word_1_699' title='bbox 2677 3622 2853 3690; x_wconf 91' lang='lat' dir='ltr'><strong>ipsum</strong></span> <span class='ocrx_word' id='word_1_700' title='bbox 2888 3623 3064 3678; x_wconf 82' lang='lat' dir='ltr'><strong>factus</strong></span> <span class='ocrx_word' id='word_1_701' title='bbox 3120 3633 3205 3678; x_wconf 85' lang='lat' dir='ltr'><strong>est</strong></span> <span class='ocrx_word' id='word_1_702' title='bbox 3245 3625 3520 3689; x_wconf 91' lang='lat' dir='ltr'><strong>mundus,</strong></span> <span class='ocrx_word' id='word_1_703' title='bbox 3578 3636 3688 3680; x_wconf 85' lang='lat' dir='ltr'><strong>erat</strong></span> 
     </span>
    </p>
   </div>
   <div class='ocr_carea' id='block_1_83' title="bbox 2116 3712 3689 3787">
    <p class='ocr_par' dir='ltr' id='par_1_83' title="bbox 2116 3712 3689 3787">
     <span class='ocr_line' id='line_1_83' title="bbox 2116 3712 3689 3787; baseline 0.005 -23"><span class='ocrx_word' id='word_1_704' title='bbox 2116 3712 2303 3781; x_wconf 90' lang='lat' dir='ltr'><strong>utique</strong></span> <span class='ocrx_word' id='word_1_705' title='bbox 2322 3713 2496 3768; x_wconf 70' lang='lat' dir='ltr'><strong>Filius</strong></span> <span class='ocrx_word' id='word_1_706' title='bbox 2522 3725 2812 3782; x_wconf 89' lang='lat' dir='ltr'><strong>antequam</strong></span> <span class='ocrx_word' id='word_1_707' title='bbox 2846 3715 3000 3769; x_wconf 90' lang='lat' dir='ltr'><strong>ﬁeret</strong></span> <span class='ocrx_word' id='word_1_708' title='bbox 3028 3715 3258 3769; x_wconf 90' lang='lat' dir='ltr'><strong>mundus</strong></span> <span class='ocrx_word' id='word_1_709' title='bbox 3291 3732 3308 3768; x_wconf 85' lang='lat'><strong>:</strong></span> <span class='ocrx_word' id='word_1_710' title='bbox 3335 3717 3461 3784; x_wconf 89' lang='lat' dir='ltr'><strong>quia</strong></span> <span class='ocrx_word' id='word_1_711' title='bbox 3481 3719 3556 3772; x_wconf 79' lang='lat' dir='ltr'><strong>ab</strong></span> <span class='ocrx_word' id='word_1_712' title='bbox 3583 3719 3689 3787; x_wconf 78' lang='lat' dir='ltr'><strong>ipso</strong></span> 
     </span>
    </p>
   </div>
   <div class='ocr_carea' id='block_1_84' title="bbox 2116 3804 3684 3874">
    <p class='ocr_par' dir='ltr' id='par_1_84' title="bbox 2116 3804 3684 3874">
     <span class='ocr_line' id='line_1_84' title="bbox 2116 3804 3684 3874; baseline 0.004 -19"><span class='ocrx_word' id='word_1_713' title='bbox 2116 3804 2288 3856; x_wconf 79' lang='lat' dir='ltr'><strong>laetus</strong></span> <span class='ocrx_word' id='word_1_714' title='bbox 2308 3813 2392 3858; x_wconf 88' lang='lat' dir='ltr'><strong>est</strong></span> <span class='ocrx_word' id='word_1_715' title='bbox 2412 3805 2661 3857; x_wconf 91' lang='lat' dir='ltr'><strong>mundus.</strong></span> <span class='ocrx_word' id='word_1_716' title='bbox 2690 3804 2927 3873; x_wconf 90' lang='lat' dir='ltr'><strong>Denique</strong></span> <span class='ocrx_word' id='word_1_717' title='bbox 2948 3805 3108 3858; x_wconf 91' lang='lat' dir='ltr'><strong>etiam</strong></span> <span class='ocrx_word' id='word_1_718' title='bbox 3139 3806 3207 3860; x_wconf 87' lang='lat' dir='ltr'><strong>ab</strong></span> <span class='ocrx_word' id='word_1_719' title='bbox 3229 3805 3346 3874; x_wconf 91' lang='lat' dir='ltr'><strong>ipso</strong></span> <span class='ocrx_word' id='word_1_720' title='bbox 3364 3805 3506 3861; x_wconf 86' lang='lat' dir='ltr'><strong>Filio</strong></span> <span class='ocrx_word' id='word_1_721' title='bbox 3533 3810 3684 3861; x_wconf 89' lang='lat' dir='ltr'><strong>audi:</strong></span> 
     </span>
    </p>
   </div>
   <div class='ocr_carea' id='block_1_85' title="bbox 2120 3893 3686 3966">
    <p class='ocr_par' dir='ltr' id='par_1_85' title="bbox 2120 3893 3686 3966">
     <span class='ocr_line' id='line_1_85' title="bbox 2120 3893 3686 3966; baseline 0.002 -21"><span class='ocrx_word' id='word_1_722' title='bbox 2120 3893 2198 3946; x_wconf 89' lang='lat' dir='ltr'><strong>Da</strong></span> <span class='ocrx_word' id='word_1_723' title='bbox 2232 3894 2363 3964; x_wconf 77' lang='lat' dir='ltr'><strong>milii</strong></span> <span class='ocrx_word' id='word_1_724' title='bbox 2383 3933 2394 3956; x_wconf 89' lang='lat'><strong>,</strong></span> <span class='ocrx_word' id='word_1_725' title='bbox 2429 3894 2640 3962; x_wconf 90' lang='lat' dir='ltr'><strong>inquit,</strong></span> <span class='ocrx_word' id='word_1_726' title='bbox 2676 3893 2870 3958; x_wconf 87' lang='lat' dir='ltr'><strong>Pater,</strong></span> <span class='ocrx_word' id='word_1_727' title='bbox 2897 3894 3118 3964; x_wconf 84' lang='lat' dir='ltr'><strong>gloriam</strong></span> <span class='ocrx_word' id='word_1_728' title='bbox 3139 3935 3155 3960; x_wconf 94' lang='lat'><strong>,</strong></span> <span class='ocrx_word' id='word_1_729' title='bbox 3181 3911 3336 3964; x_wconf 84' lang='lat' dir='ltr'><strong>quam</strong></span> <span class='ocrx_word' id='word_1_730' title='bbox 3352 3894 3518 3949; x_wconf 79' lang='lat' dir='ltr'><strong>habui</strong></span> <span class='ocrx_word' id='word_1_731' title='bbox 3552 3896 3686 3966; x_wconf 72' lang='lat' dir='ltr'><strong>apud</strong></span> 
     </span>
    </p>
   </div>
   <div class='ocr_carea' id='block_1_86' title="bbox 2117 3986 3689 4059">
    <p class='ocr_par' dir='ltr' id='par_1_86' title="bbox 2117 3986 3689 4059">
     <span class='ocr_line' id='line_1_86' title="bbox 2117 3986 3689 4059; baseline 0.003 -21"><span class='ocrx_word' id='word_1_732' title='bbox 2117 3998 2165 4039; x_wconf 83' lang='lat' dir='ltr'><strong>te</strong></span> <span class='ocrx_word' id='word_1_733' title='bbox 2189 3995 2469 4054; x_wconf 80' lang='lat' dir='ltr'><strong>antequam</strong></span> <span class='ocrx_word' id='word_1_734' title='bbox 2518 3990 2744 4039; x_wconf 80' lang='lat' dir='ltr'><strong>mundus</strong></span> <span class='ocrx_word' id='word_1_735' title='bbox 2779 3986 2926 4053; x_wconf 79' lang='lat' dir='ltr'><strong>ﬁeret</strong></span> <span class='ocrx_word' id='word_1_736' title='bbox 2956 3986 3024 4041; x_wconf 74' lang='lat'><strong>&quot;.</strong></span> <span class='ocrx_word' id='word_1_737' title='bbox 3052 3986 3338 4054; x_wconf 86' lang='lat' dir='ltr'><strong>Quomodo</strong></span> <span class='ocrx_word' id='word_1_738' title='bbox 3381 4003 3518 4059; x_wconf 89' lang='lat' dir='ltr'><strong>ergo</strong></span> <span class='ocrx_word' id='word_1_739' title='bbox 3539 4031 3556 4053; x_wconf 94' lang='lat'><strong>,</strong></span> <span class='ocrx_word' id='word_1_740' title='bbox 3612 3991 3689 4043; x_wconf 91' lang='lat' dir='ltr'><strong>in-</strong></span> 
     </span>
    </p>
   </div>
   <div class='ocr_carea' id='block_1_87' title="bbox 2117 4074 3685 4146">
    <p class='ocr_par' dir='ltr' id='par_1_87' title="bbox 2117 4074 3685 4146">
     <span class='ocr_line' id='line_1_87' title="bbox 2117 4074 3685 4146; baseline 0.004 -18"><span class='ocrx_word' id='word_1_741' title='bbox 2117 4077 2270 4146; x_wconf 91' lang='lat' dir='ltr'><strong>quit,</strong></span> <span class='ocrx_word' id='word_1_742' title='bbox 2298 4085 2417 4130; x_wconf 90' lang='lat' dir='ltr'><strong>erat</strong></span> <span class='ocrx_word' id='word_1_743' title='bbox 2445 4077 2497 4130; x_wconf 91' lang='lat' dir='ltr'><strong>in</strong></span> <span class='ocrx_word' id='word_1_744' title='bbox 2531 4077 2731 4130; x_wconf 91' lang='lat' dir='ltr'><strong>mundo</strong></span> <span class='ocrx_word' id='word_1_745' title='bbox 2754 4075 2777 4128; x_wconf 76' lang='grc' dir='ltr'><em>ἳ</em></span> <span class='ocrx_word' id='word_1_746' title='bbox 2803 4074 2859 4130; x_wconf 87' lang='grc' dir='ltr'><strong>1η</strong></span> <span class='ocrx_word' id='word_1_747' title='bbox 2897 4077 3096 4131; x_wconf 90' lang='lat' dir='ltr'><strong>mundo</strong></span> <span class='ocrx_word' id='word_1_748' title='bbox 3127 4086 3283 4142; x_wconf 87' lang='lat' dir='ltr'><strong>erat,</strong></span> <span class='ocrx_word' id='word_1_749' title='bbox 3333 4090 3387 4133; x_wconf 91' lang='lat' dir='ltr'><strong>et</strong></span> <span class='ocrx_word' id='word_1_750' title='bbox 3421 4084 3489 4132; x_wconf 89' lang='lat' dir='ltr'><strong>ad</strong></span> <span class='ocrx_word' id='word_1_751' title='bbox 3531 4095 3685 4134; x_wconf 88' lang='lat' dir='ltr'><strong>mun-</strong></span> 
     </span>
    </p>
   </div>
   <div class='ocr_carea' id='block_1_88' title="bbox 2117 4167 3688 4236">
    <p class='ocr_par' dir='ltr' id='par_1_88' title="bbox 2117 4167 3688 4236">
     <span class='ocr_line' id='line_1_88' title="bbox 2117 4167 3688 4236; baseline 0.001 -13"><span class='ocrx_word' id='word_1_752' title='bbox 2117 4171 2244 4223; x_wconf 92' lang='lat' dir='ltr'><strong>dum</strong></span> <span class='ocrx_word' id='word_1_753' title='bbox 2283 4170 2453 4224; x_wconf 89' lang='lat' dir='ltr'><strong>venit.</strong></span> <span class='ocrx_word' id='word_1_754' title='bbox 2485 4167 2949 4236; x_wconf 85' lang='lat' dir='ltr'><strong>Quemadmodum</strong></span> <span class='ocrx_word' id='word_1_755' title='bbox 2978 4177 3158 4224; x_wconf 91' lang='lat' dir='ltr'><strong>autem</strong></span> <span class='ocrx_word' id='word_1_756' title='bbox 3184 4171 3347 4223; x_wconf 89' lang='lat' dir='ltr'><strong>etiam</strong></span> <span class='ocrx_word' id='word_1_757' title='bbox 3380 4172 3514 4224; x_wconf 88' lang='lat' dir='ltr'><strong>illud</strong></span> <span class='ocrx_word' id='word_1_758' title='bbox 3548 4173 3688 4226; x_wconf 86' lang='lat' dir='ltr'><strong>acci-</strong></span> 
     </span>
    </p>
   </div>
   <div class='ocr_carea' id='block_1_89' title="bbox 2113 4259 3684 4330">
    <p class='ocr_par' dir='ltr' id='par_1_89' title="bbox 2113 4259 3684 4330">
     <span class='ocr_line' id='line_1_89' title="bbox 2113 4259 3684 4330; baseline 0.002 -18"><span class='ocrx_word' id='word_1_759' title='bbox 2113 4259 2200 4330; x_wconf 87' lang='lat' dir='ltr'><strong>pis</strong></span> <span class='ocrx_word' id='word_1_760' title='bbox 2237 4259 2442 4315; x_wconf 90' lang='lat' dir='ltr'><strong>dictum</strong></span> <span class='ocrx_word' id='word_1_761' title='bbox 2477 4278 2492 4314; x_wconf 89' lang='lat'><strong>:</strong></span> <span class='ocrx_word' id='word_1_762' title='bbox 2530 4260 2784 4314; x_wconf 77' lang='lat' dir='ltr'><strong>Dominus</strong></span> <span class='ocrx_word' id='word_1_763' title='bbox 2811 4262 3043 4329; x_wconf 79' lang='lat' dir='ltr'><strong>regnavit</strong></span> <span class='ocrx_word' id='word_1_764' title='bbox 3072 4260 3118 4291; x_wconf 82' lang='grc'><strong>⁶⁰</strong></span> <span class='ocrx_word' id='word_1_765' title='bbox 3138 4261 3161 4312; x_wconf 75' lang='grc'><strong>7</strong></span> <span class='ocrx_word' id='word_1_766' title='bbox 3181 4259 3292 4314; x_wconf 84' lang='lat' dir='ltr'><strong>Rex</strong></span> <span class='ocrx_word' id='word_1_767' title='bbox 3323 4262 3469 4315; x_wconf 88' lang='lat' dir='ltr'><strong>enim</strong></span> <span class='ocrx_word' id='word_1_768' title='bbox 3499 4273 3580 4316; x_wconf 92' lang='lat' dir='ltr'><strong>est</strong></span> <span class='ocrx_word' id='word_1_769' title='bbox 3607 4263 3684 4316; x_wconf 84' lang='lat' dir='ltr'><strong>in-</strong></span> 
     </span>
    </p>
   </div>
   <div class='ocr_carea' id='block_1_90' title="bbox 2115 4348 3678 4423">
    <p class='ocr_par' dir='ltr' id='par_1_90' title="bbox 2115 4348 3678 4423">
     <span class='ocr_line' id='line_1_90' title="bbox 2115 4348 3678 4423; baseline -0.002 -15"><span class='ocrx_word' id='word_1_770' title='bbox 2115 4351 2377 4408; x_wconf 83' lang='lat' dir='ltr'><strong>deﬁciens</strong></span> <span class='ocrx_word' id='word_1_771' title='bbox 2407 4369 2421 4406; x_wconf 88' lang='lat'><strong>:</strong></span> <span class='ocrx_word' id='word_1_772' title='bbox 2453 4367 2560 4406; x_wconf 90' lang='lat' dir='ltr'><strong>non</strong></span> <span class='ocrx_word' id='word_1_773' title='bbox 2590 4368 2734 4407; x_wconf 91' lang='lat' dir='ltr'><strong>nunc</strong></span> <span class='ocrx_word' id='word_1_774' title='bbox 2756 4348 2972 4423; x_wconf 88' lang='lat' dir='ltr'><strong>quidem</strong></span> <span class='ocrx_word' id='word_1_775' title='bbox 3013 4368 3106 4406; x_wconf 86' lang='lat' dir='ltr'><strong>rex</strong></span> <span class='ocrx_word' id='word_1_776' title='bbox 3131 4391 3148 4417; x_wconf 94' lang='lat'><strong>,</strong></span> <span class='ocrx_word' id='word_1_777' title='bbox 3188 4352 3480 4421; x_wconf 88' lang='lat' dir='ltr'><strong>aliquando</strong></span> <span class='ocrx_word' id='word_1_778' title='bbox 3507 4363 3678 4406; x_wconf 86' lang='lat' dir='ltr'><strong>autem</strong></span> 
     </span>
    </p>
   </div>
   <div class='ocr_carea' id='block_1_91' title="bbox 430 4431 2016 4526">
    <p class='ocr_par' dir='ltr' id='par_1_91' title="bbox 430 4431 2005 4515">
     <span class='ocr_line' id='line_1_91' title="bbox 430 4431 2005 4515; baseline 0.011 -31"><span class='ocrx_word' id='word_1_779' title='bbox 430 4431 660 4488; x_wconf 80' lang='lat' dir='ltr'><strong>salvavit</strong></span> <span class='ocrx_word' id='word_1_780' title='bbox 694 4453 709 4488; x_wconf 92' lang='lat'><strong>:</strong></span> <span class='ocrx_word' id='word_1_781' title='bbox 744 4451 848 4490; x_wconf 93' lang='lat' dir='ltr'><strong>non</strong></span> <span class='ocrx_word' id='word_1_782' title='bbox 889 4438 1107 4507; x_wconf 91' lang='lat' dir='ltr'><strong>reliquit</strong></span> <span class='ocrx_word' id='word_1_783' title='bbox 1139 4450 1411 4508; x_wconf 88' lang='lat' dir='ltr'><strong>pastorem</strong></span> <span class='ocrx_word' id='word_1_784' title='bbox 1435 4484 1451 4510; x_wconf 92' lang='lat'><strong>,</strong></span> <span class='ocrx_word' id='word_1_785' title='bbox 1500 4453 1554 4499; x_wconf 91' lang='lat' dir='ltr'><strong>et</strong></span> <span class='ocrx_word' id='word_1_786' title='bbox 1583 4447 1793 4515; x_wconf 87' lang='lat' dir='ltr'><strong>accepit</strong></span> <span class='ocrx_word' id='word_1_787' title='bbox 1829 4462 2005 4502; x_wconf 89' lang='lat' dir='ltr'><strong>ovem.</strong></span> 
     </span>
    </p>
   </div>
   <div class='ocr_carea' id='block_1_92' title="bbox 2121 4431 3677 4526">
    <p class='ocr_par' dir='ltr' id='par_1_92' title="bbox 2121 4442 3677 4512">
     <span class='ocr_line' id='line_1_92' title="bbox 2121 4442 3677 4512; baseline 0.001 -16"><span class='ocrx_word' id='word_1_788' title='bbox 2121 4458 2220 4498; x_wconf 89' lang='lat' dir='ltr'><strong>non</strong></span> <span class='ocrx_word' id='word_1_789' title='bbox 2245 4483 2260 4508; x_wconf 94' lang='lat'><strong>,</strong></span> <span class='ocrx_word' id='word_1_790' title='bbox 2295 4458 2392 4498; x_wconf 90' lang='lat' dir='ltr'><strong>nec</strong></span> <span class='ocrx_word' id='word_1_791' title='bbox 2426 4449 2609 4512; x_wconf 89' lang='lat' dir='ltr'><strong>postea</strong></span> <span class='ocrx_word' id='word_1_792' title='bbox 2652 4459 2779 4501; x_wconf 90' lang='lat' dir='ltr'><strong>non.</strong></span> <span class='ocrx_word' id='word_1_793' title='bbox 2808 4442 3271 4508; x_wconf 86' lang='lat' dir='ltr'><strong>Quemadmodum</strong></span> <span class='ocrx_word' id='word_1_794' title='bbox 3319 4458 3452 4508; x_wconf 72' lang='lat' dir='ltr'><strong>ergo</strong></span> <span class='ocrx_word' id='word_1_795' title='bbox 3483 4445 3677 4498; x_wconf 87' lang='lat' dir='ltr'><strong>dictum</strong></span> 
     </span>
    </p>
   </div>
   <div class='ocr_carea' id='block_1_93' title="bbox 427 4519 2009 4604">
    <p class='ocr_par' dir='ltr' id='par_1_93' title="bbox 427 4519 2009 4604">
     <span class='ocr_line' id='line_1_93' title="bbox 427 4519 2009 4604; baseline 0.01 -31"><span class='ocrx_word' id='word_1_796' title='bbox 427 4519 892 4590; x_wconf 85' lang='lat' dir='ltr'><strong>Quemadmodum</strong></span> <span class='ocrx_word' id='word_1_797' title='bbox 925 4527 1068 4581; x_wconf 92' lang='lat' dir='ltr'><strong>enim</strong></span> <span class='ocrx_word' id='word_1_798' title='bbox 1098 4529 1189 4598; x_wconf 92' lang='lat' dir='ltr'><strong>qui</strong></span> <span class='ocrx_word' id='word_1_799' title='bbox 1220 4545 1326 4584; x_wconf 89' lang='lat' dir='ltr'><strong>non</strong></span> <span class='ocrx_word' id='word_1_800' title='bbox 1359 4543 1541 4587; x_wconf 89' lang='lat' dir='ltr'><strong>manet</strong></span> <span class='ocrx_word' id='word_1_801' title='bbox 1568 4535 1711 4603; x_wconf 91' lang='lat' dir='ltr'><strong>quod</strong></span> <span class='ocrx_word' id='word_1_802' title='bbox 1745 4547 1887 4600; x_wconf 88' lang='lat' dir='ltr'><strong>erat,</strong></span> <span class='ocrx_word' id='word_1_803' title='bbox 1921 4551 2009 4604; x_wconf 83' lang='lat' dir='ltr'><strong>po-</strong></span> 
     </span>
    </p>
   </div>
   <div class='ocr_carea' id='block_1_94' title="bbox 429 4617 2012 4694">
    <p class='ocr_par' dir='ltr' id='par_1_94' title="bbox 429 4617 2012 4694">
     <span class='ocr_line' id='line_1_94' title="bbox 429 4617 2012 4694; baseline 0.01 -30"><span class='ocrx_word' id='word_1_804' title='bbox 429 4619 573 4667; x_wconf 87' lang='lat' dir='ltr'><strong>terat</strong></span> <span class='ocrx_word' id='word_1_805' title='bbox 597 4617 843 4684; x_wconf 88' lang='lat' dir='ltr'><strong>accipere</strong></span> <span class='ocrx_word' id='word_1_806' title='bbox 868 4621 1012 4688; x_wconf 89' lang='lat' dir='ltr'><strong>quod</strong></span> <span class='ocrx_word' id='word_1_807' title='bbox 1045 4622 1284 4691; x_wconf 85' lang='lat' dir='ltr'><strong>accepit?</strong></span> <span class='ocrx_word' id='word_1_808' title='bbox 1317 4621 1433 4678; x_wconf 85' lang='lat' dir='ltr'><strong>Non</strong></span> <span class='ocrx_word' id='word_1_809' title='bbox 1464 4633 1582 4678; x_wconf 89' lang='lat' dir='ltr'><strong>erat</strong></span> <span class='ocrx_word' id='word_1_810' title='bbox 1610 4627 1862 4694; x_wconf 90' lang='lat' dir='ltr'><strong>possibile</strong></span> <span class='ocrx_word' id='word_1_811' title='bbox 1898 4629 2012 4682; x_wconf 82' lang='lat' dir='ltr'><strong>sal-</strong></span> 
     </span>
    </p>
   </div>
   <div class='ocr_carea' id='block_1_95' title="bbox 397 4689 2006 4786">
    <p class='ocr_par' dir='ltr' id='par_1_95' title="bbox 397 4689 2006 4786">
     <span class='ocr_line' id='line_1_95' title="bbox 397 4689 2006 4786; baseline 0.01 -28"><span class='ocrx_word' id='word_1_812' title='bbox 397 4689 400 4694; x_wconf 59' lang='grc'><em>’</em></span> <span class='ocrx_word' id='word_1_813' title='bbox 425 4717 556 4759; x_wconf 85' lang='lat' dir='ltr'><strong>vare</strong></span> <span class='ocrx_word' id='word_1_814' title='bbox 583 4706 828 4762; x_wconf 91' lang='lat' dir='ltr'><strong>homines</strong></span> <span class='ocrx_word' id='word_1_815' title='bbox 846 4709 1116 4780; x_wconf 89' lang='lat' dir='ltr'><strong>homines,</strong></span> <span class='ocrx_word' id='word_1_816' title='bbox 1150 4715 1275 4783; x_wconf 74' lang='lat' dir='ltr'><strong>Quia</strong></span> <span class='ocrx_word' id='word_1_817' title='bbox 1308 4716 1554 4771; x_wconf 90' lang='lat' dir='ltr'><strong>homines</strong></span> <span class='ocrx_word' id='word_1_818' title='bbox 1583 4718 1922 4786; x_wconf 89' lang='lat' dir='ltr'><strong>subjacemus</strong></span> <span class='ocrx_word' id='word_1_819' title='bbox 1950 4729 2006 4774; x_wconf 90' lang='lat' dir='ltr'><strong>et</strong></span> 
     </span>
    </p>
   </div>
   <div class='ocr_carea' id='block_1_96' title="bbox 425 4797 2005 4878">
    <p class='ocr_par' dir='ltr' id='par_1_96' title="bbox 425 4797 2005 4878">
     <span class='ocr_line' id='line_1_96' title="bbox 425 4797 2005 4878; baseline 0.01 -30"><span class='ocrx_word' id='word_1_820' title='bbox 425 4797 659 4865; x_wconf 87' lang='lat' dir='ltr'><strong>propriis</strong></span> <span class='ocrx_word' id='word_1_821' title='bbox 703 4803 940 4869; x_wconf 89' lang='lat' dir='ltr'><strong>peccatis</strong></span> <span class='ocrx_word' id='word_1_822' title='bbox 986 4813 1042 4858; x_wconf 89' lang='lat' dir='ltr'><strong>et</strong></span> <span class='ocrx_word' id='word_1_823' title='bbox 1091 4804 1243 4862; x_wconf 87' lang='lat' dir='ltr'><strong>clade</strong></span> <span class='ocrx_word' id='word_1_824' title='bbox 1269 4807 1422 4878; x_wconf 79' lang='lat'><strong>(75):</strong></span> <span class='ocrx_word' id='word_1_825' title='bbox 1460 4809 1679 4863; x_wconf 86' lang='lat' dir='ltr'><strong>tenebat</strong></span> <span class='ocrx_word' id='word_1_826' title='bbox 1714 4824 1847 4865; x_wconf 87' lang='lat' dir='ltr'><strong>sane</strong></span> <span class='ocrx_word' id='word_1_827' title='bbox 1889 4825 2005 4864; x_wconf 86' lang='lat' dir='ltr'><strong>ma-</strong></span> 
     </span>
    </p>
   </div>
   <div class='ocr_carea' id='block_1_97' title="bbox 425 4883 2003 4968">
    <p class='ocr_par' dir='ltr' id='par_1_97' title="bbox 425 4883 2003 4968">
     <span class='ocr_line' id='line_1_97' title="bbox 425 4883 2003 4968; baseline 0.01 -31"><span class='ocrx_word' id='word_1_828' title='bbox 425 4883 680 4941; x_wconf 86' lang='lat' dir='ltr'><strong>ledictum</strong></span> <span class='ocrx_word' id='word_1_829' title='bbox 715 4905 862 4947; x_wconf 90' lang='lat' dir='ltr'><strong>mors</strong></span> <span class='ocrx_word' id='word_1_830' title='bbox 892 4902 948 4946; x_wconf 88' lang='lat' dir='ltr'><strong>et</strong></span> <span class='ocrx_word' id='word_1_831' title='bbox 969 4894 1298 4963; x_wconf 88' lang='lat' dir='ltr'><strong>corruptela,</strong></span> <span class='ocrx_word' id='word_1_832' title='bbox 1334 4905 1390 4950; x_wconf 92' lang='lat' dir='ltr'><strong>et</strong></span> <span class='ocrx_word' id='word_1_833' title='bbox 1416 4905 1475 4951; x_wconf 92' lang='lat' dir='ltr'><strong>ut</strong></span> <span class='ocrx_word' id='word_1_834' title='bbox 1512 4906 1776 4968; x_wconf 85' lang='lat' dir='ltr'><strong>tyrannus</strong></span> <span class='ocrx_word' id='word_1_835' title='bbox 1809 4913 2003 4968; x_wconf 88' lang='lat' dir='ltr'><strong>regna-</strong></span> 
     </span>
    </p>
   </div>
   <div class='ocr_carea' id='block_1_98' title="bbox 422 4979 2003 5047">
    <p class='ocr_par' dir='ltr' id='par_1_98' title="bbox 422 4979 2003 5047">
     <span class='ocr_line' id='line_1_98' title="bbox 422 4979 2003 5047; baseline 0.009 -15"><span class='ocrx_word' id='word_1_836' title='bbox 422 4979 517 5033; x_wconf 85' lang='lat' dir='ltr'><strong>bat</strong></span> <span class='ocrx_word' id='word_1_837' title='bbox 540 4981 786 5038; x_wconf 88' lang='lat' dir='ltr'><strong>diabolus</strong></span> <span class='ocrx_word' id='word_1_838' title='bbox 817 4993 869 5039; x_wconf 91' lang='lat' dir='ltr'><strong>et</strong></span> <span class='ocrx_word' id='word_1_839' title='bbox 895 4986 1303 5043; x_wconf 90' lang='lat' dir='ltr'><strong>bacchabantur</strong></span> <span class='ocrx_word' id='word_1_840' title='bbox 1335 4991 1628 5046; x_wconf 66' lang='lat' dir='ltr'><strong>daemones.</strong></span> <span class='ocrx_word' id='word_1_841' title='bbox 1657 4991 2003 5047; x_wconf 88' lang='lat' dir='ltr'><strong>Consuetudo</strong></span> 
     </span>
    </p>
   </div>
   <div class='ocr_carea' id='block_1_99' title="bbox 423 5077 2004 5154">
    <p class='ocr_par' dir='ltr' id='par_1_99' title="bbox 423 5077 2004 5154">
     <span class='ocr_line' id='line_1_99' title="bbox 423 5077 2004 5154; baseline 0.006 -27"><span class='ocrx_word' id='word_1_842' title='bbox 423 5080 602 5127; x_wconf 80' lang='lat' dir='ltr'><strong>autem</strong></span> <span class='ocrx_word' id='word_1_843' title='bbox 636 5077 806 5145; x_wconf 90' lang='lat' dir='ltr'><strong>magis</strong></span> <span class='ocrx_word' id='word_1_844' title='bbox 837 5088 1022 5132; x_wconf 88' lang='lat' dir='ltr'><strong>nostra</strong></span> <span class='ocrx_word' id='word_1_845' title='bbox 1062 5080 1274 5134; x_wconf 89' lang='lat' dir='ltr'><strong>vincula</strong></span> <span class='ocrx_word' id='word_1_846' title='bbox 1309 5084 1736 5154; x_wconf 88' lang='lat' dir='ltr'><strong>constringebat.</strong></span> <span class='ocrx_word' id='word_1_847' title='bbox 1765 5083 2004 5138; x_wconf 83' lang='lat' dir='ltr'><strong>Baccha—</strong></span> 
     </span>
    </p>
   </div>
   <div class='ocr_carea' id='block_1_100' title="bbox 422 5164 2010 5250">
    <p class='ocr_par' dir='ltr' id='par_1_100' title="bbox 422 5164 2010 5250">
     <span class='ocr_line' id='line_1_100' title="bbox 422 5164 2010 5250; baseline 0.009 -30"><span class='ocrx_word' id='word_1_848' title='bbox 422 5164 585 5220; x_wconf 85' lang='lat' dir='ltr'><strong>batur</strong></span> <span class='ocrx_word' id='word_1_849' title='bbox 605 5168 748 5221; x_wconf 91' lang='lat' dir='ltr'><strong>enim</strong></span> <span class='ocrx_word' id='word_1_850' title='bbox 776 5171 828 5223; x_wconf 90' lang='lat' dir='ltr'><strong>in</strong></span> <span class='ocrx_word' id='word_1_851' title='bbox 857 5172 1014 5228; x_wconf 80' lang='lat' dir='ltr'><strong>nobis</strong></span> <span class='ocrx_word' id='word_1_852' title='bbox 1035 5182 1090 5228; x_wconf 91' lang='lat' dir='ltr'><strong>et</strong></span> <span class='ocrx_word' id='word_1_853' title='bbox 1109 5173 1276 5231; x_wconf 90' lang='lat' dir='ltr'><strong>libido</strong></span> <span class='ocrx_word' id='word_1_854' title='bbox 1297 5188 1352 5232; x_wconf 89' lang='lat' dir='ltr'><strong>et</strong></span> <span class='ocrx_word' id='word_1_855' title='bbox 1379 5180 1593 5234; x_wconf 89' lang='lat' dir='ltr'><strong>tenebat</strong></span> <span class='ocrx_word' id='word_1_856' title='bbox 1616 5180 2010 5250; x_wconf 84' lang='lat' dir='ltr'><strong>concupiscen-</strong></span> 
     </span>
    </p>
   </div>
   <div class='ocr_carea' id='block_1_101' title="bbox 2112 4530 3675 4602">
    <p class='ocr_par' dir='ltr' id='par_1_101' title="bbox 2112 4530 3675 4602">
     <span class='ocr_line' id='line_1_101' title="bbox 2112 4530 3675 4602; baseline -0.001 -16"><span class='ocrx_word' id='word_1_857' title='bbox 2112 4541 2234 4597; x_wconf 90' lang='lat' dir='ltr'><strong>est,</strong></span> <span class='ocrx_word' id='word_1_858' title='bbox 2259 4531 2513 4586; x_wconf 82' lang='lat' dir='ltr'><strong>Dominus</strong></span> <span class='ocrx_word' id='word_1_859' title='bbox 2537 4534 2805 4602; x_wconf 84' lang='lat' dir='ltr'><strong>regnavit,</strong></span> <span class='ocrx_word' id='word_1_860' title='bbox 2838 4540 2997 4600; x_wconf 89' lang='lat' dir='ltr'><strong>prout</strong></span> <span class='ocrx_word' id='word_1_861' title='bbox 3022 4531 3225 4586; x_wconf 89' lang='lat' dir='ltr'><strong>diceret</strong></span> <span class='ocrx_word' id='word_1_862' title='bbox 3249 4569 3265 4595; x_wconf 90' lang='lat'><strong>,</strong></span> <span class='ocrx_word' id='word_1_863' title='bbox 3306 4530 3568 4586; x_wconf 84' lang='lat' dir='ltr'><strong>Homines</strong></span> <span class='ocrx_word' id='word_1_864' title='bbox 3596 4545 3675 4584; x_wconf 84' lang='lat' dir='ltr'><strong>re-</strong></span> 
     </span>
    </p>
   </div>
   <div class='ocr_carea' id='block_1_102' title="bbox 2111 4621 3675 4694">
    <p class='ocr_par' dir='ltr' id='par_1_102' title="bbox 2111 4621 3675 4694">
     <span class='ocr_line' id='line_1_102' title="bbox 2111 4621 3675 4694; baseline -0.003 -17"><span class='ocrx_word' id='word_1_865' title='bbox 2111 4623 2259 4694; x_wconf 85' lang='lat' dir='ltr'><strong>gnati</strong></span> <span class='ocrx_word' id='word_1_866' title='bbox 2298 4632 2463 4688; x_wconf 89' lang='lat' dir='ltr'><strong>sunt,</strong></span> <span class='ocrx_word' id='word_1_867' title='bbox 2503 4633 2596 4677; x_wconf 90' lang='lat' dir='ltr'><strong>aut</strong></span> <span class='ocrx_word' id='word_1_868' title='bbox 2627 4631 3010 4692; x_wconf 88' lang='lat' dir='ltr'><strong>regnaverunt.</strong></span> <span class='ocrx_word' id='word_1_869' title='bbox 3039 4621 3154 4677; x_wconf 89' lang='lat' dir='ltr'><strong>Non</strong></span> <span class='ocrx_word' id='word_1_870' title='bbox 3180 4623 3324 4678; x_wconf 89' lang='lat' dir='ltr'><strong>enim</strong></span> <span class='ocrx_word' id='word_1_871' title='bbox 3366 4623 3454 4676; x_wconf 85' lang='lat' dir='ltr'><strong>ille</strong></span> <span class='ocrx_word' id='word_1_872' title='bbox 3475 4621 3675 4691; x_wconf 81' lang='lat' dir='ltr'><strong>accepit</strong></span> 
     </span>
    </p>
   </div>
   <div class='ocr_carea' id='block_1_103' title="bbox 2108 4711 3672 4784">
    <p class='ocr_par' dir='ltr' id='par_1_103' title="bbox 2108 4711 3672 4784">
     <span class='ocr_line' id='line_1_103' title="bbox 2108 4711 3672 4784; baseline -0.003 -15"><span class='ocrx_word' id='word_1_873' title='bbox 2108 4713 2248 4784; x_wconf 89' lang='lat' dir='ltr'><strong>quod</strong></span> <span class='ocrx_word' id='word_1_874' title='bbox 2273 4730 2377 4769; x_wconf 90' lang='lat' dir='ltr'><strong>non</strong></span> <span class='ocrx_word' id='word_1_875' title='bbox 2405 4715 2640 4769; x_wconf 88' lang='lat' dir='ltr'><strong>habebat</strong></span> <span class='ocrx_word' id='word_1_876' title='bbox 2666 4731 2682 4770; x_wconf 92' lang='lat'><strong>:</strong></span> <span class='ocrx_word' id='word_1_877' title='bbox 2713 4715 2805 4770; x_wconf 84' lang='lat' dir='ltr'><strong>sed</strong></span> <span class='ocrx_word' id='word_1_878' title='bbox 2835 4728 2938 4768; x_wconf 91' lang='lat' dir='ltr'><strong>nos</strong></span> <span class='ocrx_word' id='word_1_879' title='bbox 2969 4714 3114 4784; x_wconf 86' lang='lat' dir='ltr'><strong>digni</strong></span> <span class='ocrx_word' id='word_1_880' title='bbox 3142 4714 3336 4768; x_wconf 89' lang='lat' dir='ltr'><strong>iterum</strong></span> <span class='ocrx_word' id='word_1_881' title='bbox 3368 4711 3672 4780; x_wconf 74' lang='lat' dir='ltr'><strong>iudicamur</strong></span> 
     </span>
    </p>
   </div>
   <div class='ocr_carea' id='block_1_104' title="bbox 2106 4804 3672 4877">
    <p class='ocr_par' dir='ltr' id='par_1_104' title="bbox 2106 4804 3672 4877">
     <span class='ocr_line' id='line_1_104' title="bbox 2106 4804 3672 4877; baseline -0.001 -15"><span class='ocrx_word' id='word_1_882' title='bbox 2106 4821 2172 4862; x_wconf 88' lang='lat' dir='ltr'><strong>eo</strong></span> <span class='ocrx_word' id='word_1_883' title='bbox 2198 4822 2228 4860; x_wconf 90' lang='lat' dir='ltr'><strong>a</strong></span> <span class='ocrx_word' id='word_1_884' title='bbox 2267 4822 2374 4877; x_wconf 89' lang='lat' dir='ltr'><strong>quo</strong></span> <span class='ocrx_word' id='word_1_885' title='bbox 2401 4807 2726 4861; x_wconf 82' lang='lat' dir='ltr'><strong>excidimus.</strong></span> <span class='ocrx_word' id='word_1_886' title='bbox 2766 4804 2875 4862; x_wconf 89' lang='lat' dir='ltr'><strong>Nos</strong></span> <span class='ocrx_word' id='word_1_887' title='bbox 2899 4806 3082 4875; x_wconf 88' lang='lat' dir='ltr'><strong>itaque</strong></span> <span class='ocrx_word' id='word_1_888' title='bbox 3126 4820 3455 4876; x_wconf 85' lang='lat' dir='ltr'><strong>regnamur,</strong></span> <span class='ocrx_word' id='word_1_889' title='bbox 3487 4814 3542 4861; x_wconf 90' lang='lat' dir='ltr'><strong>et</strong></span> <span class='ocrx_word' id='word_1_890' title='bbox 3577 4806 3672 4860; x_wconf 65' lang='lat' dir='ltr'><strong>inte</strong></span> 
     </span>
    </p>
   </div>
   <div class='ocr_carea' id='block_1_105' title="bbox 2103 4897 3670 4967">
    <p class='ocr_par' dir='ltr' id='par_1_105' title="bbox 2103 4897 3670 4967">
     <span class='ocr_line' id='line_1_105' title="bbox 2103 4897 3670 4967; baseline -0.003 -14"><span class='ocrx_word' id='word_1_891' title='bbox 2103 4909 2318 4967; x_wconf 89' lang='lat' dir='ltr'><strong>regnat.</strong></span> <span class='ocrx_word' id='word_1_892' title='bbox 2374 4897 2490 4953; x_wconf 92' lang='lat' dir='ltr'><strong>Non</strong></span> <span class='ocrx_word' id='word_1_893' title='bbox 2545 4913 2687 4952; x_wconf 89' lang='lat' dir='ltr'><strong>nunc</strong></span> <span class='ocrx_word' id='word_1_894' title='bbox 2738 4912 3023 4952; x_wconf 88' lang='lat' dir='ltr'><strong>assumens</strong></span> <span class='ocrx_word' id='word_1_895' title='bbox 3081 4898 3415 4966; x_wconf 90' lang='lat' dir='ltr'><strong>imperium:</strong></span> <span class='ocrx_word' id='word_1_896' title='bbox 3447 4898 3540 4952; x_wconf 91' lang='lat' dir='ltr'><strong>sed</strong></span> <span class='ocrx_word' id='word_1_897' title='bbox 3579 4910 3670 4950; x_wconf 83' lang='lat' dir='ltr'><strong>nos</strong></span> 
     </span>
    </p>
   </div>
   <div class='ocr_carea' id='block_1_106' title="bbox 2105 4988 3666 5062">
    <p class='ocr_par' dir='ltr' id='par_1_106' title="bbox 2105 4988 3666 5062">
     <span class='ocr_line' id='line_1_106' title="bbox 2105 4988 3666 5062; baseline -0.001 -18"><span class='ocrx_word' id='word_1_898' title='bbox 2105 4990 2402 5046; x_wconf 89' lang='lat' dir='ltr'><strong>liberamur</strong></span> <span class='ocrx_word' id='word_1_899' title='bbox 2431 5006 2462 5045; x_wconf 91' lang='lat' dir='ltr'><strong>a</strong></span> <span class='ocrx_word' id='word_1_900' title='bbox 2499 4990 2802 5062; x_wconf 88' lang='lat' dir='ltr'><strong>tyrannide.</strong></span> <span class='ocrx_word' id='word_1_901' title='bbox 2837 4988 2905 5042; x_wconf 86' lang='lat' dir='ltr'><strong>In</strong></span> <span class='ocrx_word' id='word_1_902' title='bbox 2929 4991 3126 5043; x_wconf 85' lang='lat' dir='ltr'><strong>mundo</strong></span> <span class='ocrx_word' id='word_1_903' title='bbox 3147 5030 3162 5056; x_wconf 93' lang='lat'><strong>,</strong></span> <span class='ocrx_word' id='word_1_904' title='bbox 3199 4991 3415 5058; x_wconf 91' lang='lat' dir='ltr'><strong>inquit,</strong></span> <span class='ocrx_word' id='word_1_905' title='bbox 3455 5000 3588 5046; x_wconf 84' lang='lat' dir='ltr'><strong>erat.</strong></span> <span class='ocrx_word' id='word_1_906' title='bbox 3612 4988 3666 5042; x_wconf 91' lang='lat' dir='ltr'><strong>Si</strong></span> 
     </span>
    </p>
   </div>
   <div class='ocr_carea' id='block_1_107' title="bbox 2105 5081 3669 5152">
    <p class='ocr_par' dir='ltr' id='par_1_107' title="bbox 2105 5081 3669 5152">
     <span class='ocr_line' id='line_1_107' title="bbox 2105 5081 3669 5152; baseline -0.003 -16"><span class='ocrx_word' id='word_1_907' title='bbox 2105 5082 2160 5137; x_wconf 85' lang='lat' dir='ltr'><strong>in</strong></span> <span class='ocrx_word' id='word_1_908' title='bbox 2197 5083 2398 5137; x_wconf 90' lang='lat' dir='ltr'><strong>mundo</strong></span> <span class='ocrx_word' id='word_1_909' title='bbox 2417 5093 2533 5136; x_wconf 90' lang='lat' dir='ltr'><strong>erat</strong></span> <span class='ocrx_word' id='word_1_910' title='bbox 2555 5123 2571 5147; x_wconf 91' lang='lat'><strong>,</strong></span> <span class='ocrx_word' id='word_1_911' title='bbox 2603 5081 2880 5152; x_wconf 89' lang='lat' dir='ltr'><strong>quomodo</strong></span> <span class='ocrx_word' id='word_1_912' title='bbox 2919 5081 3065 5134; x_wconf 88' lang='lat' dir='ltr'><strong>venit</strong></span> <span class='ocrx_word' id='word_1_913' title='bbox 3091 5081 3140 5134; x_wconf 91' lang='lat' dir='ltr'><strong>in</strong></span> <span class='ocrx_word' id='word_1_914' title='bbox 3169 5082 3410 5136; x_wconf 79' lang='lat' dir='ltr'><strong>mundo?</strong></span> <span class='ocrx_word' id='word_1_915' title='bbox 3438 5083 3669 5150; x_wconf 72' lang='lat' dir='ltr'><strong>Apparet</strong></span> 
     </span>
    </p>
   </div>
   <div class='ocr_carea' id='block_1_108' title="bbox 2107 5174 3665 5245">
    <p class='ocr_par' dir='ltr' id='par_1_108' title="bbox 2107 5174 3665 5245">
     <span class='ocr_line' id='line_1_108' title="bbox 2107 5174 3665 5245; baseline -0.002 -14"><span class='ocrx_word' id='word_1_916' title='bbox 2107 5177 2162 5231; x_wconf 88' lang='lat' dir='ltr'><strong>in</strong></span> <span class='ocrx_word' id='word_1_917' title='bbox 2194 5178 2416 5233; x_wconf 89' lang='lat' dir='ltr'><strong>mundo.</strong></span> <span class='ocrx_word' id='word_1_918' title='bbox 2449 5175 2590 5243; x_wconf 90' lang='lat' dir='ltr'><strong>Quid</strong></span> <span class='ocrx_word' id='word_1_919' title='bbox 2638 5190 2768 5245; x_wconf 83' lang='lat' dir='ltr'><strong>ergo</strong></span> <span class='ocrx_word' id='word_1_920' title='bbox 2811 5190 2920 5231; x_wconf 90' lang='lat' dir='ltr'><strong>non</strong></span> <span class='ocrx_word' id='word_1_921' title='bbox 2967 5174 3118 5230; x_wconf 88' lang='lat' dir='ltr'><strong>vadit</strong></span> <span class='ocrx_word' id='word_1_922' title='bbox 3163 5190 3228 5231; x_wconf 89' lang='lat' dir='ltr'><strong>ex</strong></span> <span class='ocrx_word' id='word_1_923' title='bbox 3269 5174 3665 5231; x_wconf 82' lang='lat' dir='ltr'><strong>mundo?Dicit</strong></span> 
     </span>
    </p>
   </div>
   <div class='ocr_carea' id='block_1_109' title="bbox 530 5345 2016 5427">
    <p class='ocr_par' dir='ltr' id='par_1_109' title="bbox 530 5345 2016 5427">
     <span class='ocr_line' id='line_1_109' title="bbox 530 5345 2016 5427; baseline 0.006 -23"><span class='ocrx_word' id='word_1_924' title='bbox 530 5345 577 5379; x_wconf 83' lang='grc'><strong>⁸⁷</strong></span> <span class='ocrx_word' id='word_1_925' title='bbox 601 5347 760 5405; x_wconf 86' lang='lat' dir='ltr'><strong>Joan.</strong></span> <span class='ocrx_word' id='word_1_926' title='bbox 795 5367 834 5417; x_wconf 85' lang='grc' dir='ltr'><strong>ι,</strong></span> <span class='ocrx_word' id='word_1_927' title='bbox 864 5352 918 5409; x_wconf 91' lang='grc'><strong>8.</strong></span> <span class='ocrx_word' id='word_1_928' title='bbox 992 5352 1041 5387; x_wconf 77' lang='grc'><strong>⁸⁸</strong></span> <span class='ocrx_word' id='word_1_929' title='bbox 1068 5354 1202 5411; x_wconf 90' lang='lat' dir='ltr'><strong>ibid.</strong></span> <span class='ocrx_word' id='word_1_930' title='bbox 1277 5359 1324 5390; x_wconf 72' lang='grc'><strong>⁸³</strong></span> <span class='ocrx_word' id='word_1_931' title='bbox 1363 5357 1541 5413; x_wconf 64' lang='grc' dir='ltr'><strong>10³ηὲ</strong></span> <span class='ocrx_word' id='word_1_932' title='bbox 1573 5374 1721 5427; x_wconf 87' lang='lat' dir='ltr'><strong>xvn,</strong></span> <span class='ocrx_word' id='word_1_933' title='bbox 1775 5362 1827 5415; x_wconf 78' lang='grc'><strong>1.</strong></span> <span class='ocrx_word' id='word_1_934' title='bbox 1905 5361 1947 5392; x_wconf 85' lang='grc'><strong>⁶⁰</strong></span> <span class='ocrx_word' id='word_1_935' title='bbox 1981 5358 2016 5413; x_wconf 83' lang='grc' dir='ltr'>Ρ</span> 
     </span>
    </p>
   </div>
   <div class='ocr_carea' id='block_1_110' title="bbox 2121 5345 2776 5427">
    <p class='ocr_par' dir='ltr' id='par_1_110' title="bbox 2121 5371 2776 5427">
     <span class='ocr_line' id='line_1_110' title="bbox 2121 5371 2776 5427; baseline -0.005 -14"><span class='ocrx_word' id='word_1_936' title='bbox 2121 5398 2128 5413; x_wconf 84' lang='lat'><strong>.</strong></span> <span class='ocrx_word' id='word_1_937' title='bbox 2176 5373 2321 5426; x_wconf 84' lang='lat' dir='ltr'><strong>xcu,</strong></span> <span class='ocrx_word' id='word_1_938' title='bbox 2380 5371 2541 5427; x_wconf 63' lang='grc' dir='ltr'><strong>πονε,</strong></span> <span class='ocrx_word' id='word_1_939' title='bbox 2590 5372 2776 5412; x_wconf 83' lang='lat' dir='ltr'><strong>xcvm.</strong></span> 
     </span>
    </p>
   </div>
   <div class='ocr_carea' id='block_1_111' title="bbox 494 5499 1202 5570">
    <p class='ocr_par' dir='ltr' id='par_1_111' title="bbox 494 5499 1202 5570">
     <span class='ocr_line' id='line_1_111' title="bbox 494 5499 1202 5570; baseline 0.021 -19"><span class='ocrx_word' id='word_1_940' title='bbox 494 5499 608 5570; x_wconf 78' lang='lat'><strong>(75)</strong></span> <span class='ocrx_word' id='word_1_941' title='bbox 643 5503 823 5559; x_wconf 67' lang='lat' dir='ltr'><strong>Clade.</strong></span> <span class='ocrx_word' id='word_1_942' title='bbox 850 5506 1011 5562; x_wconf 88' lang='lat' dir='ltr'><strong>Forte</strong></span> <span class='ocrx_word' id='word_1_943' title='bbox 1043 5507 1202 5566; x_wconf 78' lang='lat' dir='ltr'><strong>cladi.</strong></span> 
     </span>
    </p>
   </div>
   <div class='ocr_carea' id='block_1_112' title="bbox 501 5571 1993 5640">
    <p class='ocr_par' dir='ltr' id='par_1_112' title="bbox 501 5571 1993 5640">
     <span class='ocr_line' id='line_1_112' title="bbox 501 5571 1993 5640; baseline 0.012 -17"><span class='ocrx_word' id='word_1_944' title='bbox 501 5571 616 5639; x_wconf 72' lang='lat'><strong>(74)</strong></span> <span class='ocrx_word' id='word_1_945' title='bbox 640 5571 936 5630; x_wconf 81' lang='lat' dir='ltr'><strong>Venientem</strong></span> <span class='ocrx_word' id='word_1_946' title='bbox 967 5580 1021 5630; x_wconf 87' lang='lat' dir='ltr'><strong>in</strong></span> <span class='ocrx_word' id='word_1_947' title='bbox 1051 5581 1212 5636; x_wconf 82' lang='lat' dir='ltr'><strong>hunc.</strong></span> <span class='ocrx_word' id='word_1_948' title='bbox 1245 5579 1572 5636; x_wconf 79' lang='lat' dir='ltr'><strong>Vertendum</strong></span> <span class='ocrx_word' id='word_1_949' title='bbox 1604 5585 1698 5636; x_wconf 86' lang='lat' dir='ltr'><strong>l&#39;uil</strong></span> <span class='ocrx_word' id='word_1_950' title='bbox 1733 5600 1795 5638; x_wconf 82' lang='lat' dir='ltr'><strong>ex</strong></span> <span class='ocrx_word' id='word_1_951' title='bbox 1829 5584 1993 5640; x_wconf 84' lang='lat' dir='ltr'><strong>Euse-</strong></span> 
     </span>
    </p>
   </div>
   <div class='ocr_carea' id='block_1_113' title="bbox 431 5639 1990 5725">
    <p class='ocr_par' dir='ltr' id='par_1_113' title="bbox 431 5639 1990 5725">
     <span class='ocr_line' id='line_1_113' title="bbox 431 5639 1990 5725; baseline 0.009 -32"><span class='ocrx_word' id='word_1_952' title='bbox 431 5639 504 5725; x_wconf 64' lang='lat' dir='ltr'><strong>bii</strong></span> <span class='ocrx_word' id='word_1_953' title='bbox 531 5645 746 5708; x_wconf 88' lang='lat' dir='ltr'><strong>quidem</strong></span> <span class='ocrx_word' id='word_1_954' title='bbox 783 5658 963 5725; x_wconf 72' lang='lat' dir='ltr'><strong>mente</strong></span> <span class='ocrx_word' id='word_1_955' title='bbox 1003 5651 1211 5725; x_wconf 67' lang='lat' dir='ltr'><strong>veniens</strong></span> <span class='ocrx_word' id='word_1_956' title='bbox 1241 5667 1273 5725; x_wconf 70' lang='grc' dir='ltr'><strong>Δε</strong></span> <span class='ocrx_word' id='word_1_957' title='bbox 1323 5669 1446 5706; x_wconf 87' lang='lat' dir='ltr'><strong>nam</strong></span> <span class='ocrx_word' id='word_1_958' title='bbox 1488 5655 1781 5725; x_wconf 78' lang='grc' dir='ltr'><strong>ἐρχόμενον</strong></span> <span class='ocrx_word' id='word_1_959' title='bbox 1807 5639 1990 5710; x_wconf 84' lang='lat' dir='ltr'><strong>retulit</strong></span> 
     </span>
    </p>
   </div>
   <div class='ocr_carea' id='block_1_114' title="bbox 434 5709 1990 5794">
    <p class='ocr_par' dir='ltr' id='par_1_114' title="bbox 434 5709 1990 5794">
     <span class='ocr_line' id='line_1_114' title="bbox 434 5709 1990 5794; baseline 0.015 -35"><span class='ocrx_word' id='word_1_960' title='bbox 434 5709 501 5764; x_wconf 84' lang='lat' dir='ltr'><strong>ad</strong></span> <span class='ocrx_word' id='word_1_961' title='bbox 535 5726 719 5765; x_wconf 80' lang='lat' dir='ltr'><strong>vet-cm</strong></span> <span class='ocrx_word' id='word_1_962' title='bbox 759 5715 894 5782; x_wconf 81' lang='grc' dir='ltr'><strong>φῶς,</strong></span> <span class='ocrx_word' id='word_1_963' title='bbox 931 5734 1036 5774; x_wconf 90' lang='lat' dir='ltr'><strong>non</strong></span> <span class='ocrx_word' id='word_1_964' title='bbox 1069 5722 1132 5773; x_wconf 87' lang='lat' dir='ltr'><strong>ad</strong></span> <span class='ocrx_word' id='word_1_965' title='bbox 1167 5720 1452 5793; x_wconf 79' lang='grc' dir='ltr'><strong>ἄνθρωπον</strong></span> <span class='ocrx_word' id='word_1_966' title='bbox 1487 5709 1689 5794; x_wconf 65' lang='grc' dir='ltr'><strong>εἰἶιιὸι]</strong></span> <span class='ocrx_word' id='word_1_967' title='bbox 1729 5709 1860 5780; x_wconf 82' lang='lat' dir='ltr'><strong>satis</strong></span> <span class='ocrx_word' id='word_1_968' title='bbox 1901 5744 1990 5781; x_wconf 80' lang='lat' dir='ltr'><strong>os-</strong></span> 
     </span>
    </p>
   </div>
   <div class='ocr_carea' id='block_1_115' title="bbox 2101 5512 3654 5594">
    <p class='ocr_par' dir='ltr' id='par_1_115' title="bbox 2101 5512 3654 5594">
     <span class='ocr_line' id='line_1_115' title="bbox 2101 5512 3654 5594; baseline -0.003 -26"><span class='ocrx_word' id='word_1_969' title='bbox 2101 5515 2273 5569; x_wconf 90' lang='lat' dir='ltr'><strong>tendit</strong></span> <span class='ocrx_word' id='word_1_970' title='bbox 2301 5524 2410 5568; x_wconf 90' lang='lat' dir='ltr'><strong>tum</strong></span> <span class='ocrx_word' id='word_1_971' title='bbox 2442 5513 2719 5594; x_wconf 74' lang='lat' dir='ltr'><strong>enarratio</strong></span> <span class='ocrx_word' id='word_1_972' title='bbox 2741 5528 2860 5594; x_wconf 52' lang='lat' dir='ltr'><strong>qua?</strong></span> <span class='ocrx_word' id='word_1_973' title='bbox 2877 5512 3140 5594; x_wconf 81' lang='lat' dir='ltr'><strong>sequitur,</strong></span> <span class='ocrx_word' id='word_1_974' title='bbox 3171 5521 3278 5567; x_wconf 91' lang='lat' dir='ltr'><strong>tum</strong></span> <span class='ocrx_word' id='word_1_975' title='bbox 3310 5513 3448 5568; x_wconf 90' lang='lat' dir='ltr'><strong>alius</strong></span> <span class='ocrx_word' id='word_1_976' title='bbox 3481 5523 3654 5594; x_wconf 78' lang='lat' dir='ltr'><strong>postea</strong></span> 
     </span>
    </p>
   </div>
   <div class='ocr_carea' id='block_1_116' title="bbox 2099 5583 3654 5652">
    <p class='ocr_par' dir='ltr' id='par_1_116' title="bbox 2099 5583 3654 5652">
     <span class='ocr_line' id='line_1_116' title="bbox 2099 5583 3654 5652; baseline -0.004 -14"><span class='ocrx_word' id='word_1_977' title='bbox 2099 5585 2250 5638; x_wconf 83' lang='lat' dir='ltr'><strong>locus</strong></span> <span class='ocrx_word' id='word_1_978' title='bbox 2288 5587 2423 5638; x_wconf 84' lang='lat' dir='ltr'><strong>inl&#39;ra</strong></span> <span class='ocrx_word' id='word_1_979' title='bbox 2455 5587 2543 5638; x_wconf 91' lang='lat' dir='ltr'><strong>uhi</strong></span> <span class='ocrx_word' id='word_1_980' title='bbox 2579 5586 2773 5652; x_wconf 79' lang='lat' dir='ltr'><strong>legitur</strong></span> <span class='ocrx_word' id='word_1_981' title='bbox 2800 5583 2926 5637; x_wconf 76' lang='lat' dir='ltr'><strong>Erat</strong></span> <span class='ocrx_word' id='word_1_982' title='bbox 2955 5586 3127 5637; x_wconf 82' lang='lat' dir='ltr'><strong>lumen</strong></span> <span class='ocrx_word' id='word_1_983' title='bbox 3157 5601 3333 5638; x_wconf 73' lang='lat' dir='ltr'><strong>verum</strong></span> <span class='ocrx_word' id='word_1_984' title='bbox 3376 5585 3582 5638; x_wconf 69' lang='lat' dir='ltr'><strong>veniens</strong></span> <span class='ocrx_word' id='word_1_985' title='bbox 3608 5586 3654 5633; x_wconf 78' lang='lat' dir='ltr'><strong>in</strong></span> 
     </span>
    </p>
   </div>
   <div class='ocr_carea' id='block_1_117' title="bbox 2098 5657 2670 5716">
    <p class='ocr_par' dir='ltr' id='par_1_117' title="bbox 2098 5657 2670 5716">
     <span class='ocr_line' id='line_1_117' title="bbox 2098 5657 2670 5716; baseline 0.003 -10"><span class='ocrx_word' id='word_1_986' title='bbox 2098 5657 2234 5708; x_wconf 70' lang='lat' dir='ltr'><strong>[tunc</strong></span> <span class='ocrx_word' id='word_1_987' title='bbox 2262 5658 2536 5716; x_wconf 80' lang='lat' dir='ltr'><strong>mundum,</strong></span> <span class='ocrx_word' id='word_1_988' title='bbox 2566 5666 2670 5708; x_wconf 65' lang='grc' dir='ltr'><strong>ριν.</strong></span> 
     </span>
    </p>
   </div>
   <div class='ocr_carea' id='block_1_118' title="bbox 2173 5722 3656 5796">
    <p class='ocr_par' dir='ltr' id='par_1_118' title="bbox 2173 5722 3656 5796">
     <span class='ocr_line' id='line_1_118' title="bbox 2173 5722 3656 5796; baseline -0.001 -20"><span class='ocrx_word' id='word_1_989' title='bbox 2173 5727 2284 5795; x_wconf 77' lang='grc'><strong>(75)</strong></span> <span class='ocrx_word' id='word_1_990' title='bbox 2319 5726 2540 5779; x_wconf 70' lang='grc' dir='ltr'><strong>Τιιιαιιις.</strong></span> <span class='ocrx_word' id='word_1_991' title='bbox 2588 5722 3063 5796; x_wconf 59' lang='grc' dir='ltr'><strong>’Λσζαλιζὸμενος,</strong></span> <span class='ocrx_word' id='word_1_992' title='bbox 3088 5727 3433 5793; x_wconf 80' lang='lat' dir='ltr'><strong>propulsans,</strong></span> <span class='ocrx_word' id='word_1_993' title='bbox 3455 5737 3656 5778; x_wconf 67' lang='lat' dir='ltr'><strong>arcens.</strong></span> 
     </span>
    </p>
   </div>
  </div>
