3810 6218
75 306 239 364 1055

971 307 1057 366 DE
1095 310 1253 368 FIDE
1291 311 1666 370 ADVERSUS
1703 312 2114 370 SABELLIUM.
2155 299 2226 364 ἐξ·
2261 311 2390 370 LIB.
2431 312 2482 373 Ι.

3230 317 3368 376 1054

71 431 245 484 enim‘
278 449 294 484 :
335 431 526 485 Adnue
548 431 752 486 modice
779 431 955 488 lumen
980 435 1243 489 vobiscum
1273 445 1371 490 est.
1423 435 1571 491 Vada
1609 438 1678 492 ad
1706 433 1755 500 Α
1785 439 1857 492 ris
1895 436 2157 507 Spiritum
2180 438 2469 492 venientem
2496 477 2512 503 ,
2537 437 2622 490 hic
2643 445 2718 492 est
2751 437 2836 493 ⁸τῖ
2857 436 2915 493 Si
2951 436 3116 510 igitur
3137 452 3372 509 evange-

71 538 201 576 eum
230 523 338 593 qui
371 539 451 576 me
477 524 658 578 misit:
688 526 935 594 queentia
967 543 1069 589 me,
1096 539 1144 580 et
1184 545 1288 581 non
1316 529 1584 583 invenietis
1610 529 1678 582 ⁸⁸.

72 613 244 670 Nunc
272 616 472 680 vadit,
503 627 560 670 et
587 617 846 686 relinquit
884 618 1166 674 mundum.
1196 619 1303 673 Sed
1344 620 1537 674 iterum
1568 620 1683 689 ipse

73 707 222 761 dicit
258 725 274 762 :
319 705 461 762 Ecce
484 724 578 778 ego
616 709 881 762 vobiscum
913 726 1031 763 sum
1064 726 1228 779 usque
1252 711 1320 763 ad
1347 727 1682 764 consumma-

73 802 290 854 tionem
318 800 506 854 σίραιιὶ
538 801 604 854 ⁸⁸.
627 801 834 856 Aderat
860 817 991 871 ergo
1014 845 1030 871 ,
1059 813 1114 858 et
1138 811 1426 875 antequam
1463 802 1686 857 adveni-

75 904 210 961 ret,
248 898 416 952 adest
444 897 604 951 etiam
649 907 937 967 postquam
984 901 1250 966 perrexit.
1296 901 1512 953 Intuere
1552 914 1684 968 ergo

78 989 566 1054 quemadmodum
609 990 660 1043 in
690 992 894 1045 mundo
916 1002 1035 1045 erat
1061 991 1428 1047 invisibiliter.
1466 992 1597 1044 Nam
1632 994 1682 1045 id

78 1077 422 1133 videntibus
459 1079 748 1148 apostolis,
774 1089 827 1135 et
850 1082 1128 1137 nobiscum
1159 1095 1242 1136 εει
1270 1097 1438 1151 usque
1467 1084 1534 1136 ad
1555 1099 1684 1136 con-

79 1173 527 1226 summationem
556 1174 740 1229 saeculi
773 1191 788 1228 :
815 1174 1177 1242 incorporalis
1198 1175 1341 1228 enim
1376 1185 1568 1228 natura
1601 1175 1685 1228 lo-

81 1265 166 1319 cis
195 1281 320 1320 non
351 1266 843 1321 circumscribitur.
875 1266 979 1320 Sed
1007 1276 1358 1336 posteaquam
1390 1267 1683 1336 assumpsit

82 1372 337 1426 corpus,
390 1375 496 1413 non
547 1367 607 1412 ut
649 1357 1026 1414 recluderetur
1078 1359 1374 1428 assumpsit
1419 1378 1434 1414 :
1473 1359 1684 1413 salvare

81 1448 238 1502 enim
278 1451 468 1513 venit,
496 1458 550 1503 et
576 1464 684 1502 non
717 1449 895 1502 minus
938 1448 1181 1503 exaltare
1204 1487 1220 1512 ,
1259 1458 1314 1502 et
1365 1462 1470 1502 non
1505 1449 1686 1502 humi-

82 1537 230 1594 liare
261 1539 400 1607 (non
429 1539 556 1608 quia
588 1554 693 1592 non
725 1552 783 1591 se
840 1538 1146 1591 humiliavit
1179 1556 1192 1596 :
1230 1537 1506 1591 humiliari
1540 1537 1685 1591 enim

83 1629 238 1694 dico,
273 1628 530 1683 decidere
565 1642 687 1682 eum
721 1644 750 1682 a
777 1643 870 1682 sua
899 1628 1210 1695 dignitate),
1239 1628 1332 1680 sed
1356 1627 1534 1692 potius
1563 1626 1684 1680 abs-

87 1721 347 1774 condere
398 1734 554 1773 suam
590 1720 930 1790 dignitatem.
971 1717 1024 1770 Si
1053 1719 1197 1773 enim
1239 1717 1353 1786 ipse
1392 1715 1593 1771 decidit
1619 1718 1687 1770 ab

1788 533 1910 587 lista
1936 533 2096 599 dicit,
2131 528 2304 596 Erat;
2331 530 2571 600 Baptista
2613 539 2793 586 autem
2816 531 2949 585 dicit
2975 571 2990 595 ,
3019 531 3125 585 Hic
3159 544 3233 587 est
3264 547 3284 586 :
3315 544 3374 590 et

1791 627 2026 696 Spiritus
2075 633 2308 680 testatur
2340 625 2467 694 quia
2506 624 2621 692 ipse
2674 632 2798 690 est;
2829 631 2884 678 et
2933 624 3097 679 Pater
3144 627 3373 680 demon-

1790 730 1976 773 strans
2007 717 2168 780 dicit,
2207 716 2312 770 Hie
2340 727 2415 770 est
2438 734 2459 782 ;
2481 726 2535 771 et
2564 716 2735 770 Filius
2774 715 2936 781 dicit,
2979 716 3091 786 Ego
3125 736 3280 784 sum;
3308 729 3364 775 et

1789 809 2065 864 daamones
2093 809 2283 863 dicunt
2308 847 2327 873 ,
2353 807 2431 861 Tu
2457 825 2510 862 es
2542 822 2560 860 :
2593 824 2713 878 quae
2746 811 3055 877 procacitas
3086 810 3184 865 ista
3208 821 3291 866 est
3316 821 3375 869 ut

1790 916 1896 956 non
1932 901 2160 956 credat?
2182 903 2290 957 Aut
2319 902 2464 954 enim
2491 901 2634 954 Patri
2669 902 2862 967 crede,
2898 911 2991 955 aut
3016 902 3152 957 Filio
3175 906 3333 960 obedi
3355 946 3373 972 ,

1792 1002 1884 1046 aut
1911 992 2174 1059 Spiritum
2203 993 2447 1047 consenti
2465 1034 2480 1058 ,
2509 1002 2602 1047 aut
2634 1009 2756 1048 cum
2783 995 3060 1064 prophetis
3077 981 3374 1065 concorda,

1791 1092 1885 1138 aut
1915 1100 2036 1138 cum
2057 1085 2363 1154 legislatore
2391 1085 2684 1153 conﬁtere,
2717 1096 2810 1140 aut
2837 1095 2985 1142 certe
3018 1104 3140 1142 cum
3173 1091 3376 1146 daemo-

1796 1178 1956 1230 nibus
1981 1176 2088 1231 noli
2125 1191 2345 1246 negare.
2379 1175 2460 1231 11ιί
2503 1177 2648 1232 enim
2675 1177 2861 1232 dicunt
2893 1197 2906 1231 :
2938 1176 3148 1232 Scimus
3189 1189 3237 1234 te
3285 1180 3377 1250 qui

1790 1269 1865 1324 sit
1899 1269 1971 1334 ⁸⁸,
2006 1277 2064 1324 et
2109 1284 2214 1323 non
2268 1277 2484 1324 cessant
2539 1269 2897 1324 conﬁtentes.
2925 1268 3373 1340 Quotiescunque

1794 1360 1936 1415 enim
1969 1360 2339 1415 nominaveris
2370 1361 2709 1417 daemonibus
2761 1362 2954 1417 Filium
3006 1363 3101 1418 Dei
3157 1364 3372 1421 alIixum

1792 1452 1986 1518 cruci,
2050 1460 2346 1508 trementes
2401 1454 2583 1507 statim
2630 1468 2764 1508 voce
2799 1454 2972 1522 prima
3021 1455 3373 1512 conﬁtentur.

1792 1542 1889 1598 Est
1918 1543 2062 1598 enim
2094 1543 2262 1600 Filius
2290 1585 2304 1609 ,
2332 1553 2387 1598 et
2419 1553 2640 1612 manet,
2667 1552 2721 1598 et
2745 1560 2970 1615 regnum
2997 1546 3112 1612 ejus
3147 1562 3251 1601 non
3275 1547 3378 1601 ha—

1792 1635 1884 1690 bet
1910 1634 2094 1689 ﬁnem.
2125 1633 2231 1690 Sed
2268 1635 2431 1689 ﬁnem
2459 1635 2656 1689 habeat
2678 1650 2739 1689 os
2768 1635 2912 1690 illius
2939 1637 3029 1704 qui
3057 1637 3224 1704 dixit,
3249 1637 3376 1706 quia

1794 1729 1947 1798 regni
1974 1728 2092 1799 ejus
2120 1737 2204 1783 est
2241 1728 2382 1782 ﬁnis.
2411 1726 2572 1782 Pater
2593 1727 2737 1782 enim
2776 1728 2867 1796 qui
2899 1729 3082 1798 genuit
3118 1744 3224 1783 non
3254 1743 3375 1798 pm-

85 1824 156 1865 θο
193 1811 353 1879 (μιοά
385 1819 504 1864 eral
539 1810 680 1864 Deus
705 1851 720 1874 ν
780 1825 880 1864 "03
921 1825 1028 1863 που
1075 1809 1262 1878 “iique
1301 1810 1577 1863 TeV003Vil
1615 1809 1680 1862 ad
1714 1801 1757 1855 Β
1787 1822 1991 1875 nitetur
2016 1821 2082 1875 de
2113 1821 2248 1875 bona
2281 1820 2558 1890 progenie,
2588 1834 2692 1872 non
2729 1819 2949 1873 devorat
2974 1835 3128 1874 suum
3157 1819 3376 1876 Filium.

85 1915 212 1955 eam
245 1917 318 1955 ex
349 1917 452 1971 qua
478 1903 796 1957 cecidimus.
824 1901 1051 1956 Salvare
1095 1901 1261 1968 igitur
1309 1901 1468 1964 venit,
1504 1899 1685 1954 Domi-

87 2007 199 2047 nus
226 2031 244 2058 ,
280 2007 392 2047 non
424 2002 604 2046 tamen
641 1993 890 2046 amittere
923 1994 1066 2059 quod
1087 1990 1343 2044 habebat.
1371 1989 1524 2045 Fecit
1548 1990 1685 2045 bene

88 2084 212 2154 ipse
254 2100 490 2140 manens
534 2085 588 2139 in
620 2099 726 2154 quo
748 2093 860 2137 erat
901 2082 1040 2154 (76),
1076 2097 1182 2136 non
1214 2093 1404 2136 natura
1430 2083 1686 2137 excidens

88 2191 191 2230 sua
212 2217 230 2243 ,
261 2175 364 2231 sed
389 2175 768 2231 misericordia
797 2176 970 2228 utitur
1001 2172 1201 2227 Patris.
1241 2171 1381 2239 Quid
1409 2187 1536 2242 ergo
1559 2187 1688 2241 pro-

89 2268 344 2340 positum
383 2277 505 2322 erat
526 2269 684 2323 nobis
716 2268 900 2322 dicere
923 2308 938 2331 ,
964 2268 1105 2336 quod
1135 2267 1307 2322 solum
1345 2269 1394 2320 ei
1420 2266 1688 2320 'convenit

89 2360 252 2414 dici?
283 2358 463 2414 solum
502 2371 681 2414 autem
734 2358 990 2413 convenit
1037 2358 1143 2413 dici
1171 2399 1187 2424 ,
1221 2357 1347 2426 quia
1397 2365 1481 2411 est
1529 2356 1691 2411 Pater

87 2468 263 2518 vere,
290 2465 378 2508 est
425 2463 481 2508 et
535 2453 704 2508 Filius
731 2468 894 2516 vere,
926 2461 1010 2506 est
1045 2463 1100 2506 et
1146 2450 1386 2520 Spiritus
1445 2460 1686 2504 sanctus.

90 2543 217 2599 Non
245 2545 409 2600 Otiosi
441 2559 723 2600 sermones
747 2585 761 2608 ,
793 2559 899 2598 non
923 2559 1095 2597 vacua
1119 2543 1289 2597 verba
1316 2582 1331 2608 ,
1359 2543 1452 2597 sed
1500 2551 1689 2595 natura

92 2653 252 2693 vera.
282 2637 446 2692 Pater
469 2653 574 2692 non
607 2647 771 2692 natus
797 2678 811 2702 ,
840 2646 895 2692 et
921 2637 1070 2691 solus
1102 2651 1206 2689 non
1261 2645 1421 2689 natus
1456 2653 1467 2687 :
1499 2643 1552 2688 et
1601 2633 1692 2687 Fi-

98 2726 217 2782 lius
252 2728 570 2796 unigenitus
592 2767 607 2791 ,
664 2735 720 2780 et
767 2726 912 2780 solus
943 2726 1254 2796 unigenitus
1294 2734 1378 2779 est
1413 2742 1426 2778 :
1457 2724 1694 2793 Spiritus

95 2829 333 2875 sanctus
374 2821 464 2889 qui
513 2835 543 2872 a
594 2819 734 2874 Filio
791 2819 1087 2873 secundum
1135 2817 1314 2873 Patris
1358 2817 1692 2871 voluntatem

96 2914 365 2972 mittitur.
391 2913 487 2966 Vis
532 2921 712 2968 autem
763 2912 979 2966 edoceri
1009 2912 1133 2980 quia
1178 2912 1296 2964 haec
1327 2924 1456 2964 vere
1505 2910 1694 2963 dicun-

105 3017 198 3062 tur
222 3007 343 3078 (77)
369 3007 392 3060 ?
430 3006 593 3061 Venit
619 3005 877 3060 Dominus
914 3005 982 3059 ad
1000 3004 1322 3074 baptismum
1351 3003 1572 3058 Joannis
1593 3043 1610 3068 ,
1640 3009 1697 3056 et

99 3099 318 3154 videbis
343 3099 433 3167 qui
465 3097 659 3166 estqui
690 3097 857 3161 dicit,
902 3096 1005 3150 Hic
1037 3105 1114 3149 est
1150 3094 1326 3148 Filius
1378 3112 1528 3148 meus
1555 3093 1695 3148 dile—

100 3192 371 3245 ctissimus
391 3231 406 3255 ,
431 3192 484 3244 in
513 3205 614 3257 quo
652 3188 782 3241 mihi
820 3188 942 3240 bene
969 3186 1261 3256 eomplacui
1295 3187 1362 3240 ⁸³.
1397 3186 1533 3253 Quis
1557 3186 1694 3240 dicit

101 3281 262 3337 haec?
296 3283 484 3351 utique
511 3280 674 3334 Pater
695 3279 760 3334 de
787 3280 898 3333 Deo
919 3318 934 3342 ,
968 3278 1059 3346 qui
1087 3277 1373 3331 videbatur
1417 3284 1474 3328 ut
1504 3276 1690 3329 homo.

105 3374 213 3442 Qui
242 3374 380 3428 dicit
435 3387 606 3443 ergo,
668 3371 833 3426 Pater
881 3379 964 3424 est
1004 3389 1017 3423 :
1051 3371 1115 3423 de
1160 3383 1268 3437 quo
1317 3367 1689 3421 testimonium

103 3477 256 3532 erat,
288 3465 458 3522 Filius
512 3473 597 3519 est
629 3483 642 3518 :
671 3463 911 3533 Spiritus
968 3463 1022 3515 in
1071 3462 1250 3530 specie
1299 3460 1582 3514 columbae.
1627 3461 1694 3515 Et

105 3561 198 3630 qui
233 3570 297 3615 ut
323 3561 482 3613 homo
519 3562 844 3627 apparebat,
873 3565 926 3611 et
947 3555 1038 3624 qui
1090 3555 1140 3608 in
1198 3554 1418 3607 homine
1461 3553 1682 3608 habita-

103 3653 200 3708 bat
222 3695 238 3718 ,
270 3663 327 3706 et
352 3652 444 3721 qui
468 3652 520 3704 in
553 3664 784 3719 corpore
812 3657 964 3712 erat,
993 3647 1298 3703 testabatur
1329 3655 1384 3701 et
1423 3647 1642 3701 dicebat
1669 3666 1685 3700 :

107 3745 337 3816 Expedit
370 3746 506 3798 vobis
537 3753 592 3797 ut
624 3759 716 3812 ego
757 3743 968 3796 vadum.
1030 3739 1093 3794 Si
1126 3740 1262 3792 enim
1283 3777 1297 3803 ,
1347 3738 1563 3806 inquit,
1597 3753 1690 3806 ego

109 3857 213 3894 non
239 3841 354 3893 iero
379 3879 394 3902 ,
423 3837 650 3907 Spiritus
669 3851 771 3888 non
801 3837 965 3888 veniet
997 3849 1014 3887 :
1038 3848 1157 3885 cum
1196 3847 1289 3902 ego
1318 3832 1462 3894 iero,
1494 3831 1687 3898 rogabo

110 3931 328 3986 Patrem
354 3946 526 3984 meum
556 3929 620 3982 ⁸⁵.
657 3927 773 3981 Non
827 3935 1007 3980 tamen
1042 3941 1129 3980 me
1165 3934 1220 3979 et
1263 3923 1429 3977 alium
1461 3927 1692 3976 advoca-

108 4032 222 4077 tum
260 4024 438 4077 mittet
455 4023 616 4076 Pater
645 4021 712 4073 ad
747 4035 867 4076 vos.
903 4018 1006 4085 Qui
1033 4018 1212 4084 vadit,
1236 4026 1292 4072 et
1321 4017 1414 4086 qui
1441 4026 1686 4086 rogatur,

104 4125 160 4170 et
191 4118 287 4187 qui
323 4115 592 4178 mittitur,
649 4128 754 4167 non
810 4112 883 4167 dii
919 4112 1192 4166 dicuntur.
1228 4110 1380 4165 Unus
1420 4109 1572 4164 enim.
1606 4117 1692 4162 est

107 4205 251 4261 Dens
288 4222 316 4260 a
346 4222 453 4274 quo
483 4215 610 4259 sunt
661 4205 841 4257 omnia
866 4243 881 4268 ,
931 4213 986 4258 et
1041 4217 1183 4256 unus
1233 4202 1494 4256 Dominus
1531 4200 1690 4256 Jesus

107 4314 205 4368 per
234 4293 396 4368 quem
430 4306 558 4352 sunt
585 4294 790 4352 omnia.
822 4295 929 4350 Sed
961 4311 1098 4348 unus
1123 4294 1262 4348 Deus
1282 4309 1386 4348 non
1425 4303 1606 4360 natus,
1637 4301 1691 4352 et

107 4407 251 4447 unus
283 4390 600 4460 unigenitus
627 4389 886 4444 Dominus
909 4397 1071 4442 natus
1101 4402 1130 4440 a
1160 4387 1267 4444 Deo
1303 4395 1406 4441 est.
1437 4384 1493 4439 Si
1542 4387 1688 4440 enim

109 4502 216 4541 non
254 4494 441 4539 natum
478 4494 532 4536 et
563 4498 665 4536 non
691 4492 878 4536 natum
910 4483 1148 4536 dicerem
1171 4521 1184 4541 ,
1222 4488 1316 4533 aut
1345 4479 1684 4548 unigenitum
1721 4513 1766 4566 Β

110 4589 164 4636 et
189 4577 568 4650 unigenitum;
596 4585 726 4630 tunc
757 4589 1129 4630 asseverarem
1158 4573 1208 4626 id
1250 4572 1392 4640 quod
1426 4586 1530 4625 non
1557 4570 1690 4624 dicit

109 4671 378 4730 Ecclesia.
415 4670 555 4736 Quid
591 4682 720 4739 ergo
748 4669 878 4722 dicit
911 4667 1074 4722 Pater
1132 4667 1184 4719 in
1240 4664 1466 4719 Joannis
1505 4664 1687 4733 bapti-

111 4764 324 4819 smum?
357 4761 458 4816 Hic
489 4771 562 4815 est
599 4760 771 4815 Filius
794 4777 938 4813 meus
1002 4759 1226 4811 dilectus
1249 4797 1262 4822 ,
1311 4758 1365 4809 in
1409 4772 1510 4831 quo
1567 4755 1691 4811 bene

109 4857 409 4928 complacui
438 4856 523 4909 ⁸⁸2
551 4853 817 4909 Sufﬁcita
851 4852 963 4908 Deo
1015 4860 1071 4907 et
1127 4849 1290 4904 semel
1335 4849 1556 4912 audire,
1597 4846 1689 4900 sed

111 4969 218 5008 non
257 4950 391 5004 dicit
426 4948 616 5003 semel.
648 4946 926 5016 Siquidem
955 4953 1009 4998 et
1048 4943 1102 4996 in
1137 4949 1320 4996 monte
1342 4955 1464 4993 cum
1494 4937 1688 4991 fuisset

111 5042 372 5097 Dominus
399 5025 821 5110 transﬁguratus
875 5045 1140 5106 praesente
1194 5033 1377 5104 Moyse
1428 5041 1482 5086 et
1534 5031 1693 5096 Elia,

109 5138 301 5192 eadem
337 5133 534 5204 repetit
562 5142 617 5187 et
655 5132 786 5186 dicit
813 5149 826 5184 :
853 5132 956 5184 IIic
995 5140 1068 5182 est
1134 5126 1309 5180 Filius
1361 5141 1506 5178 meus
1555 5122 1691 5175 dile-

113 5230 379 5284 ctissimus
406 5228 461 5280 in
488 5241 590 5294 quo
635 5225 762 5278 bene
807 5221 1131 5289 complacui;
1175 5219 1347 5287 ipsum
1393 5217 1574 5268 audite
1620 5213 1687 5267 ⁸⁸.

111 5322 245 5377 Nam
279 5333 334 5376 et
363 5319 599 5374 Joannes
631 5318 825 5372 similia
873 5316 1072 5368 fatetur
1099 5322 1150 5367 et
1178 5312 1311 5365 dicit
1346 5327 1358 5362 :
1387 5308 1490 5375 Qui
1543 5306 1690 5360 misit

113 5433 191 5472 nte
218 5415 487 5482 baptizare
513 5413 564 5465 in
599 5427 736 5481 aqua
759 5449 772 5474 ,
797 5411 905 5478 ipse
936 5407 1060 5461 mihi
1087 5405 1246 5470 dixit,
1277 5401 1344 5455 In
1367 5417 1518 5470 quem
1547 5400 1690 5452 vide-

215 5527 259 5558 “
297 5526 452 5579 Joan.
484 5523 700 5588 xtt,55.
777 5522 820 5552 ⁸³
851 5521 1040 5574 Matth.
1088 5534 1293 5588 xxvm,
1330 5515 1419 5588 20.
1497 5514 1542 5546 ⁸³
1593 5511 1754 5588 Matth

1795 5528 1910 5588 an,
1972 5515 2060 5569 17.

1782 1912 2091 1969 Invidemus
2118 1910 2332 1966 fabulas
2352 1912 2614 1981 gentium,
2634 1917 2688 1964 et
2703 1910 2898 1964 iterum
2917 1913 3134 1965 easdem
3160 1911 3379 1967 induci-

1785 2019 1907 2058 mus
1941 2021 1957 2056 :
1994 2017 2100 2057 non
2132 2017 2254 2068 nos,
2272 2005 2366 2057 sed
2391 2001 2482 2070 qui
2514 2015 2678 2055 ausus
2699 2009 2782 2054 est
2811 2000 3027 2055 Galata.
3065 2001 3205 2055 Deus
3232 2002 3378 2056 enim

1785 2108 1894 2147 non
1916 2108 2101 2148 vocem
2129 2093 2316 2164 genuit
2343 2092 2435 2146 sed
2457 2090 2674 2153 Filium,
2701 2106 2804 2143 non
2830 2105 3133 2146 sermonem
3170 2091 3264 2146 sed
3299 2091 3381 2146 vi-

1788 2193 2044 2248 tam,non
2063 2184 2264 2238 dictum
2281 2183 2374 2238 sed
2408 2182 2597 2236 Deum.
2625 2182 2778 2249 Apud
2813 2181 2978 2236 Deum
3008 2183 3300 2244 enim.non
3322 2181 3378 2236 ir.

1788 2289 1884 2330 ore
1944 2275 2036 2328 Dei
2066 2294 2080 2328 :
2141 2275 2208 2328 ad
2235 2274 2511 2329 dexteram
2543 2273 2663 2339 Dei,
2699 2291 2803 2330 non
2836 2283 3010 2329 tamen
3043 2277 3132 2345 qui
3163 2277 3215 2330 in
3245 2290 3379 2333 voce

1790 2377 1896 2421 est.
1933 2364 2178 2420 Judicem
2215 2380 2336 2420 eum
2361 2365 2453 2434 qui
2477 2366 2748 2429 viviﬁcat,
2788 2381 2977 2420 verum
3031 2367 3250 2433 lumen,
3280 2368 3379 2436 ju-

1790 2460 1951 2514 Stitim
1979 2457 2180 2514 solem.
2211 2457 2417 2511 Lumen
2453 2466 2633 2510 autem
2665 2472 2772 2510 non
2809 2457 2934 2523 tale,
2966 2459 3126 2527 quale
3154 2469 3208 2514 et
3236 2460 3378 2529 apud

1790 2565 1935 2604 nos:
1971 2549 2104 2603 nihil
2141 2547 2475 2615 accipiamus
2505 2546 2719 2601 visibile
2752 2548 2818 2601 ad
2863 2549 3254 2603 exhibitionem
3287 2551 3376 2605 in-

1792 2640 2047 2696 visibilis.
2075 2639 2190 2694 Non
2221 2641 2354 2694 mihi
2380 2641 2540 2695 isthic
2575 2639 2747 2693 fontes
2766 2640 3002 2694 adducas
3029 2641 3080 2697 in
3101 2641 3333 2696 medium
3359 2662 3376 2700 :

1794 2749 1899 2788 non
1927 2733 2093 2788 solem
2130 2742 2185 2788 et
2206 2732 2324 2801 ejus
2352 2733 2554 2787 lumen.
2593 2733 2724 2798 Qua:
2754 2733 2898 2786 enim
2934 2747 3030 2801 per
3079 2735 3272 2790 Filium
3299 2737 3380 2790 fa-

1793 2837 1877 2881 cta
1915 2835 2070 2892 sunt,
2107 2842 2211 2882 non
2239 2839 2630 2894 comparantur
2653 2828 2812 2882 Filio.
2845 2827 2957 2883 lloc
2985 2829 3130 2883 enim
3182 2830 3372 2885 lumen

1794 2932 1901 2971 non
1924 2926 2007 2972 est
2027 2917 2188 2983 solis,
2213 2920 2308 2974 sed
2344 2917 2632 2972 efﬁcientia
2685 2919 2816 2973 solis
2849 2936 2861 2972 :
2895 2918 2996 2973 hoc
3053 2919 3236 2974 lumen
3269 2934 3377 2975 non

1795 3008 1965 3064 habet
1986 3011 2151 3063 vitam
2181 3053 2196 3076 ,
2222 3008 2393 3063 Filius
2425 3019 2603 3063 autem
2632 3010 2742 3063 vita
2768 3018 2854 3064 est
2885 3026 2900 3064 :
2927 3010 3028 3065 hoc
3052 3009 3233 3066 lumen
3269 3025 3377 3064 non

1799 3102 1974 3169 aperit
2033 3101 2218 3156 oculos
2253 3116 2560 3165 caecorum,
2616 3102 2710 3156 sed
2749 3101 2834 3158 his
2881 3104 2972 3170 qui
3030 3102 3206 3157 creati
3253 3111 3380 3157 sunt

1801 3193 2007 3262 praebet
2041 3193 2248 3248 videre.
2281 3193 2384 3248 Sed
2423 3207 2490 3247 ne
2518 3193 2736 3263 quidem
2764 3195 2870 3250 hoc
2900 3210 2928 3248 a
2952 3209 3012 3250 se
3036 3235 3051 3262 ,
3082 3197 3175 3250 sed
3217 3197 3285 3252 ab
3313 3211 3381 3251 eo

1799 3287 1888 3355 qui
1922 3286 2163 3341 indulsit.
2204 3285 2317 3342 Hoc
2350 3286 2528 3341 lumen
2558 3288 2612 3342 in
2648 3273 2884 3348 tenebris
2938 3303 3045 3344 non
3082 3288 3224 3344 lucet
3258 3302 3272 3341 :
3301 3297 3387 3344 te-

1801 3377 1982 3432 nebrae
2008 3377 2152 3430 enim
2201 3392 2324 3431 eum
2380 3392 2483 3431 non
2514 3377 3005 3446 comprehendunt.
3046 3377 3124 3433 De
3158 3379 3250 3433 illo
3278 3393 3382 3433 au-

1801 3478 1908 3523 tem
1938 3469 2141 3523 lumine
2167 3469 2366 3524 dictum
2399 3477 2483 3523 est
2513 3489 2526 3523 :
2560 3467 2759 3524 Lumen
2783 3470 2836 3540 in
2863 3469 3084 3522 tenebris
3107 3469 3274 3538 lucet,
3304 3479 3382 3523 te»

1798 3557 1969 3610 nebra:
1997 3571 2115 3609 eum
2145 3570 2250 3608 non
2277 3555 2776 3623 comprehenderunt
2802 3553 2869 3606 ⁵⁸.
2903 3553 3020 3608 Hoc
3062 3553 3240 3608 lumen
3271 3569 3379 3609 non

1797 3649 2004 3718 pascit,
2034 3661 2140 3702 non
2173 3648 2435 3701 transfert
2461 3661 2654 3716 aquam
2684 3646 2752 3700 ad
2787 3645 2972 3699 vinum
3008 3664 3020 3700 :
3047 3646 3150 3700 hoc
3197 3645 3378 3699 lumen

1797 3757 1904 3795 non
1934 3740 2163 3794 suscitat
2186 3749 2460 3804 mortuos,
2495 3739 2589 3794 sed
2618 3739 2855 3792 otiosum
2905 3746 2989 3792 est
3019 3737 3245 3792 mortuis
3281 3755 3295 3792 :
3327 3745 3383 3796 et

1797 3850 1903 3889 non
1931 3833 2059 3904 quia
2086 3847 2375 3887 commune
2407 3842 2491 3886 est
2523 3846 2718 3886 nomen
2747 3871 2762 3895 ,
2791 3839 2952 3900 putas
2990 3827 3114 3897 quia
3139 3836 3192 3882 et
3231 3843 3382 3883 com-

1798 3926 1978 3980 munis
2019 3935 2211 3979 natura
2238 3935 2342 3980 est.
2378 3924 2492 3979 Hoc
2520 3924 2700 3978 lumen
2733 3931 2827 3977 aut
2855 3922 2906 3976 in
2935 3923 3110 3994 primo
3135 3921 3223 3976 die
3247 3959 3263 3987 ,
3287 3929 3382 3974 aut

1798 4033 1917 4074 cum
1944 4017 2058 4072 sole
2088 4018 2142 4072 in
2170 4026 2363 4087 quarto
2388 4057 2403 4082 ,
2426 4015 2880 4086 quemadmodum
2911 4014 3035 4084 quis
3063 4013 3334 4084 putaverit
3361 4053 3378 4077 ,

1797 4111 1884 4165 die
1914 4119 2110 4180 quarto
2140 4119 2222 4164 est
2251 4109 2476 4163 factum.
2513 4107 2684 4164 Filius
2717 4115 2898 4161 autem
2951 4121 3058 4162 non
3095 4105 3148 4160 in
3203 4105 3382 4176 primo

1797 4203 1884 4257 die
1904 4242 1920 4267 ,
1949 4217 2123 4272 neque
2153 4203 2205 4256 in
2237 4211 2428 4271 quarto
2450 4241 2466 4266 ,
2491 4216 2667 4270 neque
2703 4200 2755 4254 in
2784 4208 2956 4254 totum
2981 4199 3036 4254 in
3066 4198 3175 4264 die,
3206 4213 3382 4266 neque

1796 4297 1850 4351 in
1887 4296 2018 4350 hora
2049 4336 2064 4360 ,
2090 4311 2266 4365 neque
2313 4295 2366 4348 in
2422 4291 2794 4364 temporibus,
2828 4307 3004 4362 neque
3060 4293 3114 4346 in
3143 4290 3378 4350 saeculis.

1797 4385 1923 4441 Haec
1951 4387 2095 4441 enim
2124 4373 2220 4455 per
2244 4385 2441 4442 Filium
2463 4429 2478 4453 ,
2510 4367 2621 4440 non.
2645 4397 2823 4441 tamen
2852 4383 3020 4442 Filius
3046 4383 3099 4436 in
3128 4381 3235 4436 his.
3261 4379 3378 4436 Non

1795 4481 1939 4532 enim
1973 4495 2002 4531 a
2029 4477 2414 4532 communione
2444 4477 2724 4531 hominum
2759 4473 3093 4530 confundere
3119 4471 3380 4526 debemus

1795 4571 2152 4624 diﬁerentiam
2192 4578 2425 4624 natum.
2480 4567 2595 4624 Hoc
2646 4567 2828 4622 lumen
2876 4564 3142 4635 perillum
3194 4562 3376 4617 lumen

1792 4671 1895 4714 est.
1916 4660 2029 4714 Non
2051 4675 2178 4731 ergo
2209 4674 2588 4729 comparemus
2619 4656 2874 4713 insimilia
2901 4663 2990 4709 aut
3017 4655 3212 4710 similia
3238 4653 3376 4722 (78).

1794 4751 1978 4822 Neque
2004 4752 2182 4806 fontes
2206 4759 2259 4805 et
2292 4760 2500 4806 meatus
2528 4749 2755 4806 fontium
2779 4790 2793 4815 ,
2824 4757 2880 4802 et
2918 4749 3064 4804 rivos
3079 4755 3136 4801 et
3161 4743 3376 4811 ﬂuvios,

1793 4845 1918 4915 quia
1949 4859 2054 4900 non
2079 4843 2264 4903 deﬁuit
2286 4842 2478 4908 Pater,
2510 4846 2604 4898 sed
2637 4851 2821 4897 manet
2859 4851 2918 4895 ut
2947 4847 3089 4896 erat.
3123 4837 3241 4909 Ipse
3290 4846 3380 4892 est

1797 4938 1940 4992 enim
1975 4939 2065 5008 qui
2097 4947 2199 4992 est.
2226 4935 2410 5008 Neque
2438 4935 2715 5006 passiones
2750 4944 2964 5006 Oportet
3011 4931 3230 5002 adjungi
3272 4931 3377 4986 im-

1795 5027 2035 5098 passibilt
2063 5027 2211 5080 Patri
2241 5047 2253 5082 :
2284 5027 2410 5095 quia
2434 5042 2542 5081 non
2571 5025 2862 5090 dividitur,
2898 5037 3004 5076 non
3058 5019 3328 5076 scinditur
3357 5054 3375 5083 ,

1795 5135 1902 5175 non
1938 5128 2258 5189 separatur,
2288 5119 2382 5173 sed
2415 5128 2600 5174 manet
2623 5126 2679 5173 et
2721 5125 2966 5187 generat.
3008 5113 3243 5168 General
3275 5125 3374 5162 au-

1797 5225 1903 5268 tem
1934 5223 1993 5268 ut
2022 5213 2197 5282 ipsum
2233 5213 2389 5266 decet
2424 5225 2583 5265 nosse
2603 5249 2618 5275 ,
2653 5219 2710 5264 et
2739 5223 2840 5262 nos
2866 5206 3115 5262 adorare.
3147 5201 3264 5255 Noli
3294 5201 3377 5255 di-

1795 5318 1920 5358 cere
1949 5303 2404 5373 quemadmodum
2431 5341 2448 5368 ,
2481 5316 2656 5372 neque
2708 5314 2919 5371 quazras
2965 5295 3372 5367 generationem

1793 5396 1941 5454 illam
1976 5411 2142 5468 quam
2174 5396 2351 5450 nullus
2373 5401 2626 5462 enarrat,
2664 5392 2844 5448 nullus
2875 5390 3011 5456 scit,
3052 5385 3228 5441 nuilus
3266 5400 3370 5439 no-

2154 5514 2200 5546 “
2252 5512 2410 5569 Joan.
2464 5526 2594 5576 xvr,
2651 5509 2704 5563 7.
2798 5507 2844 5540 ⁸⁵
2891 5505 3083 5560 Matth.
3140 5515 3242 5569 ιιι,
3279 5497 3371 5556 17.

115 5599 156 5630 ⁵⁵
190 5596 386 5669 Matth;
411 5583 641 5660 xvn,’5.
717 5592 760 5623 ⁸⁷
802 5589 958 5646 Joan.
985 5607 1040 5657 ι,
1075 5590 1166 5643 55.
1242 5587 1287 5618 ⁸⁸
1327 5587 1459 5640 Luc.
1491 5583 1682 5650 H334.

1795 5583 1813 5614 "
1845 5583 2002 5658 Joan.
2033 5601 2086 5650 ι,
2122 5585 2178 5639 5.

183 5694 296 5760 (7b)
341 5692 438 5745 Ms.
473 5690 621 5743 Facit
654 5691 776 5744 bene
803 5688 909 5754 ipse
932 5703 1146 5742 manens
1177 5687 1231 5738 in
1271 5701 1371 5753 qua
1398 5692 1530 5736 erat.

187 5763 297 5835 (77)
325 5763 464 5817 lnl'ra
498 5763 587 5817 lib.
620 5777 678 5824 ll,
714 5762 811 5816 sub
838 5761 956 5814 init.

1861 5673 1973 5752 ('73)
2003 5680 2285 5737 lnsintilia.
2311 5678 2568 5751 ’Δνόμοια
2592 5677 2728 5733 infra
2756 5675 2849 5730 lib.
2881 5688 2940 5739 ll,
2972 5677 3090 5742 post
3117 5667 3261 5724 med.

2805 5835 2846 5862 κ
