  <div class='ocr_page' id='page_1' title='image "/cluster/home/n/w/nwhite01/storage/ocr_20150623/24/nnc1.0046978259/757.png"; bbox 0 0 3810 6218; ppageno 0'>
   <div class='ocr_carea' id='block_1_1' title="bbox 450 321 592 378">
    <p class='ocr_par' dir='ltr' id='par_1_1' title="bbox 450 321 592 378">
     <span class='ocr_line' id='line_1_1' title="bbox 450 321 592 378; baseline 0.014 -2"><span class='ocrx_word' id='word_1_1' title='bbox 450 321 592 378; x_wconf 72' lang='grc'><strong>1055</strong></span> 
     </span>
    </p>
   </div>
   <div class='ocr_carea' id='block_1_2' title="bbox 1124 303 2013 380">
    <p class='ocr_par' dir='ltr' id='par_1_2' title="bbox 1124 303 2013 380">
     <span class='ocr_line' id='line_1_2' title="bbox 1124 303 2013 380; baseline -0.011 -2"><span class='ocrx_word' id='word_1_2' title='bbox 1124 303 1404 380; x_wconf 69' lang='lat' dir='ltr'><strong>&#39;Eti&#39;ss&#39;mi</strong></span> <span class='ocrx_word' id='word_1_3' title='bbox 1446 316 1923 378; x_wconf 72' lang='lat' dir='ltr'><strong>C/ESARIENSlS</strong></span> <span class='ocrx_word' id='word_1_4' title='bbox 1961 315 2013 370; x_wconf 91' lang='lat' dir='ltr'><strong>o:</strong></span> 
     </span>
    </p>
   </div>
   <div class='ocr_carea' id='block_1_3' title="bbox 2117 303 3065 380">
    <p class='ocr_par' dir='ltr' id='par_1_3' title="bbox 2155 303 3065 378">
     <span class='ocr_line' id='line_1_3' title="bbox 2155 303 3065 378; baseline -0.008 -10"><span class='ocrx_word' id='word_1_5' title='bbox 2155 309 2340 368; x_wconf 77' lang='lat' dir='ltr'><strong>PARS</strong></span> <span class='ocrx_word' id='word_1_6' title='bbox 2378 309 2467 364; x_wconf 76' lang='grc' dir='ltr'><strong>ιν.</strong></span> <span class='ocrx_word' id='word_1_7' title='bbox 2508 337 2582 350; x_wconf 59' lang='grc' dir='ltr'><strong>η-</strong></span> <span class='ocrx_word' id='word_1_8' title='bbox 2619 303 3065 378; x_wconf 72' lang='grc' dir='ltr'><strong>ΒΟΟΜΑΤΙΟΑ.1</strong></span> 
     </span>
    </p>
   </div>
   <div class='ocr_carea' id='block_1_4' title="bbox 3589 305 3709 362">
    <p class='ocr_par' dir='ltr' id='par_1_4' title="bbox 3589 305 3709 362">
     <span class='ocr_line' id='line_1_4' title="bbox 3589 305 3709 362; baseline 0.017 -2"><span class='ocrx_word' id='word_1_9' title='bbox 3589 305 3709 362; x_wconf 72' lang='grc'><strong>1036</strong></span> 
     </span>
    </p>
   </div>
   <div class='ocr_carea' id='block_1_5' title="bbox 444 441 3708 510">
    <p class='ocr_par' dir='ltr' id='par_1_5' title="bbox 444 441 3708 510">
     <span class='ocr_line' id='line_1_5' title="bbox 444 441 3708 510; baseline -0.001 -2"><span class='ocrx_word' id='word_1_10' title='bbox 444 444 547 496; x_wconf 71' lang='grc' dir='ltr'><strong>νη·</strong></span> <span class='ocrx_word' id='word_1_11' title='bbox 577 441 719 497; x_wconf 70' lang='lat' dir='ltr'><strong>Cede</strong></span> <span class='ocrx_word' id='word_1_12' title='bbox 745 484 759 509; x_wconf 68' lang='grc' dir='ltr'><strong>ν</strong></span> <span class='ocrx_word' id='word_1_13' title='bbox 790 450 844 498; x_wconf 76' lang='grc' dir='ltr'><strong>ει</strong></span> <span class='ocrx_word' id='word_1_14' title='bbox 875 442 1137 498; x_wconf 54' lang='lat' dir='ltr'><strong>coniuere</strong></span> <span class='ocrx_word' id='word_1_15' title='bbox 1193 443 1568 498; x_wconf 69' lang='lat' dir='ltr'><strong>inﬁrmilalell‘</strong></span> <span class='ocrx_word' id='word_1_16' title='bbox 1621 452 1790 498; x_wconf 67' lang='lat' dir='ltr'><strong>luam-</strong></span> <span class='ocrx_word' id='word_1_17' title='bbox 1821 441 2026 497; x_wconf 72' lang='lat' dir='ltr'><strong>Obuln’</strong></span> <span class='ocrx_word' id='word_1_18' title='bbox 2055 444 2099 500; x_wconf 81' lang='grc' dir='ltr'>Α</span> <span class='ocrx_word' id='word_1_19' title='bbox 2129 465 2214 510; x_wconf 89' lang='lat' dir='ltr'><strong>est</strong></span> <span class='ocrx_word' id='word_1_20' title='bbox 2250 453 2420 510; x_wconf 89' lang='lat' dir='ltr'><strong>bene!</strong></span> <span class='ocrx_word' id='word_1_21' title='bbox 2457 449 2572 507; x_wconf 84' lang='lat' dir='ltr'><strong>Non</strong></span> <span class='ocrx_word' id='word_1_22' title='bbox 2617 452 2760 507; x_wconf 92' lang='lat' dir='ltr'><strong>enim</strong></span> <span class='ocrx_word' id='word_1_23' title='bbox 2818 452 2933 505; x_wconf 60' lang='lat' dir='ltr'><strong>haec</strong></span> <span class='ocrx_word' id='word_1_24' title='bbox 2985 459 3069 504; x_wconf 89' lang='lat' dir='ltr'><strong>est</strong></span> <span class='ocrx_word' id='word_1_25' title='bbox 3115 463 3364 504; x_wconf 81' lang='lat' dir='ltr'><strong>mensura</strong></span> <span class='ocrx_word' id='word_1_26' title='bbox 3397 449 3708 505; x_wconf 66' lang='lat' dir='ltr'><strong>distantia:</strong></span> 
     </span>
    </p>
   </div>
   <div class='ocr_carea' id='block_1_6' title="bbox 445 533 2023 606">
    <p class='ocr_par' dir='ltr' id='par_1_6' title="bbox 445 533 2023 606">
     <span class='ocr_line' id='line_1_6' title="bbox 445 533 2023 606; baseline 0 -18"><span class='ocrx_word' id='word_1_27' title='bbox 445 533 566 588; x_wconf 75' lang='grc' dir='ltr'><strong>ιη-θῑ</strong></span> <span class='ocrx_word' id='word_1_28' title='bbox 589 544 639 588; x_wconf 91' lang='lat' dir='ltr'><strong>te</strong></span> <span class='ocrx_word' id='word_1_29' title='bbox 662 533 930 590; x_wconf 78' lang='lat' dir='ltr'><strong>Christus.</strong></span> <span class='ocrx_word' id='word_1_30' title='bbox 959 535 1014 590; x_wconf 89' lang='lat' dir='ltr'><strong>Si</strong></span> <span class='ocrx_word' id='word_1_31' title='bbox 1043 538 1186 591; x_wconf 91' lang='lat' dir='ltr'><strong>enim</strong></span> <span class='ocrx_word' id='word_1_32' title='bbox 1215 547 1267 590; x_wconf 93' lang='lat' dir='ltr'><strong>tu</strong></span> <span class='ocrx_word' id='word_1_33' title='bbox 1319 537 1593 606; x_wconf 89' lang='lat' dir='ltr'><strong>quomodo</strong></span> <span class='ocrx_word' id='word_1_34' title='bbox 1625 545 1781 590; x_wconf 88' lang='lat' dir='ltr'><strong>natus</strong></span> <span class='ocrx_word' id='word_1_35' title='bbox 1815 550 1873 588; x_wconf 88' lang='lat' dir='ltr'><strong>es</strong></span> <span class='ocrx_word' id='word_1_36' title='bbox 1929 549 2023 588; x_wconf 88' lang='lat' dir='ltr'><strong>ne-</strong></span> 
     </span>
    </p>
   </div>
   <div class='ocr_carea' id='block_1_7' title="bbox 445 625 2026 702">
    <p class='ocr_par' dir='ltr' id='par_1_7' title="bbox 445 625 2026 702">
     <span class='ocr_line' id='line_1_7' title="bbox 445 625 2026 702; baseline 0.002 -21"><span class='ocrx_word' id='word_1_37' title='bbox 445 625 588 690; x_wconf 87' lang='lat' dir='ltr'><strong>scis,</strong></span> <span class='ocrx_word' id='word_1_38' title='bbox 615 629 1073 698; x_wconf 84' lang='lat' dir='ltr'><strong>quemadmodum</strong></span> <span class='ocrx_word' id='word_1_39' title='bbox 1099 673 1114 699; x_wconf 95' lang='lat'><strong>,</strong></span> <span class='ocrx_word' id='word_1_40' title='bbox 1147 631 1242 702; x_wconf 87' lang='lat' dir='ltr'><strong>qui</strong></span> <span class='ocrx_word' id='word_1_41' title='bbox 1290 633 1358 688; x_wconf 88' lang='lat' dir='ltr'><strong>de</strong></span> <span class='ocrx_word' id='word_1_42' title='bbox 1382 641 1433 686; x_wconf 89' lang='lat' dir='ltr'><strong>te</strong></span> <span class='ocrx_word' id='word_1_43' title='bbox 1480 631 1699 700; x_wconf 88' lang='lat' dir='ltr'><strong>ignoras</strong></span> <span class='ocrx_word' id='word_1_44' title='bbox 1720 672 1735 696; x_wconf 92' lang='lat'><strong>,</strong></span> <span class='ocrx_word' id='word_1_45' title='bbox 1765 630 1830 683; x_wconf 93' lang='lat' dir='ltr'><strong>de</strong></span> <span class='ocrx_word' id='word_1_46' title='bbox 1863 628 2026 684; x_wconf 90' lang='lat' dir='ltr'><strong>Patre</strong></span> 
     </span>
    </p>
   </div>
   <div class='ocr_carea' id='block_1_8' title="bbox 444 715 2024 792">
    <p class='ocr_par' dir='ltr' id='par_1_8' title="bbox 444 715 2024 792">
     <span class='ocr_line' id='line_1_8' title="bbox 444 715 2024 792; baseline 0.003 -20"><span class='ocrx_word' id='word_1_47' title='bbox 444 727 501 772; x_wconf 88' lang='lat' dir='ltr'><strong>et</strong></span> <span class='ocrx_word' id='word_1_48' title='bbox 532 715 670 773; x_wconf 87' lang='lat' dir='ltr'><strong>Filio</strong></span> <span class='ocrx_word' id='word_1_49' title='bbox 691 729 782 774; x_wconf 88' lang='lat' dir='ltr'><strong>aut</strong></span> <span class='ocrx_word' id='word_1_50' title='bbox 810 721 1041 790; x_wconf 83' lang='lat' dir='ltr'><strong>quaeris.</strong></span> <span class='ocrx_word' id='word_1_51' title='bbox 1081 731 1170 776; x_wconf 90' lang='lat' dir='ltr'><strong>aut</strong></span> <span class='ocrx_word' id='word_1_52' title='bbox 1196 737 1357 779; x_wconf 89' lang='lat' dir='ltr'><strong>nosse</strong></span> <span class='ocrx_word' id='word_1_53' title='bbox 1394 731 1445 778; x_wconf 91' lang='lat' dir='ltr'><strong>te</strong></span> <span class='ocrx_word' id='word_1_54' title='bbox 1481 723 1681 791; x_wconf 82' lang='lat' dir='ltr'><strong>putas?</strong></span> <span class='ocrx_word' id='word_1_55' title='bbox 1714 723 1852 788; x_wconf 83' lang='lat' dir='ltr'><strong>Quid</strong></span> <span class='ocrx_word' id='word_1_56' title='bbox 1896 737 2024 792; x_wconf 89' lang='lat' dir='ltr'><strong>ergo</strong></span> 
     </span>
    </p>
   </div>
   <div class='ocr_carea' id='block_1_9' title="bbox 445 809 2025 869">
    <p class='ocr_par' dir='ltr' id='par_1_9' title="bbox 445 809 2025 869">
     <span class='ocr_line' id='line_1_9' title="bbox 445 809 2025 869; baseline 0.004 -7"><span class='ocrx_word' id='word_1_57' title='bbox 445 823 552 864; x_wconf 90' lang='lat' dir='ltr'><strong>non</strong></span> <span class='ocrx_word' id='word_1_58' title='bbox 577 809 835 866; x_wconf 87' lang='lat' dir='ltr'><strong>debemus</strong></span> <span class='ocrx_word' id='word_1_59' title='bbox 865 814 1111 867; x_wconf 89' lang='lat' dir='ltr'><strong>coutiteri</strong></span> <span class='ocrx_word' id='word_1_60' title='bbox 1159 814 1323 868; x_wconf 91' lang='lat' dir='ltr'><strong>Deum</strong></span> <span class='ocrx_word' id='word_1_61' title='bbox 1357 821 1411 868; x_wconf 90' lang='lat' dir='ltr'><strong>et</strong></span> <span class='ocrx_word' id='word_1_62' title='bbox 1464 814 1702 868; x_wconf 84' lang='lat' dir='ltr'><strong>Filium?</strong></span> <span class='ocrx_word' id='word_1_63' title='bbox 1754 811 2025 869; x_wconf 89' lang='lat' dir='ltr'><strong>Conﬁtere</strong></span> 
     </span>
    </p>
   </div>
   <div class='ocr_carea' id='block_1_10' title="bbox 443 902 2026 976">
    <p class='ocr_par' dir='ltr' id='par_1_10' title="bbox 443 902 2026 976">
     <span class='ocr_line' id='line_1_10' title="bbox 443 902 2026 976; baseline 0.003 -20"><span class='ocrx_word' id='word_1_64' title='bbox 443 914 507 956; x_wconf 88' lang='lat' dir='ltr'><strong>ea</strong></span> <span class='ocrx_word' id='word_1_65' title='bbox 544 915 663 971; x_wconf 79' lang='lat' dir='ltr'><strong>qua:</strong></span> <span class='ocrx_word' id='word_1_66' title='bbox 688 902 754 957; x_wconf 89' lang='lat' dir='ltr'><strong>de</strong></span> <span class='ocrx_word' id='word_1_67' title='bbox 779 903 943 958; x_wconf 92' lang='lat' dir='ltr'><strong>Patre</strong></span> <span class='ocrx_word' id='word_1_68' title='bbox 974 914 1027 960; x_wconf 92' lang='lat' dir='ltr'><strong>et</strong></span> <span class='ocrx_word' id='word_1_69' title='bbox 1059 905 1196 961; x_wconf 88' lang='lat' dir='ltr'><strong>Filio</strong></span> <span class='ocrx_word' id='word_1_70' title='bbox 1225 907 1427 976; x_wconf 89' lang='lat' dir='ltr'><strong>scripta</strong></span> <span class='ocrx_word' id='word_1_71' title='bbox 1468 915 1637 962; x_wconf 90' lang='lat' dir='ltr'><strong>sunt:</strong></span> <span class='ocrx_word' id='word_1_72' title='bbox 1675 915 1729 961; x_wconf 92' lang='lat' dir='ltr'><strong>et</strong></span> <span class='ocrx_word' id='word_1_73' title='bbox 1773 906 1881 961; x_wconf 93' lang='lat' dir='ltr'><strong>noli</strong></span> <span class='ocrx_word' id='word_1_74' title='bbox 1930 922 2026 960; x_wconf 87' lang='lat' dir='ltr'><strong>cu-</strong></span> 
     </span>
    </p>
   </div>
   <div class='ocr_carea' id='block_1_11' title="bbox 443 993 2022 1068">
    <p class='ocr_par' dir='ltr' id='par_1_11' title="bbox 443 993 2022 1068">
     <span class='ocr_line' id='line_1_11' title="bbox 443 993 2022 1068; baseline 0.004 -21"><span class='ocrx_word' id='word_1_75' title='bbox 443 993 621 1050; x_wconf 89' lang='lat' dir='ltr'><strong>riosus</strong></span> <span class='ocrx_word' id='word_1_76' title='bbox 649 1010 710 1049; x_wconf 93' lang='lat' dir='ltr'><strong>ea</strong></span> <span class='ocrx_word' id='word_1_77' title='bbox 741 1011 861 1065; x_wconf 73' lang='lat' dir='ltr'><strong>quae</strong></span> <span class='ocrx_word' id='word_1_78' title='bbox 887 1012 991 1050; x_wconf 91' lang='lat' dir='ltr'><strong>non</strong></span> <span class='ocrx_word' id='word_1_79' title='bbox 1028 1008 1154 1051; x_wconf 85' lang='lat' dir='ltr'><strong>sunt</strong></span> <span class='ocrx_word' id='word_1_80' title='bbox 1203 999 1400 1068; x_wconf 88' lang='lat' dir='ltr'><strong>scripta</strong></span> <span class='ocrx_word' id='word_1_81' title='bbox 1433 1000 1732 1068; x_wconf 88' lang='lat' dir='ltr'><strong>requirere.</strong></span> <span class='ocrx_word' id='word_1_82' title='bbox 1771 999 1979 1053; x_wconf 78' lang='lat' dir='ltr'><strong>Dicitur</strong></span> <span class='ocrx_word' id='word_1_83' title='bbox 2006 1038 2022 1062; x_wconf 92' lang='lat'><strong>,</strong></span> 
     </span>
    </p>
   </div>
   <div class='ocr_carea' id='block_1_12' title="bbox 443 1085 2024 1160">
    <p class='ocr_par' dir='ltr' id='par_1_12' title="bbox 443 1085 2024 1160">
     <span class='ocr_line' id='line_1_12' title="bbox 443 1085 2024 1160; baseline 0.003 -18"><span class='ocrx_word' id='word_1_84' title='bbox 443 1085 512 1142; x_wconf 84' lang='lat' dir='ltr'><strong>In</strong></span> <span class='ocrx_word' id='word_1_85' title='bbox 534 1087 790 1155; x_wconf 84' lang='lat' dir='ltr'><strong>princioio</strong></span> <span class='ocrx_word' id='word_1_86' title='bbox 815 1101 964 1154; x_wconf 87' lang='lat' dir='ltr'><strong>erat,</strong></span> <span class='ocrx_word' id='word_1_87' title='bbox 995 1099 1050 1144; x_wconf 89' lang='lat' dir='ltr'><strong>et</strong></span> <span class='ocrx_word' id='word_1_88' title='bbox 1085 1091 1207 1159; x_wconf 85' lang='lat' dir='ltr'><strong>quis</strong></span> <span class='ocrx_word' id='word_1_89' title='bbox 1237 1091 1456 1146; x_wconf 76' lang='lat' dir='ltr'><strong>audebit</strong></span> <span class='ocrx_word' id='word_1_90' title='bbox 1487 1091 1917 1160; x_wconf 86' lang='lat' dir='ltr'><strong>reprehendere?</strong></span> <span class='ocrx_word' id='word_1_91' title='bbox 1965 1090 2024 1146; x_wconf 89' lang='lat' dir='ltr'><strong>Si</strong></span> 
     </span>
    </p>
   </div>
   <div class='ocr_carea' id='block_1_13' title="bbox 445 1182 2022 1253">
    <p class='ocr_par' dir='ltr' id='par_1_13' title="bbox 445 1182 2022 1253">
     <span class='ocr_line' id='line_1_13' title="bbox 445 1182 2022 1253; baseline 0.005 -23"><span class='ocrx_word' id='word_1_92' title='bbox 445 1188 626 1233; x_wconf 87' lang='lat' dir='ltr'><strong>autem</strong></span> <span class='ocrx_word' id='word_1_93' title='bbox 653 1190 708 1234; x_wconf 91' lang='lat' dir='ltr'><strong>et</strong></span> <span class='ocrx_word' id='word_1_94' title='bbox 733 1182 1140 1250; x_wconf 88' lang='lat' dir='ltr'><strong>reprehenderit</strong></span> <span class='ocrx_word' id='word_1_95' title='bbox 1174 1192 1222 1238; x_wconf 91' lang='lat' dir='ltr'><strong>te</strong></span> <span class='ocrx_word' id='word_1_96' title='bbox 1248 1225 1263 1250; x_wconf 91' lang='lat'><strong>,</strong></span> <span class='ocrx_word' id='word_1_97' title='bbox 1303 1193 1474 1238; x_wconf 89' lang='lat' dir='ltr'><strong>semet</strong></span> <span class='ocrx_word' id='word_1_98' title='bbox 1530 1187 1706 1253; x_wconf 91' lang='lat' dir='ltr'><strong>ipsum</strong></span> <span class='ocrx_word' id='word_1_99' title='bbox 1740 1186 1905 1239; x_wconf 61' lang='lat' dir='ltr'><strong>laedit.</strong></span> <span class='ocrx_word' id='word_1_100' title='bbox 1955 1183 2022 1238; x_wconf 86' lang='lat' dir='ltr'><strong>In</strong></span> 
     </span>
    </p>
   </div>
   <div class='ocr_carea' id='block_1_14' title="bbox 441 1266 2019 1344">
    <p class='ocr_par' dir='ltr' id='par_1_14' title="bbox 441 1266 2019 1344">
     <span class='ocr_line' id='line_1_14' title="bbox 441 1266 2019 1344; baseline 0.004 -24"><span class='ocrx_word' id='word_1_101' title='bbox 441 1268 703 1339; x_wconf 81' lang='lat' dir='ltr'><strong>principio</strong></span> <span class='ocrx_word' id='word_1_102' title='bbox 726 1280 839 1324; x_wconf 90' lang='lat' dir='ltr'><strong>erat</strong></span> <span class='ocrx_word' id='word_1_103' title='bbox 881 1266 1106 1325; x_wconf 83' lang='lat' dir='ltr'><strong>Verbum</strong></span> <span class='ocrx_word' id='word_1_104' title='bbox 1125 1313 1140 1340; x_wconf 51' lang='grc' dir='ltr'>ρ</span> <span class='ocrx_word' id='word_1_105' title='bbox 1168 1283 1215 1327; x_wconf 89' lang='lat' dir='ltr'><strong>et</strong></span> <span class='ocrx_word' id='word_1_106' title='bbox 1263 1271 1487 1326; x_wconf 79' lang='lat' dir='ltr'><strong>Verbum</strong></span> <span class='ocrx_word' id='word_1_107' title='bbox 1515 1286 1626 1328; x_wconf 88' lang='lat' dir='ltr'><strong>erat</strong></span> <span class='ocrx_word' id='word_1_108' title='bbox 1653 1276 1794 1344; x_wconf 87' lang='lat' dir='ltr'><strong>apud</strong></span> <span class='ocrx_word' id='word_1_109' title='bbox 1832 1274 2019 1341; x_wconf 87' lang='lat' dir='ltr'><strong>Deum,</strong></span> 
     </span>
    </p>
   </div>
   <div class='ocr_carea' id='block_1_15' title="bbox 331 1361 2022 1437">
    <p class='ocr_par' dir='ltr' id='par_1_15' title="bbox 331 1361 2022 1437">
     <span class='ocr_line' id='line_1_15' title="bbox 331 1361 2022 1437; baseline 0.005 -25"><span class='ocrx_word' id='word_1_110' title='bbox 331 1392 343 1412; x_wconf 71' lang='grc' dir='ltr'><em>ι</em></span> <span class='ocrx_word' id='word_1_111' title='bbox 438 1371 488 1414; x_wconf 86' lang='lat' dir='ltr'><strong>et</strong></span> <span class='ocrx_word' id='word_1_112' title='bbox 523 1361 660 1415; x_wconf 84' lang='lat' dir='ltr'><strong>Deus</strong></span> <span class='ocrx_word' id='word_1_113' title='bbox 704 1373 817 1417; x_wconf 90' lang='lat' dir='ltr'><strong>erat</strong></span> <span class='ocrx_word' id='word_1_114' title='bbox 886 1361 1131 1416; x_wconf 84' lang='lat' dir='ltr'><strong>Verbum.</strong></span> <span class='ocrx_word' id='word_1_115' title='bbox 1179 1364 1285 1418; x_wconf 89' lang='lat' dir='ltr'><strong>Hic</strong></span> <span class='ocrx_word' id='word_1_116' title='bbox 1321 1376 1432 1420; x_wconf 87' lang='lat' dir='ltr'><strong>erat</strong></span> <span class='ocrx_word' id='word_1_117' title='bbox 1474 1367 1528 1420; x_wconf 84' lang='lat' dir='ltr'><strong>in</strong></span> <span class='ocrx_word' id='word_1_118' title='bbox 1579 1369 1837 1436; x_wconf 82' lang='lat' dir='ltr'><strong>principio</strong></span> <span class='ocrx_word' id='word_1_119' title='bbox 1881 1369 2022 1437; x_wconf 84' lang='lat' dir='ltr'><strong>apud</strong></span> 
     </span>
    </p>
   </div>
   <div class='ocr_carea' id='block_1_16' title="bbox 439 1451 2022 1528">
    <p class='ocr_par' dir='ltr' id='par_1_16' title="bbox 439 1451 2022 1528">
     <span class='ocr_line' id='line_1_16' title="bbox 439 1451 2022 1528; baseline 0.005 -24"><span class='ocrx_word' id='word_1_120' title='bbox 439 1451 630 1506; x_wconf 82' lang='lat' dir='ltr'><strong>Deum.</strong></span> <span class='ocrx_word' id='word_1_121' title='bbox 659 1453 722 1506; x_wconf 88' lang='lat' dir='ltr'><strong>Et</strong></span> <span class='ocrx_word' id='word_1_122' title='bbox 747 1454 939 1522; x_wconf 60' lang='lat' dir='ltr'><strong>saepius</strong></span> <span class='ocrx_word' id='word_1_123' title='bbox 969 1457 1067 1508; x_wconf 88' lang='lat' dir='ltr'><strong>ista</strong></span> <span class='ocrx_word' id='word_1_124' title='bbox 1106 1456 1376 1519; x_wconf 84' lang='lat' dir='ltr'><strong>dicantur,</strong></span> <span class='ocrx_word' id='word_1_125' title='bbox 1406 1467 1459 1512; x_wconf 90' lang='lat' dir='ltr'><strong>et</strong></span> <span class='ocrx_word' id='word_1_126' title='bbox 1489 1457 2022 1528; x_wconf 81' lang='lat' dir='ltr'><strong>nihilconqua-ratur</strong></span> 
     </span>
    </p>
   </div>
   <div class='ocr_carea' id='block_1_17' title="bbox 439 1541 2021 1614">
    <p class='ocr_par' dir='ltr' id='par_1_17' title="bbox 439 1541 2021 1614">
     <span class='ocr_line' id='line_1_17' title="bbox 439 1541 2021 1614; baseline 0.007 -22"><span class='ocrx_word' id='word_1_127' title='bbox 439 1541 587 1595; x_wconf 80' lang='lat' dir='ltr'><strong>novi.</strong></span> <span class='ocrx_word' id='word_1_128' title='bbox 618 1541 834 1596; x_wconf 90' lang='lat' dir='ltr'><strong>Utinam</strong></span> <span class='ocrx_word' id='word_1_129' title='bbox 864 1553 1042 1598; x_wconf 86' lang='lat' dir='ltr'><strong>autem</strong></span> <span class='ocrx_word' id='word_1_130' title='bbox 1079 1543 1253 1598; x_wconf 92' lang='lat' dir='ltr'><strong>solum</strong></span> <span class='ocrx_word' id='word_1_131' title='bbox 1283 1546 1614 1614; x_wconf 84' lang='lat' dir='ltr'><strong>legeremus!</strong></span> <span class='ocrx_word' id='word_1_132' title='bbox 1650 1548 1856 1601; x_wconf 84' lang='lat' dir='ltr'><strong>utinam</strong></span> <span class='ocrx_word' id='word_1_133' title='bbox 1888 1548 2021 1603; x_wconf 91' lang='lat' dir='ltr'><strong>solis</strong></span> 
     </span>
    </p>
   </div>
   <div class='ocr_carea' id='block_1_18' title="bbox 439 1631 2018 1702">
    <p class='ocr_par' dir='ltr' id='par_1_18' title="bbox 439 1631 2018 1702">
     <span class='ocr_line' id='line_1_18' title="bbox 439 1631 2018 1702; baseline 0.005 -17"><span class='ocrx_word' id='word_1_134' title='bbox 439 1631 738 1702; x_wconf 87' lang='lat' dir='ltr'><strong>Scripturis</strong></span> <span class='ocrx_word' id='word_1_135' title='bbox 770 1636 1006 1689; x_wconf 78' lang='lat' dir='ltr'><strong>contenti</strong></span> <span class='ocrx_word' id='word_1_136' title='bbox 1039 1638 1318 1691; x_wconf 77' lang='lat' dir='ltr'><strong>essemus!</strong></span> <span class='ocrx_word' id='word_1_137' title='bbox 1347 1647 1405 1692; x_wconf 93' lang='lat' dir='ltr'><strong>et</strong></span> <span class='ocrx_word' id='word_1_138' title='bbox 1433 1638 1500 1692; x_wconf 90' lang='lat' dir='ltr'><strong>lis</strong></span> <span class='ocrx_word' id='word_1_139' title='bbox 1546 1637 1691 1692; x_wconf 91' lang='lat' dir='ltr'><strong>nulla</strong></span> <span class='ocrx_word' id='word_1_140' title='bbox 1726 1639 1909 1693; x_wconf 85' lang='lat' dir='ltr'><strong>ﬁebat.</strong></span> <span class='ocrx_word' id='word_1_141' title='bbox 1960 1637 2018 1693; x_wconf 88' lang='lat' dir='ltr'><strong>Si</strong></span> 
     </span>
    </p>
   </div>
   <div class='ocr_carea' id='block_1_19' title="bbox 439 1723 2019 1800">
    <p class='ocr_par' dir='ltr' id='par_1_19' title="bbox 439 1723 2019 1800">
     <span class='ocr_line' id='line_1_19' title="bbox 439 1723 2019 1800; baseline 0.008 -29"><span class='ocrx_word' id='word_1_142' title='bbox 439 1723 586 1775; x_wconf 89' lang='lat' dir='ltr'><strong>enim</strong></span> <span class='ocrx_word' id='word_1_143' title='bbox 614 1724 738 1791; x_wconf 90' lang='lat' dir='ltr'><strong>quis</strong></span> <span class='ocrx_word' id='word_1_144' title='bbox 785 1724 992 1794; x_wconf 83' lang='lat' dir='ltr'><strong>litigat,</strong></span> <span class='ocrx_word' id='word_1_145' title='bbox 1021 1726 1107 1780; x_wconf 87' lang='lat' dir='ltr'><strong>vel</strong></span> <span class='ocrx_word' id='word_1_146' title='bbox 1153 1729 1516 1793; x_wconf 87' lang='lat' dir='ltr'><strong>contradicit,</strong></span> <span class='ocrx_word' id='word_1_147' title='bbox 1558 1730 1803 1800; x_wconf 88' lang='lat' dir='ltr'><strong>jurgatus</strong></span> <span class='ocrx_word' id='word_1_148' title='bbox 1853 1729 2019 1784; x_wconf 79' lang='lat' dir='ltr'><strong>fuerit</strong></span> 
     </span>
    </p>
   </div>
   <div class='ocr_carea' id='block_1_20' title="bbox 439 1791 2090 1892">
    <p class='ocr_par' dir='ltr' id='par_1_20' title="bbox 439 1791 2090 1892">
     <span class='ocr_line' id='line_1_20' title="bbox 439 1791 2090 1892; baseline 0.007 -26"><span class='ocrx_word' id='word_1_149' title='bbox 439 1811 526 1867; x_wconf 87' lang='lat' dir='ltr'><strong>his</strong></span> <span class='ocrx_word' id='word_1_150' title='bbox 553 1828 671 1881; x_wconf 68' lang='lat' dir='ltr'><strong>quae</strong></span> <span class='ocrx_word' id='word_1_151' title='bbox 693 1815 891 1883; x_wconf 89' lang='lat' dir='ltr'><strong>scripta</strong></span> <span class='ocrx_word' id='word_1_152' title='bbox 923 1826 1049 1872; x_wconf 90' lang='lat' dir='ltr'><strong>sunt</strong></span> <span class='ocrx_word' id='word_1_153' title='bbox 1075 1837 1089 1873; x_wconf 91' lang='lat'><strong>:</strong></span> <span class='ocrx_word' id='word_1_154' title='bbox 1121 1835 1226 1875; x_wconf 93' lang='lat' dir='ltr'><strong>non</strong></span> <span class='ocrx_word' id='word_1_155' title='bbox 1257 1821 1325 1875; x_wconf 93' lang='lat' dir='ltr'><strong>ad</strong></span> <span class='ocrx_word' id='word_1_156' title='bbox 1373 1791 1852 1892; x_wconf 42' lang='lat' dir='ltr'><strong>hominemvlitigat</strong></span> <span class='ocrx_word' id='word_1_157' title='bbox 1876 1863 1890 1888; x_wconf 93' lang='lat'><strong>,</strong></span> <span class='ocrx_word' id='word_1_158' title='bbox 1921 1824 2017 1877; x_wconf 93' lang='lat' dir='ltr'><strong>sed</strong></span> <span class='ocrx_word' id='word_1_159' title='bbox 2047 1791 2090 1846; x_wconf 81' lang='grc' dir='ltr'><strong>Β</strong></span> 
     </span>
    </p>
   </div>
   <div class='ocr_carea' id='block_1_21' title="bbox 438 1904 2018 1980">
    <p class='ocr_par' dir='ltr' id='par_1_21' title="bbox 438 1904 2018 1980">
     <span class='ocr_line' id='line_1_21' title="bbox 438 1904 2018 1980; baseline 0.007 -24"><span class='ocrx_word' id='word_1_160' title='bbox 438 1904 508 1958; x_wconf 91' lang='lat' dir='ltr'><strong>ad</strong></span> <span class='ocrx_word' id='word_1_161' title='bbox 562 1905 868 1976; x_wconf 85' lang='lat' dir='ltr'><strong>Deunt_qui</strong></span> <span class='ocrx_word' id='word_1_162' title='bbox 922 1911 1166 1980; x_wconf 85' lang='lat' dir='ltr'><strong>scripsit.</strong></span> <span class='ocrx_word' id='word_1_163' title='bbox 1209 1910 1358 1967; x_wconf 88' lang='lat' dir='ltr'><strong>Unde</strong></span> <span class='ocrx_word' id='word_1_164' title='bbox 1385 1922 1565 1966; x_wconf 89' lang='lat' dir='ltr'><strong>autem</strong></span> <span class='ocrx_word' id='word_1_165' title='bbox 1623 1913 1854 1967; x_wconf 81' lang='lat' dir='ltr'><strong>eﬂicitur</strong></span> <span class='ocrx_word' id='word_1_166' title='bbox 1904 1913 2018 1967; x_wconf 82' lang='lat' dir='ltr'><strong>lis?</strong></span> 
     </span>
    </p>
   </div>
   <div class='ocr_carea' id='block_1_22' title="bbox 437 2004 2014 2069">
    <p class='ocr_par' dir='ltr' id='par_1_22' title="bbox 437 2004 2014 2069">
     <span class='ocr_line' id='line_1_22' title="bbox 437 2004 2014 2069; baseline 0.007 -19"><span class='ocrx_word' id='word_1_167' title='bbox 437 2012 561 2050; x_wconf 88' lang='lat' dir='ltr'><strong>cum</strong></span> <span class='ocrx_word' id='word_1_168' title='bbox 589 2012 652 2051; x_wconf 90' lang='lat' dir='ltr'><strong>ea</strong></span> <span class='ocrx_word' id='word_1_169' title='bbox 687 2015 804 2067; x_wconf 83' lang='lat' dir='ltr'><strong>quae</strong></span> <span class='ocrx_word' id='word_1_170' title='bbox 830 2016 896 2054; x_wconf 83' lang='lat' dir='ltr'><strong>ex</strong></span> <span class='ocrx_word' id='word_1_171' title='bbox 927 2005 1093 2058; x_wconf 91' lang='lat' dir='ltr'><strong>corde</strong></span> <span class='ocrx_word' id='word_1_172' title='bbox 1130 2014 1254 2058; x_wconf 91' lang='lat' dir='ltr'><strong>sunt</strong></span> <span class='ocrx_word' id='word_1_173' title='bbox 1293 2004 1638 2069; x_wconf 78' lang='lat' dir='ltr'><strong>proferimus.</strong></span> <span class='ocrx_word' id='word_1_174' title='bbox 1683 2007 1818 2061; x_wconf 89' lang='lat' dir='ltr'><strong>Puto</strong></span> <span class='ocrx_word' id='word_1_175' title='bbox 1871 2009 2014 2061; x_wconf 90' lang='lat' dir='ltr'><strong>enim</strong></span> 
     </span>
    </p>
   </div>
   <div class='ocr_carea' id='block_1_23' title="bbox 434 2091 2015 2169">
    <p class='ocr_par' dir='ltr' id='par_1_23' title="bbox 434 2091 2015 2169">
     <span class='ocr_line' id='line_1_23' title="bbox 434 2091 2015 2169; baseline 0.009 -29"><span class='ocrx_word' id='word_1_176' title='bbox 434 2091 557 2157; x_wconf 86' lang='lat' dir='ltr'><strong>quia</strong></span> <span class='ocrx_word' id='word_1_177' title='bbox 595 2091 770 2146; x_wconf 85' lang='lat' dir='ltr'><strong>nullus</strong></span> <span class='ocrx_word' id='word_1_178' title='bbox 795 2103 876 2147; x_wconf 89' lang='lat' dir='ltr'><strong>est</strong></span> <span class='ocrx_word' id='word_1_179' title='bbox 901 2095 1286 2165; x_wconf 88' lang='lat' dir='ltr'><strong>aususjurgari</strong></span> <span class='ocrx_word' id='word_1_180' title='bbox 1317 2101 1382 2152; x_wconf 90' lang='lat' dir='ltr'><strong>ad</strong></span> <span class='ocrx_word' id='word_1_181' title='bbox 1417 2098 1607 2153; x_wconf 91' lang='lat' dir='ltr'><strong>Deum.</strong></span> <span class='ocrx_word' id='word_1_182' title='bbox 1633 2099 1704 2152; x_wconf 88' lang='lat' dir='ltr'><strong>Ea</strong></span> <span class='ocrx_word' id='word_1_183' title='bbox 1728 2114 1849 2169; x_wconf 71' lang='lat' dir='ltr'><strong>quae</strong></span> <span class='ocrx_word' id='word_1_184' title='bbox 1875 2101 2015 2154; x_wconf 92' lang='lat' dir='ltr'><strong>scri-</strong></span> 
     </span>
    </p>
   </div>
   <div class='ocr_carea' id='block_1_24' title="bbox 436 2182 2016 2258">
    <p class='ocr_par' dir='ltr' id='par_1_24' title="bbox 436 2182 2016 2258">
     <span class='ocr_line' id='line_1_24' title="bbox 436 2182 2016 2258; baseline 0.008 -27"><span class='ocrx_word' id='word_1_185' title='bbox 436 2191 526 2250; x_wconf 86' lang='lat' dir='ltr'><strong>pta</strong></span> <span class='ocrx_word' id='word_1_186' title='bbox 557 2193 681 2234; x_wconf 92' lang='lat' dir='ltr'><strong>sunt</strong></span> <span class='ocrx_word' id='word_1_187' title='bbox 714 2182 858 2253; x_wconf 86' lang='lat' dir='ltr'><strong>lege,</strong></span> <span class='ocrx_word' id='word_1_188' title='bbox 884 2194 938 2239; x_wconf 92' lang='lat' dir='ltr'><strong>et</strong></span> <span class='ocrx_word' id='word_1_189' title='bbox 965 2185 1142 2240; x_wconf 91' lang='lat' dir='ltr'><strong>nullus</strong></span> <span class='ocrx_word' id='word_1_190' title='bbox 1167 2187 1495 2258; x_wconf 89' lang='lat' dir='ltr'><strong>jurgabitur.</strong></span> <span class='ocrx_word' id='word_1_191' title='bbox 1525 2188 1689 2242; x_wconf 85' lang='lat' dir='ltr'><strong>Pater</strong></span> <span class='ocrx_word' id='word_1_192' title='bbox 1741 2191 1924 2244; x_wconf 87' lang='lat' dir='ltr'><strong>statim</strong></span> <span class='ocrx_word' id='word_1_193' title='bbox 1957 2199 2016 2244; x_wconf 91' lang='lat' dir='ltr'><strong>ut</strong></span> 
     </span>
    </p>
   </div>
   <div class='ocr_carea' id='block_1_25' title="bbox 367 2267 2016 2344">
    <p class='ocr_par' dir='ltr' id='par_1_25' title="bbox 367 2267 2016 2344">
     <span class='ocr_line' id='line_1_25' title="bbox 367 2267 2016 2344; baseline 0.009 -25"><span class='ocrx_word' id='word_1_194' title='bbox 367 2329 377 2338; x_wconf 31' lang='grc' dir='ltr'><strong><em>τ</em></strong></span> <span class='ocrx_word' id='word_1_195' title='bbox 432 2267 612 2323; x_wconf 80' lang='lat' dir='ltr'><strong>dictus</strong></span> <span class='ocrx_word' id='word_1_196' title='bbox 643 2270 744 2324; x_wconf 80' lang='lat' dir='ltr'><strong>fuit</strong></span> <span class='ocrx_word' id='word_1_197' title='bbox 778 2271 970 2338; x_wconf 86' lang='lat' dir='ltr'><strong>Pater,</strong></span> <span class='ocrx_word' id='word_1_198' title='bbox 1001 2276 1229 2344; x_wconf 90' lang='lat' dir='ltr'><strong>requirit</strong></span> <span class='ocrx_word' id='word_1_199' title='bbox 1276 2277 1377 2332; x_wconf 90' lang='lat' dir='ltr'><strong>ista</strong></span> <span class='ocrx_word' id='word_1_200' title='bbox 1413 2294 1510 2333; x_wconf 85' lang='lat' dir='ltr'><strong>vox</strong></span> <span class='ocrx_word' id='word_1_201' title='bbox 1539 2277 1756 2332; x_wconf 83' lang='lat' dir='ltr'><strong>Filium.</strong></span> <span class='ocrx_word' id='word_1_202' title='bbox 1808 2279 2016 2334; x_wconf 89' lang='lat' dir='ltr'><strong>Dicitur</strong></span> 
     </span>
    </p>
   </div>
   <div class='ocr_carea' id='block_1_26' title="bbox 431 2355 2014 2436">
    <p class='ocr_par' dir='ltr' id='par_1_26' title="bbox 431 2355 2014 2436">
     <span class='ocr_line' id='line_1_26' title="bbox 431 2355 2014 2436; baseline 0.009 -26"><span class='ocrx_word' id='word_1_203' title='bbox 431 2355 640 2424; x_wconf 83' lang='lat' dir='ltr'><strong>Filius,</strong></span> <span class='ocrx_word' id='word_1_204' title='bbox 698 2370 752 2414; x_wconf 91' lang='lat' dir='ltr'><strong>et</strong></span> <span class='ocrx_word' id='word_1_205' title='bbox 809 2363 860 2416; x_wconf 92' lang='lat' dir='ltr'><strong>in</strong></span> <span class='ocrx_word' id='word_1_206' title='bbox 915 2380 980 2420; x_wconf 87' lang='lat' dir='ltr'><strong>eo</strong></span> <span class='ocrx_word' id='word_1_207' title='bbox 1033 2367 1152 2436; x_wconf 92' lang='lat' dir='ltr'><strong>ipso</strong></span> <span class='ocrx_word' id='word_1_208' title='bbox 1205 2369 1329 2423; x_wconf 92' lang='lat' dir='ltr'><strong>dum</strong></span> <span class='ocrx_word' id='word_1_209' title='bbox 1382 2370 1623 2434; x_wconf 91' lang='lat' dir='ltr'><strong>dicitur,</strong></span> <span class='ocrx_word' id='word_1_210' title='bbox 1661 2370 1819 2425; x_wconf 86' lang='lat' dir='ltr'><strong>Pater</strong></span> <span class='ocrx_word' id='word_1_211' title='bbox 1877 2386 2014 2426; x_wconf 87' lang='lat' dir='ltr'><strong>con-</strong></span> 
     </span>
    </p>
   </div>
   <div class='ocr_carea' id='block_1_27' title="bbox 429 2449 2013 2528">
    <p class='ocr_par' dir='ltr' id='par_1_27' title="bbox 429 2449 2013 2528">
     <span class='ocr_line' id='line_1_27' title="bbox 429 2449 2013 2528; baseline 0.009 -26"><span class='ocrx_word' id='word_1_212' title='bbox 429 2449 632 2505; x_wconf 81' lang='lat' dir='ltr'><strong>litetur.</strong></span> <span class='ocrx_word' id='word_1_213' title='bbox 690 2453 804 2508; x_wconf 87' lang='lat' dir='ltr'><strong>Non</strong></span> <span class='ocrx_word' id='word_1_214' title='bbox 851 2457 996 2510; x_wconf 91' lang='lat' dir='ltr'><strong>enim</strong></span> <span class='ocrx_word' id='word_1_215' title='bbox 1029 2474 1196 2514; x_wconf 78' lang='lat' dir='ltr'><strong>vacua</strong></span> <span class='ocrx_word' id='word_1_216' title='bbox 1229 2476 1328 2516; x_wconf 83' lang='lat' dir='ltr'><strong>vox</strong></span> <span class='ocrx_word' id='word_1_217' title='bbox 1361 2472 1442 2516; x_wconf 90' lang='lat' dir='ltr'><strong>est</strong></span> <span class='ocrx_word' id='word_1_218' title='bbox 1482 2461 1681 2528; x_wconf 82' lang='lat' dir='ltr'><strong>l’ater,</strong></span> <span class='ocrx_word' id='word_1_219' title='bbox 1717 2465 1810 2517; x_wconf 92' lang='lat' dir='ltr'><strong>sed</strong></span> <span class='ocrx_word' id='word_1_220' title='bbox 1853 2463 2013 2517; x_wconf 85' lang='lat' dir='ltr'><strong>exhi-</strong></span> 
     </span>
    </p>
   </div>
   <div class='ocr_carea' id='block_1_28' title="bbox 428 2540 2014 2625">
    <p class='ocr_par' dir='ltr' id='par_1_28' title="bbox 428 2540 2014 2625">
     <span class='ocr_line' id='line_1_28' title="bbox 428 2540 2014 2625; baseline 0.011 -32"><span class='ocrx_word' id='word_1_221' title='bbox 428 2540 563 2596; x_wconf 85' lang='lat' dir='ltr'><strong>bens</strong></span> <span class='ocrx_word' id='word_1_222' title='bbox 610 2555 854 2602; x_wconf 90' lang='lat' dir='ltr'><strong>naturam</strong></span> <span class='ocrx_word' id='word_1_223' title='bbox 905 2548 1052 2605; x_wconf 86' lang='lat' dir='ltr'><strong>Filii.</strong></span> <span class='ocrx_word' id='word_1_224' title='bbox 1093 2552 1209 2607; x_wconf 86' lang='lat' dir='ltr'><strong>Non</strong></span> <span class='ocrx_word' id='word_1_225' title='bbox 1251 2569 1421 2608; x_wconf 91' lang='lat' dir='ltr'><strong>vacua</strong></span> <span class='ocrx_word' id='word_1_226' title='bbox 1462 2565 1544 2609; x_wconf 92' lang='lat' dir='ltr'><strong>est</strong></span> <span class='ocrx_word' id='word_1_227' title='bbox 1581 2571 1680 2610; x_wconf 88' lang='lat' dir='ltr'><strong>vox</strong></span> <span class='ocrx_word' id='word_1_228' title='bbox 1723 2572 1843 2625; x_wconf 66' lang='lat' dir='ltr'><strong>quae</strong></span> <span class='ocrx_word' id='word_1_229' title='bbox 1884 2557 2014 2611; x_wconf 88' lang='lat' dir='ltr'><strong>dicit</strong></span> 
     </span>
    </p>
   </div>
   <div class='ocr_carea' id='block_1_29' title="bbox 429 2632 2009 2713">
    <p class='ocr_par' dir='ltr' id='par_1_29' title="bbox 429 2632 2009 2713">
     <span class='ocr_line' id='line_1_29' title="bbox 429 2632 2009 2713; baseline 0.009 -26"><span class='ocrx_word' id='word_1_230' title='bbox 429 2632 660 2699; x_wconf 80' lang='lat' dir='ltr'><strong>Filium,</strong></span> <span class='ocrx_word' id='word_1_231' title='bbox 724 2640 818 2692; x_wconf 89' lang='lat' dir='ltr'><strong>sed</strong></span> <span class='ocrx_word' id='word_1_232' title='bbox 885 2645 1198 2709; x_wconf 69' lang='lat' dir='ltr'><strong>praecedens</strong></span> <span class='ocrx_word' id='word_1_233' title='bbox 1247 2648 1538 2699; x_wconf 88' lang='lat' dir='ltr'><strong>conﬁtetur</strong></span> <span class='ocrx_word' id='word_1_234' title='bbox 1592 2645 1849 2713; x_wconf 90' lang='lat' dir='ltr'><strong>Patrem,</strong></span> <span class='ocrx_word' id='word_1_235' title='bbox 1903 2662 2009 2701; x_wconf 91' lang='lat' dir='ltr'><strong>nou</strong></span> 
     </span>
    </p>
   </div>
   <div class='ocr_carea' id='block_1_30' title="bbox 438 2727 2010 2803">
    <p class='ocr_par' dir='ltr' id='par_1_30' title="bbox 438 2727 2010 2803">
     <span class='ocr_line' id='line_1_30' title="bbox 438 2727 2010 2803; baseline 0.01 -27"><span class='ocrx_word' id='word_1_236' title='bbox 438 2727 774 2794; x_wconf 89' lang='lat' dir='ltr'><strong>temporibus</strong></span> <span class='ocrx_word' id='word_1_237' title='bbox 799 2768 815 2795; x_wconf 90' lang='lat'><strong>,</strong></span> <span class='ocrx_word' id='word_1_238' title='bbox 853 2745 957 2784; x_wconf 89' lang='lat' dir='ltr'><strong>non</strong></span> <span class='ocrx_word' id='word_1_239' title='bbox 1003 2733 1229 2802; x_wconf 89' lang='lat' dir='ltr'><strong>spatiis,</strong></span> <span class='ocrx_word' id='word_1_240' title='bbox 1277 2739 1370 2788; x_wconf 90' lang='lat' dir='ltr'><strong>sed</strong></span> <span class='ocrx_word' id='word_1_241' title='bbox 1415 2735 1675 2803; x_wconf 84' lang='lat' dir='ltr'><strong>dignitate</strong></span> <span class='ocrx_word' id='word_1_242' title='bbox 1699 2745 1752 2790; x_wconf 78' lang='lat' dir='ltr'><strong>et</strong></span> <span class='ocrx_word' id='word_1_243' title='bbox 1783 2736 2010 2791; x_wconf 82' lang='lat' dir='ltr'><strong>honore.</strong></span> 
     </span>
    </p>
   </div>
   <div class='ocr_carea' id='block_1_31' title="bbox 429 2813 2013 2898">
    <p class='ocr_par' dir='ltr' id='par_1_31' title="bbox 429 2813 2013 2898">
     <span class='ocr_line' id='line_1_31' title="bbox 429 2813 2013 2898; baseline 0.01 -28"><span class='ocrx_word' id='word_1_244' title='bbox 429 2813 594 2871; x_wconf 84' lang='lat' dir='ltr'><strong>Pater</strong></span> <span class='ocrx_word' id='word_1_245' title='bbox 649 2819 822 2891; x_wconf 76' lang='lat' dir='ltr'><strong>diligit</strong></span> <span class='ocrx_word' id='word_1_246' title='bbox 862 2821 1089 2892; x_wconf 85' lang='lat' dir='ltr'><strong>Filium,</strong></span> <span class='ocrx_word' id='word_1_247' title='bbox 1136 2827 1309 2896; x_wconf 84' lang='lat' dir='ltr'><strong>diligit</strong></span> <span class='ocrx_word' id='word_1_248' title='bbox 1349 2837 1403 2882; x_wconf 90' lang='lat' dir='ltr'><strong>et</strong></span> <span class='ocrx_word' id='word_1_249' title='bbox 1451 2829 1707 2898; x_wconf 84' lang='lat' dir='ltr'><strong>diligitur.</strong></span> <span class='ocrx_word' id='word_1_250' title='bbox 1754 2829 1908 2885; x_wconf 88' lang='lat' dir='ltr'><strong>Unde</strong></span> <span class='ocrx_word' id='word_1_251' title='bbox 1947 2830 2013 2886; x_wconf 88' lang='lat' dir='ltr'><strong>lis</strong></span> 
     </span>
    </p>
   </div>
   <div class='ocr_carea' id='block_1_32' title="bbox 428 2906 2011 2991">
    <p class='ocr_par' dir='ltr' id='par_1_32' title="bbox 428 2906 2011 2991">
     <span class='ocr_line' id='line_1_32' title="bbox 428 2906 2011 2991; baseline 0.011 -30"><span class='ocrx_word' id='word_1_252' title='bbox 428 2906 534 2962; x_wconf 85' lang='lat' dir='ltr'><strong>ista</strong></span> <span class='ocrx_word' id='word_1_253' title='bbox 597 2919 714 2977; x_wconf 90' lang='lat' dir='ltr'><strong>est,</strong></span> <span class='ocrx_word' id='word_1_254' title='bbox 761 2930 867 2968; x_wconf 92' lang='lat' dir='ltr'><strong>non</strong></span> <span class='ocrx_word' id='word_1_255' title='bbox 917 2917 1151 2974; x_wconf 90' lang='lat' dir='ltr'><strong>invenio.</strong></span> <span class='ocrx_word' id='word_1_256' title='bbox 1210 2917 1323 2973; x_wconf 93' lang='lat' dir='ltr'><strong>lllic</strong></span> <span class='ocrx_word' id='word_1_257' title='bbox 1374 2935 1514 2988; x_wconf 85' lang='lat' dir='ltr'><strong>pax,</strong></span> <span class='ocrx_word' id='word_1_258' title='bbox 1572 2932 1627 2976; x_wconf 93' lang='lat' dir='ltr'><strong>et</strong></span> <span class='ocrx_word' id='word_1_259' title='bbox 1682 2923 1840 2976; x_wconf 90' lang='lat' dir='ltr'><strong>isthic</strong></span> <span class='ocrx_word' id='word_1_260' title='bbox 1892 2922 2011 2991; x_wconf 87' lang='lat' dir='ltr'><strong>jur-</strong></span> 
     </span>
    </p>
   </div>
   <div class='ocr_carea' id='block_1_33' title="bbox 429 3001 2012 3084">
    <p class='ocr_par' dir='ltr' id='par_1_33' title="bbox 429 3001 2012 3084">
     <span class='ocr_line' id='line_1_33' title="bbox 429 3001 2012 3084; baseline 0.012 -32"><span class='ocrx_word' id='word_1_261' title='bbox 429 3001 540 3068; x_wconf 88' lang='lat' dir='ltr'><strong>gia.</strong></span> <span class='ocrx_word' id='word_1_262' title='bbox 590 3001 705 3058; x_wconf 92' lang='lat' dir='ltr'><strong>Illic</strong></span> <span class='ocrx_word' id='word_1_263' title='bbox 764 3005 1014 3074; x_wconf 88' lang='lat' dir='ltr'><strong>dilectio,</strong></span> <span class='ocrx_word' id='word_1_264' title='bbox 1070 3018 1126 3064; x_wconf 91' lang='lat' dir='ltr'><strong>et</strong></span> <span class='ocrx_word' id='word_1_265' title='bbox 1167 3010 1254 3067; x_wconf 91' lang='lat' dir='ltr'><strong>hic</strong></span> <span class='ocrx_word' id='word_1_266' title='bbox 1301 3013 1596 3069; x_wconf 91' lang='lat' dir='ltr'><strong>contentio.</strong></span> <span class='ocrx_word' id='word_1_267' title='bbox 1634 3012 1689 3068; x_wconf 87' lang='lat' dir='ltr'><strong>Si</strong></span> <span class='ocrx_word' id='word_1_268' title='bbox 1741 3015 2012 3084; x_wconf 83' lang='lat' dir='ltr'><strong>diligimus</strong></span> 
     </span>
    </p>
   </div>
   <div class='ocr_carea' id='block_1_34' title="bbox 429 3089 2014 3175">
    <p class='ocr_par' dir='ltr' id='par_1_34' title="bbox 429 3089 2014 3175">
     <span class='ocr_line' id='line_1_34' title="bbox 429 3089 2014 3175; baseline 0.011 -30"><span class='ocrx_word' id='word_1_269' title='bbox 429 3089 647 3148; x_wconf 88' lang='lat' dir='ltr'><strong>Patrem</strong></span> <span class='ocrx_word' id='word_1_270' title='bbox 669 3136 684 3162; x_wconf 90' lang='lat'><strong>,</strong></span> <span class='ocrx_word' id='word_1_271' title='bbox 718 3096 992 3152; x_wconf 91' lang='lat' dir='ltr'><strong>imitemur</strong></span> <span class='ocrx_word' id='word_1_272' title='bbox 1021 3115 1208 3170; x_wconf 89' lang='lat' dir='ltr'><strong>pacem</strong></span> <span class='ocrx_word' id='word_1_273' title='bbox 1239 3103 1489 3171; x_wconf 66' lang='lat' dir='ltr'><strong>quaeillic</strong></span> <span class='ocrx_word' id='word_1_274' title='bbox 1517 3114 1595 3159; x_wconf 82' lang='lat' dir='ltr'><strong>est</strong></span> <span class='ocrx_word' id='word_1_275' title='bbox 1624 3105 1760 3175; x_wconf 85' lang='lat'><strong>(79).</strong></span> <span class='ocrx_word' id='word_1_276' title='bbox 1800 3107 1856 3160; x_wconf 89' lang='lat' dir='ltr'><strong>Si</strong></span> <span class='ocrx_word' id='word_1_277' title='bbox 1893 3108 2014 3162; x_wconf 92' lang='lat' dir='ltr'><strong>dili-</strong></span> 
     </span>
    </p>
   </div>
   <div class='ocr_carea' id='block_1_35' title="bbox 432 3186 2009 3267">
    <p class='ocr_par' dir='ltr' id='par_1_35' title="bbox 432 3186 2009 3267">
     <span class='ocr_line' id='line_1_35' title="bbox 432 3186 2009 3267; baseline 0.011 -31"><span class='ocrx_word' id='word_1_278' title='bbox 432 3186 612 3255; x_wconf 86' lang='lat' dir='ltr'><strong>gimus</strong></span> <span class='ocrx_word' id='word_1_279' title='bbox 647 3186 883 3255; x_wconf 88' lang='lat' dir='ltr'><strong>Filium,</strong></span> <span class='ocrx_word' id='word_1_280' title='bbox 939 3205 1044 3244; x_wconf 92' lang='lat' dir='ltr'><strong>non</strong></span> <span class='ocrx_word' id='word_1_281' title='bbox 1085 3201 1167 3246; x_wconf 90' lang='lat' dir='ltr'><strong>est</strong></span> <span class='ocrx_word' id='word_1_282' title='bbox 1226 3193 1581 3251; x_wconf 90' lang='lat' dir='ltr'><strong>dissensionis</strong></span> <span class='ocrx_word' id='word_1_283' title='bbox 1612 3197 1772 3251; x_wconf 90' lang='lat' dir='ltr'><strong>Deus.</strong></span> <span class='ocrx_word' id='word_1_284' title='bbox 1829 3198 2009 3267; x_wconf 85' lang='lat' dir='ltr'><strong>Nosti,</strong></span> 
     </span>
    </p>
   </div>
   <div class='ocr_carea' id='block_1_36' title="bbox 439 3277 2012 3358">
    <p class='ocr_par' dir='ltr' id='par_1_36' title="bbox 439 3277 2012 3358">
     <span class='ocr_line' id='line_1_36' title="bbox 439 3277 2012 3358; baseline 0.01 -30"><span class='ocrx_word' id='word_1_285' title='bbox 439 3278 572 3330; x_wconf 89' lang='lat' dir='ltr'><strong>doce</strong></span> <span class='ocrx_word' id='word_1_286' title='bbox 607 3295 618 3330; x_wconf 88' lang='lat'>:</span> <span class='ocrx_word' id='word_1_287' title='bbox 651 3277 905 3348; x_wconf 84' lang='lat' dir='ltr'><strong>ignoras,</strong></span> <span class='ocrx_word' id='word_1_288' title='bbox 957 3279 1203 3336; x_wconf 92' lang='lat' dir='ltr'><strong>edocere.</strong></span> <span class='ocrx_word' id='word_1_289' title='bbox 1247 3282 1340 3338; x_wconf 92' lang='lat' dir='ltr'><strong>Lis</strong></span> <span class='ocrx_word' id='word_1_290' title='bbox 1383 3288 1528 3339; x_wconf 92' lang='lat' dir='ltr'><strong>enim</strong></span> <span class='ocrx_word' id='word_1_291' title='bbox 1584 3300 1760 3355; x_wconf 86' lang='lat' dir='ltr'><strong>neque</strong></span> <span class='ocrx_word' id='word_1_292' title='bbox 1817 3290 2012 3358; x_wconf 89' lang='lat' dir='ltr'><strong>docet,</strong></span> 
     </span>
    </p>
   </div>
   <div class='ocr_carea' id='block_1_37' title="bbox 438 3369 2011 3448">
    <p class='ocr_par' dir='ltr' id='par_1_37' title="bbox 438 3369 2011 3448">
     <span class='ocr_line' id='line_1_37' title="bbox 438 3369 2011 3448; baseline 0.008 -26"><span class='ocrx_word' id='word_1_293' title='bbox 438 3383 615 3437; x_wconf 89' lang='lat' dir='ltr'><strong>neque</strong></span> <span class='ocrx_word' id='word_1_294' title='bbox 655 3369 904 3426; x_wconf 91' lang='lat' dir='ltr'><strong>docetur.</strong></span> <span class='ocrx_word' id='word_1_295' title='bbox 957 3371 1112 3438; x_wconf 85' lang='lat' dir='ltr'><strong>Quod</strong></span> <span class='ocrx_word' id='word_1_296' title='bbox 1165 3377 1608 3445; x_wconf 87' lang='lat' dir='ltr'><strong>comprehendis,</strong></span> <span class='ocrx_word' id='word_1_297' title='bbox 1654 3379 1757 3432; x_wconf 91' lang='lat' dir='ltr'><strong>hoc</strong></span> <span class='ocrx_word' id='word_1_298' title='bbox 1809 3395 2011 3448; x_wconf 68' lang='lat' dir='ltr'><strong>qumre.</strong></span> 
     </span>
    </p>
   </div>
   <div class='ocr_carea' id='block_1_38' title="bbox 427 3457 2013 3541">
    <p class='ocr_par' dir='ltr' id='par_1_38' title="bbox 427 3457 2013 3541">
     <span class='ocr_line' id='line_1_38' title="bbox 427 3457 2013 3541; baseline 0.01 -29"><span class='ocrx_word' id='word_1_299' title='bbox 427 3457 713 3529; x_wconf 86' lang='lat' dir='ltr'><strong>Invenisti,</strong></span> <span class='ocrx_word' id='word_1_300' title='bbox 747 3462 954 3534; x_wconf 89' lang='lat' dir='ltr'><strong>gratias</strong></span> <span class='ocrx_word' id='word_1_301' title='bbox 987 3480 1105 3536; x_wconf 88' lang='lat' dir='ltr'><strong>age.</strong></span> <span class='ocrx_word' id='word_1_302' title='bbox 1135 3464 1286 3521; x_wconf 86' lang='lat' dir='ltr'><strong>Nosti</strong></span> <span class='ocrx_word' id='word_1_303' title='bbox 1311 3508 1326 3533; x_wconf 91' lang='lat'><strong>,</strong></span> <span class='ocrx_word' id='word_1_304' title='bbox 1361 3469 1533 3524; x_wconf 89' lang='lat' dir='ltr'><strong>trade.</strong></span> <span class='ocrx_word' id='word_1_305' title='bbox 1561 3469 1674 3541; x_wconf 88' lang='lat' dir='ltr'><strong>Ego</strong></span> <span class='ocrx_word' id='word_1_306' title='bbox 1695 3481 1870 3526; x_wconf 89' lang='lat' dir='ltr'><strong>autem</strong></span> <span class='ocrx_word' id='word_1_307' title='bbox 1898 3474 2013 3528; x_wconf 82' lang='lat' dir='ltr'><strong>seio</strong></span> 
     </span>
    </p>
   </div>
   <div class='ocr_carea' id='block_1_39' title="bbox 423 3551 2014 3630">
    <p class='ocr_par' dir='ltr' id='par_1_39' title="bbox 423 3551 2014 3630">
     <span class='ocr_line' id='line_1_39' title="bbox 423 3551 2014 3630; baseline 0.011 -28"><span class='ocrx_word' id='word_1_308' title='bbox 423 3552 554 3621; x_wconf 86' lang='lat' dir='ltr'><strong>quia</strong></span> <span class='ocrx_word' id='word_1_309' title='bbox 597 3553 798 3611; x_wconf 91' lang='lat' dir='ltr'><strong>nescis.</strong></span> <span class='ocrx_word' id='word_1_310' title='bbox 834 3551 983 3610; x_wconf 91' lang='lat' dir='ltr'><strong>Unde</strong></span> <span class='ocrx_word' id='word_1_311' title='bbox 1013 3557 1132 3612; x_wconf 90' lang='lat' dir='ltr'><strong>scio</strong></span> <span class='ocrx_word' id='word_1_312' title='bbox 1174 3561 1296 3629; x_wconf 88' lang='lat' dir='ltr'><strong>quia</strong></span> <span class='ocrx_word' id='word_1_313' title='bbox 1327 3575 1425 3630; x_wconf 86' lang='lat' dir='ltr'><strong>ego</strong></span> <span class='ocrx_word' id='word_1_314' title='bbox 1470 3563 1673 3617; x_wconf 86' lang='lat' dir='ltr'><strong>nescio.</strong></span> <span class='ocrx_word' id='word_1_315' title='bbox 1709 3561 1862 3620; x_wconf 87' lang='lat' dir='ltr'><strong>Unde</strong></span> <span class='ocrx_word' id='word_1_316' title='bbox 1913 3565 2014 3621; x_wconf 91' lang='lat' dir='ltr'><strong>hoc</strong></span> 
     </span>
    </p>
   </div>
   <div class='ocr_carea' id='block_1_40' title="bbox 425 3644 2006 3720">
    <p class='ocr_par' dir='ltr' id='par_1_40' title="bbox 425 3644 2006 3720">
     <span class='ocr_line' id='line_1_40' title="bbox 425 3644 2006 3720; baseline 0.008 -24"><span class='ocrx_word' id='word_1_317' title='bbox 425 3644 556 3713; x_wconf 73' lang='lat' dir='ltr'><strong>quia</strong></span> <span class='ocrx_word' id='word_1_318' title='bbox 584 3645 792 3714; x_wconf 84' lang='lat' dir='ltr'><strong>ignoro.</strong></span> <span class='ocrx_word' id='word_1_319' title='bbox 833 3644 1003 3702; x_wconf 85' lang='lat' dir='ltr'><strong>Verax</strong></span> <span class='ocrx_word' id='word_1_320' title='bbox 1031 3648 1176 3703; x_wconf 91' lang='lat' dir='ltr'><strong>enim</strong></span> <span class='ocrx_word' id='word_1_321' title='bbox 1214 3659 1299 3705; x_wconf 92' lang='lat' dir='ltr'><strong>est</strong></span> <span class='ocrx_word' id='word_1_322' title='bbox 1334 3653 1426 3720; x_wconf 92' lang='lat' dir='ltr'><strong>qui</strong></span> <span class='ocrx_word' id='word_1_323' title='bbox 1463 3652 1599 3707; x_wconf 78' lang='lat' dir='ltr'><strong>dixit</strong></span> <span class='ocrx_word' id='word_1_324' title='bbox 1631 3670 1644 3708; x_wconf 92' lang='lat'>:</span> <span class='ocrx_word' id='word_1_325' title='bbox 1684 3651 1855 3709; x_wconf 85' lang='lat' dir='ltr'><strong>Nemo</strong></span> <span class='ocrx_word' id='word_1_326' title='bbox 1912 3672 2006 3709; x_wconf 87' lang='lat' dir='ltr'><strong>no-</strong></span> 
     </span>
    </p>
   </div>
   <div class='ocr_carea' id='block_1_41' title="bbox 422 3737 2009 3820">
    <p class='ocr_par' dir='ltr' id='par_1_41' title="bbox 422 3737 2009 3820">
     <span class='ocr_line' id='line_1_41' title="bbox 422 3737 2009 3820; baseline 0.009 -31"><span class='ocrx_word' id='word_1_327' title='bbox 422 3739 494 3790; x_wconf 81' lang='lat' dir='ltr'><strong>vit</strong></span> <span class='ocrx_word' id='word_1_328' title='bbox 522 3737 590 3792; x_wconf 70' lang='lat'><strong>7°.</strong></span> <span class='ocrx_word' id='word_1_329' title='bbox 622 3738 928 3794; x_wconf 89' lang='lat' dir='ltr'><strong>Secundum</strong></span> <span class='ocrx_word' id='word_1_330' title='bbox 961 3741 1119 3797; x_wconf 91' lang='lat' dir='ltr'><strong>istam</strong></span> <span class='ocrx_word' id='word_1_331' title='bbox 1156 3742 1320 3813; x_wconf 79' lang='lat' dir='ltr'><strong>igitur</strong></span> <span class='ocrx_word' id='word_1_332' title='bbox 1367 3760 1587 3810; x_wconf 89' lang='lat' dir='ltr'><strong>vocem,</strong></span> <span class='ocrx_word' id='word_1_333' title='bbox 1647 3748 1825 3802; x_wconf 90' lang='lat' dir='ltr'><strong>omnis</strong></span> <span class='ocrx_word' id='word_1_334' title='bbox 1884 3749 2009 3820; x_wconf 88' lang='lat' dir='ltr'><strong>qui-</strong></span> 
     </span>
    </p>
   </div>
   <div class='ocr_carea' id='block_1_42' title="bbox 423 3833 2011 3909">
    <p class='ocr_par' dir='ltr' id='par_1_42' title="bbox 423 3833 2011 3909">
     <span class='ocr_line' id='line_1_42' title="bbox 423 3833 2011 3909; baseline 0.009 -27"><span class='ocrx_word' id='word_1_335' title='bbox 423 3845 636 3899; x_wconf 92' lang='lat' dir='ltr'><strong>cunque</strong></span> <span class='ocrx_word' id='word_1_336' title='bbox 658 3847 718 3886; x_wconf 90' lang='lat' dir='ltr'><strong>se</strong></span> <span class='ocrx_word' id='word_1_337' title='bbox 746 3833 876 3888; x_wconf 89' lang='lat' dir='ltr'><strong>dicit</strong></span> <span class='ocrx_word' id='word_1_338' title='bbox 906 3834 1049 3889; x_wconf 90' lang='lat' dir='ltr'><strong>scire</strong></span> <span class='ocrx_word' id='word_1_339' title='bbox 1074 3839 1354 3892; x_wconf 89' lang='lat' dir='ltr'><strong>mentitur.</strong></span> <span class='ocrx_word' id='word_1_340' title='bbox 1383 3837 1491 3894; x_wconf 91' lang='lat' dir='ltr'><strong>Sed</strong></span> <span class='ocrx_word' id='word_1_341' title='bbox 1526 3838 1666 3896; x_wconf 80' lang='lat' dir='ltr'><strong>forte</strong></span> <span class='ocrx_word' id='word_1_342' title='bbox 1707 3843 1842 3898; x_wconf 91' lang='lat' dir='ltr'><strong>dicis</strong></span> <span class='ocrx_word' id='word_1_343' title='bbox 1862 3883 1877 3909; x_wconf 92' lang='lat'><strong>,</strong></span> <span class='ocrx_word' id='word_1_344' title='bbox 1917 3843 2011 3898; x_wconf 87' lang='lat' dir='ltr'><strong>Dei</strong></span> 
     </span>
    </p>
   </div>
   <div class='ocr_carea' id='block_1_43' title="bbox 424 3927 2008 4007">
    <p class='ocr_par' dir='ltr' id='par_1_43' title="bbox 424 3927 2008 4007">
     <span class='ocr_line' id='line_1_43' title="bbox 424 3927 2008 4007; baseline 0.011 -32"><span class='ocrx_word' id='word_1_345' title='bbox 424 3937 646 3990; x_wconf 86' lang='lat' dir='ltr'><strong>sumus,</strong></span> <span class='ocrx_word' id='word_1_346' title='bbox 676 3931 729 3978; x_wconf 93' lang='lat' dir='ltr'><strong>et</strong></span> <span class='ocrx_word' id='word_1_347' title='bbox 779 3941 887 3980; x_wconf 89' lang='lat' dir='ltr'><strong>non</strong></span> <span class='ocrx_word' id='word_1_348' title='bbox 938 3927 1140 3983; x_wconf 86' lang='lat' dir='ltr'><strong>scimus</strong></span> <span class='ocrx_word' id='word_1_349' title='bbox 1189 3941 1451 3998; x_wconf 90' lang='lat' dir='ltr'><strong>quantum</strong></span> <span class='ocrx_word' id='word_1_350' title='bbox 1503 3943 1558 3987; x_wconf 93' lang='lat' dir='ltr'><strong>et</strong></span> <span class='ocrx_word' id='word_1_351' title='bbox 1609 3937 2008 4007; x_wconf 79' lang='lat' dir='ltr'><strong>pertingiinus:</strong></span> 
     </span>
    </p>
   </div>
   <div class='ocr_carea' id='block_1_44' title="bbox 426 4013 2008 4098">
    <p class='ocr_par' dir='ltr' id='par_1_44' title="bbox 426 4013 2008 4098">
     <span class='ocr_line' id='line_1_44' title="bbox 426 4013 2008 4098; baseline 0.011 -32"><span class='ocrx_word' id='word_1_352' title='bbox 426 4013 532 4068; x_wconf 87' lang='lat' dir='ltr'><strong>hoc</strong></span> <span class='ocrx_word' id='word_1_353' title='bbox 559 4015 737 4070; x_wconf 90' lang='lat' dir='ltr'><strong>solum</strong></span> <span class='ocrx_word' id='word_1_354' title='bbox 771 4019 897 4087; x_wconf 92' lang='lat' dir='ltr'><strong>quia</strong></span> <span class='ocrx_word' id='word_1_355' title='bbox 928 4028 1013 4074; x_wconf 89' lang='lat' dir='ltr'><strong>est</strong></span> <span class='ocrx_word' id='word_1_356' title='bbox 1043 4039 1059 4075; x_wconf 89' lang='lat'><strong>:</strong></span> <span class='ocrx_word' id='word_1_357' title='bbox 1097 4037 1203 4076; x_wconf 91' lang='lat' dir='ltr'><strong>n0n</strong></span> <span class='ocrx_word' id='word_1_358' title='bbox 1237 4033 1414 4077; x_wconf 89' lang='lat' dir='ltr'><strong>tamen</strong></span> <span class='ocrx_word' id='word_1_359' title='bbox 1448 4026 1624 4093; x_wconf 86' lang='lat' dir='ltr'><strong>qualis</strong></span> <span class='ocrx_word' id='word_1_360' title='bbox 1668 4036 1719 4081; x_wconf 91' lang='lat' dir='ltr'><strong>et</strong></span> <span class='ocrx_word' id='word_1_361' title='bbox 1748 4038 2008 4098; x_wconf 85' lang='lat' dir='ltr'><strong>quantum</strong></span> 
     </span>
    </p>
   </div>
   <div class='ocr_carea' id='block_1_45' title="bbox 422 4106 2008 4188">
    <p class='ocr_par' dir='ltr' id='par_1_45' title="bbox 422 4106 2008 4188">
     <span class='ocr_line' id='line_1_45' title="bbox 422 4106 2008 4188; baseline 0.011 -30"><span class='ocrx_word' id='word_1_362' title='bbox 422 4113 528 4160; x_wconf 90' lang='lat' dir='ltr'><strong>est.</strong></span> <span class='ocrx_word' id='word_1_363' title='bbox 557 4106 692 4175; x_wconf 86' lang='lat' dir='ltr'><strong>Quia</strong></span> <span class='ocrx_word' id='word_1_364' title='bbox 721 4109 887 4179; x_wconf 82' lang='lat' dir='ltr'><strong>igitur</strong></span> <span class='ocrx_word' id='word_1_365' title='bbox 917 4122 1036 4178; x_wconf 91' lang='lat' dir='ltr'><strong>est,</strong></span> <span class='ocrx_word' id='word_1_366' title='bbox 1059 4113 1294 4180; x_wconf 91' lang='lat' dir='ltr'><strong>scimus;</strong></span> <span class='ocrx_word' id='word_1_367' title='bbox 1330 4130 1433 4168; x_wconf 91' lang='lat' dir='ltr'><strong>non</strong></span> <span class='ocrx_word' id='word_1_368' title='bbox 1463 4125 1638 4171; x_wconf 91' lang='lat' dir='ltr'><strong>tamen</strong></span> <span class='ocrx_word' id='word_1_369' title='bbox 1669 4121 1862 4188; x_wconf 88' lang='lat' dir='ltr'><strong>qualis.</strong></span> <span class='ocrx_word' id='word_1_370' title='bbox 1891 4119 2008 4176; x_wconf 87' lang='lat' dir='ltr'><strong>Non</strong></span> 
     </span>
    </p>
   </div>
   <div class='ocr_carea' id='block_1_46' title="bbox 421 4199 2006 4267">
    <p class='ocr_par' dir='ltr' id='par_1_46' title="bbox 421 4199 2006 4267">
     <span class='ocr_line' id='line_1_46' title="bbox 421 4199 2006 4267; baseline 0.012 -19"><span class='ocrx_word' id='word_1_371' title='bbox 421 4199 566 4250; x_wconf 90' lang='lat' dir='ltr'><strong>enim</strong></span> <span class='ocrx_word' id='word_1_372' title='bbox 597 4210 838 4254; x_wconf 89' lang='lat' dir='ltr'><strong>nostrum</strong></span> <span class='ocrx_word' id='word_1_373' title='bbox 878 4211 961 4256; x_wconf 92' lang='lat' dir='ltr'><strong>est</strong></span> <span class='ocrx_word' id='word_1_374' title='bbox 993 4218 1309 4258; x_wconf 90' lang='lat' dir='ltr'><strong>mensurare</strong></span> <span class='ocrx_word' id='word_1_375' title='bbox 1333 4206 1826 4264; x_wconf 89' lang='lat' dir='ltr'><strong>immensurabilem</strong></span> <span class='ocrx_word' id='word_1_376' title='bbox 1855 4227 1869 4264; x_wconf 87' lang='lat'><strong>:</strong></span> <span class='ocrx_word' id='word_1_377' title='bbox 1903 4228 2006 4267; x_wconf 91' lang='lat' dir='ltr'><strong>non</strong></span> 
     </span>
    </p>
   </div>
   <div class='ocr_carea' id='block_1_47' title="bbox 423 4293 2004 4368">
    <p class='ocr_par' dir='ltr' id='par_1_47' title="bbox 423 4293 2004 4368">
     <span class='ocr_line' id='line_1_47' title="bbox 423 4293 2004 4368; baseline 0.009 -26"><span class='ocrx_word' id='word_1_378' title='bbox 423 4297 666 4343; x_wconf 89' lang='lat' dir='ltr'><strong>nostrum</strong></span> <span class='ocrx_word' id='word_1_379' title='bbox 716 4293 1173 4362; x_wconf 88' lang='lat' dir='ltr'><strong>comprehendere</strong></span> <span class='ocrx_word' id='word_1_380' title='bbox 1207 4296 1830 4368; x_wconf 85' lang='lat' dir='ltr'><strong>iucomprchensibilem.</strong></span> <span class='ocrx_word' id='word_1_381' title='bbox 1869 4301 2004 4358; x_wconf 92' lang='lat' dir='ltr'><strong>Cum</strong></span> 
     </span>
    </p>
   </div>
   <div class='ocr_carea' id='block_1_48' title="bbox 421 4380 2008 4462">
    <p class='ocr_par' dir='ltr' id='par_1_48' title="bbox 421 4380 2008 4462">
     <span class='ocr_line' id='line_1_48' title="bbox 421 4380 2008 4462; baseline 0.009 -27"><span class='ocrx_word' id='word_1_382' title='bbox 421 4380 567 4435; x_wconf 87' lang='lat' dir='ltr'><strong>enim</strong></span> <span class='ocrx_word' id='word_1_383' title='bbox 601 4385 864 4461; x_wconf 87' lang='lat' dir='ltr'><strong>memoria</strong></span> <span class='ocrx_word' id='word_1_384' title='bbox 897 4385 964 4440; x_wconf 91' lang='lat' dir='ltr'><strong>de</strong></span> <span class='ocrx_word' id='word_1_385' title='bbox 1017 4386 1128 4442; x_wconf 88' lang='lat' dir='ltr'><strong>Deo</strong></span> <span class='ocrx_word' id='word_1_386' title='bbox 1175 4397 1292 4457; x_wconf 87' lang='lat' dir='ltr'><strong>est,</strong></span> <span class='ocrx_word' id='word_1_387' title='bbox 1331 4406 1483 4445; x_wconf 87' lang='lat' dir='ltr'><strong>mens</strong></span> <span class='ocrx_word' id='word_1_388' title='bbox 1547 4391 1798 4462; x_wconf 82' lang='lat' dir='ltr'><strong>religiosa</strong></span> <span class='ocrx_word' id='word_1_389' title='bbox 1837 4394 2008 4450; x_wconf 87' lang='lat' dir='ltr'><strong>intre-</strong></span> 
     </span>
    </p>
   </div>
   <div class='ocr_carea' id='block_1_49' title="bbox 2127 549 3712 618">
    <p class='ocr_par' dir='ltr' id='par_1_49' title="bbox 2127 549 3712 618">
     <span class='ocr_line' id='line_1_49' title="bbox 2127 549 3712 618; baseline -0.004 -16"><span class='ocrx_word' id='word_1_390' title='bbox 2127 549 2255 618; x_wconf 90' lang='lat' dir='ltr'><strong>quia</strong></span> <span class='ocrx_word' id='word_1_391' title='bbox 2281 560 2457 614; x_wconf 91' lang='lat' dir='ltr'><strong>neque</strong></span> <span class='ocrx_word' id='word_1_392' title='bbox 2495 557 2914 612; x_wconf 87' lang='lat' dir='ltr'><strong>comparamur,</strong></span> <span class='ocrx_word' id='word_1_393' title='bbox 2960 554 3134 610; x_wconf 87' lang='lat' dir='ltr'><strong>neque</strong></span> <span class='ocrx_word' id='word_1_394' title='bbox 3183 555 3465 611; x_wconf 68' lang='lat' dir='ltr'><strong>aequamur</strong></span> <span class='ocrx_word' id='word_1_395' title='bbox 3492 555 3511 594; x_wconf 91' lang='lat'><strong>:</strong></span> <span class='ocrx_word' id='word_1_396' title='bbox 3547 557 3712 611; x_wconf 81' lang='lat' dir='ltr'><strong>neque</strong></span> 
     </span>
    </p>
   </div>
   <div class='ocr_carea' id='block_1_50' title="bbox 2131 633 3710 710">
    <p class='ocr_par' dir='ltr' id='par_1_50' title="bbox 2131 633 3710 710">
     <span class='ocr_line' id='line_1_50' title="bbox 2131 633 3710 710; baseline -0.004 -15"><span class='ocrx_word' id='word_1_397' title='bbox 2131 640 2186 695; x_wconf 93' lang='lat' dir='ltr'><strong>in</strong></span> <span class='ocrx_word' id='word_1_398' title='bbox 2220 656 2327 710; x_wconf 93' lang='lat' dir='ltr'><strong>quo</strong></span> <span class='ocrx_word' id='word_1_399' title='bbox 2352 639 2532 693; x_wconf 89' lang='lat' dir='ltr'><strong>minus</strong></span> <span class='ocrx_word' id='word_1_400' title='bbox 2567 651 2777 691; x_wconf 91' lang='lat' dir='ltr'><strong>sumus.</strong></span> <span class='ocrx_word' id='word_1_401' title='bbox 2813 633 2930 688; x_wconf 84' lang='lat' dir='ltr'><strong>Non</strong></span> <span class='ocrx_word' id='word_1_402' title='bbox 2969 649 3066 690; x_wconf 90' lang='lat' dir='ltr'><strong>nos</strong></span> <span class='ocrx_word' id='word_1_403' title='bbox 3091 634 3301 700; x_wconf 90' lang='lat' dir='ltr'><strong>solum,</strong></span> <span class='ocrx_word' id='word_1_404' title='bbox 3337 637 3431 689; x_wconf 92' lang='lat' dir='ltr'><strong>sed</strong></span> <span class='ocrx_word' id='word_1_405' title='bbox 3469 650 3578 689; x_wconf 87' lang='lat' dir='ltr'><strong>nec</strong></span> <span class='ocrx_word' id='word_1_406' title='bbox 3622 651 3710 688; x_wconf 82' lang='lat' dir='ltr'><strong>au-</strong></span> 
     </span>
    </p>
   </div>
   <div class='ocr_carea' id='block_1_51' title="bbox 2127 727 3711 805">
    <p class='ocr_par' dir='ltr' id='par_1_51' title="bbox 2127 727 3711 805">
     <span class='ocr_line' id='line_1_51' title="bbox 2127 727 3711 805; baseline -0.006 -17"><span class='ocrx_word' id='word_1_407' title='bbox 2127 733 2272 805; x_wconf 83' lang='lat' dir='ltr'><strong>geli,</strong></span> <span class='ocrx_word' id='word_1_408' title='bbox 2302 741 2396 786; x_wconf 89' lang='lat' dir='ltr'><strong>aut</strong></span> <span class='ocrx_word' id='word_1_409' title='bbox 2422 729 2771 799; x_wconf 87' lang='lat' dir='ltr'><strong>archangeli,</strong></span> <span class='ocrx_word' id='word_1_410' title='bbox 2822 735 2915 782; x_wconf 89' lang='lat' dir='ltr'><strong>aut</strong></span> <span class='ocrx_word' id='word_1_411' title='bbox 2951 727 3213 790; x_wconf 80' lang='lat' dir='ltr'><strong>virtutes,</strong></span> <span class='ocrx_word' id='word_1_412' title='bbox 3256 737 3350 781; x_wconf 84' lang='lat' dir='ltr'><strong>aut</strong></span> <span class='ocrx_word' id='word_1_413' title='bbox 3379 727 3711 781; x_wconf 88' lang='lat' dir='ltr'><strong>dominatio-</strong></span> 
     </span>
    </p>
   </div>
   <div class='ocr_carea' id='block_1_52' title="bbox 2127 817 3711 894">
    <p class='ocr_par' dir='ltr' id='par_1_52' title="bbox 2127 817 3711 894">
     <span class='ocr_line' id='line_1_52' title="bbox 2127 817 3711 894; baseline -0.006 -14"><span class='ocrx_word' id='word_1_414' title='bbox 2127 841 2244 891; x_wconf 86' lang='lat' dir='ltr'><strong>nes,</strong></span> <span class='ocrx_word' id='word_1_415' title='bbox 2262 839 2435 894; x_wconf 89' lang='lat' dir='ltr'><strong>neque</strong></span> <span class='ocrx_word' id='word_1_416' title='bbox 2457 823 2599 877; x_wconf 88' lang='lat' dir='ltr'><strong>aliud</strong></span> <span class='ocrx_word' id='word_1_417' title='bbox 2626 821 2850 891; x_wconf 90' lang='lat' dir='ltr'><strong>aliquid,</strong></span> <span class='ocrx_word' id='word_1_418' title='bbox 2881 821 2974 874; x_wconf 90' lang='lat' dir='ltr'><strong>sed</strong></span> <span class='ocrx_word' id='word_1_419' title='bbox 2997 821 3179 874; x_wconf 89' lang='lat' dir='ltr'><strong>omnia</strong></span> <span class='ocrx_word' id='word_1_420' title='bbox 3195 819 3589 887; x_wconf 90' lang='lat' dir='ltr'><strong>relinquuntur</strong></span> <span class='ocrx_word' id='word_1_421' title='bbox 3607 817 3711 889; x_wconf 81' lang='lat'><strong>(80)</strong></span> 
     </span>
    </p>
   </div>
   <div class='ocr_carea' id='block_1_53' title="bbox 2129 912 3709 988">
    <p class='ocr_par' dir='ltr' id='par_1_53' title="bbox 2129 912 3709 988">
     <span class='ocr_line' id='line_1_53' title="bbox 2129 912 3709 988; baseline -0.006 -16"><span class='ocrx_word' id='word_1_422' title='bbox 2129 920 2196 972; x_wconf 91' lang='lat' dir='ltr'><strong>ab</strong></span> <span class='ocrx_word' id='word_1_423' title='bbox 2230 917 2507 988; x_wconf 89' lang='lat' dir='ltr'><strong>unigenito</strong></span> <span class='ocrx_word' id='word_1_424' title='bbox 2527 935 2540 971; x_wconf 92' lang='lat'>:</span> <span class='ocrx_word' id='word_1_425' title='bbox 2563 917 2678 986; x_wconf 89' lang='lat' dir='ltr'><strong>ipse</strong></span> <span class='ocrx_word' id='word_1_426' title='bbox 2697 922 2873 970; x_wconf 86' lang='lat' dir='ltr'><strong>autem</strong></span> <span class='ocrx_word' id='word_1_427' title='bbox 2901 913 2997 968; x_wconf 91' lang='lat' dir='ltr'><strong>soli</strong></span> <span class='ocrx_word' id='word_1_428' title='bbox 3018 914 3106 967; x_wconf 91' lang='lat' dir='ltr'><strong>uni</strong></span> <span class='ocrx_word' id='word_1_429' title='bbox 3134 921 3256 967; x_wconf 88' lang='lat' dir='ltr'><strong>nato</strong></span> <span class='ocrx_word' id='word_1_430' title='bbox 3279 927 3383 967; x_wconf 89' lang='lat' dir='ltr'><strong>non</strong></span> <span class='ocrx_word' id='word_1_431' title='bbox 3408 913 3554 967; x_wconf 85' lang='lat' dir='ltr'><strong>cedit</strong></span> <span class='ocrx_word' id='word_1_432' title='bbox 3582 912 3709 985; x_wconf 83' lang='lat'><strong>(8|).</strong></span> 
     </span>
    </p>
   </div>
   <div class='ocr_carea' id='block_1_54' title="bbox 2124 1004 3715 1072">
    <p class='ocr_par' dir='ltr' id='par_1_54' title="bbox 2124 1004 3715 1072">
     <span class='ocr_line' id='line_1_54' title="bbox 2124 1004 3715 1072; baseline -0.006 -8"><span class='ocrx_word' id='word_1_433' title='bbox 2124 1009 2239 1064; x_wconf 89' lang='lat' dir='ltr'><strong>Non</strong></span> <span class='ocrx_word' id='word_1_434' title='bbox 2272 1025 2461 1064; x_wconf 79' lang='lat' dir='ltr'><strong>sumus</strong></span> <span class='ocrx_word' id='word_1_435' title='bbox 2487 1007 2654 1063; x_wconf 60' lang='lat' dir='ltr'><strong>Judaei</strong></span> <span class='ocrx_word' id='word_1_436' title='bbox 2674 1047 2690 1072; x_wconf 98' lang='lat'><strong>,</strong></span> <span class='ocrx_word' id='word_1_437' title='bbox 2719 1007 3045 1061; x_wconf 88' lang='lat' dir='ltr'><strong>conﬁtemur</strong></span> <span class='ocrx_word' id='word_1_438' title='bbox 3068 1007 3211 1060; x_wconf 89' lang='lat' dir='ltr'><strong>enim</strong></span> <span class='ocrx_word' id='word_1_439' title='bbox 3229 1005 3449 1059; x_wconf 83' lang='lat' dir='ltr'><strong>Filium.</strong></span> <span class='ocrx_word' id='word_1_440' title='bbox 3472 1004 3597 1059; x_wconf 82' lang='lat' dir='ltr'><strong>Non</strong></span> <span class='ocrx_word' id='word_1_441' title='bbox 3630 1021 3715 1059; x_wconf 80' lang='lat' dir='ltr'><strong>su-</strong></span> 
     </span>
    </p>
   </div>
   <div class='ocr_carea' id='block_1_55' title="bbox 2124 1094 3711 1173">
    <p class='ocr_par' dir='ltr' id='par_1_55' title="bbox 2124 1094 3711 1173">
     <span class='ocr_line' id='line_1_55' title="bbox 2124 1094 3711 1173; baseline -0.008 -15"><span class='ocrx_word' id='word_1_442' title='bbox 2124 1119 2244 1158; x_wconf 89' lang='lat' dir='ltr'><strong>mus</strong></span> <span class='ocrx_word' id='word_1_443' title='bbox 2273 1101 2500 1173; x_wconf 88' lang='lat' dir='ltr'><strong>gentiles</strong></span> <span class='ocrx_word' id='word_1_444' title='bbox 2521 1143 2536 1164; x_wconf 89' lang='lat'><strong>,</strong></span> <span class='ocrx_word' id='word_1_445' title='bbox 2575 1101 2701 1172; x_wconf 86' lang='lat' dir='ltr'><strong>quia</strong></span> <span class='ocrx_word' id='word_1_446' title='bbox 2737 1116 2842 1154; x_wconf 91' lang='lat' dir='ltr'><strong>non</strong></span> <span class='ocrx_word' id='word_1_447' title='bbox 2883 1099 3113 1155; x_wconf 92' lang='lat' dir='ltr'><strong>dicimus</strong></span> <span class='ocrx_word' id='word_1_448' title='bbox 3136 1097 3333 1152; x_wconf 89' lang='lat' dir='ltr'><strong>multos</strong></span> <span class='ocrx_word' id='word_1_449' title='bbox 3359 1096 3584 1151; x_wconf 86' lang='lat' dir='ltr'><strong>Patres.</strong></span> <span class='ocrx_word' id='word_1_450' title='bbox 3603 1094 3711 1148; x_wconf 63' lang='lat' dir='ltr'><strong>No:</strong></span> 
     </span>
    </p>
   </div>
   <div class='ocr_carea' id='block_1_56' title="bbox 2125 1191 3714 1261">
    <p class='ocr_par' dir='ltr' id='par_1_56' title="bbox 2125 1191 3714 1261">
     <span class='ocr_line' id='line_1_56' title="bbox 2125 1191 3714 1261; baseline -0.003 -12"><span class='ocrx_word' id='word_1_451' title='bbox 2125 1209 2312 1250; x_wconf 90' lang='lat' dir='ltr'><strong>sumus</strong></span> <span class='ocrx_word' id='word_1_452' title='bbox 2346 1195 2625 1259; x_wconf 75' lang='lat' dir='ltr'><strong>hzcretici,</strong></span> <span class='ocrx_word' id='word_1_453' title='bbox 2657 1193 2861 1248; x_wconf 90' lang='lat' dir='ltr'><strong>scimus</strong></span> <span class='ocrx_word' id='word_1_454' title='bbox 2899 1193 3041 1248; x_wconf 91' lang='lat' dir='ltr'><strong>enim</strong></span> <span class='ocrx_word' id='word_1_455' title='bbox 3084 1191 3369 1261; x_wconf 89' lang='lat' dir='ltr'><strong>Spiritum.</strong></span> <span class='ocrx_word' id='word_1_456' title='bbox 3425 1193 3539 1247; x_wconf 89' lang='lat' dir='ltr'><strong>Sed</strong></span> <span class='ocrx_word' id='word_1_457' title='bbox 3591 1192 3714 1261; x_wconf 80' lang='lat' dir='ltr'><strong>quid</strong></span> 
     </span>
    </p>
   </div>
   <div class='ocr_carea' id='block_1_57' title="bbox 2124 1284 3716 1356">
    <p class='ocr_par' dir='ltr' id='par_1_57' title="bbox 2124 1284 3716 1356">
     <span class='ocr_line' id='line_1_57' title="bbox 2124 1284 3716 1356; baseline 0 -16"><span class='ocrx_word' id='word_1_458' title='bbox 2124 1288 2353 1342; x_wconf 88' lang='lat' dir='ltr'><strong>sumus?</strong></span> <span class='ocrx_word' id='word_1_459' title='bbox 2404 1287 2614 1356; x_wconf 90' lang='lat' dir='ltr'><strong>Sponsa</strong></span> <span class='ocrx_word' id='word_1_460' title='bbox 2650 1286 2884 1340; x_wconf 84' lang='lat' dir='ltr'><strong>viventis</strong></span> <span class='ocrx_word' id='word_1_461' title='bbox 2917 1286 3100 1355; x_wconf 87' lang='lat' dir='ltr'><strong>sponsi</strong></span> <span class='ocrx_word' id='word_1_462' title='bbox 3151 1300 3247 1354; x_wconf 87' lang='lat' dir='ltr'><strong>per</strong></span> <span class='ocrx_word' id='word_1_463' title='bbox 3297 1284 3583 1340; x_wconf 87' lang='lat' dir='ltr'><strong>Christum</strong></span> <span class='ocrx_word' id='word_1_464' title='bbox 3622 1301 3716 1340; x_wconf 81' lang='lat' dir='ltr'><strong>nos</strong></span> 
     </span>
    </p>
   </div>
   <div class='ocr_carea' id='block_1_58' title="bbox 2124 1377 3714 1450">
    <p class='ocr_par' dir='ltr' id='par_1_58' title="bbox 2124 1377 3714 1450">
     <span class='ocr_line' id='line_1_58' title="bbox 2124 1377 3714 1450; baseline 0 -17"><span class='ocrx_word' id='word_1_465' title='bbox 2124 1394 2327 1434; x_wconf 90' lang='lat' dir='ltr'><strong>sumus.</strong></span> <span class='ocrx_word' id='word_1_466' title='bbox 2364 1377 2420 1433; x_wconf 91' lang='lat' dir='ltr'><strong>Si</strong></span> <span class='ocrx_word' id='word_1_467' title='bbox 2453 1394 2579 1450; x_wconf 89' lang='lat' dir='ltr'><strong>ergo</strong></span> <span class='ocrx_word' id='word_1_468' title='bbox 2607 1394 2705 1434; x_wconf 86' lang='lat' dir='ltr'><strong>nos</strong></span> <span class='ocrx_word' id='word_1_469' title='bbox 2733 1379 2823 1448; x_wconf 90' lang='lat' dir='ltr'><strong>qui</strong></span> <span class='ocrx_word' id='word_1_470' title='bbox 2857 1394 2954 1448; x_wconf 92' lang='lat' dir='ltr'><strong>per</strong></span> <span class='ocrx_word' id='word_1_471' title='bbox 2987 1378 3261 1434; x_wconf 91' lang='lat' dir='ltr'><strong>Christum</strong></span> <span class='ocrx_word' id='word_1_472' title='bbox 3291 1393 3486 1432; x_wconf 90' lang='lat' dir='ltr'><strong>sumus</strong></span> <span class='ocrx_word' id='word_1_473' title='bbox 3511 1420 3526 1440; x_wconf 90' lang='lat'><strong>,</strong></span> <span class='ocrx_word' id='word_1_474' title='bbox 3561 1389 3714 1447; x_wconf 77' lang='lat' dir='ltr'><strong>putas</strong></span> 
     </span>
    </p>
   </div>
   <div class='ocr_carea' id='block_1_59' title="bbox 2122 1472 3712 1540">
    <p class='ocr_par' dir='ltr' id='par_1_59' title="bbox 2122 1472 3712 1540">
     <span class='ocr_line' id='line_1_59' title="bbox 2122 1472 3712 1540; baseline 0.003 -19"><span class='ocrx_word' id='word_1_475' title='bbox 2122 1472 2243 1540; x_wconf 89' lang='lat' dir='ltr'><strong>quia</strong></span> <span class='ocrx_word' id='word_1_476' title='bbox 2273 1472 2385 1538; x_wconf 89' lang='lat' dir='ltr'><strong>ipse</strong></span> <span class='ocrx_word' id='word_1_477' title='bbox 2427 1488 2531 1524; x_wconf 86' lang='lat' dir='ltr'><strong>non</strong></span> <span class='ocrx_word' id='word_1_478' title='bbox 2563 1472 2685 1525; x_wconf 89' lang='lat' dir='ltr'><strong>est?</strong></span> <span class='ocrx_word' id='word_1_479' title='bbox 2710 1487 2772 1526; x_wconf 86' lang='lat' dir='ltr'><strong>ea</strong></span> <span class='ocrx_word' id='word_1_480' title='bbox 2797 1487 2917 1540; x_wconf 52' lang='lat' dir='ltr'><strong>quae.</strong></span> <span class='ocrx_word' id='word_1_481' title='bbox 2947 1487 3043 1540; x_wconf 86' lang='lat' dir='ltr'><strong>per</strong></span> <span class='ocrx_word' id='word_1_482' title='bbox 3084 1472 3258 1539; x_wconf 83' lang='lat' dir='ltr'><strong>ipsum</strong></span> <span class='ocrx_word' id='word_1_483' title='bbox 3296 1480 3429 1524; x_wconf 84' lang='lat' dir='ltr'><strong>sunt</strong></span> <span class='ocrx_word' id='word_1_484' title='bbox 3455 1482 3712 1534; x_wconf 83' lang='lat' dir='ltr'><strong>manent.</strong></span> 
     </span>
    </p>
   </div>
   <div class='ocr_carea' id='block_1_60' title="bbox 2122 1561 3712 1634">
    <p class='ocr_par' dir='ltr' id='par_1_60' title="bbox 2122 1561 3712 1634">
     <span class='ocr_line' id='line_1_60' title="bbox 2122 1561 3712 1634; baseline -0.001 -18"><span class='ocrx_word' id='word_1_485' title='bbox 2122 1575 2176 1616; x_wconf 89' lang='lat' dir='ltr'><strong>et</strong></span> <span class='ocrx_word' id='word_1_486' title='bbox 2208 1565 2316 1633; x_wconf 89' lang='lat' dir='ltr'><strong>ipse</strong></span> <span class='ocrx_word' id='word_1_487' title='bbox 2343 1563 2503 1618; x_wconf 88' lang='lat' dir='ltr'><strong>linem</strong></span> <span class='ocrx_word' id='word_1_488' title='bbox 2539 1564 2700 1617; x_wconf 89' lang='lat' dir='ltr'><strong>habet</strong></span> <span class='ocrx_word' id='word_1_489' title='bbox 2729 1572 2790 1617; x_wconf 92' lang='lat' dir='ltr'><strong>ut</strong></span> <span class='ocrx_word' id='word_1_490' title='bbox 2818 1563 3034 1634; x_wconf 88' lang='lat' dir='ltr'><strong>qttidam</strong></span> <span class='ocrx_word' id='word_1_491' title='bbox 3061 1562 3379 1618; x_wconf 82' lang='lat' dir='ltr'><strong>insaniunt?</strong></span> <span class='ocrx_word' id='word_1_492' title='bbox 3424 1561 3547 1617; x_wconf 84' lang='lat' dir='ltr'><strong>Non</strong></span> <span class='ocrx_word' id='word_1_493' title='bbox 3578 1564 3712 1617; x_wconf 86' lang='lat' dir='ltr'><strong>enim</strong></span> 
     </span>
    </p>
   </div>
   <div class='ocr_carea' id='block_1_61' title="bbox 2125 1655 3716 1725">
    <p class='ocr_par' dir='ltr' id='par_1_61' title="bbox 2125 1655 3716 1725">
     <span class='ocr_line' id='line_1_61' title="bbox 2125 1655 3716 1725; baseline -0.001 -16"><span class='ocrx_word' id='word_1_494' title='bbox 2125 1656 2359 1725; x_wconf 89' lang='lat' dir='ltr'><strong>acquirit</strong></span> <span class='ocrx_word' id='word_1_495' title='bbox 2392 1655 2537 1710; x_wconf 88' lang='lat' dir='ltr'><strong>aliud</strong></span> <span class='ocrx_word' id='word_1_496' title='bbox 2567 1656 2712 1724; x_wconf 92' lang='lat' dir='ltr'><strong>quod</strong></span> <span class='ocrx_word' id='word_1_497' title='bbox 2745 1670 2848 1710; x_wconf 89' lang='lat' dir='ltr'><strong>non</strong></span> <span class='ocrx_word' id='word_1_498' title='bbox 2873 1663 2992 1710; x_wconf 87' lang='lat' dir='ltr'><strong>est:</strong></span> <span class='ocrx_word' id='word_1_499' title='bbox 3029 1671 3133 1710; x_wconf 91' lang='lat' dir='ltr'><strong>non</strong></span> <span class='ocrx_word' id='word_1_500' title='bbox 3186 1655 3456 1722; x_wconf 87' lang='lat' dir='ltr'><strong>assumit,</strong></span> <span class='ocrx_word' id='word_1_501' title='bbox 3516 1656 3616 1710; x_wconf 88' lang='lat' dir='ltr'><strong>sed</strong></span> <span class='ocrx_word' id='word_1_502' title='bbox 3665 1665 3716 1708; x_wconf 91' lang='lat' dir='ltr'><strong>et</strong></span> 
     </span>
    </p>
   </div>
   <div class='ocr_carea' id='block_1_62' title="bbox 2120 1745 3714 1819">
    <p class='ocr_par' dir='ltr' id='par_1_62' title="bbox 2120 1745 3714 1819">
     <span class='ocr_line' id='line_1_62' title="bbox 2120 1745 3714 1819; baseline -0.003 -16"><span class='ocrx_word' id='word_1_503' title='bbox 2120 1751 2260 1819; x_wconf 88' lang='lat' dir='ltr'><strong>quod</strong></span> <span class='ocrx_word' id='word_1_504' title='bbox 2291 1758 2374 1803; x_wconf 91' lang='lat' dir='ltr'><strong>est</strong></span> <span class='ocrx_word' id='word_1_505' title='bbox 2403 1748 2686 1803; x_wconf 80' lang='lat' dir='ltr'><strong>abscondit</strong></span> <span class='ocrx_word' id='word_1_506' title='bbox 2743 1765 2756 1800; x_wconf 90' lang='lat'><strong>:</strong></span> <span class='ocrx_word' id='word_1_507' title='bbox 2819 1747 2922 1801; x_wconf 90' lang='lat' dir='ltr'><strong>hoc</strong></span> <span class='ocrx_word' id='word_1_508' title='bbox 2949 1747 3090 1802; x_wconf 83' lang='lat' dir='ltr'><strong>enim</strong></span> <span class='ocrx_word' id='word_1_509' title='bbox 3131 1745 3424 1816; x_wconf 85' lang='lat' dir='ltr'><strong>signiﬁcat,</strong></span> <span class='ocrx_word' id='word_1_510' title='bbox 3454 1745 3543 1799; x_wconf 87' lang='lat' dir='ltr'><strong>Da</strong></span> <span class='ocrx_word' id='word_1_511' title='bbox 3573 1747 3714 1808; x_wconf 69' lang='lat' dir='ltr'><strong>mihi,</strong></span> 
     </span>
    </p>
   </div>
   <div class='ocr_carea' id='block_1_63' title="bbox 2119 1839 3712 1910">
    <p class='ocr_par' dir='ltr' id='par_1_63' title="bbox 2119 1839 3712 1910">
     <span class='ocr_line' id='line_1_63' title="bbox 2119 1839 3712 1910; baseline -0.003 -14"><span class='ocrx_word' id='word_1_512' title='bbox 2119 1841 2278 1896; x_wconf 85' lang='lat' dir='ltr'><strong>Pater</strong></span> <span class='ocrx_word' id='word_1_513' title='bbox 2305 1857 2326 1898; x_wconf 90' lang='lat'><strong><em>:</em></strong></span> <span class='ocrx_word' id='word_1_514' title='bbox 2355 1843 2447 1896; x_wconf 92' lang='lat' dir='ltr'><strong>sed</strong></span> <span class='ocrx_word' id='word_1_515' title='bbox 2478 1855 2582 1896; x_wconf 88' lang='lat' dir='ltr'><strong>non</strong></span> <span class='ocrx_word' id='word_1_516' title='bbox 2601 1839 2804 1910; x_wconf 92' lang='lat' dir='ltr'><strong>aliquid</strong></span> <span class='ocrx_word' id='word_1_517' title='bbox 2837 1854 3035 1893; x_wconf 89' lang='lat' dir='ltr'><strong>novum</strong></span> <span class='ocrx_word' id='word_1_518' title='bbox 3060 1841 3190 1908; x_wconf 84' lang='lat' dir='ltr'><strong>petit</strong></span> <span class='ocrx_word' id='word_1_519' title='bbox 3215 1839 3337 1893; x_wconf 91' lang='lat' dir='ltr'><strong>:sed</strong></span> <span class='ocrx_word' id='word_1_520' title='bbox 3366 1839 3518 1908; x_wconf 83' lang='lat' dir='ltr'><strong>quod</strong></span> <span class='ocrx_word' id='word_1_521' title='bbox 3538 1839 3712 1903; x_wconf 77' lang='lat' dir='ltr'><strong>habui,</strong></span> 
     </span>
    </p>
   </div>
   <div class='ocr_carea' id='block_1_64' title="bbox 2116 1929 3714 2004">
    <p class='ocr_par' dir='ltr' id='par_1_64' title="bbox 2116 1929 3714 2004">
     <span class='ocr_line' id='line_1_64' title="bbox 2116 1929 3714 2004; baseline -0.003 -15"><span class='ocrx_word' id='word_1_522' title='bbox 2116 1935 2319 2004; x_wconf 88' lang='lat' dir='ltr'><strong>inquit,</strong></span> <span class='ocrx_word' id='word_1_523' title='bbox 2371 1934 2512 2002; x_wconf 87' lang='lat' dir='ltr'><strong>apud</strong></span> <span class='ocrx_word' id='word_1_524' title='bbox 2557 1941 2646 1997; x_wconf 86' lang='lat' dir='ltr'><strong>te,</strong></span> <span class='ocrx_word' id='word_1_525' title='bbox 2695 1933 2764 1985; x_wconf 85' lang='lat' dir='ltr'><strong>da</strong></span> <span class='ocrx_word' id='word_1_526' title='bbox 2804 1932 2935 1984; x_wconf 86' lang='lat' dir='ltr'><strong>mihi</strong></span> <span class='ocrx_word' id='word_1_527' title='bbox 2987 1931 3054 1984; x_wconf 82' lang='grc'><strong>⁷³.</strong></span> <span class='ocrx_word' id='word_1_528' title='bbox 3105 1929 3221 1985; x_wconf 84' lang='grc' dir='ltr'><strong>Νοη</strong></span> <span class='ocrx_word' id='word_1_529' title='bbox 3256 1930 3404 1994; x_wconf 83' lang='lat' dir='ltr'><strong>enim</strong></span> <span class='ocrx_word' id='word_1_530' title='bbox 3459 1930 3714 1995; x_wconf 76' lang='lat' dir='ltr'><strong>habes,o</strong></span> 
     </span>
    </p>
   </div>
   <div class='ocr_carea' id='block_1_65' title="bbox 2121 2023 3714 2096">
    <p class='ocr_par' dir='ltr' id='par_1_65' title="bbox 2121 2023 3714 2096">
     <span class='ocr_line' id='line_1_65' title="bbox 2121 2023 3714 2096; baseline -0.003 -15"><span class='ocrx_word' id='word_1_531' title='bbox 2121 2027 2368 2091; x_wconf 88' lang='lat' dir='ltr'><strong>Domine,</strong></span> <span class='ocrx_word' id='word_1_532' title='bbox 2404 2026 2550 2096; x_wconf 92' lang='lat' dir='ltr'><strong>quod</strong></span> <span class='ocrx_word' id='word_1_533' title='bbox 2575 2023 2856 2080; x_wconf 86' lang='lat' dir='ltr'><strong>habebas?</strong></span> <span class='ocrx_word' id='word_1_534' title='bbox 2880 2024 2984 2079; x_wconf 90' lang='lat' dir='ltr'><strong>Sed</strong></span> <span class='ocrx_word' id='word_1_535' title='bbox 3014 2023 3138 2093; x_wconf 89' lang='lat' dir='ltr'><strong>quia</strong></span> <span class='ocrx_word' id='word_1_536' title='bbox 3161 2063 3177 2089; x_wconf 95' lang='lat'><strong>,</strong></span> <span class='ocrx_word' id='word_1_537' title='bbox 3203 2024 3417 2093; x_wconf 91' lang='lat' dir='ltr'><strong>inquit,</strong></span> <span class='ocrx_word' id='word_1_538' title='bbox 3451 2025 3714 2078; x_wconf 88' lang='lat' dir='ltr'><strong>absconsa</strong></span> 
     </span>
    </p>
   </div>
   <div class='ocr_carea' id='block_1_66' title="bbox 2116 2112 3714 2187">
    <p class='ocr_par' dir='ltr' id='par_1_66' title="bbox 2116 2112 3714 2187">
     <span class='ocr_line' id='line_1_66' title="bbox 2116 2112 3714 2187; baseline -0.005 -13"><span class='ocrx_word' id='word_1_539' title='bbox 2116 2128 2202 2174; x_wconf 88' lang='lat' dir='ltr'><strong>est</strong></span> <span class='ocrx_word' id='word_1_540' title='bbox 2231 2134 2346 2172; x_wconf 90' lang='lat' dir='ltr'><strong>mea</strong></span> <span class='ocrx_word' id='word_1_541' title='bbox 2375 2117 2585 2187; x_wconf 87' lang='lat' dir='ltr'><strong>species</strong></span> <span class='ocrx_word' id='word_1_542' title='bbox 2615 2135 2628 2170; x_wconf 90' lang='lat'><strong>:</strong></span> <span class='ocrx_word' id='word_1_543' title='bbox 2657 2115 2784 2185; x_wconf 91' lang='lat' dir='ltr'><strong>quia</strong></span> <span class='ocrx_word' id='word_1_544' title='bbox 2818 2130 2923 2169; x_wconf 92' lang='lat' dir='ltr'><strong>non</strong></span> <span class='ocrx_word' id='word_1_545' title='bbox 2957 2124 3176 2184; x_wconf 86' lang='lat' dir='ltr'><strong>apparet</strong></span> <span class='ocrx_word' id='word_1_546' title='bbox 3217 2129 3334 2167; x_wconf 88' lang='lat' dir='ltr'><strong>mea</strong></span> <span class='ocrx_word' id='word_1_547' title='bbox 3364 2113 3572 2184; x_wconf 86' lang='lat' dir='ltr'><strong>gloria.</strong></span> <span class='ocrx_word' id='word_1_548' title='bbox 3598 2112 3714 2166; x_wconf 83' lang='lat' dir='ltr'><strong>Cle-</strong></span> 
     </span>
    </p>
   </div>
   <div class='ocr_carea' id='block_1_67' title="bbox 2116 2205 3715 2278">
    <p class='ocr_par' dir='ltr' id='par_1_67' title="bbox 2116 2205 3715 2278">
     <span class='ocr_line' id='line_1_67' title="bbox 2116 2205 3715 2278; baseline -0.004 -15"><span class='ocrx_word' id='word_1_549' title='bbox 2116 2211 2303 2277; x_wconf 77' lang='lat' dir='ltr'><strong>riﬁca,</strong></span> <span class='ocrx_word' id='word_1_550' title='bbox 2334 2208 2552 2278; x_wconf 90' lang='lat' dir='ltr'><strong>inquit,</strong></span> <span class='ocrx_word' id='word_1_551' title='bbox 2582 2218 2733 2262; x_wconf 88' lang='lat' dir='ltr'><strong>tuum</strong></span> <span class='ocrx_word' id='word_1_552' title='bbox 2784 2205 2988 2260; x_wconf 80' lang='lat' dir='ltr'><strong>Filium</strong></span> <span class='ocrx_word' id='word_1_553' title='bbox 3033 2207 3101 2260; x_wconf 67' lang='grc'><strong>⁷⁸.</strong></span> <span class='ocrx_word' id='word_1_554' title='bbox 3162 2205 3229 2259; x_wconf 85' lang='lat' dir='ltr'><strong>Et</strong></span> <span class='ocrx_word' id='word_1_555' title='bbox 3272 2206 3405 2273; x_wconf 84' lang='lat' dir='ltr'><strong>quid</strong></span> <span class='ocrx_word' id='word_1_556' title='bbox 3437 2207 3715 2274; x_wconf 78' lang='lat' dir='ltr'><strong>respondit</strong></span> 
     </span>
    </p>
   </div>
   <div class='ocr_carea' id='block_1_68' title="bbox 2114 2297 3714 2369">
    <p class='ocr_par' dir='ltr' id='par_1_68' title="bbox 2114 2297 3714 2369">
     <span class='ocr_line' id='line_1_68' title="bbox 2114 2297 3714 2369; baseline -0.002 -14"><span class='ocrx_word' id='word_1_557' title='bbox 2114 2299 2314 2355; x_wconf 84' lang='lat' dir='ltr'><strong>Pater?</strong></span> <span class='ocrx_word' id='word_1_558' title='bbox 2343 2297 2667 2368; x_wconf 80' lang='lat' dir='ltr'><strong>Gloriﬁcavi.</strong></span> <span class='ocrx_word' id='word_1_559' title='bbox 2697 2298 2752 2354; x_wconf 93' lang='lat' dir='ltr'><strong>Si</strong></span> <span class='ocrx_word' id='word_1_560' title='bbox 2777 2297 2947 2369; x_wconf 82' lang='lat' dir='ltr'><strong>igitur</strong></span> <span class='ocrx_word' id='word_1_561' title='bbox 2975 2297 3327 2367; x_wconf 83' lang='lat' dir='ltr'><strong>gloriﬁcavit,</strong></span> <span class='ocrx_word' id='word_1_562' title='bbox 3354 2298 3493 2366; x_wconf 88' lang='lat' dir='ltr'><strong>quid</strong></span> <span class='ocrx_word' id='word_1_563' title='bbox 3521 2299 3714 2362; x_wconf 64' lang='lat' dir='ltr'><strong>quaerit</strong></span> 
     </span>
    </p>
   </div>
   <div class='ocr_carea' id='block_1_69' title="bbox 2115 2387 3711 2465">
    <p class='ocr_par' dir='ltr' id='par_1_69' title="bbox 2115 2387 3711 2465">
     <span class='ocr_line' id='line_1_69' title="bbox 2115 2387 3711 2465; baseline -0.004 -19"><span class='ocrx_word' id='word_1_564' title='bbox 2115 2391 2449 2465; x_wconf 87' lang='lat' dir='ltr'><strong>gloriﬁcari?</strong></span> <span class='ocrx_word' id='word_1_565' title='bbox 2475 2391 2579 2446; x_wconf 91' lang='lat' dir='ltr'><strong>Sed</strong></span> <span class='ocrx_word' id='word_1_566' title='bbox 2614 2391 2748 2445; x_wconf 88' lang='lat' dir='ltr'><strong>dicit</strong></span> <span class='ocrx_word' id='word_1_567' title='bbox 2773 2390 2932 2445; x_wconf 88' lang='lat' dir='ltr'><strong>Pater</strong></span> <span class='ocrx_word' id='word_1_568' title='bbox 2959 2430 2973 2454; x_wconf 91' lang='lat'><strong>,</strong></span> <span class='ocrx_word' id='word_1_569' title='bbox 3018 2387 3084 2442; x_wconf 87' lang='lat' dir='ltr'><strong>Et</strong></span> <span class='ocrx_word' id='word_1_570' title='bbox 3132 2392 3322 2442; x_wconf 88' lang='lat' dir='ltr'><strong>iterum</strong></span> <span class='ocrx_word' id='word_1_571' title='bbox 3377 2387 3711 2458; x_wconf 70' lang='lat' dir='ltr'><strong>gIOﬁﬁcabo.</strong></span> 
     </span>
    </p>
   </div>
   <div class='ocr_carea' id='block_1_70' title="bbox 2117 2479 3713 2555">
    <p class='ocr_par' dir='ltr' id='par_1_70' title="bbox 2117 2479 3713 2555">
     <span class='ocr_line' id='line_1_70' title="bbox 2117 2479 3713 2555; baseline -0.007 -13"><span class='ocrx_word' id='word_1_572' title='bbox 2117 2487 2173 2542; x_wconf 87' lang='lat' dir='ltr'><strong>Si</strong></span> <span class='ocrx_word' id='word_1_573' title='bbox 2201 2485 2312 2554; x_wconf 88' lang='lat' dir='ltr'><strong>jam</strong></span> <span class='ocrx_word' id='word_1_574' title='bbox 2336 2484 2675 2555; x_wconf 88' lang='lat' dir='ltr'><strong>gloriﬁcasti,</strong></span> <span class='ocrx_word' id='word_1_575' title='bbox 2697 2483 2971 2554; x_wconf 90' lang='lat' dir='ltr'><strong>quomodo</strong></span> <span class='ocrx_word' id='word_1_576' title='bbox 3002 2483 3196 2536; x_wconf 90' lang='lat' dir='ltr'><strong>iterum</strong></span> <span class='ocrx_word' id='word_1_577' title='bbox 3222 2481 3506 2552; x_wconf 84' lang='lat' dir='ltr'><strong>gloriﬁcas</strong></span> <span class='ocrx_word' id='word_1_578' title='bbox 3524 2481 3550 2534; x_wconf 81' lang='lat'><strong>?</strong></span> <span class='ocrx_word' id='word_1_579' title='bbox 3577 2479 3713 2534; x_wconf 81' lang='lat' dir='ltr'><strong>Num</strong></span> 
     </span>
    </p>
   </div>
   <div class='ocr_carea' id='block_1_71' title="bbox 2115 2574 3713 2647">
    <p class='ocr_par' dir='ltr' id='par_1_71' title="bbox 2115 2574 3713 2647">
     <span class='ocr_line' id='line_1_71' title="bbox 2115 2574 3713 2647; baseline -0.004 -14"><span class='ocrx_word' id='word_1_580' title='bbox 2115 2577 2320 2642; x_wconf 85' lang='lat' dir='ltr'><strong>addes,</strong></span> <span class='ocrx_word' id='word_1_581' title='bbox 2352 2579 2608 2645; x_wconf 89' lang='lat' dir='ltr'><strong>quoniam</strong></span> <span class='ocrx_word' id='word_1_582' title='bbox 2635 2577 2704 2632; x_wconf 90' lang='lat' dir='ltr'><strong>ab</strong></span> <span class='ocrx_word' id='word_1_583' title='bbox 2738 2577 2895 2630; x_wconf 90' lang='lat' dir='ltr'><strong>initio</strong></span> <span class='ocrx_word' id='word_1_584' title='bbox 2936 2575 3212 2647; x_wconf 77' lang='lat' dir='ltr'><strong>genuisti?</strong></span> <span class='ocrx_word' id='word_1_585' title='bbox 3239 2574 3353 2630; x_wconf 89' lang='lat' dir='ltr'><strong>Non</strong></span> <span class='ocrx_word' id='word_1_586' title='bbox 3392 2574 3544 2628; x_wconf 87' lang='lat' dir='ltr'><strong>addo</strong></span> <span class='ocrx_word' id='word_1_587' title='bbox 3580 2593 3595 2629; x_wconf 90' lang='lat'><strong>:</strong></span> <span class='ocrx_word' id='word_1_588' title='bbox 3625 2575 3713 2628; x_wconf 75' lang='lat' dir='ltr'><strong>sed</strong></span> 
     </span>
    </p>
   </div>
   <div class='ocr_carea' id='block_1_72' title="bbox 2115 2667 3711 2742">
    <p class='ocr_par' dir='ltr' id='par_1_72' title="bbox 2115 2667 3711 2742">
     <span class='ocr_line' id='line_1_72' title="bbox 2115 2667 3711 2742; baseline -0.008 -15"><span class='ocrx_word' id='word_1_589' title='bbox 2115 2681 2170 2727; x_wconf 93' lang='lat' dir='ltr'><strong>et</strong></span> <span class='ocrx_word' id='word_1_590' title='bbox 2209 2687 2308 2742; x_wconf 89' lang='lat' dir='ltr'><strong>per</strong></span> <span class='ocrx_word' id='word_1_591' title='bbox 2335 2685 2539 2741; x_wconf 90' lang='lat' dir='ltr'><strong>corpus</strong></span> <span class='ocrx_word' id='word_1_592' title='bbox 2585 2670 2815 2727; x_wconf 91' lang='lat' dir='ltr'><strong>ostendo</strong></span> <span class='ocrx_word' id='word_1_593' title='bbox 2865 2670 2972 2724; x_wconf 91' lang='lat' dir='ltr'><strong>mei</strong></span> <span class='ocrx_word' id='word_1_594' title='bbox 3022 2668 3148 2722; x_wconf 86' lang='lat' dir='ltr'><strong>Filii</strong></span> <span class='ocrx_word' id='word_1_595' title='bbox 3203 2668 3459 2739; x_wconf 84' lang='lat' dir='ltr'><strong>gloriam.</strong></span> <span class='ocrx_word' id='word_1_596' title='bbox 3505 2667 3711 2728; x_wconf 86' lang='lat' dir='ltr'><strong>Genui,</strong></span> 
     </span>
    </p>
   </div>
   <div class='ocr_carea' id='block_1_73' title="bbox 2114 2761 3711 2837">
    <p class='ocr_par' dir='ltr' id='par_1_73' title="bbox 2114 2761 3711 2837">
     <span class='ocr_line' id='line_1_73' title="bbox 2114 2761 3711 2837; baseline -0.007 -17"><span class='ocrx_word' id='word_1_597' title='bbox 2114 2764 2459 2837; x_wconf 85' lang='lat' dir='ltr'><strong>gloriﬁcavi,</strong></span> <span class='ocrx_word' id='word_1_598' title='bbox 2488 2773 2542 2820; x_wconf 90' lang='lat' dir='ltr'><strong>et</strong></span> <span class='ocrx_word' id='word_1_599' title='bbox 2599 2764 2796 2820; x_wconf 90' lang='lat' dir='ltr'><strong>iterum</strong></span> <span class='ocrx_word' id='word_1_600' title='bbox 2839 2763 3181 2834; x_wconf 83' lang='lat' dir='ltr'><strong>gloriﬁcaho.</strong></span> <span class='ocrx_word' id='word_1_601' title='bbox 3231 2761 3456 2826; x_wconf 89' lang='lat' dir='ltr'><strong>Palam,</strong></span> <span class='ocrx_word' id='word_1_602' title='bbox 3505 2761 3711 2830; x_wconf 81' lang='lat' dir='ltr'><strong>inquit,</strong></span> 
     </span>
    </p>
   </div>
   <div class='ocr_carea' id='block_1_74' title="bbox 2114 2851 3712 2924">
    <p class='ocr_par' dir='ltr' id='par_1_74' title="bbox 2114 2851 3712 2924">
     <span class='ocr_line' id='line_1_74' title="bbox 2114 2851 3712 2924; baseline -0.006 -12"><span class='ocrx_word' id='word_1_603' title='bbox 2114 2857 2259 2913; x_wconf 83' lang='lat' dir='ltr'><strong>facio</strong></span> <span class='ocrx_word' id='word_1_604' title='bbox 2286 2858 2430 2924; x_wconf 92' lang='lat' dir='ltr'><strong>quod</strong></span> <span class='ocrx_word' id='word_1_605' title='bbox 2479 2866 2599 2912; x_wconf 91' lang='lat' dir='ltr'><strong>erat</strong></span> <span class='ocrx_word' id='word_1_606' title='bbox 2655 2857 3004 2911; x_wconf 87' lang='lat' dir='ltr'><strong>absconsum.</strong></span> <span class='ocrx_word' id='word_1_607' title='bbox 3039 2854 3172 2908; x_wconf 87' lang='lat' dir='ltr'><strong>Nam</strong></span> <span class='ocrx_word' id='word_1_608' title='bbox 3205 2863 3260 2908; x_wconf 90' lang='lat' dir='ltr'><strong>et</strong></span> <span class='ocrx_word' id='word_1_609' title='bbox 3296 2852 3597 2923; x_wconf 88' lang='lat' dir='ltr'><strong>Apostolus</strong></span> <span class='ocrx_word' id='word_1_610' title='bbox 3633 2851 3712 2903; x_wconf 86' lang='lat' dir='ltr'><strong>di-</strong></span> 
     </span>
    </p>
   </div>
   <div class='ocr_carea' id='block_1_75' title="bbox 2115 2946 3710 3017">
    <p class='ocr_par' dir='ltr' id='par_1_75' title="bbox 2115 2946 3710 3017">
     <span class='ocr_line' id='line_1_75' title="bbox 2115 2946 3710 3017; baseline -0.005 -13"><span class='ocrx_word' id='word_1_611' title='bbox 2115 2949 2189 3005; x_wconf 88' lang='lat' dir='ltr'><strong>cit</strong></span> <span class='ocrx_word' id='word_1_612' title='bbox 2219 2967 2233 3004; x_wconf 88' lang='lat'><strong>:</strong></span> <span class='ocrx_word' id='word_1_613' title='bbox 2266 2947 2336 3002; x_wconf 88' lang='lat' dir='ltr'><strong>Et</strong></span> <span class='ocrx_word' id='word_1_614' title='bbox 2357 2948 2764 3017; x_wconf 71' lang='lat' dir='ltr'><strong>super-exultavit</strong></span> <span class='ocrx_word' id='word_1_615' title='bbox 2795 2963 2914 3001; x_wconf 88' lang='lat' dir='ltr'><strong>eum</strong></span> <span class='ocrx_word' id='word_1_616' title='bbox 2935 2990 2949 3014; x_wconf 87' lang='lat'><strong>,</strong></span> <span class='ocrx_word' id='word_1_617' title='bbox 2986 2957 3033 2999; x_wconf 87' lang='lat' dir='ltr'><strong>et</strong></span> <span class='ocrx_word' id='word_1_618' title='bbox 3081 2946 3223 2999; x_wconf 85' lang='lat' dir='ltr'><strong>dedit</strong></span> <span class='ocrx_word' id='word_1_619' title='bbox 3258 2947 3306 2999; x_wconf 88' lang='lat' dir='ltr'><strong>ei</strong></span> <span class='ocrx_word' id='word_1_620' title='bbox 3335 2961 3532 3000; x_wconf 85' lang='lat' dir='ltr'><strong>nomen</strong></span> <span class='ocrx_word' id='word_1_621' title='bbox 3574 2948 3710 3015; x_wconf 71' lang='lat' dir='ltr'><strong>quod</strong></span> 
     </span>
    </p>
   </div>
   <div class='ocr_carea' id='block_1_76' title="bbox 2114 3037 3709 3110">
    <p class='ocr_par' dir='ltr' id='par_1_76' title="bbox 2114 3037 3709 3110">
     <span class='ocr_line' id='line_1_76' title="bbox 2114 3037 3709 3110; baseline -0.002 -15"><span class='ocrx_word' id='word_1_622' title='bbox 2114 3051 2188 3095; x_wconf 88' lang='lat' dir='ltr'><strong>est</strong></span> <span class='ocrx_word' id='word_1_623' title='bbox 2228 3057 2384 3110; x_wconf 84' lang='lat' dir='ltr'><strong>super</strong></span> <span class='ocrx_word' id='word_1_624' title='bbox 2412 3057 2560 3096; x_wconf 82' lang='lat' dir='ltr'><strong>omne</strong></span> <span class='ocrx_word' id='word_1_625' title='bbox 2589 3056 2777 3094; x_wconf 86' lang='lat' dir='ltr'><strong>nomen</strong></span> <span class='ocrx_word' id='word_1_626' title='bbox 2826 3040 2896 3092; x_wconf 80' lang='grc'><strong>⁷⁵.</strong></span> <span class='ocrx_word' id='word_1_627' title='bbox 2956 3037 3070 3092; x_wconf 80' lang='lat' dir='ltr'><strong>Non</strong></span> <span class='ocrx_word' id='word_1_628' title='bbox 3134 3039 3422 3105; x_wconf 89' lang='lat' dir='ltr'><strong>mercede,</strong></span> <span class='ocrx_word' id='word_1_629' title='bbox 3479 3049 3544 3092; x_wconf 88' lang='lat' dir='ltr'><strong>ut</strong></span> <span class='ocrx_word' id='word_1_630' title='bbox 3591 3051 3709 3108; x_wconf 81' lang='lat' dir='ltr'><strong>pote</strong></span> 
     </span>
    </p>
   </div>
   <div class='ocr_carea' id='block_1_77' title="bbox 2039 3131 3710 3202">
    <p class='ocr_par' dir='ltr' id='par_1_77' title="bbox 2039 3131 3710 3202">
     <span class='ocr_line' id='line_1_77' title="bbox 2039 3131 3710 3202; baseline -0.007 -9"><span class='ocrx_word' id='word_1_631' title='bbox 2039 3136 2082 3193; x_wconf 92' lang='lat' dir='ltr'><strong>C</strong></span> <span class='ocrx_word' id='word_1_632' title='bbox 2113 3134 2455 3189; x_wconf 68' lang='lat' dir='ltr'><strong>obedientite.</strong></span> <span class='ocrx_word' id='word_1_633' title='bbox 2486 3133 2759 3202; x_wconf 90' lang='lat' dir='ltr'><strong>Scriptum</strong></span> <span class='ocrx_word' id='word_1_634' title='bbox 2794 3132 2939 3188; x_wconf 91' lang='lat' dir='ltr'><strong>enim</strong></span> <span class='ocrx_word' id='word_1_635' title='bbox 2981 3141 3062 3186; x_wconf 88' lang='lat' dir='ltr'><strong>est</strong></span> <span class='ocrx_word' id='word_1_636' title='bbox 3103 3131 3563 3200; x_wconf 90' lang='lat' dir='ltr'><strong>quemadmodum</strong></span> <span class='ocrx_word' id='word_1_637' title='bbox 3586 3131 3710 3184; x_wconf 87' lang='lat' dir='ltr'><strong>ob---</strong></span> 
     </span>
    </p>
   </div>
   <div class='ocr_carea' id='block_1_78' title="bbox 2117 3221 3708 3294">
    <p class='ocr_par' dir='ltr' id='par_1_78' title="bbox 2117 3221 3708 3294">
     <span class='ocr_line' id='line_1_78' title="bbox 2117 3221 3708 3294; baseline -0.003 -17"><span class='ocrx_word' id='word_1_638' title='bbox 2117 3223 2255 3280; x_wconf 89' lang='lat' dir='ltr'><strong>divit</strong></span> <span class='ocrx_word' id='word_1_639' title='bbox 2284 3241 2457 3294; x_wconf 91' lang='lat' dir='ltr'><strong>usque</strong></span> <span class='ocrx_word' id='word_1_640' title='bbox 2482 3226 2548 3280; x_wconf 91' lang='lat' dir='ltr'><strong>ad</strong></span> <span class='ocrx_word' id='word_1_641' title='bbox 2579 3233 2810 3279; x_wconf 88' lang='lat' dir='ltr'><strong>mortem</strong></span> <span class='ocrx_word' id='word_1_642' title='bbox 2836 3265 2852 3288; x_wconf 87' lang='lat'><strong>,</strong></span> <span class='ocrx_word' id='word_1_643' title='bbox 2895 3231 3125 3278; x_wconf 89' lang='lat' dir='ltr'><strong>mortem</strong></span> <span class='ocrx_word' id='word_1_644' title='bbox 3180 3232 3357 3277; x_wconf 88' lang='lat' dir='ltr'><strong>autem</strong></span> <span class='ocrx_word' id='word_1_645' title='bbox 3390 3224 3599 3278; x_wconf 89' lang='lat' dir='ltr'><strong>crucis.</strong></span> <span class='ocrx_word' id='word_1_646' title='bbox 3648 3221 3708 3274; x_wconf 79' lang='lat' dir='ltr'><strong>Et</strong></span> 
     </span>
    </p>
   </div>
   <div class='ocr_carea' id='block_1_79' title="bbox 2115 3315 3704 3387">
    <p class='ocr_par' dir='ltr' id='par_1_79' title="bbox 2115 3315 3704 3387">
     <span class='ocr_line' id='line_1_79' title="bbox 2115 3315 3704 3387; baseline -0.005 -15"><span class='ocrx_word' id='word_1_647' title='bbox 2115 3317 2239 3373; x_wconf 88' lang='lat' dir='ltr'><strong>ideo</strong></span> <span class='ocrx_word' id='word_1_648' title='bbox 2262 3359 2276 3380; x_wconf 90' lang='lat'><strong>.</strong></span> <span class='ocrx_word' id='word_1_649' title='bbox 2305 3318 2511 3387; x_wconf 90' lang='lat' dir='ltr'><strong>inquit,</strong></span> <span class='ocrx_word' id='word_1_650' title='bbox 2543 3317 2684 3373; x_wconf 91' lang='lat' dir='ltr'><strong>Deus</strong></span> <span class='ocrx_word' id='word_1_651' title='bbox 2710 3315 3138 3385; x_wconf 85' lang='lat' dir='ltr'><strong>supercxaltavit</strong></span> <span class='ocrx_word' id='word_1_652' title='bbox 3160 3330 3308 3370; x_wconf 91' lang='lat' dir='ltr'><strong>eum.</strong></span> <span class='ocrx_word' id='word_1_653' title='bbox 3340 3315 3399 3368; x_wconf 85' lang='lat' dir='ltr'><strong>Si</strong></span> <span class='ocrx_word' id='word_1_654' title='bbox 3447 3316 3579 3383; x_wconf 89' lang='lat' dir='ltr'><strong>quis</strong></span> <span class='ocrx_word' id='word_1_655' title='bbox 3613 3331 3704 3366; x_wconf 86' lang='lat' dir='ltr'><strong>an-</strong></span> 
     </span>
    </p>
   </div>
   <div class='ocr_carea' id='block_1_80' title="bbox 2115 3404 3708 3478">
    <p class='ocr_par' dir='ltr' id='par_1_80' title="bbox 2115 3404 3708 3478">
     <span class='ocr_line' id='line_1_80' title="bbox 2115 3404 3708 3478; baseline -0.006 -15"><span class='ocrx_word' id='word_1_656' title='bbox 2115 3418 2222 3463; x_wconf 91' lang='lat' dir='ltr'><strong>tem</strong></span> <span class='ocrx_word' id='word_1_657' title='bbox 2249 3409 2382 3462; x_wconf 94' lang='lat' dir='ltr'><strong>dnre</strong></span> <span class='ocrx_word' id='word_1_658' title='bbox 2407 3408 2598 3478; x_wconf 89' lang='lat' dir='ltr'><strong>legerit</strong></span> <span class='ocrx_word' id='word_1_659' title='bbox 2621 3423 2932 3471; x_wconf 88' lang='lat' dir='ltr'><strong>sermones,</strong></span> <span class='ocrx_word' id='word_1_660' title='bbox 2965 3405 3104 3460; x_wconf 78' lang='lat' dir='ltr'><strong>forte</strong></span> <span class='ocrx_word' id='word_1_661' title='bbox 3139 3404 3350 3474; x_wconf 92' lang='lat' dir='ltr'><strong>putabit</strong></span> <span class='ocrx_word' id='word_1_662' title='bbox 3403 3405 3570 3459; x_wconf 90' lang='lat' dir='ltr'><strong>istam</strong></span> <span class='ocrx_word' id='word_1_663' title='bbox 3623 3421 3708 3458; x_wconf 86' lang='lat' dir='ltr'><strong>su-</strong></span> 
     </span>
    </p>
   </div>
   <div class='ocr_carea' id='block_1_81' title="bbox 2112 3496 3707 3570">
    <p class='ocr_par' dir='ltr' id='par_1_81' title="bbox 2112 3496 3707 3570">
     <span class='ocr_line' id='line_1_81' title="bbox 2112 3496 3707 3570; baseline -0.002 -18"><span class='ocrx_word' id='word_1_664' title='bbox 2112 3499 2594 3570; x_wconf 85' lang='lat' dir='ltr'><strong>perexaltatiouem</strong></span> <span class='ocrx_word' id='word_1_665' title='bbox 2630 3499 2936 3554; x_wconf 91' lang='lat' dir='ltr'><strong>mercedem</strong></span> <span class='ocrx_word' id='word_1_666' title='bbox 2966 3511 3090 3552; x_wconf 90' lang='lat' dir='ltr'><strong>esse</strong></span> <span class='ocrx_word' id='word_1_667' title='bbox 3123 3496 3474 3552; x_wconf 78' lang='lat' dir='ltr'><strong>obedientiae.</strong></span> <span class='ocrx_word' id='word_1_668' title='bbox 3503 3497 3582 3550; x_wconf 86' lang='lat' dir='ltr'><strong>Ita</strong></span> <span class='ocrx_word' id='word_1_669' title='bbox 3615 3514 3707 3566; x_wconf 84' lang='lat' dir='ltr'><strong>pu-</strong></span> 
     </span>
    </p>
   </div>
   <div class='ocr_carea' id='block_1_82' title="bbox 2113 3590 3705 3661">
    <p class='ocr_par' dir='ltr' id='par_1_82' title="bbox 2113 3590 3705 3661">
     <span class='ocr_line' id='line_1_82' title="bbox 2113 3590 3705 3661; baseline 0 -16"><span class='ocrx_word' id='word_1_670' title='bbox 2113 3600 2198 3646; x_wconf 88' lang='lat' dir='ltr'><strong>tas</strong></span> <span class='ocrx_word' id='word_1_671' title='bbox 2218 3631 2236 3657; x_wconf 96' lang='lat'><strong>,</strong></span> <span class='ocrx_word' id='word_1_672' title='bbox 2263 3593 2355 3646; x_wconf 91' lang='lat' dir='ltr'><strong>sed</strong></span> <span class='ocrx_word' id='word_1_673' title='bbox 2392 3607 2497 3646; x_wconf 88' lang='lat' dir='ltr'><strong>non</strong></span> <span class='ocrx_word' id='word_1_674' title='bbox 2523 3601 2575 3645; x_wconf 92' lang='lat' dir='ltr'><strong>te</strong></span> <span class='ocrx_word' id='word_1_675' title='bbox 2602 3592 2880 3661; x_wconf 89' lang='lat' dir='ltr'><strong>permittat</strong></span> <span class='ocrx_word' id='word_1_676' title='bbox 2913 3591 2985 3644; x_wconf 90' lang='lat' dir='ltr'><strong>ita</strong></span> <span class='ocrx_word' id='word_1_677' title='bbox 3014 3590 3218 3644; x_wconf 86' lang='lat' dir='ltr'><strong>sentire</strong></span> <span class='ocrx_word' id='word_1_678' title='bbox 3248 3591 3338 3659; x_wconf 90' lang='lat' dir='ltr'><strong>qui</strong></span> <span class='ocrx_word' id='word_1_679' title='bbox 3376 3591 3496 3645; x_wconf 67' lang='lat' dir='ltr'><strong>haec</strong></span> <span class='ocrx_word' id='word_1_680' title='bbox 3549 3590 3705 3645; x_wconf 83' lang='lat' dir='ltr'><strong>dixit.</strong></span> 
     </span>
    </p>
   </div>
   <div class='ocr_carea' id='block_1_83' title="bbox 2112 3682 3701 3752">
    <p class='ocr_par' dir='ltr' id='par_1_83' title="bbox 2112 3682 3701 3752">
     <span class='ocr_line' id='line_1_83' title="bbox 2112 3682 3701 3752; baseline 0 -15"><span class='ocrx_word' id='word_1_681' title='bbox 2112 3683 2204 3737; x_wconf 78' lang='lat' dir='ltr'><strong>Ait</strong></span> <span class='ocrx_word' id='word_1_682' title='bbox 2228 3682 2376 3737; x_wconf 89' lang='lat' dir='ltr'><strong>enim</strong></span> <span class='ocrx_word' id='word_1_683' title='bbox 2410 3700 2423 3737; x_wconf 88' lang='lat'><strong>:</strong></span> <span class='ocrx_word' id='word_1_684' title='bbox 2459 3682 2564 3747; x_wconf 85' lang='lat' dir='ltr'><strong>Qui</strong></span> <span class='ocrx_word' id='word_1_685' title='bbox 2593 3682 2866 3747; x_wconf 83' lang='lat' dir='ltr'><strong>ascendit,</strong></span> <span class='ocrx_word' id='word_1_686' title='bbox 2896 3683 3005 3750; x_wconf 86' lang='lat' dir='ltr'><strong>ipse</strong></span> <span class='ocrx_word' id='word_1_687' title='bbox 3027 3692 3102 3736; x_wconf 91' lang='lat' dir='ltr'><strong>est</strong></span> <span class='ocrx_word' id='word_1_688' title='bbox 3126 3692 3174 3735; x_wconf 91' lang='lat' dir='ltr'><strong>et</strong></span> <span class='ocrx_word' id='word_1_689' title='bbox 3203 3683 3293 3752; x_wconf 87' lang='lat' dir='ltr'><strong>qui</strong></span> <span class='ocrx_word' id='word_1_690' title='bbox 3321 3685 3597 3736; x_wconf 79' lang='lat' dir='ltr'><strong>descendit</strong></span> <span class='ocrx_word' id='word_1_691' title='bbox 3639 3685 3701 3737; x_wconf 79' lang='grc' dir='ltr'><strong>ἐ.</strong></span> 
     </span>
    </p>
   </div>
   <div class='ocr_carea' id='block_1_84' title="bbox 2112 3773 3706 3844">
    <p class='ocr_par' dir='ltr' id='par_1_84' title="bbox 2112 3773 3706 3844">
     <span class='ocr_line' id='line_1_84' title="bbox 2112 3773 3706 3844; baseline 0.003 -18"><span class='ocrx_word' id='word_1_692' title='bbox 2112 3773 2256 3844; x_wconf 84' lang='lat' dir='ltr'><strong>Ergo</strong></span> <span class='ocrx_word' id='word_1_693' title='bbox 2277 3775 2680 3829; x_wconf 85' lang='lat' dir='ltr'><strong>exaltaviteum</strong></span> <span class='ocrx_word' id='word_1_694' title='bbox 2710 3775 2802 3844; x_wconf 92' lang='lat' dir='ltr'><strong>qui</strong></span> <span class='ocrx_word' id='word_1_695' title='bbox 2839 3775 3143 3833; x_wconf 87' lang='lat' dir='ltr'><strong>descendit.</strong></span> <span class='ocrx_word' id='word_1_696' title='bbox 3171 3775 3287 3830; x_wconf 84' lang='lat' dir='ltr'><strong>Non</strong></span> <span class='ocrx_word' id='word_1_697' title='bbox 3334 3785 3520 3831; x_wconf 86' lang='lat' dir='ltr'><strong>tamen</strong></span> <span class='ocrx_word' id='word_1_698' title='bbox 3555 3797 3583 3830; x_wconf 83' lang='lat' dir='ltr'><strong>a</strong></span> <span class='ocrx_word' id='word_1_699' title='bbox 3618 3778 3706 3831; x_wconf 86' lang='lat' dir='ltr'><strong>de-</strong></span> 
     </span>
    </p>
   </div>
   <div class='ocr_carea' id='block_1_85' title="bbox 2111 3865 3708 3935">
    <p class='ocr_par' dir='ltr' id='par_1_85' title="bbox 2111 3865 3708 3935">
     <span class='ocr_line' id='line_1_85' title="bbox 2111 3865 3708 3935; baseline 0.001 -15"><span class='ocrx_word' id='word_1_700' title='bbox 2111 3879 2297 3921; x_wconf 91' lang='lat' dir='ltr'><strong>orsum</strong></span> <span class='ocrx_word' id='word_1_701' title='bbox 2324 3881 2546 3921; x_wconf 89' lang='lat' dir='ltr'><strong>sursum</strong></span> <span class='ocrx_word' id='word_1_702' title='bbox 2579 3866 2828 3920; x_wconf 84' lang='lat' dir='ltr'><strong>adduxit.</strong></span> <span class='ocrx_word' id='word_1_703' title='bbox 2863 3865 2970 3921; x_wconf 87' lang='lat' dir='ltr'><strong>Sed</strong></span> <span class='ocrx_word' id='word_1_704' title='bbox 2999 3883 3122 3921; x_wconf 91' lang='lat' dir='ltr'><strong>eum</strong></span> <span class='ocrx_word' id='word_1_705' title='bbox 3153 3867 3243 3935; x_wconf 92' lang='lat' dir='ltr'><strong>qui</strong></span> <span class='ocrx_word' id='word_1_706' title='bbox 3272 3869 3558 3922; x_wconf 86' lang='lat' dir='ltr'><strong>descendit</strong></span> <span class='ocrx_word' id='word_1_707' title='bbox 3581 3910 3596 3933; x_wconf 91' lang='lat'><strong>,</strong></span> <span class='ocrx_word' id='word_1_708' title='bbox 3619 3868 3708 3922; x_wconf 62' lang='lat' dir='ltr'><strong>i:e~</strong></span> 
     </span>
    </p>
   </div>
   <div class='ocr_carea' id='block_1_86' title="bbox 2113 3956 3702 4026">
    <p class='ocr_par' dir='ltr' id='par_1_86' title="bbox 2113 3956 3702 4026">
     <span class='ocr_line' id='line_1_86' title="bbox 2113 3956 3702 4026; baseline -0.001 -15"><span class='ocrx_word' id='word_1_709' title='bbox 2113 3972 2233 4011; x_wconf 90' lang='lat' dir='ltr'><strong>rum</strong></span> <span class='ocrx_word' id='word_1_710' title='bbox 2285 3971 2505 4010; x_wconf 91' lang='lat' dir='ltr'><strong>sursum</strong></span> <span class='ocrx_word' id='word_1_711' title='bbox 2564 3958 2885 4026; x_wconf 85' lang='lat' dir='ltr'><strong>assumpsit.</strong></span> <span class='ocrx_word' id='word_1_712' title='bbox 2937 3957 3156 4011; x_wconf 88' lang='lat' dir='ltr'><strong>Assumi</strong></span> <span class='ocrx_word' id='word_1_713' title='bbox 3212 3956 3368 4022; x_wconf 88' lang='lat' dir='ltr'><strong>dico,</strong></span> <span class='ocrx_word' id='word_1_714' title='bbox 3419 3973 3532 4012; x_wconf 90' lang='lat' dir='ltr'><strong>non</strong></span> <span class='ocrx_word' id='word_1_715' title='bbox 3581 3960 3702 4026; x_wconf 85' lang='lat' dir='ltr'><strong>quia</strong></span> 
     </span>
    </p>
   </div>
   <div class='ocr_carea' id='block_1_87' title="bbox 2111 4045 3701 4119">
    <p class='ocr_par' dir='ltr' id='par_1_87' title="bbox 2111 4045 3701 4119">
     <span class='ocr_line' id='line_1_87' title="bbox 2111 4045 3701 4119; baseline 0.002 -20"><span class='ocrx_word' id='word_1_716' title='bbox 2111 4045 2346 4102; x_wconf 88' lang='lat' dir='ltr'><strong>mundus</strong></span> <span class='ocrx_word' id='word_1_717' title='bbox 2397 4046 2740 4102; x_wconf 84' lang='lat' dir='ltr'><strong>fraudabitur</strong></span> <span class='ocrx_word' id='word_1_718' title='bbox 2804 4063 2833 4102; x_wconf 89' lang='lat' dir='ltr'><strong>a</strong></span> <span class='ocrx_word' id='word_1_719' title='bbox 2890 4049 3181 4119; x_wconf 61' lang='lat' dir='ltr'><strong>praesentia</strong></span> <span class='ocrx_word' id='word_1_720' title='bbox 3236 4049 3531 4118; x_wconf 85' lang='lat' dir='ltr'><strong>unigeniti.</strong></span> <span class='ocrx_word' id='word_1_721' title='bbox 3591 4051 3701 4104; x_wconf 80' lang='lat' dir='ltr'><strong>Non</strong></span> 
     </span>
    </p>
   </div>
   <div class='ocr_carea' id='block_1_88' title="bbox 2110 4125 3704 4210">
    <p class='ocr_par' dir='ltr' id='par_1_88' title="bbox 2110 4125 3704 4210">
     <span class='ocr_line' id='line_1_88' title="bbox 2110 4125 3704 4210; baseline 0.003 -20"><span class='ocrx_word' id='word_1_722' title='bbox 2110 4145 2289 4208; x_wconf 90' lang='lat' dir='ltr'><strong>potest</strong></span> <span class='ocrx_word' id='word_1_723' title='bbox 2327 4140 2562 4194; x_wconf 85' lang='lat' dir='ltr'><strong>mundus</strong></span> <span class='ocrx_word' id='word_1_724' title='bbox 2613 4141 2732 4196; x_wconf 90' lang='lat' dir='ltr'><strong>sine</strong></span> <span class='ocrx_word' id='word_1_725' title='bbox 2765 4139 3128 4210; x_wconf 85' lang='lat' dir='ltr'><strong>gubernatore</strong></span> <span class='ocrx_word' id='word_1_726' title='bbox 3173 4125 3410 4206; x_wconf 81' lang='lat' dir='ltr'><strong>salvari,</strong></span> <span class='ocrx_word' id='word_1_727' title='bbox 3457 4157 3567 4195; x_wconf 90' lang='lat' dir='ltr'><strong>non</strong></span> <span class='ocrx_word' id='word_1_728' title='bbox 3615 4157 3704 4208; x_wconf 87' lang='lat' dir='ltr'><strong>po-</strong></span> 
     </span>
    </p>
   </div>
   <div class='ocr_carea' id='block_1_89' title="bbox 2112 4224 3701 4295">
    <p class='ocr_par' dir='ltr' id='par_1_89' title="bbox 2112 4224 3701 4295">
     <span class='ocr_line' id='line_1_89' title="bbox 2112 4224 3701 4295; baseline 0.001 -20"><span class='ocrx_word' id='word_1_729' title='bbox 2112 4231 2218 4276; x_wconf 84' lang='lat' dir='ltr'><strong>test</strong></span> <span class='ocrx_word' id='word_1_730' title='bbox 2276 4224 2510 4278; x_wconf 92' lang='lat' dir='ltr'><strong>mundus</strong></span> <span class='ocrx_word' id='word_1_731' title='bbox 2562 4232 2712 4279; x_wconf 89' lang='lat' dir='ltr'><strong>stare</strong></span> <span class='ocrx_word' id='word_1_732' title='bbox 2758 4226 2803 4280; x_wconf 90' lang='lat' dir='ltr'><strong>si</strong></span> <span class='ocrx_word' id='word_1_733' title='bbox 2853 4228 3140 4280; x_wconf 87' lang='lat' dir='ltr'><strong>recesserit</strong></span> <span class='ocrx_word' id='word_1_734' title='bbox 3190 4226 3530 4295; x_wconf 86' lang='lat' dir='ltr'><strong>unigenitus.</strong></span> <span class='ocrx_word' id='word_1_735' title='bbox 3599 4227 3701 4278; x_wconf 86' lang='lat' dir='ltr'><strong>Sed</strong></span> 
     </span>
    </p>
   </div>
   <div class='ocr_carea' id='block_1_90' title="bbox 2108 4309 3694 4387">
    <p class='ocr_par' dir='ltr' id='par_1_90' title="bbox 2108 4309 3694 4387">
     <span class='ocr_line' id='line_1_90' title="bbox 2108 4309 3694 4387; baseline 0.002 -22"><span class='ocrx_word' id='word_1_736' title='bbox 2108 4309 2249 4368; x_wconf 80' lang='lat' dir='ltr'><strong>forte</strong></span> <span class='ocrx_word' id='word_1_737' title='bbox 2280 4313 2415 4369; x_wconf 90' lang='lat' dir='ltr'><strong>dicis</strong></span> <span class='ocrx_word' id='word_1_738' title='bbox 2455 4333 2468 4369; x_wconf 89' lang='lat'><strong>:</strong></span> <span class='ocrx_word' id='word_1_739' title='bbox 2514 4313 2632 4368; x_wconf 81' lang='lat' dir='ltr'><strong>Non</strong></span> <span class='ocrx_word' id='word_1_740' title='bbox 2678 4313 2882 4370; x_wconf 81' lang='lat' dir='ltr'><strong>sufﬁcit</strong></span> <span class='ocrx_word' id='word_1_741' title='bbox 2933 4316 3079 4371; x_wconf 92' lang='lat' dir='ltr'><strong>enim</strong></span> <span class='ocrx_word' id='word_1_742' title='bbox 3126 4315 3334 4371; x_wconf 83' lang='lat' dir='ltr'><strong>Pater?</strong></span> <span class='ocrx_word' id='word_1_743' title='bbox 3389 4315 3511 4371; x_wconf 84' lang='lat' dir='ltr'><strong>Non</strong></span> <span class='ocrx_word' id='word_1_744' title='bbox 3571 4320 3694 4387; x_wconf 84' lang='lat' dir='ltr'><strong>quia</strong></span> 
     </span>
    </p>
   </div>
   <div class='ocr_carea' id='block_1_91' title="bbox 2109 4404 3698 4479">
    <p class='ocr_par' dir='ltr' id='par_1_91' title="bbox 2109 4404 3698 4479">
     <span class='ocr_line' id='line_1_91' title="bbox 2109 4404 3698 4479; baseline 0.001 -21"><span class='ocrx_word' id='word_1_745' title='bbox 2109 4419 2217 4459; x_wconf 91' lang='lat' dir='ltr'><strong>non</strong></span> <span class='ocrx_word' id='word_1_746' title='bbox 2248 4404 2547 4460; x_wconf 77' lang='lat' dir='ltr'><strong>suiﬁciebat</strong></span> <span class='ocrx_word' id='word_1_747' title='bbox 2575 4405 2761 4473; x_wconf 91' lang='lat' dir='ltr'><strong>Pater,</strong></span> <span class='ocrx_word' id='word_1_748' title='bbox 2793 4407 2916 4462; x_wconf 91' lang='lat' dir='ltr'><strong>ideo</strong></span> <span class='ocrx_word' id='word_1_749' title='bbox 2945 4409 3132 4479; x_wconf 82' lang='lat' dir='ltr'><strong>genuit</strong></span> <span class='ocrx_word' id='word_1_750' title='bbox 3168 4407 3364 4462; x_wconf 85' lang='lat' dir='ltr'><strong>Filium</strong></span> <span class='ocrx_word' id='word_1_751' title='bbox 3408 4426 3422 4462; x_wconf 94' lang='lat'>:</span> <span class='ocrx_word' id='word_1_752' title='bbox 3450 4411 3548 4463; x_wconf 81' lang='lat' dir='ltr'><strong>sed</strong></span> <span class='ocrx_word' id='word_1_753' title='bbox 3577 4410 3698 4479; x_wconf 86' lang='lat' dir='ltr'><strong>quia</strong></span> 
     </span>
    </p>
   </div>
   <div class='ocr_carea' id='block_1_92' title="bbox 417 4474 3695 4568">
    <p class='ocr_par' dir='ltr' id='par_1_92' title="bbox 417 4474 3695 4568">
     <span class='ocr_line' id='line_1_92' title="bbox 417 4474 3695 4568; baseline 0.006 -42"><span class='ocrx_word' id='word_1_754' title='bbox 417 4480 628 4526; x_wconf 87' lang='lat' dir='ltr'><strong>mescat</strong></span> <span class='ocrx_word' id='word_1_755' title='bbox 652 4491 666 4528; x_wconf 74' lang='grc' dir='ltr'>ζ</span> <span class='ocrx_word' id='word_1_756' title='bbox 692 4474 1043 4568; x_wconf 76' lang='lat' dir='ltr'><strong>intremeseat</strong></span> <span class='ocrx_word' id='word_1_757' title='bbox 1069 4486 1124 4568; x_wconf 83' lang='lat' dir='ltr'><strong>et</strong></span> <span class='ocrx_word' id='word_1_758' title='bbox 1143 4476 1346 4546; x_wconf 79' lang='lat' dir='ltr'><strong>lingua.</strong></span> <span class='ocrx_word' id='word_1_759' title='bbox 1369 4477 1479 4533; x_wconf 85' lang='lat' dir='ltr'><strong>Non</strong></span> <span class='ocrx_word' id='word_1_760' title='bbox 1507 4481 1633 4550; x_wconf 87' lang='lat' dir='ltr'><strong>quia</strong></span> <span class='ocrx_word' id='word_1_761' title='bbox 1651 4482 1818 4538; x_wconf 93' lang='lat' dir='ltr'><strong>durus</strong></span> <span class='ocrx_word' id='word_1_762' title='bbox 1841 4484 2002 4552; x_wconf 87' lang='lat' dir='ltr'><strong>Deus,</strong></span> <span class='ocrx_word' id='word_1_763' title='bbox 2036 4497 2082 4554; x_wconf 78' lang='grc' dir='ltr'><strong>Β</strong></span> <span class='ocrx_word' id='word_1_764' title='bbox 2110 4510 2217 4550; x_wconf 87' lang='lat' dir='ltr'><strong>non</strong></span> <span class='ocrx_word' id='word_1_765' title='bbox 2267 4493 2608 4551; x_wconf 73' lang='lat' dir='ltr'><strong>suﬁiciebam</strong></span> <span class='ocrx_word' id='word_1_766' title='bbox 2656 4512 2719 4552; x_wconf 81' lang='lat' dir='ltr'><strong>ea</strong></span> <span class='ocrx_word' id='word_1_767' title='bbox 2770 4513 2892 4568; x_wconf 54' lang='lat' dir='ltr'><strong>qua</strong></span> <span class='ocrx_word' id='word_1_768' title='bbox 2941 4474 3083 4553; x_wconf 55' lang='lat' dir='ltr'><strong>facta</strong></span> <span class='ocrx_word' id='word_1_769' title='bbox 3131 4509 3257 4554; x_wconf 81' lang='lat' dir='ltr'><strong>sum</strong></span> <span class='ocrx_word' id='word_1_770' title='bbox 3303 4498 3538 4555; x_wconf 79' lang='lat' dir='ltr'><strong>suﬂ&#39;erre</strong></span> <span class='ocrx_word' id='word_1_771' title='bbox 3595 4474 3695 4554; x_wconf 48' lang='lat' dir='ltr'><strong>non</strong></span> 
     </span>
    </p>
   </div>
   <div class='ocr_carea' id='block_1_93' title="bbox 417 4565 2009 4633">
    <p class='ocr_par' dir='ltr' id='par_1_93' title="bbox 417 4565 2009 4633">
     <span class='ocr_line' id='line_1_93' title="bbox 417 4565 2009 4633; baseline 0.009 -17"><span class='ocrx_word' id='word_1_772' title='bbox 417 4568 511 4617; x_wconf 87' lang='lat' dir='ltr'><strong>sed</strong></span> <span class='ocrx_word' id='word_1_773' title='bbox 535 4565 960 4633; x_wconf 85' lang='lat' dir='ltr'><strong>supereminenti</strong></span> <span class='ocrx_word' id='word_1_774' title='bbox 979 4566 1219 4621; x_wconf 88' lang='lat' dir='ltr'><strong>bonitate</strong></span> <span class='ocrx_word' id='word_1_775' title='bbox 1243 4579 1328 4623; x_wconf 87' lang='lat' dir='ltr'><strong>est</strong></span> <span class='ocrx_word' id='word_1_776' title='bbox 1367 4570 1658 4626; x_wconf 90' lang='lat' dir='ltr'><strong>timendus.</strong></span> <span class='ocrx_word' id='word_1_777' title='bbox 1680 4571 1772 4626; x_wconf 92' lang='lat' dir='ltr'><strong>Sol</strong></span> <span class='ocrx_word' id='word_1_778' title='bbox 1798 4573 1900 4628; x_wconf 91' lang='lat' dir='ltr'><strong>iste</strong></span> <span class='ocrx_word' id='word_1_779' title='bbox 1915 4577 2009 4630; x_wconf 91' lang='lat' dir='ltr'><strong>ob-</strong></span> 
     </span>
    </p>
   </div>
   <div class='ocr_carea' id='block_1_94' title="bbox 415 4655 2005 4733">
    <p class='ocr_par' dir='ltr' id='par_1_94' title="bbox 415 4655 2005 4733">
     <span class='ocr_line' id='line_1_94' title="bbox 415 4655 2005 4733; baseline 0.011 -27"><span class='ocrx_word' id='word_1_780' title='bbox 415 4664 607 4710; x_wconf 89' lang='lat' dir='ltr'><strong>seurat</strong></span> <span class='ocrx_word' id='word_1_781' title='bbox 627 4655 838 4723; x_wconf 91' lang='lat' dir='ltr'><strong>oculos,</strong></span> <span class='ocrx_word' id='word_1_782' title='bbox 869 4674 976 4713; x_wconf 91' lang='lat' dir='ltr'><strong>non</strong></span> <span class='ocrx_word' id='word_1_783' title='bbox 1003 4661 1130 4730; x_wconf 88' lang='lat' dir='ltr'><strong>quia</strong></span> <span class='ocrx_word' id='word_1_784' title='bbox 1163 4660 1452 4728; x_wconf 90' lang='lat' dir='ltr'><strong>obscurus,</strong></span> <span class='ocrx_word' id='word_1_785' title='bbox 1487 4663 1584 4718; x_wconf 90' lang='lat' dir='ltr'><strong>sed</strong></span> <span class='ocrx_word' id='word_1_786' title='bbox 1615 4665 1741 4733; x_wconf 90' lang='lat' dir='ltr'><strong>quia</strong></span> <span class='ocrx_word' id='word_1_787' title='bbox 1775 4666 2005 4723; x_wconf 79' lang='lat' dir='ltr'><strong>multum</strong></span> 
     </span>
    </p>
   </div>
   <div class='ocr_carea' id='block_1_95' title="bbox 413 4747 2000 4822">
    <p class='ocr_par' dir='ltr' id='par_1_95' title="bbox 413 4747 2000 4822">
     <span class='ocr_line' id='line_1_95' title="bbox 413 4747 2000 4822; baseline 0.007 -22"><span class='ocrx_word' id='word_1_788' title='bbox 413 4757 499 4802; x_wconf 90' lang='lat' dir='ltr'><strong>est</strong></span> <span class='ocrx_word' id='word_1_789' title='bbox 525 4747 728 4804; x_wconf 82' lang='lat' dir='ltr'><strong>clarus.</strong></span> <span class='ocrx_word' id='word_1_790' title='bbox 748 4749 968 4806; x_wconf 84' lang='lat' dir='ltr'><strong>EtDcus</strong></span> <span class='ocrx_word' id='word_1_791' title='bbox 997 4751 1290 4819; x_wconf 87' lang='lat' dir='ltr'><strong>timendus,</strong></span> <span class='ocrx_word' id='word_1_792' title='bbox 1309 4753 1434 4822; x_wconf 92' lang='lat' dir='ltr'><strong>quia</strong></span> <span class='ocrx_word' id='word_1_793' title='bbox 1457 4753 1680 4808; x_wconf 92' lang='lat' dir='ltr'><strong>multum</strong></span> <span class='ocrx_word' id='word_1_794' title='bbox 1706 4766 1788 4810; x_wconf 91' lang='lat' dir='ltr'><strong>est</strong></span> <span class='ocrx_word' id='word_1_795' title='bbox 1806 4755 2000 4811; x_wconf 90' lang='lat' dir='ltr'><strong>bonus.</strong></span> 
     </span>
    </p>
   </div>
   <div class='ocr_carea' id='block_1_96' title="bbox 413 4841 2001 4915">
    <p class='ocr_par' dir='ltr' id='par_1_96' title="bbox 413 4841 2001 4915">
     <span class='ocr_line' id='line_1_96' title="bbox 413 4841 2001 4915; baseline 0.006 -20"><span class='ocrx_word' id='word_1_796' title='bbox 413 4841 607 4911; x_wconf 67' lang='lat' dir='ltr'><strong>Cogita</strong></span> <span class='ocrx_word' id='word_1_797' title='bbox 641 4843 782 4914; x_wconf 86' lang='lat' dir='ltr'><strong>apud</strong></span> <span class='ocrx_word' id='word_1_798' title='bbox 816 4852 866 4900; x_wconf 90' lang='lat' dir='ltr'><strong>te</strong></span> <span class='ocrx_word' id='word_1_799' title='bbox 911 4844 1006 4915; x_wconf 89' lang='lat' dir='ltr'><strong>qui</strong></span> <span class='ocrx_word' id='word_1_800' title='bbox 1053 4843 1129 4899; x_wconf 87' lang='lat' dir='ltr'><strong>sis</strong></span> <span class='ocrx_word' id='word_1_801' title='bbox 1161 4845 1402 4901; x_wconf 91' lang='lat' dir='ltr'><strong>humilis.</strong></span> <span class='ocrx_word' id='word_1_802' title='bbox 1449 4845 1565 4903; x_wconf 83' lang='lat' dir='ltr'><strong>Non</strong></span> <span class='ocrx_word' id='word_1_803' title='bbox 1607 4849 1752 4902; x_wconf 89' lang='lat' dir='ltr'><strong>enim</strong></span> <span class='ocrx_word' id='word_1_804' title='bbox 1801 4851 2001 4905; x_wconf 86' lang='lat' dir='ltr'><strong>audisti</strong></span> 
     </span>
    </p>
   </div>
   <div class='ocr_carea' id='block_1_97' title="bbox 416 4929 2002 5008">
    <p class='ocr_par' dir='ltr' id='par_1_97' title="bbox 416 4929 2002 5008">
     <span class='ocr_line' id='line_1_97' title="bbox 416 4929 2002 5008; baseline 0.008 -26"><span class='ocrx_word' id='word_1_805' title='bbox 416 4943 543 4983; x_wconf 76' lang='lat' dir='ltr'><strong>cum</strong></span> <span class='ocrx_word' id='word_1_806' title='bbox 573 4929 843 4987; x_wconf 80' lang='lat' dir='ltr'><strong>dicentem</strong></span> <span class='ocrx_word' id='word_1_807' title='bbox 881 4951 896 4988; x_wconf 90' lang='lat'><strong>:</strong></span> <span class='ocrx_word' id='word_1_808' title='bbox 928 4931 1032 4987; x_wconf 85' lang='lat' dir='ltr'><strong>Vos</strong></span> <span class='ocrx_word' id='word_1_809' title='bbox 1057 4948 1122 4987; x_wconf 75' lang='lat' dir='ltr'><strong>ea:</strong></span> <span class='ocrx_word' id='word_1_810' title='bbox 1144 4933 1480 5002; x_wconf 78' lang='lat' dir='ltr'><strong>inferioribus</strong></span> <span class='ocrx_word' id='word_1_811' title='bbox 1508 4939 1632 4991; x_wconf 81' lang='lat' dir='ltr'><strong>estis</strong></span> <span class='ocrx_word' id='word_1_812' title='bbox 1654 4977 1670 5003; x_wconf 93' lang='lat'><strong>,</strong></span> <span class='ocrx_word' id='word_1_813' title='bbox 1699 4954 1794 5008; x_wconf 87' lang='lat' dir='ltr'><strong>ego</strong></span> <span class='ocrx_word' id='word_1_814' title='bbox 1827 4950 2002 4994; x_wconf 88' lang='lat' dir='ltr'><strong>autem</strong></span> 
     </span>
    </p>
   </div>
   <div class='ocr_carea' id='block_1_98' title="bbox 417 5024 2004 5098">
    <p class='ocr_par' dir='ltr' id='par_1_98' title="bbox 417 5024 2004 5098">
     <span class='ocr_line' id='line_1_98' title="bbox 417 5024 2004 5098; baseline 0.008 -24"><span class='ocrx_word' id='word_1_815' title='bbox 417 5024 482 5075; x_wconf 88' lang='lat' dir='ltr'><strong>de</strong></span> <span class='ocrx_word' id='word_1_816' title='bbox 511 5025 867 5092; x_wconf 73' lang='lat' dir='ltr'><strong>superioribus</strong></span> <span class='ocrx_word' id='word_1_817' title='bbox 913 5040 1030 5079; x_wconf 89' lang='lat' dir='ltr'><strong>sum</strong></span> <span class='ocrx_word' id='word_1_818' title='bbox 1082 5024 1177 5078; x_wconf 88' lang='lat'><strong>&quot;&#39;?</strong></span> <span class='ocrx_word' id='word_1_819' title='bbox 1222 5025 1357 5080; x_wconf 88' lang='lat' dir='ltr'><strong>Nam</strong></span> <span class='ocrx_word' id='word_1_820' title='bbox 1413 5039 1670 5098; x_wconf 90' lang='lat' dir='ltr'><strong>quantum</strong></span> <span class='ocrx_word' id='word_1_821' title='bbox 1718 5030 1912 5085; x_wconf 80' lang='lat' dir='ltr'><strong>ccelum</strong></span> <span class='ocrx_word' id='word_1_822' title='bbox 1973 5047 2004 5086; x_wconf 89' lang='lat' dir='ltr'><strong>a</strong></span> 
     </span>
    </p>
   </div>
   <div class='ocr_carea' id='block_1_99' title="bbox 420 5116 2006 5184">
    <p class='ocr_par' dir='ltr' id='par_1_99' title="bbox 420 5116 2006 5184">
     <span class='ocr_line' id='line_1_99' title="bbox 420 5116 2006 5184; baseline 0.007 -18"><span class='ocrx_word' id='word_1_823' title='bbox 420 5124 566 5169; x_wconf 85' lang='lat' dir='ltr'><strong>terra</strong></span> <span class='ocrx_word' id='word_1_824' title='bbox 598 5116 762 5172; x_wconf 88' lang='lat' dir='ltr'><strong>distat</strong></span> <span class='ocrx_word' id='word_1_825' title='bbox 784 5159 798 5184; x_wconf 87' lang='lat'><strong>,</strong></span> <span class='ocrx_word' id='word_1_826' title='bbox 831 5127 1038 5172; x_wconf 88' lang='lat' dir='ltr'><strong>tantum</strong></span> <span class='ocrx_word' id='word_1_827' title='bbox 1070 5129 1121 5174; x_wconf 89' lang='lat' dir='ltr'><strong>et</strong></span> <span class='ocrx_word' id='word_1_828' title='bbox 1156 5135 1185 5173; x_wconf 89' lang='lat' dir='ltr'><strong>a</strong></span> <span class='ocrx_word' id='word_1_829' title='bbox 1218 5120 1373 5176; x_wconf 85' lang='lat' dir='ltr'><strong>nobis</strong></span> <span class='ocrx_word' id='word_1_830' title='bbox 1400 5120 1560 5176; x_wconf 88' lang='lat' dir='ltr'><strong>Deus.</strong></span> <span class='ocrx_word' id='word_1_831' title='bbox 1592 5120 1659 5175; x_wconf 91' lang='lat' dir='ltr'><strong>Et</strong></span> <span class='ocrx_word' id='word_1_832' title='bbox 1693 5131 1842 5177; x_wconf 87' lang='lat' dir='ltr'><strong>certe</strong></span> <span class='ocrx_word' id='word_1_833' title='bbox 1861 5124 2006 5177; x_wconf 84' lang='lat' dir='ltr'><strong>scri-</strong></span> 
     </span>
    </p>
   </div>
   <div class='ocr_carea' id='block_1_100' title="bbox 419 5209 1998 5280">
    <p class='ocr_par' dir='ltr' id='par_1_100' title="bbox 419 5209 1998 5280">
     <span class='ocr_line' id='line_1_100' title="bbox 419 5209 1998 5280; baseline 0.006 -21"><span class='ocrx_word' id='word_1_834' title='bbox 419 5217 569 5276; x_wconf 87' lang='lat' dir='ltr'><strong>ptum</strong></span> <span class='ocrx_word' id='word_1_835' title='bbox 598 5219 715 5264; x_wconf 87' lang='lat' dir='ltr'><strong>est:</strong></span> <span class='ocrx_word' id='word_1_836' title='bbox 751 5209 1018 5275; x_wconf 82' lang='lat' dir='ltr'><strong>Quantum</strong></span> <span class='ocrx_word' id='word_1_837' title='bbox 1058 5212 1218 5266; x_wconf 83' lang='lat' dir='ltr'><strong>distat</strong></span> <span class='ocrx_word' id='word_1_838' title='bbox 1271 5211 1456 5266; x_wconf 82' lang='lat' dir='ltr'><strong>caelum</strong></span> <span class='ocrx_word' id='word_1_839' title='bbox 1485 5230 1518 5266; x_wconf 91' lang='lat' dir='ltr'><strong>a</strong></span> <span class='ocrx_word' id='word_1_840' title='bbox 1564 5223 1739 5280; x_wconf 88' lang='lat' dir='ltr'><strong>terra,</strong></span> <span class='ocrx_word' id='word_1_841' title='bbox 1795 5226 1998 5268; x_wconf 84' lang='lat' dir='ltr'><strong>tantum</strong></span> 
     </span>
    </p>
   </div>
   <div class='ocr_carea' id='block_1_101' title="bbox 419 5301 1998 5361">
    <p class='ocr_par' dir='ltr' id='par_1_101' title="bbox 419 5301 1998 5361">
     <span class='ocr_line' id='line_1_101' title="bbox 419 5301 1998 5361; baseline 0.004 -7"><span class='ocrx_word' id='word_1_842' title='bbox 419 5301 518 5355; x_wconf 69' lang='lat' dir='ltr'><strong>vite</strong></span> <span class='ocrx_word' id='word_1_843' title='bbox 542 5319 670 5358; x_wconf 67' lang='lat' dir='ltr'><strong>mea:</strong></span> <span class='ocrx_word' id='word_1_844' title='bbox 700 5321 732 5357; x_wconf 89' lang='lat' dir='ltr'><strong>a</strong></span> <span class='ocrx_word' id='word_1_845' title='bbox 763 5305 856 5358; x_wconf 79' lang='lat' dir='ltr'><strong>viis</strong></span> <span class='ocrx_word' id='word_1_846' title='bbox 887 5305 1066 5359; x_wconf 81' lang='lat' dir='ltr'><strong>vestris</strong></span> <span class='ocrx_word' id='word_1_847' title='bbox 1094 5305 1163 5358; x_wconf 82' lang='grc'><strong>⁷³.</strong></span> <span class='ocrx_word' id='word_1_848' title='bbox 1197 5303 1269 5359; x_wconf 91' lang='lat' dir='ltr'><strong>Ut</strong></span> <span class='ocrx_word' id='word_1_849' title='bbox 1295 5305 1366 5359; x_wconf 83' lang='lat' dir='ltr'><strong>ad</strong></span> <span class='ocrx_word' id='word_1_850' title='bbox 1409 5321 1510 5361; x_wconf 88' lang='lat' dir='ltr'><strong>nos</strong></span> <span class='ocrx_word' id='word_1_851' title='bbox 1557 5320 1657 5360; x_wconf 86' lang='lat' dir='ltr'><strong>vox</strong></span> <span class='ocrx_word' id='word_1_852' title='bbox 1686 5305 1801 5359; x_wconf 68' lang='lat' dir='ltr'><strong>haec</strong></span> <span class='ocrx_word' id='word_1_853' title='bbox 1855 5307 1998 5360; x_wconf 90' lang='lat' dir='ltr'><strong>dicta</strong></span> 
     </span>
    </p>
   </div>
   <div class='ocr_carea' id='block_1_102' title="bbox 492 5397 1504 5467">
    <p class='ocr_par' dir='ltr' id='par_1_102' title="bbox 492 5397 1504 5467">
     <span class='ocr_line' id='line_1_102' title="bbox 492 5397 1504 5467; baseline 0.003 -13"><span class='ocrx_word' id='word_1_854' title='bbox 492 5400 539 5432; x_wconf 74' lang='grc'><strong>⁷⁸</strong></span> <span class='ocrx_word' id='word_1_855' title='bbox 566 5397 724 5454; x_wconf 87' lang='lat' dir='ltr'><strong>Joan.</strong></span> <span class='ocrx_word' id='word_1_856' title='bbox 755 5398 907 5466; x_wconf 82' lang='grc' dir='ltr'><strong>ι,18.</strong></span> <span class='ocrx_word' id='word_1_857' title='bbox 982 5400 1026 5432; x_wconf 75' lang='grc'>⁷⁸</span> <span class='ocrx_word' id='word_1_858' title='bbox 1073 5398 1228 5455; x_wconf 83' lang='lat' dir='ltr'><strong>Joan.</strong></span> <span class='ocrx_word' id='word_1_859' title='bbox 1259 5416 1377 5467; x_wconf 85' lang='lat' dir='ltr'><strong>vm,</strong></span> <span class='ocrx_word' id='word_1_860' title='bbox 1414 5401 1504 5457; x_wconf 76' lang='grc'><strong>25.</strong></span> 
     </span>
    </p>
   </div>
   <div class='ocr_carea' id='block_1_103' title="bbox 420 5469 934 5540">
    <p class='ocr_par' dir='ltr' id='par_1_103' title="bbox 420 5469 934 5540">
     <span class='ocr_line' id='line_1_103' title="bbox 420 5469 934 5540; baseline -0.002 -15"><span class='ocrx_word' id='word_1_861' title='bbox 420 5469 468 5501; x_wconf 78' lang='grc'><strong>⁷⁸</strong></span> <span class='ocrx_word' id='word_1_862' title='bbox 499 5469 696 5540; x_wconf 64' lang='grc' dir='ltr'><strong>Εμικιε.</strong></span> <span class='ocrx_word' id='word_1_863' title='bbox 741 5488 816 5537; x_wconf 86' lang='lat' dir='ltr'><strong>tv,</strong></span> <span class='ocrx_word' id='word_1_864' title='bbox 844 5471 934 5525; x_wconf 80' lang='lat' dir='ltr'><strong>lt).</strong></span> 
     </span>
    </p>
   </div>
   <div class='ocr_carea' id='block_1_104' title="bbox 494 5612 1170 5680">
    <p class='ocr_par' dir='ltr' id='par_1_104' title="bbox 494 5612 1170 5680">
     <span class='ocr_line' id='line_1_104' title="bbox 494 5612 1170 5680; baseline 0.009 -16"><span class='ocrx_word' id='word_1_865' title='bbox 494 5612 606 5680; x_wconf 87' lang='lat'><strong>(79)</strong></span> <span class='ocrx_word' id='word_1_866' title='bbox 633 5613 732 5670; x_wconf 85' lang='lat' dir='ltr'><strong>Ms.</strong></span> <span class='ocrx_word' id='word_1_867' title='bbox 778 5615 1036 5678; x_wconf 74' lang='lat' dir='ltr'><strong>Quwiltis</strong></span> <span class='ocrx_word' id='word_1_868' title='bbox 1073 5626 1170 5670; x_wconf 87' lang='lat' dir='ltr'><strong>est.</strong></span> 
     </span>
    </p>
   </div>
   <div class='ocr_carea' id='block_1_105' title="bbox 493 5684 1849 5755">
    <p class='ocr_par' dir='ltr' id='par_1_105' title="bbox 493 5684 1849 5755">
     <span class='ocr_line' id='line_1_105' title="bbox 493 5684 1849 5755; baseline 0.005 -20"><span class='ocrx_word' id='word_1_869' title='bbox 493 5684 608 5749; x_wconf 80' lang='lat'><strong>(80)</strong></span> <span class='ocrx_word' id='word_1_870' title='bbox 634 5685 1034 5755; x_wconf 68' lang='lat' dir='ltr'><strong>lietinquuntur.</strong></span> <span class='ocrx_word' id='word_1_871' title='bbox 1083 5687 1480 5750; x_wconf 72' lang='grc' dir='ltr'><strong>’Λπολείπεται,</strong></span> <span class='ocrx_word' id='word_1_872' title='bbox 1509 5697 1849 5755; x_wconf 87' lang='lat' dir='ltr'><strong>superantur.</strong></span> 
     </span>
    </p>
   </div>
   <div class='ocr_carea' id='block_1_106' title="bbox 496 5752 1996 5826">
    <p class='ocr_par' dir='ltr' id='par_1_106' title="bbox 496 5752 1996 5826">
     <span class='ocr_line' id='line_1_106' title="bbox 496 5752 1996 5826; baseline 0.005 -22"><span class='ocrx_word' id='word_1_873' title='bbox 496 5755 608 5820; x_wconf 80' lang='lat'><strong>(8|)</strong></span> <span class='ocrx_word' id='word_1_874' title='bbox 638 5752 740 5805; x_wconf 83' lang='lat' dir='ltr'><strong>Uni</strong></span> <span class='ocrx_word' id='word_1_875' title='bbox 774 5767 894 5806; x_wconf 80' lang='lat' dir='ltr'><strong>nato</strong></span> <span class='ocrx_word' id='word_1_876' title='bbox 931 5772 1031 5810; x_wconf 82' lang='lat' dir='ltr'><strong>non</strong></span> <span class='ocrx_word' id='word_1_877' title='bbox 1077 5760 1232 5810; x_wconf 82' lang='lat' dir='ltr'><strong>cedit.</strong></span> <span class='ocrx_word' id='word_1_878' title='bbox 1282 5752 1593 5826; x_wconf 73' lang='lat' dir='ltr'><strong>Lngcmiuni</strong></span> <span class='ocrx_word' id='word_1_879' title='bbox 1648 5760 1862 5813; x_wconf 78' lang='lat' dir='ltr'><strong>videtur</strong></span> <span class='ocrx_word' id='word_1_880' title='bbox 1907 5763 1996 5813; x_wconf 81' lang='lat' dir='ltr'><strong>uni</strong></span> 
     </span>
    </p>
   </div>
   <div class='ocr_carea' id='block_1_107' title="bbox 2107 4586 3698 4662">
    <p class='ocr_par' dir='ltr' id='par_1_107' title="bbox 2107 4586 3698 4662">
     <span class='ocr_line' id='line_1_107' title="bbox 2107 4586 3698 4662; baseline 0.002 -21"><span class='ocrx_word' id='word_1_881' title='bbox 2107 4587 2224 4641; x_wconf 90' lang='lat' dir='ltr'><strong>nati</strong></span> <span class='ocrx_word' id='word_1_882' title='bbox 2259 4586 2538 4655; x_wconf 85' lang='lat' dir='ltr'><strong>virtutem,</strong></span> <span class='ocrx_word' id='word_1_883' title='bbox 2583 4588 2706 4645; x_wconf 89' lang='lat' dir='ltr'><strong>ideo</strong></span> <span class='ocrx_word' id='word_1_884' title='bbox 2734 4605 2834 4661; x_wconf 92' lang='lat' dir='ltr'><strong>per</strong></span> <span class='ocrx_word' id='word_1_885' title='bbox 2863 4592 3218 4646; x_wconf 85' lang='lat' dir='ltr'><strong>mediatorem</strong></span> <span class='ocrx_word' id='word_1_886' title='bbox 3262 4592 3528 4662; x_wconf 88' lang='lat' dir='ltr'><strong>loquitur.</strong></span> <span class='ocrx_word' id='word_1_887' title='bbox 3558 4592 3698 4660; x_wconf 51' lang='lat' dir='ltr'><strong>Qua-</strong></span> 
     </span>
    </p>
   </div>
   <div class='ocr_carea' id='block_1_108' title="bbox 2107 4676 3692 4754">
    <p class='ocr_par' dir='ltr' id='par_1_108' title="bbox 2107 4676 3692 4754">
     <span class='ocr_line' id='line_1_108' title="bbox 2107 4676 3692 4754; baseline 0.004 -23"><span class='ocrx_word' id='word_1_888' title='bbox 2107 4691 2170 4732; x_wconf 90' lang='lat' dir='ltr'><strong>re</strong></span> <span class='ocrx_word' id='word_1_889' title='bbox 2206 4694 2221 4732; x_wconf 92' lang='lat'><strong>:</strong></span> <span class='ocrx_word' id='word_1_890' title='bbox 2259 4677 2351 4747; x_wconf 86' lang='lat' dir='ltr'><strong>qui</strong></span> <span class='ocrx_word' id='word_1_891' title='bbox 2381 4676 2494 4749; x_wconf 75' lang='grc'>(82)</span> <span class='ocrx_word' id='word_1_892' title='bbox 2525 4695 2631 4735; x_wconf 92' lang='lat' dir='ltr'><strong>non</strong></span> <span class='ocrx_word' id='word_1_893' title='bbox 2660 4690 2972 4748; x_wconf 88' lang='lat' dir='ltr'><strong>poteramus</strong></span> <span class='ocrx_word' id='word_1_894' title='bbox 3004 4683 3371 4754; x_wconf 84' lang='lat' dir='ltr'><strong>prepiuquare</strong></span> <span class='ocrx_word' id='word_1_895' title='bbox 3391 4699 3501 4740; x_wconf 89' lang='lat' dir='ltr'><strong>non</strong></span> <span class='ocrx_word' id='word_1_896' title='bbox 3532 4696 3692 4739; x_wconf 87' lang='lat' dir='ltr'><strong>noto:</strong></span> 
     </span>
    </p>
   </div>
   <div class='ocr_carea' id='block_1_109' title="bbox 2108 4771 3695 4847">
    <p class='ocr_par' dir='ltr' id='par_1_109' title="bbox 2108 4771 3695 4847">
     <span class='ocr_line' id='line_1_109' title="bbox 2108 4771 3695 4847; baseline 0.006 -25"><span class='ocrx_word' id='word_1_897' title='bbox 2108 4783 2206 4838; x_wconf 91' lang='lat' dir='ltr'><strong>per</strong></span> <span class='ocrx_word' id='word_1_898' title='bbox 2241 4771 2381 4824; x_wconf 88' lang='lat' dir='ltr'><strong>viam</strong></span> <span class='ocrx_word' id='word_1_899' title='bbox 2433 4773 2598 4842; x_wconf 82' lang='lat' dir='ltr'><strong>igitur</strong></span> <span class='ocrx_word' id='word_1_900' title='bbox 2632 4773 2904 4839; x_wconf 90' lang='lat' dir='ltr'><strong>hortatur,</strong></span> <span class='ocrx_word' id='word_1_901' title='bbox 2943 4784 3000 4829; x_wconf 91' lang='lat' dir='ltr'><strong>et</strong></span> <span class='ocrx_word' id='word_1_902' title='bbox 3048 4791 3144 4847; x_wconf 90' lang='lat' dir='ltr'><strong>per</strong></span> <span class='ocrx_word' id='word_1_903' title='bbox 3170 4775 3394 4843; x_wconf 88' lang='lat' dir='ltr'><strong>jauuatn</strong></span> <span class='ocrx_word' id='word_1_904' title='bbox 3428 4788 3614 4846; x_wconf 81' lang='lat' dir='ltr'><strong>vocat,</strong></span> <span class='ocrx_word' id='word_1_905' title='bbox 3643 4787 3695 4832; x_wconf 90' lang='lat' dir='ltr'><strong>et</strong></span> 
     </span>
    </p>
   </div>
   <div class='ocr_carea' id='block_1_110' title="bbox 2106 4857 3692 4938">
    <p class='ocr_par' dir='ltr' id='par_1_110' title="bbox 2106 4857 3692 4938">
     <span class='ocr_line' id='line_1_110' title="bbox 2106 4857 3692 4938; baseline 0.008 -28"><span class='ocrx_word' id='word_1_906' title='bbox 2106 4872 2206 4926; x_wconf 90' lang='lat' dir='ltr'><strong>per</strong></span> <span class='ocrx_word' id='word_1_907' title='bbox 2236 4857 2419 4915; x_wconf 90' lang='lat' dir='ltr'><strong>lumen</strong></span> <span class='ocrx_word' id='word_1_908' title='bbox 2467 4863 2707 4916; x_wconf 88' lang='lat' dir='ltr'><strong>adducit.</strong></span> <span class='ocrx_word' id='word_1_909' title='bbox 2762 4863 3028 4920; x_wconf 87' lang='lat' dir='ltr'><strong>Mediator</strong></span> <span class='ocrx_word' id='word_1_910' title='bbox 3067 4878 3248 4920; x_wconf 88' lang='lat' dir='ltr'><strong>autem</strong></span> <span class='ocrx_word' id='word_1_911' title='bbox 3283 4865 3478 4934; x_wconf 87' lang='lat' dir='ltr'><strong>Filius,</strong></span> <span class='ocrx_word' id='word_1_912' title='bbox 3511 4877 3567 4924; x_wconf 90' lang='lat' dir='ltr'><strong>et</strong></span> <span class='ocrx_word' id='word_1_913' title='bbox 3601 4883 3692 4938; x_wconf 86' lang='lat' dir='ltr'><strong>po-</strong></span> 
     </span>
    </p>
   </div>
   <div class='ocr_carea' id='block_1_111' title="bbox 2113 4947 3689 5028">
    <p class='ocr_par' dir='ltr' id='par_1_111' title="bbox 2113 4947 3689 5028">
     <span class='ocr_line' id='line_1_111' title="bbox 2113 4947 3689 5028; baseline 0.008 -30"><span class='ocrx_word' id='word_1_914' title='bbox 2113 4947 2262 5001; x_wconf 90' lang='lat' dir='ltr'><strong>nitur</strong></span> <span class='ocrx_word' id='word_1_915' title='bbox 2284 4947 2370 5002; x_wconf 92' lang='lat' dir='ltr'><strong>lex</strong></span> <span class='ocrx_word' id='word_1_916' title='bbox 2397 4968 2410 5004; x_wconf 90' lang='lat'>:</span> <span class='ocrx_word' id='word_1_917' title='bbox 2451 4952 2722 5007; x_wconf 90' lang='lat' dir='ltr'><strong>mediator</strong></span> <span class='ocrx_word' id='word_1_918' title='bbox 2750 4951 2943 5018; x_wconf 85' lang='lat' dir='ltr'><strong>Filius,</strong></span> <span class='ocrx_word' id='word_1_919' title='bbox 2973 4964 3028 5009; x_wconf 91' lang='lat' dir='ltr'><strong>et</strong></span> <span class='ocrx_word' id='word_1_920' title='bbox 3051 4953 3353 5024; x_wconf 87' lang='lat' dir='ltr'><strong>loquuntur</strong></span> <span class='ocrx_word' id='word_1_921' title='bbox 3377 4959 3689 5028; x_wconf 61' lang='lat' dir='ltr'><strong>prophetae:</strong></span> 
     </span>
    </p>
   </div>
   <div class='ocr_carea' id='block_1_112' title="bbox 2113 5039 3689 5116">
    <p class='ocr_par' dir='ltr' id='par_1_112' title="bbox 2113 5039 3689 5116">
     <span class='ocr_line' id='line_1_112' title="bbox 2113 5039 3689 5116; baseline 0.008 -24"><span class='ocrx_word' id='word_1_922' title='bbox 2113 5039 2384 5095; x_wconf 91' lang='lat' dir='ltr'><strong>mediator</strong></span> <span class='ocrx_word' id='word_1_923' title='bbox 2429 5040 2620 5109; x_wconf 86' lang='lat' dir='ltr'><strong>Filius,</strong></span> <span class='ocrx_word' id='word_1_924' title='bbox 2675 5054 2729 5099; x_wconf 90' lang='lat' dir='ltr'><strong>et</strong></span> <span class='ocrx_word' id='word_1_925' title='bbox 2765 5047 3089 5116; x_wconf 67' lang='lat' dir='ltr'><strong>praedicatur</strong></span> <span class='ocrx_word' id='word_1_926' title='bbox 3132 5045 3546 5104; x_wconf 89' lang='lat' dir='ltr'><strong>Testamentum</strong></span> <span class='ocrx_word' id='word_1_927' title='bbox 3584 5049 3689 5104; x_wconf 81' lang='lat' dir='ltr'><strong>No-</strong></span> 
     </span>
    </p>
   </div>
   <div class='ocr_carea' id='block_1_113' title="bbox 2112 5135 3692 5207">
    <p class='ocr_par' dir='ltr' id='par_1_113' title="bbox 2112 5135 3692 5207">
     <span class='ocr_line' id='line_1_113' title="bbox 2112 5135 3692 5207; baseline 0.006 -23"><span class='ocrx_word' id='word_1_928' title='bbox 2112 5147 2237 5185; x_wconf 84' lang='lat' dir='ltr'><strong>vum</strong></span> <span class='ocrx_word' id='word_1_929' title='bbox 2267 5147 2325 5188; x_wconf 90' lang='lat' dir='ltr'><strong>et</strong></span> <span class='ocrx_word' id='word_1_930' title='bbox 2371 5135 2630 5207; x_wconf 86' lang='lat' dir='ltr'><strong>impletur</strong></span> <span class='ocrx_word' id='word_1_931' title='bbox 2675 5137 2841 5193; x_wconf 83' lang='lat' dir='ltr'><strong>Vetus</strong></span> <span class='ocrx_word' id='word_1_932' title='bbox 2882 5158 2894 5194; x_wconf 93' lang='lat'>:</span> <span class='ocrx_word' id='word_1_933' title='bbox 2945 5140 3212 5194; x_wconf 89' lang='lat' dir='ltr'><strong>mediator</strong></span> <span class='ocrx_word' id='word_1_934' title='bbox 3242 5140 3439 5204; x_wconf 90' lang='lat' dir='ltr'><strong>Filius,</strong></span> <span class='ocrx_word' id='word_1_935' title='bbox 3470 5152 3528 5196; x_wconf 90' lang='lat' dir='ltr'><strong>et</strong></span> <span class='ocrx_word' id='word_1_936' title='bbox 3561 5142 3692 5196; x_wconf 81' lang='lat' dir='ltr'><strong>ﬁunt</strong></span> 
     </span>
    </p>
   </div>
   <div class='ocr_carea' id='block_1_114' title="bbox 2109 5223 3686 5301">
    <p class='ocr_par' dir='ltr' id='par_1_114' title="bbox 2109 5223 3686 5301">
     <span class='ocr_line' id='line_1_114' title="bbox 2109 5223 3686 5301; baseline 0.006 -28"><span class='ocrx_word' id='word_1_937' title='bbox 2109 5223 2282 5293; x_wconf 83' lang='lat' dir='ltr'><strong>angeli</strong></span> <span class='ocrx_word' id='word_1_938' title='bbox 2312 5244 2324 5280; x_wconf 89' lang='lat'>:</span> <span class='ocrx_word' id='word_1_939' title='bbox 2360 5229 2629 5283; x_wconf 89' lang='lat' dir='ltr'><strong>mediator</strong></span> <span class='ocrx_word' id='word_1_940' title='bbox 2677 5229 2867 5294; x_wconf 63' lang='lat' dir='ltr'><strong>Itilius,</strong></span> <span class='ocrx_word' id='word_1_941' title='bbox 2922 5237 2979 5284; x_wconf 89' lang='lat' dir='ltr'><strong>et</strong></span> <span class='ocrx_word' id='word_1_942' title='bbox 3034 5239 3295 5284; x_wconf 90' lang='lat' dir='ltr'><strong>creantur</strong></span> <span class='ocrx_word' id='word_1_943' title='bbox 3325 5232 3640 5301; x_wconf 87' lang='lat' dir='ltr'><strong>archangeli</strong></span> <span class='ocrx_word' id='word_1_944' title='bbox 3673 5251 3686 5283; x_wconf 86' lang='lat'><strong>:</strong></span> 
     </span>
    </p>
   </div>
   <div class='ocr_carea' id='block_1_115' title="bbox 2107 5317 3688 5394">
    <p class='ocr_par' dir='ltr' id='par_1_115' title="bbox 2107 5317 3688 5394">
     <span class='ocr_line' id='line_1_115' title="bbox 2107 5317 3688 5394; baseline 0.005 -28"><span class='ocrx_word' id='word_1_945' title='bbox 2107 5317 2376 5373; x_wconf 87' lang='lat' dir='ltr'><strong>mediator</strong></span> <span class='ocrx_word' id='word_1_946' title='bbox 2405 5319 2602 5388; x_wconf 87' lang='lat' dir='ltr'><strong>Filius,</strong></span> <span class='ocrx_word' id='word_1_947' title='bbox 2649 5331 2706 5375; x_wconf 86' lang='lat' dir='ltr'><strong>et</strong></span> <span class='ocrx_word' id='word_1_948' title='bbox 2749 5333 2971 5378; x_wconf 89' lang='lat' dir='ltr'><strong>creator</strong></span> <span class='ocrx_word' id='word_1_949' title='bbox 3019 5323 3197 5376; x_wconf 91' lang='lat' dir='ltr'><strong>omnis</strong></span> <span class='ocrx_word' id='word_1_950' title='bbox 3232 5333 3468 5387; x_wconf 59' lang='lat' dir='ltr'><strong>naturae,</strong></span> <span class='ocrx_word' id='word_1_951' title='bbox 3506 5336 3560 5378; x_wconf 89' lang='lat' dir='ltr'><strong>et</strong></span> <span class='ocrx_word' id='word_1_952' title='bbox 3591 5341 3688 5394; x_wconf 80' lang='lat' dir='ltr'><strong>gu-</strong></span> 
     </span>
    </p>
   </div>
   <div class='ocr_carea' id='block_1_116' title="bbox 1619 5399 2013 5490">
    <p class='ocr_par' dir='ltr' id='par_1_116' title="bbox 1619 5399 2013 5468">
     <span class='ocr_line' id='line_1_116' title="bbox 1619 5399 2013 5468; baseline 0.013 -15"><span class='ocrx_word' id='word_1_953' title='bbox 1619 5401 1664 5432; x_wconf 81' lang='lat'>&quot;</span> <span class='ocrx_word' id='word_1_954' title='bbox 1701 5399 1809 5456; x_wconf 78' lang='lat' dir='ltr'><strong>isa.</strong></span> <span class='ocrx_word' id='word_1_955' title='bbox 1839 5417 1939 5468; x_wconf 83' lang='lat' dir='ltr'><strong>LV,</strong></span> <span class='ocrx_word' id='word_1_956' title='bbox 1968 5401 2013 5458; x_wconf 70' lang='lat'><strong>9.</strong></span> 
     </span>
    </p>
   </div>
   <div class='ocr_carea' id='block_1_117' title="bbox 2117 5399 3682 5490">
    <p class='ocr_par' dir='ltr' id='par_1_117' title="bbox 2117 5409 3682 5490">
     <span class='ocr_line' id='line_1_117' title="bbox 2117 5409 3682 5490; baseline 0.003 -24"><span class='ocrx_word' id='word_1_957' title='bbox 2117 5409 2145 5440; x_wconf 65' lang='grc'><strong>“³</strong></span> <span class='ocrx_word' id='word_1_958' title='bbox 2177 5411 2334 5468; x_wconf 85' lang='lat' dir='ltr'><strong>Joan.</strong></span> <span class='ocrx_word' id='word_1_959' title='bbox 2365 5431 2477 5470; x_wconf 84' lang='lat' dir='ltr'><strong>xvu</strong></span> <span class='ocrx_word' id='word_1_960' title='bbox 2502 5457 2517 5484; x_wconf 92' lang='lat'><strong>,</strong></span> <span class='ocrx_word' id='word_1_961' title='bbox 2563 5417 2617 5471; x_wconf 86' lang='lat'><strong>5.</strong></span> <span class='ocrx_word' id='word_1_962' title='bbox 2695 5415 2741 5448; x_wconf 73' lang='grc'><strong>⁷⁸</strong></span> <span class='ocrx_word' id='word_1_963' title='bbox 2774 5415 2927 5471; x_wconf 87' lang='lat' dir='ltr'><strong>Joan.</strong></span> <span class='ocrx_word' id='word_1_964' title='bbox 2963 5415 3182 5482; x_wconf 74' lang='lat' dir='ltr'><strong>xu,28.</strong></span> <span class='ocrx_word' id='word_1_965' title='bbox 3214 5418 3260 5449; x_wconf 81' lang='grc'><strong>⁷⁵</strong></span> <span class='ocrx_word' id='word_1_966' title='bbox 3293 5417 3491 5490; x_wconf 87' lang='lat' dir='ltr'><strong>Philip.</strong></span> <span class='ocrx_word' id='word_1_967' title='bbox 3523 5435 3562 5475; x_wconf 85' lang='lat' dir='ltr'><strong>tt</strong></span> <span class='ocrx_word' id='word_1_968' title='bbox 3584 5460 3601 5484; x_wconf 94' lang='lat'><strong>,</strong></span> <span class='ocrx_word' id='word_1_969' title='bbox 3633 5417 3682 5472; x_wconf 88' lang='lat'><strong>9.</strong></span> 
     </span>
    </p>
   </div>
   <div class='ocr_carea' id='block_1_118' title="bbox 2107 5626 2538 5679">
    <p class='ocr_par' dir='ltr' id='par_1_118' title="bbox 2107 5626 2538 5679">
     <span class='ocr_line' id='line_1_118' title="bbox 2107 5626 2538 5679; baseline 0.009 -5"><span class='ocrx_word' id='word_1_970' title='bbox 2107 5639 2207 5677; x_wconf 85' lang='lat' dir='ltr'><strong>non</strong></span> <span class='ocrx_word' id='word_1_971' title='bbox 2234 5633 2358 5678; x_wconf 83' lang='lat' dir='ltr'><strong>nato</strong></span> <span class='ocrx_word' id='word_1_972' title='bbox 2386 5626 2538 5679; x_wconf 82' lang='lat' dir='ltr'><strong>cedit.</strong></span> 
     </span>
    </p>
   </div>
   <div class='ocr_carea' id='block_1_119' title="bbox 2174 5694 3320 5766">
    <p class='ocr_par' dir='ltr' id='par_1_119' title="bbox 2174 5694 3320 5766">
     <span class='ocr_line' id='line_1_119' title="bbox 2174 5694 3320 5766; baseline -0.001 -17"><span class='ocrx_word' id='word_1_973' title='bbox 2174 5697 2283 5766; x_wconf 70' lang='grc'><strong>(8⁸.3)</strong></span> <span class='ocrx_word' id='word_1_974' title='bbox 2314 5696 2487 5761; x_wconf 82' lang='lat' dir='ltr'><strong>Quare</strong></span> <span class='ocrx_word' id='word_1_975' title='bbox 2520 5713 2535 5748; x_wconf 91' lang='lat'><strong><em>:</em></strong></span> <span class='ocrx_word' id='word_1_976' title='bbox 2569 5695 2680 5764; x_wconf 81' lang='lat' dir='ltr'><strong>qui,</strong></span> <span class='ocrx_word' id='word_1_977' title='bbox 2725 5695 2765 5762; x_wconf 77' lang='lat' dir='ltr'><strong>f.</strong></span> <span class='ocrx_word' id='word_1_978' title='bbox 2795 5695 2996 5764; x_wconf 87' lang='lat' dir='ltr'><strong>quare?</strong></span> <span class='ocrx_word' id='word_1_979' title='bbox 3024 5694 3168 5765; x_wconf 87' lang='lat' dir='ltr'><strong>quia,</strong></span> <span class='ocrx_word' id='word_1_980' title='bbox 3213 5705 3320 5754; x_wconf 82' lang='lat' dir='ltr'><strong>etc.</strong></span> 
     </span>
    </p>
   </div>
  </div>
