3810 6218
94 308 263 365 105⁸7
995 307 1082 361 DE
1122 305 1276 362 FIDE
1314 254 1687 363 ADMERSUS

1810 308 2142 365 .BELLIUM.
2178 340 2246 350 —
2283 311 2413 367 LIB.
2450 311 2521 366 l.‘
3269 314 3410 374 1058

83 430 422 495 hernator,
452 440 507 485 et
538 428 798 485 salvator.
827 426 944 483 Non
977 430 1123 483 enim
1160 429 1444 483 creavitet
1474 429 1718 482 dimisit:
1753 434 1795 488 Α
1826 429 2081 495 quiuetur
2117 429 2253 498 (85).
2288 430 2400 485 Viri
2434 440 2493 483 ut
2532 445 2653 485 sese
2678 430 2790 500 jam
2821 447 2927 486 non
2970 432 3210 487 incidant
3242 450 3255 485 :
3288 449 3411 485 mu-

82 524 230 590 qnia
279 540 403 578 non
445 524 565 579 sine
606 523 945 593 providentia
979 530 1108 576 sunt
1148 536 1269 589 qua:
1297 531 1444 575 sunt.
1486 519 1603 574 Non
1632 530 1718 573 est
1826 520 1991 574 lieres
2020 528 2077 573 ιιι
2109 536 2217 574 ιιυη
2243 520 2311 573 ad
2338 521 2594 589 iniuriam
2628 522 2974 576 deludantur.
3014 522 3201 588 Tauri,
3228 522 3406 591 vituli,

84 614 394 681 tatigatus
417 613 643 668 faciens.
665 610 860 681 Neque
890 620 949 665 ut
973 609 1237 674 volatilia,
1269 611 1524 679 utpisces
1550 622 1716 679 gene-
1823 618 1883 663 ut
1936 624 2043 665 non
2076 612 2228 663 varie
2274 610 2668 666 comburantur
2715 612 2849 682 (84).
2914 614 3129 678 Vinum,
3182 624 3239 667 ut
3298 629 3407 668 nou

87 714 240 757 rant
288 705 552 775 quidem,
578 703 894 772 relinquunt
922 712 1125 756 autem.
1176 701 1242 755 Et
1269 712 1420 756 certe
1471 716 1570 755 nec
1614 700 1713 754 ista
1824 703 1941 757 sine
1971 718 2136 757 causa
2167 702 2391 759 libetur.
2424 703 2618 768 Terra,
2666 720 2837 771 mare,
2871 714 2931 758 ut
2970 721 3075 759 non
3107 705 3408 760 immutatis

86 805 402 864 generant
448 804 503 850 et
537 794 819 848 dimittunt
856 812 872 849 :
917 793 1011 849 sed
1054 794 1257 849 habent
1286 792 1628 863 diligentiam
1661 798 1719 844 et
1822 792 2137 847 nominibus
2170 793 2469 847 adorentur
2515 812 2529 849 :
2575 796 2752 849 omnis
2796 796 2940 849 enim
2988 805 3183 849 natura
3217 807 3407 850 conta-

86 898 388 957 pascnnt.
427 888 484 941 Si
520 886 686 957 igitur
722 887 826 942 ista
864 887 960 949 ita,
996 886 1167 939 multo
1206 885 1379 954 magis
1414 899 1513 953 per
1551 898 1713 953 quem
1823 884 2029 936 minata
2085 893 2169 939 est
2205 901 2220 939 :
2270 886 2449 940 omnis
2508 896 2764 941 creatura
2824 886 3095 941 deificata.
3152 884 3257 939 Sed
3297 901 3402 939 non

89 988 311 1031 creata
350 986 476 1033 sunt
506 977 709 1041 omnia,
730 991 828 1046 per
861 976 1025 1031 istum
1050 976 1231 1029 omnia
1261 984 1316 1030 et
1344 976 1717 1044 gubernantur
1822 974 2074 1043 despexit
2125 975 2170 1029 is
2200 991 2296 1045 per
2328 992 2489 1045 quem
2545 985 2601 1031 et
2650 978 2794 1032 facta
2843 987 2990 1032 sunt.
3048 978 3209 1033 Venit
3256 978 3401 1031 enim

89 1078 151 1122 et
206 1078 534 1137 pascuntur
579 1085 595 1122 :
642 1082 748 1123 non
782 1076 1011 1121 vacante
1055 1066 1240 1130 Patre,
1269 1068 1362 1121 sed
1395 1073 1711 1119 annuente:
1822 1066 1913 1135 qui
1964 1068 2309 1136 contingeret
2361 1083 2459 1121 sua
2498 1090 2511 1123 :
2561 1070 2707 1123 venit
2762 1070 2852 1138 qui
2904 1070 3100 1124 malum
3132 1085 3402 1124 venenmn

91 1171 417 1216 annuente
462 1171 670 1226 autem,
703 1175 809 1214 non
854 1160 1050 1224 oculis,
1101 1161 1193 1213 sed
1230 1169 1287 1211 ut
1326 1161 1481 1213 decet
1531 1158 1715 1210 incor—
1823 1157 2063 1212 auferret
2104 1174 2120 1212 :
2164 1161 2312 1214 venit
2358 1161 2529 1228 ipsius
2587 1164 2712 1216 vitae
2766 1163 3126 1218 medicamen.
3158 1164 3403 1219 Mortuus

94 1252 406 1321 poralem,
438 1254 511 1307 ita
536 1252 727 1306 annuit
759 1263 817 1306 ut
852 1252 951 1320 ipsi
982 1254 1237 1304 decormn
1273 1259 1374 1303 est.
1417 1248 1588 1302 Filius
1614 1263 1713 1300 au-
1819 1258 1901 1304 est
1935 1250 2287 1305 utoccideret
2337 1262 2567 1306 mortem
2598 1270 2612 1307 :
2641 1255 3035 1309 condemnatus
3062 1265 3144 1310 est
3179 1266 3235 1307 ut
3265 1268 3401 1308 con-

95 1353 220 1397 tem
262 1344 528 1412 agnoscit
562 1354 620 1397 ut
654 1344 851 1398 Filium
897 1346 1052 1397 decet
1084 1361 1097 1396 :
1147 1356 1311 1409 opera
1356 1349 1536 1395 autem
1579 1338 1716 1392 ﬁunt
1818 1342 2106 1396 damnaret
2133 1342 2524 1410 corruptelam.
2555 1344 2864 1401 Coronatus
2892 1357 2977 1401 est
3004 1347 3193 1414 spinis,
3217 1356 3274 1400 ut
3299 1361 3400 1400 nos

99 1443 166 1487 ut
200 1434 389 1489 Pater
416 1437 555 1499 vult,
592 1446 645 1490 et
676 1435 848 1489 Filius
875 1435 1171 1488 ministrat.
1203 1432 1330 1487 Hice
1366 1448 1465 1486 nos
1496 1441 1715 1500 ενοι-ιε·
1820 1448 1925 1486 non
1983 1433 2307 1488 haberemus
2358 1436 2545 1504 spinas
2584 1454 2597 1489 :
2639 1438 2877 1505 suscepit
2930 1438 3271 1490 maledictum
3306 1451 3401 1504 per

98 1532 205 1581 bat
263 1527 482 1583 dicere.
521 1528 635 1582 lmo
668 1544 859 1583 omnes
891 1544 956 1582 ex
996 1526 1295 1595 Scripturis
1338 1525 1543 1595 legere.
1581 1524 1713 1590 Quis
1818 1540 2057 1589 crucem,
2104 1536 2161 1579 ut
2196 1542 2295 1580 nos
2341 1529 2742 1595 susciperemus
2777 1531 3209 1583 benedictionem
3247 1546 3400 1581 mun-

97 1620 265 1673 enim
303 1634 429 1674 sum
463 1623 600 1691 ego?
632 1621 760 1689 quid
792 1621 965 1674 habeo
992 1618 1133 1689 quod
1168 1634 1272 1672 non
1325 1617 1552 1686 accepi?
1586 1615 1713 1670 Om—
1819 1616 1962 1669 dam.
1998 1614 2114 1669 Non
2146 1631 2368 1686 possunt
2396 1619 2578 1672 dicere
2601 1630 2862 1688 quantum
2893 1622 3065 1690 sapio.
3100 1620 3214 1673 Non
3266 1635 3389 1688 pos-

102 1713 201 1765 nia
236 1712 401 1767 enim
440 1714 506 1766 ab
538 1728 665 1776 uno,
696 1722 747 1766 et
781 1726 875 1781 per
914 1726 1077 1765 unum
1114 1722 1280 1776 sunt;
1324 1718 1379 1763 et
1417 1724 1538 1778 qua:
1572 1707 1711 1762 facta
1819 1723 1938 1763 sum
1991 1724 2184 1779 sapere
2243 1723 2504 1780 quantum
2574 1714 2829 1781 possibile
2881 1723 2985 1767 est.
3054 1712 3109 1767 Si
3165 1726 3397 1780 sapuero

105 1814 275 1867 sunt,
314 1812 372 1857 et
416 1818 538 1872 quae
570 1814 718 1857 recte
752 1804 1030 1857 dicuntur.
1073 1801 1282 1868 Quanta
1325 1816 1458 1855 sane
1495 1800 1711 1854 miseri-
1744 1820 1787 1874 Β
1817 1809 2084 1869 quantum
2143 1801 2400 1871 possibile
2448 1811 2565 1867 est,
2622 1819 2727 1857 non
2792 1790 3051 1874 pervenio
3104 1814 3161 1858 ut
3220 1803 3396 1857 dicam

106 1896 323 1949 cordia
375 1905 457 1950 εει
509 1895 641 1949 Dei?
684 1898 868 1963 genuit
918 1895 1138 1961 Filium,
1183 1895 1309 1964 quia
1354 1894 1529 1949 bonus
1573 1902 1655 1948 est
1693 1912 1706 1947 :

107 1986 347 2040 creavit
380 1987 633 2041 universa
688 2004 784 2055 per
835 1987 1033 2057 ipsum,
1079 1988 1205 2055 quia
1257 1986 1573 2041 benefactor
1603 1994 1707 2041 est.

107 2078 452 2133 Erravimus
478 2090 533 2133 et
563 2096 666 2132 non
694 2080 965 2149 despexit,
990 2080 1299 2135 cecidimus
1331 2089 1385 2133 et
1408 2095 1513 2132 non
1557 2092 1710 2147 spre-

108 2174 224 2238 vit,
263 2174 365 2227 sed
400 2174 546 2227 misit
587 2172 782 2226 Filium
831 2189 989 2229 suum
1028 2173 1397 2235 obedientem,
1434 2180 1493 2224 ut
1538 2170 1711 2226 salva-

111 2274 208 2319 ret
264 2265 544 2319 hominem
577 2263 1000 2323 inobedientem.
1044 2265 1189 2319 Misit
1222 2265 1351 2339 _sine
1383 2273 1625 2332 peccato,
1652 2272 1713 2317 ut

115 2364 424 2410 revocaret
454 2369 575 2407 eum
606 2355 698 2424 qui
726 2365 1048 2424 peccaverat
1077 2372 1091 2408 :
1133 2355 1279 2409 misit
1317 2355 1513 2408 Filium
1553 2369 1708 2408 suum

114 2446 426 2502 facientem
477 2447 693 2516 placita,
749 2455 806 2500 ut
837 2446 1075 2501 salvaret
1109 2462 1324 2501 servum
1357 2446 1580 2501 obedire
1615 2462 1712 2499 no-

114 2538 364 2596 lentem.
401 2539 545 2593 Misit
581 2538 870 2607 justitiam,
919 2547 978 2592 ut
1011 2538 1322 2593 auferretur
1369 2549 1653 2607 peccatum
1691 2556 1705 2593 :

117 2631 288 2685 misit
321 2630 510 2691 vitam,
542 2642 598 2683 ut
630 2645 776 2685 mors
818 2640 1146 2685 moreretur.
1187 2629 1333 2683 Misit
1365 2632 1453 2698 qui
1491 2646 1518 2683 a
1547 2646 1629 2695 se,
1655 2639 1712 2684 ut

117 2722 485 2778 salvarentur
507 2723 595 2792 qui
624 2731 779 2775 erant
811 2737 877 2775 ex
909 2721 1147 2774 homine.
1183 2720 1327 2775 Misit
1364 2736 1487 2775 eum
1516 2722 1607 2791 qui
1642 2736 1709 2776 ex

120 2812 385 2883 Virgine,
426 2822 482 2866 ut
530 2811 871 2865 salvarentur
913 2812 948 2865 ii
996 2812 1087 2881 qui
1124 2825 1191 2867 ex
1222 2811 1449 2866 muliere
1494 2812 1711 2867 fuerant

120 2905 358 2974 perditi.
407 2904 549 2958 Misit
584 2907 635 2958 in
675 2905 847 2975 ﬁgura
888 2905 1017 2968 viri,
1052 2912 1108 2956 ut
1154 2904 1459 2958 salvaretur
1491 2903 1580 2974 qui
1617 2920 1712 2972 pe-

123 2998 312 3049 rierat
354 2994 459 3048 vir.
491 2995 625 3049 Cum
674 2992 980 3049 latronibus
1016 2994 1198 3064 [igitur
1236 2994 1406 3058 cruci,
1441 3003 1501 3047 ut
1548 3009 1710 3062 para-

120 3088 288 3141 disus
330 3097 384 3141 et
416 3085 722 3141 latronibus
769 3086 1090 3154 aperiretur.
1127 3085 1315 3157 Cogita
1366 3086 1707 3156 dignitatem,

1818 1903 2054 1962 quantus
2083 1904 2189 1949 est.
2220 1895 2607 1949 lnenarrabilis
2636 1896 2780 1949 enim
2831 1906 2886 1950 et
2934 1896 3398 1965 incomprehensi-

1819 1987 1945 2042 bilis
1971 1985 2131 2040 Patcr
2158 1997 2263 2043 est.
2291 1984 2440 2041 Talis
2466 1998 2649 2041 autem
2679 1999 2732 2042 et
2780 1988 2951 2043 Filius
2983 1990 3150 2057 ipsius
3194 1988 3392 2043 Patris.

1819 2079 1877 2134 Si
1903 2079 2047 2133 enim
2087 2079 2156 2133 ob
2186 2079 2267 2133 sui
2301 2081 2730 2134 misericordiam
2764 2096 2861 2134 nos
2887 2083 3199 2150 assumpsit,
3250 2082 3392 2136 inte-

1819 2166 2018 2220 rimere
2049 2181 2171 2219 eum
2201 2167 2458 2221 debemus
2482 2169 2572 2239 qui
2601 2184 2696 2223 nos
2728 2169 2943 2224 salvat?
2970 2172 3096 2240 quid
3132 2172 3236 2227 hoc
3265 2173 3393 2227 mali

1817 2268 1900 2313 est
1934 2259 2005 2312 ita
2057 2259 2303 2313 homines
2337 2259 2404 2313 de
2432 2260 2570 2313 Filio
2601 2261 2843 2315 sentire?
2900 2261 3113 2316 Maneat
3148 2273 3205 2315 ut
3252 2273 3389 2328 erat,

1818 2358 1873 2402 et
1919 2350 1971 2401 in
2016 2362 2245 2413 corpore
2278 2359 2331 2401 et
2370 2350 2421 2401 in
2457 2350 2722 2418 przesepio
2767 2368 2783 2404 :
2824 2350 2954 2404 nihil
3001 2351 3203 2405 humile
3234 2353 3299 2408 de
3326 2367 3393 2408 eo

1818 2439 2045 2504 sentias,
2075 2440 2164 2507 qui
2204 2450 2254 2492 te
2281 2438 2560 2506 exaltavit,
2607 2440 2739 2493 nihil
2771 2440 3042 2508 abjectum
3081 2452 3175 2496 aut
3205 2443 3394 2497 incon-

1818 2566 2034 2621 gruum.
2069 2549 2185 2603 Noli
2219 2563 2476 2618 Spernere
2507 2548 2847 2604 Salvatorem
2882 2561 3052 2605 tuum.
3083 2552 3139 2606 Si
3171 2553 3392 2621 quidem

1818 2643 2031 2698 etiamsi
2062 2644 2226 2696 verbo
2272 2658 2394 2696 eum
2443 2642 2731 2697 humiliare
2771 2643 3025 2706 volueris,
3059 2655 3250 2699 natura
3285 2662 3392 2700 nun

1820 2734 2151 2790 transfertur
2180 2735 2245 2787 ad
2297 2743 2439 2787 tuam
2492 2735 2751 2803 linguam.
2803 2736 2859 2789 Si
2897 2744 3075 2788 autem
3122 2746 3175 2790 et
3226 2739 3395 2793 abne-

1817 2824 2128 2895 gaverimus
2156 2838 2300 2888 eum,
2337 2825 2450 2890 ipse
2481 2824 2653 2879 fidelis
2685 2835 2867 2881 manet
2894 2835 2948 2880 et
2981 2843 3176 2898 negare
3203 2842 3261 2882 se
3284 2843 3392 2883 non

1817 2926 1996 2987 potest
2027 2936 2041 2972 :
2074 2918 2177 2971 hoc
2204 2927 2310 2983 est,
2352 2933 2380 2969 a
2406 2919 2624 2987 propria
2662 2930 2853 2972 natura
2888 2936 2991 2974 non
3028 2922 3254 2975 excidit.
3283 2920 3391 2977 lste

1817 3009 1974 3065 nobis
2017 3011 2181 3064 Pater
2210 3026 2314 3064 non
2351 3020 2509 3065 natus
2553 3020 2660 3076 est,
2690 3026 2828 3066 unus
2870 3013 3019 3069 solus
3048 3030 3153 3068 non
3205 3024 3387 3083 natus,

1820 3116 1923 3153 non
1957 3101 2024 3155 ab
2054 3100 2181 3164 alio,
2217 3116 2314 3155 nec
2347 3114 2414 3155 ex
2444 3101 2570 3154 alio.
2617 3100 2770 3170 Sarpe
2799 3102 2921 3157 dico
2963 3105 3170 3158 eadem.
3204 3106 3389 3174 Siqui-

121 3193 179 3234 et
207 3181 424 3235 mstitna
453 3177 880 3250 tnagnitudinem
907 3179 1111 3248 gratim.
1131 3178 1211 3232 Me
1228 3180 1371 3232 enim
1394 3195 1454 3231 ex
1487 3179 1713 3233 muliere
1740 3175 1782 3233 C
1816 3192 1934 3245 dem
1967 3199 2020 3245 ει
2044 3189 2280 3245 Joannes
2310 3191 2400 3260 qui
2434 3194 2498 3245 de
2527 3190 2665 3247 Filio
2690 3193 2831 3247 dixit,
2856 3194 2912 3247 in
2950 3196 3210 3263 ρνξηεερξο
3248 3207 3387 3262 παι,

124 3272 311 3332 nasci,
341 3280 435 3324 aut
483 3281 555 3334 te,
601 3284 707 3323 non
745 3285 904 3338 supra
951 3278 1203 3321 naturam
1240 3276 1341 3322 est.
1387 3267 1714 3321 Manducare

124 3372 224 3417 aut
254 3364 462 3424 bibere,
484 3362 725 3415 dormire
750 3371 800 3414 et
836 3374 1079 3429 surgere,
1100 3371 1151 3412 et
1186 3360 1237 3412 in
1272 3360 1534 3428 praesepio
1560 3358 1709 3428 poni,

126 3456 268 3509 nihil
298 3455 419 3509 novi
445 3456 488 3509 si
529 3454 776 3509 homines
804 3467 864 3505 ea
887 3467 1007 3522 quae
1030 3463 1157 3508 sunt
1189 3453 1464 3507 hominum
1491 3452 1711 3521 patiun-

128 3560 241 3601 tur.
278 3549 418 3613 Quid
442 3557 621 3601 autem
650 3563 871 3610 novum,
895 3548 1024 3616 quid
1049 3545 1385 3609 admirabile,
1413 3544 1541 3613 quid
1570 3559 1708 3612 prae-

124 3641 380 3710 cipuum,
420 3641 551 3710 quid
594 3651 837 3694 nostrum
866 3640 1106 3692 debitqu
1140 3637 1531 3706 irrepeusabile
1563 3636 1711 3689 Deo?

129 3734 233 3799 Qui
280 3734 425 3787 misit
461 3734 598 3787 Deus
630 3731 826 3787 Filium
858 3747 1039 3795 suum,
1074 3731 1221 3785 misit
1249 3730 1417 3784 Pater.
1452 3728 1711 3796 Unigeni-

130 3838 273 3892 tmn,
312 3827 460 3880 misit
490 3842 594 3879 non
627 3834 787 3878 natus
818 3823 1154 3893 progeniem,
1194 3822 1338 3875 misit
1366 3821 1707 3874 obedientem

132 3922 337 3985 bonus,
374 3919 525 3973 misit
563 3917 831 3987 justitiam
874 3917 966 3986 qui
994 3917 1197 3984 genuit.
1226 3913 1338 3969 Cur
1368 3912 1553 3968 misit?
1585 3926 1710 3982 pro-

130 4021 255 4081 pter
311 4020 649 4080 peccatores.
706 4007 816 4063 Cur
866 4007 1055 4061 misit?
1106 4016 1328 4076 propter
1380 4006 1553 4059 Adam
1614 4003 1707 4072 qui

129 4103 451 4159 mandatum
486 4104 832 4173 contempsit.
863 4100 1026 4155 Venit
1054 4115 1185 4170 ergo
1222 4100 1313 4169 qui
1365 4098 1603 4153 obedivit
1640 4098 1708 4152 ad

133 4197 252 4251 haec
288 4214 301 4249 :
338 4207 395 4249 et
428 4196 704 4265 judicatur
729 4194 895 4263 judex
925 4195 993 4247 ob
1022 4194 1442 4247 condemnatum
1476 4208 1491 4244 :
1531 4189 1708 4243 cruci-

132 4290 322 4359 ﬁgitur
350 4288 453 4342 vita
478 4303 573 4358 pro
601 4298 814 4341 mortuo
847 4305 859 4339 :
883 4294 1182 4341 coronatur
1204 4282 1373 4352 spinis
1399 4280 1702 4351 gloriosus:

132 4380 273 4435 bibit
307 4378 399 4443 fel,
434 4378 553 4433 fons
590 4379 784 4432 dulcis.
817 4375 955 4444 Quid
1010 4376 1345 4430 inveniemus
1389 4374 1455 4426 ad
1508 4386 1704 4442 reprte-
1736 4366 1753 4391 ’

129 4473 494 4529 sentandum?
527 4471 797 4541 quomodo
844 4486 1065 4541 agemus
1116 4468 1358 4540 gratias?
1389 4466 1503 4521 Non
1550 4465 1699 4521 sufﬁ-

128 4568 281 4621 ciunt
312 4566 503 4635 lingua:
535 4576 879 4629 nostrm,n0u
913 4563 1268 4629 ora,etiamsi
1298 4560 1501 4614 fuerint
1531 4561 1697 4614 mille.

128 4658 247 4711 Non
276 4656 566 4712 sufﬁcimus
612 4672 733 4721 nos,
772 4655 1051 4724 adjutores
1076 4669 1403 4725 quaeramus.
1433 4652 1702 4721 Adjuvent

130 4765 230 4805 nos
262 4752 435 4819 angeli
471 4768 485 4804 :
532 4751 812 4805 nobiscum
855 4751 1086 4820 gratiam
1120 4750 1348 4803 reddant
1381 4756 1437 4801 et
1468 4750 1701 4803 archan-

131 4842 259 4910 geli,
316 4856 373 4896 ut
428 4852 485 4897 et
530 4842 632 4912 ipsi
689 4842 979 4913 gaudeant.
1034 4839 1092 4894 Si
1132 4840 1349 4909 quidem
1409 4848 1464 4894 et
1518 4840 1698 4893 omnis

128 4945 382 4989 creatura
443 4947 632 5006 parata
672 4943 775 4992 est.
819 4934 1061 4990 l‘arturit
1092 4936 1236 4990 enim
1278 4944 1333 4989 ει
1391 4933 1697 5003 ingemiscit

130 5037 185 5083 ct
216 5039 493 5096 exspectat
526 5038 765 5083 nostram
801 5029 1050 5094 salutem,
1097 5037 1156 5081 ut
1187 5036 1241 5081 et
1284 5026 1397 5095 ipsa
1434 5027 1697 5081 liberetur

132 5134 165 5173 a
195 5120 397 5175 dolore.
432 5119 716 5175 Liberatur
744 5121 890 5175 enim
918 5130 973 5175 et
1011 5119 1090 5174 sol
1120 5134 1187 5173 ne
1215 5119 1353 5173 ultra
1393 5119 1651 5172 adoretur
1678 5135 1692 5172 :

134 5225 188 5269 et
244 5214 391 5281 luna,
454 5232 521 5271 ne
582 5217 699 5286 ipsa
750 5216 1171 5271 calumnietura
1225 5216 1478 5271 deitate:
1525 5215 1697 5271 stellae

130 5310 315 5373 etiam,
363 5318 421 5362 ut
468 5324 572 5362 non
603 5309 1041 5363 contaminentur
1084 5308 1276 5365 hostiis
1310 5328 1322 5364 :
1358 5320 1415 5364 ut
1441 5311 1551 5379 jam
1587 5326 1695 5365 non

132 5400 271 5454 male
322 5400 584 5455 conlletur
634 5411 916 5473 argentum
970 5421 983 5457 :
1035 5417 1248 5471 aurum,
1286 5415 1344 5460 ut
1390 5421 1497 5462 non
1545 5408 1695 5464 coin-

203 5514 248 5547 '"
283 5511 436 5569 Joan.
471 5531 605 5581 xvn,
634 5515 687 5571 ὅ.
764 5516 855 5571 ⁷⁸1
886 5517 1026 5574 Tim.
1048 5533 1124 5587 vt,
1157 5520 1246 5576 l6.

201 5628 311 5753 (83‘)
344 5628 444 5685 Ms.
472 5629 739 5690 Canﬂetur
763 5645 1055 5707 argentum,
1081 5653 1290 5709 aurum,
1328 5651 1383 5697 ut
1414 5658 1516 5699 non
1542 5645 1690 5702 coin-

201 5716 281 5755 me
306 5716 385 5754 ur.

132 5717 385 5772 quinetur.

1813 3296 1923 3335 non
1979 3283 2166 3349 tacuit,
2214 3283 2309 3337 sed
2355 3282 2669 3353 frequenter
2726 3286 2827 3350 ait,
2882 3285 3035 3341 Erat.
3066 3287 3204 3353 Quid
3246 3290 3389 3343 enim

1812 3371 1957 3425 aliud
2009 3382 2064 3426 et
2118 3370 2340 3427 deberet
2392 3372 2540 3427 dici?
2587 3372 2792 3428 Domus
2853 3374 2984 3428 Dei?
3029 3378 3389 3446 quodcunque

1811 3460 2110 3515 dixerimus
2142 3470 2247 3527 est,
2276 3462 2419 3529 quod
2453 3477 2559 3517 non
2595 3463 2660 3517 de
2690 3462 2829 3520 Filio
2851 3475 2933 3519 est
2962 3482 2975 3518 :
3004 3466 3237 3520 alienum
3270 3468 3386 3538 (85)

1812 3568 1841 3606 a
1873 3555 1961 3608 die
1986 3564 2087 3608 est.
2140 3554 2376 3622 Spiritus
2421 3555 2473 3609 in
2526 3557 2703 3612 medio
2746 3567 2991 3612 nostrum
3023 3568 3105 3613 est
3141 3576 3155 3612 :
3201 3560 3246 3613 si
3279 3576 3385 3615 non

1812 3644 2077 3713 spiritalia
2101 3646 2265 3700 locuti
2297 3645 2583 3711 fuerimus,
2622 3649 3013 3705 contristamus
3054 3650 3301 3720 spiritum
3331 3653 3384 3706 in

1810 3753 1917 3807 quo
1969 3739 2164 3807 signati
2219 3756 2424 3794 sumus.
2485 3740 2669 3797 Gloria
2727 3741 2845 3806 Dei,
2880 3744 3084 3798 veritas
3125 3745 3243 3808 Dei,
3276 3760 3383 3798 non

1807 3832 2004 3899 qumrit
2031 3846 2059 3883 a
2102 3841 2153 3885 te
2184 3831 2389 3897 laudes,
2420 3834 2515 3887 sed
2546 3850 2645 3888 nec
2672 3833 2739 3888 ab
2762 3835 2989 3906 angelis.
3030 3835 3145 3890 Non
3174 3838 3293 3892 dico
3326 3848 3386 3891 ut

1808 3938 1838 3975 a
1876 3932 1946 3985 te,
1979 3922 2071 3976 sed
2099 3923 2295 3991 quaerit
2332 3939 2362 3977 a
2416 3935 2469 3979 te
2514 3935 2573 3979 ut
2623 3942 2889 3996 agnoscas
2922 3944 3043 3982 eum
3083 3947 3096 3983 :
3128 3932 3384 3997 prodesse

1807 4014 1952 4068 enim
1987 4014 2035 4069 ei
2068 4027 2244 4084 potes,
2279 4016 2323 4070 si
2356 4030 2480 4071 eum
2524 4020 2846 4086 agnoveris?
2895 4032 2988 4075 aut
3022 4021 3214 4077 lumini
3251 4039 3383 4093 pro-

1805 4106 1945 4172 dest,
1976 4120 2101 4161 cun‘.
2152 4108 2339 4162 vides?
2366 4118 2425 4162 ut
2453 4111 2695 4166 dicamus
2723 4113 2849 4182 quia
2890 4123 2939 4168 et
2973 4115 3082 4169 Deo
3123 4117 3383 4185 prodesse

1805 4207 2006 4267 potest.
2062 4199 2202 4253 Deus
2246 4200 2391 4253 enim
2423 4201 2533 4256 vult
2587 4212 2638 4258 te
2667 4218 2963 4274 agnoscere
2995 4221 3074 4262 se.
3124 4208 3378 4278 Coguitio

1804 4313 1949 4366 enim
2001 4314 2095 4368 Dei
2140 4326 2343 4370 aeterna
2383 4318 2490 4372 vita
2536 4329 2652 4386 est;
2705 4335 2810 4375 non
2849 4320 2982 4385 Deo,
3030 4322 3124 4375 sed
3172 4322 3256 4377 his
3285 4326 3377 4392 qui

1805 4416 2161 4475 cognoscunt.
2212 4408 2288 4462 lla
2317 4411 2461 4465 enim
2503 4420 2557 4466 et
2594 4413 2854 4468 Dominus
2886 4416 3221 4483 pronuntiat.
3246 4414 3376 4471 Haec

1732 4516 1778 4571 ι)
1806 4507 1880 4551 est
1909 4509 2087 4552 autem
2118 4500 2223 4553 vita
2252 4511 2470 4569 aeterna,
2503 4511 2561 4555 ut
2589 4514 2903 4573 cognoscant
2934 4516 2982 4558 te
3006 4505 3176 4559 solum
3201 4524 3375 4561 verum

1805 4589 1993 4652 Deum,
2029 4604 2076 4645 et
2124 4609 2277 4662 quem
2330 4595 2522 4649 misisti
2565 4595 2749 4650 Iesum
2787 4595 3054 4651 Christum
3087 4598 3155 4653 ⁷⁷.
3206 4598 3378 4653 Verus

1805 4680 1947 4737 Deus
1990 4694 2074 4737 est
2127 4684 2289 4740 Pater
2334 4686 2388 4740 in
2443 4701 2509 4741 eo
2550 4688 2693 4757 quod
2746 4704 2851 4743 non
2889 4699 3047 4744 natus
3074 4700 3177 4746 est.
3207 4690 3377 4746 Verus

1803 4772 1975 4829 Filius
2003 4784 2086 4831 est
2110 4780 2163 4830 in
2188 4792 2251 4831 eo
2278 4780 2419 4846 quod
2450 4789 2531 4834 est
2560 4780 2885 4849 unigenitus.
2922 4780 3036 4836 Non
3058 4783 3200 4837 enim
3225 4799 3377 4838 men-

1806 4867 2019 4921 dacium
2064 4870 2246 4934 genuit
2277 4884 2455 4923 verus.
2509 4867 2616 4924 Sed
2663 4886 2824 4925 verus
2875 4870 3039 4926 Pater
3075 4873 3216 4927 Deus
3264 4888 3373 4927 non

1806 4968 1965 5012 natus
1998 4976 2012 5013 :
2042 4975 2200 5014 verus
2242 4958 2384 5015 Deus
2412 4960 2581 5015 Filius
2625 4962 2957 5032 unigenitus.
2997 4962 3130 5018 Nam
3162 4975 3217 5019 et
3243 4965 3373 5020 illud

1803 5047 1947 5114 quod
1998 5047 2197 5101 dictum
2246 5060 2375 5103 est:
2418 5048 2573 5104 Solus
2624 5050 2779 5105 habet
2826 5052 3276 5107 immortalitatem
3301 5053 3369 5120 ⁷³,

1802 5153 1990 5192 verum
2021 5148 2122 5194 est.
2151 5142 2196 5193 Α
2222 5143 2515 5210 semetipso
2548 5143 2693 5198 enim
2723 5145 2870 5200 solus
2902 5146 3082 5200 habet.
3109 5146 3214 5200 Sed
3262 5146 3371 5201 sic-

1803 5244 1864 5290 ut
1909 5232 2070 5288 Pater
2103 5234 2271 5287 vitam
2324 5234 2485 5288 habet
2513 5234 2568 5288 in
2616 5237 2907 5305 semetipso
2960 5258 2972 5291 :
3011 5238 3082 5290 ita
3128 5247 3182 5291 et
3230 5236 3370 5293 Filio

1804 5326 1954 5382 dedit
1984 5325 2147 5380 vitam
2200 5326 2399 5382 habere
2450 5326 2503 5381 in
2555 5328 2868 5396 semetipso.
2900 5325 3051 5383 Unus
3082 5343 3211 5398 ergo
3261 5344 3368 5383 non

1802 5428 1986 5487 natus,
2022 5428 2079 5474 et
2124 5434 2262 5493 unus
2303 5419 2636 5487 unigenitus.
2680 5427 2736 5473 et
2782 5435 2920 5475 unus
2967 5421 3202 5491 Spiritus
3239 5436 3370 5479 san-

2022 5644 2219 5726 Ms._Ut
2254 5664 2366 5726 ηοξ
2387 5666 2515 5703 vane
2548 5651 2931 5726 cgmburatur.‘

1871 5716 1981 5781 (85)
2022 5717 2065 5771 A
2090 5720 2173 5773 die
2202 5730 2297 5774 est.
2326 5718 2490 5777 Forte
2516 5738 2548 5776 a
2572 5719 2678 5775 Deo
2701 5730 2799 5775 est.
