3810 6218
476 281 618 346 1059

1182 283 1446 340 EUSEBII
1484 282 1966 341 CA‘ISARIENSIS
2001 284 2152 340 OPP.
2194 284 2376 339 PARS
2413 284 2504 339 IV.
2544 317 2615 324 —
2655 283 3078 341 DOGMLTICA.

3611 284 3733 340 I060

474 415 616 459 ctus.
634 401 756 454 Hinc
774 398 906 452 dicit
923 414 1024 452 una
1058 397 1296 452 Ecclesia
1320 416 1334 450 :
1357 397 1460 450 hoc
1483 397 1844 466 consignatur
1879 396 1934 450 in
1964 412 2071 452 uno
2099 404 2148 460 Α
2174 399 2506 454 sentiantur.
2537 397 2648 452 Ista
2675 398 2820 452 enim
2845 406 2934 450 est
2963 407 3168 451 aeterna
3192 397 3323 450 vita.
3351 393 3409 448 In
3435 395 3527 449 bis
3546 396 3735 450 erimus

475 495 747 564 baptismo
776 509 790 546 :
819 492 933 544 haec
963 489 1164 557 scripta
1189 498 1317 542 sunt
1348 489 1402 542 in
1434 488 1698 557 sanguine
1727 498 2054 557 martyrum,

473 594 531 640 et
555 595 680 638 ante
717 591 988 652 martyres
1035 581 1086 634 in
1118 579 1382 648 sanguine
1419 579 1647 632 Christi.
1684 576 1798 632 Nec
1830 593 2056 647 spernas

473 677 592 746 ejus
648 674 968 744 sanguinein
994 671 1140 740 quod
1179 672 1256 723 tui
1309 681 1532 740 propter
1568 669 1772 725 etfusus
1803 679 1886 724 est
1918 669 2052 739 (86).

474 769 674 824 Effudit
711 769 855 822 enim
887 781 1043 820 suum
1080 764 1399 834 sanguinem
1443 762 1703 817 Dominus
1732 773 1790 815 ut
1815 761 2055 815 salvare-

472 865 573 926 ris,
609 870 664 916 et
694 871 750 914 tu
784 859 953 914 audes
981 875 1044 913 ea
1075 859 1256 912 delere
1293 871 1413 926 quae
1450 870 1548 924 per
1574 855 1896 925 sanguinem
1928 862 2054 909 sunt

472 953 715 1024 scripta?
749 952 841 1006 sed
867 951 1009 1021 quod
1042 964 1138 1020 per
1165 949 1482 1019 sanguinem
1508 948 1771 1016 scriptum
1801 959 1906 1013 est,
1945 962 2051 1001 non

471 1046 704 1099 deletur.
735 1044 872 1098 Vide
899 1057 1032 1098 sane
1064 1058 1132 1096 ne
1160 1051 1217 1096 et
1258 1051 1316 1096 tu
1363 1041 1429 1095 de
1463 1028 1603 1095 libro
1644 1041 1767 1094 vitm
1795 1041 2044 1096 delearis.

475 1137 650 1189 Adora
682 1151 849 1198 unum
904 1150 1011 1189 non
1059 1146 1268 1196 natum,
1309 1144 1366 1188 et
1396 1150 1559 1187 unum
1597 1134 1954 1203 unigenitum,
1986 1149 2053 1188 ne

366 1217 377 1229 ’
471 1243 699 1297 spernas
728 1242 892 1282 unum
923 1226 1197 1295 spiritum.
1237 1227 1416 1280 Adora
1453 1226 1693 1290 Patrem,
1725 1235 1780 1279 et
1822 1227 2054 1282 salvabit

471 1329 526 1373 te
541 1319 712 1373 Filius
745 1338 759 1373 :
795 1321 958 1372 adora
985 1318 1207 1381 Filium,
1231 1329 1285 1371 et
1309 1319 1568 1387 suscipiet
1593 1329 1642 1372 te
1677 1334 1772 1386 per
1796 1334 1917 1371 eum
1947 1320 2050 1372 Pa-

471 1421 574 1465 ter.
609 1412 880 1466 Conﬁtere
914 1411 1199 1480 Spiritum,
1227 1421 1281 1464 et
1324 1411 1564 1479 impertit
1593 1412 1706 1481 (87)
1739 1411 1832 1465 tibi
1878 1411 2049 1466 Filius

473 1504 756 1575 Spiritum.
824 1503 950 1557 Haec
1013 1503 1287 1568 dicantur,
1351 1503 1463 1556 lucc
1515 1503 1864 1572 cogitentur,-
1921 1504 2041 1558 hanc

2164 494 2284 549 sine
2326 491 2447 554 lite,
2481 489 2598 544 sine
2623 487 2828 556 jurgio,
2868 488 2987 542 sine
3031 487 3402 542 contentione.
3440 486 3527 540 Ad
3565 503 3734 557 pacem

2163 585 2311 640 enim
2340 596 2440 636 nos
2470 580 2684 635 vocavit
2708 579 2870 635 Deus.
2910 578 3028 648 Ipse
3063 579 3208 633 enim
3242 577 3502 632 Christus
3535 589 3622 632 est
3647 593 3735 646 pax

2163 687 2352 732 nostra
2405 693 2420 729 :
2469 673 2527 728 In
2572 674 2689 743 ipso
2724 672 2903 727 vocati
2935 687 3144 727 sumus.
3179 670 3318 738 Quid
3351 669 3589 724 dimissa
3625 684 3737 739 pace

2160 768 2287 824 lites
2346 765 2712 821 assumimus?
2771 765 2888 820 Non
2950 765 3150 818 audisti
3211 779 3334 818 eum
3394 763 3677 818 dicentem
3725 782 3737 817 ε

2160 862 2352 917 Pacem
2407 877 2576 914 meam
2625 864 2694 912 tto
2747 859 2923 925 vobis,
2977 873 3156 926 pacem
3205 872 3377 909 meam
3443 855 3740 923 deretinquo

2157 954 2302 1009 vobis
2345 952 2434 1007 ὀἳ
2467 952 2634 1007 Suam
2677 966 2866 1020 pacem
2900 953 2991 1006 dat
3024 951 3182 1006 nobis
3229 949 3520 1012 Dominus,
3557 955 3613 1002 et
3657 961 3743 1001 nos

2153 1044 2333 1115 jurgia
2369 1059 2400 1098 e
2445 1052 2632 1097 contra
2672 1043 3001 1096 inducimus.
3048 1041 3200 1096 Finis
3242 1051 3430 1094 autem
3477 1038 3743 1094 sermonis

2159 1137 2265 1191 iste
2299 1137 2389 1191 sit.
2424 1135 2608 1190 Gloria
2641 1136 2733 1189 uni
2774 1152 2880 1188 non
2931 1143 3056 1188 nato
3110 1134 3221 1187 Deo
3258 1149 3354 1201 per
3399 1147 3581 1185 unum
3631 1130 3746 1184 uni-

2159 1229 2398 1298 genitum
2451 1226 2619 1281 Deum
2662 1226 2856 1281 Filium
2905 1226 2998 1279 Dei
3051 1228 3242 1279 inuno
3272 1225 3486 1294 Spiritu
3536 1235 3742 1284 sancto,

2156 1333 2212 1374 et
2240 1334 2382 1373 nunc
2402 1327 2458 1374 et
2491 1333 2706 1388 semper
2729 1328 2784 1372 et
2819 1333 2916 1387 per
2944 1317 3127 1372 omnia
3152 1315 3349 1372 saecula
3395 1315 3742 1369 saeculorum.

2156 1413 2352 1467 Amen.

501 1759 3726 1794 ww“

1562 1959 1919 2047 LIBER
1995 1959 2651 2049 SECUNDUS.

537 2317 675 2385 Puto
698 2319 875 2372 adhuc
905 2331 1066 2371 aures
1099 2313 1338 2382 obstrepi
1375 2327 1524 2366 meas
1546 2327 1576 2366 a
1610 2313 1868 2366 memoria
1915 2312 2057 2366 beati
2089 2322 2132 2376 Β
2164 2307 2426 2368 Dominus
2474 2311 2706 2368 reddens
2748 2331 2966 2369 causam
2998 2315 3080 2369 sui
3112 2315 3378 2368 adventus
3409 2309 3465 2367 in
3515 2314 3736 2380 mundo,

467 2411 620 2465 illius
657 2409 758 2462 viri
793 2408 935 2477 (88),
961 2406 1053 2476 qui
1075 2405 1164 2458 illa
1193 2404 1440 2474 religiosa
1471 2401 1782 2472 frequenter
1810 2417 1940 2456 usus
1967 2411 2049 2458 est

465 2515 627 2554 voce.
653 2497 788 2551 Nam
821 2506 878 2551 et
905 2509 1064 2549 aures
1087 2505 1285 2548 vestra:
1307 2493 1485 2545 adhuc
1518 2491 1716 2545 bonum
1748 2490 1862 2554 (89)
1899 2491 2045 2544 illius

463 2590 617 2645 vocis
668 2589 928 2644 retinent.
966 2589 1104 2642 Puto
1155 2586 1298 2639 enim
1339 2599 1424 2637 me
1474 2584 1663 2637 audire
1695 2600 1814 2635 eum
1861 2583 2048 2636 dicen-

467 2692 575 2737 tem
612 2701 624 2733 :
657 2678 967 2748 Unigenitus
1003 2677 1096 2730 Dei
1136 2674 1312 2728 Filius
1339 2675 1406 2728 ⁸ο.
1436 2674 1571 2727 Ecce
1607 2673 1750 2726 enim
1777 2673 1888 2742 (90)
1920 2673 2048 2726 reli-

464 2775 614 2844 giosa
651 2787 756 2826 vox
787 2785 883 2841 per
906 2787 967 2823 os
989 2770 1106 2838 ejus
1142 2783 1357 2836 semper
1383 2765 1752 2836 premebatur.
1787 2765 2047 2819 Memoria

462 2865 614 2918 eiiim
668 2871 788 2919 erat
835 2861 1112 2934 Unigeniti
1170 2860 1239 2914 ad
1293 2857 1521 2926 gloriam
1551 2871 1658 2911 non
1705 2857 1816 2909 nali
1846 2855 2046 2910 Patris.

464 2957 785 3012 Audivimus
833 2963 1014 3009 autem
1062 2951 1370 3022 apostolum
1418 2949 1820 3020 prmcipicntem
1874 2949 2048 3002 hono-

465 3051 579 3106 rari
627 3047 830 3118 duplici
895 3047 1104 3100 honore
1160 3043 1357 3097 debere
1412 3040 1764 3110 presbyteros
1795 3038 1840 3070 ⁸¹
1885 3052 1901 3090 :
1955 3053 2048 3093 eos

465 3139 704 3195 maxime
732 3139 826 3208 qui
854 3136 1107 3190 laborant
1133 3133 1186 3186 in
1215 3133 1380 3185 verbo
1406 3139 1460 3183 et
1483 3128 1747 3184 doctrina.
1775 3125 1877 3192 Qui
1901 3127 2047 3179 enim

464 3230 783 3301 pudicitiam
831 3228 980 3291 colit,
1035 3227 1211 3281 bonus
1257 3233 1340 3278 est
1388 3222 1492 3278 sibi
1535 3240 1549 3276 :
1592 3231 1647 3276 et
1683 3221 1775 3290 qui
1810 3220 2046 3290 jejunat,

461 3321 633 3374 etiam
693 3319 739 3374 si
792 3320 994 3374 bonum
1050 3317 1216 3372 Iaéiat
1260 3330 1416 3384 opus,
1454 3324 1636 3369 tamen
1671 3314 1819 3367 sibi:
1864 3323 1920 3367 et
1955 3313 2048 3382 qui

463 3414 778 3480 miseretur,
814 3421 870 3467 et
919 3410 1026 3466 sibi
1063 3408 1498 3464 misericordiam
1543 3416 1724 3476 parat,
1761 3415 1820 3460 et
1861 3405 1911 3460 ei
1959 3405 2048 3460 cui

461 3533 694 3604 praebet.
726 3530 830 3598 Qui
861 3537 1042 3583 autem
1076 3527 1397 3597 religionem
1427 3522 1726 3580 secundum
1762 3523 2045 3577 veritatem

463 3625 642 3688 docet,
667 3632 723 3677 et
769 3621 871 3676 sibi
904 3621 1046 3674 viam
1096 3628 1356 3672 aeternam
1390 3615 1647 3685 acquirit,
1695 3623 1751 3668 et
1791 3613 2046 3668 omnibus

462 3717 554 3787 qui
581 3717 864 3770 docentur.
896 3711 1017 3766 Non
1052 3721 1136 3765 est
1167 3719 1502 3778 praeceptum
1529 3707 1789 3776 apostolis
1821 3716 1878 3760 ut
1913 3721 2042 3774 pau-
2068 3723 2111 3781 ρ

461 3823 624 3880 peres
667 3813 977 3876 pascerent,
1014 3803 1106 3858 sed
1141 3812 1198 3856 ut
1245 3811 1298 3855 et
1345 3800 1446 3869 ipsi
1488 3807 1867 3868 pascerentur.
1898 3796 2044 3851 Reli-

463 3902 639 3972 gionis
664 3916 792 3970 ergo
822 3897 1138 3968 praedicatio
1174 3895 1344 3964 major
1367 3902 1452 3950 est
1474 3909 1500 3946 a
1527 3892 1897 3947 misericordia
1921 3906 2044 3961 qua:

462 3994 524 4050 ﬁt
568 3993 635 4048 ad
681 3993 930 4047 homines
964 4011 976 4046 :
1007 3998 1220 4059 oportet
1267 3988 1410 4042 enim
1464 3987 1695 4056 primum
1733 3998 1894 4039 nosse
1918 3999 2040 4038 eum

461 4087 688 4156 propter
724 4099 887 4153 quem
929 4081 1063 4135 ﬁunt
1092 4095 1153 4133 ea
1186 4094 1305 4148 qua:
1337 4078 1495 4143 ﬁunt,
1527 4086 1580 4131 et
1615 4077 1687 4130 ita
1727 4076 1906 4129 facere
1939 4074 2044 4129 mi-

462 4173 818 4230 sericordiam
848 4185 866 4224 :
915 4168 1288 4237 unusquisque
1317 4168 1461 4220 enim
1489 4167 1581 4236 qui
1628 4176 1906 4234 operatur,
1937 4165 2042 4220 sibi

463 4267 699 4339 acquirit
731 4279 865 4334 opus
897 4281 910 4317 :
947 4261 1263 4329 praedicatio
1287 4269 1467 4312 autem
1511 4258 1757 4311 veritatis
1788 4256 1905 4311 hac
1933 4263 2039 4320 est,

460 4368 684 4430 propter
721 4372 883 4426 quam
915 4365 969 4409 et
1000 4352 1168 4406 Filius
1201 4351 1348 4404 venit
1385 4351 1438 4402 in
1475 4364 1720 4417 corpore.
1759 4347 1874 4403 Non
1904 4349 2042 4402 dixit

463 4448 750 4511 Dominus,
778 4445 927 4500 Beati
958 4441 1099 4497 oculi
1129 4453 1318 4494 eorum
1369 4438 1460 4507 qui
1512 4435 1780 4503 jejunant,
1828 4434 1924 4490 sed
1961 4433 2041 4487 vi-

462 4541 728 4604 dentium,
749 4539 948 4608 inquit,
978 4550 1040 4589 ea
1071 4548 1192 4603 qua:
1217 4531 1411 4585 videtis
1429 4529 1494 4582 ⁸³.
1521 4529 1624 4584 Sed
1647 4544 1749 4582 non
1771 4542 1872 4597 ego
1899 4540 2042 4580 nunc

458 4634 632 4690 bonos
664 4643 818 4686 actus
859 4638 1060 4683 aecuso
1091 4645 1104 4680 :
1147 4625 1242 4678 sed
1271 4624 1412 4677 sicut
1434 4621 1588 4677 stella
1624 4622 1794 4674 stellae
1824 4618 2040 4688 praefert

460 4726 656 4797 gloria,
698 4724 772 4777 ita
810 4731 865 4776 et
895 4729 1048 4775 actus
1084 4717 1195 4789 (9i)
1245 4717 1456 4770 actibus
1506 4710 1761 4768 diﬁerunt
1813 4713 2036 4764 honore.

461 4820 744 4873 Summum
801 4813 944 4866 enim
988 4820 1043 4863 et
1081 4808 1428 4877 prmeipuutn,
1470 4811 1523 4857 ct
1563 4804 1794 4872 primum
1847 4801 2040 4854 funda-

460 4916 702 4964 mentum
735 4913 789 4959 et
837 4903 985 4956 radix
1025 4899 1266 4953 omnium
1292 4911 1516 4966 operum
1543 4911 1663 4963 qua:
1697 4895 1850 4956 ﬁunt,
1903 4894 2037 4946 ﬁdes

459 5009 546 5055 est
568 5011 715 5053 vera.
740 4995 876 5048 Dicit
903 4993 1048 5047 enim
1079 4989 1337 5044 Dominus
1359 5003 1374 5041 :
1397 4987 1506 5056 Ego
1527 4996 1742 5056 propter
1769 4985 1864 5038 hoc
1893 4985 2030 5048 veni,

2150 2405 2280 2459 dicit
2306 2406 2428 2474 quia
2471 2405 2590 2459 idco
2622 2417 2780 2460 natus
2809 2423 2950 2468 sum.
2997 2416 3052 2462 et
3101 2407 3222 2460 idco
3266 2407 3391 2460 veni
3428 2408 3484 2460 in
3537 2409 3737 2462 mundo

2150 2507 2209 2550 ut
2238 2507 2404 2551 tester
2428 2498 2668 2561 veritati,
2698 2507 2753 2553 et
2781 2509 2834 2551 tu
2864 2499 3094 2553 abnuis?
3125 2498 3258 2552 Nam
3295 2509 3348 2553 et
3371 2499 3576 2554 Petrus
3612 2501 3736 2554 bea-

2150 2596 2256 2651 tus,
2289 2588 2481 2642 beatus
2523 2590 2726 2644 dicitur
2760 2590 2829 2655 ⁸⁸,
2859 2607 2966 2644 non
3013 2590 3085 2644 ob
3108 2590 3394 2658 jejunium,
3447 2608 3637 2660 neque
3673 2590 3737 2646 ob

2147 2679 2292 2734 aliud
2348 2681 2566 2750 aliquod
2620 2698 2780 2752 opus,
2816 2684 2910 2737 sed
2966 2683 3092 2753 quia
3143 2682 3306 2737 Pater
3353 2683 3409 2736 ei
3471 2684 3738 2739 revelavit

2146 2769 2369 2825 Filium.
2405 2773 2472 2827 Et
2517 2774 2713 2828 iterum
2763 2775 2924 2830 Pater
2957 2776 3157 2844 ubique
3192 2775 3257 2830 de
3300 2774 3443 2829 Filio
3479 2786 3732 2830 testatur.

2147 2860 2280 2916 Nam
2325 2873 2380 2918 et
2434 2865 2488 2918 in
2538 2866 2807 2933 baptismo
2866 2864 3113 2932 Joannis,
3170 2875 3225 2918 et
3261 2868 3314 2918 in
3371 2876 3568 2919 monte
3605 2867 3734 2919 nihil

2146 2956 2291 3010 aliud
2319 2957 2693 3026 proclamavit,
2722 2957 2822 3012 nisi
2849 2957 2984 3010 :Ilic
3017 2966 3094 3011 est
3124 2956 3298 3009 Filius
3325 2971 3477 3008 meus
3512 2957 3738 3010 diter-2i:-

2147 3051 2332 3114 simus,
2362 3050 2417 3102 in
2453 3066 2556 3119 quo
2594 3052 2718 3104 bene
2745 3049 3034 3117 complacui
3059 3043 3126 3104 ⁸⁵.
3161 3047 3430 3102 Similiter
3458 3058 3518 3104 et
3541 3047 3735 3104 Paulus

2149 3145 2273 3196 dum
2313 3143 2534 3196 doceret
2579 3143 2843 3196 dicebat:
2891 3140 3318 3204 Fundamentum
3361 3142 3519 3196 aliud
3551 3155 3737 3212 prater

2145 3251 2265 3289 eum
2286 3235 2375 3304 qui
2409 3242 2484 3286 est
2507 3235 2707 3301 positus
2745 3249 2894 3286 nemo
2937 3242 3102 3300 potest
3145 3249 3356 3300 ponere,
3385 3246 3591 3302 praeter
3626 3250 3733 3287 eun

2144 3326 2236 3393 qui
2287 3334 2359 3377 est
2407 3322 2646 3377 Christus
2695 3323 2853 3377 Iesus
2875 3323 2944 3377 ⁸⁸.
3003 3321 3062 3376 Si
3113 3323 3280 3393 igitur
3317 3325 3732 3379 fundamentum

2147 3416 2311 3471 fuerit
2336 3415 2566 3481 salvum,
2610 3427 2793 3484 sperat
2839 3415 3128 3470 aediﬁcatio
3174 3417 3311 3469 bene
3370 3417 3652 3485 proﬁcere
3683 3429 3734 3469 se

2145 3524 2307 3579 posse
2334 3527 2348 3563 :
2385 3509 2432 3565 si
2459 3509 2610 3564 radix
2641 3508 2806 3564 fuerit
2835 3524 2989 3573 sana,
3032 3522 3158 3577 spes
3182 3516 3269 3561 est
3304 3508 3525 3562 fructus
3549 3523 3616 3561 ex
3663 3522 3734 3560 ra-

2146 3601 2251 3656 mis
2283 3603 2547 3670 accipere.
2581 3602 2637 3656 Si
2665 3613 2846 3656 autem
2878 3602 3092 3655 inﬁrme
3109 3599 3272 3654 fuerit
3294 3597 3729 3662 fundamentum,

2146 3693 2199 3746 in
2249 3692 2492 3762 periculo
2541 3703 2668 3748 sunt
2725 3708 2788 3748 ea
2835 3707 2956 3762 quae
3011 3700 3476 3764 superponuntur.
3531 3692 3730 3744 Aurum

2143 3787 2286 3840 enim
2340 3784 2486 3854 quod
2520 3800 2684 3855 super
2737 3784 3170 3848 fundamentum,
3215 3793 3269 3838 et
3321 3793 3646 3853 argentum,
3685 3794 3733 3835 et

2143 3883 2476 3951 margaritae,
2529 3892 2587 3938 et
2633 3883 2839 3954 lapides
2884 3867 3134 3954 pretiosi,
3188 3895 3244 3938 et
3289 3883 3503 3948 fenum,
3551 3894 3609 3940 et
3646 3887 3733 3940 sti-

2143 3975 2304 4044 pulae,
2338 3985 2392 4032 et
2422 3976 2568 4048 ligna
2614 3987 2892 4048 ponuntur
2928 3992 2944 4030 :
2987 3977 3124 4032 nihil
3158 3976 3303 4031 aliud
3351 3976 3636 4044 signiﬁcat
3683 3979 3730 4031 in

2144 4069 2249 4124 hoc
2286 4069 2428 4134 Ioco,
2481 4069 2585 4124 nisi
2624 4070 2843 4139 quidem
2897 4069 3341 4138 praedicationem
3385 4085 3490 4139 per
3542 4085 3729 4124 aurum

2142 4169 2194 4215 et
2239 4169 2526 4232 argentum
2564 4172 2618 4215 et
2672 4161 2879 4232 lapides
2923 4161 3218 4231 pretiosos.
3271 4157 3346 4214 Ea
3386 4171 3579 4215 autem
3619 4175 3732 4230 qua:

2142 4265 2338 4323 praeter
2365 4255 2649 4309 veritatem
2684 4263 2834 4320 sunt,
2866 4255 2973 4324 igni
3027 4264 3214 4323 utpote
3264 4253 3450 4323 digna,
3499 4251 3630 4308 [eno
3684 4264 3732 4306 et

2143 4345 2354 4415 stipula:
2379 4355 2436 4401 et
2483 4347 2632 4416 ligno
2667 4347 3021 4416 comparavit.
3054 4347 3171 4400 Non
3219 4346 3367 4399 enim
3403 4345 3547 4398 dixit
3590 4347 3731 4414 Apo-

2141 4437 2346 4492 Stolns:
2384 4437 2440 4492 Si
2474 4439 2598 4507 quis
2640 4453 2747 4492 non
2789 4437 2996 4492 dederit
3028 4439 3276 4508 pauperi,
3311 4439 3617 4492 anathema
3642 4440 3727 4492 sit.

2142 4529 2257 4585 Non
2295 4532 2393 4585 ista
2421 4533 2628 4601 denego
2672 4548 2688 4586 :
2727 4531 2822 4586 sed
2855 4545 2976 4599 qua:
3015 4532 3191 4594 prima
3222 4541 3372 4593 sunt,
3412 4531 3636 4597 prima;
3680 4540 3728 4582 et

2140 4637 2262 4690 quae
2319 4625 2596 4687 secunda,
2650 4622 2906 4676 secunda.
2964 4619 3150 4676 Primo
3197 4623 3458 4676 condisce
3512 4631 3728 4692 propter

2139 4728 2301 4783 quem
2337 4712 2494 4779 facis,
2529 4725 2585 4768 et
2617 4714 2688 4767 ita
2728 4715 2905 4769 facito.
2936 4713 3083 4767 Multi
3115 4715 3259 4768 cnim
3297 4714 3584 4768 hominum
3634 4730 3725 4782 pc—

2140 4805 2360 4858 coribus
2407 4816 2535 4859 sunt
2584 4805 2791 4860 similes
2831 4823 2845 4858 :
2896 4814 3087 4874 putant
3119 4818 3228 4857 non
3257 4818 3384 4857 esse
3415 4803 3727 4858 necessaria

2139 4912 2383 4966 quaerere
2417 4898 2484 4950 de
2517 4899 2602 4952 his
2626 4914 2746 4966 qua:
2778 4897 3056 4967 possibilia
3086 4906 3212 4949 sunt
3235 4907 3578 4964 querantur.
3612 4894 3727 4949 Sic.

2139 4998 2199 5042 ut
2219 5005 2351 5060 ergo
2377 4989 2444 5044 de
2472 4991 2556 5044 his
2583 5006 2702 5059 qua:
2731 4999 2957 5057 possunt
2980 4989 3173 5059 quaeri,
3209 4989 3466 5043 inertium
3496 4998 3582 5044 est
3623 5003 3720 5042 non

458 5103 506 5147 et
535 5099 747 5162 propter
771 5087 868 5141 hoc
897 5097 1051 5139 natus
1083 5099 1224 5149 sum,
1260 5092 1316 5134 ut
1356 5091 1510 5136 tester
1553 5079 1761 5132 veritati
1792 5079 1859 5132 ⁸³.
1910 5076 2029 5148 Ipse
2061 5071 2106 5126 D
2133 5094 2411 5150 quarere;
2467 5079 2544 5133 ita
2589 5079 2654 5134 de
2708 5079 2793 5133 his
2826 5093 2945 5148 quae
2993 5092 3099 5133 non
3150 5089 3378 5131 necesse
3409 5087 3498 5130 est
3533 5079 3721 5145 quam,

1117 5273 1164 5305 ⁸⁰
1201 5272 1357 5327 Joan.
1403 5287 1444 5338 i,
1505 5268 1602 5335 £8;
1665 5285 1749 5330 III,
1796 5267 1886 5326 18.

509 5279 553 5311 ⁷⁹
575 5275 872 5338 Joan.xiv,
922 5273 1052 5344 27.‘
1117 5273 1164 5305 ⁸ο
1201 5273 1357 5327 Joan.
1403 5287 1444 5338 i,
1505 5273 1602 5335 I8;
1665 5285 1749 5330 III,
1796 5273 1856 5322 18

535 5347 726 5402 Matth.
775 5360 887 5408 xw,
928 5345 1015 5398 17.
1093 5345 1139 5376 ⁸⁵
1166 5345 1353 5398 Matth.
1387 5358 1469 5408 tu,
1504 5338 1599 5404 i7;
1641 5355 1773 5406 xvii,
1803 5341 1856 5394 5.

457 5346 507 5380 “
535 5347 726 5402 Matth.
775 5360 887 5410 xw,
928 5345 1015 5398 t7.

529 5462 643 5534 (86)
684 5463 728 5536 Τ
730 5463 785 5515 ui
805 5462 1250 5536 propter."Ev§xa
1270 5459 1388 5523 σοῦ,
1415 5458 1611 5512 iterum
1636 5456 1774 5510 infra
1807 5458 2030 5536 sub'ﬁn.

457 5533 552 5590 lib.
586 5532 660 5598 vi,
688 5533 764 5586 De
785 5549 842 5586 eo
870 5533 1008 5601 quod
1034 5534 1109 5585 ait
1134 5532 1296 5586 Deus.

529 5603 645 5672 (87)
687 5602 948 5672 Impertit.
975 5601 1139 5658 Forte
1167 5601 1444 5667 impertiat.

530 5605 621 5672 (87
687 5605 948 5668 Impertit.
976 5605 1139 5658 Forte
1167 5605 1444 5667 impertiat.

530 5605 648 5742 (88;
688 5671 834 5725 Beati
857 5673 1002 5725 illius
1026 5674 1143 5726 viri.
1181 5672 1467 5740 Pamphili,
1499 5683 1559 5725 ut
1587 5670 1750 5725 Henr.
1782 5669 2028 5726 Valesius

454 5741 682 5821 censet;
708 5757 824 5822 nos,
851 5744 1149 5823 Agapetum
1198 5744 1375 5845 pimus
1408 5754 1660 5814 putamus
1691 5741 1908 5800 Eusebii
1935 5746 2029 5802 de-

2015 5267 2103 5320 "I
2135 5267 2276 5321 Tim.
2312 5282 2367 5331 ν,
2402 5267 2492 5322 I7.

1937 5340 1984 5372 ⁸⁵
2027 5340 2050 5395 ι
2084 5335 2211 5395 Cor.
2248 5352 2330 5404 ιιι,
2358 5339 2443 5395 Il.
2535 5341 2557 5352 '

2587 5267 2634 5338 Ρ*
2659 5265 2792 5320 Luc.
2828 5281 2888 5330 ι,
2922 5264 3014 5320 25.
3147 5263 3194 5296 ⁸³
3216 5263 3376 5320 Joan.
3420 5279 3590 5332 mu,
3637 5261 3717 5316 57.

2140 5471 2436 5519 cessorem,
2469 5455 2536 5510 de
2587 5469 2695 5522 quo
2730 5453 2933 5508 Euseb.
2992 5451 3089 5506 lib.
3142 5467 3215 5504 vn
3276 5449 3424 5506 Hist.
3475 5465 3595 5521 cap.
3629 5445 3712 5507 53.

2140 5529 2207 5583 de
2244 5529 2433 5580 eodem
2469 5528 2627 5580 beato
2653 5525 2768 5578 viro
2797 5525 2938 5578 intra
2969 5524 3073 5576 col.
3107 5522 3267 5576 l063.

2208 5598 2320 5665 (89)
2362 5596 2588 5650 Bonum.
2621 5595 2867 5665 Valesius
2895 5594 3015 5665 legit
3049 5609 3258 5665 sonum.

2208 5663 2320 5734 (Siti)
2363 5666 2497 5720 Ecce
2529 5665 2685 5719 enim.
2737 5663 2976 5718 Valesius
3009 5664 3137 5729 legit
3167 5665 3280 5717 lucc
3308 5664 3471 5720 enim.

2209 5739 2320 5814 (ﬁt)
2367 5737 2486 5809 Ms.,
2516 5737 2712 5795 Prwest
2741 5739 2936 5808 gloria,
2965 5736 3036 5790 ita
3061 5746 3105 5789 et
3140 5747 3317 5789 actus.
