3810 6218
112 265 282 322 1061
570 336 580 342 _
1029 272 1115 326 DE
1149 273 1305 330 FIDE
1336 276 1707 333 ADVERSUS
1746 275 2161 334 SABELLIUMt
2202 305 2273 320 --
2307 276 2434 332 LIB.
2479 279 2544 335 ll.
3280 285 3418 342 i063

113 384 391 439 audacia
417 395 501 441 est
523 389 825 457 qumreudi.
851 389 986 456 Quae
1007 405 1138 462 ergo
1162 393 1359 448 debent
1391 395 1600 463 quaeri?
1625 410 1745 465 quae
1771 402 1818 458 Α
1845 406 1898 451 et
1917 411 2025 450 nos
2054 395 2108 449 in
2132 411 2268 465 pace
2291 397 2524 462 vocavit,
2563 411 2671 452 non
2704 405 2880 453 tamen
2915 399 2983 454 ad
3013 399 3160 457 litem
3192 419 3206 456 :
3239 417 3416 475 pugna

112 475 474 534 invenimus
499 479 555 534 in
589 479 887 550 Scripturis
909 483 1085 552 posita
1119 501 1134 538 :
1162 499 1283 554 qua:
1309 496 1487 541 autem
1512 487 1564 541 in
1593 486 1742 541 Scri-
1840 501 1947 541 non
1985 486 2168 552 docet,
2215 488 2310 542 sed
2340 489 2530 543 incitat
2562 489 2736 560 magis
2785 508 2800 545 :
2833 491 2900 545 lis
2938 507 3046 546 non
3087 507 3291 558 monet,
3319 497 3416 551 sed

112 566 332 631 pluris
386 584 492 624 non
546 571 886 639 invenimus,
935 589 1044 629 non
1094 590 1424 644 quaeramus.
1484 577 1540 632 Si
1590 579 1736 634 enim
1837 576 2109 633 ﬂammam
2139 581 2410 636 accendit.
2441 582 2731 636 Contentio
2755 594 2934 639 autem
2959 587 3114 656 equis
3141 590 3414 652 convenit,

110 673 441 727 oporteret
474 665 632 720 nobis
663 679 786 720 esse
828 668 1064 736 cognita,
1097 670 1284 738 utique
1329 671 1565 738 Spiritus
1607 687 1738 727 san-
1838 683 1945 724 non
1977 681 2158 725 tamen
2189 671 2444 728 Ecclesia:
2470 673 2585 729 Dei.
2620 674 2720 741 Qui
2745 675 2894 730 novit
2923 691 2985 732 ea
3008 693 3129 747 quae
3159 679 3416 748 possibile

107 762 262 807 'ctus
319 757 596 826 posuisset
643 773 706 812 ea
755 759 808 812 in
845 758 1143 830 Scripturis
1179 779 1194 816 :
1226 777 1334 816 non
1365 777 1554 818 sumus
1590 764 1735 819 enim
1835 770 1924 815 est
1974 762 2135 826 scire,
2180 764 2371 818 doceat
2413 779 2535 820 cum
2580 767 2845 822 modestia
2893 783 3017 823 eum
3043 769 3135 838 qui
3174 771 3414 840 ignorat,

115 849 522 914 sapientiores
567 866 599 905 a
647 852 853 921 Spiritu
900 862 1110 913 sancto.
1151 854 1211 909 Si
1261 855 1463 910 dixerit
1501 855 1735 925 Spiritus
1837 867 1945 906 non
1975 861 2154 909 tamen
2194 855 2547 912 incitamento
2592 875 2607 910 :
2650 859 3058 915 incitamentum
3089 861 3234 915 enim
3261 871 3316 916 et
3343 864 3413 917 ad

113 953 384 998 Sanctus
417 961 431 996 :
472 940 869 999 Generationem
909 944 1024 1015 ejus
1053 946 1170 1014 quis
1199 947 1578 1001 marrubii"?
1623 948 1734 1004 noli
1835 957 1901 997 ea
1938 957 2059 1012 quae
2086 953 2273 1014 aperta
2325 955 2452 1001 sunt
2496 948 2896 1005 contentionem
2940 951 3080 1020 parit
3134 967 3286 1007 :nou
3336 954 3412 1007 ita

113 1047 406 1101 quaerere
439 1049 615 1103 neque
649 1035 717 1090 ab
765 1033 1094 1101 hominibus,
1151 1051 1328 1106 neque
1383 1039 1451 1092 ab
1502 1039 1731 1108 angelis.
1834 1035 2226 1104 periclitemur,
2275 1038 2370 1094 sed
2405 1047 2518 1095 tute
2552 1039 2858 1110 loquamur.
2903 1040 2960 1096 Si
2992 1043 3123 1112 quid
3148 1044 3410 1112 scriptum

116 1124 252 1178 Cur
278 1125 580 1196 abnegavit
622 1125 879 1195 Spiritus,
909 1126 1046 1180 dixit
1077 1127 1221 1182 enim
1255 1129 1378 1197 quia
1420 1129 1731 1198 generatio-

117 1231 267 1274 nem
291 1221 428 1291 -ejus
468 1221 588 1289 quis
611 1215 923 1275 e'narrabit'?
955 1220 1046 1288 qui
1079 1228 1257 1274 autem
1281 1221 1530 1275 concedit
1556 1219 1731 1290 Spiri-

118 1322 222 1366 tus
251 1329 529 1382 qumrere,
565 1311 712 1367 Unus
740 1312 883 1367 Deus
912 1329 978 1366 ea:
999 1328 1102 1383 qua
1135 1321 1256 1366 sum
1293 1313 1492 1378 omnia,
1515 1323 1566 1366 et
1593 1330 1731 1368 unus

121 1403 414 1457 Dominus
433 1404 586 1458 Jesus
610 1420 702 1472 per
722 1419 874 1474 quem
907 1413 1028 1457 sunt
1055 1403 1234 1458 omnia
1261 1403 1306 1436 ⁸⁸
1334 1419 1350 1457 :
1375 1403 1730 1472 quemadmo-

115 1495 269 1548 dum
307 1505 492 1549 autem
527 1496 697 1550 Filius
741 1511 807 1550 ex
839 1495 1018 1558 Patre,
1044 1496 1205 1550 crede
1237 1497 1286 1550 ei
1320 1497 1410 1566 qui
1461 1497 1630 1560 novit,
1677 1498 1728 1550 ei

116 1588 225 1656 qui
260 1588 534 1642 noscitur.
572 1589 675 1642 Sed
707 1596 760 1641 tu
785 1587 1007 1657 quaeris,
1033 1597 1086 1641 et
1120 1587 1242 1656 quis
1271 1599 1355 1642 est
1378 1589 1472 1657 qui
1502 1588 1728 1657 promit-

112 1688 213 1732 tat
269 1695 340 1734 se
375 1679 569 1735 nosse?
596 1681 773 1734 omnis
821 1679 966 1733 enim
1012 1681 1320 1749 quicunque
1350 1681 1623 1749 promittit
1668 1697 1726 1736 se
1757 1710 1800 1765 Β

119 1787 331 1837 nosse,
390 1776 619 1827 mendax
659 1781 761 1827 est.
820 1771 1194 1826 Pronuntiavit
1243 1773 1387 1827 enim
1443 1771 1718 1841 Dominus,

119 1865 291 1932 quod
354 1864 531 1918 nullus
590 1865 734 1919 norit
793 1865 897 1919 nisi
959 1865 1110 1920 solus
1161 1865 1324 1920 Pater
1379 1865 1616 1934 Filium,
1666 1877 1722 1921 et

118 1956 318 2011 Filius
353 1956 598 2011 Patrem.
647 1957 753 2010 Sed
782 1957 912 2011 dicit
944 1957 1163 2026 quidam
1199 1976 1214 2011 :
1250 1958 1565 2026 lgnoramus
1589 1973 1720 2028 ergo

117 2048 268 2118 quia
303 2058 390 2104 est
423 2047 584 2114 Deus,
616 2055 670 2102 et
715 2050 839 2118 quia
889 2064 992 2104 non
1028 2062 1189 2104 natus
1220 2061 1321 2116 est,
1357 2061 1412 2105 et
1450 2052 1722 2106 nescimus

119 2127 270 2210 quia
325 2153 380 2196 et
413 2141 580 2194 Filius
602 2152 664 2196 et
704 2142 1008 2212 unigenitus
1044 2151 1128 2197 est
1180 2141 1388 2198 Filius?
1443 2144 1720 2210 Quomodo

119 2245 324 2289 autem
363 2236 632 2289 nescimus
681 2236 804 2304 quia
851 2244 1007 2289 natus
1051 2235 1172 2289 est?
1229 2237 1352 2304 quia
1393 2247 1571 2290 autem
1614 2245 1718 2300 est,

119 2326 326 2380 omnis
347 2325 542 2380 clamat
563 2324 841 2394 Scriptura
874 2345 886 2380 :
917 2327 1368 2396 quemadmodum
1410 2336 1588 2381 autem
1613 2338 1719 2390 est,

119 2426 180 2468 et
217 2425 487 2484 quantum
521 2425 622 2480 est,
649 2416 790 2470 nulla
830 2402 972 2470 valet
1009 2428 1200 2472 natura
1232 2417 1433 2481 dicere,
1461 2431 1630 2487 neque
1652 2417 1721 2472 de

123 2505 329 2569 Patre,
361 2521 535 2574 neque
573 2508 639 2559 de
660 2505 813 2559 Filio.
851 2505 952 2572 Qui
975 2505 1119 2560 enim
1154 2506 1330 2560 dixit:
1373 2505 1542 2560 Nemo
1579 2506 1721 2560 novit

125 2595 386 2660 Patrem,
416 2597 518 2649 nisi
557 2595 730 2650 Filius
751 2597 814 2655 θ’.
845 2599 958 2667 ipse
991 2597 1124 2652 dixit
1157 2598 1280 2664 quia
1313 2605 1363 2651 et
1394 2595 1593 2650 Filium
1630 2614 1720 2650 ne-

119 2705 216 2741 mo
245 2689 415 2752 novit,
441 2689 543 2741 nisi
571 2688 732 2742 Pater
750 2689 816 2741 ’°.
847 2688 1306 2754 Quemadmodum
1335 2689 1476 2741 enim
1504 2689 1721 2758 capiunt

124 2797 192 2833 ea
222 2797 350 2851 qua:
381 2795 476 2848 per
504 2780 696 2834 Filium
731 2780 866 2834 facta
899 2789 1044 2846 sunt,
1078 2795 1238 2833 nosse
1273 2795 1394 2833 eum
1433 2795 1526 2848 per
1559 2795 1717 2848 quem

123 2885 184 2929 et
215 2874 367 2928 facta
401 2874 566 2928 sunt?
612 2872 668 2928 Si
712 2874 875 2939 igitur
901 2873 1190 2943 imaginem
1234 2888 1340 2928 non
1373 2873 1484 2926 nati
1525 2882 1718 2926 natura

125 2981 247 3020 non
291 2965 534 3034 pervenit
567 2979 746 3030 nosse,
777 2965 1224 3032 quemadmodum
1261 2965 1432 3032 ipsum
1457 2963 1719 3032 principa-

1833 1144 1943 1184 non
1979 1138 2084 1194 est,
2145 1144 2211 1184 ne
2244 1131 2462 1201 quidem
2499 1132 2712 1188 dicatur
2751 1151 2769 1190 :
2815 1134 2861 1190 si
2891 1135 3019 1204 quid
3062 1144 3243 1190 autem
3275 1137 3410 1189 scri-

1831 1231 1985 1291 ptum
2014 1230 2115 1286 est,
2159 1237 2226 1277 ne
2268 1223 2549 1278 deleatur.‘
2572 1225 2689 1280 Non
2725 1242 2914 1282 sumus
2959 1227 3102 1282 enim
3134 1237 3408 1295 auctores,

1832 1314 1927 1367 sed
1957 1312 2226 1382 discipuli.
2267 1312 2384 1369 Non
2429 1330 2552 1386 quae
2585 1317 2858 1384 volumus,
2904 1319 2999 1374 sed
3035 1335 3099 1374 ea
3138 1319 3408 1389 quaalegiu

1831 1420 1952 1458 mus
1990 1424 2003 1459 :
2041 1421 2144 1460 non
2177 1422 2238 1460 ca
2271 1423 2390 1476 quae
2413 1422 2481 1463 ex
2511 1411 2675 1464 corde
2705 1422 2850 1476 sunt,
2874 1412 2969 1466 sed
2997 1426 3060 1465 ea
3089 1429 3206 1482 qua:
3229 1428 3259 1467 a
3290 1414 3406 1483 spi-

1830 1496 1939 1550 ritu
1961 1498 2024 1578 in
2050 1497 2350 1568 Scripturis
2389 1501 2589 1554 sanctis
2623 1512 2751 1556 sunt
2779 1504 2973 1572 posita.
3007 1505 3139 1571 Quis
3169 1508 3310 1560 enim
3344 1524 3406 1563 es

1833 1597 1886 1640 tu
1923 1589 2014 1658 qui
2067 1589 2201 1644 dicis
2231 1599 2324 1643 aut
2357 1593 2447 1660 qui
2497 1594 2696 1647 audis?
2732 1594 2846 1648 vult
2893 1595 3089 1666 aliquis
3129 1596 3404 1653 Christum

1830 1679 2133 1746 honorare;
2183 1691 2244 1736 ut
2285 1682 2398 1736 vult
2459 1683 2572 1751 ipse
2605 1685 2872 1751 Christus,
2915 1702 3020 1742 non
3064 1697 3241 1743 tamen
3266 1701 3323 1744 ut
3345 1701 3402 1745 tu

1826 1770 1928 1826 vis.
1963 1771 2018 1825 Si
2047 1784 2224 1827 autem
2265 1775 2532 1842 prazterid
2570 1775 2710 1844 quod
2745 1776 2860 1829 vult
2898 1777 3268 1848 honoraveris,
3304 1781 3402 1836 ho-

1825 1876 1926 1916 nor
1949 1871 2073 1917 tuus
2101 1865 2167 1918 ad
2191 1865 2576 1920 contumeliam
2613 1877 2978 1922 convertetur.
3020 1869 3076 1923 Si
3108 1870 3401 1930 intereme-

1826 1955 1899 2009 n's
1929 1953 2045 2022 ejus
2073 1955 2312 2022 Patrem,
2344 1973 2452 2012 non
2486 1957 2764 2012 honorasti
2790 1959 3119 2027 progeniem.
3151 1959 3210 2015 Si
3236 1961 3404 2016 inter-

1822 2048 2020 2102 emeris
2059 2047 2280 2112 Filium,
2324 2065 2431 2103 non
2473 2049 2727 2104 dimisisti
2764 2049 2981 2104 Patrem
3028 2051 3081 2103 in
3113 2051 3400 2106 honorem.

1826 2137 1882 2191 Si
1917 2138 2058 2192 enim
2106 2152 2210 2192 non
2247 2138 2447 2192 dixeris
2489 2148 2694 2207 patrem
2733 2139 2968 2204 Patrem,
3003 2150 3056 2194 et
3087 2139 3278 2194 Filiqu
3309 2139 3402 2194 Fi-

1822 2231 1973 2300 lium,
2033 2246 2208 2300 neque
2261 2230 2474 2285 Patrem
2507 2248 2708 2301 neque.
2737 2232 2931 2286 Filitnn
2969 2233 3265 2286 conliteris.
3298 2232 3400 2299 Qui

1821 2321 1963 2375 enim
2000 2321 2112 2377 haec
2145 2322 2299 2388 dicit,
2333 2323 2455 2376 sine
2506 2323 2617 2376 Deo
2671 2331 2772 2378 est.
2809 2322 2865 2377 Si
2894 2323 3040 2378 enim
3095 2324 3257 2378 Pater
3291 2339 3399 2378 non

1821 2423 1907 2468 est
1932 2414 2092 2468 Pater
2118 2453 2135 2479 ,
2193 2415 2307 2484 ipse
2345 2417 2487 2470 enim
2519 2416 2686 2470 Filius
2729 2424 2787 2468 ut
2832 2417 2942 2481 ais;
2991 2417 3188 2470 iterum
3230 2415 3401 2472 Filius

1821 2520 1927 2559 non
1964 2515 2048 2559 est
2069 2505 2258 2570 Filius,
2295 2506 2410 2575 ipse
2455 2506 2598 2561 enim
2631 2517 2685 2561 et
2718 2506 2880 2586 Pater
2911 2507 3071 2562 Pater
3099 2517 3183 2562 est
3222 2520 3281 2562 ut
3312 2507 3398 2561 di-

1820 2598 1900 2651 cis
1932 2596 2067 2668 (94).
2111 2597 2372 2666 Sequitur
2394 2598 2710 2666 periculum,
2744 2608 2802 2652 ut
2837 2614 3012 2668 neque
3041 2599 3204 2656 Pater
3238 2599 3400 2654 Pater

1821 2687 1913 2754 sit,
1960 2703 2134 2756 neque
2164 2687 2333 2742 Filius
2385 2687 2578 2754 Filius,
2633 2698 2688 2742 et
2739 2689 2866 2758 quid
2909 2688 3254 2744 tenebimus?
3293 2688 3399 2744 Sed

1819 2779 1983 2834 Pater
2006 2778 2167 2834 Pater
2187 2794 2315 2834 vere
2341 2788 2445 2842 est,
2481 2795 2585 2834 DOll
2621 2794 2787 2834 vacua
2818 2795 2919 2834 νοι
2949 2780 3043 2834 εθᾱ
3077 2789 3268 2834 natura
3301 2795 3398 2834 ve-

1819 2870 2016 2924 ritatis.
2052 2869 2170 2923 Non
2207 2885 2379 2924 vanus
2409 2885 2611 2932 sermo,
2635 2871 2730 2924 sed
2758 2886 2919 2925 verus
2962 2869 3126 2926 Deus.
3157 2871 3274 2926 Non
3305 2873 3399 2942 qui

1821 2960 2042 3024 dicitur,
2072 2960 2167 3014 sed
2190 2960 2238 3014 is
2271 2961 2361 3029 qui
2385 2971 2468 3016 est
2497 2979 2512 3015 :
2547 2977 2650 3014 non
2673 2975 2740 3014 ex
2775 2961 2862 3016 his
2890 2976 3009 3030 quae
3040 2962 3268 3016 dicimus
3300 2963 3400 3016 iiu-

124 3056 242 3111 lem
279 3057 393 3129 (92)
424 3059 885 3128 comprehendere
919 3057 1041 3126 quis
1074 3066 1251 3127 potest
1280 3067 1338 3110 ut
1364 3055 1544 3110 norit?
1580 3055 1720 3110 Sunt
1744 3052 1791 3116 C
1819 3051 1982 3118 gilur.
2034 3051 2128 3105 sed
2167 3051 2311 3121 quod
2339 3059 2423 3105 est
2451 3053 2784 3121 agnoscitur.
2834 3050 2994 3105 Pater
3035 3051 3179 3105 enim
3220 3065 3399 3122 neque

127 3151 328 3222 itaque
366 3151 612 3220 quaedam
647 3149 805 3203 nobis
835 3149 1080 3214 dicenda,
1116 3158 1240 3203 sunt
1287 3156 1342 3202 et
1365 3149 1624 3217 quaedam.
1646 3145 1722 3202 si-

123 3245 308 3301 lentio
338 3245 580 3300 colenda.
623 3243 762 3298 Sunt
799 3241 1042 3311 quaedam
1074 3242 1130 3295 in
1158 3241 1402 3310 cogitatu
1432 3239 1716 3305 movenda,

127 3345 266 3393 sunt
306 3335 549 3405 quasdam
571 3343 625 3389 et
649 3335 996 3388 veneratione
1028 3347 1134 3388 non
1165 3333 1450 3389 movenda.
1489 3331 1626 3386 Sunt
1650 3330 1719 3386 de

128 3429 335 3497 quibus
379 3427 633 3481 convenit
679 3425 794 3495 sapi
837 3443 850 3478 :
894 3435 1019 3479 sunt
1066 3432 1121 3478 et
1166 3424 1231 3478 de
1274 3424 1470 3492 quibus
1507 3433 1720 3494 oportet

129 3519 347 3588 paveri.
373 3515 513 3572 Sunt
549 3532 670 3587 quae
690 3525 916 3584 possunt
953 3515 1136 3583 lingua
1161 3515 1510 3584 interpretari
1543 3533 1556 3568 :
1593 3524 1719 3569 sunt

130 3621 188 3663 et
228 3624 351 3678 quac
377 3610 605 3678 possunt
639 3606 890 3678 religiose
931 3607 1118 3660 taceri.
1159 3605 1333 3659 Dicito
1371 3619 1527 3670 sane,
1567 3605 1718 3660 Unus

133 3701 285 3757 Deus
311 3716 338 3751 a
370 3716 476 3769 quo
524 3709 651 3755 sunt
681 3699 880 3762 omnia,
912 3709 965 3752 et
1009 3697 1184 3750 nullus
1211 3697 1406 3767 poterit
1429 3698 1718 3766 reprehen-

133 3795 289 3848 dere.
318 3791 384 3846 Si'
404 3801 581 3846 autem
603 3799 656 3844 et
681 3788 1082 3858 reprehenderit
1104 3789 1243 3857 quis,
1273 3803 1376 3842 non
1405 3797 1453 3840 te
1476 3788 1566 3842 sed
1592 3802 1715 3840 eum

133 3883 230 3954 qui
262 3883 500 3952 scripsit.
535 3881 591 3936 Si
633 3893 811 3935 autem
841 3893 895 3936 et
933 3875 1156 3934 Paulum
1181 3880 1273 3948 qui
1307 3879 1525 3947 scripsit
1555 3877 1716 3930 audet

135 3977 265 4045 quis
292 3976 708 4045 reprehendere,
737 3989 844 4027 non
876 3973 1120 4038 Paulum,
1153 3973 1247 4027 sed
1285 3987 1407 4026 eum
1440 3971 1530 4040 qui
1567 3985 1712 4025 sem-

134 4081 236 4134 per
273 4065 326 4118 in
357 4079 480 4118 eum
522 4062 636 4131 (95)
673 4066 881 4117 locutus
926 4074 1010 4118 est
1045 4062 1297 4117 Christus
1344 4059 1710 4129 reprehendit.

137 4157 195 4210 Si
221 4165 405 4208 autem
428 4153 628 4208 Christi
658 4153 821 4207 verba
854 4153 1249 4222 reprehendere
1273 4148 1395 4218 quis
1418 4148 1579 4202 fuerit
1615 4164 1714 4201 au-

134 4263 254 4312 sus,
285 4247 399 4316 ipse
425 4246 560 4299 dixit
589 4246 838 4300 Christus
886 4263 901 4299 :
935 4244 1065 4309 Qua:
1113 4259 1205 4312 ego
1240 4243 1428 4312 loquor
1459 4257 1563 4293 non
1589 4247 1710 4292 sunt

133 4356 276 4405 mea,
316 4341 406 4394 sed
430 4337 594 4392 Pater
623 4339 710 4409 qui
732 4338 870 4390 misit
905 4353 1008 4401 me,
1036 4337 1145 4405 ipse
1174 4335 1407 4404 loquitur
1431 4349 1623 4401 perime
1641 4332 1707 4384 θί.

138 4429 353 4486 Etenim
391 4444 564 4497 neque
605 4429 830 4498 gentiles
864 4442 1069 4492 smnus,
1113 4441 1287 4495 neque
1309 4423 1503 4490 Judaai,
1538 4438 1712 4492 neque

139 4523 405 4578 haeretici.
445 4522 686 4577 Gentiles
717 4522 858 4576 enim
891 4536 996 4575 non
1036 4535 1240 4586 sumus,
1282 4518 1412 4587 quia
1445 4531 1548 4572 neu
1579 4517 1714 4571 dici-

141 4630 262 4669 mus
286 4615 435 4668 deos.
464 4613 629 4668 Juda'i
657 4628 761 4666 non
787 4626 993 4677 sumus,
1018 4611 1140 4679 quia
1167 4621 1222 4665 et
1241 4609 1516 4665 Christum
1541 4610 1710 4664 Deum

140 4703 480 4757 conﬁtemur.
533 4700 782 4755 Heeretici
817 4711 998 4754 autem
1031 4701 1150 4754 ideo
1190 4715 1294 4754 non
1341 4713 1549 4764 sumus,
1585 4701 1710 4768 quia

140 4793 466 4848 confitemur
495 4791 654 4845 istum
696 4806 816 4846 esse
843 4790 935 4859 qui
979 4789 1146 4854 venit,
1177 4803 1338 4857 quem
1371 4787 1710 4856 praeveniens

145 4885 309 4938 Vetus
339 4883 742 4938 Testamentum
785 4897 881 4952 per
911 4884 1199 4950 prophetas
1242 4880 1554 4948 prmdicavit
1582 4894 1713 4931 ven-

144 4985 344 5030 turum.
387 4973 444 5026 Si
477 4973 599 5041 quis
628 4973 769 5026 enim
805 4971 1038 5027 noluerit
1077 4971 1245 5035 litem,
1299 4984 1433 5038 opus
1467 4984 1571 5022 non
1610 4973 1710 5023 ha-

144 5069 254 5122 bet.
297 5065 394 5120 Est
422 5066 666 5135 quaadam
726 5064 986 5120 dubitatio
1046 5058 1185 5119 i'nter
1237 5061 1432 5116 fratres
1479 5080 1494 5116 :
1539 5062 1714 5132 primo

143 5173 266 5212 cum
302 5157 568 5212 charitate
599 5165 894 5226 quaeratur,
921 5165 982 5208 ut
1004 5155 1144 5208 inter
1178 5154 1393 5209 fratres.
1424 5152 1538 5206 Non
1568 5153 1712 5207 enim

145 5249 499 5304 dissensionis
545 5257 627 5303 est
664 5248 804 5302 Deus
847 5257 944 5302 aut
992 5248 1107 5314 irae,
1143 5249 1234 5301 sed
1278 5246 1426 5314 pacis
1455 5247 1501 5278 θ’
1538 5263 1552 5300 :
1585 5245 1714 5315 quia

1819 3163 1885 3203 ex
1915 3148 2042 3213 alio,
2066 3163 2241 3219 neque
2266 3163 2360 3218 per
2400 3149 2585 3216 alium,
2617 3164 2794 3220 neque
2830 3149 2996 3214 aliud,
3029 3152 3122 3206 sed
3165 3151 3285 3220 ipse
3312 3158 3400 3204 est

1819 3243 1912 3308 qui
1935 3251 2037 3297 est.
2077 3241 2241 3298 Forte
2270 3243 2418 3298 enim
2466 3253 2521 3299 et
2546 3260 2612 3299 ex
2649 3243 2941 3313 semetipso
2972 3251 3027 3298 et
3065 3257 3161 3313 per
3192 3251 3399 3298 semet-

1819 3333 2032 3402 ipsum;
2057 3335 2213 3391 nobis
2242 3336 2639 3407 quodammodo
2671 3337 3002 3392 conveniens
3026 3345 3111 3391 est
3137 3351 3318 3391 sermo
3339 3345 3400 3390 ut

1820 3423 2053 3481 dicatur.
2093 3424 2333 3482 Necdum
2392 3435 2571 3483 tamen
2614 3426 2708 3482 illa
2753 3427 3142 3495 interpretatur
3179 3437 3394 3481 natura.

1817 3512 1928 3569 Nos
1947 3515 2092 3568 enim
2115 3524 2172 3568 ut
2197 3530 2304 3570 non
2337 3526 2609 3572 taceamus
2631 3516 2752 3572 ideo
2777 3515 3028 3570 dicimus.
3055 3515 3192 3583 Quid
3212 3526 3396 3572 autem

1817 3612 1901 3658 est
1927 3603 2071 3658 Deus
2108 3619 2216 3658 non
2249 3604 2670 3674 interpretamur
2697 3621 2712 3658 :
2747 3602 2878 3672 quid
2903 3601 3048 3657 enim
3092 3602 3282 3656 horum
3313 3603 3396 3655 in-

1821 3695 2139 3763 terpretatio
2173 3704 2257 3749 est
2289 3693 2409 3760 Dei,
2444 3695 2562 3749 sine
2593 3694 2771 3759 initio,
2811 3708 2918 3746 non
2955 3701 3135 3755 natus,
3171 3693 3396 3744 immor-

1821 3786 1964 3854 talis,
2000 3788 2365 3855 incorruptus,
2394 3785 2771 3851 immutabilis,
2803 3784 3116 3849 immobilis,
3149 3783 3393 3836 inacces-

1816 3878 2011 3944 sibilis,
2045 3877 2448 3944 inenarrabilis,
2498 3874 3099 3946 incomprehensibilis?
3132 3873 3238 3927 Per
3277 3873 3395 3927 haec

1815 3985 1946 4041 ergo
1973 3971 2154 4025 omnia
2205 3985 2315 4025 non
2342 3980 2425 4025 est
2451 3970 2658 4025 dictum
2705 3969 2834 4039 quid
2870 3977 2972 4033 est,
3000 3967 3092 4022 sed
3119 3964 3248 4035 quid
3285 3978 3392 4017 non

1815 4073 1900 4118 est
1942 4079 1959 4118 :
1999 4063 2146 4118 velut
2195 4063 2242 4118 si
2265 4064 2390 4132 quis
2417 4061 2769 4131 interpretari
2801 4076 2910 4116 non
2944 4058 3213 4113 sufﬁciens
3247 4055 3393 4126 quod

1813 4163 1901 4208 est
1941 4153 2143 4220 lumen,
2195 4152 2341 4207 dicat
2369 4154 2512 4221 quod
2542 4168 2648 4206 non
2683 4161 2767 4206 est
2801 4151 3168 4204 tenebrosum.
3202 4146 3394 4200 Dicere

1814 4256 1995 4300 autem
2021 4245 2164 4315 quod
2189 4245 2528 4299 tenebrosum
2560 4257 2667 4296 non
2685 4249 2788 4308 est,
2825 4256 2930 4294 non
2964 4238 3137 4293 solum
3169 4251 3271 4289 non
3296 4249 3393 4288 ex-

1817 4338 1992 4392 hibuit
2016 4347 2268 4392 naturam
2301 4334 2541 4399 luminis,
2576 4336 2668 4389 sed
2699 4342 2754 4387 et
2781 4333 2951 4400 magis
2985 4331 3219 4398 ipsarum
3248 4335 3392 4378 tcne-

1814 4429 2035 4483 brarum
2075 4436 2325 4481 naturam
2358 4425 2596 4495 negavit.
2641 4420 2966 4478 Immortalis
2993 4418 3137 4472 enim
3168 4416 3387 4481 dicitur,

1813 4521 1940 4588 quia
1971 4534 2077 4574 non
2101 4520 2385 4584 morietur,
2419 4527 2472 4572 et
2497 4518 2840 4582 incorruptus
2870 4513 2994 4582 quia
3023 4526 3127 4564 non
3152 4524 3391 4563 corrum-

1814 4611 1977 4679 pitur.
2007 4607 2126 4663 Non
2169 4621 2347 4674 natus,
2390 4608 2481 4676 qui
2506 4605 2717 4661 initium
2752 4619 2856 4658 non
2887 4600 3067 4656 habet.
3104 4597 3228 4652 litae
3265 4611 3388 4652 om-

1812 4701 1900 4754 nia
1930 4715 2037 4755 non
2068 4698 2198 4770 quid
2233 4708 2315 4753 est
2351 4698 2492 4752 Deus
2523 4696 2676 4760 dicit,
2724 4694 2820 4749 sed
2868 4691 2996 4762 quid
3027 4697 3261 4748 nonest.
3306 4686 3386 4744 Ita

1812 4807 1911 4862 per
1943 4806 2008 4846 ea
2041 4807 2162 4861 quae
2195 4791 2425 4846 dicimus
2463 4790 2581 4844 sine
2612 4785 3060 4856 interpretatione
3099 4797 3222 4835 eum
3252 4796 3388 4836 con-

1808 4884 2045 4941 ﬁtemur.
2080 4884 2140 4938 Si
2176 4883 2471 4938 dixerimus
2499 4894 2621 4935 eum
2647 4880 2852 4934 fontem
2888 4875 3157 4938 veritatis,
3193 4887 3388 4929 nomen

1809 4975 2093 5030 veritatem
2116 4989 2224 5028 non
2250 4972 2488 5028 exhibet.
2533 4969 2638 5025 Sed
2664 4970 2789 5038 quia
2815 4983 2923 5022 non
2947 4966 3209 5020 habemus
3244 4962 3388 5031 quod

1808 5067 2076 5133 dicamus,
2119 5081 2188 5121 ex
2243 5066 2328 5120 his
2374 5079 2494 5134 qua:
2543 5065 2806 5118 habemus
2845 5059 3113 5122 dicamus,
3159 5055 3387 5108 mutuati

1810 5157 2002 5210 alienis
2034 5155 2345 5210 nominibus
2381 5153 2495 5226 (95)
2529 5155 2729 5209 utimur
2765 5167 2779 5202 :
2822 5148 2942 5203 fons
2965 5148 3108 5202 enim
3137 5144 3376 5212 agnosci~

1813 5257 1902 5301 tur
1939 5246 2080 5301 unde
2111 5255 2216 5312 est,
2246 5246 2388 5301 Deus
2417 5255 2596 5298 autem
2633 5257 2739 5297 non
2776 5239 2940 5295 habet
2969 5237 3142 5300 unde;
3175 5243 3229 5288 et
3268 5232 3390 5286 fons

214 5436 258 5467 ⁸⁷
283 5434 387 5490 lsa.
414 5451 533 5501 LIII,
559 5436 616 5492 8.
690 5434 738 5467 ⁸⁸
770 5433 787 5488 l
812 5434 936 5489 Cor.
963 5448 1083 5501 vin,
1105 5443 1159 5489 ι).
1234 5431 1277 5465 ⁸³
1308 5431 1500 5487 Matth.
1529 5447 1610 5499 x1,
1635 5431 1705 5485 27

1819 5434 1845 5465 ‘°
1878 5430 2007 5487 ibid.
2083 5430 2126 5462 ⁹¹
2150 5429 2308 5486 Joan.
2332 5444 2434 5496 xu,
2459 5429 2550 5483 49.
2625 5429 2669 5460 ⁸³
2694 5427 2715 5480 Ι
2738 5425 2865 5482 Cor.
2908 5439 3020 5488 Χινν
3045 5423 3136 5478 ὅδε

238 5551 323 5618 92)
360 5549 732 5620 Principalem,
759 5551 1080 5622 ἀρχέτυπον.

239 5623 326 5691 95)
357 5619 577 5686 lucum,
610 5637 706 5689 pro
731 5619 886 5678 ineo.
929 5622 970 5675 ll
996 5623 1122 5677 Cor.
1151 5635 1270 5684 xm,
1298 5619 1359 5673 4:
1389 5620 1468 5691 An
1503 5621 1709 5688 experi-

145 5690 372 5776 mentum
400 5690 638 5763 qua'ritir
665 5693 776 5763 ejus
811 5693 897 5763 qui
925 5694 978 5749 in
1001 5709 1081 5749 me
1106 5692 1336 5763 loquitur
1370 5690 1646 5746 Christus?

1883 5547 1996 5620 (94)
2025 5547 2121 5620 Ms.
2147 5547 2215 5620 [fit
2247 5545 2408 5620 Pater
2431 5555 2527 5620 est,
2559 5553 2613 5620 ut
2635 5543 2788 5620 dicis.

1883 5548 1973 5620 (94
2025 5547 2121 5602 Ms.
2147 5547 2215 5600 Et
2247 5547 2408 5600 Pater
2431 5555 2527 5605 est,
2559 5553 2613 5596 ut
2635 5547 2788 5596 dicis.

1883 5547 1996 5693 (95;
2028 5619 2125 5676 Ms.
2157 5618 2416 5674 Mutuatis
2445 5616 2630 5671 alienis
2657 5610 2972 5670 nominibus.

3427 5415 3438 5457 l
