3810 6218
468 302 484 355 Ι
497 301 602 356 065

1167 296 1432 351 EUSEBII
1470 294 1940 351 CESARIENSIS
1975 296 2126 354 OPP.
2170 295 2350 352 PARS
2387 296 2479 354 IV.
2520 328 2589 338 —-
2624 295 3051 352 DOGMATICA.

3598 294 3732 350 {065

459 427 671 473 meatus
696 428 859 484 supra
890 421 1097 469 meatus
1120 413 1369 476 eﬁ‘undit,
1397 414 1535 468 Deus
1561 423 1739 467 autem
1764 415 1815 467 in
1840 429 1904 467 eo
1923 414 2113 483 ipsoA
2139 431 2299 484 quem
2340 424 2466 470 sunt
2508 423 2723 469 cuncta.
2767 414 2881 467 Non
2910 424 2991 469 est
3019 431 3182 468 unum
3221 430 3286 469 ex
3334 414 3623 477 omnibus,
3648 418 3731 469 sed

456 510 600 578 quod
632 518 715 562 est
750 514 933 560 manet
960 524 973 559 :
1011 521 1184 564 neque
1207 506 1350 559 enim
1388 522 1488 559 vox
1513 506 1845 560 conveniens
1879 509 2035 562 inve-

456 603 626 667 nitur,
657 612 829 666 neque
875 598 1213 666 comparatio
1258 598 1579 664 perveniens
1611 599 1677 651 ad
1709 598 1855 651 illam
1881 610 2039 652 natu-

457 707 574 745 ram
599 708 616 745 :
647 690 740 745 sed
764 701 823 743 ut
845 704 950 743 non
979 699 1251 743 taceamus
1274 688 1587 756 colligentes
1609 705 1728 759 qua:
1744 690 2037 755 habemus;

455 799 577 837 cum
610 793 789 837 autem
824 782 1007 835 munia
1036 781 1352 844 dixerimus,
1393 793 1522 836 tunc
1556 782 1883 837 conﬁtemur
1914 784 2039 851 quia

451 892 574 947 qua:
599 876 837 931 dicimus
889 875 1022 929 nihil
1072 873 1328 928 diﬂ'erunt
1366 888 1396 927 a
1440 876 1831 929 taciturnitate.
1878 875 2041 931 Pater

452 985 523 1022 ex
550 982 616 1023 eo
668 968 986 1037 agnoscitur
1028 966 1197 1037 ﬁgura
1230 967 1373 1036 quod
1407 977 1491 1021 est
1531 982 1637 1022 non
1666 978 1845 1023 natus.
1888 967 2041 1023 Unus

451 1061 597 1115 enim
621 1070 703 1115 est
735 1060 870 1128 ipse,
903 1060 995 1128 qui
1028 1068 1241 1113 nonest
1275 1060 1341 1111 ab
1372 1058 1481 1113 alio
1526 1078 1539 1113 :
1576 1076 1715 1114 unus
1751 1070 1835 1115 est
1857 1063 1949 1131 qui
1971 1078 2041 1117 ex

452 1167 517 1205 eo
543 1152 686 1221 quod
714 1167 820 1205 non
844 1162 1001 1205 natus
1029 1162 1113 1205 est
1134 1152 1465 1220 agnoscitur.
1495 1150 1610 1204 Non
1645 1150 1813 1207 frater
1833 1153 1903 1218 ei,
1934 1168 2040 1207 non

452 1243 617 1298 Pater
645 1244 849 1308 Patris,
900 1245 995 1299 sed
1048 1243 1341 1311 singularis
1394 1252 1586 1296 natura
1635 1255 1762 1297 est:
1810 1255 1865 1297 et
1895 1245 2040 1299 inea

454 1338 599 1406 quod
638 1352 740 1390 non
778 1347 939 1390 natus
976 1347 1077 1401 est,
1106 1351 1233 1388 vere
1260 1334 1407 1389 solus
1441 1337 1771 1402 ostenditur,
1806 1352 1912 1391 non
1942 1353 2041 1390 na-

457 1442 545 1485 tus
584 1430 743 1483 Pater
778 1448 791 1484 :
842 1430 909 1483 ab
962 1429 1063 1483 hoc
1104 1443 1235 1483 sane
1271 1446 1377 1483 non
1427 1439 1557 1485 nato
1602 1441 1855 1484 manente
1895 1430 2042 1498 quod

456 1533 542 1577 est
593 1522 881 1585 indivisus,
936 1520 1222 1587 inscissus,
1277 1522 1611 1590 impartitus,
1673 1522 2039 1590 impassibilis,

456 1615 772 1684 unigenitus
810 1624 897 1669 est
926 1612 1095 1667 Filius
1127 1624 1286 1667 natus
1316 1632 1330 1667 :
1360 1630 1533 1683 neque
1556 1614 1693 1669 alius
1714 1626 1795 1669 est
1820 1631 1924 1670 non
1957 1631 2045 1668 na-

458 1716 566 1771 tus,
618 1722 791 1776 neque
829 1706 965 1760 alius
1016 1707 1362 1776 unigenitus;
1419 1711 1511 1761 sed
1554 1725 1693 1762 unus
1737 1724 1841 1762 non
1889 1720 2044 1764 natus

456 1798 640 1865 Pater,
674 1809 729 1853 et
763 1814 901 1853 unus
930 1799 1239 1867 unigenitus
1257 1800 1447 1854 Filius.
1479 1801 1600 1853 llaec
1626 1817 1729 1853 non
1755 1818 1850 1855 nos
1883 1803 2045 1855 extol-

457 1890 593 1956 lunt,
644 1890 902 1943 memoria
938 1889 1081 1943 illius
1130 1891 1269 1943 beati
1307 1892 1429 1944 viri.
1468 1892 1684 1945 Utinam
1740 1905 1916 1947 autem
1972 1895 2044 1947 ita

456 1981 659 2047 possim
692 1979 891 2044 dicere,
916 1990 977 2033 ut
1007 1980 1283 2034 vobiscum
1312 1996 1525 2050 semper
1548 1984 1614 2034 ab
1643 1983 1832 2036 eodem
1860 1984 2046 2038 audie-

456 2070 599 2122 bam.
648 2068 753 2123 Sed
800 2085 863 2123 ea
892 2086 1009 2140 qua:
1048 2087 1190 2125 nunc
1218 2072 1497 2136 dicuntur,
1536 2074 1609 2126 illi
1644 2075 1839 2142 placita
1880 2076 2045 2130 fuisse

457 2162 731 2215 videntur.
777 2162 958 2216 Gloria
1000 2164 1143 2216 enim
1169 2175 1253 2219 est
1278 2165 1571 2233 proborum
1603 2182 1884 2221 servorum
1913 2184 2040 2223 vera

455 2253 523 2305 de
553 2240 778 2307 Domino
804 2253 985 2308 dicere
1011 2270 1025 2306 :
1057 2262 1113 2308 et
1142 2254 1315 2308 honor
1337 2270 1525 2308 eorum
1552 2268 1764 2325 patrum
1790 2259 1879 2325 qui
1906 2257 2043 2311 bene

457 2344 781 2409 docuerunt,
806 2346 850 2399 si
887 2356 1203 2414 repetantur
1232 2363 1420 2401 eorum
1458 2350 1733 2403 doctrinae.
1762 2349 1914 2405 Unus
1937 2352 2039 2421 igi-

456 2446 549 2490 tur
588 2446 672 2491 est
705 2452 812 2491 non
844 2449 1004 2491 natus
1031 2440 1172 2493 Deus
1210 2458 1223 2494 :
1264 2456 1419 2493 serva
1454 2439 1562 2509 (96)
1596 2458 1699 2494 non
1728 2452 1888 2496 natus
1913 2458 2037 2497 cum

460 2530 642 2597 Patre,
678 2540 732 2585 et
766 2546 870 2585 non
897 2533 1119 2587 habebis
1146 2533 1199 2586 in
1231 2534 1413 2588 anima
1438 2534 1806 2589 confusionem
1839 2550 2037 2590 :serva

459 2622 770 2691 unigenitus
808 2636 929 2676 cum
960 2622 1112 2689 Filio,
1141 2631 1192 2677 et
1220 2637 1325 2677 non
1356 2624 1679 2689 turbaberis,
1734 2638 1905 2691 neque
1923 2624 2037 2692 jam

458 2717 569 2769 eris
593 2714 833 2769 incertus
872 2716 1325 2784 quemadmodum
1357 2716 1496 2769 Deus
1546 2726 1599 2768 et
1633 2714 1793 2783 Deus,
1830 2728 1885 2770 et
1928 2734 2037 2772 non

464 2803 581 2859 Dei.
622 2804 760 2871 Quia
814 2806 961 2859 enim
999 2806 1199 2859 retines
1223 2821 1362 2860 unus
1399 2805 1540 2859 Deus
1584 2821 1688 2859 non
1745 2818 1927 2873 natus,
1966 2793 2038 2864 'et

460 2909 599 2948 unus
628 2896 768 2949 Deus
796 2896 1143 2964 unigenitus;
1175 2896 1293 2950 ideo
1317 2912 1422 2950 non
1447 2898 1543 2961 dii,
1569 2898 1692 2967 quia
1724 2914 1901 2968 neque
1929 2916 2033 2954 non

460 2986 602 3050 nati,
636 3000 808 3055 neque
848 2988 1105 3057 unigeniti
1143 3005 1156 3041 :
1197 3003 1355 3042 serva
1404 2989 1632 3057 ﬁguram
1670 3005 1772 3043 non
1806 2992 1935 3053 nati.
1981 3002 2035 3046 et

2141 524 2236 577 per
2255 523 2417 577 quem
2443 517 2571 562 sunt
2614 508 2797 561 omnia
2828 526 2841 561 :
2878 508 2993 576 ipse
3014 523 3043 560 a
3070 506 3231 561 Patre
3277 507 3450 562 habet
3478 510 3632 576 quod
3661 520 3731 562 est

2142 600 2313 655 IIEBI'CS
2348 618 2363 654 ζ
2394 616 2497 653 non
2527 610 2609 653 est
2643 617 2707 654 ex
2742 602 3077 655 haereditate.
3104 600 3409 656 COIISCSSOI‘
3434 615 3549 654 non
3569 611 3731 653 estex

2140 692 2348 762 angelis
2381 692 2471 762 qui
2506 693 2744 757 adstant,
2796 708 2971 760 neque
3010 709 3076 748 ex
3119 693 3468 763 archangelis
3508 711 3526 746 :
3580 693 3734 757 iudex

2141 786 2382 840 omnium
2413 801 2515 839 non
2542 796 2626 841 est
2658 802 2797 842 unus
2826 803 2893 842 ex
2924 788 3006 841 his
3047 786 3137 855 qui
3171 786 3514 855 jmlicantur.
3554 784 3636 838 Ne
3666 794 3739 837 at-

2144 882 2331 937 trahas
2370 894 2619 937 naturam
2660 899 2784 953 quae
2828 900 2933 937 non
2967 884 3199 945 accedit,
3247 898 3426 950 neque
3465 884 3736 950 pervenit.

2144 972 2313 1039 Quem
2340 990 2405 1029 ex
2447 976 2549 1029 hoc
2582 975 2840 1029 debemus
2868 990 3064 1041 nosse;
3104 974 3232 1043 quia
3264 975 3655 1042 unusquisque
3679 980 3738 1025 ex

2146 1067 2230 1119 his
2273 1082 2393 1135 quae
2437 1068 2587 1131 dicit,
2651 1079 2743 1121 aut
2800 1068 3119 1138 sibimetipsi
3163 1068 3384 1137 prodest
3424 1078 3524 1121 aut
3577 1066 3738 1119 laedit.

2145 1157 2252 1211 Res
2294 1159 2437 1212 enim
2468 1176 2532 1214 ex
2569 1161 2770 1215 nostris
2822 1162 3159 1214 sermonibus
3201 1176 3305 1214 non
3348 1158 3738 1213 transferetur.

2145 1248 2278 1315 Quia
2310 1251 2471 1319 igitur
2507 1250 2676 1306 Judaei
2709 1266 2811 1305 non
2856 1251 3181 1305 conﬁtentur
3214 1250 3433 1312 Filium,
3474 1265 3594 1303 non
3626 1249 3741 1301 ideo

2146 1360 2251 1397 non
2279 1354 2360 1398 est
2388 1342 2575 1398 Filius.
2612 1342 2879 1398 Judicabit
2917 1345 3061 1398 enim
3084 1357 3179 1397 eos
3203 1343 3295 1412 qui
3326 1358 3435 1396 non
3469 1341 3736 1396 conﬁten-

2148 1445 2237 1488 tur
2260 1450 2384 1489 eum
2418 1453 2432 1489 :
2462 1434 2586 1502 quia
2622 1436 2836 1503 quidem
2879 1449 3077 1489 novum
3104 1433 3244 1487 istud
3274 1433 3636 1502 Sacrilegium
3663 1432 3741 1483 in-

2150 1529 2504 1583 troduxerunt
2529 1530 2799 1592 dicentes,
2844 1529 3097 1583 eumdem
3143 1528 3315 1596 ipsum
3345 1540 3471 1581 esse
3518 1526 3740 1579 Patrem

2149 1636 2306 1689 quem
2333 1632 2387 1676 et
2416 1621 2611 1674 Filium
2648 1639 2662 1675 :
2704 1637 2878 1686 neque
2907 1619 3121 1675 Patrem
3146 1619 3361 1673 Patrem
3398 1620 3615 1683 dicent,
3656 1634 3742 1671 ne-

2150 1726 2255 1780 que
2277 1711 2469 1764 Filium
2502 1711 2699 1765 Filium
2728 1730 2739 1764 :
2781 1711 2871 1764 sed
2903 1710 3199 1765 secundum
3231 1712 3473 1778 ipsorum
3509 1709 3741 1763 sacrile-

2146 1805 2289 1871 gium
2316 1802 2445 1856 nihil
2471 1817 2710 1869 prorsus.
2737 1801 2792 1856 Si
2810 1802 2954 1854 enim
2980 1801 3139 1855 Pater
3162 1816 3264 1855 non
3291 1813 3376 1855 est
3400 1801 3594 1865 Pater,
3621 1802 3740 1869 quis

2148 1894 2261 1962 ipse
2290 1901 2373 1947 est
2405 1904 2457 1946 ct
2482 1890 2671 1955 Filius,
2718 1901 2777 1944 ut
2820 1892 2916 1959 ipsi
2950 1891 3295 1960 ﬂagitantur;
3340 1902 3395 1944 et
3428 1889 3612 1943 Filius
3641 1906 3739 1942 non

2146 1984 2338 2048 Filius,
2360 1986 2486 2054 quia
2516 1985 2628 2053 ipse
2659 1994 2742 2037 est
2768 1982 2930 2036 Pater
2960 2002 2973 2036 :
3004 1998 3168 2051 prope
3196 1991 3278 2035 est
3323 1992 3381 2034 ut
3413 1982 3611 2035 dicant
3654 1995 3739 2034 ne-

2144 2092 2250 2146 que
2280 2076 2493 2130 Patrem
2519 2092 2663 2138 esse,
2698 2090 2872 2144 neque
2903 2073 3097 2127 Filium
3134 2091 3147 2126 :
3178 2081 3235 2126 ut
3267 2088 3435 2126 unum
3466 2071 3628 2127 enim
3664 2072 3737 2123 fa-

2141 2171 2286 2225 ciunt
2318 2170 2460 2237 quod
2491 2185 2595 2222 non
2634 2168 2710 2221 ﬁt.
2749 2166 2882 2234 Quis
2907 2168 3051 2221 enim
3091 2164 3288 2234 poterit
3312 2164 3510 2218 audire
3566 2165 3735 2232 ipsum

2142 2279 2202 2317 se
2224 2263 2326 2317 sibi
2359 2276 2479 2316 esse
2524 2261 2781 2315 Patrem?
2820 2260 2942 2329 quis
2993 2261 3190 2329 poterit
3223 2257 3440 2311 Patrem
3474 2258 3662 2325 ipsum
3690 2272 3741 2309 se

2142 2356 2246 2411 sibi
2282 2371 2402 2410 esse
2451 2354 2685 2409 Filium?
2737 2352 2792 2407 Si
2844 2353 2989 2406 enim
3044 2352 3262 2405 voluero
3299 2360 3519 2403 mutare
3558 2365 3738 2403 vocem

2141 2464 2338 2511 meam,
2376 2464 2479 2501 non
2512 2456 2749 2501 mutatur
2774 2455 3011 2499 vestrum
3041 2443 3392 2513 propositum.
3424 2442 3628 2496 Nonne
3652 2458 3740 2510 puo

2143 2545 2268 2596 tatis
2294 2556 2378 2593 me
2414 2540 2587 2593 aliena
2632 2538 2815 2607 loqui?
2843 2537 3031 2591 Dicam
3064 2551 3193 2606 ergo
3216 2535 3377 2589 Pater
3412 2551 3527 2588 non
3557 2534 3737 2595 Pater.

2140 2640 2196 2685 et
2224 2630 2395 2685 Filius
2437 2645 2540 2683 non
2569 2627 2757 2681 Filius.
2799 2626 2932 2680 Nam
2960 2636 3014 2680 et
3051 2626 3095 2679 si
3121 2627 3331 2689 dixero,
3368 2629 3489 2693 ipse
3521 2624 3632 2678 sibi
3666 2636 3741 2677 est

2139 2723 2319 2788 Pater,
2350 2732 2402 2775 et
2427 2723 2539 2791 ipse
2558 2722 2658 2775 sibi
2685 2730 2767 2775 est
2798 2720 2999 2783 Filius;
3028 2733 3206 2773 nonne
3235 2718 3522 2772 insaniam
3555 2721 3738 2772 statim

2138 2816 2445 2885 signiﬁcant
2470 2829 2750 2869 sermones
2789 2812 2930 2866 mei?
2964 2812 3056 2865 sed
3089 2826 3174 2865 me
3215 2826 3321 2864 non
3361 2820 3587 2863 tantum
3627 2826 3738 2863 mo.

2138 2917 2302 2962 veant
2334 2906 2618 2960 adversum
2665 2920 2760 2959 eos
2789 2904 2880 2972 qui
2907 2902 3180 2963 dixerunt,
3238 2909 3508 2968 quantum
3564 2912 3737 2955 movet

2136 3006 2189 3050 et
2219 2995 2481 3050 adversus
2511 3008 2607 3048 eos
2638 2995 2730 3063 qui
2785 2992 3064 3061 patiuntur
3107 3008 3118 3042 :
3148 2991 3565 3045 calumniantur
3599 2993 3738 3045 enim

457 3078 719 3135 conﬁtere
749 3079 974 3150 ﬁguram
1004 3081 1293 3150 unigeniti,
1345 3091 1401 3134 et
1438 3082 1579 3134 nulla
1630 3083 1841 3137 turbela
1867 3094 1948 3138 est
1979 3085 2032 3138 in
2063 3114 2106 3172 ο
2140 3086 2209 3139 ab
2254 3085 2445 3139 iisdem
2496 3093 2551 3137 et
2601 3082 2913 3150 Scriptura).
2972 3077 3085 3148 Ego
3126 3095 3144 3131 :
3176 3089 3299 3133 tene
3325 3079 3460 3148 Ego,
3501 3088 3561 3133 et
3586 3096 3739 3134 serva

462 3171 664 3236 medio,
700 3187 804 3226 non
833 3172 919 3236 lis,
955 3186 1060 3226 non
1106 3175 1404 3241 contentio,
1436 3191 1543 3230 non
1570 3177 1826 3245 jurginm.
1876 3174 2040 3231 Pater

465 3275 572 3313 non
599 3261 702 3315 sibi
734 3263 961 3317 ascribit
1007 3261 1221 3317 Patrem
1265 3280 1280 3321 :
1321 3265 1492 3321 Filius
1518 3282 1657 3320 unus
1685 3268 1786 3321 sibi
1822 3270 2043 3323 ascribit

462 3350 679 3407 Patrem
714 3371 729 3408 :
759 3354 921 3409 Pater
944 3370 973 3409 a
1014 3355 1164 3409 nullo
1194 3367 1299 3423 est,
1334 3356 1502 3413 Filius
1531 3360 1597 3413 ab
1626 3376 1732 3414 uno
1756 3370 1839 3414 est
1861 3361 2040 3416 Pal-re.

463 3443 578 3499 Non
610 3447 906 3516 suscipiunt
937 3448 1051 3503 haec
1074 3448 1245 3515 litem,
1269 3459 1363 3504 aut
1384 3450 1585 3506 habent
1615 3451 2038 3508 dubitationem:

463 3537 532 3592 Ut
561 3552 877 3610 cognoscant
912 3552 960 3596 te
1002 3543 1170 3597 solum
1205 3560 1380 3598 verum
1432 3545 1600 3599 Deum
1626 3545 1672 3577 ”
1707 3565 1719 3600 :
1767 3564 1871 3601 non
1915 3550 2042 3617 quia

462 3649 569 3687 non
594 3648 719 3688 vere
739 3643 822 3688 est
851 3634 1155 3704 unigenitus
1181 3634 1351 3692 Filius
1372 3637 1487 3701 Dei,
1519 3640 1613 3693 sed
1638 3640 1762 3709 quia
1786 3654 1815 3692 a
1849 3650 2045 3695 semet-

460 3724 595 3793 ipso,
626 3735 681 3779 et
722 3741 786 3780 ex
819 3727 1131 3795 semetipso,
1161 3736 1213 3781 et
1256 3742 1351 3796 per
1374 3730 1742 3799 semetipsum,
1781 3731 1827 3784 si
1866 3740 2043 3785 tamen

462 3818 533 3870 ita
563 3818 669 3872 dici
696 3819 853 3872 debet
884 3837 897 3872 :
932 3817 1053 3872 fons
1074 3828 1129 3873 et
1156 3819 1481 3888 principium
1505 3822 1747 3875 omnium
1781 3822 2042 3876 bonorum

460 3918 543 3963 est
581 3908 761 3973 Pater,
794 3910 884 3977 qui
922 3912 1107 3979 genuit
1142 3911 1299 3966 talem
1331 3913 1523 3965 bonam
1575 3914 1903 3982 progeniem.
1938 3913 2045 3966 Bo-

464 4016 564 4052 nus
590 4003 732 4053 enim
770 4000 936 4055 Filius
959 4015 1065 4066 est,
1089 4003 1183 4057 sed
1207 4004 1348 4057 cedit
1378 4005 1673 4058 bonitatem
1705 4021 1805 4059 suo
1840 4008 2045 4075 genito-

461 4092 532 4153 ri,
562 4106 666 4144 non
692 4091 958 4147 mentiens
979 4093 1073 4147 sed
1094 4093 1268 4148 sciens
1290 4095 1431 4149 unde
1452 4104 1553 4148 est.
1584 4095 1713 4149 Sine
1741 4096 2007 4165 principio
2028 4119 2041 4153 :

459 4182 789 4251 principium
822 4194 999 4238 autem
1028 4185 1148 4238 dico
1183 4201 1287 4238 non
1323 4195 1641 4255 temporum,
1679 4202 1782 4239 non
1822 4189 2044 4244 saeculo-

463 4289 622 4341 rum;
660 4274 775 4329 haec
810 4277 953 4329 enim
980 4291 1076 4345 per
1110 4274 1305 4329 Filium
1338 4278 1479 4331 facta
1510 4291 1656 4339 sunt,
1697 4289 1750 4333 et
1786 4296 1889 4333 non
1919 4296 2043 4336 cum

459 4365 600 4421 Filio
664 4377 786 4421 nata
844 4384 857 4419 :
917 4381 1023 4419 non
1090 4375 1299 4420 tantum
1372 4368 1515 4421 enim
1579 4384 1686 4423 non
1756 4379 1883 4426 ante
1952 4371 2044 4425 Fi-

458 4459 589 4513 lium
630 4500 646 4526 ,
699 4468 756 4513 ut
805 4458 850 4512 si
906 4458 1063 4512 aliter
1117 4458 1246 4527 quid
1308 4458 1657 4515 introducere
1716 4476 1838 4514 cum
1900 4461 2038 4517 Filio

459 4550 733 4613 volueris,
788 4565 893 4604 non
947 4550 1183 4605 salvabis
1262 4550 1644 4619 unigenitum,
1726 4553 1820 4607 sed
1895 4555 2037 4608 sicut

406 4658 413 4665 ·
458 4642 620 4697 Pater
652 4643 799 4698 solus
849 4657 952 4697 non
1002 4652 1162 4697 natus
1207 4653 1313 4709 est,
1360 4653 1415 4697 et
1474 4644 1520 4699 si
1578 4645 1782 4701 dixeris
1836 4643 2032 4702 Filium

457 4749 564 4787 non
620 4744 826 4799 uatum,
868 4734 1189 4803 periclitaris
1256 4736 1322 4788 de
1370 4750 1435 4789 eo
1491 4738 1633 4806 quod
1689 4738 1823 4793 dicis
1874 4754 1889 4791 :
1959 4738 2036 4794 ita

459 4826 505 4881 si
562 4826 689 4895 quid
736 4828 1132 4893 computaveris
1165 4844 1287 4881 cum
1341 4828 1637 4897 unigenito,
1670 4831 1797 4899 quid
1850 4830 2036 4899 loque-

458 4920 536 4975 ris
562 4920 798 4989 ignoras.
840 4916 989 4973 Unus
1012 4902 1154 4972 enim
1189 4930 1274 4973 est
1306 4936 1413 4974 non
1447 4930 1627 4987 natus,
1663 4932 1716 4975 et
1749 4923 1855 4978 noli
1885 4939 2033 4993 qua:-

458 5026 581 5065 rere
606 5010 768 5064 alium
823 5025 930 5063 non
987 5022 1169 5064 natum
1211 5030 1223 5066 :
1264 5028 1402 5067 unus
1450 5015 1781 5083 unigenitus,
1826 5024 1882 5070 et
1926 5016 2035 5071 noli

457 5116 700 5171 quaerere
726 5102 888 5155 alium
916 5100 1129 5169 Filium,
1162 5118 1228 5156 ne
1260 5105 1623 5175 interrumpas
1648 5107 1979 5176 unigenitum
2017 5126 2030 5162 :

459 5193 766 5262 unigenitus
794 5194 937 5247 enim
975 5210 1081 5248 non
1123 5204 1206 5249 est
1254 5210 1419 5251 unum
1452 5212 1516 5251 ex
1544 5200 1774 5265 eunetis,
1805 5199 1900 5254 sed
1938 5216 2036 5270 per

525 5310 572 5341 ”
592 5308 745 5364 Joan.
782 5324 915 5373 xvn,
949 5309 1035 5362 l5.

530 5444 640 5535 (9⁷6)
672 5461 851 5535 Serua.
878 5461 1330 5535 Τήρβιηοὺεενυα.
1366 5466 1474 5519 Aut
1503 5465 1665 5521 etiam
1705 5476 1872 5529 tuere,
1908 5468 2033 5520 reti-

457 5550 540 5585 ne.
572 5534 741 5600 Supra
771 5532 862 5584 lib.
897 5532 1048 5587 tziln
1080 5532 1343 5603 principio
1371 5548 1505 5603 erat,
1539 5552 1686 5590 serva
1720 5538 1859 5604 quod
1892 5548 2025 5601 erat,

456 5614 559 5655 etc.

530 5671 641 5744 (97)
672 5671 725 5724 ls
752 5678 889 5729 enim
925 5678 1033 5743 qui.
1078 5673 1299 5728 Videtur
1328 5674 1430 5728 hoc
1474 5675 1608 5731 velle
1637 5691 1652 5729 :
1694 5678 1737 5730 is
1767 5677 1901 5730 enim
1942 5676 2031 5744 qui

454 5750 529 5795 est
550 5742 602 5796 in
624 5759 680 5797 eo
706 5747 793 5799 aui
818 5757 914 5802 est.
938 5742 1043 5801 non
1063 5746 1174 5800 ideo
1198 5746 1519 5820 a'tvundtpxst,
1544 5748 1638 5802 hoc
1663 5759 1760 5812 est,
1788 5764 1889 5802 non
1914 5742 2029 5803 ideo

2143 3176 2579 3245 coniunctionem
2623 3193 2636 3228 :
2676 3174 2788 3243 Ego
2827 3184 2874 3227 et
2922 3172 3084 3225 Pater
3120 3190 3282 3225 unum
3312 3190 3499 3227 sumus
3525 3174 3601 3226 ".
3628 3172 3736 3227 Non

2145 3280 2324 3324 tamen
2372 3283 2475 3322 non
2521 3282 2732 3321 sumus.
2785 3266 3067 3321 Contraria
3113 3267 3259 3319 enim
3319 3266 3738 3334 importunitate

2144 3359 2301 3427 plena
2330 3369 2474 3412 sunt.
2528 3357 2695 3411 Filius
2743 3357 2893 3421 dicit,
2950 3356 3090 3426 Ego;
3126 3358 3214 3411 ille
3244 3356 3394 3420 dicit,
3442 3356 3567 3411 Non
3610 3371 3732 3423 ego:

2144 3450 2313 3505 Filius
2348 3450 2498 3513 dicit,
2528 3458 2582 3502 et
2630 3448 2821 3512 Pater;
2871 3448 2961 3502 ille
2986 3450 3135 3512 dicit,
3178 3462 3282 3501 non
3312 3447 3498 3502 Pater.
3536 3449 3730 3510 Unum,

2147 3542 2340 3611 inquit,
2373 3557 2590 3605 sumus;
2628 3551 2681 3594 et
2708 3541 2796 3595 ille
2831 3550 3042 3603 contra,
3072 3556 3177 3595 non
3213 3556 3421 3595 sumus.
3472 3544 3585 3595 Aut
3614 3542 3732 3612 quid

2146 3634 2406 3702 scriptum
2436 3632 2564 3687 est?
2590 3641 2684 3686 aut
2715 3632 2843 3700 quid
2874 3632 3156 3687 delemus?
3182 3644 3275 3687 aut
3298 3633 3429 3701 quid
3462 3634 3734 3705 legimus?

2145 3735 2237 3779 aut
2267 3726 2397 3795 quid
2425 3725 2801 3795 agnoscimus?
2830 3724 2939 3794 Ego
2974 3725 3027 3778 in
3058 3724 3220 3780 Patre
3265 3737 3318 3780 et
3338 3725 3506 3781 Pater
3545 3729 3601 3779 in
3632 3742 3729 3780 me.

2146 3818 2263 3873 Non
2296 3828 2474 3872 tamen
2502 3818 2626 3887 quia
2661 3832 2833 3886 neque
2861 3833 2983 3887 ego,
3022 3833 3197 3887 neque
3222 3817 3383 3872 Pater
3416 3839 3427 3872 :
3470 3819 3731 3887 quemad-

2147 3910 2364 3964 modum
2407 3920 2589 3964 autem
2636 3908 2797 3964 Pater
2834 3910 2887 3963 in
2939 3908 3099 3971 Filio,
3150 3920 3203 3963 et
3232 3909 3404 3963 Filius
3462 3911 3518 3963 in
3554 3909 3727 3973 Patre,

2146 4001 2381 4055 maxime
2402 4002 2621 4070 quidem
2643 4015 2742 4054 cur
2764 4002 2930 4054 audes
2958 4000 3239 4068 quaerere?
3266 4001 3311 4054 is
3326 4001 3475 4053 enim
3505 4002 3602 4070 qui
3628 4001 3727 4069 (97)

2146 4102 2229 4147 est
2255 4096 2309 4146 in
2339 4106 2403 4147 eo
2434 4093 2524 4161 qui
2573 4101 2675 4155 est,
2730 4106 2833 4145 non
2870 4092 2994 4159 quia
3024 4106 3128 4144 non
3171 4093 3598 4163 θενάνυπάρχει
3629 4112 3642 4147 :
3672 4111 3728 4147 an

2146 4185 2271 4253 quia
2303 4200 2405 4238 non
2431 4194 2509 4238 est
2544 4183 2704 4238 Pater
2734 4196 2791 4237 ut
2823 4185 2893 4238 sit
2936 4186 2988 4237 in
3022 4184 3159 4238 Filio
3180 4184 3530 4255 ἀνυπάρχειῗ
3560 4203 3729 4256 neque

2146 4294 2252 4333 non
2282 4287 2365 4333 est
2394 4278 2559 4332 Filius
2591 4277 2681 4346 qui
2715 4286 2795 4331 est
2830 4279 2879 4329 in
2915 4277 3079 4332 Patre
3108 4277 3403 4347 signiﬁcat.
3449 4280 3727 4347 Siquidem

2147 4379 2203 4424 et
2238 4368 2463 4438 apostoli
2497 4368 2781 4421 duodecim
2813 4383 2977 4420 unum
3008 4377 3156 4430 sunt,
3188 4377 3244 4421 et
3273 4370 3649 4437 septuaginta,
3682 4378 3727 4422 et

2145 4461 2447 4532 quingenti,
2494 4470 2547 4514 et
2601 4469 2709 4513 tota
2749 4459 2985 4514 Ecclesia
3032 4474 3218 4512 unum.
3258 4458 3323 4512 Et
3353 4474 3422 4511 ne
3455 4470 3621 4527 putes
3653 4474 3727 4513 me

2144 4556 2208 4609 ad
2248 4554 2481 4607 humana
2510 4553 2779 4607 deducere
2807 4553 2989 4606 divina
3030 4568 3045 4605 :
3080 4551 3173 4605 sed
3204 4552 3407 4604 utimur
3445 4566 3727 4621 compara-

2144 4646 2385 4701 tionibus
2420 4661 2543 4699 cum
2594 4645 2926 4715 indulgentia
2970 4645 3110 4713 apud
3158 4642 3377 4709 fratres,
3422 4654 3480 4698 et
3516 4653 3727 4699 maneat

2145 4741 2287 4794 Deus
2330 4749 2389 4793 ut
2434 4749 2534 4791 est.
2572 4738 2779 4792 Tamen
2816 4739 2859 4792 si
2914 4736 3215 4791 dixerimus
3268 4737 3723 4802 quemadmodum

2137 4830 2313 4884 omnis
2348 4829 2588 4883 Ecclesia
2622 4844 2742 4897 quas
2791 4831 2992 4897 ubique
3038 4842 3144 4895 est,
3175 4845 3340 4883 unum
3374 4846 3579 4898 corpus
3613 4840 3718 4891 est;

2138 4922 2315 4976 nullus
2354 4921 2720 4989 reprehendat
2753 4938 2768 4975 :
2819 4923 2945 4988 quia
2992 4936 3097 4974 non
3136 4923 3400 4974 mentitur
3463 4925 3606 4976 Deus
3637 4923 3717 4992 qui

2138 5014 2273 5067 dixit
2304 5032 2316 5067 :
2352 5012 2463 5081 Ego
2495 5014 2551 5066 in
2584 5016 2730 5081 ipsis,
2761 5024 2807 5066 et
2830 5025 2888 5066 tu
2911 5016 2965 5066 in
2987 5031 3067 5067 me
3088 5015 3154 5067 9'.
3189 5013 3303 5067 Non
3336 5017 3464 5083 quia
3492 5018 3718 5085 abnega-

2138 5110 2340 5161 tionem
2376 5106 2553 5161 Patris
2602 5108 2886 5177 irreligiosi
2943 5122 3219 5162 sermones
3274 5109 3501 5172 docent,
3558 5122 3717 5177 neque

2137 5201 2281 5268 quod
2314 5217 2421 5254 Itun
2454 5202 2525 5254 sit
2577 5202 2621 5255 is
2646 5203 2736 5269 qui
2768 5203 2974 5272 genuit,
3031 5217 3207 5270 neque
3247 5202 3589 5269 spretionem
3613 5202 3716 5269 ejus

1114 5309 1159 5339 “
1188 5307 1344 5365 Joan.
1377 5325 1430 5376 x,
1463 5310 1552 5365 '50.
1628 5311 1675 5342 "
1701 5309 1857 5365 Joau.
1886 5327 2024 5377 xvn,
2057 5311 2146 5366 2'5.

2136 5484 2240 5541 non
2288 5469 2546 5524 subsistit.
2579 5470 2663 5541 Au
2695 5471 2809 5524 ideo
2849 5467 3009 5523 Pater
3043 5470 3369 5541 ἀνυπάρχει,
3418 5488 3524 5524 non
3558 5471 3706 5522 subsi-

2137 5539 2248 5604 stit,
2268 5541 2393 5608 quia
2420 5554 2497 5594 est
2536 5542 2591 5594 in
2616 5539 2804 5597 Filio?
2835 5543 3014 5609 Igitur
3068 5539 3242 5609 neque
3270 5539 3445 5593 Filius
3482 5541 3705 5610 ἀνυπάρ-

2137 5626 2243 5679 χει,
2268 5626 2371 5662 non
2395 5612 2646 5673 subsistit,
2672 5612 2798 5679 quia
2822 5623 2896 5664 est
2926 5613 2980 5663 in
3013 5610 3188 5679 Patre.
3224 5611 3467 5678 Respicit
3502 5616 3567 5665 ad
3593 5610 3701 5664 illud

2135 5680 2489 5805 gitl)all’|‘;‘:;.i8,
2518 5693 2571 5737 et
2605 5678 2716 5751 m,
2745 5681 2834 5749 10,
2868 5683 2927 5737 il
2957 5698 2969 5735 :
3001 5678 3166 5737 Pater
3198 5681 3253 5734 in
3288 5698 3370 5736 me
3406 5694 3505 5748 est,
3540 5698 3586 5742 ει
3622 5701 3699 5755 ego
