3810 6218
130 309 295 380 loss

998 310 1092 372 ns
1130 315 1288 374 nos
1325 302 1697 373 ADVERSUS
1729 300 2145 372 SABELLtust.
2187 345 2251 353 —
2291 310 2425 371 LtB.
2458 314 2522 371 ιι.

3280 314 3417 375 1066

129 438 241 509 qui
284 444 369 493 est
396 432 631 506 genitus.
666 430 772 487 Sed
802 432 849 489 si
881 446 987 489 non
1020 443 1104 488 est
1132 433 1325 492 Filius.
1367 444 1419 489 et
1464 433 1736 504 quomodo
1766 436 1814 493 Α
1844 440 2065 500 propter
2100 439 2372 484 naturam.
2430 429 2510 485 Ex
2554 428 2775 502 Virgine
2816 431 2867 485 in
2924 431 3233 488 novissimis
3275 442 3416 488 tem-

126 541 283 587 sunt
316 543 378 583 ea
405 541 526 597 qua:
554 541 650 596 per
687 525 883 579 Filium
905 524 1044 580 facta
1078 526 1248 580 sunt?
1274 525 1388 579 Non
1417 538 1500 581 est
1529 526 1735 580 Filius:

130 627 196 672 et
228 633 352 686 qua-
380 626 461 668 est
489 614 650 681 spes?
680 613 793 671 Non
821 624 905 668 est
954 616 1045 683 qui
1070 616 1281 683 judirat
1314 633 1331 671 :
1366 625 1421 669 et
1476 616 1741 685 quemad-

132 711 369 765 modum
398 708 703 781 judicium?
729 708 845 762 Non
867 719 950 762 est
972 708 1061 777 qui
1092 717 1320 762 coronat
1348 728 1360 762 :
1391 721 1445 763 et
1471 709 1741 777 quomodo

134 800 407 857 labores?
435 801 528 857 Est
577 817 716 855 unus
746 817 905 870 quem
949 801 1126 854 nullus
1164 803 1372 870 genuit,
1405 812 1459 855 et
1490 802 1741 869 unigeni-

130 902 236 947 tus
273 910 431 961 quem
463 909 599 948 unus
629 895 834 963 genuit.
866 892 1068 948 Gennit
1101 909 1233 948 sane
1283 895 1692 963 impassibiliter
1722 909 1737 947 :

132 1001 262 1041 non
294 998 351 1040 ut
388 1002 512 1054 nos,
562 989 653 1042 sed
697 996 756 1041 ut
799 987 885 1040 ille
920 1005 934 1041 :
985 1003 1089 1041 non
1123 996 1180 1041 ut
1213 987 1405 1055 planta:
1451 1004 1571 1057 quas
1600 988 1739 1059 apud

133 1094 250 1134 nos
277 1088 425 1143 sunt,
451 1096 555 1133 non
592 1090 650 1133 ιιι
679 1080 872 1143 fontes,
901 1096 1004 1133 non
1045 1090 1102 1133 ιιι
1127 1080 1203 1134 sol
1239 1098 1252 1134 :
1293 1080 1426 1135 nihil
1457 1082 1600 1135 enim
1639 1083 1738 1136 ho-

136 1188 274 1227 rum
315 1188 434 1243 qua:
472 1173 561 1226 hic
586 1180 733 1237 sunt,
772 1172 1126 1240 interpretari
1159 1172 1302 1225 illam
1333 1175 1738 1243 generationem

137 1273 399 1334 passunt.
431 1261 654 1318 Omnem
691 1265 837 1319 enim
870 1264 1135 1317 turbelatn
1175 1264 1427 1319 humanae
1454 1280 1737 1334 compara-

137 1358 329 1412 tiones
347 1358 569 1421 laciuut,
588 1372 707 1411 cum
730 1357 1019 1425 accipimus
1038 1372 1140 1410 non
1167 1356 1359 1410 similia
1382 1358 1447 1411 ad
1469 1359 1736 1427 interpre-

138 1451 411 1503 tationem
441 1464 625 1503 eorum
656 1463 774 1517 qua:
803 1448 1144 1516 interpretari
1180 1463 1287 1501 non
1334 1458 1579 1517 possunt.
1616 1448 1740 1504 ideo

137 1539 308 1607 lites,
342 1542 462 1595 ideo
504 1556 694 1609 pugnae
737 1552 1053 1594 nascuntur.
1097 1540 1153 1594 Si
1202 1550 1379 1595 autem
1413 1542 1740 1598 mouerimus

137 1647 209 1686 ea
248 1649 369 1701 ιιιιξε
401 1648 562 1701 supra
592 1646 777 1687 vocem
820 1642 966 1697 sunt,
998 1644 1053 1688 et
1094 1634 1391 1688 dixerimus
1441 1636 1735 1703 possibilia,

138 1724 388 1777 cessabit
420 1723 635 1777 bellum.
675 1722 813 1791 Quid
867 1739 997 1792 ergo
1030 1725 1274 1780 dicemus
1311 1726 1334 1779 ?
1376 1725 1444 1780 In
1478 1729 1737 1797 principio

137 1827 262 1867 erat
299 1814 544 1871 Verbum.
576 1815 710 1883 Quis
741 1817 917 1872 adhuc
946 1819 1144 1886 poterit
1174 1820 1423 1890 jurgari?
1454 1820 1587 1875 Nam
1612 1834 1665 1875 et
1691 1825 1735 1877 si

133 1906 425 1975 jurgalur,
454 1924 558 1965 non
612 1909 705 1963 tibi
736 1911 832 1964 sed
856 1908 1075 1979 Joanni,
1126 1921 1179 1965 et
1212 1914 1415 1982 pectori
1464 1915 1677 1969 Domini
1708 1931 1737 1969 a

140 2014 259 2067 quo
291 2000 470 2055 hausit
491 1999 748 2058 Joannes.
792 2002 930 2069 Quid
956 2004 1217 2073 relinquis
1240 2021 1302 2060 ea
1335 2022 1454 2076 qua:
1480 2017 1602 2062 sunt
1624 2009 1741 2064 sine

142 2094 415 2161 periculo,
450 2104 504 2149 et
553 2094 604 2149 in
634 2093 892 2149 ﬂuctibus
930 2107 1328 2167 tempestatum
1384 2100 1740 2168 periclitaris?

144 2184 275 2253 Noli
304 2188 482 2242 dicere
515 2197 625 2253 tua,
661 2198 715 2245 et
744 2188 924 2243 nullus
958 2198 1009 2243 te
1034 2191 1235 2259 arguit.
1265 2191 1439 2246 Dicito
1468 2208 1586 2261 quae
1615 2196 1741 2248 scri-

146 2288 245 2348 pta
279 2290 426 2344 sunt,
461 2291 515 2334 et
554 2281 733 2336 nullus
775 2292 825 2336 te
869 2284 1217 2351 reprehendit
1252 2304 1265 2339 :
1300 2287 1517 2339 etiamsi
1561 2302 1742 2357 repre-

144 2373 427 2439 henderit,
466 2376 817 2442 semetipsum
878 2377 1077 2445 potius,
1113 2387 1169 2433 et
1215 2393 1320 2433 non
1361 2388 1433 2433 te.
1466 2379 1567 2445 Qui
1595 2380 1739 2435 enim

141 2464 340 2520 divina
379 2468 746 2535 reprehendit,
774 2469 957 2523 divina
1004 2471 1221 2539 quidem
1258 2488 1361 2526 non
1395 2472 1627 2539 delebit;
1658 2490 1742 2529 se-

145 2559 445 2626 metipsum
477 2560 710 2615 alienum
760 2579 789 2615 ιι
826 2562 1023 2617 divinis
1060 2565 1379 2618 constituet.
1436 2565 1633 2629 Dicito,
1673 2566 1741 2621 In

143 2652 414 2720 principio
469 2663 579 2706 erat
625 2652 867 2721 Verbum,
926 2664 982 2710 et
1046 2656 1425 2727 relinQuuntur
1476 2668 1737 2726 tempora.

155 2744 363 2807 Dicito,
394 2743 461 2798 In
498 2746 756 2815 principio
777 2757 913 2811 erat,
937 2758 992 2802 et
1024 2749 1281 2803 deficiunt
1308 2750 1520 2805 sarcula.
1546 2751 1738 2815 Dicito,

148 2833 223 2887 In
263 2836 524 2901 principio
560 2850 697 2902 erat,
733 2848 788 2892 et
831 2839 962 2892 nihil
993 2856 1115 2894 cum
1163 2841 1280 2909 ipso
1324 2850 1443 2896 erat
1484 2840 1737 2897 Verbum.

150 2925 296 2991 Quia
337 2941 467 2993 ergo
512 2936 627 2980 erat
657 2927 863 2982 dictum
921 2937 1025 2994 est,
1079 2946 1145 2985 ne
1194 2940 1349 2999 putes
1380 2946 1568 2987 vocem
1601 2947 1742 2985 :vox

149 3020 326 3085 enim,
373 3032 484 3074 erat
520 3038 623 3077 non
653 3023 910 3092 suscipiet
958 3042 972 3077 :
1011 3025 1054 3079 si
1091 3025 1311 3094 quidem
1351 3041 1471 3080 cum
1524 3026 1740 3087 dicitur,

1841 524 2082 593 poribus,
2137 537 2205 576 ex
2255 522 2365 576 Deo
2413 532 2539 576 ante
2592 522 2808 577 saecula.
2864 524 2939 577 Ex
2989 520 3230 595 Virgine,
3293 540 3415 579 cum

1842 614 2189 680 hominibus;
2243 628 2309 668 ex
2350 613 2459 668 Deo
2498 622 2677 668 autem
2727 625 2851 668 ante
2889 630 3098 669 omnes.
3156 614 3279 675 Istic
3325 630 3417 670 er-

1840 720 1909 775 go
1939 715 1993 760 et
2028 706 2480 775 dispensationem
2520 707 2805 772 conﬁtere,
2850 716 2906 761 et
2944 716 3193 761 naturam
3237 709 3419 763 delere

1842 798 1969 863 noli,
2010 814 2106 855 nec
2148 800 2460 867 exstinguas
2503 801 2595 854 tibi
2651 799 2827 854 lumen
2864 800 2960 870 (l).
3014 798 3069 855 Si
3116 801 3330 868 quidem
3362 808 3418 855 et

1842 890 1931 958 qui
1962 890 2148 946 oculos
2176 891 2431 946 claudunt
2462 908 2614 958 suos,
2654 907 2756 945 non
2806 892 2983 947 lumen
3038 893 3413 960 exstinguunt,

1841 986 1934 1039 sed
1959 984 2056 1054 ipsi
2087 984 2287 1039 lumine
2312 1002 2415 1039 non
2452 986 2721 1039 fruuntur.
2757 984 2887 1038 Nam
2917 994 2970 1039 et
3000 984 3043 1039 si
3068 985 3189 1054 quis
3231 984 3415 1039 lumen

1843 1092 2029 1130 verum
2062 1092 2166 1132 non
2210 1078 2371 1132 fuerit
2419 1077 2724 1141 confessus,
2771 1093 2875 1131 non
2925 1077 3053 1132 illud
3101 1078 3263 1142 delet,
3320 1078 3417 1132 sed

1843 1170 1956 1237 ipse
1990 1180 2167 1223 manet
2191 1170 2244 1224 in
2274 1172 2530 1226 tenebris.
2580 1173 2651 1226 Ita
2701 1173 2841 1225 enim
2886 1172 3000 1241 ipse
3033 1171 3198 1226 Filius
3231 1172 3362 1226 dicit
3397 1191 3413 1229 :

1844 1260 1946 1325 Qui
1978 1279 2081 1316 non
2137 1263 2418 1317 crediderit
2458 1265 2511 1317 in
2551 1261 2772 1326 Filium,
2811 1282 2913 1316 mm
2958 1264 3172 1327 videbit,
3204 1265 3294 1317 sed
3334 1264 3418 1318 ira

1841 1354 1940 1408 Dei
1963 1365 2135 1408 manet
2171 1371 2327 1423 super
2349 1357 2514 1417 ipsum
2544 1355 2611 1410 ’⁸.
2639 1358 2766 1422 Quae
2806 1356 2920 1409 ira?
2959 1356 3048 1411 illa
3080 1358 3265 1428 utique
3299 1372 3418 1428 qua

1844 1446 1910 1499 ab
1937 1445 2111 1501 initio.
2150 1446 2249 1513 Qui
2282 1448 2426 1502 enim
2475 1464 2582 1503 non
2631 1450 2918 1503 conﬁtetur
2960 1464 3081 1503 eum
3129 1466 3223 1520 per
3257 1466 3416 1521 quem

1841 1547 2130 1593 revocatur
2167 1540 2457 1605 sententia,
2487 1542 2598 1609 ipse
2635 1542 2919 1595 adversum
2948 1557 3006 1596 se
3039 1542 3211 1612 ipsum
3264 1558 3419 1599 revo-

1841 1637 1929 1683 cat
1966 1630 2310 1687 sententiam.
2342 1630 2561 1700 Negotia
2601 1634 2746 1686 enim
2778 1644 3029 1702 separata
3075 1634 3276 1689 habent
3317 1650 3418 1688 na-

1842 1728 2018 1775 turam
2054 1737 2069 1775 :
2100 1722 2267 1776 nostri
2307 1734 2485 1777 autem
2509 1724 2771 1791 cogitatus
2805 1724 3077 1793 accipiunt
3113 1725 3417 1791 fructum,a

1842 1813 2073 1869 veritate
2094 1814 2311 1884 quidem
2342 1816 2526 1877 vitam,
2560 1830 2589 1869 a
2615 1816 2896 1871 mendacio
2930 1826 3109 1870 autem
3140 1832 3333 1872 noxam
3361 1825 3419 1872 et

1841 1905 2216 1975 perditionem.
2251 1906 2307 1959 Si
2340 1907 2460 1975 quis
2492 1906 2637 1961 enim
2681 1907 3013 1975 percusserit
3053 1917 3214 1977 caput
3258 1923 3417 1963 suum

1841 1998 1907 2051 ad
1947 2006 2174 2066 petram,
2203 2008 2355 2068 petra
2387 1999 2603 2067 quidem
2644 1998 2757 2068 ipsa
2790 2008 2992 2065 manet,
3037 2009 3201 2069 caput
3233 2010 3415 2055 autem

1841 2087 1911 2141 ab
1942 2088 2248 2158 insipientia
2291 2088 2488 2157 accipit
2518 2087 2751 2158 plagam,
2793 2085 2932 2144 forte
2961 2097 3139 2143 autem
3174 2098 3229 2143 et
3272 2090 3418 2157 peri-

1847 2181 2047 2235 culum.
2094 2182 2233 2235 Dicit
2292 2196 2423 2236 sane
2476 2189 2531 2235 et
2587 2170 2875 2248 Apostolus
2929 2196 2943 2233 :
2994 2176 3417 2234 Fundamentum

1840 2273 1988 2327 aliud
2009 2290 2155 2327 nemo
2180 2282 2348 2344 potest
2368 2290 2560 2342 ponere
2605 2284 2795 2343 prtcter
2821 2290 2937 2326 eum
2976 2273 3066 2342 qui
3100 2282 3171 2325 est
3214 2274 3418 2343 positus

1842 2362 2081 2419 Christus
2130 2364 2284 2419 Jesus
2327 2367 2409 2433 ’9;
2474 2376 2529 2420 et
2577 2366 2767 2419 iterum
2818 2385 2831 2421 :
2883 2362 3043 2419 Petra
3098 2378 3274 2419 autem
3306 2374 3419 2421 erat

1841 2454 2078 2509 Christus
2106 2458 2146 2508 ί.
2193 2456 2250 2511 Si
2284 2457 2352 2510 ad
2398 2457 2557 2510 istam
2609 2466 2818 2525 petram
2869 2466 3031 2527 caput
3083 2458 3419 2526 percusseris

1842 2556 2011 2609 tuum.
2047 2548 2275 2603 scissum
2303 2558 2387 2603 est
2417 2549 2559 2619 quod
2604 2549 2817 2603 volebas
2847 2568 2861 2604 :
2906 2549 2950 2604 si
2983 2560 3159 2604 autem
3201 2550 3417 2607 confes-

1840 2656 1937 2695 sus
1965 2640 2134 2694 fueris
2168 2641 2371 2704 lumen,
2403 2640 2627 2695 habebis
2671 2643 2813 2709 quod
2846 2643 3147 2699 conﬁteris.
3183 2643 3240 2697 Si
3272 2643 3416 2697 enim

1841 2731 2065 2799 apostoli
2100 2732 2421 2800 quibusdam
2453 2732 2669 2801 quidem
2699 2732 2833 2786 odor
2862 2734 3052 2787 mortis
3084 2733 3150 2787 ad
3183 2740 3413 2786 mortem

1842 2831 1987 2885 sunt,
2015 2821 2340 2890 quihusdam
2376 2833 2554 2876 autem
2600 2823 2735 2875 odor
2778 2824 2899 2877 vita:
2933 2822 3001 2876 ad
3038 2822 3233 2886 vitam;
3269 2822 3313 2876 si
3344 2821 3419 2876 illi

1841 2910 1933 2979 qui
1975 2926 2068 2977 per
2107 2910 2381 2965 Christum
2426 2913 2506 2966 sal
2552 2921 2698 2971 sunt.
2746 2922 2796 2965 et
2850 2914 2939 2982 qui
2995 2928 3090 2983 per
3146 2913 3419 2968 Christum

1844 3002 2126 3055 luminaria
2161 3002 2486 3067 elliciuutur,
2527 3004 2593 3056 ad
2635 3014 2861 3057 mortem
2908 3014 2963 3059 et
3010 3006 3076 3059 ad
3120 3004 3286 3063 vitam
3335 3005 3422 3058 his

155 3120 289 3166 tunc
317 3112 569 3169 ellicitur.
621 3112 807 3183 Neque
850 3116 995 3169 enim
1056 3128 1347 3185 antequam
1384 3118 1593 3171 dicatur
1636 3128 1737 3179 est,
1768 3137 1812 3196 ρ
1844 3095 1933 3164 qni
1972 3094 2398 3196 “CW-dunbelqui
2446 3112 2550 3196 non
2598 3098 2837 3196 credunt.
2875 3097 3188 3196 liabeuhture
3219 3108 3423 3196 quanto

151 3219 337 3273 neque
364 3216 546 3274 postea
604 3220 763 3273 quam
814 3206 977 3261 fuerit
1019 3210 1183 3271 dicta,
1237 3217 1349 3262 erat
1386 3209 1568 3263 habet.
1604 3209 1737 3274 Quia

151 3313 291 3367 ergo
325 3308 459 3365 erat,
509 3315 612 3354 non
645 3314 749 3353 vox
798 3309 902 3364 est,
934 3302 1027 3355 sed
1081 3300 1317 3355 Verbum
1367 3317 1385 3354 :
1422 3301 1580 3368 quale
1610 3300 1740 3354 Ver-

154 3387 328 3442 bum?
378 3388 435 3443 Si
490 3404 598 3444 non
629 3390 765 3444 dixit
804 3386 1063 3457 Joannes,
1091 3406 1397 3459 quaeramus
1440 3390 1525 3445 :si
1563 3401 1741 3444 autem

158 3481 321 3545 dixit,
362 3483 491 3550 quid
530 3483 869 3552 quaeremus?
907 3482 975 3537 Et
1008 3485 1169 3551 Deus,
1210 3485 1406 3553 inquit,
1451 3494 1564 3537 erat
1609 3482 1743 3536 Ver-

157 3575 307 3628 bum.
340 3574 416 3629 Tu
448 3577 583 3631 dicis
604 3592 812 3642 vocent,
842 3576 1081 3631 Joannes
1118 3587 1297 3630 autem
1339 3576 1436 3638 ait,
1465 3586 1575 3629 erat
1617 3574 1742 3628 Ver-

160 3667 309 3721 bum.
352 3668 418 3722 Et
446 3670 489 3722 si
519 3669 605 3723 ille
633 3671 853 3733 dixerit,
886 3668 951 3721 Et
992 3666 1211 3721 Verbum
1247 3678 1356 3721 erat
1383 3669 1523 3735 apud
1558 3667 1742 3732 Deum,

162 3766 224 3812 tu
253 3759 390 3814 dicis
414 3761 465 3812 iu
494 3759 620 3825 Deo,
646 3772 701 3814 et
733 3776 841 3815 nou
864 3760 1004 3828 apud
1033 3759 1222 3812 Deum.
1248 3756 1318 3812 Ut
1350 3760 1492 3811 enim
1517 3759 1608 3820 sit,
1639 3773 1745 3812 non

158 3860 347 3908 tamen
384 3861 441 3905 ut
477 3854 746 3923 cogitatus
796 3854 867 3907 sit
900 3871 914 3907 :
951 3866 1130 3921 neque
1168 3852 1363 3904 iterum
1407 3860 1465 3903 ut
1494 3866 1615 3909 vox.
1651 3849 1747 3903 sed

158 3943 335 3999 Filius
368 3961 384 3998 :
416 3961 518 3998 vox
549 3945 691 3998 enim
740 3945 901 3999 habet
936 3944 1131 3997 fratres
1165 3962 1177 3997 :
1207 3943 1308 3997 ιιιεί
1361 3944 1505 3995 enim
1544 3942 1634 4011 qui
1668 3941 1747 3993 di-

157 4050 360 4091 cuntur
388 4052 667 4091 sermones
694 4038 965 4106 prioribus
992 4036 1173 4089 verbis
1206 4044 1330 4088 sunt
1350 4032 1545 4086 fratres
1579 4051 1592 4086 :
1629 4032 1749 4084 uui-

158 4129 377 4199 genitus
399 4140 576 4182 autem
612 4145 716 4181 non
749 4128 975 4196 suscipit
1010 4127 1224 4179 fratres.
1261 4124 1394 4178 Nam
1429 4135 1483 4178 et
1513 4125 1555 4177 si
1591 4132 1746 4175 vocat

157 4226 377 4283 fratres,
410 4222 864 4289 nuncupationem
905 4222 1089 4274 donat.
1125 4218 1183 4271 Si
1211 4228 1394 4270 autem
1427 4226 1483 4268 et
1514 4217 1745 4269 coita-rc—

158 4314 257 4366 des
283 4327 490 4375 sumus,
523 4328 627 4364 non
670 4321 877 4363 natura:
911 4310 1004 4363 sed
1047 4309 1235 4376 gloriae
1282 4306 1578 4375 accipimus
1607 4303 1742 4376 (98).

157 4407 243 4461 Ad
271 4406 414 4459 illam
441 4405 585 4458 enim
634 4415 882 4456 naturam
917 4418 1090 4471 neque
1132 4399 1422 4470 pervenies
1451 4410 1527 4460 tu,
1573 4411 1747 4465 neque

158 4499 305 4552 ullus
343 4497 635 4567 perveniet.
676 4497 831 4550 Sicut
860 4496 1007 4549 enim
1044 4492 1204 4546 Pater
1241 4493 1460 4556 eminet,

158 4605 377 4644 omnem
409 4600 653 4641 naturam
671 4597 751 4641 est
778 4588 919 4655 quod
944 4596 1021 4639 est
1042 4601 1146 4637 non
1167 4594 1325 4637 natus
1349 4601 1362 4636 :
1396 4583 1468 4636 ita
1496 4593 1547 4635 et
1576 4580 1741 4635 Filius

158 4696 325 4747 supra
358 4694 546 4733 omnes
578 4678 809 4732 habetur
843 4678 894 4730 in
927 4692 991 4730 eo
1023 4676 1168 4744 quod
1198 4684 1277 4728 cst
1306 4674 1586 4742 progenies
1612 4686 1740 4725 vera

162 4773 306 4827 Deus
333 4772 472 4841 apud
507 4771 697 4836 Deum,
732 4770 870 4823 Deus
905 4770 971 4821 ad
1003 4769 1280 4821 dexteram
1316 4766 1427 4825 Dei,
1463 4764 1601 4817 Deus
1630 4762 1741 4817 for-

160 4866 254 4928 tis,
288 4864 425 4917 Deus
455 4878 614 4931 quem
663 4863 815 4914 unxit
846 4860 1011 4914 Deus.
1058 4857 1369 4928 Aguoscitis
1424 4854 1737 4923 prophetica

161 4955 327 5009 verba
362 4954 496 5025 (99).
533 4953 673 5019 Quid
702 4955 778 5005 ait
805 4955 1064 5022 prepheta
1097 4949 1305 5004 David?
1333 4947 1460 5000 Ideo
1498 4947 1643 4999 unxit
1670 4957 1739 5010 te,

159 5048 325 5109 Deus,
353 5047 488 5099 Deus
511 5057 630 5098 tuus
650 5045 717 5098 ⁸⁸.
748 5043 880 5097 Nam
909 5054 963 5097 et
984 5043 1140 5097 fortis
1169 5042 1343 5095 dictus
1382 5051 1466 5094 est
1497 5039 1564 5093 ab
1585 5038 1740 5100 Isaia,

157 5148 215 5193 et
247 5138 385 5191 Deus
415 5138 683 5192 nobiscum
706 5137 774 5201 ⁸⁷,
814 5152 935 5190 ευιιι
958 5151 1027 5188 ex
1052 5134 1293 5203 Virgine.
1330 5131 1444 5185 Non
1463 5146 1591 5197 ergo
1621 5145 1743 5183 cum

158 5244 226 5284 ex
272 5229 493 5299 Virgine
535 5238 664 5283 tunc
712 5227 877 5292 Deus,
924 5227 1018 5281 sed
1079 5225 1361 5280 nobiseum
1417 5233 1562 5276 tunc.
1622 5220 1738 5275 Non

159 5321 397 5391 primum
433 5336 501 5374 ex
542 5318 783 5390 Virgine,
823 5320 915 5373 sed
950 5317 1184 5385 primum
1224 5328 1290 5369 ex
1333 5313 1461 5368 Deo.
1506 5313 1579 5367 Ex
1624 5312 1742 5365 Vir-

160 5413 287 5484 gine
332 5414 475 5467 enim
528 5423 747 5483 propter
786 5409 1267 5480 dispensationem,
1306 5421 1369 5460 ex
1414 5407 1519 5460 Deo
1558 5414 1739 5459 autem

229 5522 278 5555 “
304 5521 449 5577 Ρειιι.
480 5539 622 5589 xuv,
650 5523 703 5578 8.

162 5607 218 5661 ι,
243 5594 329 5657 ιι,
361 5595 447 5651 t5.
636 5610 637 5613 ‘

237 5696 349 5803 (θεὲ
379 5697 474 5751 Ms.
508 5694 631 5749 Non
670 5704 913 5747 naturam
944 5690 1035 5744 sed
1060 5689 1281 5760 gloriam
1309 5687 1618 5741 acciuimus.

238 5768 327 5803 ιοιι
383 5767 456 5803 Me
516 5766 784 5803 Annaei-in
819 5762 1117 5803 nrnnlwlinn
1156 5762 1327 5803 uerba.

238 5762 348 5838 (99)
381 5767 477 5820 Ms.
507 5766 784 5835 Agnoscite
817 5762 1119 5831 prapltetica
1156 5762 1327 5815 verba.

328 5870 333 5875 '
407 5861 679 5920 Ρηιιοι.
713 5855 829 5918 Gn.
855 5854 1092 5917 XXlV.

805 5523 850 5555 "
872 5523 1051 5591 lsa.v,
1083 5522 1155 5588 6;
1189 5536 1282 5581 vu,
1318 5519 1403 5573 l4.

1495 5518 1564 5587 _”
1596 5516 1750 5572 Joau.
1790 5530 1880 5580 nt,
1904 5514 1994 5569 36.

1848 3187 2015 3255 magis
2053 3188 2095 3241 is
2137 3188 2227 3255 qui
2270 3188 2491 3241 donavit
2539 3189 2653 3243 lucc
2696 3189 3005 3244 hominibus
3039 3189 3327 3245 Christus?
3365 3189 3423 3244 Si

1842 3278 1980 3347 quis,
2028 3278 2222 3348 inquit,
2278 3295 2364 3332 vos
2404 3295 2506 3332 non
2554 3280 2859 3349 susceperit,
2921 3292 3161 3335 exeuntes
3201 3282 3425 3335 excutite

1845 3373 2106 3435 pulverem
2147 3378 2210 3424 de
2250 3372 2466 3440 pedibus
2496 3373 2678 3425 vestris
2720 3388 2739 3426 :
2781 3372 3107 3427 tolerabilius
3146 3373 3282 3427 enim
3320 3374 3424 3427 erit

1846 3471 2001 3515 terra:
2047 3463 2402 3517 Sodomorum
2436 3466 2489 3517 in
2533 3465 2615 3517 die
2647 3464 2858 3533 iudicii,
2901 3482 3059 3536 quant
3097 3467 3293 3519 civitati
3342 3466 3425 3521 illi

1843 3570 1959 3622 qua:
1976 3570 2060 3606 vos
2090 3570 2191 3606 non
2218 3555 2435 3623 suscipit
2465 3554 2553 3623 qui
2580 3570 2612 3607 a
2641 3571 2722 3607 me
2753 3556 2900 3608 missi
2929 3557 3053 3610 estis
3083 3557 3121 3609 ‘.
3152 3558 3207 3611 Si
3243 3568 3423 3614 autem

1847 3647 1970 3714 quis
1994 3645 2165 3714 ipsum
2200 3661 2304 3698 non
2332 3647 2632 3713 susceperit
2656 3648 2930 3700 Christum
2968 3666 2980 3700 :
3021 3651 3148 3715 quid
3186 3650 3231 3702 si
3256 3652 3421 3705 etiam

1850 3753 1954 3790 non
1982 3736 2154 3791 solum
2186 3752 2290 3789 nou
2323 3738 2647 3805 susceperit,
2673 3740 2767 3794 sed
2808 3740 3121 3794 interimere
3157 3742 3428 3797 voluerit?

1847 3828 1890 3882 si
1913 3843 2077 3882 ausus
2107 3830 2227 3896 quis
2267 3828 2427 3880 fuerit
2450 3829 2651 3886 dicere.
2681 3830 2803 3897 quia
2841 3830 2957 3883 sine
2983 3829 3117 3885 Filio
3148 3843 3233 3885 est
3256 3831 3419 3897 Deus,

1846 3928 1939 3972 aut
1968 3920 2090 3987 quia
2146 3920 2263 3972 sine
2308 3918 2469 3973 Patre
2516 3930 2601 3971 est
2651 3918 2860 3973 Filius?
2914 3919 3037 3974 llaec
3086 3921 3231 3975 enim
3278 3937 3425 3978 nunc

1847 4009 2064 4077 quidam
2112 4008 2515 4062 calumniantur
2556 4012 2823 4073 (licentes,
2872 4011 2999 4080 quia
3032 4012 3146 4080 ipse
3188 4014 3291 4068 sibi
3341 4023 3426 4070 est

1848 4099 2029 4161 Pater,
2066 4098 2179 4167 ipse
2206 4108 2292 4152 est
2319 4109 2371 4151 ct
2398 4098 2586 4162 Filius,
2617 4110 2673 4153 et
2693 4115 2799 4154 non
2842 4111 2925 4153 est
2966 4099 3156 4158 Filius.
3194 4102 3250 4158 Si
3280 4104 3423 4158 enim

1845 4190 2010 4245 Pater
2034 4192 2142 4262 ipse
2167 4191 2269 4244 sibi
2307 4202 2390 4245 est
2419 4202 2603 4261 pater,
2650 4209 2753 4245 non
2786 4204 2872 4246 est
2918 4192 3099 4259 Pater,
3146 4198 3272 4265 quia
3311 4198 3429 4265 ipse

1846 4283 1947 4337 sibi
1998 4294 2053 4335 et
2106 4284 2245 4335 ﬁlius
2306 4293 2405 4343 est,
2456 4294 2512 4337 ιιι
2551 4286 2719 4337 aiunt.
2766 4284 3022 4339 Ludimus
3070 4285 3125 4339 itt
3173 4287 3416 4344 divinis:

1848 4370 2239 4424 irrationabilia
2265 4372 2409 4423 enim
2448 4372 2550 4425 ista
2583 4386 2648 4424 ne
2678 4372 2893 4440 quidem
2920 4372 3071 4441 parvi
3104 4374 3425 4442 suscipiunt.

1491 4501 1545 4544 et
1582 4461 1742 4559 sui)”
1779 4490 1820 4544 Β
1854 4461 1929 4516 De
1958 4462 2042 4515 his
2086 4477 2217 4517 sane
2254 4465 2597 4518 sermonibus
2634 4479 2795 4516 unum
2840 4462 3215 4519 brevissimum
3248 4465 3427 4518 infan-

1856 4563 1960 4606 tcm
2003 4554 2294 4624 interroga,
2325 4556 2413 4624 qui
2451 4557 2622 4625 prima
2660 4564 2846 4623 utpote
2896 4571 3026 4610 voce
3064 4555 3428 4625 qualitercun-

1850 4662 1955 4714 que
1981 4647 2210 4713 casperit
2252 4647 2419 4718 loqui,
2455 4660 2509 4703 et
2537 4652 2698 4705 dicito
2719 4652 2803 4705 ei;
2834 4650 2993 4705 Pater
3022 4659 3144 4704 tttus
3183 4650 3271 4703 ubi
3310 4653 3430 4705 est?

1848 4740 1957 4790 Aut
1990 4738 2129 4792 sicut
2158 4752 2561 4794 consueverunt
2608 4741 2851 4796 infantes
2891 4752 3099 4812 patrem
3147 4740 3424 4810 appellare

1850 4836 1895 4888 si
1938 4835 2289 4903 semetipsum
2338 4837 2668 4899 ostenderit,
2729 4840 2909 4906 arguit
2962 4852 3049 4891 me
3102 4838 3282 4892 iulans
3325 4859 3339 4895 :
3384 4840 3428 4893 si

1850 4937 2029 4981 autem
2067 4929 2326 4997 parvulus
2356 4929 2538 4982 statim
2577 4937 2636 4981 ut
2666 4927 2832 4983 fuerit
2868 4929 3231 5001 interrogatus
3266 4933 3428 4988 intel-
3488 4996 3501 5011 .

1852 5020 2047 5075 texerit
2082 5024 2209 5091 quid
2241 5023 2440 5090 quaeris
2484 5022 2551 5076 ab
2583 5035 2668 5085 eo,
2705 5036 2828 5075 eum
2877 5022 2967 5090 qui
3016 5038 3076 5077 se
3115 5025 3301 5093 genuit
3334 5039 3425 5078 οε·
3496 5038 3512 5069 ι

1858 5120 2076 5174 tendit:
2113 5118 2235 5172 vide
2278 5114 2408 5186 quid
2456 5114 2633 5169 audis.
2689 5114 2823 5169 Cum
2877 5126 3058 5169 autem
3109 5116 3428 5171 benedictus
3509 5106 3516 5115 ’

1848 5214 2041 5277 Filius,
2076 5220 2265 5266 tenens
2294 5222 2513 5278 panem,
2555 5207 2699 5261 levat
2726 5222 2918 5261 manus
2943 5223 3069 5263 suas
3097 5224 3335 5272 sursum,
3370 5218 3426 5264 ut

1850 5318 1996 5363 tuam
2034 5317 2268 5373 mentem
2299 5304 2364 5357 ad
2394 5318 2515 5358 eum
2552 5305 2641 5370 qui
2675 5316 2733 5357 se
2764 5304 2947 5372 genuit
2980 5302 3227 5365 estollat,
3265 5317 3425 5358 nosce

1847 5402 2085 5463 Patrem,
2120 5409 2174 5453 et
2200 5412 2349 5452 cessa
2394 5411 2593 5465 negare
2627 5394 2845 5449 Filium.
2881 5395 2937 5449 Si
2981 5395 3146 5466 igitur
3176 5394 3432 5466 Unigeni-

2102 5513 2148 5545 ”
2176 5511 2193 5565 l
2219 5510 2346 5566 Cor.
2390 5526 2470 5575 Ill,
2495 5512 2554 5566 ll
2689 5512 2706 5543 ί
2737 5513 2758 5565 l
2784 5509 2908 5565 Cor.
2955 5524 3011 5575 ι,
3036 5512 3092 5562 ι.
3192 5510 3214 5545 ³
3238 5508 3430 5568 Matth.

1918 5680 1997 5751 (l)
2033 5677 2130 5735 Ms.
2157 5675 2241 5732 Ne
2258 5677 2566 5749 exstinguas
2597 5676 2690 5731 tibi
2714 5675 2909 5731 lumen.

2988 5832 3067 5894 ει
