3822 6218
421 299 572 357 106’s

1112 294 1393 349 ιςυδΕΒιι
1431 292 1912 349 υωδΑιηιςΝδιε
1950 292 2004 345 Ul

2142 288 2323 345 PARS
2361 290 2448 347 IV.
2483 322 2553 334 -—
2589 289 3016 348 DOGM'ATICA.

3558 287 3687 347 11168

432 424 525 473 tus
545 413 679 471 dicit
713 432 728 469 :
766 411 954 478 Pater,
971 410 1177 483 gratias
1215 430 1315 485 ago
1356 413 1479 479 tibi,
1521 413 1650 485 quia
1696 428 1898 483 semper
1940 428 2019 466 me
2046 414 2095 472 A
2120 412 2300 468 omnis
2323 412 2513 468 beatus
2536 412 2707 479 audit,
2732 411 2858 475 inde
2887 420 2944 466 et
2974 425 3074 467 nos
3104 408 3345 467 universi
3388 408 3684 466 audiemus.

431 506 697 563 exaudiui
725 520 745 558 :
772 504 864 559 sed
890 514 1098 575 propter
1117 505 1540 560 circumstantem
1574 505 1825 576 populum
1850 504 2011 559 istum

431 599 573 663 dico,
603 605 662 652 ut
690 595 908 652 credant
938 596 1065 665 quia
1093 605 1149 649 tu
1188 612 1271 650 me
1301 596 1492 651 misisti
1518 595 1559 650 ³.
1603 596 1710 652 Ista
1740 595 2009 665 interpre-

435 691 639 745 tatione
683 703 790 743 non
832 686 1118 759 indigent:
1145 696 1203 743 et
1231 686 1483 743 sedemus
1510 694 1570 743 ut
1623 686 1912 752 insensati,
1956 693 2014 740 et

421 779 694 837 ludimus.
748 779 885 837 Num
952 779 1305 851 semetipsum
1371 778 1561 851 genuit
1622 777 1824 834 Pater?
1880 791 2012 832 num

433 871 787 942 semetipsum
834 872 1030 928 misit?
1062 886 1191 927 num
1217 872 1566 942 semetipsum
1598 877 1740 936 orat,
1782 878 1839 925 et
1882 869 2013 924 sibi-

431 964 647 1035 metipsi
672 963 877 1036 gratias
910 964 1040 1036 agit,
1080 972 1137 1019 et
1196 963 1313 1034 ipse
1352 962 1457 1020 sibi
1508 972 1594 1020 est
1633 961 1827 1029 Filius,
1883 960 2005 1033 ipse

432 1055 537 1112 sibi
574 1064 657 1111 est
688 1055 952 1125 pontifex,
985 1056 1101 1127 ipse
1156 1055 1259 1111 sibi
1288 1065 1371 1111 est
1401 1069 1595 1127 agnus,
1632 1053 1749 1126 ipse
1783 1052 1888 1110 sibi
1915 1060 2006 1109 est

433 1146 547 1210 via,
571 1146 687 1216 ipse
718 1147 821 1203 sibi
888 1157 974 1204 est
1014 1146 1218 1220 ianua?
1264 1147 1332 1203 Et
1374 1147 1494 1217 quis
1529 1148 1665 1214 hate,
1699 1145 1913 1203 etiamsi
1941 1146 2014 1202 sit

425 1238 938 1308 ‘insipientissimus,
988 1240 1265 1312 patietur?
1314 1240 1450 1295 Num
1500 1253 1610 1295 una
1664 1253 1769 1294 vox
1828 1247 1912 1294 est
1953 1247 2013 1293 ut

431 1331 946 1400 circumveniamus,
981 1348 1084 1388 una
1122 1341 1206 1389 est
1228 1333 1405 1388 littera
1434 1342 1493 1387 ut
1524 1331 1838 1389 deleamus?
1871 1330 2012 1387 Dicit

431 1422 579 1478 enim
629 1423 822 1479 iterum
880 1423 1199 1480 Dominuss:
1239 1424 1379 1480 Ecce
1432 1440 1526 1495 ego
1579 1423 1743 1496 diligo
1794 1422 2012 1479 Patrem

434 1528 607 1568 meum
630 1512 674 1579 ⁸,
707 1531 799 1585 ego
832 1514 1030 1570 honoro
1073 1508 1287 1570 Patrem
1312 1530 1485 1569 meum
1508 1516 1551 1580 ⁵,
1593 1498 1889 1585 ορατ-α’ᾳυω
1917 1528 2011 1585 ego

434 1606 575 1675 facio
594 1607 684 1661 ille
703 1608 852 1677 facit,
887 1606 1052 1663 Pater
1090 1623 1235 1663 meus
1274 1607 1513 1678 quotidie
1541 1616 1798 1676 operatur
1835 1617 1884 1663 et
1916 1623 2011 1677 ego

413 1713 622 1767 -operor
647 1699 690 1762 ⁸,
719 1698 766 1751 si
799 1698 1011 1751 creditis
1040 1698 1096 1751 in
1123 1696 1289 1752 Deum
1320 1708 1368 1751 et
1397 1698 1452 1751 in
1487 1714 1570 1752 me
1610 1698 1844 1764 creditis,
1875 1696 2011 1753 uado

2114 505 2159 559 A
2189 504 2329 561 Filio
2354 505 2491 561 nihil
2528 505 2713 561 audiat
2759 518 2978 573 sponsa,
3017 505 3161 574 quod
3209 517 3317 558 non
3371 510 3460 557 est
3512 502 3687 571 sponsi

2114 596 2220 651 sui.
2252 596 2312 652 Si
2340 597 2555 668 quidem
2585 612 2691 652 non
2718 595 2845 651 licet
2884 610 3095 665 sponsa:
3126 594 3358 650 alienam
3410 595 3687 664 suscipere

2114 687 2170 742 in
2216 687 2437 742 auribus
2476 702 2699 751 vocem,
2732 689 2897 743 etiam
2930 688 2979 743 si
3000 685 3208 742 Paulus
3262 688 3429 742 dicat.
3486 687 3597 743 Sed
3636 698 3690 741 ut

2112 792 2219 833 non
2246 777 2516 836 dubitaret
2539 793 2737 848 sponsa
2772 779 2841 834 de
2891 777 3080 846 Paulo,
3118 778 3197 834 ait
3228 779 3342 850 ipse
3374 799 3389 835 :
3427 778 3515 835 An
3543 795 3691 851 expe-

2112 870 2389 925 rimentum
2402 872 2646 942 quaeritis
2667 871 2782 940 ejus
2800 872 2893 940 qui
2917 872 2973 925 in
2992 887 3081 924 me
3097 869 3599 937 loquitur‘CItristus
3622 871 3693 925 “1

2106 963 2445 1035 Desponsavi
2474 964 2617 1019 enim
2648 977 2772 1033 vos,
2814 964 3006 1035 inquit,
3044 965 3161 1020 viro
3201 964 3324 1030 uni;
3360 979 3470 1020 non
3500 973 3683 1020 tamen

2112 1057 2332 1128 populo,
2388 1056 2485 1113 sed
2544 1056 2638 1111 uni
2698 1056 2976 1128 unigenito
3033 1071 3140 1112 una
3192 1071 3411 1128 sponsa.
3462 1056 3690 1111 Amicus

2113 1148 2257 1203 enim
2309 1147 2493 1220 sponsi
2540 1147 2629 1205 ille
2664 1158 2749 1204 est
2778 1149 2869 1219 qui
2891 1148 3101 1220 'gaudet
3127 1149 3195 1205 de
3243 1164 3447 1221 sponsa
3477 1149 3687 1219 sponsi.

2111 1238 2230 1295 Non
2252 1248 2337 1297 est
2366 1239 2528 1294 vidua
2560 1248 2747 1296 saneta
2780 1241 3042 1297 Ecclesia.
3083 1240 3231 1297 Vivit
3269 1243 3416 1298 enim
3461 1242 3556 1312 qui
3597 1258 3694 1313 pro

2110 1331 2225 1403 ipsa
2255 1339 2339 1387 est
2377 1341 2647 1388 mortuus.
2700 1332 2885 1405 Angeli
2925 1349 3033 1389 non
3079 1345 3365 1391 mortuum
3416 1336 3692 1393 adorant:

2110 1421 2207 1477 sed
2228 1422 2335 1477 vita
2360 1431 2499 1487 erat,
2538 1430 2678 1487 erat,
2700 1414 2841 1490 erat,
2863 1433 2919 1479 et
2945 1434 3049 1490 est,
3086 1435 3142 1480 et
3177 1440 3281 1480 non
3332 1435 3518 1482 cessat
3553 1440 3691 1483 esse.

2110 1502 2478 1584 Neque'enim
2502 1514 2668 1584 coepit
2691 1527 2723 1568 a
2755 1514 3124 1585 temporibus;
3148 1529 3336 1587 neque
3367 1517 3611 1572 cessavit
3641 1516 3692 1572 in

2111 1604 2308 1661 saecula
2354 1604 2458 1679 (4).
2508 1603 2750 1677 Regnum
2799 1607 2945 1663 enim
2997 1606 3113 1676 eius
3145 1623 3249 1664 non
3290 1608 3457 1664 habet
3487 1609 3691 1673 tinem;

2114 1698 2243 1770 quia
2276 1714 2381 1755 non
2410 1699 2707 1771 temporale
2745 1700 3028 1771 imperium
3071 1699 3190 1770 eius
3223 1711 3326 1767 θερί,
3367 1702 3468 1758 sed
3503 1717 3699 1773 perpe.

413 1765 503 1844 'ad
535 1787 747 1844 Patrem
788 1806 959 1844 meum
984 1790 1027 1846 ⁷.
1053 1788 1268 1844 Gratias
1303 1789 1433 1860 agit,
1465 1797 1607 1855 orat,
1649 1788 1791 1845 viam
1817 1798 2015 1845 semet-
2043 1765 2088 1821 Β
2117 1765 2288 1846 tuum.
2335 1765 2570 1862 Tempus
2602 1792 2749 1848 enim
2791 1765 3338 1860 resurrectionis'est,
3380 1802 3439 1850 et
3476 1765 3696 1866 tempus

416 1880 607 1950 ipsum
634 1890 814 1947 voeat,
850 1890 910 1936 ut
945 1895 1211 1951 agnoscas
1246 1881 1314 1936 ad
1343 1896 1505 1951 quem
1551 1880 1702 1938 vadis
1735 1900 1749 1937 :
1784 1881 2008 1952 ianuam

412 1975 781 2043 "semetipsum
808 1972 939 2028 dicit
966 1980 1012 2037 θ,
1043 1981 1103 2027 ut
1126 1986 1391 2042 agnoscas
1431 1973 1498 2027 ad
1532 1986 1690 2043 quem
1731 1972 2005 2044 ingredie-

426 2067 511 2120 ris
549 2084 563 2119 :
596 2064 783 2132 Pater,
811 2065 1009 2135 inquit,
1038 2081 1184 2119 meus
1215 2064 1450 2135 agricola
1473 2072 1574 2131 est,
1605 2075 1654 2120 et
1676 2081 1768 2136 ego
1795 2066 1911 2121 vitis
1933 2066 1962 2098 ’
1990 2083 2007 2123 :

414 2158 558 2212 vitis
598 2166 654 2211 et
705 2158 941 2227 agricola
981 2172 1123 2212 unus
1179 2158 1296 2212 est?
1350 2155 1503 2213 Hanc
1547 2159 2007 2229 comparationem

425 2248 691 2306 Dominus
716 2250 872 2318 dixit,
908 2258 967 2305 ut
999 2264 1069 2305 ne
1095 2250 1217 2321 quis
1241 2265 1327 2306 me
1360 2250 1739 2320 reprehendat.
1773 2248 1887 2322 Ego
1910 2265 2008 2304 au-

418 2350 539 2397 tem
581 2343 704 2396 volo
727 2350 787 2397 ut
815 2358 902 2398 me
937 2344 1153 2412 quidem
1200 2356 1390 2399 omnes
1427 2343 1678 2401 homines
1716 2343 2011 2412 reprehen-

420 2433 606 2486 dant:
640 2446 739 2501 ego
778 2442 961 2486 autem
1009 2431 1176 2487 volo:
1222 2432 1434 2488 Domini
1483 2444 1666 2488 autem
1698 2431 2009 2488 custodiant

424 2523 615 2578 verba.
650 2522 901 2575 Descendi
932 2522 996 2575 de
1035 2522 1162 2575 caelo
1202 2529 1261 2575 ut
1296 2522 1492 2591 faciam
1528 2522 1849 2577 voluntatem
1891 2523 2006 2590 ejus

427 2614 522 2683 qui
559 2628 641 2667 me
670 2612 809 2666 misit
829 2612 881 2644 τ’
908 2631 923 2666 :
953 2611 1189 2668 obedivit
1231 2620 1408 2667 autem
1433 2627 1606 2682 usque
1653 2612 1720 2667 ad
1753 2624 2003 2669 mortem.

423 2701 541 2758 Sed
579 2703 706 2771 quid
757 2718 901 2757 nunc
938 2718 1072 2771 opus
1100 2712 1185 2759 est
1212 2702 1405 2758 Pauli?
1444 2718 1750 2773 quanquam
1779 2713 1833 2759 et
1863 2701 2007 2757 Pau-

416 2792 516 2849 ‘lus
544 2808 653 2847 non
682 2795 995 2849 testimonio
1024 2809 1125 2850 suo
1153 2795 1333 2865 dicat;
1378 2804 1554 2851 tamen
1587 2797 1712 2866 quia
1753 2797 1869 2867 ipse
1900 2795 2007 2851 Do-

429 2888 608 2941 minus
646 2901 750 2941 non
791 2888 1030 2952 auditur,
1071 2896 1130 2942 ut
1159 2888 1289 2957 quid
1324 2888 1390 2943 de
1427 2888 1739 2944 domesticis
1767 2889 1885 2959 ejus
1920 2896 2007 2942 est

418 2979 651 3034 sermo?
679 2978 767 3033 Vis
800 2994 931 3033 sane
960 2979 1228 3034 honorare
1255 2977 1473 3045 Filium,
1507 2990 1565 3033 ut
1598 2980 1712 3034 vult
1749 2980 1859 3045 ille,
1897 2995 2002 3035 non

2112 1881 2320 1937 salutis.
2351 1881 2468 1939 Non
2499 1883 2798 1939 moriamur
2822 1897 2973 1954 ergo,
3014 1898 3137 1939 cum
3171 1883 3434 1940 debemus
3473 1886 3688 1940 vivere.

2111 1970 2219 2028 Sed
2242 1960 2387 2029 nunc
2408 1973 2626 2044 quidem
2650 1974 2837 2044 paucis
2862 1974 2933 2029 ob
2954 1976 3280 2030 memoriam
3326 1985 3382 2030 et
3419 1976 3690 2032 honorem

2109 2063 2288 2121 Patris
2314 2065 2459 2121 illius
2490 2066 2684 2132 nostri,
2720 2066 2795 2121 ita
2830 2066 2984 2131 boni,
3022 2068 3096 2121 ita
3142 2066 3430 2131 laboriosi,
3484 2077 3546 2123 et
3596 2082 3694 2139 pro

2110 2148 2367 2212 Ecclesiis
2395 2155 2597 2225 ubique
2617 2155 2873 2226 vigilante
2899 2155 2981 2227 (5)
3010 2157 3153 2212 dicta
3197 2158 3307 2212 sint
3361 2157 3550 2213 nobis.
3596 2156 3695 2213 Ne

2107 2264 2216 2321 que
2239 2248 2384 2305 enim
2411 2249 2625 2320 generis
2660 2246 2811 2317 eius:
2835 2249 3151 2305 memoriam
3198 2250 3453 2316 fecimus,
3519 2265 3697 2322 neque

2108 2342 2465 2408 educationis,
2511 2349 2607 2395 aut
2659 2340 3008 2409 eruditionis,
3064 2352 3159 2397 aut
3206 2342 3433 2398 alterius
3486 2341 3619 2397 vita
3644 2350 3697 2396 et

2112 2433 2395 2506 propositi.
2428 2430 2874 2487 Sullicienleuim
2914 2431 2969 2488 in
3011 2433 3249 2490 Ecclesia
3285 2434 3379 2489 Dei
3416 2434 3485 2489 de
3534 2432 3698 2488 Patre

2110 2536 2167 2580 et
2205 2523 2344 2580 Filio
2388 2524 2533 2593 loqui
2594 2523 2693 2595 (6).
2738 2523 2912 2594 Loqui
2967 2525 3164 2596 quippe
3202 2525 3460 2594 dicibilia,
3516 2535 3698 2583 tacere

2107 2625 2286 2670 autem
2325 2628 2446 2685 quis
2466 2614 2678 2671 occulta
2725 2624 2871 2670 sunt.
2908 2615 3245 2687 Tinguamur
3284 2616 3486 2671 fratres
3524 2617 3582 2671 iu
3618 2617 3699 2671 his

2092 2694 2227 2777 quae
2259 2707 2311 2762 in
2337 2706 2632 2777 Scripturis
2681 2707 2882 2777 scripta
2922 2720 3074 2774 sum,
3115 2724 3219 2763 non
3260 2717 3318 2764 ut
3359 2722 3560 2763 vacua:
3608 2707 3697 2763 lit-

2109 2807 2238 2853 tera:
2264 2799 2650 2868 prophetarum
2682 2807 2741 2852 ut
2767 2798 2993 2854 ludatis.
3017 2799 3095 2854 Illi
3120 2800 3266 2856 enim
3307 2801 3605 2856 adversum
3637 2815 3697 2855 se

2106 2888 2323 2960 legunt;
2358 2889 2597 2959 legentes
2635 2889 2780 2943 enim
2812 2887 3023 2945 litteras
3067 2899 3123 2945 et
3169 2905 3275 2945 non
3321 2892 3692 2959 suscipientes

2106 2983 2387 3052 negotium
2413 2996 2481 3037 ex
2518 2981 2601 3035 bis
2629 2982 2823 3051 quibus
2869 2980 3054 3053 legunt
3072 2982 3171 3054 (7),
3197 2983 3531 3052 semetipsos
3565 2998 3694 3039 con-

430 3081 489 3124 ut
513 3080 567 3123 tu
593 3071 691 3124 vis.
713 3069 844 3123 Num
868 3070 913 3124 si
940 3070 1146 3125 dixeris
1170 3085 1271 3124 non
1302 3080 1403 3135 est,
1431 3072 1730 3137 honorasti,
1756 3073 1799 3126 si
1830 3073 1998 3127 inter-
2030 3103 2076 3163 ο
2108 3074 2473 3143 demuantqui
2508 3082 2794 3128 excusant.
2838 3070 3028 3129 Videte
3054 3087 3122 3127 ne
3166 3075 3445 3145 patiamur
3476 3088 3547 3129 ea
3573 3090 3693 3147 qua

415 3164 628 3215 emeris
670 3176 829 3230 quem
881 3177 986 3215 non
1055 3170 1344 3230 potuerunt
1392 3160 1597 3218 Judaei?
1638 3161 1807 3218 Judaei
1857 3166 2003 3219 enim

416 3252 565 3307 febri
590 3252 755 3306 tilium
802 3268 926 3307 eum
966 3261 1313 3323 putaverunt,
1342 3264 1395 3307 et
1425 3263 1485 3307 ut
1515 3252 1655 3309 fabri
1706 3254 1873 3309 lilium
1920 3254 2006 3310 in-

418 3344 793 3410 terfecerunt;
851 3354 904 3398 tu
944 3353 1015 3399 ut
1063 3343 1259 3399 Filium
1312 3344 1403 3398 Dei
1455 3343 1744 3400 interficis.
1796 3343 1902 3399 Sed
1945 3355 2002 3400 tu

426 3436 698 3501 morieris,
741 3452 847 3490 non
885 3434 991 3491 ille.
1029 3436 1146 3492 Non
1175 3435 1318 3493 enim
1364 3450 1429 3490 ex
1466 3436 1553 3491 his
1585 3451 1705 3506 qua:
1758 3445 1816 3492 tu
1846 3437 2001 3503 dicis,

428 3527 519 3580 ille
550 3542 658 3580 non
699 3536 782 3582 est
817 3540 832 3579 :
863 3527 957 3581 sed
1002 3542 1069 3582 ex
1118 3527 1199 3582 his
1229 3526 1349 3596 quae
1388 3542 1492 3582 non
1535 3528 1733 3596 credis,
1782 3537 1837 3583 tu
1895 3544 2003 3585 non

427 3621 555 3674 eris.
579 3618 713 3686 Qua:
756 3620 959 3690 scripta
1007 3631 1133 3675 sunt
1164 3621 1350 3687 dicito,
1382 3627 1439 3676 et
1468 3620 1879 3692 derelinquetur
1907 3622 1996 3678 lis.

425 3710 542 3765 Non
577 3720 844 3765 meum‘et
880 3721 1052 3778 tuum,
1083 3712 1177 3766 sed
1219 3727 1338 3782 quae
1380 3713 1686 3768 communia
1730 3722 1857 3769 sunt
1896 3713 1999 3769 Ec-

424 3803 622 3857 clesiae.
658 3803 789 3869 Quis
811 3803 953 3856 enim
998 3810 1051 3857 te
1075 3801 1318 3872 iudicat?
1346 3802 1476 3871 quid
1516 3803 1687 3858 habes
1718 3804 1861 3873 quod
1892 3818 2000 3859 non

425 3892 717 3960 accepisti?
751 3891 866 3946 Non
898 3893 998 3946 ista
1019 3900 1102 3946 est
1132 3906 1230 3946 vox
1269 3890 1421 3947 Pauli
1444 3891 1537 3962 qui
1568 3892 1646 3947 ait
1676 3908 1691 3946 :
1730 3890 1818 3947 Ea:
1850 3903 2003 3963 parts

425 3984 779 4052 agnoscimus,
815 3992 865 4036 et
895 3998 961 4037 ea:
989 3993 1138 4052 parte
1172 3984 1543 4052 prophetarum
1583 3983 1668 4038 “‘l
1716 3982 1842 4040 Hac
1868 3984 2002 4040 dixit

426 4074 643 4141 Paulus,
687 4090 754 4128 ne
796 4088 927 4129 sane
977 4073 1123 4128 solus
1162 4082 1445 4143 putaretur
1492 4088 1558 4129 ex
1598 4083 1775 4144 parte,
1822 4076 1918 4130 sed
1947 4084 2003 4130 et

425 4166 675 4235 Apostoli
709 4182 829 4219 cum
855 4167 971 4235 ipso
1000 4165 1091 4235 qui
1126 4167 1223 4230 ait,
1243 4182 1390 4221 nunc
1408 4166 1645 4222 videmus
1687 4183 1781 4239 per
1813 4184 2003 4239 specu-

424 4258 535 4311 lum
573 4257 637 4311 ¹¹.
665 4255 770 4310 Sed
802 4256 1001 4310 Paulus
1032 4270 1127 4325 per
1159 4256 1477 4324 speculum;
1508 4267 1563 4312 tu
1590 4268 1773 4314 autem
1803 4271 1858 4314 et
1880 4259 2001 4315 istic

424 4352 534 4420 iam
553 4349 629 4405 vis
675 4348 812 4404 facie
839 4350 906 4403 ad
924 4348 1117 4405 faciem
1143 4363 1321 4405 nosse.
1355 4348 1818 4416 Quemadmodum
1870 4364 2001 4407 sane

2108 3164 2310 3221 ludatis
2349 3165 2716 3234 increpamus.
2756 3163 2813 3219 Si
2856 3165 3002 3221 enim
3046 3165 3276 3223 dicimus
3316 3164 3549 3233 Filium,
3594 3182 3699 3221 non

2108 3254 2431 3311 conﬁtemur
2466 3265 2647 3310 autem
2674 3255 2894 3321 Filium,
2921 3266 2976 3313 et
3000 3257 3044 3311 si
3072 3257 3419 3326 agnoscimus
3446 3256 3697 3320 Patrem,

2107 3359 2423 3415 spernamus
2462 3356 2642 3400 autem
2688 3346 2938 3413 Patrem;
2983 3346 3077 3401 illa
3120 3346 3236 3418 ipsa
3279 3362 3400 3419 qua:
3426 3348 3697 3417 legimus.

2113 3437 2231 3509 ipsa
2262 3438 2417 3494 nobis
2444 3437 2503 3494 in
2552 3439 2638 3494 die
2660 3436 2849 3508 iudicii
2890 3437 3137 3510 legentur
3170 3438 3239 3493 ad
3275 3438 3697 3493 condemnatio-

2119 3547 2265 3587 nem.
2296 3531 2430 3588 Dicit
2496 3531 2641 3588 enim
2677 3530 2941 3589 Dominus
2966 3546 2983 3581 :
3017 3525 3250 3597 Ego‘non
3262 3526 3452 3598 judico
3501 3532 3577 3595 “,
3606 3530 3699 3585 sed

2110 3637 2296 3678 sermo
2321 3638 2487 3694 quem
2549 3622 2761 3678 locutus
2808 3630 2893 3677 est
2939 3619 3058 3692 ipse
3104 3633 3234 3674 cum
3278 3617 3516 3687 iudicat.
3553 3617 3700 3672 Dixit

2107 3715 2227 3783 tibi,
2259 3716 2385 3786 quia
2418 3714 2555 3770 vado
2597 3716 2669 3770 ad
2727 3714 2941 3771 Patrem
2996 3727 3173 3769 meum
3221 3709 3366 3765 Dixit
3416 3709 3543 3775 tibi,
3573 3710 3697 3780 quia

2105 3804 2305 3859 missus
2327 3819 2357 3859 a
2385 3800 2550 3858 Patre
2587 3815 2744 3867 sum;
2770 3811 2826 3856 et
2847 3810 2902 3854 tu
2923 3798 3059 3855 dicis
3076 3799 3205 3869 quia
3227 3812 3334 3853 non
3357 3806 3443 3853 est
3466 3796 3700 3852 missus!

2104 3897 2197 3950 sed
2220 3896 2336 3965 ipse
2355 3903 2439 3949 est
2464 3893 2556 3964 qui
2582 3894 2698 3949 haec
2714 3892 2871 3958 dixit,
2892 3902 2948 3947 et
2966 3899 3092 3945 tunc
3112 3888 3374 3958 iudicabit
3396 3906 3411 3943 :
3430 3888 3583 3959 leget
3605 3890 3695 3944 tibi

2103 3986 2413 4057 Evangelia,
2431 3985 2584 4041 dabis
2603 3985 2891 4050 rationem,
2910 3983 3054 4038 dicet
3067 3997 3164 4037 cur
3186 3981 3299 4036 haec
3312 3980 3522 4050 scripta
3538 3979 3698 4037 sunt!

2104 4079 2229 4135 Haec
2253 4087 2433 4133 autem
2458 4087 2587 4132 tunc
2612 4091 2716 4132 non
2744 4075 2852 4133 dixi
2879 4089 2976 4145 per
3005 4087 3215 4130 vocem.
3235 4070 3303 4125 Et
3321 4086 3431 4142 qua
3456 4070 3604 4127 facie
3624 4072 3698 4125 vi-

2107 4171 2264 4227 debis
2306 4169 2437 4223 illud
2468 4167 2688 4223 lumen?
2716 4165 2966 4223 Contenti
2993 4165 3163 4219 simus
3186 4163 3436 4229 veritate,
3465 4174 3698 4218 excuse-

2107 4277 2227 4317 mus
2250 4260 2395 4315 lites.
2434 4258 2638 4329 Siquis
2659 4268 2838 4313 autem
2873 4266 2934 4313 et
2977 4256 3125 4312 novit
3160 4253 3369 4324 aliquid
3423 4268 3555 4307 cum
3602 4265 3697 4323 pa-

2110 4353 2296 4409 tientia
2326 4361 2382 4408 et
2421 4367 2525 4408 non
2556 4352 2623 4406 ad
2657 4347 3055 4421 iustigationem
3094 4362 3215 4418 qua:
3249 4345 3417 4411 ludit,
3444 4346 3546 4399 sed
3577 4358 3699 4400 cum

423 4456 547 4495 eum
565 4440 830 4495 interimis
847 4453 1007 4507 quem
1031 4438 1203 4493 vides.
1232 4436 2010 4509 Haeci2-5)videbamus:sem-
2042 4453 2085 4507 υ
2115 4444 2421 4500 humilitate
2464 4459 2586 4514 qua:
2640 4443 2884 4513 prodest,
2935 4454 3040 4494 non
3082 4451 3142 4492 ut
3191 4437 3422 4504 inimici,
3478 4439 3581 4491 sed
3646 4444 3697 4489 ut

426 4549 523 4604 per
540 4548 571 4586 a
598 4534 758 4588 beato
780 4530 872 4588 illo
892 4531 1030 4587 viro.
1063 4528 1219 4601 Saepe
1233 4529 1376 4585 enim
1398 4528 1718 4585 dicebantur
1755 4532 1822 4585 ab
1840 4548 1924 4599 eo,
1947 4546 2005 4590 ut

424 4625 642 4695 quidam
669 4625 1077 4694 suspicarentur
1116 4637 1213 4679 ore
1242 4621 1458 4694 quidem
1493 4636 1592 4679 suo
1614 4623 1713 4679 ista
1734 4627 2003 4695 proferre,

423 4720 591 4773 corde
614 4728 793 4773 autem
821 4716 980 4772 aliter
1004 4716 1227 4771 habere.
1273 4713 1344 4769 Et
1394 4714 1611 4784 quidem
1667 4732 1876 4773 memor
1912 4734 2005 4774 vo-

429 4810 517 4865 bis
544 4825 665 4865 sum
695 4808 912 4864 audisse
940 4822 1029 4863 me
1066 4808 1226 4863 abeo
1262 4815 1451 4863 sancto
1502 4809 1659 4865 nobis
1692 4807 2004 4877 iuramento

425 4901 785 4967 satisfecisse,
811 4903 938 4971 quia
962 4916 1067 4956 non
1098 4900 1241 4956 aliud
1273 4900 1329 4955 in
1363 4900 1567 4971 lingua,
1603 4909 1658 4956 et
1691 4900 1835 4955 aliud
1862 4912 2006 4958 esset

427 5000 483 5054 in
518 4998 683 5054 corde
708 4997 858 5067 eius;
893 4995 989 5051 sed
1022 4993 1188 5049 corde
1225 4991 1443 5062 quidem
1475 4992 1716 5047 creditur
1738 4992 1805 5047 ad
1837 4992 2002 5063 justi-

426 5086 578 5150 tiam,
598 5099 693 5140 ore
711 5093 892 5138 autem
924 5082 1212 5137 conﬁtetur
1246 5082 1313 5136 ad
1336 5081 1565 5137 salutem
1607 5098 1623 5137 :
1661 5083 1803 5138 unde
1836 5083 2001 5155 igitur

498 5202 518 5233 ⁸
540 5201 697 5258 .loan.
725 5215 800 5264 xl,
831 5200 921 5266 41,
954 5200 1046 5253 42.
1115 5201 1137 5233 δ
1174 5199 1329 5254 Joan.
1359 5216 1470 5265 xlv,
1492 5200 1582 5255 3i.

426 5286 483 5335 χ,
518 5272 573 5326 9.
682 5271 704 5304 ⁹
736 5271 890 5327 Joan.
932 5287 1022 5337 xv,
1066 5270 1114 5326 1.
1222 5272 1265 5303 ¹⁹
1298 5270 1454 5326 Joan.
1491 5287 1567 5339 vr,
1596 5272 1688 5328 58.

424 5356 546 5409 vttt,
577 5341 665 5397 15.

496 5452 636 5523 (2-5)
672 5451 802 5507 Harc
841 5454 1163 5516 videbamus,
1204 5464 1309 5509 etc.
1353 5455 1517 5510 Henr.
1552 5455 1798 5512 Valesius
1824 5455 1995 5525 legit:

425 5518 560 5575 Haec
586 5518 926 5593 audiebamus
948 5541 1150 5593 semper
1181 5542 1212 5578 a
1237 5526 1386 5579 beato
1410 5527 1501 5580 illo
1532 5531 1663 5590 uiro,
1692 5543 1831 5592 ηερε
1857 5518 1997 5581 εἶτίηι

423 5596 513 5665 ita,
539 5592 843 5665 dicebantur
886 5596 950 5647 ab
1001 5592 1081 5665 eo,
1122 5605 1177 5648 ut
1208 5596 1421 5665 quidam
1470 5599 1865 5665 suspicarentur
1910 5613 1998 5652 ore

423 5662 775 5732 quidem‘eum
808 5663 909 5715 ista
940 5664 1198 5732 proferre.
1219 5662 1329 5719 'etc.

498 5729 578 5795 (4)
608 5729 789 5796 Neque
812 5729 1048 5789 cessavit.
1074 5732 1237 5789 Forte
1278 5751 1439 5800 neque
1466 5734 1709 5790 cessabit.

1683 5202 1704 5234 ⁸
1734 5199 1889 5256 Joan.
1923 5217 2039 5267 vm,
2082 5203 2173 5259 49.
2252 5200 2446 5257 ‘Joan.
2480 5216 2532 5265 v,
2569 5200 2655 5263 l7,
2700 5197 2791 5253 36.

1786 5272 1826 5303 “
1861 5273 1877 5327 Ι
1907 5272 2031 5329 Cor.
2071 5290 2192 5342 xttt,
2217 5276 2271 5331 9.

2109 4536 2428 4601 Christiani,
2471 4552 2576 4590 non
2632 4544 2692 4589 ut
2742 4536 2795 4588 in
2844 4534 3017 4598 circo,
3072 4532 3165 4586 sed
3206 4540 3267 4584 ut
3313 4530 3367 4583 in
3424 4528 3697 4584 Ecclesia.

2119 4627 2308 4682 llabcs
2360 4626 2566 4697 aliquid
2611 4642 2626 4680 :
2672 4627 2826 4680 trade
2879 4639 2983 4678 non
3045 4639 3166 4678 cum
3219 4623 3333 4685 lite,
3384 4636 3496 4676 non
3542 4622 3698 4692 quasi

2111 4732 2324 4784 auctor,
2363 4720 2459 4776 sed
2501 4733 2820 4775 ammonens
2846 4731 2909 4772 ea
2940 4731 3060 4787 quae
3092 4714 3332 4770 didicisti
3382 4728 3414 4769 a
3448 4713 3694 4783 Scriptu-

2112 4814 2208 4868 ris.
2246 4812 2496 4867 Retinete
2516 4811 2653 4876 haec,
2682 4818 2738 4865 et
2768 4808 3060 4864 cessabitis
3092 4805 3257 4868 alite,
3295 4814 3351 4859 et
3388 4804 3460 4859 ab
3493 4802 3691 4859 Ecclc~

2111 4904 2189 4959 sia
2228 4903 2471 4972 separari
2516 4902 2707 4957 nolite.
2758 4898 2816 4955 Si
2862 4913 2963 4969 ego
3011 4897 3201 4962 deliro,
3244 4895 3374 4964 quid
3407 4895 3481 4950 ad
3529 4895 3626 4949 te?
3654 4894 3696 4947 si

2111 5012 2213 5067 ego
2244 4995 2423 5051 aliena
2458 4994 2675 5066 loquar,
2710 5008 2794 5047 me
2818 4989 3004 5061 iudica
3037 4998 3093 5045 et
3120 4988 3346 5060 perdere
3371 4984 3690 5041 noli.0cca-

2108 5088 2316 5141 sionem
2346 5084 2515 5140 nolite
2555 5096 2802 5153 quaerere
2839 5080 2905 5135 ad
2953 5078 3267 5136 schismata.
3296 5075 3428 5131 Ovis
3450 5089 3576 5145 qua
3605 5088 3693 5128 ex-

2894 5195 3071 5251 ann.
3099 5207 3209 5255 xtv,
3238 5191 3292 5254 Ι.
3321 5190 3414 5246 28.
3492 5190 3515 5221 '
3535 5188 3673 5244 Joan

2369 5275 2411 5305 "
2452 5260 2605 5336 ἱὺιί1.,
2642 5260 2728 5323 η.
2826 5265 2931 5320 “ll
2957 5265 3085 5320 Cor.
3138 5280 3257 5328 xm,
3290 5263 3346 5317 5.
3453 5260 3501 5293 ¹δ
3527 5260 3688 5317 .Ioau.

2180 5454 2259 5525 (5)
2306 5450 2683 5525 VigilanteJ-l.
2720 5450 2981 5525 Valesius
3006 5447 3136 5525 legit
3158 5445 3449 5525 uigilantis.

2164 5511 2629 5611 .MsIZSu'ﬁicit
2667 5523 2805 5576 enim
2842 5524 2896 5575 in
2936 5511 3175 5575 Eccl'esia
3207 5511 3305 5571 Dei
3344 5518 3411 5571 de
3450 5511 3616 5569 Patro
3640 5522 3685 5570 Ι

2109 5595 2483 5789 “(taliatalia
2525 5662 2710 5735 quibus
2739 5660 2935 5733 legunt.
2967 5658 3155 5716 Graeco
3178 5673 3353 5727 more,
3388 5673 3487 5730 pro
3512 5672 3580 5714 es
3607 5654 3685 5708 his

2109 5755 2219 5789 astte
2267 5747 2447 5789 count.

2102 5755 2219 5799 σκω
2246 5747 2447 5798 ιρσιιηι.
