3822 6218
196 283 227 336 ί
242 280 351 338 060

1302 262 1390 321 ua
1425 254 2027 321 RbSUltRECTlONE.
2069 297 2122 306 —
2177 256 2304 318 LIB.
2347 256 2389 317 ι.

3319 255 3452 314 10Ἰῦ

189 396 282 441 tra
308 399 525 457 gregem
554 394 658 451 est,
688 400 819 458 pars
855 392 965 458 lupi
1000 399 1104 445 est.
1138 376 1272 444 Nam
1303 391 1405 447 etsi
1438 391 1628 447 fortior
1659 391 1778 446 ovis
1807 397 1854 453 Α
1884 392 1994 446 tres
2030 412 2040 447 :
2085 406 2188 445 non
2233 382 2496 444 faciamus
2536 378 2938 447 conventicula,
2980 396 3091 437 non
3143 380 3452 452 Speluncas.

190 494 279 542 es,
309 480 530 549 expedit
582 470 679 535 tibi
730 479 870 534 infra
928 482 1163 552 parietes
1213 484 1370 539 ovilis
1420 500 1562 550 esse,
1611 498 1773 552 quam

190 571 371 627 foras.
403 570 582 627 Fortis
619 586 699 636 es,
743 581 897 640 porta
950 589 1124 628 meam
1168 574 1541 630 inﬁrmitatem
1574 578 1591 629 ξ
1628 575 1780 629 infir-

190 680 322 720 mus
355 680 437 731 es,
464 666 649 734 accipe
673 667 934 725 medelam
962 684 992 723 a
1015 670 1286 725 communi
1320 669 1560 727 Ecclesia
1587 689 1601 726 :
1626 679 1777 741 gutta

188 775 307 815 una
370 770 666 816 torrentem
727 775 835 815 non
884 751 1037 816 facit.
1093 759 1150 814 Si
1197 760 1344 814 enim
1391 769 1447 815 et
1496 761 1777 827 ceciderit,

188 862 492 920 antequam
527 852 707 919 cadat,
738 868 765 905 a
796 854 940 906 terra
979 850 1323 906 abSOrbeIUr.
1366 848 1529 906 Gutta
1570 860 1778 918 autem,

189 949 253 1000 et
291 945 468 1016 gutta,
501 955 557 999 et
580 953 729 1014 gutta
758 944 922 999 etiam
968 951 1178 999 montes
1220 946 1437 999 evertit.
1485 942 1666 1000 Canna
1720 958 1780 1001 es

194 1030 433 1107 fragilis,
467 1035 619 1091 multi
650 1044 829 1091 autem
882 1024 1031 1089 ferro
1080 1042 1209 1089 sunt
1261 1033 1537 1091 fortiores.
1579 1035 1781 1091 Oculus

192 1128 352 1185 solus
379 1141 484 1182 non
511 1136 594 1182 est
615 1127 829 1192 oculus,
862 1141 1037 1197 neque
1059 1136 1433 1197 caputcaput,
1471 1140 1647 1198 neque
1685 1144 1781 1199 pes

191 1236 322 1291 pes.
362 1219 693 1291 Compositio
738 1219 882 1275 enim
931 1219 1299 1274 membrorum
1359 1228 1527 1274 telum
1579 1223 1779 1274 bonum

193 1307 354 1363 facit.
400 1305 533 1362 Nam
564 1305 667 1362 etsi
711 1313 862 1362 esses
896 1304 1107 1374 oculus,
1156 1307 1394 1371 ablatus,
1420 1322 1544 1363 eras
1582 1319 1778 1365 caecus.

190 1402 241 1456 A
268 1410 493 1470 corpore
521 1399 665 1453 enim
695 1397 943 1454 sublatus
965 1396 1181 1464 oculus,
1214 1410 1390 1454 caecus
1434 1407 1519 1455 est
1562 1400 1779 1465 oculus,

190 1491 376 1561 magis
407 1496 587 1546 autem
630 1498 893 1545 mortuus.
920 1490 978 1544 ln
1009 1490 1250 1545 Ecclesia
1284 1489 1482 1545 fratres
1532 1495 1635 1546 sub
1669 1493 1782 1548 alas

192 1580 394 1637 matris
416 1580 808 1637 conveniamus
836 1590 853 1641 ξ
883 1580 936 1635 in
956 1578 1202 1637 Ecclesia
1246 1582 1301 1635 in
1329 1595 1433 1652 qua
1461 1586 1780 1640 ornamenta

194 1689 417 1745 sponsae
442 1681 588 1741 sunt,
616 1681 671 1728 et
700 1673 943 1728 membra
964 1671 1189 1739 Christi,
1220 1688 1327 1729 non
1357 1675 1424 1730 ad
1466 1674 1781 1740 schismata,

1881 483 2046 540 Forte
2087 485 2230 539 enim
2286 480 2517 553 apostoli
2575 480 2691 535 haec
2739 476 3053 531 fundarunt.
3088 473 3204 529 Non
3249 474 3454 545 lapides

1880 575 2023 640 dico,
2064 576 2158 631 sed
2194 575 2405 645 negotia
2446 585 2651 627 rerum.
2687 571 2817 626 Exis
2856 570 2926 625 ab
2955 567 3222 633 Ecclesia,
3268 578 3326 625 et
3367 582 3454 625 re-

1879 668 2080 739 linquis
2118 678 2347 723 matrem
2392 675 2537 722 tuam
2568 672 2789 736 propter
2839 677 2945 716 me.
2974 660 3112 727 Quid
3146 676 3265 716 sum
3309 660 3454 716 enim

1880 775 2003 832 ego,
2038 766 2132 816 aut
2169 760 2395 823 Paulus,
2421 766 2517 813 aut
2549 755 2737 826 Apollo
2761 754 2882 825 quis
2917 752 3038 807 est?
3085 753 3159 807 De
3184 767 3270 808 me
3309 761 3365 807 et
3402 761 3455 809 te

1880 854 1986 909 erit
2017 868 2217 909 sermo.
2250 850 2387 906 Num
2424 859 2524 921 ego
2565 847 2860 903 crucifixus
2907 845 3064 901 sum?
3092 845 3335 899 Necdum
3386 858 3456 899 ne

1882 943 2098 1014 quidem
2122 945 2330 1015 alapam
2356 941 2564 1012 accepi.
2598 940 2640 994 E
2661 938 2938 994 contrario
2973 949 3171 1002 autem,
3205 946 3260 991 et
3285 937 3456 991 hono-

1881 1044 2035 1091 ratus
2084 1047 2202 1090 sum
2256 1041 2475 1105 propter
2522 1030 2730 1087 Jesum.
2783 1032 2850 1087 Et
2892 1030 2983 1086 ille
3020 1029 3236 1100 quidem
3287 1028 3456 1083 multa

1885 1141 2076 1197 passus
2098 1135 2181 1182 est
2210 1134 2430 1196 propter
2451 1138 2538 1179 me
2570 1142 2587 1177 :
2626 1139 2726 1192 ego
2764 1134 2944 1178 autem
2995 1122 3295 1176 honoratus
3328 1135 3451 1176 sum

1884 1229 2105 1291 propter
2142 1219 2339 1288 ipsum.
2385 1216 2454 1271 Et
2480 1232 2580 1272 nos
2613 1216 2831 1285 quidem
2882 1214 3144 1271 feriamur
3193 1214 3457 1271 adversus

1884 1326 2127 1375 crucem,
2172 1319 2227 1366 et
2270 1310 2564 1365 adversum
2602 1322 2725 1362 eum
2760 1307 2851 1377 qui
2898 1316 3114 1376 propter
3154 1320 3253 1361 nos
3297 1306 3377 1361 fel
3406 1313 3457 1361 et
3508 1340 3513 1345 .

1885 1412 2095 1459 acetum
2136 1401 2292 1465 bibit,
2324 1409 2379 1456 et
2403 1398 2732 1471 imponimus
2776 1398 2827 1453 ei
2861 1398 3047 1469 spina‘s
3087 1399 3258 1470 magis
3288 1412 3457 1469 quam

1885 1494 2073 1560 Judaei,
2096 1502 2152 1550 et
2182 1493 2466 1548 effodimus
2498 1504 2693 1548 manus
2734 1490 2852 1561 eius
2895 1500 2950 1547 et
2989 1490 3177 1560 pedes,
3221 1498 3277 1547 et
3296 1491 3460 1546 dinu-i

1885 1599 2159 1640 meramus
2179 1582 2295 1652 ejus
2320 1598 2444 1638 ossa
2480 1599 2494 1636 :
2526 1581 2660 1648 Quae
2697 1582 2861 1649 enim,
2897 1581 3096 1651 inquit,
3127 1581 3327 1650 fecistis
3363 1579 3460 1635 uni

1886 1693 1952 1731 ea:
1981 1673 2213 1730 minimis
2242 1674 2367 1729 istis
2400 1674 2491 1745 qui
2518 1678 2736 1728 credunt
2778 1674 2834 1727 in
2860 1688 2965 1738 me,
2993 1673 3121 1726 mihi
3170 1672 3364 1739 fecistis
3390 1670 3462 1739 ¹⁶,

197 1782 313 1822 non
338 1766 404 1821 ad
428 1765 684 1821 haereses.
714 1763 1016 1835 Aliquoties
1035 1765 1181 1820 enim
1214 1765 1337 1822 dico
1366 1785 1379 1820 :
1414 1760 1637 1822 offendit
1664 1782 1781 1821 mea
1820 1776 1864 1836 Β
1890 1776 1984 1821 aut
2018 1765 2221 1821 bonum
2257 1774 2350 1820 aut
2383 1764 2611 1820 malum.
2649 1763 2774 1819 Hac
2805 1762 3002 1820 fratres
3041 1773 3095 1820 et
3142 1763 3195 1818 in
3240 1765 3326 1820 his
3353 1764 3462 1820 fra-

197 1859 383 1928 lingua
413 1875 427 1912 :
462 1866 641 1927 potest
670 1856 783 1910 fieri
812 1865 872 1911 ut
913 1870 1067 1911 mens
1113 1869 1230 1912 mea
1284 1856 1543 1913 offendat.
1592 1858 1698 1913 Sed
1729 1869 1782 1914 tu

196 1950 316 2005 noli
344 1968 358 2004 :
386 1949 704 2005 obliviscere
745 1944 823 2020 (8)
863 1960 987 2004 eum
1025 1949 1117 2019 Qui
1165 1949 1301 2003 dixit
1342 1966 1357 2003 :
1399 1946 1581 2004 Pretio
1626 1951 1785 2021 empti

198 2043 353 2109 estis,
384 2041 545 2096 nolite
573 2041 690 2109 ﬁeri
718 2040 855 2095 servi
894 2040 1162 2096 hominum
1186 2038 1251 2095 ¹⁸.
1281 2041 1389 2097 Ista
1421 2044 1564 2098 enim
1592 2044 1787 2099 domus

198 2150 316 2191 non
339 2149 457 2191 mea
479 2143 562 2190 est
583 2142 677 2188 aut
704 2143 817 2192 tua.
863 2133 974 2189 Cur
1024 2135 1128 2189 mei
1182 2149 1345 2191 causa
1376 2135 1588 2189 recedis
1620 2150 1647 2189 a
1684 2135 1788 2189 Do-

198 2226 410 2283 minica
457 2226 657 2282 domo?
703 2225 770 2281 Et
820 2226 996 2296 primo
1036 2226 1251 2297 quidem
1298 2226 1427 2297 quid
1477 2228 1787 2297 accepimus

198 2319 365 2376 nobis
393 2319 518 2390 quia
551 2318 907 2390 sapientiores
935 2318 1190 2374 omnibus
1224 2317 1450 2373 sumus?
1475 2317 1680 2373 Deinde
1726 2326 1790 2372 ut

200 2412 336 2481 quid
361 2411 505 2482 quod
534 2410 587 2465 in
612 2424 774 2480 prece
799 2409 876 2483 (9)
907 2408 1152 2465 diabolus
1186 2409 1370 2475 habet,
1402 2410 1667 2463 donamus
1701 2408 1789 2464 ei?

202 2500 265 2557 Si
304 2516 403 2572 ego
427 2502 673 2557 infirmus
701 2516 841 2566 sunt,
884 2509 939 2555 tu
959 2500 1048 2569 qui
1086 2514 1145 2555 es
1167 2499 1340 2565 fortis,
1371 2515 1474 2555 non
1505 2500 1799 2565 recedens,-

204 2596 470 2650 coniirma
517 2592 841 2649 Ecclesiam.
890 2594 947 2648 Si
991 2607 1094 2662 ego
1137 2592 1313 2647 aliena
1347 2591 1559 2661 loquor,
1598 2606 1696 2646 cur
1730 2601 1786 2646 tu

206 2685 302 2757 qui
327 2685 465 2740 bene
500 2684 745 2754 loqueris
790 2683 1062 2739 abstrahis
1089 2695 1142 2738 te
1163 2692 1222 2736 ut
1245 2682 1533 2737 videantur
1562 2698 1681 2736 mea
1708 2683 1790 2737 in-

207 2776 457 2831 firmari?
479 2775 545 2829 Et
572 2790 641 2830 ne
667 2775 790 2846 quis
810 2789 896 2830 me
924 2770 1397 2845 putet'incitatum
1428 2773 1495 2827 ad
1525 2773 1789 2842 quosdam

209 2868 546 2924 diceretsed
587 2868 655 2923 ab
678 2866 936 2922 exercitio
972 2865 1085 2938 (10)
1125 2880 1245 2921 sum
1298 2864 1588 2920 multorum
1622 2880 1636 2917 :
1678 2864 1792 2919 scio

215 2970 426 3033 quanta
456 2962 597 3017 dicta
634 2971 761 3017 sunt
811 2967 869 3015 et
908 2960 1179 3015 dicuntur.
1226 2956 1610 3025 Unusquisque
1646 2956 1792 3011 enim

213 3069 469 3127 quaerens
494 3054 634 3109 unde
668 3061 925 3124 pascatur
960 3051 1172 3106 furatur
1195 3050 1330 3121 (11).
1362 3049 1602 3104 Minores
1637 3066 1651 3101 :
1681 3047 1793 3102 fra-

1886 1866 2041 1912 tres:
2076 1873 2184 1912 non
2235 1866 2450 1927 semper
2507 1857 2746 1921 nomina,
2795 1858 2891 1913 sed
2936 1871 3045 1912 res.
3118 1857 3463 1916 Christianus

1885 1950 2027 2004 enim
2056 1964 2237 2015 verus,
2293 1948 2462 2005 frater
2504 1948 2596 2004 sit.
2644 1946 2818 2003 Verus
2871 1948 3213 2004 Christianus
3252 1967 3264 2005 :
3299 1965 3462 2006 verus

1886 2050 1971 2098 est
2020 2042 2164 2097 enim
2226 2042 2496 2098 Christus.
2542 2041 2785 2108 Fratres,
2838 2040 3055 2107 fratres,
3116 2043 3281 2098 nolite
3342 2058 3464 2100 esse

1886 2134 2106 2204 piratae,
2170 2134 2338 2190 nolite
2403 2134 2717 2189 bellatores.
2786 2130 2963 2189 Nolite
3029 2149 3271 2204 quaerere
3334 2150 3460 2191 cum

1889 2242 1994 2295 quo
2065 2226 2317 2296 litigetis,
2385 2227 2478 2281 sed
2531 2242 2689 2297 quem
2769 2226 3009 2283 salvetis.
3086 2226 3203 2296 Ipse
3279 2237 3459 2283 autem

1875 2316 2031 2374 -Deus
2090 2319 2256 2388 pacis,
2306 2319 2397 2388 qui
2444 2334 2548 2373 non
2608 2319 2847 2389 pepercit
2907 2319 3185 2388 unigenito
3216 2334 3314 2375 suo
3367 2318 3460 2373 Fio

1888 2408 1982 2473 lio,
2017 2418 2073 2464 et
2102 2408 2250 2463 misit
2312 2424 2437 2464 eum
2482 2413 2546 2463 ad
2585 2410 2812 2465 salutem
2862 2419 3125 2476 nostram,
3180 2409 3299 2479 ipse
3335 2424 3458 2465 om-

1890 2501 2037 2555 nium
2081 2511 2323 2555 vestrum
2353 2501 2565 2557 animas
2607 2502 2673 2555 ad
2708 2514 2870 2556 unam
2918 2501 3357 2566 consensionem,
3390 2502 3461 2557 ad

1890 2607 2052 2646 unam
2076 2593 2447 2657 concordiam,
2487 2593 2552 2647 ad
2597 2605 2761 2647 unam
2812 2608 2999 2661 pacem
3040 2604 3097 2648 et
3144 2593 3463 2649 charitatem

1891 2683 2089 2738 adunet
2114 2695 2211 2752 per
2235 2683 2568 2753 unigenitum
2600 2699 2756 2739 suum
2786 2681 2979 2740 Filium
3006 2702 3020 2738 :
3053 2700 3149 2755 per
3187 2700 3348 2755 quem
3379 2693 3467 2741 est

1891 2791 1998 2830 non
2034 2785 2163 2831 nato
2189 2777 2336 2830 Patri
2378 2777 2569 2847 gloria,
2613 2778 2807 2846 honor,
2864 2777 3173 2847 imperium,
3206 2777 3464 2848 maiestas

1892 2868 1947 2924 in
1976 2868 2177 2938 Spiritu
2222 2878 2432 2933 sancto,
2462 2879 2516 2925 et
2549 2884 2689 2924 nunc
2719 2878 2774 2924 et
2809 2883 3043 2941 semper,
3074 2878 3125 2925 et
3154 2883 3250 2940 per
3283 2869 3464 2926 omnia

1894 2954 2090 3010 saecula
2121 2955 2465 3010 saeculorum.
2495 2955 2687 3009 Amen.

220 3200 2075 3245 ηπ

915 3195 3455 3238 Μ

980 3420 1738 3581 EUSEBII
1795 3416 2716 3576 PAMPHILI

797 3719 1026 3833 DE
1153 3709 2888 3831 RESURRECTIONE.

1376 4083 1733 4173 LIBER
1805 4082 2301 4174 PRIMUS.

1796 4282 1868 4297 dn-

287 4444 499 4501 Dictum
520 4453 602 4500 est
624 4442 837 4515 quidem
861 4458 889 4498 a
922 4442 1075 4499 nobis
1102 4451 1156 4498 et
1182 4452 1304 4498 ante
1329 4441 1395 4498 de
1430 4441 1788 4498 resurrectio-
1814 4451 1856 4507 α
1892 4453 2071 4498 autem
2132 4449 2186 4496 et
2220 4454 2339 4510 qua:
2374 4436 2508 4493 lecta
2542 4443 2703 4501 sunt;
2752 4431 2892 4487 forte
2939 4428 3103 4486 etiam
3151 4438 3293 4496 stepe
3316 4422 3476 4480 nobis

213 4552 319 4604 ne;
356 4537 584 4592 audistis
620 4546 674 4590 et
713 4550 809 4590 vos
856 4552 869 4590 :
910 4536 1002 4591 sed
1039 4536 1220 4590 omnia
1281 4544 1524 4602 tempora
1572 4533 1796 4601 exigunt

213 4646 369 4687 suum
417 4630 674 4693 fructum,
714 4627 977 4696 siquidem
1027 4636 1081 4681 et
1135 4626 1188 4680 in
1229 4638 1469 4696 tempore
1521 4640 1793 4690 rosarum,

214 4737 351 4777 rosa:
375 4720 681 4775 florescunt.
723 4720 1034 4790 Agnoscunt
1069 4727 1249 4772 autem
1287 4727 1343 4772 et
1374 4720 1668 4773 secundum
1699 4712 1792 4773 Je-

217 4816 444 4870 remiam
478 4812 554 4877 ",
600 4823 655 4867 et
682 4812 1001 4867 hirundines
1056 4820 1265 4881 tempus
1312 4819 1367 4865 et
1415 4810 1502 4863 alii
1543 4823 1791 4880 passeres

214 4907 367 4977 agri;
400 4921 625 4975 quorum
655 4905 915 4975 propheta
939 4903 1139 4959 faciens
1165 4903 1515 4968 mentionem,
1548 4903 1795 4970 increpa-

215 4998 305 5053 bat
350 4996 514 5053 Israel
548 4997 637 5066 qui
664 5004 904 5065 tempora
944 4993 1247 5065 ignorabat.
1295 4993 1361 5048 Et
1392 5002 1602 5061 tempus
1644 4992 1793 5046 omni

215 5090 297 5146 rei
323 5104 442 5146 esse
464 5087 899 5157 sapientissimus
933 5087 1067 5140 dixit
1093 5084 1348 5140 Salomon
1371 5085 1436 5141 “.
1469 5083 1604 5151 Quia
1630 5083 1794 5152 igitur

216 5189 431 5250 tempus
467 5177 710 5250 exposcit
739 5178 808 5232 de
840 5174 1235 5230 resurrectione
1266 5173 1510 5237 tractari,
1538 5176 1796 5242 expetunt

1896 4534 2221 4601 dicentibus,
2250 4531 2474 4586 necdum
2507 4528 2723 4599 quidam
2764 4526 2829 4579 de
2858 4518 3257 4578 resurrectione
3284 4527 3474 4571 susce-

1896 4634 2094 4696 perunt
2139 4636 2443 4680 sermonem
2487 4637 2501 4673 :
2543 4617 2677 4672 nihil
2724 4612 2978 4684 prohibet
3013 4620 3257 4678 repetere
3290 4614 3478 4696 noset

1893 4695 2093 4781 denuo,
2127 4724 2182 4770 et
2213 4716 2278 4770 de
2302 4714 2385 4769 his
2417 4708 2549 4782 ipsis
2577 4716 2813 4763 tractare
2837 4704 2902 4757 ι’.
2932 4702 3130 4758 Eadem
3161 4699 3305 4753 enim
3341 4695 3476 4752 scri-

1896 4811 2028 4866 bere
2072 4820 2170 4864 nec
2204 4801 2427 4859 Paulum
2465 4800 2637 4873 piguit
2680 4814 2695 4853 :
2738 4798 2793 4854 hi
2820 4797 2963 4852 enim
3011 4794 3103 4865 qui
3128 4790 3355 4848 credunt
3389 4803 3479 4844 re-

1901 4902 2255 4959 surrectionis
2284 4911 2583 4960 sermones,
2626 4900 2787 4948 erunt
2833 4889 3063 4944 tutiores
3089 4902 3102 4939 :
3134 4883 3272 4941 forte
3294 4889 3477 4936 autem

1900 4995 1992 5063 qui
2016 4994 2244 5048 necdum
2275 4988 2417 5045 suasi
2448 4986 2596 5052 sunt,
2624 4981 3016 5039 suadebuntur.
3060 4973 3217 5028 Nunc
3239 4970 3480 5028 creditur

1899 5084 2044 5138 enim
2077 5080 2317 5138 sermoni
2346 5078 2436 5148 qui
2472 5076 2537 5131 de
2569 5071 2961 5130 resurrectione
2988 5067 3253 5128 habetur;
3277 5071 3332 5116 et
3364 5075 3481 5113 ma-

1902 5184 2005 5240 gna
2052 5176 2137 5225 est
2184 5165 2474 5223 multitudo
2506 5177 2612 5218 non
2650 5158 3004 5216 credentium.
3045 5151 3286 5210 Gentiles
3333 5149 3479 5205 enim

290 5318 336 5352 ³⁸
357 5316 380 5372 1
399 5318 525 5375 Cor.
555 5317 764 5385 v|,-20',:
798 5326 853 5373 et
890 5333 984 5385 vn,
1009 5315 1101 5371 25.
1176 5314 1223 5347 ³⁸
1249 5312 1439 5371 Matth.
1471 5326 1601 5379 xxv,
1625 5309 1716 5366 40.

1891 5304 2132 5367 ler.vm,
2163 5301 2217 5355 7.
2293 5297 2339 5331 ¹⁸
2376 5296 2554 5353 Eccle.
2590 5309 2672 5361 Ill,
2700 5294 2788 5347 17.
2866 5293 2910 5324 ¹⁹
2948 5286 3180 5359 Philipp.
3208 5299 3293 5352 ιιι,
3318 5282 3373 5338 Ι.

256 5436 370 5521 ,(εξ)
399 5434 526 5490 Noli
568 5451 587 5489 :
634 5435 958 5490 obliviscere.
1015 5432 1180 5489 Forte
1237 5431 1327 5485 sed
1382 5440 1438 5485 tu
1498 5427 1607 5483 noli
1660 5425 1777 5481 obii

211 5539 224 5575 ί
406 5576 473 5634 In
511 5592 664 5647 prece
701 5575 790 5649 Ἐν
814 5575 972 5647 εὐχῇ,
1007 5574 1060 5629 in
1092 5571 1324 5649 V0l0,_ill
1353 5568 1571 5649 optatis.

296 5641 407 5719 (lii)
438 5641 521 5700 ΑΗ
554 5647 823 5719 exercitio.
869 5641 1053 5711 l'd"est,
1080 5659 1147 5701 ex
1196 5641 1498 5699 ministerio
1529 5653 1649 5696 meo
1679 5651 1800 5693 mea

220 5718 399 5778 oratio
427 5720 490 5773 ad
520 5718 716 5773 multos
738 5719 987 5777 pertinet.

1976 5416 2165 5492 (ιιιε
2168 5422 2377 5492 uratur.
2407 5411 2659 5492 lginores.
2688 5408 2850 5491 Forte
2880 5398 3479 5492 fugaturgptiuores,

1904 5468 2389 5555 est‘,-a'dducitper
2429 5483 2671 5555 fraudem
2721 5494 2749 5532 e
2776 5468 2900 5555 simi
2942 5473 3193 5531 Ecclesiae
3220 5468 3481 5555 parvulos

1908 5540 2358 5627 ἷιῖτῗὶιῖέξέἰὶιὶιιίιθ
2388 5552 2669 5627 adjungitL
2684 5549 2824 5627 unde
2852 5547 3030 5600 alatur
3064 5563 3077 5599 :
3114 5543 3302 5627 quales
3340 5541 3376 5596 ii
3413 5540 3484 5596 do

1910 5618 2298 5704 quibus’Juda's
2323 5618 2495 5703 apost.
2521 5622 2606 5685 12,
2632 5618 2943 5688 Semetipsos
2972 5622 3257 5687 pascentes.
