3822 6218
427 281 562 340 1051

422 497 631 564 :equale
669 506 753 550 εει
791 500 1099 566 unigenito,
1145 503 1280 557 nihil
1327 505 1504 560 simile
1544 506 1681 560 Filio
1707 547 1721 569 ,
1769 508 1899 562 nihil
1949 510 1998 563 ei

423 595 792 654 comparatur,
825 587 960 643 nihil
988 601 1256 659 aequatur.
1288 592 1480 647 Omnia
1511 609 1632 649 eum
1660 595 1909 660 adorant,
1932 599 2002 652 ob

424 676 688 732 honorem
727 687 783 732 ut
819 689 943 749 pote
972 683 1090 753 ejus
1115 685 1204 754 qui
1236 687 1422 754 genuit
1455 707 1468 742 :
1511 701 1616 742 non
1647 697 1731 742 εει
1767 704 1907 744 unus
1934 704 1999 744 ex

423 766 510 822 his
533 783 655 838 quae
693 785 791 839 per
831 772 1208 846 ipsumisunt:
1253 792 1357 832 non
1387 787 1473 834 est
1502 795 1569 834 ex
1617 780 1722 835 hoc
1769 783 1996 848 mundo,

423 857 518 911 sed
562 867 618 912 et
655 862 885 915 mundus
917 878 1012 932 per
1057 865 1254 929 ipsum.
1304 865 1419 921 Non
1467 869 1662 924 cmlnm
1692 886 1814 925 cum
1843 870 2000 937 Filio,

423 948 520 1002 sed
563 958 620 1003 et
664 951 857 1007 caelum
903 970 999 1024 per
1031 955 1250 1010 Filium.
1295 958 1434 1025 Quid
1477 975 1614 1030 opus
1644 972 1730 1016 est
1762 963 2004 1031 partibus

424 1042 690 1097 exhibere
734 1047 986 1100 naturae?
1035 1047 1226 1102 Omnia
1261 1067 1354 1117 per
1391 1053 1562 1119 ipsum
1600 1064 1744 1117 sunt,
1787 1066 1832 1109 et
1873 1057 2004 1110 nihil

425 1132 539 1186 sine
576 1133 686 1202 ipso
712 1151 730 1188 :
757 1145 812 1189 ει
862 1138 1020 1192 tertio
1057 1157 1072 1192 :
1105 1139 1256 1206 Quod
1294 1142 1494 1196 factum
1529 1155 1614 1198 est
1658 1161 1754 1214 per
1804 1147 2001 1214 ipsum.

425 1219 546 1276 Noli
569 1225 749 1280 dicere
778 1227 1073 1292 hominem,
1104 1246 1171 1284 ne
1200 1231 1468 1286 irascatur
1493 1234 1582 1302 qui
1605 1237 1808 1296 genuit.
1843 1236 2005 1291 Joan-

427 1328 526 1368 nes
553 1318 880 1387 evangelista
905 1362 920 1386 ,
958 1322 1002 1374 si
1058 1329 1238 1374 tamen
1270 1321 1530 1387 Joannes,
1570 1337 1625 1380 et
1656 1328 1882 1401 noanui
1911 1344 2006 1396 per

426 1401 714 1474 Joannem,
764 1411 980 1480 scripsit
1029 1414 1096 1468 de
1138 1415 1296 1480 Filio,
1327 1419 1543 1485 scripsit
1584 1430 1639 1474 et
1689 1422 1753 1474 de
1797 1421 2002 1476 Joanne

426 1496 690 1565 Baptista.
724 1501 1110 1575 Subinterroga
1143 1507 1310 1576 igitur
1331 1511 1781 1576 quemadmodum
1805 1514 1872 1566 de
1898 1515 2004 1568 Deo

428 1589 672 1658 loquitur
703 1595 1060 1664 evangelista,
1096 1609 1149 1652 ει
1178 1602 1631 1667 quemadmodum
1662 1604 1728 1656 de
1757 1604 1999 1659 homine:

430 1677 498 1732 In
552 1681 832 1750 principio,
891 1686 1104 1756 inquit,
1163 1700 1272 1742 erat
1312 1689 1575 1747 Verbum:
1611 1694 1712 1748 hoc
1775 1697 1842 1748 de
1897 1696 2004 1749 Deo

1099 288 1366 348 EUSEBII
1406 292 1886 353 CIESARIENSIS
1921 295 2001 353 ΟΡ

2114 299 2294 356 rans
2330 297 2420 357 iv.
2456 277 2528 345 +
2563 297 2986 358 DOGMATICA.

424 418 534 459 uno
563 411 644 458 est
663 403 892 470 Palre,a
926 406 1040 463 solo
1069 409 1237 474 solus,
1277 412 1346 466 ab
1374 428 1480 468 uno
1499 428 1657 468 unus.
1685 414 1828 470 Nihil
1853 416 1999 470 enim
2033 424 2078 480 Α
2107 421 2178 472 tia

3545 299 3695 362 1’05!

2231 438 2246 476 :
2296 429 2350 474 et
2404 421 2769 475 adorabantur
2819 423 3031 487 omnia;
3083 429 3138 476 et
3189 423 3315 494 quia
3372 425 3685 485 adorandus

2104 511 2472 578 ignorabatur,
2486 510 2809 566 oﬁ‘ensiones
2823 524 2976 568 erant
2992 514 3144 569 nobis
3159 517 3360 571 omnia.
3377 518 3513 572 Nam
3533 531 3586 575 et
3603 523 3684 576 sol

2104 616 2208 654 non
2233 601 2587 665 illuminabat,
2612 605 2704 657 sed
2728 613 2784 658 et
2807 605 2920 673 ipse
2941 606 3092 659 nobis
3111 616 3229 661 erat
3248 606 3495 664 oﬂ'ensio.
3522 611 3685 665 Venit

2103 699 2282 746 autem
2306 707 2402 762 per
2417 707 2576 762 quem
2595 694 2917 747 suntomnia
2938 712 2952 748 :
2974 709 3076 749 non
3097 695 3267 750 solum
3284 712 3383 752 nos
3403 699 3684 764 liberavit,

2103 781 2195 837 sed
2215 791 2269 837 et
2290 782 2460 852 ipsum
2479 781 2646 837 solem
2665 785 2732 837 ab
2751 783 2973 851 ignobili
2998 786 3100 839 isto
3123 785 3332 841 honore
3348 787 3576 843 liberum
3607 790 3689 842 le-

2104 875 2196 927 cit.
2232 873 2508 929 Liberavit
2545 889 2676 930 sane
2707 876 2887 929 lunam
2927 892 2956 928 a
2999 876 3321 944 calumniis,
3365 891 3422 932 et
3467 896 3684 949 purga-

2104 965 2182 1018 vit
2206 965 2393 1019 stellas
2418 974 2476 1020 ut
2515 981 2620 1021 non
2660 969 3038 1023 adorarenmr.
3065 969 3122 1024 Si
3152 983 3332 1025 autem
3361 973 3584 1042 quidam
3612 975 3688 1025 ad

2106 1057 2223 1112 haec
2247 1058 2264 1076 θ
2299 1072 2470 1126 usque
2501 1060 2853 1124 contendunt,
2875 1062 3101 1131 reliquia
3131 1063 3398 1118 malorum
3431 1079 3684 1120 comme-

2105 1150 2429 1203 morantium
2475 1149 2817 1206 beneﬁcium.
2877 1152 3031 1206 Nunc
3070 1153 3236 1222 igitur
3273 1165 3330 1211 et
3364 1171 3556 1210 aurum
3595 1168 3683 1212 est

2105 1240 2382 1293 mundum.
2417 1240 2571 1295 Nunc
2591 1252 2645 1296 et
2681 1251 2962 1311 argentum
2984 1245 3048 1296 ad
3079 1245 3130 1298 id
3163 1247 3304 1314 quod
3323 1259 3567 1301 creatum
3595 1260 3684 1302 est

2105 1333 2254 1388 utile.
2297 1331 2446 1386 Nunc
2474 1344 2824 1389 :eramentum
2852 1348 3200 1392 :eramentum
3235 1349 3320 1393 est
3344 1380 3358 1404 ,
3387 1350 3441 1393 et
3467 1340 3680 1395 ferrum

2107 1425 2309 1476 ferrum
2336 1465 2351 1488 ,
2386 1435 2438 1477 et
2478 1425 2613 1495 lapis
2652 1427 2817 1496 lapis,
2869 1437 2925 1481 et
2973 1429 3174 1498 lignum
3227 1429 3426 1500 lignum
3470 1443 3592 1494 est,
3629 1441 3684 1487 et

2105 1515 2248 1569 Deus
2285 1515 2442 1570 Deus.
2468 1517 2621 1572 Nunc
2661 1519 2996 1574 dmmonihus
3046 1521 3360 1587 increpatur
3392 1534 3448 1576 ut
3483 1524 3681 1588 decet,

2105 1618 2158 1662 et
2203 1625 2305 1662 non
2349 1610 2643 1664 adorantur
2672 1621 2728 1665 ut
2756 1627 2861 1665 non
2901 1613 3078 1666 decet.
3126 1615 3282 1667 Venit
3315 1616 3457 1668 enim
3496 1633 3588 1671 rex
3627 1629 3685 1670 et

2105 1701 2364 1754 exstinxit
2397 1711 2682 1772 tyrannum
2728 1723 2739 1757 :
2775 1712 2830 1756 et
2869 1705 3088 1772 agnovit
3129 1705 3246 1758 ovis
3289 1715 3598 1774 pastorem,
3629 1718 3686 1760 et

427 1767 570 1824 Filio
613 1773 768 1828 dixit.
825 1776 962 1830 Dicit
1007 1790 1061 1832 et
1115 1779 1180 1834 de
1211 1779 1444 1848 Joanne,
1486 1781 1685 1838 Factus
1713 1797 1788 1838 est
1827 1787 2000 1839 homo.
2035 1800 2076 1854 Β
2109 1791 2272 1860 fugati
2313 1767 2438 1843 sunt
2461 1791 2592 1858 lupi.
2637 1791 2769 1856 Quis
2786 1767 3122 1846 sane'venit?
3149 1767 3332 1862 utique
3363 1795 3408 1848 is
3435 1796 3527 1862 qui
3559 1807 3686 1848 erat

427 1859 573 1932 Lege
612 1865 722 1926 illa,
752 1867 973 1937 sublege
1002 1879 1058 1923 et
1098 1871 1195 1926 ista
1229 1890 1243 1925 :
1272 1880 1325 1926 et
1366 1874 1608 1929 invenies
1637 1877 1906 1944 quomodo
1939 1877 2004 1930 de

429 1957 541 2022 Deo
572 1957 709 2013 Filio
748 1960 987 2030 loquitur
1017 1981 1030 2016 :
1061 1975 1116 2018 et
1169 1965 1443 2019 hominem
1489 1978 1720 2036 exponet
1749 1968 2000 2025 Joannes.

428 2049 499 2102 In
543 2050 802 2119 principio
851 2066 963 2108 erat
1005 2054 1226 2109 Verbum
1285 2058 1351 2111 de
1395 2057 1532 2112 Filio
1570 2060 1700 2114 dicit
1751 2079 1766 2115 :
1809 2061 2006 2116 Factus

428 2139 595 2195 homo
621 2143 686 2196 de
707 2143 915 2200 Joanne
945 2148 1114 2216 ponit.
1153 2146 1221 2201 Et
1247 2147 1472 2202 Verbum
1501 2161 1613 2203 erat
1643 2153 1786 2221 apud
1817 2154 2001 2218 Deum,

427 2238 484 2284 et
511 2231 649 2286 Deus
681 2245 792 2288 erat
838 2235 1061 2292 Verbum
1082 2278 1097 2304 ,
1129 2241 1195 2293 de
1221 2239 1355 2294 Filio
1396 2241 1652 2310 loquitur.
1693 2243 1767 2296 De
1797 2244 2005 2301 Joanne

427 2329 608 2375 autem
641 2339 655 2377 :
689 2312 815 2378 Non
840 2338 951 2381 erat
981 2328 1068 2380 ille
1103 2328 1278 2384 lumen
1306 2333 1376 2396 ⁵⁷,
1401 2340 1453 2385 ει
1485 2333 1681 2386 iterum
1719 2335 1785 2388 de
1820 2337 2006 2405 unige-

428 2412 542 2468 nito
561 2416 661 2480 ait,
695 2416 800 2470 Hic
828 2429 940 2472 erat
965 2420 1021 2474 in
1054 2424 1307 2489 principio
1330 2425 1470 2493 apud
1493 2424 1678 2480 Deum.
1704 2426 1778 2480 De
1797 2426 2006 2484 Joanne

428 2515 633 2574 autem,
667 2509 769 2563 llic
811 2514 948 2565 venit
981 2514 1050 2567 ad
1086 2517 1441 2569 testimonium
1464 2516 1530 2572 ⁵⁸.
1584 2516 1781 2587 lujuria
1809 2521 2005 2589 quippe

426 2608 530 2662 est,
566 2608 622 2654 et
668 2617 980 2670 pra-ponere
1025 2608 1357 2676 unigenitum
1399 2612 1570 2664 servis
1604 2614 1734 2666 suis.
1776 2612 1909 2666 Nam
1951 2625 2006 2669 et

428 2692 570 2758 quod
621 2692 844 2758 dicitur,
889 2697 1024 2750 nihil
1071 2699 1118 2752 ei
1174 2711 1520 2770 comparatur
1565 2715 1656 2757 aut
1717 2717 2001 2775 mquatur:

427 2796 535 2836 non
581 2795 666 2839 εει
714 2803 1014 2857 magnum:
1070 2792 1166 2846 sed
1217 2794 1404 2861 egenis
1449 2796 1612 2850 etiam
1673 2813 1835 2865 parva
1882 2807 2006 2854 sunt

427 2889 643 2946 magna.
676 2878 791 2934 Non
821 2890 903 2935 est
937 2883 1080 2937 enim
1114 2901 1256 2938 unus
1301 2901 1367 2940 ex
1411 2889 1685 2956 prophetis
1712 2890 1874 2955 ﬁlius,
1910 2893 2003 2946 sed

426 2983 524 3038 per
564 2985 724 3040 quem
759 2989 948 3029 omnes
979 2979 1258 3046 pr0pheta:
1293 2997 1310 3034 :
1351 2994 1457 3034 non
1493 2995 1632 3035 unus
1659 2995 1726 3035 ex
1765 2984 2004 3052 regibus,

427 3070 521 3117 sed
556 3079 651 3133 per
688 3081 847 3135 quem
881 3083 1069 3124 omnes
1111 3086 1270 3140 reges
1311 3089 1328 3126 :
1375 3088 1479 3128 non
1517 3089 1655 3128 unus
1700 3088 1768 3129 ex
1818 3075 2000 3142 justis,

429 3154 524 3206 sed
564 3154 677 3223 ipse
700 3155 913 3224 justitia
952 3181 962 3214 :
1001 3177 1110 3215 non
1151 3178 1291 3217 unus
1321 3179 1388 3217 ex
1418 3165 1616 3229 servis,
1665 3166 1760 3220 sed
1787 3165 1998 3221 Filius:

427 3259 536 3300 non
561 3262 723 3302 unum
769 3264 834 3304 ex
874 3247 1162 3320 omnibus,
1200 3257 1295 3310 sed
1329 3273 1427 3325 per
1452 3272 1610 3326 quem
1641 3267 1766 3312 sunt
1791 3261 2002 3315 omnia:

426 3353 535 3394 non
563 3355 631 3394 ex
670 3342 752 3396 his
779 3344 869 3412 qui
904 3346 1166 3402 assistunt
1195 3358 1248 3402 et
1278 3351 1620 3416 ministrant,
1659 3352 1752 3406 sed
1794 3354 1883 3421 qui
1918 3368 2007 3407 εε-

427 3431 516 3484 det
544 3433 610 3486 ad
638 3433 914 3488 dexteram
937 3436 1113 3493 Patris
1138 3457 1154 3494 :
1193 3456 1296 3494 non
1336 3456 1402 3496 ex
1429 3442 1510 3496 his
1533 3444 1624 3511 qui
1669 3443 2007 3513 judicautur,

427 3523 522 3576 sed
569 3523 661 3592 qui
717 3527 958 3596 suscepit
1001 3543 1163 3585 omne
1217 3531 1479 3603 judicium
1530 3536 1834 3606 judicandi.
1887 3535 2004 3590 Non

425 3617 639 3680 quando
669 3617 806 3686 apud
851 3634 971 3684 nos,
1002 3629 1127 3676 tunc
1150 3633 1203 3677 et
1237 3626 1376 3693 apud
1407 3625 1647 3680 Patrem.
1683 3627 1834 3682 Tunc
1861 3628 2005 3681 enim

425 3706 533 3762 hoc
575 3707 777 3763 dictum
828 3709 1201 3767 intercidatur.
1252 3717 1334 3769 Ad
1368 3731 1466 3772 nos
1511 3719 1655 3772 enim
1685 3719 2005 3788 dispensans

423 3799 612 3853 venit:
647 3808 776 3855 tunc
813 3805 1028 3869 quando
1064 3815 1124 3858 ut
1170 3809 1306 3873 ovis,
1344 3811 1561 3878 quando
1594 3820 1650 3865 ιιι
1677 3811 1862 3880 Agnus
1889 3813 2009 3870 Dei.’

423 3889 483 3945 lu
525 3893 799 3960 principio
842 3903 1019 3949 autem
1058 3907 1173 3951 erat
1201 3899 1339 3954 Deus
1369 3902 1506 3970 apud
1537 3902 1700 3956 Deum
1732 3921 1747 3957 :
1781 3919 1902 3956 nam
1948 3913 2004 3958 et

423 3996 549 4035 cum
603 3985 743 4053 apud
802 4002 922 4052 nos,
983 3989 1121 4042 Deus
1171 3992 1446 4045 nobiscum
1483 3993 1848 4050 Emmanuel:
1898 4011 2003 4050 non

426 4073 566 4128 alius
600 4077 740 4145 apud
780 4075 1024 4144 Patrem,
1057 4081 1193 4135 alius
1225 4093 1404 4138 autem
1437 4085 1719 4140 nobiscum
1763 4095 1819 4140 ει
1869 4086 2008 4142 alius

423 4176 542 4219 erat
569 4183 584 4220 :
615 4183 841 4224 manens
881 4170 1142 4239 siquidem
1188 4173 1241 4226 in
1295 4176 1465 4245 ﬁgura
1509 4175 1605 4231 Dei
1649 4179 2006 4245 constitutus,

424 4256 587 4312 istam
614 4270 858 4315 nostram
901 4262 1126 4332 ﬁguram
1165 4266 1308 4320 servi
1363 4269 1620 4336 accepit:
1672 4282 1778 4323 non
1821 4269 1890 4323 ab
1916 4269 2004 4323 illa

422 4349 682 4403 recedens
713 4350 874 4404 istam
907 4352 1196 4407 honoravit
1226 4368 1242 4407 :
1286 4370 1392 4409 non
1426 4360 1494 4410 ab
1527 4355 1615 4410 illa
1654 4356 1874 4423 exiens,
1905 4372 2004 4413 nos

2107 1878 2159 1932 in
2203 1881 2419 1932 mundo.
2451 1878 2517 1932 In
2547 1882 2741 1934 mundo
2766 1919 2782 1944 ,
2828 1881 3038 1951 inquit,
3073 1893 3186 1935 erat
3219 1901 3239 1936 :
3270 1882 3543 1953 siquidem
3589 1886 3679 1938 ni-

2105 1970 2181 2024 hil
2208 1986 2435 2025 vacuum
2471 1973 2540 2027 ab
2572 1973 2689 2042 ipso
2713 1974 2876 2027 etiam
2917 1985 3044 2028 ante
3067 1977 3357 2030 adventum
3396 1976 3513 2043 ejus
3537 1988 3681 2032 erat.

2107 2061 2240 2127 Quia
2276 2077 2381 2115 non
2406 2063 2548 2116 enim
2593 2079 2720 2116 cum
2769 2065 3050 2132 apparuit,
3093 2075 3223 2119 tunc
3260 2076 3316 2120 et
3344 2068 3492 2119 venit
3534 2083 3548 2119 :
3585 2069 3683 2121 sed

2106 2161 2222 2205 erat
2253 2153 2460 2213 latens,
2489 2153 2736 2223 apparuit
2774 2156 2864 2221 qui
2899 2165 3016 2208 erat
3042 2156 3237 2210 latens.
3278 2155 3392 2210 Non
3420 2168 3546 2210 sunt
3577 2159 3686 2211 ista

2106 2255 2223 2301 mea
2246 2280 2262 2304 ,
2299 2243 2392 2296 sed
2413 2243 2780 2312 evangelistze.
2836 2245 2928 2297 Ait
2971 2245 3115 2298 enim
3139 2286 3157 2311 ,
3186 2243 3249 2298 In
3298 2247 3506 2299 arundo~
3543 2257 3680 2298 erat.

2108 2334 2213 2388 Sed
2239 2349 2425 2402 parum
2451 2336 2626 2389 visum
2649 2345 2729 2391 est
2755 2335 2803 2389 ei
2828 2336 2917 2404 qui
2951 2336 3120 2401 dixit,
3168 2337 3223 2391 l-n
3273 2338 3474 2391 mundo
3505 2348 3628 2392 erat
3664 2357 3680 2391 :

2105 2442 2160 2487 et
2212 2434 2333 2486 ideo
2393 2432 2588 2500 repetit
2625 2446 2934 2496 sermonem
2988 2432 3284 2501 religiose,
3337 2443 3393 2486 et
3430 2433 3600 2497 dicit,
3632 2445 3682 2486 et

2105 2525 2332 2578 mundus
2361 2540 2453 2592 per
2477 2525 2646 2592 ipsum
2681 2524 2852 2590 factus
2881 2537 2976 2576 est.
3032 2522 3098 2578 Ut
3149 2531 3329 2576 autem
3378 2538 3484 2576 non
3535 2534 3684 2577 esset

2105 2627 2475 2686 contemptus,
2510 2619 2602 2688 qui
2636 2619 2747 2682 ait,
2795 2617 2864 2672 In
2908 2620 3104 2672 mundo
3130 2631 3274 2685 erat,
3326 2619 3463 2672 dixit
3511 2620 3678 2674 etiam

2107 2708 2232 2776 quia
2264 2719 2386 2763 ante
2409 2710 2666 2764 mundum
2695 2719 2813 2763 erat
2846 2727 2859 2763 :
2892 2720 2946 2764 et
2970 2712 3074 2768 ait.
3112 2710 3179 2763 Et
3207 2713 3430 2763 mundus
3467 2727 3562 2778 per
3601 2714 3686 2777 ip—

2105 2793 2416 2869 sum/actus
2441 2812 2538 2858 est.
2595 2801 2708 2855 Hoc
2747 2801 3017 2872 signiﬁcat
3051 2803 3193 2871 quod
3240 2813 3366 2856 ante
3418 2803 3681 2855 ninndum

2105 2902 2241 2946 erat.
2273 2891 2341 2946 In
2372 2893 2565 2946 mundo
2591 2932 2605 2956 ,
2638 2894 2849 2962 inquit,
2885 2903 3018 2949 erat.
3057 2893 3338 2959 Quomodo
3379 2893 3430 2945 in
3478 2893 3683 2946 mundo

2106 2984 2261 3037 erat?
2283 2981 2437 3048 Erat,
2469 2983 2566 3049 ait,
2604 2983 2779 3037 lumen
2809 3000 3005 3047 verum,
3035 2983 3125 3052 qui
3171 2982 3436 3035 illuminat
3475 2997 3682 3033 omnem

2107 3078 2367 3130 hominem
2394 3072 2679 3130 venientem
2707 3078 2763 3128 in
2785 3076 2922 3129 hunc
2944 3077 3218 3129 mundum.
3255 3073 3325 3128 Ut
3367 3084 3547 3128 autem
3575 3090 3684 3127 non

2108 3168 2649 3230 diceret,venientem
2681 3167 2818 3237 (74),
2843 3168 2917 3220 ita
2945 3167 3100 3236 quasi
3135 3182 3239 3219 non
3274 3167 3490 3219 essetin
3525 3181 3686 3218 mun-

2107 3257 2206 3320 do,
2230 3265 2283 3310 et
2319 3267 2537 3324 putares
2563 3257 2686 3322 quia
2714 3258 2865 3311 venit
2901 3258 3117 3324 quidem
3147 3257 3236 3325 qui
3289 3271 3395 3309 non
3440 3257 3633 3309 aderat
3665 3273 3682 3308 :

2107 3347 2230 3401 ideo
2261 3357 2440 3401 tutans
2465 3347 2578 3418 ('75)
2604 3349 2762 3402 istam
2796 3347 3353 3416 suspicionemaddit,
3380 3346 3446 3398 In
3485 3349 3683 3400 mundo

2107 3448 2241 3492 erat.
2267 3439 2332 3491 Et
2355 3453 2421 3492 ne
2446 3437 2642 3492 iterum
2683 3448 2901 3507 putares
2934 3437 3056 3506 quia
3097 3453 3217 3492 cum
3261 3439 3457 3492 mundo
3502 3438 3682 3492 lactus

2106 3539 2224 3582 erat
2247 3568 2264 3592 ,
2295 3529 2490 3598 repetit
2519 3537 2572 3582 et
2600 3529 2762 3593 dicit,
2793 3527 2862 3582 Ει
2892 3532 3121 3582 mundus
3158 3545 3251 3597 per
3290 3529 3462 3598 ipsum
3505 3529 3682 3597 factus

2106 3628 2204 3673 est.
2247 3620 2302 3674 Si
2331 3621 2495 3689 igitur
2525 3636 2621 3687 per
2667 3621 2843 3689 ipsum
2878 3621 3055 3675 factus
3110 3630 3194 3675 est
3233 3621 3503 3685 mundus,
3559 3630 3681 3674 erat

2106 3712 2292 3781 utique
2312 3712 2486 3768 Filius
2513 3723 2802 3781 antequam
2837 3713 2991 3766 ﬁeret
3019 3712 3248 3766 mundus
3282 3728 3298 3764 :
3325 3712 3447 3781 quia
3467 3713 3536 3766 ab
3565 3714 3682 3781 ipso

2107 3804 2278 3856 laetus
2299 3812 2382 3858 est
2403 3803 2651 3856 mundus.
2681 3803 2918 3871 Denique
2939 3802 3099 3856 etiam
3130 3803 3198 3856 ab
3219 3802 3335 3870 ipso
3354 3801 3490 3858 Filio
3517 3804 3642 3856 audi
3661 3821 3678 3856 :

2110 3893 2190 3947 Da
2223 3894 2386 3964 mihi,
2420 3894 2632 3962 inquit,
2667 3892 2861 3956 Pater,
2888 3891 3146 3961 gloriam,
3171 3907 3326 3960 quam
3342 3890 3504 3944 habui
3535 3891 3680 3960 apud

2108 3998 2156 4040 te
2181 3996 2460 4054 antequam
2509 3988 2735 4038 mundus
2769 3984 2918 4052 ﬁeret
2948 3984 3016 4038 ⁸³.
3044 3983 3328 4051 Quomodo
3371 3998 3504 4054 ergo
3524 4024 3539 4046 ,
3601 3985 3682 4036 in-

2109 4078 2262 4147 quit,
2289 4085 2408 4130 erat
2436 4077 2488 4130 in
2522 4074 2768 4129 mundo?
2794 4072 2850 4128 1η
2889 4075 3088 4128 mundo
3119 4082 3275 4138 erat,
3323 4085 3377 4128 et
3409 4079 3477 4126 ad
3517 4090 3678 4128 mun—

2109 4171 2236 4225 dum
2275 4170 2445 4224 venit.
2477 4166 2941 4235 Quemadmodum
2971 4173 3150 4220 autem
3176 4168 3337 4220 etiam
3372 4167 3502 4219 illud
3535 4168 3688 4220 acci-

2105 4260 2193 4330 pis
2229 4259 2434 4316 dictum
2469 4278 2484 4314 :
2523 4259 2776 4313 Dominus
2802 4260 3035 4328 regnavit
3065 4257 3110 4288 ⁶⁰
3131 4257 3152 4308 7
3173 4256 3285 4311 Rex
3314 4257 3459 4310 enim
3487 4267 3570 4310 est
3599 4258 3682 4310 in—

2109 4352 2370 4409 deﬁciens
2399 4369 2414 4406 :
2447 4367 2553 4407 non
2583 4367 2725 4406 nunc
2748 4347 2964 4421 quidem
3005 4365 3098 4404 rex
3123 4387 3142 4414 ,
3181 4348 3470 4418 aliquando
3497 4357 3679 4402 autem

422 4438 652 4495 salvavit
687 4460 700 4495 :
736 4458 841 4496 non
881 4444 1099 4514 reliquit
1131 4455 1404 4513 pastorem
1427 4488 1443 4515 ,
1492 4456 1547 4502 et
1575 4450 1785 4517 accepit
1821 4464 1998 4503 ovem.
2033 4470 2078 4526 ι)
2109 4458 2214 4498 non
2239 4483 2253 4507 .
2288 4458 2386 4497 nec
2419 4449 2602 4511 Postea
2645 4457 2771 4498 ηοη-
2800 4440 3264 4505 Quemadmodum
3311 4454 3442 4504 ει·βο
3475 4440 3679 4493 ("Clum

420 4527 886 4598 Quemadmodum
918 4534 1061 4587 enim
1091 4535 1182 4603 qui
1213 4550 1318 4589 non
1353 4547 1533 4590 manet
1560 4538 1703 4606 quod
1738 4549 1880 4602 erat,
1913 4553 2000 4605 po.

421 4626 566 4674 terat
590 4623 836 4691 accipere
862 4627 1005 4693 quod
1037 4627 1278 4696 accepit?
1310 4626 1426 4682 Non
1457 4637 1574 4682 erat
1602 4629 1855 4698 possibile
1891 4645 1947 4684 sa
1960 4630 2004 4681 I-

390 4696 394 4701 .
418 4725 550 4768 vare
575 4713 821 4768 homines
841 4715 1110 4785 homines,
1143 4719 1268 4787 quia
1303 4720 1547 4775 homines
1575 4721 1916 4789 subjacemus
1943 4731 2000 4776 et

418 4805 653 4873 propriis
697 4807 934 4875 peccatis
980 4818 1037 4862 et
1085 4809 1236 4866 clade
1263 4812 1416 4882 (75):
1454 4813 1673 4866 tenebat
1707 4827 1840 4867 sane
1883 4827 1999 4866 ma-

417 4892 674 4950 ledictum
708 4911 856 4953 mors
887 4908 943 4952 et
963 4898 1292 4968 corruptela,
1329 4909 1384 4954 et
1411 4909 1470 4954 ut
1506 4910 1769 4971 tyrannus
1801 4915 1997 4970 regna-

416 4987 510 5041 bat
533 4988 782 5045 diabolus
813 4999 863 5046 et
890 4992 1298 5048 bacchabantur
1329 4995 1622 5050 daemones.
1651 4993 1998 5049 Consuetudo

417 5089 596 5136 autem
631 5085 801 5152 magis
832 5095 1017 5138 nostra
1056 5085 1269 5140 vincula
1305 5087 1731 5157 constringebat.
1758 5085 2000 5140 Baccha-

417 5173 580 5228 batur
600 5176 742 5229 enim
771 5178 823 5231 in
852 5179 1009 5234 nobis
1030 5187 1085 5234 et
1105 5179 1271 5237 libido
1293 5193 1348 5237 et
1375 5182 1589 5237 tenebat
1612 5182 2006 5252 concupiscen-

526 5352 573 5387 ⁸⁷
597 5355 755 5412 Joan.
790 5373 830 5424 ι,
860 5359 914 5414 8.
987 5359 1037 5393 ⁵⁸
1065 5359 1198 5416 ibid.
1273 5363 1320 5394 ⁸⁸
1359 5361 1537 5418 Joan.‘
1569 5377 1678 5417 xvu
1702 5403 1717 5429 ,
1771 5364 1822 5417 l.

491 5506 604 5576 (75)
640 5509 820 5565 Clade.
845 5512 1008 5568 Forte
1041 5513 1199 5572 cladi.

497 5578 613 5646 (74)
636 5578 932 5635 Venienlem
963 5585 1018 5637 in
1049 5587 1209 5641 hunc.
1243 5585 1569 5641 Vertendum
1600 5589 1695 5640 fuit
1730 5603 1793 5641 ex
1826 5587 1990 5641 Euse-

427 5647 501 5728 liii
527 5652 743 5714 quidem
780 5663 960 5728 tuente
1001 5656 1209 5728 veniens
1240 5672 1270 5728 Δε
1320 5673 1442 5710 nam
1485 5659 1778 5728 ἐρχόμενον
1804 5660 1988 5712 retulit

415 5715 498 5791 Aad
531 5732 716 5770 vorem
757 5719 891 5786 φῶς,
929 5739 1035 5778 non
1067 5726 1130 5776 ad
1165 5724 1450 5796 ἄνθρωπον
1485 5715 1686 5796 ε’ίίιιὸί]
1726 5730 1858 5783 satis
1898 5746 1987 5783 os-

2105 4541 2190 4587 est
2211 4572 2227 4597 ,
2252 4531 2506 4585 Dominus
2531 4533 2798 4600 regnavit,
2831 4537 2990 4598 prout
3014 4528 3218 4583 diceret
3242 4567 3258 4591 ,
3300 4526 3561 4581 llomines
3592 4542 3678 4580 re-

2104 4623 2254 4694 gnati
2293 4631 2458 4687 sunt,
2497 4632 2589 4676 aut
2619 4628 3002 4690 regnaverunt.
3032 4619 3148 4674 Non
3173 4619 3317 4674 enim
3359 4619 3447 4671 ille
3469 4618 3680 4687 accepit

2102 4714 2242 4785 quod
2267 4730 2372 4770 non
2400 4714 2634 4768 habebat
2660 4729 2676 4768 :
2707 4712 2799 4768 sed
2831 4725 2932 4765 nos
2963 4711 3109 4780 digni
3135 4711 3329 4764 iterum
3363 4707 3677 4776 iudicamur

2101 4823 2167 4864 eo
2193 4823 2223 4862 a
2263 4822 2370 4878 quo
2396 4806 2719 4862 excidimus.
2760 4801 2870 4859 Nos
2894 4803 3076 4871 itaque
3121 4817 3449 4872 regnamur.
3482 4810 3538 4857 et
3576 4802 3679 4856 iste

2098 4910 2313 4968 regnat.
2370 4898 2486 4953 Non
2539 4913 2681 4951 nunc
2733 4910 3018 4950 assumens
3076 4894 3410 4962 imperium:
3441 4893 3536 4948 sed
3578 4907 3678 4946 nos

2100 4991 2398 5048 liberamur
2427 5005 2457 5044 a
2493 4988 2796 5060 tyrannide.
2832 4986 2899 5039 In
2924 4988 3121 5040 mundo
3142 5027 3156 5053 ,
3195 4988 3410 5055 inquit,
3451 4997 3590 5042 erat.
3616 4985 3675 5040 Si

2101 5083 2156 5138 in
2193 5083 2394 5138 mundo
2413 5091 2528 5136 erat
2550 5122 2565 5146 ,
2596 5079 2876 5150 quomodo
2914 5078 3060 5131 venit
3086 5077 3137 5131 in
3165 5078 3406 5132 mundo?
3434 5078 3679 5147 Apparet

2103 5178 2158 5232 in
2191 5179 2412 5233 mundo.
2444 5175 2585 5243 Quid
2633 5188 2763 5244 ergo
2807 5187 2915 5227 non
2963 5171 3114 5226 vadit
3159 5186 3224 5228 ex
3268 5171 3676 5229 mundoibicit

1901 5362 1942 5393 ⁶⁰
1977 5360 2124 5417 Psal.
2173 5375 2319 5426 xcu,
2377 5370 2536 5426 xcvr,
2585 5371 2772 5411 xcvut.

2099 5516 2272 5569 tendit
2299 5523 2408 5568 tum
2439 5512 2716 5568 enarratio
2738 5526 2856 5579 qua:
2873 5510 3137 5579 sequitur,
3169 5519 3278 5564 tum
3310 5510 3448 5565 alius
3484 5521 3664 5578 postea

2096 5585 2248 5638 locus
2285 5587 2422 5637 iul'ra
2454 5586 2540 5636 ubi
2577 5585 2769 5651 legitur
2796 5581 2922 5635 Erat
2953 5584 3125 5635 lumen
3155 5597 3332 5635 verum
3378 5582 3586 5635 ueniens
3615 5584 3664 5631 in

2096 5656 2233 5708 Imm.
2261 5657 2533 5714 mundum,
2564 5664 2669 5706 etc.

2173 5726 2283 5796 (73)
2318 5725 2539 5777 Tullius.
2586 5720 3060 5794 ’Λσφαλιζῶμενος,
3085 5725 3433 5791 propulsans,
3457 5735 3664 5776 arcens.
