3822 6218
126 309 285 368 1055

1000 309 1086 368 DE
1124 311 1282 370 FIDE
1319 313 1695 372 ADVERSUS
1732 314 2144 372 SABELLIUM.
2169 301 2256 364 ἷ-
2291 313 2420 372 LIB.
2461 314 2512 375 t.

3260 319 3398 378 1054

122 434 289 488 enim‘
318 451 332 487 :
365 431 554 486 Adhuc
576 432 781 487 modice
808 432 984 489 iumen
1009 437 1272 491 vobiscum
1302 447 1400 492 est.
1452 437 1600 493 Vada
1637 439 1707 493 ad
1735 435 1784 502 Α
1813 441 1886 494 ris
1923 439 2186 509 Spiritum
2209 441 2498 494 venientem
2526 479 2542 505 ,
2568 438 2652 493 hic
2673 447 2749 494 est
2781 439 2866 495 ‘7?
2887 439 2946 495 Si
2982 438 3146 511 igitur
3167 455 3401 511 evange-

123 541 251 580 eum
277 524 368 596 qui
399 540 480 577 me
506 525 645 578 misit
668 541 688 580 :
716 528 964 595 quaeretis
996 545 1098 591 me,
1125 540 1172 582 et
1213 547 1317 583 non
1345 532 1613 585 invenietis
1638 530 1707 584 ⁶¹.

123 617 289 672 Nunc
313 617 501 682 vadit,
533 629 589 672 et
616 617 875 688 relinquit
912 620 1194 675 mundum.
1225 620 1331 676 Sed
1373 622 1565 676 iterum
1596 622 1711 692 ipse

125 709 268 764 dicit
300 727 315 764 :
353 706 489 764 Ecce
513 725 608 780 ego
644 711 910 764 vobiscum
942 727 1060 765 sum
1093 728 1256 781 usque
1280 713 1349 764 ad
1376 729 1710 766 consumma-

125 805 328 856 tionem
351 802 536 855 steculi
568 803 634 855 δ’.
656 803 863 858 Aderat
889 819 1020 874 ergo
1043 847 1058 872 ,
1087 815 1143 860 et
1167 813 1454 877 antequam
1491 804 1714 859 adveni-

127 907 258 964 ret,
291 899 445 953 adest
472 899 634 953 etiam
677 908 966 969 postquam
1012 903 1278 968 perrexit.
1324 903 1540 956 Intuere
1581 915 1712 970 ergo

131 991 595 1058 quemadmodum
639 992 690 1045 in
718 994 922 1046 mundo
945 1004 1064 1047 erat
1089 993 1456 1049 invisibiliter.
1495 994 1625 1047 Nam
1660 996 1711 1048 id

130 1080 450 1136 videntibus
488 1081 776 1149 apostolis,
803 1091 856 1137 et
879 1083 1156 1138 nobiscum
1188 1096 1271 1138 est
1299 1100 1467 1154 usque
1495 1086 1562 1138 ad
1584 1101 1714 1138 eon-

129 1174 556 1227 summationem
585 1175 769 1230 saeculi
803 1193 817 1229 :
843 1175 1206 1244 incorporalis
1227 1177 1370 1230 enim
1405 1187 1597 1230 natura
1629 1177 1714 1230 Ιο-

132 1267 216 1322 cis
245 1283 351 1322 non
379 1267 872 1322 circumscribitur.
903 1267 1008 1322 Sed
1036 1277 1386 1338 posteaquam
1419 1269 1712 1339 assumpsit

131 1374 366 1428 corpus,
418 1376 524 1414 non
577 1368 636 1414 ut
680 1359 1054 1415 recluderetur
1107 1361 1402 1430 assumpsit
1447 1381 1462 1416 ε
1501 1361 1714 1416 salvare

131 1451 280 1504 enim
315 1452 497 1515 venit,
525 1460 579 1504 et
605 1465 712 1504 non
746 1451 924 1504 minus
967 1450 1210 1505 exaltare
1234 1489 1249 1514 ,
1288 1459 1343 1503 et
1394 1464 1499 1504 non
1533 1451 1714 1504 humi-

131 1539 272 1595 liare
301 1540 430 1609 (non
458 1540 585 1610 quia
617 1555 722 1593 non
754 1554 812 1593 se
870 1540 1175 1592 humiliavit
1208 1558 1221 1597 :
1259 1539 1534 1593 humiliari
1569 1539 1714 1593 enim

131 1631 280 1696 dico,
309 1629 559 1684 decidere
594 1644 716 1684 eum
750 1645 778 1684 a
806 1645 900 1684 sua
928 1629 1238 1697 dignitate),
1268 1630 1360 1682 sed
1385 1628 1564 1694 potius
1592 1628 1713 1682 abs-

135 1722 375 1776 condere
427 1735 583 1775 suam
619 1721 960 1791 dignitatem.
1000 1719 1053 1772 Si
1083 1720 1226 1774 enim
1267 1719 1382 1788 ipse
1421 1717 1622 1773 decidit
1648 1721 1716 1772 ab

1817 536 1939 589 lista
1965 535 2125 602 dicit,
2160 530 2334 598 Erat;
2360 533 2601 602 Baptista
2643 541 2823 588 autem
2847 534 3020 598 dicit,
3049 533 3155 587 Hic
3189 545 3263 589 est
3294 550 3313 588 :
3345 546 3404 592 et

1820 628 2054 698 Spiritus
2105 635 2338 682 testatur
2369 627 2497 696 quia
2536 626 2650 694 ipse
2704 634 2827 692 est;
2858 634 2914 680 et
2964 626 3127 681 Pater
3173 629 3402 683 demon-

1819 732 2004 776 SIrans
2036 719 2196 782 dicit,
2236 717 2341 773 Hic
2370 728 2565 784 est;et
2593 717 2766 773 Filius
2804 717 2965 783 dicit,
3008 719 3120 788 Ego
3155 739 3310 787 sum;
3338 731 3394 777 et

1818 811 2094 866 daemones
2121 810 2312 865 dicunt
2337 849 2356 876 ,
2382 809 2460 864 Tu
2486 827 2540 865 es
2571 824 2590 862 :
2623 826 2743 880 quae
2775 813 3085 879 procacitas
3116 813 3213 867 ista
3238 823 3321 868 est
3346 823 3406 870 ut

1819 917 1925 957 non
1961 903 2190 958 credat?
2211 904 2320 959 Aut
2349 903 2493 956 enim
2521 903 2664 956 Patri
2699 905 2892 968 crede,
2928 913 3020 957 aut
3045 904 3182 959 Filio
3205 909 3364 962 obedi
3385 948 3402 974 ,

1821 1004 1913 1047 aut
1940 994 2202 1062 Spiritum
2231 995 2476 1050 censenti
2494 1037 2509 1061 ,
2538 1005 2631 1049 aut
2664 1011 2786 1050 eum
2813 997 3090 1067 prephetis
3107 983 3404 1068 eoneorda,

1820 1094 1914 1140 aut
1943 1102 2064 1141 cum
2087 1087 2392 1157 legislatore
2419 1087 2712 1155 conﬁtere,
2746 1098 2840 1142 aut
2867 1098 3015 1144 certe
3048 1105 3170 1144 cum
3203 1092 3406 1148 daamo-

1825 1180 1985 1233 nibus
2010 1179 2116 1233 noli
2153 1193 2374 1249 negare.
2407 1178 2489 1234 Illi
2532 1179 2678 1234 enim
2705 1179 2890 1234 dicunt
2923 1199 2936 1234 :
2968 1178 3178 1234 Scimus
3219 1192 3267 1236 te
3315 1182 3407 1252 qui

1819 1272 1894 1326 sis
1927 1272 2000 1336 ⁸⁸,
2035 1279 2092 1326 et
2137 1286 2242 1326 non
2296 1280 2513 1326 cessant
2567 1271 2926 1326 conﬁtentes.
2955 1270 3404 1343 Quotiescunque

1823 1362 1965 1418 enim
1997 1362 2368 1417 nominaveris
2399 1364 2738 1419 daemonibus
2790 1364 2984 1420 Filium
3036 1366 3130 1421 Dei
3187 1365 3402 1424 at‘ﬁxum

1821 1454 2016 1521 cruci,
2078 1462 2374 1510 trementes
2429 1457 2612 1510 statim
2659 1470 2793 1510 voce
2828 1456 3001 1524 prima
3050 1457 3404 1513 conﬁtentur.

1821 1545 1918 1600 Est
1947 1545 2091 1600 enim
2123 1546 2290 1602 Filius
2318 1587 2333 1611 ,
2361 1555 2416 1600 et
2448 1556 2668 1614 manet,
2695 1554 2750 1600 et
2773 1563 2999 1616 regnum
3027 1549 3141 1615 ejus
3176 1565 3281 1604 non
3306 1550 3408 1604 ha-

1821 1637 1913 1692 bet
1939 1636 2123 1691 ﬁnem.
2154 1635 2261 1692 Sed
2297 1638 2460 1692 ﬁnem
2487 1637 2685 1691 habeat
2707 1652 2768 1692 os
2797 1637 2942 1692 illius
2967 1639 3058 1707 qui
3086 1639 3253 1707 dixit,
3279 1640 3406 1708 quia

1823 1731 1976 1801 regni
2003 1729 2121 1801 ejus
2149 1739 2233 1785 est
2270 1730 2410 1783 ﬁnis.
2439 1728 2601 1784 Pater
2623 1730 2766 1784 enim
2806 1731 2896 1799 qui
2929 1731 3111 1800 genuit
3147 1746 3254 1786 non
3283 1745 3405 1800 pte-

131 1826 203 1867 eo
239 1813 381 1881 quod
413 1820 533 1865 erat
569 1812 709 1866 Deus
733 1852 750 1875 ,
809 1827 909 1866 nos
949 1826 1056 1864 non
1104 1811 1291 1879 utique
1329 1812 1607 1864 revocavit
1643 1811 1708 1864 ad

1823 1824 2020 1877 nitetur
2045 1823 2110 1877 de
2141 1822 2277 1876 bona
2311 1821 2588 1892 progenie,
2617 1835 2721 1875 non
2757 1821 2978 1875 devorat
3003 1837 3158 1876 suum
3186 1821 3406 1878 Filium.

131 1917 255 1957 eam
283 1919 348 1956 ex
378 1919 481 1972 qua
507 1904 824 1959 cecidimus.
853 1902 1080 1957 Salvare
1123 1902 1290 1970 igitur
1338 1903 1500 1966 venit,
1534 1901 1714 1956 Domi-

1823 1913 2120 1969 lnvidemus
2147 1913 2360 1968 fabulas
2381 1914 2643 1983 gentium,
2663 1920 2717 1967 et
2732 1912 2928 1966 iterum
2946 1915 3164 1967 easdem
3190 1914 3408 1970 induci-

133 2009 243 2049 nus
267 2033 283 2059 ,
314 2009 421 2048 non
453 2005 633 2048 tamen
670 1995 920 2049 amittere
951 1995 1095 2061 quod
1116 1992 1372 2046 habebat.
1400 1991 1553 2047 Fecit
1578 1991 1714 2046 bene

134 2087 254 2157 ipse
292 2101 518 2142 manens
563 2086 616 2141 in
649 2101 756 2155 quo
777 2095 888 2139 erat
931 2084 1070 2155 (76),
1105 2099 1212 2138 non
1243 2094 1434 2138 natura
1459 2084 1715 2138 excidens

132 2193 235 2233 sua
254 2218 270 2244 ,
296 2177 392 2233 sed
418 2177 797 2232 misericordia
826 2177 999 2230 utitur
1030 2174 1230 2229 Patris.
1270 2173 1410 2240 Quid
1439 2189 1564 2243 ergo
1589 2189 1717 2243 pro-

133 2269 372 2342 positum
411 2279 534 2324 erat
554 2270 713 2325 nobis
745 2270 929 2324 dicere
951 2309 966 2333 ,
993 2269 1134 2337 quod
1165 2267 1336 2323 solum
1374 2270 1423 2321 ei
1449 2268 1718 2321 "convenit

133 2361 288 2415 dici?
315 2360 492 2416 solum
530 2373 710 2415 autem
763 2360 1020 2415 convenit
1066 2360 1172 2414 dici
1200 2400 1216 2425 ,
1250 2359 1375 2427 quia
1425 2367 1510 2412 est
1558 2357 1721 2413 Pater

129 2469 296 2519 vere,
322 2466 407 2510 est
453 2464 510 2509 et
563 2455 733 2510 Filius
759 2469 921 2517 vere,
955 2462 1039 2507 est
1074 2464 1128 2508 et
1176 2451 1415 2522 Spiritus
1474 2461 1714 2505 sanctus.

131 2545 255 2602 Non
280 2547 438 2601 Otiosi
471 2561 752 2601 sermones
776 2586 790 2610 ,
821 2561 928 2600 non
953 2560 1124 2599 vacua
1148 2543 1318 2598 verba
1345 2583 1360 2608 ,
1388 2544 1481 2598 sed
1529 2553 1718 2596 natura

132 2655 287 2694 vera.
313 2639 475 2694 Pater
498 2654 603 2694 non
636 2647 800 2694 natus
825 2679 840 2703 ,
869 2647 924 2693 et
950 2638 1099 2692 solus
1131 2652 1235 2690 non
1290 2646 1450 2691 natus
1484 2654 1496 2688 :
1528 2645 1581 2689 et
1631 2634 1721 2689 Fi-

138 2729 254 2784 lius
286 2729 598 2798 unigenitus
621 2769 636 2792 ,
693 2736 749 2782 et
796 2727 942 2782 solus
971 2727 1283 2797 unigenitus
1323 2737 1407 2781 est
1441 2743 1456 2778 :
1486 2725 1722 2794 Spiritus

134 2831 362 2877 sanctus
403 2823 492 2891 qui
542 2837 571 2874 a
622 2820 762 2875 Filio
820 2820 1116 2875 secundum
1163 2819 1344 2874 Patris
1387 2819 1722 2873 voluntatem

133 2916 394 2974 mittitur.
420 2915 516 2968 Vis
560 2923 740 2970 autem
791 2913 1007 2968 edoceri
1037 2913 1162 2982 quia
1208 2913 1324 2966 haec
1356 2925 1485 2965 vere
1534 2911 1723 2964 dicun-

143 3020 235 3064 tur
257 3009 372 3079 (77)
397 3009 421 3062 ‘i
459 3007 621 3063 Venit
647 3007 906 3062 Dominus
944 3007 1010 3060 ad
1028 3006 1352 3075 baptismum
1379 3004 1602 3060 Joannis
1622 3044 1638 3069 ,
1669 3011 1725 3058 et

135 3101 346 3155 videbis
371 3100 462 3168 qui
494 3111 578 3154 est
598 3099 688 3168 qui
719 3099 886 3163 dicit,
931 3098 1034 3151 Hic
1067 3106 1144 3151 est
1179 3095 1356 3150 Filius
1407 3113 1556 3150 meus
1583 3095 1723 3149 dile-

133 3193 399 3246 ctissimus
420 3232 435 3257 ,
459 3194 514 3245 in
541 3207 643 3259 quo
680 3190 811 3243 mihi
849 3189 970 3242 bene
997 3188 1290 3258 complacui
1324 3188 1391 3241 ⁸³.
1425 3187 1561 3254 Quis
1585 3187 1722 3242 dicit

135 3284 294 3340 hzec?
325 3285 512 3352 utique
540 3281 702 3335 Pater
723 3281 788 3335 de
816 3281 927 3335 Deo
947 3319 963 3344 ,
997 3279 1088 3348 qui
1117 3279 1401 3332 videbatur
1445 3286 1502 3330 ut
1532 3277 1718 3331 homo.

139 3377 246 3446 Qui
274 3375 409 3430 dicit
463 3389 634 3444 ergo,
697 3373 862 3427 Pater
910 3382 992 3426 est
1033 3373 1144 3425 :de
1189 3385 1297 3438 quo
1346 3369 1718 3422 testimonium

136 3479 287 3534 erat,
316 3467 488 3522 Filius
541 3476 626 3521 est
657 3485 671 3527 :
699 3465 940 3535 Spiritus
997 3465 1050 3517 in
1099 3464 1278 3532 specie
1327 3463 1610 3516 columbae.
1655 3463 1722 3517 Et

137 3563 232 3634 qui
265 3573 325 3617 ut
352 3563 510 3615 homo
547 3563 872 3628 apparebat,
901 3566 955 3612 et
976 3557 1066 3626 qui
1119 3557 1169 3609 in
1226 3555 1446 3609 homine
1489 3555 1711 3609 habita-

135 3657 233 3710 bat
255 3696 270 3719 ,
300 3663 356 3708 et
381 3654 472 3723 qui
497 3654 548 3706 in
581 3666 813 3721 corpore
841 3659 992 3714 erat,
1021 3648 1326 3704 testabatur
1357 3657 1412 3702 et
1452 3649 1670 3703 dicebat
1698 3667 1714 3702 :

139 3748 365 3817 Expedit
398 3747 535 3800 vobis
566 3754 620 3798 ut
652 3761 745 3814 ego
786 3744 996 3797 vatiam.
1058 3741 1122 3796 Si
1155 3741 1326 3804 enim,
1375 3739 1592 3808 inquit,
1626 3755 1719 3807 ego

140 3860 246 3897 non
270 3842 382 3894 iero
407 3880 422 3905 ,
451 3839 680 3909 Spiritus
698 3852 800 3890 non
830 3839 994 3889 veniet
1024 3851 1043 3888 :
1067 3850 1186 3887 cum
1225 3849 1318 3904 ego
1346 3833 1491 3896 iero,
1523 3833 1716 3900 rogabo

140 3933 357 3988 Patrem
383 3948 554 3986 meum
584 3931 649 3984 ⁸⁵.
685 3928 802 3983 Non
855 3937 1036 3981 tamen
1069 3942 1158 3982 me
1193 3936 1248 3980 et
1291 3925 1458 3979 alium
1490 3929 1721 3978 advoca-

137 4036 254 4081 tum
290 4025 467 4080 mittet
485 4025 645 4078 Pater
674 4022 740 4075 ad
775 4036 894 4077 vos.
932 4021 1035 4087 Qui
1061 4019 1241 4086 vadit,
1265 4028 1320 4074 et
1349 4019 1443 4088 qui
1470 4027 1714 4087 rogatur,

133 4127 192 4173 et
225 4120 316 4188 qui
351 4117 621 4180 mittitur,
677 4129 782 4169 non
839 4115 911 4169 dii
947 4115 1220 4168 dicuntur.
1257 4112 1409 4167 Unus
1449 4112 1601 4166 enim.
1635 4118 1720 4164 est

135 4209 281 4263 Deus
317 4223 346 4262 a
375 4223 481 4276 quo
511 4217 638 4261 sunt
690 4207 869 4260 omnia
894 4245 910 4270 ,
959 4215 1015 4259 et
1069 4219 1210 4259 unus
1262 4203 1522 4258 Dominus
1560 4202 1718 4258 Jesus

134 4316 236 4372 per
265 4295 424 4370 quem
459 4308 586 4354 sunt
613 4296 818 4353 omnia.
851 4297 957 4352 Sed
989 4312 1127 4350 unus
1152 4296 1291 4350 Deus
1310 4311 1415 4350 non
1454 4305 1634 4361 natus,
1665 4304 1720 4354 et

134 4409 280 4449 unus
312 4392 628 4463 unigenitus
655 4391 914 4446 Dominus
938 4399 1100 4444 natus
1129 4404 1158 4442 a
1188 4389 1296 4446 Deo
1331 4396 1435 4442 est.
1466 4386 1521 4442 Si
1570 4390 1717 4442 enim

1813 2020 1936 2060 mus
1971 2021 1985 2058 :
2023 2019 2129 2058 non
2161 2019 2283 2070 nos,
2301 2007 2395 2058 sed
2420 2003 2511 2073 qui
2542 2017 2707 2058 ausus
2729 2012 2812 2056 est
2840 2002 3056 2057 Galata.
3094 2004 3235 2058 Deus
3261 2005 3407 2058 enim

1814 2110 1923 2149 non
1944 2109 2130 2150 vocem
2158 2094 2344 2164 genuit
2371 2094 2464 2148 sed
2485 2092 2703 2156 Filium,
2730 2108 2833 2145 non
2859 2108 3163 2148 sermonem
3199 2094 3293 2148 sed
3328 2093 3410 2147 vi-

1817 2195 2074 2250 tam,non
2092 2185 2293 2239 dictum
2309 2185 2402 2238 sed
2437 2184 2626 2238 Deum.
2654 2184 2807 2252 Apud
2841 2183 3008 2238 Deum
3036 2185 3205 2246 enim.
3225 2199 3329 2240 non
3351 2183 3408 2238 in

1817 2291 1914 2332 ore
1972 2277 2065 2330 Dei
2095 2295 2108 2330 :
2171 2277 2236 2331 ad
2264 2275 2540 2331 dexteram
2572 2275 2701 2344 Dei,
2727 2293 2832 2332 non
2865 2286 3039 2331 tamen
3072 2279 3161 2348 qui
3192 2279 3245 2332 in
3275 2292 3409 2334 voce

1819 2378 1924 2422 est.
1961 2365 2207 2422 Judicem
2244 2382 2365 2422 eum
2391 2366 2483 2436 qui
2507 2367 2777 2431 viviﬁcat,
2817 2383 3006 2423 verum
3061 2370 3280 2435 lumen,
3309 2370 3408 2438 ju-

1819 2461 1980 2516 stitizc
2008 2459 2209 2515 solem.
2241 2459 2446 2512 Lumen
2482 2467 2662 2511 autem
2695 2474 2802 2512 non
2838 2459 2963 2525 tale,
2995 2461 3154 2529 quale
3183 2471 3238 2515 et
3265 2462 3407 2531 apud

1820 2567 1964 2606 nos:
2000 2551 2133 2604 nihil
2170 2549 2504 2617 accipiamus
2533 2548 2748 2604 visibile
2781 2550 2846 2602 ad
2892 2551 3283 2606 exhibitionem
3316 2553 3406 2608 in-

1821 2641 2076 2697 visibilis.
2103 2641 2218 2696 Non
2250 2643 2383 2696 mihi
2410 2643 2570 2696 isthic
2605 2642 2776 2695 fontes
2795 2642 3032 2696 adducas
3057 2643 3109 2699 in
3131 2644 3362 2698 medium
3387 2665 3405 2702 :

1823 2750 1928 2790 non
1955 2734 2122 2790 solem
2159 2744 2214 2790 et
2235 2733 2353 2802 ejus
2381 2735 2583 2789 lumen.
2622 2735 2753 2800 Quae
2783 2735 2926 2788 enim
2963 2750 3059 2804 per
3107 2737 3302 2792 Filium
3327 2739 3409 2792 fa-

1823 2838 1906 2882 cta
1943 2837 2100 2894 sunt,
2135 2843 2240 2883 non
2268 2840 2659 2896 comparantur
2682 2830 2841 2885 Filio.
2874 2829 2986 2885 lloc
3015 2830 3160 2884 enim
3212 2832 3400 2888 lumen

1823 2933 1930 2972 non
1953 2927 2036 2973 est
2055 2919 2216 2985 solis,
2243 2922 2338 2975 sed
2373 2918 2662 2975 efﬁcientia
2714 2921 2846 2975 solis
2877 2938 2890 2973 :
2924 2920 3025 2975 hoc
3081 2921 3266 2976 lumen
3298 2937 3406 2977 non

1824 3009 1993 3065 habet
2015 3013 2180 3064 vitam
2211 3055 2225 3078 ,
2251 3010 2422 3065 Filius
2454 3021 2633 3065 autem
2662 3012 2770 3065 vita
2797 3020 2882 3066 est
2913 3027 2928 3066 :
2956 3012 3057 3067 hoc
3082 3011 3262 3068 lumen
3298 3027 3406 3066 non

1827 3103 2002 3170 aperit
2063 3102 2247 3158 oculos
2282 3118 2589 3167 caecorum,
2645 3104 2738 3158 sed
2777 3103 2862 3159 his
2910 3105 3002 3172 qui
3058 3104 3235 3160 creati
3281 3113 3409 3159 sunt

1829 3193 2036 3264 praebet
2071 3196 2276 3250 videre.
2309 3194 2413 3249 Sed
2452 3209 2519 3249 ne
2547 3195 2764 3264 quidem
2793 3197 2899 3251 hoc
2928 3212 2956 3250 a
2981 3211 3040 3252 se
3065 3237 3080 3264 ,
3111 3199 3204 3252 sed
3245 3199 3314 3253 ab
3342 3213 3410 3253 eo

1827 3289 1917 3357 qui
1950 3287 2192 3343 indulsit.
2233 3287 2345 3344 lloc
2379 3288 2556 3343 lumen
2586 3289 2640 3343 in
2677 3274 2912 3350 tenebris
2967 3305 3073 3346 non
3111 3289 3252 3346 lucet
3286 3304 3301 3343 :
3330 3299 3416 3346 te-

1829 3379 2011 3433 nebrae
2037 3379 2181 3433 enim
2229 3394 2352 3433 eum
2409 3393 2512 3432 non
2543 3379 3034 3447 comprehendunt.
3074 3379 3152 3436 De
3187 3381 3278 3436 illo
3307 3395 3411 3436 au-

1829 3480 1937 3524 tem
1967 3470 2170 3524 lumine
2196 3471 2395 3525 dictum
2428 3479 2512 3524 est
2541 3491 2554 3525 :
2589 3469 2788 3525 Lumen
2812 3472 2866 3523 in
2892 3472 3113 3524 tenebris
3136 3471 3303 3540 lucet,
3333 3481 3411 3526 tea

1826 3559 1998 3612 uebrae
2026 3573 2144 3610 eum
2174 3573 2279 3609 non
2306 3557 2805 3625 comprehenderunt
2830 3555 2897 3609 θ’.
2931 3555 3048 3611 Hoc
3090 3555 3268 3610 lumen
3300 3572 3408 3612 non

1825 3650 2034 3719 pascit,
2062 3663 2168 3704 non
2202 3650 2464 3703 transfert
2490 3663 2684 3718 aquam
2713 3648 2780 3702 ad
2814 3648 3000 3702 vinum
3037 3648 3179 3703 :hoc
3225 3647 3408 3702 lmnen

1825 3759 1933 3797 non
1963 3742 2193 3796 suscitat
2215 3751 2489 3805 mortuos,
2525 3741 2618 3796 sed
2647 3740 2884 3795 otiosum
2933 3749 3018 3794 est
3049 3739 3274 3795 mortuis
3310 3758 3324 3794 :
3355 3749 3412 3799 ct

1826 3851 1932 3890 non
1960 3834 2088 3906 quia
2115 3849 2404 3889 commune
2435 3844 2519 3888 est
2551 3848 2746 3888 nomen
2776 3873 2791 3898 ,
2820 3840 2980 3902 putas
3019 3830 3142 3900 quia
3167 3839 3221 3884 et
3259 3846 3410 3886 com-

1826 3929 2007 3983 munis
2047 3937 2240 3981 natura
2267 3937 2372 3982 est.
2408 3926 2520 3981 lloc
2549 3926 2729 3980 lumen
2763 3934 2856 3979 aut
2883 3925 2934 3979 in
2964 3926 3138 3996 primo
3164 3924 3252 3978 die
3276 3961 3292 3990 ,
3316 3931 3412 3977 aut

1826 4035 1946 4075 cum
1973 4019 2087 4074 sole
2117 4021 2171 4074 in
2199 4029 2392 4089 quarto
2417 4059 2432 4084 ,
2454 4017 2910 4088 quemadmodum
2940 4017 3064 4086 quis
3091 4016 3363 4086 putaverit
3389 4055 3407 4080 ,

1825 4113 1913 4167 die
1943 4121 2139 4182 quarto
2169 4112 2504 4166 estfactum.
2542 4110 2712 4167 Filius
2745 4118 2926 4163 autem
2980 4123 3086 4164 non
3124 4108 3177 4162 in
3232 4108 3410 4179 primo

1826 4205 1912 4258 die
1933 4244 1948 4270 ,
1978 4219 2152 4274 neque
2182 4205 2234 4258 in
2265 4213 2457 4273 quarto
2479 4243 2494 4268 ,
2520 4218 2695 4272 neque
2731 4202 2783 4256 in
2812 4211 2984 4257 totum
3009 4201 3063 4256 in
3094 4201 3204 4268 die,
3235 4215 3411 4269 neque

1826 4298 1879 4353 in
1916 4298 2047 4352 hera
2077 4339 2092 4362 ,
2119 4313 2295 4366 neque
2342 4297 2394 4350 in
2451 4293 2823 4366 temporibus,
2856 4310 3032 4364 neque
3088 4295 3142 4349 in
3171 4293 3406 4353 saeculis.

1825 4387 1952 4443 llaec
1980 4390 2123 4443 enim
2152 4376 2248 4456 per
2271 4387 2470 4442 Filium
2491 4430 2507 4454 ,
2538 4369 2650 4442 non
2673 4399 2852 4443 tamen
2879 4385 3048 4444 Filius
3075 4385 3127 4438 in
3157 4384 3263 4439 his.
3289 4382 3406 4440 Non

135 4505 247 4547 non
283 4496 469 4542 natum
507 4496 560 4539 et
591 4501 694 4539 non
720 4494 905 4539 natum
939 4485 1176 4538 dicerem
1199 4522 1212 4543 ,
1251 4490 1344 4535 aut
1373 4480 1713 4548 unigenitum
1749 4514 1794 4569 Β
1823 4482 1967 4534 enim
2001 4497 2030 4533 a
2057 4479 2442 4534 communione
2473 4478 2752 4533 hominum
2787 4475 3122 4532 confundere
3148 4474 3409 4529 debemus

136 4592 193 4638 et
220 4580 596 4652 unigenitum;
624 4587 754 4632 tunc
785 4592 1157 4632 asseverarem
1186 4575 1236 4628 id
1278 4573 1420 4643 quod
1455 4588 1558 4626 non
1585 4572 1719 4626 dicit

135 4673 407 4735 Ecclesia.
443 4672 583 4738 Quid
620 4684 748 4740 ergo
776 4671 906 4724 dicit
939 4669 1102 4724 Pater
1160 4669 1212 4721 in
1267 4666 1494 4721 Joannis
1534 4666 1715 4735 bapti-

136 4767 352 4824 sutum?
384 4763 486 4818 llic
517 4773 589 4817 est
626 4762 799 4817 Filius
822 4779 967 4815 meus
1030 4761 1291 4823 dilectus,
1339 4759 1393 4810 in
1437 4774 1538 4828 quo
1595 4758 1720 4813 bene

134 4859 437 4930 complacui
466 4858 551 4911 ‘5?
578 4856 792 4910 Sufﬁcit
816 4871 845 4908 a
879 4854 992 4909 Deo
1044 4862 1099 4909 et
1155 4850 1318 4906 semel
1363 4851 1586 4914 audire,
1625 4848 1718 4902 sed

134 4971 245 5012 non
283 4952 419 5006 dicit
453 4950 644 5005 semel.
676 4947 954 5017 Siquidem
983 4955 1037 5000 et
1076 4945 1130 4998 in
1164 4951 1347 4998 monte
1370 4957 1492 4995 cum
1522 4939 1716 4993 fuisset

134 5045 399 5102 Dominus
427 5042 849 5111 transﬁguratus
903 5047 1168 5108 prmsente
1221 5035 1405 5106 Moyse
1456 5043 1511 5087 et
1563 5032 1721 5098 Elia,

130 5140 329 5196 eadem
363 5136 560 5206 repetit
589 5143 645 5189 et
683 5133 854 5188 dicit:
882 5134 984 5186 Hic
1023 5142 1097 5184 est
1161 5127 1337 5181 Filius
1389 5143 1534 5180 meus
1583 5124 1720 5176 dile-

132 5233 406 5286 ctissimus
433 5230 487 5282 in
515 5243 617 5296 quo
662 5227 789 5280 bene
835 5223 1159 5291 complacui;
1203 5221 1376 5288 ipsum
1422 5218 1602 5270 audite
1648 5215 1716 5269 ⁸⁸.

128 5326 271 5382 Nam
306 5335 362 5378 et
390 5321 626 5376 Joannes
658 5320 853 5374 similia
902 5317 1101 5370 fatetur
1127 5324 1179 5369 et
1207 5313 1339 5367 dicit
1374 5330 1386 5365 :
1415 5310 1518 5377 Qui
1571 5309 1719 5362 misit

127 5435 216 5475 me
243 5417 514 5484 baptizare
540 5415 592 5468 in
627 5430 764 5483 aqua
786 5451 800 5478 ,
825 5413 933 5480 ipse
964 5409 1088 5463 mihi
1115 5408 1274 5472 dixit,
1307 5403 1372 5457 In
1396 5419 1546 5472 quem
1576 5402 1717 5455 vide-

239 5529 286 5561 “
324 5528 480 5582 Joan.
512 5525 728 5591 “1,55.
805 5525 848 5555 θ’
879 5523 1068 5576 Matth.
1115 5535 1321 5591 XXVIII,
1358 5517 1446 5591 20.
1526 5516 1570 5548 ⁸³
1620 5513 1938 5591 Ιξίξὶιιὴεξιιε,
2000 5517 2088 5571 Π.

1824 4573 2180 4626 differentiam
2220 4580 2454 4624 natura}.
2508 4567 2623 4626 Hoc
2674 4569 2857 4624 lumen
2905 4567 3170 4636 perillum
3223 4565 3406 4621 lumen

1820 4673 1924 4716 est.
1945 4662 2058 4716 Non
2079 4677 2207 4733 ergo
2237 4675 2616 4730 comparemus
2647 4649 2902 4720 insimilia
2929 4666 3020 4712 aut
3045 4657 3240 4712 similia
3267 4656 3404 4726 (73).

1823 4753 2007 4823 Neque
2033 4753 2210 4808 fontes
2235 4761 2288 4807 et
2320 4761 2528 4806 meatus
2556 4750 2784 4807 fontium
2807 4792 2822 4818 ,
2852 4759 2908 4805 et
2945 4751 3092 4805 rivos
3108 4758 3165 4804 et
3191 4747 3405 4814 ﬂuvios,

1821 4847 1946 4917 quia
1978 4861 2082 4902 non
2107 4845 2293 4900 deﬂuit
2314 4844 2506 4909 Pater,
2538 4847 2633 4899 sed
2664 4854 2848 4899 manet
2887 4853 2946 4897 ut
2975 4850 3118 4898 erat.
3150 4839 3270 4912 Ipse
3318 4849 3408 4896 est

1825 4940 1968 4995 enim
2003 4941 2094 5010 qui
2125 4949 2228 4994 est.
2255 4937 2439 5010 Neque
2466 4937 2743 5008 passiones
2778 4946 2991 5008 Oportet
3039 4934 3258 5005 adjungi
3300 4933 3406 4988 im-

1823 5029 2064 5099 passibih
2092 5029 2240 5083 Patri
2269 5048 2282 5084 :
2313 5030 2438 5098 quia
2462 5043 2570 5082 non
2599 5026 2890 5091 dividitur,
2926 5039 3032 5078 non
3086 5021 3356 5078 scinditur
3386 5057 3403 5087 ,

1824 5137 1930 5177 non
1967 5131 2250 5191 separatur
2270 5160 2286 5186 ,
2316 5121 2411 5175 sed
2443 5129 2628 5176 manet
2651 5128 2708 5175 ct
2748 5126 2995 5189 generat.
3036 5115 3271 5170 General
3303 5128 3402 5165 au-

1825 5227 1931 5270 tem
1962 5225 2021 5270 ut
2050 5216 2225 5284 ipsum
2261 5215 2417 5268 decet
2452 5227 2646 5277 nosse,
2681 5221 2738 5266 et
2767 5225 2868 5264 nos
2894 5208 3143 5264 adorare.
3176 5203 3293 5258 Noli
3322 5204 3405 5258 di-

1823 5320 1948 5360 cere
1977 5306 2432 5375 quemadmodum
2459 5343 2476 5369 ,
2509 5317 2683 5375 neque
2735 5316 2947 5373 quazras
2993 5298 3401 5370 generationem

1821 5398 1969 5456 illam
2005 5413 2170 5470 quam
2203 5398 2380 5452 nullus
2401 5403 2654 5464 enarrat,
2691 5395 2872 5450 nullus
2903 5393 3039 5459 scit,
3079 5388 3257 5444 nuilus
3295 5403 3398 5442 no-

2182 5516 2228 5548 “
2280 5514 2438 5572 Joan.
2492 5529 2622 5579 xv1,
2679 5511 2732 5565 7.
2826 5510 2871 5542 ⁸⁸
2918 5508 3110 5562 Matth.
3168 5499 3399 5572 111,57.

127 5603 176 5634 ⁵³
213 5599 414 5671 Matth;
439 5585 668 5662 xvn,'5.
745 5594 788 5625 ⁸⁷
830 5591 987 5648 Joan.
1014 5608 1068 5658 t,
1103 5592 1194 5645 5⁵5.
1270 5590 1314 5620 ⁸⁸
1355 5589 1487 5642 Luc.
1518 5586 1711 5653 ιγ,54.

1823 5586 1841 5617 ⁹⁴
1873 5585 2030 5660 Ιοεψ.
2061 5603 2114 5652 t,
2150 5586 2206 5641 5.

205 5697 322 5761 (Τὸ)
367 5694 465 5747 iis.
500 5693 648 5746 Facit
681 5693 804 5746 bene
831 5690 937 5756 ipse
960 5706 1174 5744 manens
1206 5689 1259 5741 in
1299 5704 1399 5756 quo
1427 5695 1558 5739 erat.

209 5767 324 5836 (Π)
353 5766 491 5819 Infra
524 5764 614 5819 lil).
646 5779 705 5827 tt,
742 5764 839 5818 sub
866 5763 984 5814 iuit.

1889 5676 2001 5755 (73)
2031 5683 2314 5740 Insimilia.
2339 5680 2596 5753 Ἀνὸμοια
2619 5679 2756 5735 infra
2783 5677 2877 5733 lib.
2908 5691 2967 5740 ll,
3000 5679 3118 5744 post
3145 5670 3289 5728 med.

2833 5837 2874 5865 κ
