  <div class='ocr_page' id='page_1' title='image "/cluster/home/n/w/nwhite01/storage/ocr_20150623/24/nnc1.0046978259/767.png"; bbox 0 0 3822 6218; ppageno 0'>
   <div class='ocr_carea' id='block_1_1' title="bbox 445 346 587 403">
    <p class='ocr_par' dir='ltr' id='par_1_1' title="bbox 445 346 587 403">
     <span class='ocr_line' id='line_1_1' title="bbox 445 346 587 403; baseline 0.007 -2"><span class='ocrx_word' id='word_1_1' title='bbox 445 346 587 403; x_wconf 74' lang='grc'><strong>1055</strong></span> 
     </span>
    </p>
   </div>
   <div class='ocr_carea' id='block_1_2' title="bbox 1118 320 2017 402">
    <p class='ocr_par' dir='ltr' id='par_1_2' title="bbox 1118 325 2017 402">
     <span class='ocr_line' id='line_1_2' title="bbox 1118 325 2017 402; baseline -0.013 -2"><span class='ocrx_word' id='word_1_2' title='bbox 1118 325 1398 402; x_wconf 69' lang='lat' dir='ltr'><strong>&#39;Eti&#39;ssmi</strong></span> <span class='ocrx_word' id='word_1_3' title='bbox 1441 335 1918 399; x_wconf 63' lang='lat' dir='ltr'><strong>CAESARIENSIS</strong></span> <span class='ocrx_word' id='word_1_4' title='bbox 1957 333 2017 389; x_wconf 80' lang='grc' dir='ltr'><strong>οι</strong></span> 
     </span>
    </p>
   </div>
   <div class='ocr_carea' id='block_1_3' title="bbox 2121 320 3061 402">
    <p class='ocr_par' dir='ltr' id='par_1_3' title="bbox 2151 320 3061 393">
     <span class='ocr_line' id='line_1_3' title="bbox 2151 320 3061 393; baseline -0.01 -6"><span class='ocrx_word' id='word_1_5' title='bbox 2151 328 2336 386; x_wconf 76' lang='lat' dir='ltr'><strong>PARS</strong></span> <span class='ocrx_word' id='word_1_6' title='bbox 2373 327 2463 383; x_wconf 78' lang='lat' dir='ltr'><strong>IV.</strong></span> <span class='ocrx_word' id='word_1_7' title='bbox 2504 355 2577 367; x_wconf 85' lang='lat'>--</span> <span class='ocrx_word' id='word_1_8' title='bbox 2615 320 3061 393; x_wconf 68' lang='lat' dir='ltr'><strong>DOGMATICAJ</strong></span> 
     </span>
    </p>
   </div>
   <div class='ocr_carea' id='block_1_4' title="bbox 3581 319 3725 376">
    <p class='ocr_par' dir='ltr' id='par_1_4' title="bbox 3581 319 3725 376">
     <span class='ocr_line' id='line_1_4' title="bbox 3581 319 3725 376; baseline 0.014 -2"><span class='ocrx_word' id='word_1_9' title='bbox 3581 319 3725 376; x_wconf 62' lang='lat'><strong>1056</strong></span> 
     </span>
    </p>
   </div>
   <div class='ocr_carea' id='block_1_5' title="bbox 439 461 2017 533">
    <p class='ocr_par' dir='ltr' id='par_1_5' title="bbox 439 461 2017 533">
     <span class='ocr_line' id='line_1_5' title="bbox 439 461 2017 533; baseline -0.003 -16"><span class='ocrx_word' id='word_1_10' title='bbox 439 469 542 521; x_wconf 87' lang='lat' dir='ltr'><strong>vit.</strong></span> <span class='ocrx_word' id='word_1_11' title='bbox 573 466 715 521; x_wconf 84' lang='lat' dir='ltr'><strong>Cede</strong></span> <span class='ocrx_word' id='word_1_12' title='bbox 740 509 754 533; x_wconf 92' lang='lat'><strong>,</strong></span> <span class='ocrx_word' id='word_1_13' title='bbox 785 475 839 522; x_wconf 89' lang='lat' dir='ltr'><strong>et</strong></span> <span class='ocrx_word' id='word_1_14' title='bbox 870 465 1132 522; x_wconf 86' lang='lat' dir='ltr'><strong>conﬁtere</strong></span> <span class='ocrx_word' id='word_1_15' title='bbox 1189 465 1564 521; x_wconf 83' lang='lat' dir='ltr'><strong>inﬁrmitatem</strong></span> <span class='ocrx_word' id='word_1_16' title='bbox 1617 473 1785 518; x_wconf 91' lang='lat' dir='ltr'><strong>tuam.</strong></span> <span class='ocrx_word' id='word_1_17' title='bbox 1817 461 2017 517; x_wconf 87' lang='lat' dir='ltr'><strong>Obutn-</strong></span> 
     </span>
    </p>
   </div>
   <div class='ocr_carea' id='block_1_6' title="bbox 2121 461 3728 533">
    <p class='ocr_par' dir='ltr' id='par_1_6' title="bbox 2126 463 3728 530">
     <span class='ocr_line' id='line_1_6' title="bbox 2126 463 3728 530; baseline -0.007 0"><span class='ocrx_word' id='word_1_18' title='bbox 2126 483 2211 530; x_wconf 88' lang='lat' dir='ltr'><strong>est</strong></span> <span class='ocrx_word' id='word_1_19' title='bbox 2245 471 2417 528; x_wconf 85' lang='lat' dir='ltr'><strong>bene!</strong></span> <span class='ocrx_word' id='word_1_20' title='bbox 2453 467 2568 524; x_wconf 86' lang='lat' dir='ltr'><strong>Non</strong></span> <span class='ocrx_word' id='word_1_21' title='bbox 2614 469 2756 524; x_wconf 92' lang='lat' dir='ltr'><strong>enim</strong></span> <span class='ocrx_word' id='word_1_22' title='bbox 2814 468 2928 521; x_wconf 75' lang='lat' dir='ltr'><strong>[unc</strong></span> <span class='ocrx_word' id='word_1_23' title='bbox 2981 475 3065 519; x_wconf 89' lang='lat' dir='ltr'><strong>est</strong></span> <span class='ocrx_word' id='word_1_24' title='bbox 3111 477 3360 518; x_wconf 84' lang='lat' dir='ltr'><strong>mensura</strong></span> <span class='ocrx_word' id='word_1_25' title='bbox 3395 463 3728 519; x_wconf 61' lang='lat' dir='ltr'><strong>distantias:</strong></span> 
     </span>
    </p>
   </div>
   <div class='ocr_carea' id='block_1_7' title="bbox 440 557 2020 628">
    <p class='ocr_par' dir='ltr' id='par_1_7' title="bbox 440 557 2020 628">
     <span class='ocr_line' id='line_1_7' title="bbox 440 557 2020 628; baseline -0.004 -14"><span class='ocrx_word' id='word_1_26' title='bbox 440 557 561 614; x_wconf 72' lang='lat' dir='ltr'><strong>llt&#39;el</strong></span> <span class='ocrx_word' id='word_1_27' title='bbox 585 569 636 612; x_wconf 91' lang='lat' dir='ltr'><strong>te</strong></span> <span class='ocrx_word' id='word_1_28' title='bbox 657 557 926 613; x_wconf 77' lang='lat' dir='ltr'><strong>Christus.</strong></span> <span class='ocrx_word' id='word_1_29' title='bbox 954 558 1010 613; x_wconf 90' lang='lat' dir='ltr'><strong>Si</strong></span> <span class='ocrx_word' id='word_1_30' title='bbox 1039 561 1182 614; x_wconf 92' lang='lat' dir='ltr'><strong>enim</strong></span> <span class='ocrx_word' id='word_1_31' title='bbox 1211 569 1263 612; x_wconf 95' lang='lat' dir='ltr'><strong>tu</strong></span> <span class='ocrx_word' id='word_1_32' title='bbox 1315 559 1589 628; x_wconf 90' lang='lat' dir='ltr'><strong>quomodo</strong></span> <span class='ocrx_word' id='word_1_33' title='bbox 1621 566 1777 610; x_wconf 88' lang='lat' dir='ltr'><strong>natus</strong></span> <span class='ocrx_word' id='word_1_34' title='bbox 1811 571 1870 609; x_wconf 89' lang='lat' dir='ltr'><strong>es</strong></span> <span class='ocrx_word' id='word_1_35' title='bbox 1925 569 2020 608; x_wconf 89' lang='lat' dir='ltr'><strong>ne-</strong></span> 
     </span>
    </p>
   </div>
   <div class='ocr_carea' id='block_1_8' title="bbox 441 648 2023 724">
    <p class='ocr_par' dir='ltr' id='par_1_8' title="bbox 441 648 2023 724">
     <span class='ocr_line' id='line_1_8' title="bbox 441 648 2023 724; baseline -0.001 -18"><span class='ocrx_word' id='word_1_36' title='bbox 441 650 584 716; x_wconf 82' lang='lat' dir='ltr'><strong>scis,</strong></span> <span class='ocrx_word' id='word_1_37' title='bbox 611 653 1069 722; x_wconf 85' lang='lat' dir='ltr'><strong>quemadmodum</strong></span> <span class='ocrx_word' id='word_1_38' title='bbox 1096 696 1110 721; x_wconf 97' lang='lat'><strong>,</strong></span> <span class='ocrx_word' id='word_1_39' title='bbox 1143 654 1239 724; x_wconf 92' lang='lat' dir='ltr'><strong>qui</strong></span> <span class='ocrx_word' id='word_1_40' title='bbox 1287 655 1354 709; x_wconf 89' lang='lat' dir='ltr'><strong>de</strong></span> <span class='ocrx_word' id='word_1_41' title='bbox 1378 663 1429 708; x_wconf 89' lang='lat' dir='ltr'><strong>te</strong></span> <span class='ocrx_word' id='word_1_42' title='bbox 1476 653 1696 722; x_wconf 86' lang='lat' dir='ltr'><strong>ignoras</strong></span> <span class='ocrx_word' id='word_1_43' title='bbox 1716 692 1732 717; x_wconf 91' lang='lat'><strong>,</strong></span> <span class='ocrx_word' id='word_1_44' title='bbox 1761 651 1827 704; x_wconf 91' lang='lat' dir='ltr'><strong>de</strong></span> <span class='ocrx_word' id='word_1_45' title='bbox 1859 648 2023 704; x_wconf 89' lang='lat' dir='ltr'><strong>Patre</strong></span> 
     </span>
    </p>
   </div>
   <div class='ocr_carea' id='block_1_9' title="bbox 441 740 2022 814">
    <p class='ocr_par' dir='ltr' id='par_1_9' title="bbox 441 740 2022 814">
     <span class='ocr_line' id='line_1_9' title="bbox 441 740 2022 814; baseline 0 -18"><span class='ocrx_word' id='word_1_46' title='bbox 441 751 497 796; x_wconf 88' lang='lat' dir='ltr'><strong>et</strong></span> <span class='ocrx_word' id='word_1_47' title='bbox 528 740 666 799; x_wconf 87' lang='lat' dir='ltr'><strong>Filio</strong></span> <span class='ocrx_word' id='word_1_48' title='bbox 687 753 778 798; x_wconf 92' lang='lat' dir='ltr'><strong>aut</strong></span> <span class='ocrx_word' id='word_1_49' title='bbox 807 745 1037 814; x_wconf 83' lang='lat' dir='ltr'><strong>quaeris,</strong></span> <span class='ocrx_word' id='word_1_50' title='bbox 1077 754 1167 799; x_wconf 92' lang='lat' dir='ltr'><strong>aut</strong></span> <span class='ocrx_word' id='word_1_51' title='bbox 1192 759 1353 800; x_wconf 91' lang='lat' dir='ltr'><strong>nosse</strong></span> <span class='ocrx_word' id='word_1_52' title='bbox 1391 753 1442 800; x_wconf 93' lang='lat' dir='ltr'><strong>te</strong></span> <span class='ocrx_word' id='word_1_53' title='bbox 1478 743 1678 812; x_wconf 84' lang='lat' dir='ltr'><strong>putas?</strong></span> <span class='ocrx_word' id='word_1_54' title='bbox 1711 743 1849 809; x_wconf 83' lang='lat' dir='ltr'><strong>Quid</strong></span> <span class='ocrx_word' id='word_1_55' title='bbox 1893 756 2022 812; x_wconf 87' lang='lat' dir='ltr'><strong>ergo</strong></span> 
     </span>
    </p>
   </div>
   <div class='ocr_carea' id='block_1_10' title="bbox 442 833 2022 891">
    <p class='ocr_par' dir='ltr' id='par_1_10' title="bbox 442 833 2022 891">
     <span class='ocr_line' id='line_1_10' title="bbox 442 833 2022 891; baseline 0.001 -4"><span class='ocrx_word' id='word_1_56' title='bbox 442 849 550 889; x_wconf 93' lang='lat' dir='ltr'><strong>non</strong></span> <span class='ocrx_word' id='word_1_57' title='bbox 573 834 832 890; x_wconf 87' lang='lat' dir='ltr'><strong>debemus</strong></span> <span class='ocrx_word' id='word_1_58' title='bbox 862 837 1108 891; x_wconf 90' lang='lat' dir='ltr'><strong>contiteri</strong></span> <span class='ocrx_word' id='word_1_59' title='bbox 1156 837 1320 890; x_wconf 88' lang='lat' dir='ltr'><strong>Deum</strong></span> <span class='ocrx_word' id='word_1_60' title='bbox 1353 844 1408 890; x_wconf 89' lang='lat' dir='ltr'><strong>et</strong></span> <span class='ocrx_word' id='word_1_61' title='bbox 1461 835 1699 890; x_wconf 87' lang='lat' dir='ltr'><strong>Filiutn?</strong></span> <span class='ocrx_word' id='word_1_62' title='bbox 1752 833 2022 890; x_wconf 73' lang='lat' dir='ltr'><strong>Confitere</strong></span> 
     </span>
    </p>
   </div>
   <div class='ocr_carea' id='block_1_11' title="bbox 441 926 2023 998">
    <p class='ocr_par' dir='ltr' id='par_1_11' title="bbox 441 926 2023 998">
     <span class='ocr_line' id='line_1_11' title="bbox 441 926 2023 998; baseline -0.001 -17"><span class='ocrx_word' id='word_1_63' title='bbox 441 939 504 981; x_wconf 87' lang='lat' dir='ltr'><strong>ea</strong></span> <span class='ocrx_word' id='word_1_64' title='bbox 542 940 660 995; x_wconf 67' lang='lat' dir='ltr'><strong>quae</strong></span> <span class='ocrx_word' id='word_1_65' title='bbox 686 927 751 982; x_wconf 91' lang='lat' dir='ltr'><strong>de</strong></span> <span class='ocrx_word' id='word_1_66' title='bbox 776 926 940 982; x_wconf 92' lang='lat' dir='ltr'><strong>Patre</strong></span> <span class='ocrx_word' id='word_1_67' title='bbox 971 937 1024 983; x_wconf 90' lang='lat' dir='ltr'><strong>et</strong></span> <span class='ocrx_word' id='word_1_68' title='bbox 1056 928 1193 984; x_wconf 86' lang='lat' dir='ltr'><strong>Filio</strong></span> <span class='ocrx_word' id='word_1_69' title='bbox 1222 929 1424 998; x_wconf 90' lang='lat' dir='ltr'><strong>scripta</strong></span> <span class='ocrx_word' id='word_1_70' title='bbox 1466 937 1634 983; x_wconf 89' lang='lat' dir='ltr'><strong>sunt:</strong></span> <span class='ocrx_word' id='word_1_71' title='bbox 1672 935 1726 982; x_wconf 92' lang='lat' dir='ltr'><strong>et</strong></span> <span class='ocrx_word' id='word_1_72' title='bbox 1771 926 1878 981; x_wconf 92' lang='lat' dir='ltr'><strong>noli</strong></span> <span class='ocrx_word' id='word_1_73' title='bbox 1927 941 2023 980; x_wconf 84' lang='lat' dir='ltr'><strong>cu-</strong></span> 
     </span>
    </p>
   </div>
   <div class='ocr_carea' id='block_1_12' title="bbox 442 1018 2020 1090">
    <p class='ocr_par' dir='ltr' id='par_1_12' title="bbox 442 1018 2020 1090">
     <span class='ocr_line' id='line_1_12' title="bbox 442 1018 2020 1090; baseline 0 -18"><span class='ocrx_word' id='word_1_74' title='bbox 442 1018 619 1074; x_wconf 88' lang='lat' dir='ltr'><strong>riosus</strong></span> <span class='ocrx_word' id='word_1_75' title='bbox 647 1034 707 1074; x_wconf 92' lang='lat' dir='ltr'><strong>ea</strong></span> <span class='ocrx_word' id='word_1_76' title='bbox 739 1035 858 1089; x_wconf 62' lang='lat' dir='ltr'><strong>qum</strong></span> <span class='ocrx_word' id='word_1_77' title='bbox 885 1035 988 1074; x_wconf 91' lang='lat' dir='ltr'><strong>non</strong></span> <span class='ocrx_word' id='word_1_78' title='bbox 1025 1030 1152 1074; x_wconf 86' lang='lat' dir='ltr'><strong>sunt</strong></span> <span class='ocrx_word' id='word_1_79' title='bbox 1201 1022 1398 1090; x_wconf 90' lang='lat' dir='ltr'><strong>scripta</strong></span> <span class='ocrx_word' id='word_1_80' title='bbox 1431 1021 1729 1090; x_wconf 88' lang='lat' dir='ltr'><strong>requirere.</strong></span> <span class='ocrx_word' id='word_1_81' title='bbox 1769 1019 1977 1073; x_wconf 76' lang='lat' dir='ltr'><strong>Dicitur</strong></span> <span class='ocrx_word' id='word_1_82' title='bbox 2004 1058 2020 1082; x_wconf 95' lang='lat'><strong>,</strong></span> 
     </span>
    </p>
   </div>
   <div class='ocr_carea' id='block_1_13' title="bbox 441 1110 2022 1183">
    <p class='ocr_par' dir='ltr' id='par_1_13' title="bbox 441 1110 2022 1183">
     <span class='ocr_line' id='line_1_13' title="bbox 441 1110 2022 1183; baseline -0.001 -17"><span class='ocrx_word' id='word_1_83' title='bbox 441 1111 510 1166; x_wconf 85' lang='lat' dir='ltr'><strong>In</strong></span> <span class='ocrx_word' id='word_1_84' title='bbox 532 1113 788 1180; x_wconf 81' lang='lat' dir='ltr'><strong>princioio</strong></span> <span class='ocrx_word' id='word_1_85' title='bbox 814 1124 962 1178; x_wconf 87' lang='lat' dir='ltr'><strong>erat,</strong></span> <span class='ocrx_word' id='word_1_86' title='bbox 993 1123 1047 1168; x_wconf 91' lang='lat' dir='ltr'><strong>et</strong></span> <span class='ocrx_word' id='word_1_87' title='bbox 1083 1114 1205 1183; x_wconf 86' lang='lat' dir='ltr'><strong>quis</strong></span> <span class='ocrx_word' id='word_1_88' title='bbox 1235 1114 1454 1168; x_wconf 84' lang='lat' dir='ltr'><strong>audebit</strong></span> <span class='ocrx_word' id='word_1_89' title='bbox 1486 1111 1915 1181; x_wconf 84' lang='lat' dir='ltr'><strong>reprehendere?</strong></span> <span class='ocrx_word' id='word_1_90' title='bbox 1963 1110 2022 1165; x_wconf 89' lang='lat' dir='ltr'><strong>Si</strong></span> 
     </span>
    </p>
   </div>
   <div class='ocr_carea' id='block_1_14' title="bbox 443 1202 2021 1275">
    <p class='ocr_par' dir='ltr' id='par_1_14' title="bbox 443 1202 2021 1275">
     <span class='ocr_line' id='line_1_14' title="bbox 443 1202 2021 1275; baseline 0.001 -20"><span class='ocrx_word' id='word_1_91' title='bbox 443 1213 624 1258; x_wconf 89' lang='lat' dir='ltr'><strong>autem</strong></span> <span class='ocrx_word' id='word_1_92' title='bbox 651 1215 706 1259; x_wconf 93' lang='lat' dir='ltr'><strong>et</strong></span> <span class='ocrx_word' id='word_1_93' title='bbox 731 1205 1138 1274; x_wconf 87' lang='lat' dir='ltr'><strong>reprehenderit</strong></span> <span class='ocrx_word' id='word_1_94' title='bbox 1172 1215 1220 1261; x_wconf 90' lang='lat' dir='ltr'><strong>te</strong></span> <span class='ocrx_word' id='word_1_95' title='bbox 1246 1248 1262 1273; x_wconf 90' lang='lat'><strong>,</strong></span> <span class='ocrx_word' id='word_1_96' title='bbox 1302 1215 1473 1260; x_wconf 90' lang='lat' dir='ltr'><strong>semet</strong></span> <span class='ocrx_word' id='word_1_97' title='bbox 1528 1207 1704 1275; x_wconf 90' lang='lat' dir='ltr'><strong>ipsum</strong></span> <span class='ocrx_word' id='word_1_98' title='bbox 1739 1206 1904 1259; x_wconf 64' lang='lat' dir='ltr'><strong>lmdit.</strong></span> <span class='ocrx_word' id='word_1_99' title='bbox 1954 1202 2021 1257; x_wconf 86' lang='lat' dir='ltr'><strong>In</strong></span> 
     </span>
    </p>
   </div>
   <div class='ocr_carea' id='block_1_15' title="bbox 440 1289 2018 1365">
    <p class='ocr_par' dir='ltr' id='par_1_15' title="bbox 440 1289 2018 1365">
     <span class='ocr_line' id='line_1_15' title="bbox 440 1289 2018 1365; baseline 0.001 -21"><span class='ocrx_word' id='word_1_100' title='bbox 440 1293 701 1363; x_wconf 79' lang='lat' dir='ltr'><strong>principio</strong></span> <span class='ocrx_word' id='word_1_101' title='bbox 725 1304 839 1348; x_wconf 82' lang='lat' dir='ltr'><strong>erat</strong></span> <span class='ocrx_word' id='word_1_102' title='bbox 879 1289 1104 1348; x_wconf 82' lang='lat' dir='ltr'><strong>Verbum</strong></span> <span class='ocrx_word' id='word_1_103' title='bbox 1123 1337 1138 1364; x_wconf 82' lang='lat'><strong>,</strong></span> <span class='ocrx_word' id='word_1_104' title='bbox 1167 1306 1214 1349; x_wconf 89' lang='lat' dir='ltr'><strong>et</strong></span> <span class='ocrx_word' id='word_1_105' title='bbox 1262 1293 1486 1349; x_wconf 84' lang='lat' dir='ltr'><strong>Verbum</strong></span> <span class='ocrx_word' id='word_1_106' title='bbox 1513 1307 1625 1349; x_wconf 87' lang='lat' dir='ltr'><strong>erat</strong></span> <span class='ocrx_word' id='word_1_107' title='bbox 1652 1296 1792 1365; x_wconf 86' lang='lat' dir='ltr'><strong>apud</strong></span> <span class='ocrx_word' id='word_1_108' title='bbox 1831 1294 2018 1360; x_wconf 89' lang='lat' dir='ltr'><strong>Deum,</strong></span> 
     </span>
    </p>
   </div>
   <div class='ocr_carea' id='block_1_16' title="bbox 331 1385 2020 1458">
    <p class='ocr_par' dir='ltr' id='par_1_16' title="bbox 331 1385 2020 1458">
     <span class='ocr_line' id='line_1_16' title="bbox 331 1385 2020 1458; baseline 0.001 -20"><span class='ocrx_word' id='word_1_109' title='bbox 331 1418 342 1438; x_wconf 71' lang='grc' dir='ltr'><em>ι</em></span> <span class='ocrx_word' id='word_1_110' title='bbox 437 1396 488 1439; x_wconf 88' lang='lat' dir='ltr'><strong>et</strong></span> <span class='ocrx_word' id='word_1_111' title='bbox 523 1385 660 1440; x_wconf 88' lang='lat' dir='ltr'><strong>Deus</strong></span> <span class='ocrx_word' id='word_1_112' title='bbox 703 1397 816 1441; x_wconf 85' lang='lat' dir='ltr'><strong>erat</strong></span> <span class='ocrx_word' id='word_1_113' title='bbox 885 1385 1131 1439; x_wconf 82' lang='lat' dir='ltr'><strong>Verbum.</strong></span> <span class='ocrx_word' id='word_1_114' title='bbox 1178 1387 1284 1440; x_wconf 82' lang='lat' dir='ltr'><strong>Hic</strong></span> <span class='ocrx_word' id='word_1_115' title='bbox 1319 1398 1430 1442; x_wconf 79' lang='lat' dir='ltr'><strong>erat</strong></span> <span class='ocrx_word' id='word_1_116' title='bbox 1473 1389 1527 1441; x_wconf 81' lang='lat' dir='ltr'><strong>in</strong></span> <span class='ocrx_word' id='word_1_117' title='bbox 1578 1389 1837 1458; x_wconf 80' lang='lat' dir='ltr'><strong>principio</strong></span> <span class='ocrx_word' id='word_1_118' title='bbox 1880 1388 2020 1457; x_wconf 80' lang='lat' dir='ltr'><strong>apud</strong></span> 
     </span>
    </p>
   </div>
   <div class='ocr_carea' id='block_1_17' title="bbox 439 1476 2022 1548">
    <p class='ocr_par' dir='ltr' id='par_1_17' title="bbox 439 1476 2022 1548">
     <span class='ocr_line' id='line_1_17' title="bbox 439 1476 2022 1548; baseline 0.002 -19"><span class='ocrx_word' id='word_1_119' title='bbox 439 1476 628 1531; x_wconf 86' lang='lat' dir='ltr'><strong>Deum.</strong></span> <span class='ocrx_word' id='word_1_120' title='bbox 658 1477 722 1530; x_wconf 86' lang='lat' dir='ltr'><strong>Et</strong></span> <span class='ocrx_word' id='word_1_121' title='bbox 746 1478 939 1546; x_wconf 60' lang='lat' dir='ltr'><strong>smpius</strong></span> <span class='ocrx_word' id='word_1_122' title='bbox 969 1479 1066 1531; x_wconf 88' lang='lat' dir='ltr'><strong>ista</strong></span> <span class='ocrx_word' id='word_1_123' title='bbox 1106 1479 1376 1541; x_wconf 87' lang='lat' dir='ltr'><strong>dicantur,</strong></span> <span class='ocrx_word' id='word_1_124' title='bbox 1405 1489 1458 1533; x_wconf 90' lang='lat' dir='ltr'><strong>et</strong></span> <span class='ocrx_word' id='word_1_125' title='bbox 1489 1479 1620 1534; x_wconf 91' lang='lat' dir='ltr'><strong>nihil</strong></span> <span class='ocrx_word' id='word_1_126' title='bbox 1640 1489 2022 1548; x_wconf 84' lang='lat' dir='ltr'><strong>conqua-ratnr</strong></span> 
     </span>
    </p>
   </div>
   <div class='ocr_carea' id='block_1_18' title="bbox 439 1565 2020 1636">
    <p class='ocr_par' dir='ltr' id='par_1_18' title="bbox 439 1565 2020 1636">
     <span class='ocr_line' id='line_1_18' title="bbox 439 1565 2020 1636; baseline 0.003 -18"><span class='ocrx_word' id='word_1_127' title='bbox 439 1567 587 1620; x_wconf 81' lang='lat' dir='ltr'><strong>novi.</strong></span> <span class='ocrx_word' id='word_1_128' title='bbox 618 1565 834 1622; x_wconf 82' lang='lat' dir='ltr'><strong>Utinam</strong></span> <span class='ocrx_word' id='word_1_129' title='bbox 864 1577 1042 1621; x_wconf 87' lang='lat' dir='ltr'><strong>autem</strong></span> <span class='ocrx_word' id='word_1_130' title='bbox 1080 1566 1253 1621; x_wconf 89' lang='lat' dir='ltr'><strong>solum</strong></span> <span class='ocrx_word' id='word_1_131' title='bbox 1283 1568 1614 1636; x_wconf 81' lang='lat' dir='ltr'><strong>legeremus!</strong></span> <span class='ocrx_word' id='word_1_132' title='bbox 1650 1569 1856 1622; x_wconf 81' lang='lat' dir='ltr'><strong>utinam</strong></span> <span class='ocrx_word' id='word_1_133' title='bbox 1888 1567 2020 1622; x_wconf 89' lang='lat' dir='ltr'><strong>solis</strong></span> 
     </span>
    </p>
   </div>
   <div class='ocr_carea' id='block_1_19' title="bbox 439 1656 2019 1727">
    <p class='ocr_par' dir='ltr' id='par_1_19' title="bbox 439 1656 2019 1727">
     <span class='ocr_line' id='line_1_19' title="bbox 439 1656 2019 1727; baseline 0.001 -17"><span class='ocrx_word' id='word_1_134' title='bbox 439 1656 739 1727; x_wconf 88' lang='lat' dir='ltr'><strong>Scripturis</strong></span> <span class='ocrx_word' id='word_1_135' title='bbox 771 1659 1006 1712; x_wconf 80' lang='lat' dir='ltr'><strong>contenti</strong></span> <span class='ocrx_word' id='word_1_136' title='bbox 1039 1660 1318 1713; x_wconf 79' lang='lat' dir='ltr'><strong>essemusi</strong></span> <span class='ocrx_word' id='word_1_137' title='bbox 1348 1669 1405 1714; x_wconf 95' lang='lat' dir='ltr'><strong>et</strong></span> <span class='ocrx_word' id='word_1_138' title='bbox 1434 1659 1500 1714; x_wconf 91' lang='lat' dir='ltr'><strong>lis</strong></span> <span class='ocrx_word' id='word_1_139' title='bbox 1546 1659 1691 1714; x_wconf 89' lang='lat' dir='ltr'><strong>nulla</strong></span> <span class='ocrx_word' id='word_1_140' title='bbox 1727 1660 1911 1714; x_wconf 83' lang='lat' dir='ltr'><strong>ﬁebat.</strong></span> <span class='ocrx_word' id='word_1_141' title='bbox 1961 1657 2019 1712; x_wconf 93' lang='lat' dir='ltr'><strong>Si</strong></span> 
     </span>
    </p>
   </div>
   <div class='ocr_carea' id='block_1_20' title="bbox 441 1748 2020 1820">
    <p class='ocr_par' dir='ltr' id='par_1_20' title="bbox 441 1748 2020 1820">
     <span class='ocr_line' id='line_1_20' title="bbox 441 1748 2020 1820; baseline 0.004 -22"><span class='ocrx_word' id='word_1_142' title='bbox 441 1749 586 1800; x_wconf 91' lang='lat' dir='ltr'><strong>enim</strong></span> <span class='ocrx_word' id='word_1_143' title='bbox 614 1749 738 1816; x_wconf 88' lang='lat' dir='ltr'><strong>quis</strong></span> <span class='ocrx_word' id='word_1_144' title='bbox 786 1748 993 1817; x_wconf 80' lang='lat' dir='ltr'><strong>litigat,</strong></span> <span class='ocrx_word' id='word_1_145' title='bbox 1022 1749 1107 1803; x_wconf 89' lang='lat' dir='ltr'><strong>vel</strong></span> <span class='ocrx_word' id='word_1_146' title='bbox 1154 1751 1518 1815; x_wconf 89' lang='lat' dir='ltr'><strong>contradicit,</strong></span> <span class='ocrx_word' id='word_1_147' title='bbox 1559 1751 1804 1820; x_wconf 88' lang='lat' dir='ltr'><strong>jurgatns</strong></span> <span class='ocrx_word' id='word_1_148' title='bbox 1854 1750 2020 1804; x_wconf 89' lang='lat' dir='ltr'><strong>fuerit</strong></span> 
     </span>
    </p>
   </div>
   <div class='ocr_carea' id='block_1_21' title="bbox 441 1837 2018 1913">
    <p class='ocr_par' dir='ltr' id='par_1_21' title="bbox 441 1837 2018 1913">
     <span class='ocr_line' id='line_1_21' title="bbox 441 1837 2018 1913; baseline 0.003 -22"><span class='ocrx_word' id='word_1_149' title='bbox 441 1837 527 1892; x_wconf 90' lang='lat' dir='ltr'><strong>his</strong></span> <span class='ocrx_word' id='word_1_150' title='bbox 554 1853 672 1906; x_wconf 72' lang='lat' dir='ltr'><strong>quae</strong></span> <span class='ocrx_word' id='word_1_151' title='bbox 695 1840 891 1908; x_wconf 91' lang='lat' dir='ltr'><strong>scripta</strong></span> <span class='ocrx_word' id='word_1_152' title='bbox 923 1850 1050 1895; x_wconf 90' lang='lat' dir='ltr'><strong>sunt</strong></span> <span class='ocrx_word' id='word_1_153' title='bbox 1076 1861 1090 1896; x_wconf 89' lang='lat'><strong>:</strong></span> <span class='ocrx_word' id='word_1_154' title='bbox 1122 1857 1227 1897; x_wconf 92' lang='lat' dir='ltr'><strong>non</strong></span> <span class='ocrx_word' id='word_1_155' title='bbox 1258 1842 1326 1897; x_wconf 91' lang='lat' dir='ltr'><strong>ad</strong></span> <span class='ocrx_word' id='word_1_156' title='bbox 1374 1843 1646 1897; x_wconf 89' lang='lat' dir='ltr'><strong>hominem</strong></span> <span class='ocrx_word' id='word_1_157' title='bbox 1682 1842 1853 1913; x_wconf 84' lang='lat' dir='ltr'><strong>litigat</strong></span> <span class='ocrx_word' id='word_1_158' title='bbox 1877 1883 1891 1908; x_wconf 90' lang='lat'><strong>,</strong></span> <span class='ocrx_word' id='word_1_159' title='bbox 1922 1844 2018 1896; x_wconf 91' lang='lat' dir='ltr'><strong>sed</strong></span> 
     </span>
    </p>
   </div>
   <div class='ocr_carea' id='block_1_22' title="bbox 440 1929 2020 2003">
    <p class='ocr_par' dir='ltr' id='par_1_22' title="bbox 440 1929 2020 2003">
     <span class='ocr_line' id='line_1_22' title="bbox 440 1929 2020 2003; baseline 0.003 -22"><span class='ocrx_word' id='word_1_160' title='bbox 440 1929 510 1983; x_wconf 89' lang='lat' dir='ltr'><strong>ad</strong></span> <span class='ocrx_word' id='word_1_161' title='bbox 564 1929 870 2000; x_wconf 46' lang='lat' dir='ltr'><strong>Deum,qui</strong></span> <span class='ocrx_word' id='word_1_162' title='bbox 924 1933 1168 2003; x_wconf 82' lang='lat' dir='ltr'><strong>scripsit.</strong></span> <span class='ocrx_word' id='word_1_163' title='bbox 1211 1932 1360 1990; x_wconf 88' lang='lat' dir='ltr'><strong>Unde</strong></span> <span class='ocrx_word' id='word_1_164' title='bbox 1387 1945 1567 1988; x_wconf 88' lang='lat' dir='ltr'><strong>autem</strong></span> <span class='ocrx_word' id='word_1_165' title='bbox 1625 1934 1855 1987; x_wconf 82' lang='lat' dir='ltr'><strong>eﬂicitur</strong></span> <span class='ocrx_word' id='word_1_166' title='bbox 1907 1933 2020 1986; x_wconf 82' lang='lat' dir='ltr'><strong>lis?</strong></span> 
     </span>
    </p>
   </div>
   <div class='ocr_carea' id='block_1_23' title="bbox 439 2027 2016 2091">
    <p class='ocr_par' dir='ltr' id='par_1_23' title="bbox 439 2027 2016 2091">
     <span class='ocr_line' id='line_1_23' title="bbox 439 2027 2016 2091; baseline 0.004 -16"><span class='ocrx_word' id='word_1_167' title='bbox 439 2037 563 2075; x_wconf 84' lang='lat' dir='ltr'><strong>eum</strong></span> <span class='ocrx_word' id='word_1_168' title='bbox 591 2037 654 2076; x_wconf 89' lang='lat' dir='ltr'><strong>ea</strong></span> <span class='ocrx_word' id='word_1_169' title='bbox 688 2039 806 2091; x_wconf 81' lang='lat' dir='ltr'><strong>quae</strong></span> <span class='ocrx_word' id='word_1_170' title='bbox 832 2040 898 2078; x_wconf 80' lang='lat' dir='ltr'><strong>ex</strong></span> <span class='ocrx_word' id='word_1_171' title='bbox 928 2027 1094 2081; x_wconf 90' lang='lat' dir='ltr'><strong>corde</strong></span> <span class='ocrx_word' id='word_1_172' title='bbox 1131 2036 1256 2081; x_wconf 91' lang='lat' dir='ltr'><strong>sunt</strong></span> <span class='ocrx_word' id='word_1_173' title='bbox 1295 2027 1640 2091; x_wconf 78' lang='lat' dir='ltr'><strong>proferimus.</strong></span> <span class='ocrx_word' id='word_1_174' title='bbox 1685 2028 1820 2081; x_wconf 89' lang='lat' dir='ltr'><strong>Puto</strong></span> <span class='ocrx_word' id='word_1_175' title='bbox 1873 2028 2016 2081; x_wconf 88' lang='lat' dir='ltr'><strong>enim</strong></span> 
     </span>
    </p>
   </div>
   <div class='ocr_carea' id='block_1_24' title="bbox 437 2115 2018 2189">
    <p class='ocr_par' dir='ltr' id='par_1_24' title="bbox 437 2115 2018 2189">
     <span class='ocr_line' id='line_1_24' title="bbox 437 2115 2018 2189; baseline 0.004 -23"><span class='ocrx_word' id='word_1_176' title='bbox 437 2115 560 2182; x_wconf 87' lang='lat' dir='ltr'><strong>quia</strong></span> <span class='ocrx_word' id='word_1_177' title='bbox 597 2115 774 2170; x_wconf 85' lang='lat' dir='ltr'><strong>nullus</strong></span> <span class='ocrx_word' id='word_1_178' title='bbox 797 2126 878 2171; x_wconf 92' lang='lat' dir='ltr'><strong>est</strong></span> <span class='ocrx_word' id='word_1_179' title='bbox 903 2118 1288 2188; x_wconf 89' lang='lat' dir='ltr'><strong>aususjurgari</strong></span> <span class='ocrx_word' id='word_1_180' title='bbox 1319 2123 1385 2174; x_wconf 88' lang='lat' dir='ltr'><strong>ad</strong></span> <span class='ocrx_word' id='word_1_181' title='bbox 1418 2120 1609 2176; x_wconf 89' lang='lat' dir='ltr'><strong>Deum.</strong></span> <span class='ocrx_word' id='word_1_182' title='bbox 1635 2120 1708 2173; x_wconf 89' lang='lat' dir='ltr'><strong>Ea</strong></span> <span class='ocrx_word' id='word_1_183' title='bbox 1731 2134 1852 2189; x_wconf 74' lang='lat' dir='ltr'><strong>quae</strong></span> <span class='ocrx_word' id='word_1_184' title='bbox 1878 2120 2018 2173; x_wconf 81' lang='lat' dir='ltr'><strong>scri-</strong></span> 
     </span>
    </p>
   </div>
   <div class='ocr_carea' id='block_1_25' title="bbox 440 2207 2018 2280">
    <p class='ocr_par' dir='ltr' id='par_1_25' title="bbox 440 2207 2018 2280">
     <span class='ocr_line' id='line_1_25' title="bbox 440 2207 2018 2280; baseline 0.004 -24"><span class='ocrx_word' id='word_1_185' title='bbox 440 2217 529 2275; x_wconf 90' lang='lat' dir='ltr'><strong>pta</strong></span> <span class='ocrx_word' id='word_1_186' title='bbox 560 2217 684 2260; x_wconf 91' lang='lat' dir='ltr'><strong>sunt</strong></span> <span class='ocrx_word' id='word_1_187' title='bbox 716 2207 861 2277; x_wconf 85' lang='lat' dir='ltr'><strong>lege,</strong></span> <span class='ocrx_word' id='word_1_188' title='bbox 886 2217 940 2262; x_wconf 89' lang='lat' dir='ltr'><strong>et</strong></span> <span class='ocrx_word' id='word_1_189' title='bbox 968 2208 1144 2264; x_wconf 92' lang='lat' dir='ltr'><strong>nullus</strong></span> <span class='ocrx_word' id='word_1_190' title='bbox 1169 2210 1498 2280; x_wconf 88' lang='lat' dir='ltr'><strong>jurgabitur.</strong></span> <span class='ocrx_word' id='word_1_191' title='bbox 1528 2209 1691 2264; x_wconf 86' lang='lat' dir='ltr'><strong>Pater</strong></span> <span class='ocrx_word' id='word_1_192' title='bbox 1744 2211 1927 2264; x_wconf 89' lang='lat' dir='ltr'><strong>statim</strong></span> <span class='ocrx_word' id='word_1_193' title='bbox 1960 2219 2018 2263; x_wconf 92' lang='lat' dir='ltr'><strong>ut</strong></span> 
     </span>
    </p>
   </div>
   <div class='ocr_carea' id='block_1_26' title="bbox 371 2292 2019 2367">
    <p class='ocr_par' dir='ltr' id='par_1_26' title="bbox 371 2292 2019 2367">
     <span class='ocr_line' id='line_1_26' title="bbox 371 2292 2019 2367; baseline 0.004 -21"><span class='ocrx_word' id='word_1_194' title='bbox 371 2355 380 2363; x_wconf 86' lang='lat'>_</span> <span class='ocrx_word' id='word_1_195' title='bbox 435 2292 616 2348; x_wconf 74' lang='lat' dir='ltr'><strong>dictus</strong></span> <span class='ocrx_word' id='word_1_196' title='bbox 647 2294 747 2348; x_wconf 82' lang='lat' dir='ltr'><strong>fuit</strong></span> <span class='ocrx_word' id='word_1_197' title='bbox 780 2295 972 2362; x_wconf 87' lang='lat' dir='ltr'><strong>Pater,</strong></span> <span class='ocrx_word' id='word_1_198' title='bbox 1004 2298 1232 2367; x_wconf 88' lang='lat' dir='ltr'><strong>requirit</strong></span> <span class='ocrx_word' id='word_1_199' title='bbox 1279 2299 1380 2354; x_wconf 90' lang='lat' dir='ltr'><strong>ista</strong></span> <span class='ocrx_word' id='word_1_200' title='bbox 1417 2316 1513 2354; x_wconf 83' lang='lat' dir='ltr'><strong>vox</strong></span> <span class='ocrx_word' id='word_1_201' title='bbox 1542 2299 1760 2352; x_wconf 83' lang='lat' dir='ltr'><strong>Filium.</strong></span> <span class='ocrx_word' id='word_1_202' title='bbox 1811 2299 2019 2354; x_wconf 89' lang='lat' dir='ltr'><strong>Dicitur</strong></span> 
     </span>
    </p>
   </div>
   <div class='ocr_carea' id='block_1_27' title="bbox 435 2380 2017 2460">
    <p class='ocr_par' dir='ltr' id='par_1_27' title="bbox 435 2380 2017 2460">
     <span class='ocr_line' id='line_1_27' title="bbox 435 2380 2017 2460; baseline 0.004 -23"><span class='ocrx_word' id='word_1_203' title='bbox 435 2380 645 2448; x_wconf 83' lang='lat' dir='ltr'><strong>Filius,</strong></span> <span class='ocrx_word' id='word_1_204' title='bbox 701 2394 755 2438; x_wconf 92' lang='lat' dir='ltr'><strong>et</strong></span> <span class='ocrx_word' id='word_1_205' title='bbox 813 2387 864 2440; x_wconf 92' lang='lat' dir='ltr'><strong>in</strong></span> <span class='ocrx_word' id='word_1_206' title='bbox 919 2403 983 2443; x_wconf 90' lang='lat' dir='ltr'><strong>eo</strong></span> <span class='ocrx_word' id='word_1_207' title='bbox 1037 2390 1155 2460; x_wconf 89' lang='lat' dir='ltr'><strong>ipso</strong></span> <span class='ocrx_word' id='word_1_208' title='bbox 1207 2392 1332 2446; x_wconf 92' lang='lat' dir='ltr'><strong>dum</strong></span> <span class='ocrx_word' id='word_1_209' title='bbox 1385 2392 1626 2455; x_wconf 88' lang='lat' dir='ltr'><strong>dicitur,</strong></span> <span class='ocrx_word' id='word_1_210' title='bbox 1664 2391 1822 2445; x_wconf 91' lang='lat' dir='ltr'><strong>Pater</strong></span> <span class='ocrx_word' id='word_1_211' title='bbox 1880 2406 2017 2446; x_wconf 90' lang='lat' dir='ltr'><strong>con-</strong></span> 
     </span>
    </p>
   </div>
   <div class='ocr_carea' id='block_1_28' title="bbox 434 2474 2017 2548">
    <p class='ocr_par' dir='ltr' id='par_1_28' title="bbox 434 2474 2017 2548">
     <span class='ocr_line' id='line_1_28' title="bbox 434 2474 2017 2548; baseline 0.007 -22"><span class='ocrx_word' id='word_1_212' title='bbox 434 2474 636 2529; x_wconf 82' lang='lat' dir='ltr'><strong>ﬁtetur.</strong></span> <span class='ocrx_word' id='word_1_213' title='bbox 693 2476 808 2532; x_wconf 87' lang='lat' dir='ltr'><strong>Non</strong></span> <span class='ocrx_word' id='word_1_214' title='bbox 854 2481 1000 2533; x_wconf 92' lang='lat' dir='ltr'><strong>cnim</strong></span> <span class='ocrx_word' id='word_1_215' title='bbox 1033 2497 1200 2537; x_wconf 86' lang='lat' dir='ltr'><strong>vacua</strong></span> <span class='ocrx_word' id='word_1_216' title='bbox 1232 2498 1332 2538; x_wconf 88' lang='lat' dir='ltr'><strong>vox</strong></span> <span class='ocrx_word' id='word_1_217' title='bbox 1365 2494 1446 2538; x_wconf 89' lang='lat' dir='ltr'><strong>est</strong></span> <span class='ocrx_word' id='word_1_218' title='bbox 1486 2482 1685 2548; x_wconf 84' lang='lat' dir='ltr'><strong>Pater,</strong></span> <span class='ocrx_word' id='word_1_219' title='bbox 1721 2485 1814 2538; x_wconf 88' lang='lat' dir='ltr'><strong>sed</strong></span> <span class='ocrx_word' id='word_1_220' title='bbox 1857 2483 2017 2537; x_wconf 83' lang='lat' dir='ltr'><strong>exhi-</strong></span> 
     </span>
    </p>
   </div>
   <div class='ocr_carea' id='block_1_29' title="bbox 432 2565 2019 2646">
    <p class='ocr_par' dir='ltr' id='par_1_29' title="bbox 432 2565 2019 2646">
     <span class='ocr_line' id='line_1_29' title="bbox 432 2565 2019 2646; baseline 0.008 -28"><span class='ocrx_word' id='word_1_221' title='bbox 432 2565 567 2621; x_wconf 87' lang='lat' dir='ltr'><strong>hens</strong></span> <span class='ocrx_word' id='word_1_222' title='bbox 613 2580 858 2625; x_wconf 89' lang='lat' dir='ltr'><strong>naturam</strong></span> <span class='ocrx_word' id='word_1_223' title='bbox 909 2572 1056 2628; x_wconf 87' lang='lat' dir='ltr'><strong>Filii.</strong></span> <span class='ocrx_word' id='word_1_224' title='bbox 1097 2574 1214 2629; x_wconf 86' lang='lat' dir='ltr'><strong>Non</strong></span> <span class='ocrx_word' id='word_1_225' title='bbox 1255 2591 1424 2630; x_wconf 89' lang='lat' dir='ltr'><strong>vacua</strong></span> <span class='ocrx_word' id='word_1_226' title='bbox 1465 2586 1548 2630; x_wconf 91' lang='lat' dir='ltr'><strong>est</strong></span> <span class='ocrx_word' id='word_1_227' title='bbox 1584 2591 1684 2630; x_wconf 86' lang='lat' dir='ltr'><strong>vox</strong></span> <span class='ocrx_word' id='word_1_228' title='bbox 1727 2591 1848 2646; x_wconf 71' lang='lat' dir='ltr'><strong>qua:</strong></span> <span class='ocrx_word' id='word_1_229' title='bbox 1888 2575 2019 2631; x_wconf 84' lang='lat' dir='ltr'><strong>dicit</strong></span> 
     </span>
    </p>
   </div>
   <div class='ocr_carea' id='block_1_30' title="bbox 433 2657 2014 2733">
    <p class='ocr_par' dir='ltr' id='par_1_30' title="bbox 433 2657 2014 2733">
     <span class='ocr_line' id='line_1_30' title="bbox 433 2657 2014 2733; baseline 0.005 -21"><span class='ocrx_word' id='word_1_230' title='bbox 433 2657 664 2724; x_wconf 78' lang='lat' dir='ltr'><strong>Filium,</strong></span> <span class='ocrx_word' id='word_1_231' title='bbox 729 2663 822 2716; x_wconf 88' lang='lat' dir='ltr'><strong>sed</strong></span> <span class='ocrx_word' id='word_1_232' title='bbox 889 2668 1202 2732; x_wconf 74' lang='lat' dir='ltr'><strong>przecedens</strong></span> <span class='ocrx_word' id='word_1_233' title='bbox 1252 2671 1543 2721; x_wconf 89' lang='lat' dir='ltr'><strong>contitetur</strong></span> <span class='ocrx_word' id='word_1_234' title='bbox 1597 2666 1853 2733; x_wconf 86' lang='lat' dir='ltr'><strong>Patrem,</strong></span> <span class='ocrx_word' id='word_1_235' title='bbox 1908 2682 2014 2720; x_wconf 94' lang='lat' dir='ltr'><strong>non</strong></span> 
     </span>
    </p>
   </div>
   <div class='ocr_carea' id='block_1_31' title="bbox 443 2751 2015 2825">
    <p class='ocr_par' dir='ltr' id='par_1_31' title="bbox 443 2751 2015 2825">
     <span class='ocr_line' id='line_1_31' title="bbox 443 2751 2015 2825; baseline 0.005 -23"><span class='ocrx_word' id='word_1_236' title='bbox 443 2751 778 2819; x_wconf 90' lang='lat' dir='ltr'><strong>temporibus</strong></span> <span class='ocrx_word' id='word_1_237' title='bbox 803 2792 820 2818; x_wconf 89' lang='lat'><strong>,</strong></span> <span class='ocrx_word' id='word_1_238' title='bbox 857 2769 961 2807; x_wconf 87' lang='lat' dir='ltr'><strong>non</strong></span> <span class='ocrx_word' id='word_1_239' title='bbox 1007 2755 1234 2825; x_wconf 87' lang='lat' dir='ltr'><strong>spatiis,</strong></span> <span class='ocrx_word' id='word_1_240' title='bbox 1281 2761 1375 2811; x_wconf 90' lang='lat' dir='ltr'><strong>sed</strong></span> <span class='ocrx_word' id='word_1_241' title='bbox 1419 2756 1680 2825; x_wconf 82' lang='lat' dir='ltr'><strong>dignitate</strong></span> <span class='ocrx_word' id='word_1_242' title='bbox 1704 2766 1757 2810; x_wconf 78' lang='lat' dir='ltr'><strong>et</strong></span> <span class='ocrx_word' id='word_1_243' title='bbox 1789 2756 2015 2810; x_wconf 88' lang='lat' dir='ltr'><strong>honore.</strong></span> 
     </span>
    </p>
   </div>
   <div class='ocr_carea' id='block_1_32' title="bbox 433 2839 2018 2919">
    <p class='ocr_par' dir='ltr' id='par_1_32' title="bbox 433 2839 2018 2919">
     <span class='ocr_line' id='line_1_32' title="bbox 433 2839 2018 2919; baseline 0.006 -23"><span class='ocrx_word' id='word_1_244' title='bbox 433 2839 598 2896; x_wconf 85' lang='lat' dir='ltr'><strong>Pater</strong></span> <span class='ocrx_word' id='word_1_245' title='bbox 654 2843 828 2914; x_wconf 78' lang='lat' dir='ltr'><strong>diligit</strong></span> <span class='ocrx_word' id='word_1_246' title='bbox 868 2845 1094 2915; x_wconf 77' lang='lat' dir='ltr'><strong>Filium,</strong></span> <span class='ocrx_word' id='word_1_247' title='bbox 1141 2849 1314 2918; x_wconf 83' lang='lat' dir='ltr'><strong>diligit</strong></span> <span class='ocrx_word' id='word_1_248' title='bbox 1354 2858 1408 2904; x_wconf 87' lang='lat' dir='ltr'><strong>et</strong></span> <span class='ocrx_word' id='word_1_249' title='bbox 1455 2850 1712 2919; x_wconf 86' lang='lat' dir='ltr'><strong>diligitur.</strong></span> <span class='ocrx_word' id='word_1_250' title='bbox 1759 2849 1912 2905; x_wconf 89' lang='lat' dir='ltr'><strong>Unde</strong></span> <span class='ocrx_word' id='word_1_251' title='bbox 1952 2849 2018 2905; x_wconf 88' lang='lat' dir='ltr'><strong>lis</strong></span> 
     </span>
    </p>
   </div>
   <div class='ocr_carea' id='block_1_33' title="bbox 434 2933 2017 3011">
    <p class='ocr_par' dir='ltr' id='par_1_33' title="bbox 434 2933 2017 3011">
     <span class='ocr_line' id='line_1_33' title="bbox 434 2933 2017 3011; baseline 0.006 -23"><span class='ocrx_word' id='word_1_252' title='bbox 434 2933 538 2988; x_wconf 86' lang='lat' dir='ltr'><strong>ista</strong></span> <span class='ocrx_word' id='word_1_253' title='bbox 602 2945 719 3003; x_wconf 87' lang='lat' dir='ltr'><strong>est,</strong></span> <span class='ocrx_word' id='word_1_254' title='bbox 766 2954 872 2992; x_wconf 92' lang='lat' dir='ltr'><strong>non</strong></span> <span class='ocrx_word' id='word_1_255' title='bbox 922 2939 1157 2997; x_wconf 87' lang='lat' dir='ltr'><strong>invenio.</strong></span> <span class='ocrx_word' id='word_1_256' title='bbox 1217 2939 1328 2996; x_wconf 90' lang='lat' dir='ltr'><strong>Illic</strong></span> <span class='ocrx_word' id='word_1_257' title='bbox 1380 2957 1520 3010; x_wconf 86' lang='lat' dir='ltr'><strong>pax,</strong></span> <span class='ocrx_word' id='word_1_258' title='bbox 1577 2953 1632 2997; x_wconf 91' lang='lat' dir='ltr'><strong>et</strong></span> <span class='ocrx_word' id='word_1_259' title='bbox 1688 2943 1846 2998; x_wconf 86' lang='lat' dir='ltr'><strong>isthic</strong></span> <span class='ocrx_word' id='word_1_260' title='bbox 1897 2942 2017 3011; x_wconf 88' lang='lat' dir='ltr'><strong>jur-</strong></span> 
     </span>
    </p>
   </div>
   <div class='ocr_carea' id='block_1_34' title="bbox 435 3027 2018 3104">
    <p class='ocr_par' dir='ltr' id='par_1_34' title="bbox 435 3027 2018 3104">
     <span class='ocr_line' id='line_1_34' title="bbox 435 3027 2018 3104; baseline 0.008 -26"><span class='ocrx_word' id='word_1_261' title='bbox 435 3027 545 3094; x_wconf 86' lang='lat' dir='ltr'><strong>gia.</strong></span> <span class='ocrx_word' id='word_1_262' title='bbox 595 3027 711 3082; x_wconf 88' lang='lat' dir='ltr'><strong>Illic</strong></span> <span class='ocrx_word' id='word_1_263' title='bbox 769 3029 1019 3097; x_wconf 88' lang='lat' dir='ltr'><strong>dilectio,</strong></span> <span class='ocrx_word' id='word_1_264' title='bbox 1077 3041 1132 3086; x_wconf 92' lang='lat' dir='ltr'><strong>et</strong></span> <span class='ocrx_word' id='word_1_265' title='bbox 1172 3033 1260 3089; x_wconf 88' lang='lat' dir='ltr'><strong>hic</strong></span> <span class='ocrx_word' id='word_1_266' title='bbox 1307 3035 1602 3090; x_wconf 88' lang='lat' dir='ltr'><strong>contentio.</strong></span> <span class='ocrx_word' id='word_1_267' title='bbox 1639 3033 1694 3089; x_wconf 88' lang='lat' dir='ltr'><strong>Si</strong></span> <span class='ocrx_word' id='word_1_268' title='bbox 1747 3035 2018 3104; x_wconf 84' lang='lat' dir='ltr'><strong>diligimus</strong></span> 
     </span>
    </p>
   </div>
   <div class='ocr_carea' id='block_1_35' title="bbox 2123 567 3734 636">
    <p class='ocr_par' dir='ltr' id='par_1_35' title="bbox 2123 567 3734 636">
     <span class='ocr_line' id='line_1_35' title="bbox 2123 567 3734 636; baseline -0.006 -16"><span class='ocrx_word' id='word_1_269' title='bbox 2123 567 2252 636; x_wconf 90' lang='lat' dir='ltr'><strong>quia</strong></span> <span class='ocrx_word' id='word_1_270' title='bbox 2278 578 2453 633; x_wconf 91' lang='lat' dir='ltr'><strong>neque</strong></span> <span class='ocrx_word' id='word_1_271' title='bbox 2491 574 2872 629; x_wconf 89' lang='lat' dir='ltr'><strong>comparamur</strong></span> <span class='ocrx_word' id='word_1_272' title='bbox 2894 598 2911 623; x_wconf 95' lang='lat'><strong>,</strong></span> <span class='ocrx_word' id='word_1_273' title='bbox 2956 569 3131 626; x_wconf 86' lang='lat' dir='ltr'><strong>neque</strong></span> <span class='ocrx_word' id='word_1_274' title='bbox 3180 570 3461 625; x_wconf 70' lang='lat' dir='ltr'><strong>aequamur</strong></span> <span class='ocrx_word' id='word_1_275' title='bbox 3490 569 3507 607; x_wconf 91' lang='lat'><strong>:</strong></span> <span class='ocrx_word' id='word_1_276' title='bbox 3543 571 3734 624; x_wconf 80' lang='lat' dir='ltr'><strong>neque</strong></span> 
     </span>
    </p>
   </div>
   <div class='ocr_carea' id='block_1_36' title="bbox 2128 649 3733 728">
    <p class='ocr_par' dir='ltr' id='par_1_36' title="bbox 2128 649 3733 728">
     <span class='ocr_line' id='line_1_36' title="bbox 2128 649 3733 728; baseline -0.008 -15"><span class='ocrx_word' id='word_1_277' title='bbox 2128 659 2184 713; x_wconf 91' lang='lat' dir='ltr'><strong>in</strong></span> <span class='ocrx_word' id='word_1_278' title='bbox 2217 673 2324 728; x_wconf 91' lang='lat' dir='ltr'><strong>quo</strong></span> <span class='ocrx_word' id='word_1_279' title='bbox 2349 657 2529 710; x_wconf 91' lang='lat' dir='ltr'><strong>minus</strong></span> <span class='ocrx_word' id='word_1_280' title='bbox 2564 669 2774 709; x_wconf 86' lang='lat' dir='ltr'><strong>sumus.</strong></span> <span class='ocrx_word' id='word_1_281' title='bbox 2809 649 2926 705; x_wconf 84' lang='lat' dir='ltr'><strong>Non</strong></span> <span class='ocrx_word' id='word_1_282' title='bbox 2965 665 3063 705; x_wconf 93' lang='lat' dir='ltr'><strong>nos</strong></span> <span class='ocrx_word' id='word_1_283' title='bbox 3087 649 3297 714; x_wconf 85' lang='lat' dir='ltr'><strong>solum,</strong></span> <span class='ocrx_word' id='word_1_284' title='bbox 3334 651 3428 703; x_wconf 91' lang='lat' dir='ltr'><strong>sed</strong></span> <span class='ocrx_word' id='word_1_285' title='bbox 3465 663 3576 703; x_wconf 88' lang='lat' dir='ltr'><strong>nec</strong></span> <span class='ocrx_word' id='word_1_286' title='bbox 3625 664 3733 701; x_wconf 84' lang='lat' dir='ltr'><strong>an-</strong></span> 
     </span>
    </p>
   </div>
   <div class='ocr_carea' id='block_1_37' title="bbox 2124 740 3732 824">
    <p class='ocr_par' dir='ltr' id='par_1_37' title="bbox 2124 740 3732 824">
     <span class='ocr_line' id='line_1_37' title="bbox 2124 740 3732 824; baseline -0.009 -18"><span class='ocrx_word' id='word_1_287' title='bbox 2124 751 2269 824; x_wconf 84' lang='lat' dir='ltr'><strong>geli,</strong></span> <span class='ocrx_word' id='word_1_288' title='bbox 2300 759 2393 804; x_wconf 89' lang='lat' dir='ltr'><strong>aut</strong></span> <span class='ocrx_word' id='word_1_289' title='bbox 2420 745 2768 815; x_wconf 88' lang='lat' dir='ltr'><strong>archangeli,</strong></span> <span class='ocrx_word' id='word_1_290' title='bbox 2819 751 2912 798; x_wconf 85' lang='lat' dir='ltr'><strong>aut</strong></span> <span class='ocrx_word' id='word_1_291' title='bbox 2948 742 3210 805; x_wconf 89' lang='lat' dir='ltr'><strong>virtutes,</strong></span> <span class='ocrx_word' id='word_1_292' title='bbox 3253 751 3348 796; x_wconf 87' lang='lat' dir='ltr'><strong>aut</strong></span> <span class='ocrx_word' id='word_1_293' title='bbox 3377 740 3732 795; x_wconf 87' lang='lat' dir='ltr'><strong>dominatio—</strong></span> 
     </span>
    </p>
   </div>
   <div class='ocr_carea' id='block_1_38' title="bbox 2124 830 3732 912">
    <p class='ocr_par' dir='ltr' id='par_1_38' title="bbox 2124 830 3732 912">
     <span class='ocr_line' id='line_1_38' title="bbox 2124 830 3732 912; baseline -0.009 -14"><span class='ocrx_word' id='word_1_294' title='bbox 2124 859 2242 909; x_wconf 90' lang='lat' dir='ltr'><strong>nes,</strong></span> <span class='ocrx_word' id='word_1_295' title='bbox 2261 857 2433 912; x_wconf 91' lang='lat' dir='ltr'><strong>neque</strong></span> <span class='ocrx_word' id='word_1_296' title='bbox 2455 841 2597 894; x_wconf 90' lang='lat' dir='ltr'><strong>aliud</strong></span> <span class='ocrx_word' id='word_1_297' title='bbox 2624 837 2848 908; x_wconf 91' lang='lat' dir='ltr'><strong>aliquid,</strong></span> <span class='ocrx_word' id='word_1_298' title='bbox 2878 836 2972 890; x_wconf 91' lang='lat' dir='ltr'><strong>sed</strong></span> <span class='ocrx_word' id='word_1_299' title='bbox 2995 837 3176 890; x_wconf 90' lang='lat' dir='ltr'><strong>omnia</strong></span> <span class='ocrx_word' id='word_1_300' title='bbox 3193 834 3587 900; x_wconf 88' lang='lat' dir='ltr'><strong>relinquuntur</strong></span> <span class='ocrx_word' id='word_1_301' title='bbox 3607 830 3732 902; x_wconf 83' lang='lat'><strong>(80)</strong></span> 
     </span>
    </p>
   </div>
   <div class='ocr_carea' id='block_1_39' title="bbox 2127 925 3727 1006">
    <p class='ocr_par' dir='ltr' id='par_1_39' title="bbox 2127 925 3727 1006">
     <span class='ocr_line' id='line_1_39' title="bbox 2127 925 3727 1006; baseline -0.009 -15"><span class='ocrx_word' id='word_1_302' title='bbox 2127 938 2195 991; x_wconf 91' lang='lat' dir='ltr'><strong>ab</strong></span> <span class='ocrx_word' id='word_1_303' title='bbox 2229 935 2505 1006; x_wconf 87' lang='lat' dir='ltr'><strong>unigenito</strong></span> <span class='ocrx_word' id='word_1_304' title='bbox 2525 953 2539 988; x_wconf 87' lang='lat'><strong>:</strong></span> <span class='ocrx_word' id='word_1_305' title='bbox 2562 934 2676 1002; x_wconf 90' lang='lat' dir='ltr'><strong>ipse</strong></span> <span class='ocrx_word' id='word_1_306' title='bbox 2695 939 2870 986; x_wconf 87' lang='lat' dir='ltr'><strong>autem</strong></span> <span class='ocrx_word' id='word_1_307' title='bbox 2898 928 2995 983; x_wconf 91' lang='lat' dir='ltr'><strong>soli</strong></span> <span class='ocrx_word' id='word_1_308' title='bbox 3016 929 3105 982; x_wconf 93' lang='lat' dir='ltr'><strong>uni</strong></span> <span class='ocrx_word' id='word_1_309' title='bbox 3132 935 3254 982; x_wconf 90' lang='lat' dir='ltr'><strong>nato</strong></span> <span class='ocrx_word' id='word_1_310' title='bbox 3277 942 3381 982; x_wconf 91' lang='lat' dir='ltr'><strong>non</strong></span> <span class='ocrx_word' id='word_1_311' title='bbox 3406 927 3552 981; x_wconf 90' lang='lat' dir='ltr'><strong>cedit</strong></span> <span class='ocrx_word' id='word_1_312' title='bbox 3579 925 3727 998; x_wconf 81' lang='grc'><strong>(81).</strong></span> 
     </span>
    </p>
   </div>
   <div class='ocr_carea' id='block_1_40' title="bbox 2123 1018 3734 1088">
    <p class='ocr_par' dir='ltr' id='par_1_40' title="bbox 2123 1018 3734 1088">
     <span class='ocr_line' id='line_1_40' title="bbox 2123 1018 3734 1088; baseline -0.009 -4"><span class='ocrx_word' id='word_1_313' title='bbox 2123 1029 2238 1084; x_wconf 88' lang='lat' dir='ltr'><strong>Non</strong></span> <span class='ocrx_word' id='word_1_314' title='bbox 2270 1042 2459 1083; x_wconf 84' lang='lat' dir='ltr'><strong>sumus</strong></span> <span class='ocrx_word' id='word_1_315' title='bbox 2485 1024 2688 1088; x_wconf 74' lang='lat' dir='ltr'><strong>Judaei,</strong></span> <span class='ocrx_word' id='word_1_316' title='bbox 2718 1023 3044 1078; x_wconf 84' lang='lat' dir='ltr'><strong>conﬁtemur</strong></span> <span class='ocrx_word' id='word_1_317' title='bbox 3067 1021 3208 1075; x_wconf 88' lang='lat' dir='ltr'><strong>enim</strong></span> <span class='ocrx_word' id='word_1_318' title='bbox 3227 1019 3447 1074; x_wconf 81' lang='lat' dir='ltr'><strong>Filium.</strong></span> <span class='ocrx_word' id='word_1_319' title='bbox 3468 1018 3593 1072; x_wconf 81' lang='lat' dir='ltr'><strong>Non</strong></span> <span class='ocrx_word' id='word_1_320' title='bbox 3633 1034 3734 1072; x_wconf 86' lang='lat' dir='ltr'><strong>su-</strong></span> 
     </span>
    </p>
   </div>
   <div class='ocr_carea' id='block_1_41' title="bbox 2123 1107 3728 1192">
    <p class='ocr_par' dir='ltr' id='par_1_41' title="bbox 2123 1107 3728 1192">
     <span class='ocr_line' id='line_1_41' title="bbox 2123 1107 3728 1192; baseline -0.011 -16"><span class='ocrx_word' id='word_1_321' title='bbox 2123 1137 2244 1177; x_wconf 90' lang='lat' dir='ltr'><strong>mus</strong></span> <span class='ocrx_word' id='word_1_322' title='bbox 2271 1119 2498 1192; x_wconf 76' lang='lat' dir='ltr'><strong>gentiles</strong></span> <span class='ocrx_word' id='word_1_323' title='bbox 2519 1160 2536 1182; x_wconf 88' lang='lat'><strong>,</strong></span> <span class='ocrx_word' id='word_1_324' title='bbox 2573 1118 2700 1188; x_wconf 90' lang='lat' dir='ltr'><strong>quia</strong></span> <span class='ocrx_word' id='word_1_325' title='bbox 2736 1132 2840 1170; x_wconf 93' lang='lat' dir='ltr'><strong>non</strong></span> <span class='ocrx_word' id='word_1_326' title='bbox 2882 1115 3112 1170; x_wconf 91' lang='lat' dir='ltr'><strong>dicimus</strong></span> <span class='ocrx_word' id='word_1_327' title='bbox 3135 1112 3332 1166; x_wconf 91' lang='lat' dir='ltr'><strong>multos</strong></span> <span class='ocrx_word' id='word_1_328' title='bbox 3358 1111 3580 1164; x_wconf 88' lang='lat' dir='ltr'><strong>Patres.</strong></span> <span class='ocrx_word' id='word_1_329' title='bbox 3602 1107 3692 1161; x_wconf 82' lang='lat' dir='ltr'><strong>No</strong></span> <span class='ocrx_word' id='word_1_330' title='bbox 3719 1131 3728 1157; x_wconf 86' lang='lat' dir='ltr'><strong>t</strong></span> 
     </span>
    </p>
   </div>
   <div class='ocr_carea' id='block_1_42' title="bbox 2123 1205 3730 1276">
    <p class='ocr_par' dir='ltr' id='par_1_42' title="bbox 2123 1205 3730 1276">
     <span class='ocr_line' id='line_1_42' title="bbox 2123 1205 3730 1276; baseline -0.008 -7"><span class='ocrx_word' id='word_1_331' title='bbox 2123 1228 2310 1270; x_wconf 90' lang='lat' dir='ltr'><strong>sumus</strong></span> <span class='ocrx_word' id='word_1_332' title='bbox 2345 1212 2624 1275; x_wconf 79' lang='lat' dir='ltr'><strong>hzeretici,</strong></span> <span class='ocrx_word' id='word_1_333' title='bbox 2656 1209 2860 1264; x_wconf 90' lang='lat' dir='ltr'><strong>scimus</strong></span> <span class='ocrx_word' id='word_1_334' title='bbox 2898 1208 3040 1264; x_wconf 90' lang='lat' dir='ltr'><strong>enim</strong></span> <span class='ocrx_word' id='word_1_335' title='bbox 3083 1206 3368 1276; x_wconf 91' lang='lat' dir='ltr'><strong>Spiritum.</strong></span> <span class='ocrx_word' id='word_1_336' title='bbox 3422 1206 3534 1261; x_wconf 89' lang='lat' dir='ltr'><strong>Sed</strong></span> <span class='ocrx_word' id='word_1_337' title='bbox 3585 1205 3730 1274; x_wconf 77' lang='lat' dir='ltr'><strong>quid</strong></span> 
     </span>
    </p>
   </div>
   <div class='ocr_carea' id='block_1_43' title="bbox 2124 1298 3730 1374">
    <p class='ocr_par' dir='ltr' id='par_1_43' title="bbox 2124 1298 3730 1374">
     <span class='ocr_line' id='line_1_43' title="bbox 2124 1298 3730 1374; baseline -0.004 -15"><span class='ocrx_word' id='word_1_338' title='bbox 2124 1305 2352 1361; x_wconf 86' lang='lat' dir='ltr'><strong>sumus?</strong></span> <span class='ocrx_word' id='word_1_339' title='bbox 2403 1305 2613 1374; x_wconf 89' lang='lat' dir='ltr'><strong>Sponsa</strong></span> <span class='ocrx_word' id='word_1_340' title='bbox 2650 1303 2883 1357; x_wconf 84' lang='lat' dir='ltr'><strong>viventis</strong></span> <span class='ocrx_word' id='word_1_341' title='bbox 2916 1301 3100 1370; x_wconf 87' lang='lat' dir='ltr'><strong>sponsi</strong></span> <span class='ocrx_word' id='word_1_342' title='bbox 3150 1315 3247 1368; x_wconf 89' lang='lat' dir='ltr'><strong>per</strong></span> <span class='ocrx_word' id='word_1_343' title='bbox 3296 1298 3577 1354; x_wconf 87' lang='lat' dir='ltr'><strong>Christum</strong></span> <span class='ocrx_word' id='word_1_344' title='bbox 3623 1314 3730 1352; x_wconf 90' lang='lat' dir='ltr'><strong>nos</strong></span> 
     </span>
    </p>
   </div>
   <div class='ocr_carea' id='block_1_44' title="bbox 2123 1385 3727 1467">
    <p class='ocr_par' dir='ltr' id='par_1_44' title="bbox 2123 1385 3727 1467">
     <span class='ocr_line' id='line_1_44' title="bbox 2123 1385 3727 1467; baseline -0.004 -15"><span class='ocrx_word' id='word_1_345' title='bbox 2123 1413 2326 1452; x_wconf 89' lang='lat' dir='ltr'><strong>sumus.</strong></span> <span class='ocrx_word' id='word_1_346' title='bbox 2363 1396 2419 1450; x_wconf 90' lang='lat' dir='ltr'><strong>Si</strong></span> <span class='ocrx_word' id='word_1_347' title='bbox 2453 1411 2579 1467; x_wconf 88' lang='lat' dir='ltr'><strong>ergo</strong></span> <span class='ocrx_word' id='word_1_348' title='bbox 2605 1411 2705 1451; x_wconf 87' lang='lat' dir='ltr'><strong>nos</strong></span> <span class='ocrx_word' id='word_1_349' title='bbox 2733 1394 2822 1464; x_wconf 89' lang='lat' dir='ltr'><strong>qui</strong></span> <span class='ocrx_word' id='word_1_350' title='bbox 2857 1410 2954 1464; x_wconf 89' lang='lat' dir='ltr'><strong>per</strong></span> <span class='ocrx_word' id='word_1_351' title='bbox 2987 1385 3270 1449; x_wconf 84' lang='lat' dir='ltr'><strong>Christum</strong></span> <span class='ocrx_word' id='word_1_352' title='bbox 3291 1407 3481 1447; x_wconf 89' lang='lat' dir='ltr'><strong>sumus</strong></span> <span class='ocrx_word' id='word_1_353' title='bbox 3505 1434 3520 1454; x_wconf 89' lang='lat'><strong>,</strong></span> <span class='ocrx_word' id='word_1_354' title='bbox 3555 1401 3727 1460; x_wconf 83' lang='lat' dir='ltr'><strong>putas</strong></span> 
     </span>
    </p>
   </div>
   <div class='ocr_carea' id='block_1_45' title="bbox 2121 1487 3724 1559">
    <p class='ocr_par' dir='ltr' id='par_1_45' title="bbox 2121 1487 3724 1559">
     <span class='ocr_line' id='line_1_45' title="bbox 2121 1487 3724 1559; baseline -0.001 -20"><span class='ocrx_word' id='word_1_355' title='bbox 2121 1491 2243 1559; x_wconf 87' lang='lat' dir='ltr'><strong>quia</strong></span> <span class='ocrx_word' id='word_1_356' title='bbox 2273 1491 2384 1557; x_wconf 89' lang='lat' dir='ltr'><strong>ipse</strong></span> <span class='ocrx_word' id='word_1_357' title='bbox 2426 1505 2530 1542; x_wconf 84' lang='lat' dir='ltr'><strong>non</strong></span> <span class='ocrx_word' id='word_1_358' title='bbox 2563 1488 2685 1542; x_wconf 89' lang='lat' dir='ltr'><strong>est?</strong></span> <span class='ocrx_word' id='word_1_359' title='bbox 2710 1503 2772 1543; x_wconf 87' lang='lat' dir='ltr'><strong>ea</strong></span> <span class='ocrx_word' id='word_1_360' title='bbox 2797 1503 2916 1556; x_wconf 65' lang='lat' dir='ltr'><strong>quae</strong></span> <span class='ocrx_word' id='word_1_361' title='bbox 2946 1503 3042 1555; x_wconf 88' lang='lat' dir='ltr'><strong>per</strong></span> <span class='ocrx_word' id='word_1_362' title='bbox 3083 1487 3259 1555; x_wconf 89' lang='lat' dir='ltr'><strong>ipsum</strong></span> <span class='ocrx_word' id='word_1_363' title='bbox 3297 1494 3425 1539; x_wconf 88' lang='lat' dir='ltr'><strong>sunt</strong></span> <span class='ocrx_word' id='word_1_364' title='bbox 3450 1494 3724 1546; x_wconf 87' lang='lat' dir='ltr'><strong>manent,</strong></span> 
     </span>
    </p>
   </div>
   <div class='ocr_carea' id='block_1_46' title="bbox 2122 1574 3722 1652">
    <p class='ocr_par' dir='ltr' id='par_1_46' title="bbox 2122 1574 3722 1652">
     <span class='ocr_line' id='line_1_46' title="bbox 2122 1574 3722 1652; baseline -0.006 -16"><span class='ocrx_word' id='word_1_365' title='bbox 2122 1594 2176 1636; x_wconf 90' lang='lat' dir='ltr'><strong>ct</strong></span> <span class='ocrx_word' id='word_1_366' title='bbox 2208 1585 2316 1652; x_wconf 91' lang='lat' dir='ltr'><strong>ipse</strong></span> <span class='ocrx_word' id='word_1_367' title='bbox 2343 1582 2502 1636; x_wconf 87' lang='lat' dir='ltr'><strong>linem</strong></span> <span class='ocrx_word' id='word_1_368' title='bbox 2538 1581 2700 1634; x_wconf 88' lang='lat' dir='ltr'><strong>habet</strong></span> <span class='ocrx_word' id='word_1_369' title='bbox 2729 1588 2790 1634; x_wconf 92' lang='lat' dir='ltr'><strong>ut</strong></span> <span class='ocrx_word' id='word_1_370' title='bbox 2819 1579 3035 1649; x_wconf 85' lang='lat' dir='ltr'><strong>quidam</strong></span> <span class='ocrx_word' id='word_1_371' title='bbox 3063 1577 3378 1633; x_wconf 85' lang='lat' dir='ltr'><strong>insaniunt?</strong></span> <span class='ocrx_word' id='word_1_372' title='bbox 3421 1574 3538 1630; x_wconf 84' lang='lat' dir='ltr'><strong>Non</strong></span> <span class='ocrx_word' id='word_1_373' title='bbox 3566 1576 3722 1630; x_wconf 72' lang='lat' dir='ltr'><strong>etiim</strong></span> 
     </span>
    </p>
   </div>
   <div class='ocr_carea' id='block_1_47' title="bbox 2125 1669 3728 1744">
    <p class='ocr_par' dir='ltr' id='par_1_47' title="bbox 2125 1669 3728 1744">
     <span class='ocr_line' id='line_1_47' title="bbox 2125 1669 3728 1744; baseline -0.005 -16"><span class='ocrx_word' id='word_1_374' title='bbox 2125 1674 2360 1744; x_wconf 89' lang='lat' dir='ltr'><strong>acquirit</strong></span> <span class='ocrx_word' id='word_1_375' title='bbox 2392 1673 2538 1728; x_wconf 82' lang='lat' dir='ltr'><strong>aliud</strong></span> <span class='ocrx_word' id='word_1_376' title='bbox 2568 1672 2712 1741; x_wconf 90' lang='lat' dir='ltr'><strong>quod</strong></span> <span class='ocrx_word' id='word_1_377' title='bbox 2744 1687 2849 1726; x_wconf 91' lang='lat' dir='ltr'><strong>non</strong></span> <span class='ocrx_word' id='word_1_378' title='bbox 2874 1679 2993 1726; x_wconf 89' lang='lat' dir='ltr'><strong>est:</strong></span> <span class='ocrx_word' id='word_1_379' title='bbox 3028 1685 3132 1725; x_wconf 92' lang='lat' dir='ltr'><strong>non</strong></span> <span class='ocrx_word' id='word_1_380' title='bbox 3186 1669 3451 1736; x_wconf 89' lang='lat' dir='ltr'><strong>assumit,</strong></span> <span class='ocrx_word' id='word_1_381' title='bbox 3507 1669 3609 1723; x_wconf 91' lang='lat' dir='ltr'><strong>sed</strong></span> <span class='ocrx_word' id='word_1_382' title='bbox 3669 1678 3728 1721; x_wconf 90' lang='lat' dir='ltr'><strong>et</strong></span> 
     </span>
    </p>
   </div>
   <div class='ocr_carea' id='block_1_48' title="bbox 2121 1759 3723 1838">
    <p class='ocr_par' dir='ltr' id='par_1_48' title="bbox 2121 1759 3723 1838">
     <span class='ocr_line' id='line_1_48' title="bbox 2121 1759 3723 1838; baseline -0.008 -15"><span class='ocrx_word' id='word_1_383' title='bbox 2121 1769 2261 1838; x_wconf 89' lang='lat' dir='ltr'><strong>quod</strong></span> <span class='ocrx_word' id='word_1_384' title='bbox 2292 1777 2374 1822; x_wconf 91' lang='lat' dir='ltr'><strong>est</strong></span> <span class='ocrx_word' id='word_1_385' title='bbox 2403 1765 2687 1821; x_wconf 81' lang='lat' dir='ltr'><strong>abscondit</strong></span> <span class='ocrx_word' id='word_1_386' title='bbox 2744 1782 2756 1817; x_wconf 94' lang='lat'>:</span> <span class='ocrx_word' id='word_1_387' title='bbox 2820 1763 2922 1818; x_wconf 92' lang='lat' dir='ltr'><strong>hoc</strong></span> <span class='ocrx_word' id='word_1_388' title='bbox 2949 1763 3090 1817; x_wconf 85' lang='lat' dir='ltr'><strong>enim</strong></span> <span class='ocrx_word' id='word_1_389' title='bbox 3131 1760 3421 1832; x_wconf 83' lang='lat' dir='ltr'><strong>signiﬁcat,</strong></span> <span class='ocrx_word' id='word_1_390' title='bbox 3448 1759 3534 1812; x_wconf 88' lang='lat' dir='ltr'><strong>Da</strong></span> <span class='ocrx_word' id='word_1_391' title='bbox 3561 1759 3723 1820; x_wconf 76' lang='lat' dir='ltr'><strong>mihi,</strong></span> 
     </span>
    </p>
   </div>
   <div class='ocr_carea' id='block_1_49' title="bbox 2119 1851 3722 1927">
    <p class='ocr_par' dir='ltr' id='par_1_49' title="bbox 2119 1851 3722 1927">
     <span class='ocr_line' id='line_1_49' title="bbox 2119 1851 3722 1927; baseline -0.008 -12"><span class='ocrx_word' id='word_1_392' title='bbox 2119 1861 2279 1915; x_wconf 84' lang='lat' dir='ltr'><strong>Pater</strong></span> <span class='ocrx_word' id='word_1_393' title='bbox 2306 1876 2327 1916; x_wconf 90' lang='lat'><strong><em>:</em></strong></span> <span class='ocrx_word' id='word_1_394' title='bbox 2356 1862 2448 1915; x_wconf 88' lang='lat' dir='ltr'><strong>sed</strong></span> <span class='ocrx_word' id='word_1_395' title='bbox 2479 1873 2584 1913; x_wconf 92' lang='lat' dir='ltr'><strong>non</strong></span> <span class='ocrx_word' id='word_1_396' title='bbox 2603 1855 2805 1927; x_wconf 93' lang='lat' dir='ltr'><strong>aliquid</strong></span> <span class='ocrx_word' id='word_1_397' title='bbox 2838 1870 3036 1909; x_wconf 83' lang='lat' dir='ltr'><strong>novum</strong></span> <span class='ocrx_word' id='word_1_398' title='bbox 3061 1855 3191 1922; x_wconf 90' lang='lat' dir='ltr'><strong>petit</strong></span> <span class='ocrx_word' id='word_1_399' title='bbox 3216 1854 3338 1907; x_wconf 91' lang='lat' dir='ltr'><strong>:sed</strong></span> <span class='ocrx_word' id='word_1_400' title='bbox 3367 1853 3510 1922; x_wconf 83' lang='lat' dir='ltr'><strong>quod</strong></span> <span class='ocrx_word' id='word_1_401' title='bbox 3529 1851 3722 1915; x_wconf 81' lang='lat' dir='ltr'><strong>habui,</strong></span> 
     </span>
    </p>
   </div>
   <div class='ocr_carea' id='block_1_50' title="bbox 2118 1943 3725 2022">
    <p class='ocr_par' dir='ltr' id='par_1_50' title="bbox 2118 1943 3725 2022">
     <span class='ocr_line' id='line_1_50' title="bbox 2118 1943 3725 2022; baseline -0.007 -14"><span class='ocrx_word' id='word_1_402' title='bbox 2118 1953 2321 2022; x_wconf 90' lang='lat' dir='ltr'><strong>inquit,</strong></span> <span class='ocrx_word' id='word_1_403' title='bbox 2373 1952 2513 2020; x_wconf 85' lang='lat' dir='ltr'><strong>apud</strong></span> <span class='ocrx_word' id='word_1_404' title='bbox 2559 1959 2648 2014; x_wconf 88' lang='lat' dir='ltr'><strong>te,</strong></span> <span class='ocrx_word' id='word_1_405' title='bbox 2697 1949 2766 2002; x_wconf 86' lang='lat' dir='ltr'><strong>da</strong></span> <span class='ocrx_word' id='word_1_406' title='bbox 2806 1948 2937 2001; x_wconf 84' lang='lat' dir='ltr'><strong>mihi</strong></span> <span class='ocrx_word' id='word_1_407' title='bbox 2988 1947 3055 2000; x_wconf 81' lang='grc'><strong>⁷⁸.</strong></span> <span class='ocrx_word' id='word_1_408' title='bbox 3104 1944 3222 2000; x_wconf 86' lang='lat' dir='ltr'><strong>Non</strong></span> <span class='ocrx_word' id='word_1_409' title='bbox 3257 1945 3403 2009; x_wconf 84' lang='lat' dir='ltr'><strong>enim</strong></span> <span class='ocrx_word' id='word_1_410' title='bbox 3453 1943 3725 2010; x_wconf 79' lang='lat' dir='ltr'><strong>habes,o</strong></span> 
     </span>
    </p>
   </div>
   <div class='ocr_carea' id='block_1_51' title="bbox 2123 2038 3725 2114">
    <p class='ocr_par' dir='ltr' id='par_1_51' title="bbox 2123 2038 3725 2114">
     <span class='ocr_line' id='line_1_51' title="bbox 2123 2038 3725 2114; baseline -0.007 -14"><span class='ocrx_word' id='word_1_411' title='bbox 2123 2045 2370 2109; x_wconf 90' lang='lat' dir='ltr'><strong>Domine,</strong></span> <span class='ocrx_word' id='word_1_412' title='bbox 2406 2043 2552 2114; x_wconf 92' lang='lat' dir='ltr'><strong>quod</strong></span> <span class='ocrx_word' id='word_1_413' title='bbox 2577 2041 2858 2096; x_wconf 83' lang='lat' dir='ltr'><strong>habebas?</strong></span> <span class='ocrx_word' id='word_1_414' title='bbox 2882 2040 2986 2094; x_wconf 91' lang='lat' dir='ltr'><strong>Sed</strong></span> <span class='ocrx_word' id='word_1_415' title='bbox 3014 2038 3139 2109; x_wconf 92' lang='lat' dir='ltr'><strong>quia</strong></span> <span class='ocrx_word' id='word_1_416' title='bbox 3163 2078 3179 2104; x_wconf 94' lang='lat'><strong>,</strong></span> <span class='ocrx_word' id='word_1_417' title='bbox 3205 2039 3415 2107; x_wconf 91' lang='lat' dir='ltr'><strong>inquit,</strong></span> <span class='ocrx_word' id='word_1_418' title='bbox 3447 2038 3725 2091; x_wconf 84' lang='lat' dir='ltr'><strong>absconsa</strong></span> 
     </span>
    </p>
   </div>
   <div class='ocr_carea' id='block_1_52' title="bbox 2119 2125 3725 2205">
    <p class='ocr_par' dir='ltr' id='par_1_52' title="bbox 2119 2125 3725 2205">
     <span class='ocr_line' id='line_1_52' title="bbox 2119 2125 3725 2205; baseline -0.007 -13"><span class='ocrx_word' id='word_1_419' title='bbox 2119 2147 2204 2193; x_wconf 85' lang='lat' dir='ltr'><strong>est</strong></span> <span class='ocrx_word' id='word_1_420' title='bbox 2233 2153 2348 2191; x_wconf 88' lang='lat' dir='ltr'><strong>mea</strong></span> <span class='ocrx_word' id='word_1_421' title='bbox 2377 2135 2588 2205; x_wconf 90' lang='lat' dir='ltr'><strong>species</strong></span> <span class='ocrx_word' id='word_1_422' title='bbox 2617 2152 2630 2187; x_wconf 89' lang='lat'><strong>:</strong></span> <span class='ocrx_word' id='word_1_423' title='bbox 2660 2131 2787 2202; x_wconf 89' lang='lat' dir='ltr'><strong>quia</strong></span> <span class='ocrx_word' id='word_1_424' title='bbox 2821 2146 2925 2186; x_wconf 93' lang='lat' dir='ltr'><strong>non</strong></span> <span class='ocrx_word' id='word_1_425' title='bbox 2959 2139 3179 2200; x_wconf 85' lang='lat' dir='ltr'><strong>apparet</strong></span> <span class='ocrx_word' id='word_1_426' title='bbox 3220 2143 3336 2182; x_wconf 86' lang='lat' dir='ltr'><strong>mea</strong></span> <span class='ocrx_word' id='word_1_427' title='bbox 3367 2126 3563 2198; x_wconf 84' lang='lat' dir='ltr'><strong>gloria.</strong></span> <span class='ocrx_word' id='word_1_428' title='bbox 3591 2125 3725 2180; x_wconf 82' lang='lat' dir='ltr'><strong>Gle-</strong></span> 
     </span>
    </p>
   </div>
   <div class='ocr_carea' id='block_1_53' title="bbox 2119 2220 3726 2296">
    <p class='ocr_par' dir='ltr' id='par_1_53' title="bbox 2119 2220 3726 2296">
     <span class='ocr_line' id='line_1_53' title="bbox 2119 2220 3726 2296; baseline -0.007 -14"><span class='ocrx_word' id='word_1_429' title='bbox 2119 2229 2305 2295; x_wconf 81' lang='lat' dir='ltr'><strong>riﬁca,</strong></span> <span class='ocrx_word' id='word_1_430' title='bbox 2337 2225 2554 2296; x_wconf 86' lang='lat' dir='ltr'><strong>inquit,</strong></span> <span class='ocrx_word' id='word_1_431' title='bbox 2585 2235 2736 2278; x_wconf 85' lang='lat' dir='ltr'><strong>tuum</strong></span> <span class='ocrx_word' id='word_1_432' title='bbox 2787 2222 2990 2276; x_wconf 84' lang='lat' dir='ltr'><strong>Filium</strong></span> <span class='ocrx_word' id='word_1_433' title='bbox 3035 2221 3104 2276; x_wconf 74' lang='grc'><strong>⁷⁷⁵.</strong></span> <span class='ocrx_word' id='word_1_434' title='bbox 3164 2220 3233 2274; x_wconf 84' lang='grc' dir='ltr'><strong>Ει</strong></span> <span class='ocrx_word' id='word_1_435' title='bbox 3277 2220 3404 2288; x_wconf 84' lang='lat' dir='ltr'><strong>quid</strong></span> <span class='ocrx_word' id='word_1_436' title='bbox 3435 2220 3726 2287; x_wconf 73' lang='lat' dir='ltr'><strong>respondit</strong></span> 
     </span>
    </p>
   </div>
   <div class='ocr_carea' id='block_1_54' title="bbox 2117 2311 3725 2385">
    <p class='ocr_par' dir='ltr' id='par_1_54' title="bbox 2117 2311 3725 2385">
     <span class='ocr_line' id='line_1_54' title="bbox 2117 2311 3725 2385; baseline -0.005 -11"><span class='ocrx_word' id='word_1_437' title='bbox 2117 2318 2317 2374; x_wconf 87' lang='lat' dir='ltr'><strong>Pater?</strong></span> <span class='ocrx_word' id='word_1_438' title='bbox 2345 2315 2670 2385; x_wconf 82' lang='lat' dir='ltr'><strong>Gloriﬁcavi.</strong></span> <span class='ocrx_word' id='word_1_439' title='bbox 2700 2315 2756 2371; x_wconf 91' lang='lat' dir='ltr'><strong>Si</strong></span> <span class='ocrx_word' id='word_1_440' title='bbox 2781 2313 2949 2385; x_wconf 84' lang='lat' dir='ltr'><strong>igitur</strong></span> <span class='ocrx_word' id='word_1_441' title='bbox 2977 2311 3330 2383; x_wconf 80' lang='lat' dir='ltr'><strong>glorificavit,</strong></span> <span class='ocrx_word' id='word_1_442' title='bbox 3356 2311 3489 2380; x_wconf 90' lang='lat' dir='ltr'><strong>quid</strong></span> <span class='ocrx_word' id='word_1_443' title='bbox 3517 2311 3725 2374; x_wconf 65' lang='lat' dir='ltr'><strong>quzrit</strong></span> 
     </span>
    </p>
   </div>
   <div class='ocr_carea' id='block_1_55' title="bbox 2118 2399 3722 2484">
    <p class='ocr_par' dir='ltr' id='par_1_55' title="bbox 2118 2399 3722 2484">
     <span class='ocr_line' id='line_1_55' title="bbox 2118 2399 3722 2484; baseline -0.007 -18"><span class='ocrx_word' id='word_1_444' title='bbox 2118 2409 2452 2484; x_wconf 85' lang='lat' dir='ltr'><strong>glorilicari?</strong></span> <span class='ocrx_word' id='word_1_445' title='bbox 2478 2408 2582 2464; x_wconf 91' lang='lat' dir='ltr'><strong>Sed</strong></span> <span class='ocrx_word' id='word_1_446' title='bbox 2618 2407 2752 2462; x_wconf 90' lang='lat' dir='ltr'><strong>dicit</strong></span> <span class='ocrx_word' id='word_1_447' title='bbox 2777 2407 2935 2460; x_wconf 89' lang='lat' dir='ltr'><strong>Pater</strong></span> <span class='ocrx_word' id='word_1_448' title='bbox 2961 2445 2976 2470; x_wconf 92' lang='lat'><strong>,</strong></span> <span class='ocrx_word' id='word_1_449' title='bbox 3020 2402 3087 2457; x_wconf 86' lang='lat' dir='ltr'><strong>Et</strong></span> <span class='ocrx_word' id='word_1_450' title='bbox 3136 2407 3326 2457; x_wconf 82' lang='lat' dir='ltr'><strong>iterum</strong></span> <span class='ocrx_word' id='word_1_451' title='bbox 3380 2399 3722 2472; x_wconf 75' lang='lat' dir='ltr'><strong>gloriﬁsabo.</strong></span> 
     </span>
    </p>
   </div>
   <div class='ocr_carea' id='block_1_56' title="bbox 2120 2493 3724 2574">
    <p class='ocr_par' dir='ltr' id='par_1_56' title="bbox 2120 2493 3724 2574">
     <span class='ocr_line' id='line_1_56' title="bbox 2120 2493 3724 2574; baseline -0.011 -13"><span class='ocrx_word' id='word_1_452' title='bbox 2120 2507 2177 2561; x_wconf 89' lang='lat' dir='ltr'><strong>Si</strong></span> <span class='ocrx_word' id='word_1_453' title='bbox 2204 2503 2315 2573; x_wconf 89' lang='lat' dir='ltr'><strong>jam</strong></span> <span class='ocrx_word' id='word_1_454' title='bbox 2339 2501 2679 2574; x_wconf 88' lang='lat' dir='ltr'><strong>glorilicasti,</strong></span> <span class='ocrx_word' id='word_1_455' title='bbox 2701 2500 2974 2570; x_wconf 90' lang='lat' dir='ltr'><strong>quomodo</strong></span> <span class='ocrx_word' id='word_1_456' title='bbox 3005 2498 3200 2551; x_wconf 88' lang='lat' dir='ltr'><strong>iterum</strong></span> <span class='ocrx_word' id='word_1_457' title='bbox 3226 2494 3546 2567; x_wconf 79' lang='lat' dir='ltr'><strong>gloriﬁcas?</strong></span> <span class='ocrx_word' id='word_1_458' title='bbox 3575 2493 3724 2547; x_wconf 77' lang='lat' dir='ltr'><strong>Num</strong></span> 
     </span>
    </p>
   </div>
   <div class='ocr_carea' id='block_1_57' title="bbox 2119 2587 3725 2664">
    <p class='ocr_par' dir='ltr' id='par_1_57' title="bbox 2119 2587 3725 2664">
     <span class='ocr_line' id='line_1_57' title="bbox 2119 2587 3725 2664; baseline -0.008 -13"><span class='ocrx_word' id='word_1_459' title='bbox 2119 2596 2323 2660; x_wconf 91' lang='lat' dir='ltr'><strong>addes,</strong></span> <span class='ocrx_word' id='word_1_460' title='bbox 2356 2595 2613 2664; x_wconf 89' lang='lat' dir='ltr'><strong>quoniam</strong></span> <span class='ocrx_word' id='word_1_461' title='bbox 2639 2594 2708 2649; x_wconf 91' lang='lat' dir='ltr'><strong>ab</strong></span> <span class='ocrx_word' id='word_1_462' title='bbox 2743 2593 2899 2646; x_wconf 92' lang='lat' dir='ltr'><strong>initio</strong></span> <span class='ocrx_word' id='word_1_463' title='bbox 2940 2590 3217 2662; x_wconf 79' lang='lat' dir='ltr'><strong>genuisti?</strong></span> <span class='ocrx_word' id='word_1_464' title='bbox 3243 2588 3357 2644; x_wconf 85' lang='lat' dir='ltr'><strong>Non</strong></span> <span class='ocrx_word' id='word_1_465' title='bbox 3394 2587 3540 2642; x_wconf 90' lang='lat' dir='ltr'><strong>addo</strong></span> <span class='ocrx_word' id='word_1_466' title='bbox 3578 2605 3594 2642; x_wconf 89' lang='lat'><strong>:</strong></span> <span class='ocrx_word' id='word_1_467' title='bbox 3627 2588 3725 2640; x_wconf 68' lang='lat' dir='ltr'><strong>Sed</strong></span> 
     </span>
    </p>
   </div>
   <div class='ocr_carea' id='block_1_58' title="bbox 2119 2680 3721 2760">
    <p class='ocr_par' dir='ltr' id='par_1_58' title="bbox 2119 2680 3721 2760">
     <span class='ocr_line' id='line_1_58' title="bbox 2119 2680 3721 2760; baseline -0.011 -14"><span class='ocrx_word' id='word_1_468' title='bbox 2119 2699 2174 2746; x_wconf 90' lang='lat' dir='ltr'><strong>et</strong></span> <span class='ocrx_word' id='word_1_469' title='bbox 2214 2705 2312 2760; x_wconf 88' lang='lat' dir='ltr'><strong>per</strong></span> <span class='ocrx_word' id='word_1_470' title='bbox 2339 2703 2543 2758; x_wconf 90' lang='lat' dir='ltr'><strong>corpus</strong></span> <span class='ocrx_word' id='word_1_471' title='bbox 2589 2687 2820 2744; x_wconf 87' lang='lat' dir='ltr'><strong>ostendo</strong></span> <span class='ocrx_word' id='word_1_472' title='bbox 2870 2687 2976 2739; x_wconf 90' lang='lat' dir='ltr'><strong>mei</strong></span> <span class='ocrx_word' id='word_1_473' title='bbox 3027 2684 3152 2738; x_wconf 87' lang='lat' dir='ltr'><strong>Filii</strong></span> <span class='ocrx_word' id='word_1_474' title='bbox 3207 2682 3460 2754; x_wconf 89' lang='lat' dir='ltr'><strong>gloriam.</strong></span> <span class='ocrx_word' id='word_1_475' title='bbox 3503 2680 3721 2740; x_wconf 84' lang='lat' dir='ltr'><strong>Genui,</strong></span> 
     </span>
    </p>
   </div>
   <div class='ocr_carea' id='block_1_59' title="bbox 2119 2774 3721 2856">
    <p class='ocr_par' dir='ltr' id='par_1_59' title="bbox 2119 2774 3721 2856">
     <span class='ocr_line' id='line_1_59' title="bbox 2119 2774 3721 2856; baseline -0.011 -17"><span class='ocrx_word' id='word_1_476' title='bbox 2119 2783 2463 2856; x_wconf 85' lang='lat' dir='ltr'><strong>gloriﬁcavi,</strong></span> <span class='ocrx_word' id='word_1_477' title='bbox 2493 2791 2547 2837; x_wconf 91' lang='lat' dir='ltr'><strong>et</strong></span> <span class='ocrx_word' id='word_1_478' title='bbox 2604 2781 2801 2837; x_wconf 89' lang='lat' dir='ltr'><strong>iterum</strong></span> <span class='ocrx_word' id='word_1_479' title='bbox 2846 2779 3186 2850; x_wconf 83' lang='lat' dir='ltr'><strong>gloriﬁcabo.</strong></span> <span class='ocrx_word' id='word_1_480' title='bbox 3235 2776 3459 2841; x_wconf 88' lang='lat' dir='ltr'><strong>Palam,</strong></span> <span class='ocrx_word' id='word_1_481' title='bbox 3505 2774 3721 2843; x_wconf 86' lang='lat' dir='ltr'><strong>inquit,</strong></span> 
     </span>
    </p>
   </div>
   <div class='ocr_carea' id='block_1_60' title="bbox 2119 2864 3724 2942">
    <p class='ocr_par' dir='ltr' id='par_1_60' title="bbox 2119 2864 3724 2942">
     <span class='ocr_line' id='line_1_60' title="bbox 2119 2864 3724 2942; baseline -0.011 -11"><span class='ocrx_word' id='word_1_482' title='bbox 2119 2875 2264 2931; x_wconf 82' lang='lat' dir='ltr'><strong>facio</strong></span> <span class='ocrx_word' id='word_1_483' title='bbox 2291 2875 2436 2942; x_wconf 91' lang='lat' dir='ltr'><strong>quod</strong></span> <span class='ocrx_word' id='word_1_484' title='bbox 2484 2883 2604 2929; x_wconf 91' lang='lat' dir='ltr'><strong>erat</strong></span> <span class='ocrx_word' id='word_1_485' title='bbox 2661 2874 3009 2928; x_wconf 89' lang='lat' dir='ltr'><strong>absconsum.</strong></span> <span class='ocrx_word' id='word_1_486' title='bbox 3044 2870 3176 2924; x_wconf 85' lang='lat' dir='ltr'><strong>Nam</strong></span> <span class='ocrx_word' id='word_1_487' title='bbox 3210 2878 3264 2923; x_wconf 86' lang='lat' dir='ltr'><strong>et</strong></span> <span class='ocrx_word' id='word_1_488' title='bbox 3301 2865 3600 2937; x_wconf 91' lang='lat' dir='ltr'><strong>Apostolus</strong></span> <span class='ocrx_word' id='word_1_489' title='bbox 3637 2864 3724 2916; x_wconf 66' lang='lat' dir='ltr'><strong>di-</strong></span> 
     </span>
    </p>
   </div>
   <div class='ocr_carea' id='block_1_61' title="bbox 2120 2961 3720 3035">
    <p class='ocr_par' dir='ltr' id='par_1_61' title="bbox 2120 2961 3720 3035">
     <span class='ocr_line' id='line_1_61' title="bbox 2120 2961 3720 3035; baseline -0.009 -11"><span class='ocrx_word' id='word_1_490' title='bbox 2120 2967 2194 3024; x_wconf 85' lang='lat' dir='ltr'><strong>cit</strong></span> <span class='ocrx_word' id='word_1_491' title='bbox 2225 2985 2238 3022; x_wconf 92' lang='lat'>:</span> <span class='ocrx_word' id='word_1_492' title='bbox 2273 2965 2343 3020; x_wconf 86' lang='lat' dir='ltr'><strong>Et</strong></span> <span class='ocrx_word' id='word_1_493' title='bbox 2363 2965 2770 3035; x_wconf 77' lang='lat' dir='ltr'><strong>superexaltavit</strong></span> <span class='ocrx_word' id='word_1_494' title='bbox 2802 2979 2920 3018; x_wconf 88' lang='lat' dir='ltr'><strong>eum</strong></span> <span class='ocrx_word' id='word_1_495' title='bbox 2941 3006 2955 3030; x_wconf 95' lang='lat'><strong>,</strong></span> <span class='ocrx_word' id='word_1_496' title='bbox 2991 2972 3039 3015; x_wconf 88' lang='lat' dir='ltr'><strong>et</strong></span> <span class='ocrx_word' id='word_1_497' title='bbox 3087 2961 3228 3014; x_wconf 85' lang='lat' dir='ltr'><strong>dedit</strong></span> <span class='ocrx_word' id='word_1_498' title='bbox 3263 2961 3311 3014; x_wconf 84' lang='lat' dir='ltr'><strong>ei</strong></span> <span class='ocrx_word' id='word_1_499' title='bbox 3341 2975 3532 3012; x_wconf 85' lang='lat' dir='ltr'><strong>nomen</strong></span> <span class='ocrx_word' id='word_1_500' title='bbox 3574 2961 3720 3028; x_wconf 79' lang='lat' dir='ltr'><strong>quod</strong></span> 
     </span>
    </p>
   </div>
   <div class='ocr_carea' id='block_1_62' title="bbox 2119 3053 3720 3129">
    <p class='ocr_par' dir='ltr' id='par_1_62' title="bbox 2119 3053 3720 3129">
     <span class='ocr_line' id='line_1_62' title="bbox 2119 3053 3720 3129; baseline -0.004 -16"><span class='ocrx_word' id='word_1_501' title='bbox 2119 3069 2193 3114; x_wconf 87' lang='lat' dir='ltr'><strong>est</strong></span> <span class='ocrx_word' id='word_1_502' title='bbox 2234 3075 2389 3129; x_wconf 88' lang='lat' dir='ltr'><strong>super</strong></span> <span class='ocrx_word' id='word_1_503' title='bbox 2418 3075 2566 3113; x_wconf 86' lang='lat' dir='ltr'><strong>omne</strong></span> <span class='ocrx_word' id='word_1_504' title='bbox 2595 3073 2783 3111; x_wconf 85' lang='lat' dir='ltr'><strong>nomen</strong></span> <span class='ocrx_word' id='word_1_505' title='bbox 2833 3057 2902 3108; x_wconf 82' lang='lat'><strong>&quot;.</strong></span> <span class='ocrx_word' id='word_1_506' title='bbox 2962 3053 3076 3108; x_wconf 80' lang='lat' dir='ltr'><strong>Non</strong></span> <span class='ocrx_word' id='word_1_507' title='bbox 3140 3053 3425 3119; x_wconf 89' lang='lat' dir='ltr'><strong>mercede,</strong></span> <span class='ocrx_word' id='word_1_508' title='bbox 3481 3062 3544 3105; x_wconf 89' lang='lat' dir='ltr'><strong>ut</strong></span> <span class='ocrx_word' id='word_1_509' title='bbox 3593 3064 3720 3121; x_wconf 84' lang='lat' dir='ltr'><strong>pote</strong></span> 
     </span>
    </p>
   </div>
   <div class='ocr_carea' id='block_1_63' title="bbox 435 3115 3721 3219">
    <p class='ocr_par' dir='ltr' id='par_1_63' title="bbox 435 3115 3721 3219">
     <span class='ocr_line' id='line_1_63' title="bbox 435 3115 3721 3219; baseline 0.001 -27"><span class='ocrx_word' id='word_1_510' title='bbox 435 3115 997 3219; x_wconf 53' lang='lat' dir='ltr'><strong>Pf&#39;“&#39;e&quot;‘_3__i_&#39;“i‘em“&quot;</strong></span> <span class='ocrx_word' id='word_1_511' title='bbox 1027 3138 1214 3193; x_wconf 70' lang='lat' dir='ltr'><strong>Pacem</strong></span> <span class='ocrx_word' id='word_1_512' title='bbox 1246 3125 1495 3219; x_wconf 56' lang='lat' dir='ltr'><strong>amillio</strong></span> <span class='ocrx_word' id='word_1_513' title='bbox 1523 3125 1766 3219; x_wconf 44' lang='grc' dir='ltr'><strong>(Ἥρωι</strong></span> <span class='ocrx_word' id='word_1_514' title='bbox 1898 3127 2020 3181; x_wconf 68' lang='lat' dir='ltr'><strong>dm‘</strong></span> <span class='ocrx_word' id='word_1_515' title='bbox 2045 3156 2088 3213; x_wconf 89' lang='lat' dir='ltr'><strong>C</strong></span> <span class='ocrx_word' id='word_1_516' title='bbox 2119 3115 2461 3208; x_wconf 70' lang='lat' dir='ltr'><strong>obedientiaz.</strong></span> <span class='ocrx_word' id='word_1_517' title='bbox 2493 3151 2765 3219; x_wconf 90' lang='lat' dir='ltr'><strong>Scriptum</strong></span> <span class='ocrx_word' id='word_1_518' title='bbox 2801 3148 2945 3204; x_wconf 90' lang='lat' dir='ltr'><strong>enim</strong></span> <span class='ocrx_word' id='word_1_519' title='bbox 2987 3156 3068 3202; x_wconf 84' lang='lat' dir='ltr'><strong>est</strong></span> <span class='ocrx_word' id='word_1_520' title='bbox 3110 3115 3563 3215; x_wconf 86' lang='lat' dir='ltr'><strong>quemadmodum</strong></span> <span class='ocrx_word' id='word_1_521' title='bbox 3587 3115 3721 3197; x_wconf 63' lang='lat' dir='ltr'><strong>obv-</strong></span> 
     </span>
    </p>
   </div>
   <div class='ocr_carea' id='block_1_64' title="bbox 437 3210 2015 3286">
    <p class='ocr_par' dir='ltr' id='par_1_64' title="bbox 437 3210 2015 3286">
     <span class='ocr_line' id='line_1_64' title="bbox 437 3210 2015 3286; baseline 0.006 -24"><span class='ocrx_word' id='word_1_522' title='bbox 437 3211 618 3281; x_wconf 90' lang='lat' dir='ltr'><strong>gimns</strong></span> <span class='ocrx_word' id='word_1_523' title='bbox 653 3210 889 3279; x_wconf 85' lang='lat' dir='ltr'><strong>Filium,</strong></span> <span class='ocrx_word' id='word_1_524' title='bbox 945 3228 1050 3268; x_wconf 93' lang='lat' dir='ltr'><strong>non</strong></span> <span class='ocrx_word' id='word_1_525' title='bbox 1091 3224 1174 3268; x_wconf 89' lang='lat' dir='ltr'><strong>est</strong></span> <span class='ocrx_word' id='word_1_526' title='bbox 1233 3215 1587 3272; x_wconf 89' lang='lat' dir='ltr'><strong>dissensionis</strong></span> <span class='ocrx_word' id='word_1_527' title='bbox 1619 3218 1778 3272; x_wconf 88' lang='lat' dir='ltr'><strong>Deus.</strong></span> <span class='ocrx_word' id='word_1_528' title='bbox 1836 3218 2015 3286; x_wconf 88' lang='lat' dir='ltr'><strong>Nosti,</strong></span> 
     </span>
    </p>
   </div>
   <div class='ocr_carea' id='block_1_65' title="bbox 445 3301 2019 3378">
    <p class='ocr_par' dir='ltr' id='par_1_65' title="bbox 445 3301 2019 3378">
     <span class='ocr_line' id='line_1_65' title="bbox 445 3301 2019 3378; baseline 0.005 -24"><span class='ocrx_word' id='word_1_529' title='bbox 445 3303 578 3355; x_wconf 89' lang='lat' dir='ltr'><strong>doce</strong></span> <span class='ocrx_word' id='word_1_530' title='bbox 613 3320 625 3355; x_wconf 89' lang='lat'>:</span> <span class='ocrx_word' id='word_1_531' title='bbox 658 3301 912 3373; x_wconf 85' lang='lat' dir='ltr'><strong>ignoras,</strong></span> <span class='ocrx_word' id='word_1_532' title='bbox 963 3303 1210 3359; x_wconf 90' lang='lat' dir='ltr'><strong>edocere.</strong></span> <span class='ocrx_word' id='word_1_533' title='bbox 1254 3304 1346 3360; x_wconf 89' lang='lat' dir='ltr'><strong>Lis</strong></span> <span class='ocrx_word' id='word_1_534' title='bbox 1391 3310 1535 3360; x_wconf 90' lang='lat' dir='ltr'><strong>enim</strong></span> <span class='ocrx_word' id='word_1_535' title='bbox 1590 3321 1766 3376; x_wconf 87' lang='lat' dir='ltr'><strong>neque</strong></span> <span class='ocrx_word' id='word_1_536' title='bbox 1823 3310 2019 3378; x_wconf 87' lang='lat' dir='ltr'><strong>docet,</strong></span> 
     </span>
    </p>
   </div>
   <div class='ocr_carea' id='block_1_66' title="bbox 444 3394 2018 3468">
    <p class='ocr_par' dir='ltr' id='par_1_66' title="bbox 444 3394 2018 3468">
     <span class='ocr_line' id='line_1_66' title="bbox 444 3394 2018 3468; baseline 0.004 -21"><span class='ocrx_word' id='word_1_537' title='bbox 444 3408 621 3462; x_wconf 89' lang='lat' dir='ltr'><strong>neque</strong></span> <span class='ocrx_word' id='word_1_538' title='bbox 663 3394 910 3449; x_wconf 90' lang='lat' dir='ltr'><strong>docetur.</strong></span> <span class='ocrx_word' id='word_1_539' title='bbox 964 3394 1118 3462; x_wconf 88' lang='lat' dir='ltr'><strong>Quod</strong></span> <span class='ocrx_word' id='word_1_540' title='bbox 1171 3398 1616 3468; x_wconf 87' lang='lat' dir='ltr'><strong>comprehendis,</strong></span> <span class='ocrx_word' id='word_1_541' title='bbox 1661 3399 1764 3454; x_wconf 90' lang='lat' dir='ltr'><strong>hoc</strong></span> <span class='ocrx_word' id='word_1_542' title='bbox 1817 3415 2018 3468; x_wconf 54' lang='lat' dir='ltr'><strong>quaere.</strong></span> 
     </span>
    </p>
   </div>
   <div class='ocr_carea' id='block_1_67' title="bbox 433 3483 2020 3562">
    <p class='ocr_par' dir='ltr' id='par_1_67' title="bbox 433 3483 2020 3562">
     <span class='ocr_line' id='line_1_67' title="bbox 433 3483 2020 3562; baseline 0.006 -24"><span class='ocrx_word' id='word_1_543' title='bbox 433 3483 721 3554; x_wconf 89' lang='lat' dir='ltr'><strong>Invenisti,</strong></span> <span class='ocrx_word' id='word_1_544' title='bbox 754 3486 961 3558; x_wconf 87' lang='lat' dir='ltr'><strong>gratias</strong></span> <span class='ocrx_word' id='word_1_545' title='bbox 993 3503 1112 3559; x_wconf 85' lang='lat' dir='ltr'><strong>age.</strong></span> <span class='ocrx_word' id='word_1_546' title='bbox 1142 3487 1294 3544; x_wconf 89' lang='lat' dir='ltr'><strong>Nosti</strong></span> <span class='ocrx_word' id='word_1_547' title='bbox 1319 3531 1333 3555; x_wconf 94' lang='lat'><strong>,</strong></span> <span class='ocrx_word' id='word_1_548' title='bbox 1368 3491 1541 3545; x_wconf 87' lang='lat' dir='ltr'><strong>trade.</strong></span> <span class='ocrx_word' id='word_1_549' title='bbox 1568 3491 1681 3562; x_wconf 89' lang='lat' dir='ltr'><strong>Ego</strong></span> <span class='ocrx_word' id='word_1_550' title='bbox 1702 3502 1878 3547; x_wconf 90' lang='lat' dir='ltr'><strong>autem</strong></span> <span class='ocrx_word' id='word_1_551' title='bbox 1905 3494 2020 3548; x_wconf 84' lang='lat' dir='ltr'><strong>scio</strong></span> 
     </span>
    </p>
   </div>
   <div class='ocr_carea' id='block_1_68' title="bbox 431 3575 2022 3652">
    <p class='ocr_par' dir='ltr' id='par_1_68' title="bbox 431 3575 2022 3652">
     <span class='ocr_line' id='line_1_68' title="bbox 431 3575 2022 3652; baseline 0.008 -24"><span class='ocrx_word' id='word_1_552' title='bbox 431 3577 562 3646; x_wconf 88' lang='lat' dir='ltr'><strong>quia</strong></span> <span class='ocrx_word' id='word_1_553' title='bbox 605 3578 806 3636; x_wconf 90' lang='lat' dir='ltr'><strong>nescis.</strong></span> <span class='ocrx_word' id='word_1_554' title='bbox 841 3575 990 3634; x_wconf 91' lang='lat' dir='ltr'><strong>Unde</strong></span> <span class='ocrx_word' id='word_1_555' title='bbox 1021 3579 1139 3634; x_wconf 89' lang='lat' dir='ltr'><strong>scio</strong></span> <span class='ocrx_word' id='word_1_556' title='bbox 1181 3584 1304 3652; x_wconf 89' lang='lat' dir='ltr'><strong>quia</strong></span> <span class='ocrx_word' id='word_1_557' title='bbox 1335 3597 1434 3652; x_wconf 88' lang='lat' dir='ltr'><strong>ego</strong></span> <span class='ocrx_word' id='word_1_558' title='bbox 1479 3585 1681 3638; x_wconf 85' lang='lat' dir='ltr'><strong>nescio.</strong></span> <span class='ocrx_word' id='word_1_559' title='bbox 1717 3583 1869 3640; x_wconf 90' lang='lat' dir='ltr'><strong>Unde</strong></span> <span class='ocrx_word' id='word_1_560' title='bbox 1920 3585 2022 3641; x_wconf 91' lang='lat' dir='ltr'><strong>hoc</strong></span> 
     </span>
    </p>
   </div>
   <div class='ocr_carea' id='block_1_69' title="bbox 433 3669 2014 3742">
    <p class='ocr_par' dir='ltr' id='par_1_69' title="bbox 433 3669 2014 3742">
     <span class='ocr_line' id='line_1_69' title="bbox 433 3669 2014 3742; baseline 0.004 -20"><span class='ocrx_word' id='word_1_561' title='bbox 433 3670 563 3739; x_wconf 72' lang='lat' dir='ltr'><strong>quia</strong></span> <span class='ocrx_word' id='word_1_562' title='bbox 592 3670 799 3739; x_wconf 88' lang='lat' dir='ltr'><strong>ignoro.</strong></span> <span class='ocrx_word' id='word_1_563' title='bbox 840 3669 1012 3725; x_wconf 84' lang='lat' dir='ltr'><strong>Verax</strong></span> <span class='ocrx_word' id='word_1_564' title='bbox 1039 3671 1185 3726; x_wconf 92' lang='lat' dir='ltr'><strong>enim</strong></span> <span class='ocrx_word' id='word_1_565' title='bbox 1222 3681 1307 3728; x_wconf 91' lang='lat' dir='ltr'><strong>est</strong></span> <span class='ocrx_word' id='word_1_566' title='bbox 1342 3675 1435 3742; x_wconf 85' lang='lat' dir='ltr'><strong>qui</strong></span> <span class='ocrx_word' id='word_1_567' title='bbox 1471 3674 1608 3728; x_wconf 81' lang='lat' dir='ltr'><strong>dixit</strong></span> <span class='ocrx_word' id='word_1_568' title='bbox 1638 3691 1653 3729; x_wconf 88' lang='lat'><strong>:</strong></span> <span class='ocrx_word' id='word_1_569' title='bbox 1693 3671 1863 3729; x_wconf 84' lang='lat' dir='ltr'><strong>Nemo</strong></span> <span class='ocrx_word' id='word_1_570' title='bbox 1920 3692 2014 3730; x_wconf 90' lang='lat' dir='ltr'><strong>no-</strong></span> 
     </span>
    </p>
   </div>
   <div class='ocr_carea' id='block_1_70' title="bbox 431 3762 2018 3840">
    <p class='ocr_par' dir='ltr' id='par_1_70' title="bbox 431 3762 2018 3840">
     <span class='ocr_line' id='line_1_70' title="bbox 431 3762 2018 3840; baseline 0.004 -24"><span class='ocrx_word' id='word_1_571' title='bbox 431 3764 502 3816; x_wconf 80' lang='lat' dir='ltr'><strong>vit</strong></span> <span class='ocrx_word' id='word_1_572' title='bbox 531 3762 598 3818; x_wconf 87' lang='lat'><strong>&quot;°.</strong></span> <span class='ocrx_word' id='word_1_573' title='bbox 631 3763 936 3818; x_wconf 90' lang='lat' dir='ltr'><strong>Secundum</strong></span> <span class='ocrx_word' id='word_1_574' title='bbox 970 3764 1128 3820; x_wconf 89' lang='lat' dir='ltr'><strong>istam</strong></span> <span class='ocrx_word' id='word_1_575' title='bbox 1165 3765 1329 3836; x_wconf 82' lang='lat' dir='ltr'><strong>igitur</strong></span> <span class='ocrx_word' id='word_1_576' title='bbox 1376 3781 1596 3832; x_wconf 88' lang='lat' dir='ltr'><strong>vocem,</strong></span> <span class='ocrx_word' id='word_1_577' title='bbox 1655 3769 1833 3823; x_wconf 86' lang='lat' dir='ltr'><strong>omnis</strong></span> <span class='ocrx_word' id='word_1_578' title='bbox 1892 3769 2018 3840; x_wconf 89' lang='lat' dir='ltr'><strong>qui-</strong></span> 
     </span>
    </p>
   </div>
   <div class='ocr_carea' id='block_1_71' title="bbox 432 3857 2020 3930">
    <p class='ocr_par' dir='ltr' id='par_1_71' title="bbox 432 3857 2020 3930">
     <span class='ocr_line' id='line_1_71' title="bbox 432 3857 2020 3930; baseline 0.006 -23"><span class='ocrx_word' id='word_1_579' title='bbox 432 3870 645 3924; x_wconf 90' lang='lat' dir='ltr'><strong>cunque</strong></span> <span class='ocrx_word' id='word_1_580' title='bbox 667 3872 727 3910; x_wconf 92' lang='lat' dir='ltr'><strong>se</strong></span> <span class='ocrx_word' id='word_1_581' title='bbox 755 3857 884 3912; x_wconf 90' lang='lat' dir='ltr'><strong>dicit</strong></span> <span class='ocrx_word' id='word_1_582' title='bbox 915 3859 1057 3913; x_wconf 90' lang='lat' dir='ltr'><strong>scire</strong></span> <span class='ocrx_word' id='word_1_583' title='bbox 1083 3862 1364 3915; x_wconf 90' lang='lat' dir='ltr'><strong>mentitur.</strong></span> <span class='ocrx_word' id='word_1_584' title='bbox 1393 3859 1500 3915; x_wconf 90' lang='lat' dir='ltr'><strong>Sed</strong></span> <span class='ocrx_word' id='word_1_585' title='bbox 1535 3860 1676 3916; x_wconf 78' lang='lat' dir='ltr'><strong>forte</strong></span> <span class='ocrx_word' id='word_1_586' title='bbox 1716 3864 1851 3918; x_wconf 92' lang='lat' dir='ltr'><strong>dicis</strong></span> <span class='ocrx_word' id='word_1_587' title='bbox 1870 3903 1886 3930; x_wconf 90' lang='lat'><strong>,</strong></span> <span class='ocrx_word' id='word_1_588' title='bbox 1925 3863 2020 3918; x_wconf 86' lang='lat' dir='ltr'><strong>Dei</strong></span> 
     </span>
    </p>
   </div>
   <div class='ocr_carea' id='block_1_72' title="bbox 433 3952 2017 4028">
    <p class='ocr_par' dir='ltr' id='par_1_72' title="bbox 433 3952 2017 4028">
     <span class='ocr_line' id='line_1_72' title="bbox 433 3952 2017 4028; baseline 0.007 -27"><span class='ocrx_word' id='word_1_589' title='bbox 433 3963 654 4014; x_wconf 89' lang='lat' dir='ltr'><strong>sumus,</strong></span> <span class='ocrx_word' id='word_1_590' title='bbox 685 3957 738 4003; x_wconf 91' lang='lat' dir='ltr'><strong>et</strong></span> <span class='ocrx_word' id='word_1_591' title='bbox 788 3965 895 4005; x_wconf 89' lang='lat' dir='ltr'><strong>non</strong></span> <span class='ocrx_word' id='word_1_592' title='bbox 947 3952 1150 4006; x_wconf 88' lang='lat' dir='ltr'><strong>scimus</strong></span> <span class='ocrx_word' id='word_1_593' title='bbox 1199 3963 1461 4021; x_wconf 90' lang='lat' dir='ltr'><strong>quantum</strong></span> <span class='ocrx_word' id='word_1_594' title='bbox 1513 3964 1567 4008; x_wconf 92' lang='lat' dir='ltr'><strong>et</strong></span> <span class='ocrx_word' id='word_1_595' title='bbox 1619 3958 2017 4028; x_wconf 88' lang='lat' dir='ltr'><strong>pertingimus:</strong></span> 
     </span>
    </p>
   </div>
   <div class='ocr_carea' id='block_1_73' title="bbox 436 4038 2017 4118">
    <p class='ocr_par' dir='ltr' id='par_1_73' title="bbox 436 4038 2017 4118">
     <span class='ocr_line' id='line_1_73' title="bbox 436 4038 2017 4118; baseline 0.006 -25"><span class='ocrx_word' id='word_1_596' title='bbox 436 4038 541 4093; x_wconf 91' lang='lat' dir='ltr'><strong>hoc</strong></span> <span class='ocrx_word' id='word_1_597' title='bbox 568 4040 746 4095; x_wconf 91' lang='lat' dir='ltr'><strong>solum</strong></span> <span class='ocrx_word' id='word_1_598' title='bbox 780 4043 907 4112; x_wconf 90' lang='lat' dir='ltr'><strong>quia</strong></span> <span class='ocrx_word' id='word_1_599' title='bbox 937 4052 1022 4099; x_wconf 90' lang='lat' dir='ltr'><strong>est</strong></span> <span class='ocrx_word' id='word_1_600' title='bbox 1053 4062 1068 4099; x_wconf 86' lang='lat'><strong>:</strong></span> <span class='ocrx_word' id='word_1_601' title='bbox 1107 4060 1213 4099; x_wconf 91' lang='lat' dir='ltr'><strong>non</strong></span> <span class='ocrx_word' id='word_1_602' title='bbox 1247 4055 1424 4099; x_wconf 90' lang='lat' dir='ltr'><strong>tamen</strong></span> <span class='ocrx_word' id='word_1_603' title='bbox 1458 4047 1634 4115; x_wconf 90' lang='lat' dir='ltr'><strong>qualis</strong></span> <span class='ocrx_word' id='word_1_604' title='bbox 1678 4057 1730 4102; x_wconf 89' lang='lat' dir='ltr'><strong>ct</strong></span> <span class='ocrx_word' id='word_1_605' title='bbox 1758 4059 2017 4118; x_wconf 80' lang='lat' dir='ltr'><strong>quantum</strong></span> 
     </span>
    </p>
   </div>
   <div class='ocr_carea' id='block_1_74' title="bbox 432 4131 2018 4208">
    <p class='ocr_par' dir='ltr' id='par_1_74' title="bbox 432 4131 2018 4208">
     <span class='ocr_line' id='line_1_74' title="bbox 432 4131 2018 4208; baseline 0.007 -24"><span class='ocrx_word' id='word_1_606' title='bbox 432 4139 538 4185; x_wconf 86' lang='lat' dir='ltr'><strong>est.</strong></span> <span class='ocrx_word' id='word_1_607' title='bbox 565 4131 701 4200; x_wconf 81' lang='lat' dir='ltr'><strong>Quia</strong></span> <span class='ocrx_word' id='word_1_608' title='bbox 730 4133 897 4204; x_wconf 87' lang='lat' dir='ltr'><strong>igitur</strong></span> <span class='ocrx_word' id='word_1_609' title='bbox 926 4146 1010 4190; x_wconf 89' lang='lat' dir='ltr'><strong>est</strong></span> <span class='ocrx_word' id='word_1_610' title='bbox 1030 4176 1046 4201; x_wconf 94' lang='lat'><strong>,</strong></span> <span class='ocrx_word' id='word_1_611' title='bbox 1069 4136 1304 4203; x_wconf 87' lang='lat' dir='ltr'><strong>scimus;</strong></span> <span class='ocrx_word' id='word_1_612' title='bbox 1340 4153 1444 4190; x_wconf 89' lang='lat' dir='ltr'><strong>non</strong></span> <span class='ocrx_word' id='word_1_613' title='bbox 1473 4148 1648 4192; x_wconf 89' lang='lat' dir='ltr'><strong>tamen</strong></span> <span class='ocrx_word' id='word_1_614' title='bbox 1678 4141 1872 4208; x_wconf 87' lang='lat' dir='ltr'><strong>qualis.</strong></span> <span class='ocrx_word' id='word_1_615' title='bbox 1901 4139 2018 4195; x_wconf 89' lang='lat' dir='ltr'><strong>Non</strong></span> 
     </span>
    </p>
   </div>
   <div class='ocr_carea' id='block_1_75' title="bbox 431 4225 2016 4287">
    <p class='ocr_par' dir='ltr' id='par_1_75' title="bbox 431 4225 2016 4287">
     <span class='ocr_line' id='line_1_75' title="bbox 431 4225 2016 4287; baseline 0.008 -13"><span class='ocrx_word' id='word_1_616' title='bbox 431 4225 577 4276; x_wconf 88' lang='lat' dir='ltr'><strong>enim</strong></span> <span class='ocrx_word' id='word_1_617' title='bbox 606 4235 848 4279; x_wconf 89' lang='lat' dir='ltr'><strong>nostrum</strong></span> <span class='ocrx_word' id='word_1_618' title='bbox 888 4234 971 4280; x_wconf 92' lang='lat' dir='ltr'><strong>est</strong></span> <span class='ocrx_word' id='word_1_619' title='bbox 1003 4241 1320 4282; x_wconf 87' lang='lat' dir='ltr'><strong>tnensurare</strong></span> <span class='ocrx_word' id='word_1_620' title='bbox 1343 4229 1836 4285; x_wconf 88' lang='lat' dir='ltr'><strong>immensurabilem</strong></span> <span class='ocrx_word' id='word_1_621' title='bbox 1865 4247 1880 4284; x_wconf 88' lang='lat'>:</span> <span class='ocrx_word' id='word_1_622' title='bbox 1913 4248 2016 4287; x_wconf 91' lang='lat' dir='ltr'><strong>non</strong></span> 
     </span>
    </p>
   </div>
   <div class='ocr_carea' id='block_1_76' title="bbox 433 4317 2016 4390">
    <p class='ocr_par' dir='ltr' id='par_1_76' title="bbox 433 4317 2016 4390">
     <span class='ocr_line' id='line_1_76' title="bbox 433 4317 2016 4390; baseline 0.004 -22"><span class='ocrx_word' id='word_1_623' title='bbox 433 4323 676 4369; x_wconf 87' lang='lat' dir='ltr'><strong>nostrum</strong></span> <span class='ocrx_word' id='word_1_624' title='bbox 726 4317 1183 4386; x_wconf 88' lang='lat' dir='ltr'><strong>comprehendere</strong></span> <span class='ocrx_word' id='word_1_625' title='bbox 1218 4319 1840 4390; x_wconf 83' lang='lat' dir='ltr'><strong>incomprchensibilem.</strong></span> <span class='ocrx_word' id='word_1_626' title='bbox 1879 4322 2016 4377; x_wconf 90' lang='lat' dir='ltr'><strong>Cum</strong></span> 
     </span>
    </p>
   </div>
   <div class='ocr_carea' id='block_1_77' title="bbox 431 4406 2019 4487">
    <p class='ocr_par' dir='ltr' id='par_1_77' title="bbox 431 4406 2019 4487">
     <span class='ocr_line' id='line_1_77' title="bbox 431 4406 2019 4487; baseline 0.005 -26"><span class='ocrx_word' id='word_1_627' title='bbox 431 4406 577 4461; x_wconf 88' lang='lat' dir='ltr'><strong>enim</strong></span> <span class='ocrx_word' id='word_1_628' title='bbox 612 4409 874 4487; x_wconf 70' lang='lat' dir='ltr'><strong>meritoria</strong></span> <span class='ocrx_word' id='word_1_629' title='bbox 907 4409 974 4464; x_wconf 93' lang='lat' dir='ltr'><strong>de</strong></span> <span class='ocrx_word' id='word_1_630' title='bbox 1027 4410 1138 4465; x_wconf 89' lang='lat' dir='ltr'><strong>Deo</strong></span> <span class='ocrx_word' id='word_1_631' title='bbox 1185 4421 1303 4479; x_wconf 89' lang='lat' dir='ltr'><strong>est,</strong></span> <span class='ocrx_word' id='word_1_632' title='bbox 1342 4428 1494 4467; x_wconf 90' lang='lat' dir='ltr'><strong>mens</strong></span> <span class='ocrx_word' id='word_1_633' title='bbox 1558 4413 1809 4484; x_wconf 86' lang='lat' dir='ltr'><strong>religiosa</strong></span> <span class='ocrx_word' id='word_1_634' title='bbox 1848 4414 2019 4470; x_wconf 88' lang='lat' dir='ltr'><strong>intre-</strong></span> 
     </span>
    </p>
   </div>
   <div class='ocr_carea' id='block_1_78' title="bbox 2123 3234 3719 3312">
    <p class='ocr_par' dir='ltr' id='par_1_78' title="bbox 2123 3234 3719 3312">
     <span class='ocr_line' id='line_1_78' title="bbox 2123 3234 3719 3312; baseline -0.006 -15"><span class='ocrx_word' id='word_1_635' title='bbox 2123 3242 2262 3299; x_wconf 87' lang='lat' dir='ltr'><strong>divit</strong></span> <span class='ocrx_word' id='word_1_636' title='bbox 2290 3259 2464 3312; x_wconf 93' lang='lat' dir='ltr'><strong>usque</strong></span> <span class='ocrx_word' id='word_1_637' title='bbox 2489 3243 2554 3297; x_wconf 90' lang='lat' dir='ltr'><strong>ad</strong></span> <span class='ocrx_word' id='word_1_638' title='bbox 2584 3251 2818 3296; x_wconf 89' lang='lat' dir='ltr'><strong>mortem</strong></span> <span class='ocrx_word' id='word_1_639' title='bbox 2844 3280 2860 3305; x_wconf 98' lang='lat'><strong>,</strong></span> <span class='ocrx_word' id='word_1_640' title='bbox 2902 3247 3132 3294; x_wconf 89' lang='lat' dir='ltr'><strong>mortem</strong></span> <span class='ocrx_word' id='word_1_641' title='bbox 3186 3246 3364 3292; x_wconf 89' lang='lat' dir='ltr'><strong>autem</strong></span> <span class='ocrx_word' id='word_1_642' title='bbox 3396 3237 3602 3291; x_wconf 87' lang='lat' dir='ltr'><strong>crucis.</strong></span> <span class='ocrx_word' id='word_1_643' title='bbox 3653 3234 3719 3288; x_wconf 83' lang='lat' dir='ltr'><strong>Et</strong></span> 
     </span>
    </p>
   </div>
   <div class='ocr_carea' id='block_1_79' title="bbox 2121 3329 3714 3406">
    <p class='ocr_par' dir='ltr' id='par_1_79' title="bbox 2121 3329 3714 3406">
     <span class='ocr_line' id='line_1_79' title="bbox 2121 3329 3714 3406; baseline -0.009 -15"><span class='ocrx_word' id='word_1_644' title='bbox 2121 3337 2246 3392; x_wconf 90' lang='lat' dir='ltr'><strong>ideo</strong></span> <span class='ocrx_word' id='word_1_645' title='bbox 2268 3377 2282 3399; x_wconf 89' lang='lat'><strong><em>.</em></strong></span> <span class='ocrx_word' id='word_1_646' title='bbox 2312 3336 2518 3406; x_wconf 91' lang='lat' dir='ltr'><strong>inquit,</strong></span> <span class='ocrx_word' id='word_1_647' title='bbox 2551 3335 2690 3390; x_wconf 90' lang='lat' dir='ltr'><strong>Deus</strong></span> <span class='ocrx_word' id='word_1_648' title='bbox 2717 3331 3146 3402; x_wconf 79' lang='lat' dir='ltr'><strong>supercxaltavit</strong></span> <span class='ocrx_word' id='word_1_649' title='bbox 3167 3345 3314 3385; x_wconf 90' lang='lat' dir='ltr'><strong>eum.</strong></span> <span class='ocrx_word' id='word_1_650' title='bbox 3346 3329 3404 3382; x_wconf 86' lang='lat' dir='ltr'><strong>Si</strong></span> <span class='ocrx_word' id='word_1_651' title='bbox 3452 3329 3579 3397; x_wconf 89' lang='lat' dir='ltr'><strong>quis</strong></span> <span class='ocrx_word' id='word_1_652' title='bbox 3615 3345 3714 3380; x_wconf 88' lang='lat' dir='ltr'><strong>an-</strong></span> 
     </span>
    </p>
   </div>
   <div class='ocr_carea' id='block_1_80' title="bbox 2123 3418 3718 3496">
    <p class='ocr_par' dir='ltr' id='par_1_80' title="bbox 2123 3418 3718 3496">
     <span class='ocr_line' id='line_1_80' title="bbox 2123 3418 3718 3496; baseline -0.009 -14"><span class='ocrx_word' id='word_1_653' title='bbox 2123 3437 2229 3482; x_wconf 90' lang='lat' dir='ltr'><strong>tem</strong></span> <span class='ocrx_word' id='word_1_654' title='bbox 2255 3427 2388 3480; x_wconf 89' lang='lat' dir='ltr'><strong>dure</strong></span> <span class='ocrx_word' id='word_1_655' title='bbox 2415 3426 2605 3496; x_wconf 87' lang='lat' dir='ltr'><strong>legerit</strong></span> <span class='ocrx_word' id='word_1_656' title='bbox 2628 3438 2939 3486; x_wconf 87' lang='lat' dir='ltr'><strong>sermones,</strong></span> <span class='ocrx_word' id='word_1_657' title='bbox 2973 3421 3112 3475; x_wconf 80' lang='lat' dir='ltr'><strong>forte</strong></span> <span class='ocrx_word' id='word_1_658' title='bbox 3147 3418 3358 3489; x_wconf 88' lang='lat' dir='ltr'><strong>putabit</strong></span> <span class='ocrx_word' id='word_1_659' title='bbox 3408 3419 3571 3472; x_wconf 90' lang='lat' dir='ltr'><strong>istam</strong></span> <span class='ocrx_word' id='word_1_660' title='bbox 3627 3433 3718 3471; x_wconf 83' lang='lat' dir='ltr'><strong>5n-</strong></span> 
     </span>
    </p>
   </div>
   <div class='ocr_carea' id='block_1_81' title="bbox 2119 3510 3716 3589">
    <p class='ocr_par' dir='ltr' id='par_1_81' title="bbox 2119 3510 3716 3589">
     <span class='ocr_line' id='line_1_81' title="bbox 2119 3510 3716 3589; baseline -0.007 -16"><span class='ocrx_word' id='word_1_661' title='bbox 2119 3517 2602 3589; x_wconf 80' lang='lat' dir='ltr'><strong>perexaltationetn</strong></span> <span class='ocrx_word' id='word_1_662' title='bbox 2637 3516 2944 3571; x_wconf 89' lang='lat' dir='ltr'><strong>mercedem</strong></span> <span class='ocrx_word' id='word_1_663' title='bbox 2973 3527 3097 3568; x_wconf 88' lang='lat' dir='ltr'><strong>esse</strong></span> <span class='ocrx_word' id='word_1_664' title='bbox 3129 3510 3478 3567; x_wconf 73' lang='lat' dir='ltr'><strong>obedientize.</strong></span> <span class='ocrx_word' id='word_1_665' title='bbox 3506 3510 3584 3564; x_wconf 86' lang='lat' dir='ltr'><strong>Ita</strong></span> <span class='ocrx_word' id='word_1_666' title='bbox 3619 3526 3716 3579; x_wconf 86' lang='lat' dir='ltr'><strong>pu-</strong></span> 
     </span>
    </p>
   </div>
   <div class='ocr_carea' id='block_1_82' title="bbox 2121 3603 3714 3678">
    <p class='ocr_par' dir='ltr' id='par_1_82' title="bbox 2121 3603 3714 3678">
     <span class='ocr_line' id='line_1_82' title="bbox 2121 3603 3714 3678; baseline -0.005 -13"><span class='ocrx_word' id='word_1_667' title='bbox 2121 3619 2206 3665; x_wconf 86' lang='lat' dir='ltr'><strong>tas</strong></span> <span class='ocrx_word' id='word_1_668' title='bbox 2226 3650 2244 3676; x_wconf 94' lang='lat'><strong>,</strong></span> <span class='ocrx_word' id='word_1_669' title='bbox 2271 3611 2362 3665; x_wconf 90' lang='lat' dir='ltr'><strong>sed</strong></span> <span class='ocrx_word' id='word_1_670' title='bbox 2400 3625 2504 3664; x_wconf 90' lang='lat' dir='ltr'><strong>non</strong></span> <span class='ocrx_word' id='word_1_671' title='bbox 2532 3618 2582 3662; x_wconf 91' lang='lat' dir='ltr'><strong>te</strong></span> <span class='ocrx_word' id='word_1_672' title='bbox 2609 3609 2888 3678; x_wconf 89' lang='lat' dir='ltr'><strong>permittat</strong></span> <span class='ocrx_word' id='word_1_673' title='bbox 2921 3607 2994 3660; x_wconf 91' lang='lat' dir='ltr'><strong>ita</strong></span> <span class='ocrx_word' id='word_1_674' title='bbox 3022 3605 3225 3660; x_wconf 90' lang='lat' dir='ltr'><strong>sentire</strong></span> <span class='ocrx_word' id='word_1_675' title='bbox 3256 3605 3346 3674; x_wconf 91' lang='lat' dir='ltr'><strong>qui</strong></span> <span class='ocrx_word' id='word_1_676' title='bbox 3383 3604 3500 3658; x_wconf 61' lang='lat' dir='ltr'><strong>hate</strong></span> <span class='ocrx_word' id='word_1_677' title='bbox 3550 3603 3714 3658; x_wconf 80' lang='lat' dir='ltr'><strong>dixit.</strong></span> 
     </span>
    </p>
   </div>
   <div class='ocr_carea' id='block_1_83' title="bbox 2120 3697 3711 3766">
    <p class='ocr_par' dir='ltr' id='par_1_83' title="bbox 2120 3697 3711 3766">
     <span class='ocr_line' id='line_1_83' title="bbox 2120 3697 3711 3766; baseline -0.004 -10"><span class='ocrx_word' id='word_1_678' title='bbox 2120 3702 2212 3756; x_wconf 74' lang='lat' dir='ltr'><strong>Ait</strong></span> <span class='ocrx_word' id='word_1_679' title='bbox 2237 3701 2384 3756; x_wconf 88' lang='lat' dir='ltr'><strong>enim</strong></span> <span class='ocrx_word' id='word_1_680' title='bbox 2418 3719 2431 3755; x_wconf 91' lang='lat'><strong>:</strong></span> <span class='ocrx_word' id='word_1_681' title='bbox 2467 3700 2572 3764; x_wconf 84' lang='lat' dir='ltr'><strong>Qui</strong></span> <span class='ocrx_word' id='word_1_682' title='bbox 2601 3699 2874 3763; x_wconf 84' lang='lat' dir='ltr'><strong>ascendit,</strong></span> <span class='ocrx_word' id='word_1_683' title='bbox 2904 3700 3013 3766; x_wconf 87' lang='lat' dir='ltr'><strong>ipse</strong></span> <span class='ocrx_word' id='word_1_684' title='bbox 3036 3707 3110 3751; x_wconf 84' lang='lat' dir='ltr'><strong>est</strong></span> <span class='ocrx_word' id='word_1_685' title='bbox 3133 3707 3182 3751; x_wconf 85' lang='lat' dir='ltr'><strong>et</strong></span> <span class='ocrx_word' id='word_1_686' title='bbox 3210 3697 3300 3766; x_wconf 81' lang='lat' dir='ltr'><strong>qui</strong></span> <span class='ocrx_word' id='word_1_687' title='bbox 3329 3697 3600 3750; x_wconf 79' lang='lat' dir='ltr'><strong>descendit</strong></span> <span class='ocrx_word' id='word_1_688' title='bbox 3643 3697 3711 3750; x_wconf 82' lang='lat'><strong>&quot;.</strong></span> 
     </span>
    </p>
   </div>
   <div class='ocr_carea' id='block_1_84' title="bbox 2121 3789 3714 3862">
    <p class='ocr_par' dir='ltr' id='par_1_84' title="bbox 2121 3789 3714 3862">
     <span class='ocr_line' id='line_1_84' title="bbox 2121 3789 3714 3862; baseline -0.002 -15"><span class='ocrx_word' id='word_1_689' title='bbox 2121 3792 2265 3862; x_wconf 87' lang='lat' dir='ltr'><strong>Ergo</strong></span> <span class='ocrx_word' id='word_1_690' title='bbox 2285 3793 2689 3847; x_wconf 88' lang='lat' dir='ltr'><strong>exaltaviteum</strong></span> <span class='ocrx_word' id='word_1_691' title='bbox 2718 3792 2809 3861; x_wconf 92' lang='lat' dir='ltr'><strong>qui</strong></span> <span class='ocrx_word' id='word_1_692' title='bbox 2848 3791 3150 3848; x_wconf 84' lang='lat' dir='ltr'><strong>descendit.</strong></span> <span class='ocrx_word' id='word_1_693' title='bbox 3179 3789 3295 3844; x_wconf 83' lang='lat' dir='ltr'><strong>Non</strong></span> <span class='ocrx_word' id='word_1_694' title='bbox 3341 3797 3524 3844; x_wconf 88' lang='lat' dir='ltr'><strong>tamen</strong></span> <span class='ocrx_word' id='word_1_695' title='bbox 3557 3809 3586 3842; x_wconf 85' lang='lat' dir='ltr'><strong>a</strong></span> <span class='ocrx_word' id='word_1_696' title='bbox 3623 3791 3714 3844; x_wconf 88' lang='lat' dir='ltr'><strong>de—</strong></span> 
     </span>
    </p>
   </div>
   <div class='ocr_carea' id='block_1_85' title="bbox 2120 3881 3716 3950">
    <p class='ocr_par' dir='ltr' id='par_1_85' title="bbox 2120 3881 3716 3950">
     <span class='ocr_line' id='line_1_85' title="bbox 2120 3881 3716 3950; baseline -0.002 -11"><span class='ocrx_word' id='word_1_697' title='bbox 2120 3899 2306 3940; x_wconf 91' lang='lat' dir='ltr'><strong>orsum</strong></span> <span class='ocrx_word' id='word_1_698' title='bbox 2333 3899 2555 3938; x_wconf 88' lang='lat' dir='ltr'><strong>sursum</strong></span> <span class='ocrx_word' id='word_1_699' title='bbox 2589 3883 2836 3937; x_wconf 81' lang='lat' dir='ltr'><strong>adduxit.</strong></span> <span class='ocrx_word' id='word_1_700' title='bbox 2872 3881 2979 3937; x_wconf 88' lang='lat' dir='ltr'><strong>Sed</strong></span> <span class='ocrx_word' id='word_1_701' title='bbox 3007 3898 3130 3937; x_wconf 90' lang='lat' dir='ltr'><strong>eum</strong></span> <span class='ocrx_word' id='word_1_702' title='bbox 3161 3881 3251 3950; x_wconf 90' lang='lat' dir='ltr'><strong>qui</strong></span> <span class='ocrx_word' id='word_1_703' title='bbox 3281 3882 3560 3935; x_wconf 89' lang='lat' dir='ltr'><strong>descendit</strong></span> <span class='ocrx_word' id='word_1_704' title='bbox 3584 3923 3600 3946; x_wconf 92' lang='lat'><strong>,</strong></span> <span class='ocrx_word' id='word_1_705' title='bbox 3623 3881 3716 3936; x_wconf 78' lang='lat' dir='ltr'><strong>ite-</strong></span> 
     </span>
    </p>
   </div>
   <div class='ocr_carea' id='block_1_86' title="bbox 2122 3971 3710 4042">
    <p class='ocr_par' dir='ltr' id='par_1_86' title="bbox 2122 3971 3710 4042">
     <span class='ocr_line' id='line_1_86' title="bbox 2122 3971 3710 4042; baseline -0.004 -12"><span class='ocrx_word' id='word_1_706' title='bbox 2122 3991 2242 4030; x_wconf 88' lang='lat' dir='ltr'><strong>rum</strong></span> <span class='ocrx_word' id='word_1_707' title='bbox 2294 3989 2514 4029; x_wconf 90' lang='lat' dir='ltr'><strong>sursum</strong></span> <span class='ocrx_word' id='word_1_708' title='bbox 2573 3974 2893 4042; x_wconf 82' lang='lat' dir='ltr'><strong>assumpsit.</strong></span> <span class='ocrx_word' id='word_1_709' title='bbox 2946 3973 3164 4027; x_wconf 86' lang='lat' dir='ltr'><strong>Assumi</strong></span> <span class='ocrx_word' id='word_1_710' title='bbox 3220 3971 3378 4036; x_wconf 91' lang='lat' dir='ltr'><strong>dico,</strong></span> <span class='ocrx_word' id='word_1_711' title='bbox 3428 3986 3536 4026; x_wconf 90' lang='lat' dir='ltr'><strong>non</strong></span> <span class='ocrx_word' id='word_1_712' title='bbox 3586 3973 3710 4040; x_wconf 82' lang='lat' dir='ltr'><strong>quia</strong></span> 
     </span>
    </p>
   </div>
   <div class='ocr_carea' id='block_1_87' title="bbox 2120 4063 3709 4135">
    <p class='ocr_par' dir='ltr' id='par_1_87' title="bbox 2120 4063 3709 4135">
     <span class='ocr_line' id='line_1_87' title="bbox 2120 4063 3709 4135; baseline 0 -17"><span class='ocrx_word' id='word_1_713' title='bbox 2120 4063 2356 4119; x_wconf 88' lang='lat' dir='ltr'><strong>ntuudus</strong></span> <span class='ocrx_word' id='word_1_714' title='bbox 2407 4064 2750 4120; x_wconf 80' lang='lat' dir='ltr'><strong>fraudahitur</strong></span> <span class='ocrx_word' id='word_1_715' title='bbox 2813 4080 2843 4118; x_wconf 93' lang='lat' dir='ltr'><strong>a</strong></span> <span class='ocrx_word' id='word_1_716' title='bbox 2899 4064 3190 4135; x_wconf 78' lang='lat' dir='ltr'><strong>praesentia</strong></span> <span class='ocrx_word' id='word_1_717' title='bbox 3245 4063 3535 4132; x_wconf 89' lang='lat' dir='ltr'><strong>unigeniti.</strong></span> <span class='ocrx_word' id='word_1_718' title='bbox 3597 4065 3709 4118; x_wconf 81' lang='lat' dir='ltr'><strong>Non</strong></span> 
     </span>
    </p>
   </div>
   <div class='ocr_carea' id='block_1_88' title="bbox 2119 4140 3712 4226">
    <p class='ocr_par' dir='ltr' id='par_1_88' title="bbox 2119 4140 3712 4226">
     <span class='ocr_line' id='line_1_88' title="bbox 2119 4140 3712 4226; baseline -0.002 -16"><span class='ocrx_word' id='word_1_719' title='bbox 2119 4164 2299 4226; x_wconf 87' lang='lat' dir='ltr'><strong>potest</strong></span> <span class='ocrx_word' id='word_1_720' title='bbox 2338 4158 2572 4212; x_wconf 86' lang='lat' dir='ltr'><strong>mundus</strong></span> <span class='ocrx_word' id='word_1_721' title='bbox 2624 4157 2741 4212; x_wconf 90' lang='lat' dir='ltr'><strong>sine</strong></span> <span class='ocrx_word' id='word_1_722' title='bbox 2775 4156 3138 4226; x_wconf 86' lang='lat' dir='ltr'><strong>gubernatore</strong></span> <span class='ocrx_word' id='word_1_723' title='bbox 3183 4140 3420 4221; x_wconf 83' lang='lat' dir='ltr'><strong>salvari,</strong></span> <span class='ocrx_word' id='word_1_724' title='bbox 3467 4172 3573 4208; x_wconf 87' lang='lat' dir='ltr'><strong>non</strong></span> <span class='ocrx_word' id='word_1_725' title='bbox 3621 4171 3712 4222; x_wconf 85' lang='lat' dir='ltr'><strong>po-</strong></span> 
     </span>
    </p>
   </div>
   <div class='ocr_carea' id='block_1_89' title="bbox 2122 4240 3708 4311">
    <p class='ocr_par' dir='ltr' id='par_1_89' title="bbox 2122 4240 3708 4311">
     <span class='ocr_line' id='line_1_89' title="bbox 2122 4240 3708 4311; baseline -0.002 -16"><span class='ocrx_word' id='word_1_726' title='bbox 2122 4250 2229 4295; x_wconf 83' lang='lat' dir='ltr'><strong>test</strong></span> <span class='ocrx_word' id='word_1_727' title='bbox 2287 4242 2521 4297; x_wconf 89' lang='lat' dir='ltr'><strong>mundus</strong></span> <span class='ocrx_word' id='word_1_728' title='bbox 2573 4250 2722 4297; x_wconf 88' lang='lat' dir='ltr'><strong>stare</strong></span> <span class='ocrx_word' id='word_1_729' title='bbox 2769 4243 2813 4296; x_wconf 92' lang='lat' dir='ltr'><strong>si</strong></span> <span class='ocrx_word' id='word_1_730' title='bbox 2863 4243 3150 4297; x_wconf 87' lang='lat' dir='ltr'><strong>recesserit</strong></span> <span class='ocrx_word' id='word_1_731' title='bbox 3201 4241 3536 4311; x_wconf 88' lang='lat' dir='ltr'><strong>unigenitus.</strong></span> <span class='ocrx_word' id='word_1_732' title='bbox 3607 4240 3708 4292; x_wconf 90' lang='lat' dir='ltr'><strong>Sed</strong></span> 
     </span>
    </p>
   </div>
   <div class='ocr_carea' id='block_1_90' title="bbox 2119 4329 3702 4400">
    <p class='ocr_par' dir='ltr' id='par_1_90' title="bbox 2119 4329 3702 4400">
     <span class='ocr_line' id='line_1_90' title="bbox 2119 4329 3702 4400; baseline -0.001 -16"><span class='ocrx_word' id='word_1_733' title='bbox 2119 4329 2260 4387; x_wconf 80' lang='lat' dir='ltr'><strong>forte</strong></span> <span class='ocrx_word' id='word_1_734' title='bbox 2292 4332 2426 4388; x_wconf 91' lang='lat' dir='ltr'><strong>dicis</strong></span> <span class='ocrx_word' id='word_1_735' title='bbox 2466 4351 2479 4386; x_wconf 92' lang='lat'><strong>:</strong></span> <span class='ocrx_word' id='word_1_736' title='bbox 2525 4330 2642 4386; x_wconf 86' lang='lat' dir='ltr'><strong>Non</strong></span> <span class='ocrx_word' id='word_1_737' title='bbox 2689 4330 2892 4388; x_wconf 79' lang='lat' dir='ltr'><strong>sufﬁcit</strong></span> <span class='ocrx_word' id='word_1_738' title='bbox 2944 4332 3088 4387; x_wconf 91' lang='lat' dir='ltr'><strong>enim</strong></span> <span class='ocrx_word' id='word_1_739' title='bbox 3135 4331 3344 4387; x_wconf 87' lang='lat' dir='ltr'><strong>Pater?</strong></span> <span class='ocrx_word' id='word_1_740' title='bbox 3398 4329 3519 4385; x_wconf 77' lang='lat' dir='ltr'><strong>Non</strong></span> <span class='ocrx_word' id='word_1_741' title='bbox 3579 4335 3702 4400; x_wconf 84' lang='lat' dir='ltr'><strong>quia</strong></span> 
     </span>
    </p>
   </div>
   <div class='ocr_carea' id='block_1_91' title="bbox 2120 4422 3706 4495">
    <p class='ocr_par' dir='ltr' id='par_1_91' title="bbox 2120 4422 3706 4495">
     <span class='ocr_line' id='line_1_91' title="bbox 2120 4422 3706 4495; baseline -0.001 -17"><span class='ocrx_word' id='word_1_742' title='bbox 2120 4439 2228 4478; x_wconf 90' lang='lat' dir='ltr'><strong>non</strong></span> <span class='ocrx_word' id='word_1_743' title='bbox 2259 4423 2558 4479; x_wconf 73' lang='lat' dir='ltr'><strong>sutiiciebat</strong></span> <span class='ocrx_word' id='word_1_744' title='bbox 2585 4422 2771 4490; x_wconf 91' lang='lat' dir='ltr'><strong>Pater,</strong></span> <span class='ocrx_word' id='word_1_745' title='bbox 2804 4425 2926 4479; x_wconf 92' lang='lat' dir='ltr'><strong>ideo</strong></span> <span class='ocrx_word' id='word_1_746' title='bbox 2955 4424 3142 4495; x_wconf 88' lang='lat' dir='ltr'><strong>genuit</strong></span> <span class='ocrx_word' id='word_1_747' title='bbox 3179 4423 3376 4478; x_wconf 85' lang='lat' dir='ltr'><strong>Filium</strong></span> <span class='ocrx_word' id='word_1_748' title='bbox 3420 4441 3433 4476; x_wconf 92' lang='lat'><strong>:</strong></span> <span class='ocrx_word' id='word_1_749' title='bbox 3462 4425 3554 4477; x_wconf 80' lang='lat' dir='ltr'><strong>sed</strong></span> <span class='ocrx_word' id='word_1_750' title='bbox 3585 4425 3706 4493; x_wconf 80' lang='lat' dir='ltr'><strong>quia</strong></span> 
     </span>
    </p>
   </div>
   <div class='ocr_carea' id='block_1_92' title="bbox 429 4499 3705 4585">
    <p class='ocr_par' dir='ltr' id='par_1_92' title="bbox 429 4499 3705 4585">
     <span class='ocr_line' id='line_1_92' title="bbox 429 4499 3705 4585; baseline 0.002 -33"><span class='ocrx_word' id='word_1_751' title='bbox 429 4506 639 4552; x_wconf 87' lang='lat' dir='ltr'><strong>mescat</strong></span> <span class='ocrx_word' id='word_1_752' title='bbox 663 4516 677 4552; x_wconf 90' lang='lat'>:</span> <span class='ocrx_word' id='word_1_753' title='bbox 703 4499 1054 4553; x_wconf 88' lang='lat' dir='ltr'><strong>intremescat</strong></span> <span class='ocrx_word' id='word_1_754' title='bbox 1080 4509 1135 4554; x_wconf 90' lang='lat' dir='ltr'><strong>et</strong></span> <span class='ocrx_word' id='word_1_755' title='bbox 1154 4499 1356 4569; x_wconf 86' lang='lat' dir='ltr'><strong>lingua.</strong></span> <span class='ocrx_word' id='word_1_756' title='bbox 1379 4499 1491 4555; x_wconf 84' lang='lat' dir='ltr'><strong>Non</strong></span> <span class='ocrx_word' id='word_1_757' title='bbox 1519 4503 1644 4571; x_wconf 85' lang='lat' dir='ltr'><strong>quia</strong></span> <span class='ocrx_word' id='word_1_758' title='bbox 1663 4503 1830 4558; x_wconf 89' lang='lat' dir='ltr'><strong>durus</strong></span> <span class='ocrx_word' id='word_1_759' title='bbox 1852 4504 2014 4573; x_wconf 85' lang='lat' dir='ltr'><strong>Deus,</strong></span> <span class='ocrx_word' id='word_1_760' title='bbox 2047 4517 2093 4574; x_wconf 83' lang='grc' dir='ltr'><strong>ι)</strong></span> <span class='ocrx_word' id='word_1_761' title='bbox 2122 4529 2228 4568; x_wconf 86' lang='lat' dir='ltr'><strong>non</strong></span> <span class='ocrx_word' id='word_1_762' title='bbox 2279 4511 2620 4569; x_wconf 74' lang='lat' dir='ltr'><strong>suﬁiciebant</strong></span> <span class='ocrx_word' id='word_1_763' title='bbox 2667 4529 2730 4569; x_wconf 88' lang='lat' dir='ltr'><strong>ea</strong></span> <span class='ocrx_word' id='word_1_764' title='bbox 2781 4529 2903 4585; x_wconf 64' lang='lat' dir='ltr'><strong>qum</strong></span> <span class='ocrx_word' id='word_1_765' title='bbox 2953 4515 3094 4569; x_wconf 75' lang='lat' dir='ltr'><strong>facta</strong></span> <span class='ocrx_word' id='word_1_766' title='bbox 3141 4524 3268 4570; x_wconf 72' lang='lat' dir='ltr'><strong>sunt</strong></span> <span class='ocrx_word' id='word_1_767' title='bbox 3314 4511 3547 4569; x_wconf 77' lang='lat' dir='ltr'><strong>suﬂ‘erre</strong></span> <span class='ocrx_word' id='word_1_768' title='bbox 3604 4530 3705 4569; x_wconf 83' lang='lat' dir='ltr'><strong>non</strong></span> 
     </span>
    </p>
   </div>
   <div class='ocr_carea' id='block_1_93' title="bbox 429 4589 2021 4659">
    <p class='ocr_par' dir='ltr' id='par_1_93' title="bbox 429 4589 2021 4659">
     <span class='ocr_line' id='line_1_93' title="bbox 429 4589 2021 4659; baseline 0.005 -17"><span class='ocrx_word' id='word_1_769' title='bbox 429 4594 523 4643; x_wconf 86' lang='lat' dir='ltr'><strong>scd</strong></span> <span class='ocrx_word' id='word_1_770' title='bbox 546 4589 970 4659; x_wconf 89' lang='lat' dir='ltr'><strong>supereminenti</strong></span> <span class='ocrx_word' id='word_1_771' title='bbox 990 4589 1231 4644; x_wconf 89' lang='lat' dir='ltr'><strong>bonitate</strong></span> <span class='ocrx_word' id='word_1_772' title='bbox 1254 4600 1340 4646; x_wconf 88' lang='lat' dir='ltr'><strong>est</strong></span> <span class='ocrx_word' id='word_1_773' title='bbox 1378 4592 1670 4648; x_wconf 88' lang='lat' dir='ltr'><strong>timendus.</strong></span> <span class='ocrx_word' id='word_1_774' title='bbox 1691 4592 1783 4648; x_wconf 90' lang='lat' dir='ltr'><strong>Sol</strong></span> <span class='ocrx_word' id='word_1_775' title='bbox 1809 4594 1911 4649; x_wconf 90' lang='lat' dir='ltr'><strong>iste</strong></span> <span class='ocrx_word' id='word_1_776' title='bbox 1927 4597 2021 4650; x_wconf 79' lang='lat' dir='ltr'><strong>oh-</strong></span> 
     </span>
    </p>
   </div>
   <div class='ocr_carea' id='block_1_94' title="bbox 428 4681 2017 4754">
    <p class='ocr_par' dir='ltr' id='par_1_94' title="bbox 428 4681 2017 4754">
     <span class='ocr_line' id='line_1_94' title="bbox 428 4681 2017 4754; baseline 0.006 -21"><span class='ocrx_word' id='word_1_777' title='bbox 428 4689 619 4735; x_wconf 86' lang='lat' dir='ltr'><strong>scurat</strong></span> <span class='ocrx_word' id='word_1_778' title='bbox 639 4681 850 4748; x_wconf 89' lang='lat' dir='ltr'><strong>oculos,</strong></span> <span class='ocrx_word' id='word_1_779' title='bbox 881 4698 988 4738; x_wconf 92' lang='lat' dir='ltr'><strong>non</strong></span> <span class='ocrx_word' id='word_1_780' title='bbox 1014 4685 1140 4754; x_wconf 87' lang='lat' dir='ltr'><strong>quia</strong></span> <span class='ocrx_word' id='word_1_781' title='bbox 1174 4683 1464 4749; x_wconf 88' lang='lat' dir='ltr'><strong>obscurus,</strong></span> <span class='ocrx_word' id='word_1_782' title='bbox 1499 4685 1597 4739; x_wconf 91' lang='lat' dir='ltr'><strong>sed</strong></span> <span class='ocrx_word' id='word_1_783' title='bbox 1627 4685 1753 4754; x_wconf 91' lang='lat' dir='ltr'><strong>quia</strong></span> <span class='ocrx_word' id='word_1_784' title='bbox 1787 4687 2017 4743; x_wconf 69' lang='lat' dir='ltr'><strong>multum</strong></span> 
     </span>
    </p>
   </div>
   <div class='ocr_carea' id='block_1_95' title="bbox 426 4773 2012 4845">
    <p class='ocr_par' dir='ltr' id='par_1_95' title="bbox 426 4773 2012 4845">
     <span class='ocr_line' id='line_1_95' title="bbox 426 4773 2012 4845; baseline 0.004 -19"><span class='ocrx_word' id='word_1_785' title='bbox 426 4782 512 4828; x_wconf 88' lang='lat' dir='ltr'><strong>est</strong></span> <span class='ocrx_word' id='word_1_786' title='bbox 537 4773 740 4830; x_wconf 88' lang='lat' dir='ltr'><strong>clarus.</strong></span> <span class='ocrx_word' id='word_1_787' title='bbox 760 4774 980 4830; x_wconf 86' lang='lat' dir='ltr'><strong>EtDcus</strong></span> <span class='ocrx_word' id='word_1_788' title='bbox 1008 4773 1302 4841; x_wconf 89' lang='lat' dir='ltr'><strong>timendus,</strong></span> <span class='ocrx_word' id='word_1_789' title='bbox 1321 4776 1447 4845; x_wconf 89' lang='lat' dir='ltr'><strong>quia</strong></span> <span class='ocrx_word' id='word_1_790' title='bbox 1469 4775 1693 4830; x_wconf 90' lang='lat' dir='ltr'><strong>multum</strong></span> <span class='ocrx_word' id='word_1_791' title='bbox 1718 4787 1800 4832; x_wconf 92' lang='lat' dir='ltr'><strong>est</strong></span> <span class='ocrx_word' id='word_1_792' title='bbox 1819 4775 2012 4832; x_wconf 90' lang='lat' dir='ltr'><strong>bonus.</strong></span> 
     </span>
    </p>
   </div>
   <div class='ocr_carea' id='block_1_96' title="bbox 426 4867 2014 4939">
    <p class='ocr_par' dir='ltr' id='par_1_96' title="bbox 426 4867 2014 4939">
     <span class='ocr_line' id='line_1_96' title="bbox 426 4867 2014 4939; baseline 0.001 -18"><span class='ocrx_word' id='word_1_793' title='bbox 426 4867 620 4937; x_wconf 71' lang='lat' dir='ltr'><strong>Cogita</strong></span> <span class='ocrx_word' id='word_1_794' title='bbox 653 4868 796 4939; x_wconf 87' lang='lat' dir='ltr'><strong>apud</strong></span> <span class='ocrx_word' id='word_1_795' title='bbox 828 4877 879 4924; x_wconf 89' lang='lat' dir='ltr'><strong>te</strong></span> <span class='ocrx_word' id='word_1_796' title='bbox 923 4867 1018 4938; x_wconf 90' lang='lat' dir='ltr'><strong>qui</strong></span> <span class='ocrx_word' id='word_1_797' title='bbox 1065 4867 1141 4922; x_wconf 83' lang='lat' dir='ltr'><strong>sis</strong></span> <span class='ocrx_word' id='word_1_798' title='bbox 1174 4868 1415 4924; x_wconf 88' lang='lat' dir='ltr'><strong>humilis.</strong></span> <span class='ocrx_word' id='word_1_799' title='bbox 1462 4868 1578 4924; x_wconf 82' lang='lat' dir='ltr'><strong>Non</strong></span> <span class='ocrx_word' id='word_1_800' title='bbox 1621 4870 1765 4923; x_wconf 88' lang='lat' dir='ltr'><strong>enim</strong></span> <span class='ocrx_word' id='word_1_801' title='bbox 1813 4870 2014 4924; x_wconf 89' lang='lat' dir='ltr'><strong>audisti</strong></span> 
     </span>
    </p>
   </div>
   <div class='ocr_carea' id='block_1_97' title="bbox 429 4954 2015 5029">
    <p class='ocr_par' dir='ltr' id='par_1_97' title="bbox 429 4954 2015 5029">
     <span class='ocr_line' id='line_1_97' title="bbox 429 4954 2015 5029; baseline 0.004 -20"><span class='ocrx_word' id='word_1_802' title='bbox 429 4969 556 5009; x_wconf 77' lang='lat' dir='ltr'><strong>cum</strong></span> <span class='ocrx_word' id='word_1_803' title='bbox 587 4955 856 5012; x_wconf 87' lang='lat' dir='ltr'><strong>dicentem</strong></span> <span class='ocrx_word' id='word_1_804' title='bbox 892 4975 908 5013; x_wconf 89' lang='lat'><strong>:</strong></span> <span class='ocrx_word' id='word_1_805' title='bbox 941 4954 1043 5011; x_wconf 89' lang='lat' dir='ltr'><strong>Vos</strong></span> <span class='ocrx_word' id='word_1_806' title='bbox 1069 4971 1134 5011; x_wconf 78' lang='lat' dir='ltr'><strong>ea:</strong></span> <span class='ocrx_word' id='word_1_807' title='bbox 1156 4956 1494 5025; x_wconf 79' lang='lat' dir='ltr'><strong>inferioribus</strong></span> <span class='ocrx_word' id='word_1_808' title='bbox 1521 4961 1646 5013; x_wconf 81' lang='lat' dir='ltr'><strong>estis</strong></span> <span class='ocrx_word' id='word_1_809' title='bbox 1667 4999 1683 5024; x_wconf 94' lang='lat'><strong>,</strong></span> <span class='ocrx_word' id='word_1_810' title='bbox 1713 4975 1806 5029; x_wconf 88' lang='lat' dir='ltr'><strong>ego</strong></span> <span class='ocrx_word' id='word_1_811' title='bbox 1840 4970 2015 5015; x_wconf 87' lang='lat' dir='ltr'><strong>autem</strong></span> 
     </span>
    </p>
   </div>
   <div class='ocr_carea' id='block_1_98' title="bbox 430 5047 2017 5120">
    <p class='ocr_par' dir='ltr' id='par_1_98' title="bbox 430 5047 2017 5120">
     <span class='ocr_line' id='line_1_98' title="bbox 430 5047 2017 5120; baseline 0.004 -20"><span class='ocrx_word' id='word_1_812' title='bbox 430 5050 496 5100; x_wconf 89' lang='lat' dir='ltr'><strong>de</strong></span> <span class='ocrx_word' id='word_1_813' title='bbox 524 5049 880 5117; x_wconf 81' lang='lat' dir='ltr'><strong>superioribus</strong></span> <span class='ocrx_word' id='word_1_814' title='bbox 925 5064 1042 5103; x_wconf 87' lang='lat' dir='ltr'><strong>sum</strong></span> <span class='ocrx_word' id='word_1_815' title='bbox 1095 5047 1190 5101; x_wconf 79' lang='lat'><strong>&quot;?</strong></span> <span class='ocrx_word' id='word_1_816' title='bbox 1235 5047 1370 5102; x_wconf 88' lang='lat' dir='ltr'><strong>Nam</strong></span> <span class='ocrx_word' id='word_1_817' title='bbox 1426 5060 1683 5120; x_wconf 88' lang='lat' dir='ltr'><strong>quantum</strong></span> <span class='ocrx_word' id='word_1_818' title='bbox 1731 5050 1926 5105; x_wconf 83' lang='lat' dir='ltr'><strong>coelum</strong></span> <span class='ocrx_word' id='word_1_819' title='bbox 1987 5067 2017 5106; x_wconf 89' lang='lat' dir='ltr'><strong>a</strong></span> 
     </span>
    </p>
   </div>
   <div class='ocr_carea' id='block_1_99' title="bbox 434 5141 2020 5208">
    <p class='ocr_par' dir='ltr' id='par_1_99' title="bbox 434 5141 2020 5208">
     <span class='ocr_line' id='line_1_99' title="bbox 434 5141 2020 5208; baseline 0.002 -15"><span class='ocrx_word' id='word_1_820' title='bbox 434 5149 580 5194; x_wconf 86' lang='lat' dir='ltr'><strong>terra</strong></span> <span class='ocrx_word' id='word_1_821' title='bbox 612 5141 812 5208; x_wconf 88' lang='lat' dir='ltr'><strong>distat,</strong></span> <span class='ocrx_word' id='word_1_822' title='bbox 844 5150 1051 5196; x_wconf 88' lang='lat' dir='ltr'><strong>tantum</strong></span> <span class='ocrx_word' id='word_1_823' title='bbox 1083 5153 1134 5197; x_wconf 89' lang='lat' dir='ltr'><strong>et</strong></span> <span class='ocrx_word' id='word_1_824' title='bbox 1169 5158 1198 5196; x_wconf 93' lang='lat' dir='ltr'><strong>a</strong></span> <span class='ocrx_word' id='word_1_825' title='bbox 1232 5143 1387 5199; x_wconf 84' lang='lat' dir='ltr'><strong>nobis</strong></span> <span class='ocrx_word' id='word_1_826' title='bbox 1414 5143 1574 5198; x_wconf 88' lang='lat' dir='ltr'><strong>Deus.</strong></span> <span class='ocrx_word' id='word_1_827' title='bbox 1606 5142 1673 5196; x_wconf 89' lang='lat' dir='ltr'><strong>Et</strong></span> <span class='ocrx_word' id='word_1_828' title='bbox 1706 5152 1855 5198; x_wconf 85' lang='lat' dir='ltr'><strong>certe</strong></span> <span class='ocrx_word' id='word_1_829' title='bbox 1875 5144 2020 5197; x_wconf 85' lang='lat' dir='ltr'><strong>scri-</strong></span> 
     </span>
    </p>
   </div>
   <div class='ocr_carea' id='block_1_100' title="bbox 433 5233 2012 5302">
    <p class='ocr_par' dir='ltr' id='par_1_100' title="bbox 433 5233 2012 5302">
     <span class='ocr_line' id='line_1_100' title="bbox 433 5233 2012 5302; baseline 0.002 -17"><span class='ocrx_word' id='word_1_830' title='bbox 433 5244 582 5302; x_wconf 88' lang='lat' dir='ltr'><strong>ptum</strong></span> <span class='ocrx_word' id='word_1_831' title='bbox 612 5243 729 5289; x_wconf 89' lang='lat' dir='ltr'><strong>est:</strong></span> <span class='ocrx_word' id='word_1_832' title='bbox 764 5233 1031 5299; x_wconf 86' lang='lat' dir='ltr'><strong>Quantum</strong></span> <span class='ocrx_word' id='word_1_833' title='bbox 1072 5236 1232 5289; x_wconf 82' lang='lat' dir='ltr'><strong>distat</strong></span> <span class='ocrx_word' id='word_1_834' title='bbox 1285 5233 1470 5289; x_wconf 85' lang='lat' dir='ltr'><strong>coelum</strong></span> <span class='ocrx_word' id='word_1_835' title='bbox 1499 5252 1532 5289; x_wconf 92' lang='lat' dir='ltr'><strong>a</strong></span> <span class='ocrx_word' id='word_1_836' title='bbox 1578 5245 1753 5301; x_wconf 88' lang='lat' dir='ltr'><strong>terra,</strong></span> <span class='ocrx_word' id='word_1_837' title='bbox 1808 5246 2012 5288; x_wconf 85' lang='lat' dir='ltr'><strong>tantum</strong></span> 
     </span>
    </p>
   </div>
   <div class='ocr_carea' id='block_1_101' title="bbox 433 5326 2011 5382">
    <p class='ocr_par' dir='ltr' id='par_1_101' title="bbox 433 5326 2011 5382">
     <span class='ocr_line' id='line_1_101' title="bbox 433 5326 2011 5382; baseline 0 -2"><span class='ocrx_word' id='word_1_838' title='bbox 433 5327 532 5380; x_wconf 72' lang='lat' dir='ltr'><strong>uite</strong></span> <span class='ocrx_word' id='word_1_839' title='bbox 557 5343 684 5382; x_wconf 78' lang='lat' dir='ltr'><strong>mea:</strong></span> <span class='ocrx_word' id='word_1_840' title='bbox 714 5345 746 5381; x_wconf 89' lang='lat' dir='ltr'><strong><em>a</em></strong></span> <span class='ocrx_word' id='word_1_841' title='bbox 776 5329 870 5382; x_wconf 79' lang='lat' dir='ltr'><strong>viis</strong></span> <span class='ocrx_word' id='word_1_842' title='bbox 899 5329 1080 5382; x_wconf 86' lang='lat' dir='ltr'><strong>vestris</strong></span> <span class='ocrx_word' id='word_1_843' title='bbox 1109 5329 1177 5381; x_wconf 81' lang='grc'><strong>⁷³.</strong></span> <span class='ocrx_word' id='word_1_844' title='bbox 1211 5326 1284 5382; x_wconf 91' lang='lat' dir='ltr'><strong>Ut</strong></span> <span class='ocrx_word' id='word_1_845' title='bbox 1310 5327 1380 5382; x_wconf 85' lang='lat' dir='ltr'><strong>ad</strong></span> <span class='ocrx_word' id='word_1_846' title='bbox 1424 5343 1524 5382; x_wconf 91' lang='lat' dir='ltr'><strong>nos</strong></span> <span class='ocrx_word' id='word_1_847' title='bbox 1571 5342 1670 5382; x_wconf 80' lang='lat' dir='ltr'><strong>vox</strong></span> <span class='ocrx_word' id='word_1_848' title='bbox 1701 5326 1816 5380; x_wconf 66' lang='lat' dir='ltr'><strong>haec</strong></span> <span class='ocrx_word' id='word_1_849' title='bbox 1868 5327 2011 5381; x_wconf 87' lang='lat' dir='ltr'><strong>dicta</strong></span> 
     </span>
    </p>
   </div>
   <div class='ocr_carea' id='block_1_102' title="bbox 506 5421 1518 5490">
    <p class='ocr_par' dir='ltr' id='par_1_102' title="bbox 506 5421 1518 5490">
     <span class='ocr_line' id='line_1_102' title="bbox 506 5421 1518 5490; baseline 0.001 -12"><span class='ocrx_word' id='word_1_850' title='bbox 506 5425 554 5457; x_wconf 75' lang='grc' dir='ltr'><strong>ὀ</strong></span> <span class='ocrx_word' id='word_1_851' title='bbox 581 5421 738 5478; x_wconf 86' lang='lat' dir='ltr'><strong>Joan.</strong></span> <span class='ocrx_word' id='word_1_852' title='bbox 770 5423 920 5490; x_wconf 71' lang='lat'><strong>1,18.</strong></span> <span class='ocrx_word' id='word_1_853' title='bbox 996 5423 1040 5456; x_wconf 76' lang='grc' dir='ltr'><strong>τί</strong></span> <span class='ocrx_word' id='word_1_854' title='bbox 1087 5421 1244 5478; x_wconf 83' lang='lat' dir='ltr'><strong>Joan.</strong></span> <span class='ocrx_word' id='word_1_855' title='bbox 1274 5439 1392 5490; x_wconf 88' lang='lat' dir='ltr'><strong>vm,</strong></span> <span class='ocrx_word' id='word_1_856' title='bbox 1429 5423 1518 5479; x_wconf 74' lang='grc'><strong>25.</strong></span> 
     </span>
    </p>
   </div>
   <div class='ocr_carea' id='block_1_103' title="bbox 435 5494 948 5564">
    <p class='ocr_par' dir='ltr' id='par_1_103' title="bbox 435 5494 948 5564">
     <span class='ocr_line' id='line_1_103' title="bbox 435 5494 948 5564; baseline 0 -15"><span class='ocrx_word' id='word_1_857' title='bbox 435 5494 483 5527; x_wconf 78' lang='grc'>⁷⁸</span> <span class='ocrx_word' id='word_1_858' title='bbox 514 5494 712 5564; x_wconf 65' lang='grc' dir='ltr'><strong>Εμικηε.</strong></span> <span class='ocrx_word' id='word_1_859' title='bbox 757 5511 830 5560; x_wconf 82' lang='grc' dir='ltr'><strong>ιν,</strong></span> <span class='ocrx_word' id='word_1_860' title='bbox 858 5495 948 5549; x_wconf 84' lang='grc'><strong>10.</strong></span> 
     </span>
    </p>
   </div>
   <div class='ocr_carea' id='block_1_104' title="bbox 508 5636 1185 5706">
    <p class='ocr_par' dir='ltr' id='par_1_104' title="bbox 508 5636 1185 5706">
     <span class='ocr_line' id='line_1_104' title="bbox 508 5636 1185 5706; baseline 0.009 -18"><span class='ocrx_word' id='word_1_861' title='bbox 508 5636 622 5706; x_wconf 83' lang='grc'><strong>(79)</strong></span> <span class='ocrx_word' id='word_1_862' title='bbox 648 5637 748 5693; x_wconf 82' lang='lat' dir='ltr'><strong>Ms.</strong></span> <span class='ocrx_word' id='word_1_863' title='bbox 793 5638 922 5702; x_wconf 78' lang='lat' dir='ltr'><strong>Qua:</strong></span> <span class='ocrx_word' id='word_1_864' title='bbox 945 5639 1052 5694; x_wconf 71' lang='lat' dir='ltr'><strong>illis</strong></span> <span class='ocrx_word' id='word_1_865' title='bbox 1089 5649 1185 5694; x_wconf 79' lang='lat' dir='ltr'><strong>est.</strong></span> 
     </span>
    </p>
   </div>
   <div class='ocr_carea' id='block_1_105' title="bbox 509 5709 1864 5776">
    <p class='ocr_par' dir='ltr' id='par_1_105' title="bbox 509 5709 1864 5776">
     <span class='ocr_line' id='line_1_105' title="bbox 509 5709 1864 5776; baseline 0.002 -17"><span class='ocrx_word' id='word_1_866' title='bbox 509 5709 623 5774; x_wconf 82' lang='lat' dir='ltr'><strong>(8U)</strong></span> <span class='ocrx_word' id='word_1_867' title='bbox 650 5709 1050 5773; x_wconf 68' lang='lat' dir='ltr'><strong>lietinquuntur.</strong></span> <span class='ocrx_word' id='word_1_868' title='bbox 1099 5710 1496 5772; x_wconf 77' lang='grc' dir='ltr'>’Λπολείπεται,</span> <span class='ocrx_word' id='word_1_869' title='bbox 1525 5718 1864 5776; x_wconf 84' lang='lat' dir='ltr'><strong>superantur.</strong></span> 
     </span>
    </p>
   </div>
   <div class='ocr_carea' id='block_1_106' title="bbox 512 5777 2010 5849">
    <p class='ocr_par' dir='ltr' id='par_1_106' title="bbox 512 5777 2010 5849">
     <span class='ocr_line' id='line_1_106' title="bbox 512 5777 2010 5849; baseline 0.003 -21"><span class='ocrx_word' id='word_1_870' title='bbox 512 5780 624 5845; x_wconf 76' lang='grc'><strong>(81)</strong></span> <span class='ocrx_word' id='word_1_871' title='bbox 654 5777 756 5829; x_wconf 84' lang='lat' dir='ltr'><strong>Uni</strong></span> <span class='ocrx_word' id='word_1_872' title='bbox 789 5790 909 5831; x_wconf 81' lang='lat' dir='ltr'><strong>nato</strong></span> <span class='ocrx_word' id='word_1_873' title='bbox 947 5795 1047 5833; x_wconf 85' lang='lat' dir='ltr'><strong>non</strong></span> <span class='ocrx_word' id='word_1_874' title='bbox 1093 5783 1249 5833; x_wconf 83' lang='lat' dir='ltr'><strong>cedit.</strong></span> <span class='ocrx_word' id='word_1_875' title='bbox 1299 5781 1609 5849; x_wconf 68' lang='lat' dir='ltr'><strong>Lugendum</strong></span> <span class='ocrx_word' id='word_1_876' title='bbox 1665 5781 1876 5834; x_wconf 80' lang='lat' dir='ltr'><strong>videtur</strong></span> <span class='ocrx_word' id='word_1_877' title='bbox 1923 5783 2010 5832; x_wconf 76' lang='lat' dir='ltr'><strong>imi</strong></span> 
     </span>
    </p>
   </div>
   <div class='ocr_carea' id='block_1_107' title="bbox 1633 5420 2034 5488">
    <p class='ocr_par' dir='ltr' id='par_1_107' title="bbox 1633 5420 2034 5488">
     <span class='ocr_line' id='line_1_107' title="bbox 1633 5420 2034 5488; baseline 0.01 -14"><span class='ocrx_word' id='word_1_878' title='bbox 1633 5422 1679 5453; x_wconf 80' lang='grc'>⁷⁸</span> <span class='ocrx_word' id='word_1_879' title='bbox 1716 5420 1823 5477; x_wconf 77' lang='lat' dir='ltr'><strong>lsa.</strong></span> <span class='ocrx_word' id='word_1_880' title='bbox 1853 5438 1954 5488; x_wconf 79' lang='lat' dir='ltr'><strong>LV,</strong></span> <span class='ocrx_word' id='word_1_881' title='bbox 1982 5421 2034 5478; x_wconf 86' lang='lat'><strong>9.</strong></span> 
     </span>
    </p>
   </div>
   <div class='ocr_carea' id='block_1_108' title="bbox 2119 4605 3708 4677">
    <p class='ocr_par' dir='ltr' id='par_1_108' title="bbox 2119 4605 3708 4677">
     <span class='ocr_line' id='line_1_108' title="bbox 2119 4605 3708 4677; baseline -0.001 -17"><span class='ocrx_word' id='word_1_882' title='bbox 2119 4606 2236 4660; x_wconf 89' lang='lat' dir='ltr'><strong>nati</strong></span> <span class='ocrx_word' id='word_1_883' title='bbox 2271 4605 2550 4672; x_wconf 83' lang='lat' dir='ltr'><strong>virtutem,</strong></span> <span class='ocrx_word' id='word_1_884' title='bbox 2595 4605 2718 4662; x_wconf 91' lang='lat' dir='ltr'><strong>ideo</strong></span> <span class='ocrx_word' id='word_1_885' title='bbox 2746 4621 2845 4677; x_wconf 88' lang='lat' dir='ltr'><strong>per</strong></span> <span class='ocrx_word' id='word_1_886' title='bbox 2874 4608 3229 4662; x_wconf 85' lang='lat' dir='ltr'><strong>mediatorem</strong></span> <span class='ocrx_word' id='word_1_887' title='bbox 3275 4607 3538 4676; x_wconf 91' lang='lat' dir='ltr'><strong>loquitur.</strong></span> <span class='ocrx_word' id='word_1_888' title='bbox 3569 4606 3708 4674; x_wconf 84' lang='lat' dir='ltr'><strong>Qua-</strong></span> 
     </span>
    </p>
   </div>
   <div class='ocr_carea' id='block_1_109' title="bbox 2119 4694 3702 4769">
    <p class='ocr_par' dir='ltr' id='par_1_109' title="bbox 2119 4694 3702 4769">
     <span class='ocr_line' id='line_1_109' title="bbox 2119 4694 3702 4769; baseline 0.001 -19"><span class='ocrx_word' id='word_1_889' title='bbox 2119 4710 2183 4751; x_wconf 88' lang='lat' dir='ltr'><strong>re</strong></span> <span class='ocrx_word' id='word_1_890' title='bbox 2218 4713 2232 4752; x_wconf 92' lang='lat'>:</span> <span class='ocrx_word' id='word_1_891' title='bbox 2271 4696 2363 4766; x_wconf 87' lang='lat' dir='ltr'><strong>qui</strong></span> <span class='ocrx_word' id='word_1_892' title='bbox 2393 4694 2506 4766; x_wconf 77' lang='grc'>(82)</span> <span class='ocrx_word' id='word_1_893' title='bbox 2538 4712 2642 4752; x_wconf 93' lang='lat' dir='ltr'><strong>non</strong></span> <span class='ocrx_word' id='word_1_894' title='bbox 2671 4706 2984 4764; x_wconf 89' lang='lat' dir='ltr'><strong>poteramus</strong></span> <span class='ocrx_word' id='word_1_895' title='bbox 3016 4697 3384 4769; x_wconf 86' lang='lat' dir='ltr'><strong>pr0pinquare</strong></span> <span class='ocrx_word' id='word_1_896' title='bbox 3405 4713 3513 4754; x_wconf 84' lang='lat' dir='ltr'><strong>non</strong></span> <span class='ocrx_word' id='word_1_897' title='bbox 3542 4710 3702 4754; x_wconf 88' lang='lat' dir='ltr'><strong>noto:</strong></span> 
     </span>
    </p>
   </div>
   <div class='ocr_carea' id='block_1_110' title="bbox 2121 4789 3703 4862">
    <p class='ocr_par' dir='ltr' id='par_1_110' title="bbox 2121 4789 3703 4862">
     <span class='ocr_line' id='line_1_110' title="bbox 2121 4789 3703 4862; baseline 0.003 -20"><span class='ocrx_word' id='word_1_898' title='bbox 2121 4802 2218 4858; x_wconf 89' lang='lat' dir='ltr'><strong>per</strong></span> <span class='ocrx_word' id='word_1_899' title='bbox 2254 4789 2394 4842; x_wconf 81' lang='lat' dir='ltr'><strong>viain</strong></span> <span class='ocrx_word' id='word_1_900' title='bbox 2445 4790 2611 4860; x_wconf 86' lang='lat' dir='ltr'><strong>igitur</strong></span> <span class='ocrx_word' id='word_1_901' title='bbox 2643 4790 2916 4854; x_wconf 88' lang='lat' dir='ltr'><strong>hortatur,</strong></span> <span class='ocrx_word' id='word_1_902' title='bbox 2956 4800 3012 4844; x_wconf 91' lang='lat' dir='ltr'><strong>et</strong></span> <span class='ocrx_word' id='word_1_903' title='bbox 3060 4806 3156 4862; x_wconf 90' lang='lat' dir='ltr'><strong>per</strong></span> <span class='ocrx_word' id='word_1_904' title='bbox 3183 4790 3408 4858; x_wconf 80' lang='lat' dir='ltr'><strong>januatn</strong></span> <span class='ocrx_word' id='word_1_905' title='bbox 3442 4802 3621 4859; x_wconf 83' lang='lat' dir='ltr'><strong>vocat,</strong></span> <span class='ocrx_word' id='word_1_906' title='bbox 3649 4802 3703 4847; x_wconf 87' lang='lat' dir='ltr'><strong>et</strong></span> 
     </span>
    </p>
   </div>
   <div class='ocr_carea' id='block_1_111' title="bbox 2119 4876 3701 4952">
    <p class='ocr_par' dir='ltr' id='par_1_111' title="bbox 2119 4876 3701 4952">
     <span class='ocr_line' id='line_1_111' title="bbox 2119 4876 3701 4952; baseline 0.004 -22"><span class='ocrx_word' id='word_1_907' title='bbox 2119 4891 2218 4946; x_wconf 91' lang='lat' dir='ltr'><strong>per</strong></span> <span class='ocrx_word' id='word_1_908' title='bbox 2249 4876 2431 4933; x_wconf 89' lang='lat' dir='ltr'><strong>lumen</strong></span> <span class='ocrx_word' id='word_1_909' title='bbox 2479 4880 2720 4934; x_wconf 90' lang='lat' dir='ltr'><strong>adducit.</strong></span> <span class='ocrx_word' id='word_1_910' title='bbox 2775 4880 3040 4936; x_wconf 85' lang='lat' dir='ltr'><strong>Mediator</strong></span> <span class='ocrx_word' id='word_1_911' title='bbox 3079 4893 3261 4935; x_wconf 90' lang='lat' dir='ltr'><strong>autem</strong></span> <span class='ocrx_word' id='word_1_912' title='bbox 3295 4880 3492 4948; x_wconf 89' lang='lat' dir='ltr'><strong>Filius,</strong></span> <span class='ocrx_word' id='word_1_913' title='bbox 3523 4891 3578 4936; x_wconf 89' lang='lat' dir='ltr'><strong>et</strong></span> <span class='ocrx_word' id='word_1_914' title='bbox 3609 4897 3701 4952; x_wconf 89' lang='lat' dir='ltr'><strong>po-</strong></span> 
     </span>
    </p>
   </div>
   <div class='ocr_carea' id='block_1_112' title="bbox 2125 4965 3696 5043">
    <p class='ocr_par' dir='ltr' id='par_1_112' title="bbox 2125 4965 3696 5043">
     <span class='ocr_line' id='line_1_112' title="bbox 2125 4965 3696 5043; baseline 0.006 -25"><span class='ocrx_word' id='word_1_915' title='bbox 2125 4966 2275 5019; x_wconf 89' lang='lat' dir='ltr'><strong>nitur</strong></span> <span class='ocrx_word' id='word_1_916' title='bbox 2297 4965 2384 5021; x_wconf 84' lang='lat' dir='ltr'><strong>lex</strong></span> <span class='ocrx_word' id='word_1_917' title='bbox 2410 4986 2423 5022; x_wconf 91' lang='lat'><strong>:</strong></span> <span class='ocrx_word' id='word_1_918' title='bbox 2464 4969 2734 5024; x_wconf 88' lang='lat' dir='ltr'><strong>mediator</strong></span> <span class='ocrx_word' id='word_1_919' title='bbox 2763 4968 2956 5034; x_wconf 86' lang='lat' dir='ltr'><strong>Filius,</strong></span> <span class='ocrx_word' id='word_1_920' title='bbox 2985 4980 3042 5024; x_wconf 89' lang='lat' dir='ltr'><strong>et.</strong></span> <span class='ocrx_word' id='word_1_921' title='bbox 3064 4969 3367 5038; x_wconf 90' lang='lat' dir='ltr'><strong>loquuntur</strong></span> <span class='ocrx_word' id='word_1_922' title='bbox 3392 4973 3696 5043; x_wconf 64' lang='lat' dir='ltr'><strong>propheta:</strong></span> 
     </span>
    </p>
   </div>
   <div class='ocr_carea' id='block_1_113' title="bbox 2125 5058 3696 5133">
    <p class='ocr_par' dir='ltr' id='par_1_113' title="bbox 2125 5058 3696 5133">
     <span class='ocr_line' id='line_1_113' title="bbox 2125 5058 3696 5133; baseline 0.005 -22"><span class='ocrx_word' id='word_1_923' title='bbox 2125 5058 2397 5113; x_wconf 91' lang='lat' dir='ltr'><strong>mediator</strong></span> <span class='ocrx_word' id='word_1_924' title='bbox 2442 5058 2633 5126; x_wconf 89' lang='lat' dir='ltr'><strong>Filius,</strong></span> <span class='ocrx_word' id='word_1_925' title='bbox 2688 5071 2743 5116; x_wconf 90' lang='lat' dir='ltr'><strong>et</strong></span> <span class='ocrx_word' id='word_1_926' title='bbox 2778 5062 3103 5133; x_wconf 74' lang='lat' dir='ltr'><strong>praedicatur</strong></span> <span class='ocrx_word' id='word_1_927' title='bbox 3145 5060 3555 5118; x_wconf 89' lang='lat' dir='ltr'><strong>Testamentum</strong></span> <span class='ocrx_word' id='word_1_928' title='bbox 3593 5063 3696 5119; x_wconf 86' lang='lat' dir='ltr'><strong>No—</strong></span> 
     </span>
    </p>
   </div>
   <div class='ocr_carea' id='block_1_114' title="bbox 2125 5152 3697 5224">
    <p class='ocr_par' dir='ltr' id='par_1_114' title="bbox 2125 5152 3697 5224">
     <span class='ocr_line' id='line_1_114' title="bbox 2125 5152 3697 5224; baseline 0.005 -22"><span class='ocrx_word' id='word_1_929' title='bbox 2125 5165 2250 5203; x_wconf 89' lang='lat' dir='ltr'><strong>vum</strong></span> <span class='ocrx_word' id='word_1_930' title='bbox 2281 5165 2339 5206; x_wconf 86' lang='lat' dir='ltr'><strong>et</strong></span> <span class='ocrx_word' id='word_1_931' title='bbox 2385 5152 2643 5224; x_wconf 88' lang='lat' dir='ltr'><strong>impletur</strong></span> <span class='ocrx_word' id='word_1_932' title='bbox 2689 5153 2856 5210; x_wconf 87' lang='lat' dir='ltr'><strong>Vetus</strong></span> <span class='ocrx_word' id='word_1_933' title='bbox 2896 5175 2908 5210; x_wconf 94' lang='lat'>:</span> <span class='ocrx_word' id='word_1_934' title='bbox 2960 5156 3227 5210; x_wconf 84' lang='lat' dir='ltr'><strong>mediator</strong></span> <span class='ocrx_word' id='word_1_935' title='bbox 3256 5155 3453 5219; x_wconf 89' lang='lat' dir='ltr'><strong>Filius,</strong></span> <span class='ocrx_word' id='word_1_936' title='bbox 3483 5155 3697 5210; x_wconf 78' lang='lat' dir='ltr'><strong>etiiuut</strong></span> 
     </span>
    </p>
   </div>
   <div class='ocr_carea' id='block_1_115' title="bbox 2123 5241 3690 5314">
    <p class='ocr_par' dir='ltr' id='par_1_115' title="bbox 2123 5241 3690 5314">
     <span class='ocr_line' id='line_1_115' title="bbox 2123 5241 3690 5314; baseline 0.004 -22"><span class='ocrx_word' id='word_1_937' title='bbox 2123 5241 2296 5311; x_wconf 81' lang='lat' dir='ltr'><strong>angeli</strong></span> <span class='ocrx_word' id='word_1_938' title='bbox 2326 5262 2338 5298; x_wconf 93' lang='lat'>:</span> <span class='ocrx_word' id='word_1_939' title='bbox 2374 5246 2642 5300; x_wconf 89' lang='lat' dir='ltr'><strong>mediator</strong></span> <span class='ocrx_word' id='word_1_940' title='bbox 2691 5245 2882 5310; x_wconf 62' lang='lat' dir='ltr'><strong>bilius,</strong></span> <span class='ocrx_word' id='word_1_941' title='bbox 2936 5254 2993 5299; x_wconf 88' lang='lat' dir='ltr'><strong>et</strong></span> <span class='ocrx_word' id='word_1_942' title='bbox 3049 5254 3311 5299; x_wconf 89' lang='lat' dir='ltr'><strong>creantur</strong></span> <span class='ocrx_word' id='word_1_943' title='bbox 3339 5246 3644 5314; x_wconf 86' lang='lat' dir='ltr'><strong>archangeli</strong></span> <span class='ocrx_word' id='word_1_944' title='bbox 3676 5266 3690 5298; x_wconf 90' lang='lat'><strong>:</strong></span> 
     </span>
    </p>
   </div>
   <div class='ocr_carea' id='block_1_116' title="bbox 2122 5336 3693 5408">
    <p class='ocr_par' dir='ltr' id='par_1_116' title="bbox 2122 5336 3693 5408">
     <span class='ocr_line' id='line_1_116' title="bbox 2122 5336 3693 5408; baseline 0.004 -24"><span class='ocrx_word' id='word_1_945' title='bbox 2122 5336 2391 5390; x_wconf 87' lang='lat' dir='ltr'><strong>mediator</strong></span> <span class='ocrx_word' id='word_1_946' title='bbox 2418 5336 2616 5405; x_wconf 87' lang='lat' dir='ltr'><strong>Filius,</strong></span> <span class='ocrx_word' id='word_1_947' title='bbox 2663 5347 2720 5392; x_wconf 88' lang='lat' dir='ltr'><strong>et</strong></span> <span class='ocrx_word' id='word_1_948' title='bbox 2763 5349 2985 5393; x_wconf 90' lang='lat' dir='ltr'><strong>creator</strong></span> <span class='ocrx_word' id='word_1_949' title='bbox 3033 5339 3212 5392; x_wconf 86' lang='lat' dir='ltr'><strong>omnis</strong></span> <span class='ocrx_word' id='word_1_950' title='bbox 3247 5347 3482 5402; x_wconf 68' lang='lat' dir='ltr'><strong>natum,</strong></span> <span class='ocrx_word' id='word_1_951' title='bbox 3517 5349 3568 5392; x_wconf 87' lang='lat' dir='ltr'><strong>et</strong></span> <span class='ocrx_word' id='word_1_952' title='bbox 3598 5355 3693 5408; x_wconf 79' lang='lat' dir='ltr'><strong>gu-</strong></span> 
     </span>
    </p>
   </div>
   <div class='ocr_carea' id='block_1_117' title="bbox 2113 5427 3685 5503">
    <p class='ocr_par' dir='ltr' id='par_1_117' title="bbox 2113 5427 3685 5503">
     <span class='ocr_line' id='line_1_117' title="bbox 2113 5427 3685 5503; baseline 0.001 -19"><span class='ocrx_word' id='word_1_953' title='bbox 2113 5427 2160 5459; x_wconf 82' lang='lat'><strong>&#39;”</strong></span> <span class='ocrx_word' id='word_1_954' title='bbox 2192 5430 2349 5487; x_wconf 82' lang='lat' dir='ltr'><strong>Joan.</strong></span> <span class='ocrx_word' id='word_1_955' title='bbox 2381 5449 2492 5487; x_wconf 77' lang='lat' dir='ltr'><strong>xvu</strong></span> <span class='ocrx_word' id='word_1_956' title='bbox 2517 5473 2533 5501; x_wconf 91' lang='lat'><strong>,</strong></span> <span class='ocrx_word' id='word_1_957' title='bbox 2579 5434 2632 5488; x_wconf 82' lang='lat'><strong>5.</strong></span> <span class='ocrx_word' id='word_1_958' title='bbox 2709 5433 2755 5464; x_wconf 74' lang='grc'><strong>⁷⁸</strong></span> <span class='ocrx_word' id='word_1_959' title='bbox 2788 5431 2942 5487; x_wconf 88' lang='lat' dir='ltr'><strong>Joan.</strong></span> <span class='ocrx_word' id='word_1_960' title='bbox 2978 5447 3086 5497; x_wconf 78' lang='lat' dir='ltr'><strong>stt,</strong></span> <span class='ocrx_word' id='word_1_961' title='bbox 3109 5431 3198 5486; x_wconf 75' lang='lat'><strong>28.</strong></span> <span class='ocrx_word' id='word_1_962' title='bbox 3230 5433 3277 5463; x_wconf 83' lang='lat'>&quot;</span> <span class='ocrx_word' id='word_1_963' title='bbox 3309 5431 3502 5503; x_wconf 88' lang='lat' dir='ltr'><strong>Philip.</strong></span> <span class='ocrx_word' id='word_1_964' title='bbox 3532 5447 3607 5498; x_wconf 85' lang='lat' dir='ltr'><strong>tt,</strong></span> <span class='ocrx_word' id='word_1_965' title='bbox 3637 5432 3685 5488; x_wconf 86' lang='lat'><strong>9.</strong></span> 
     </span>
    </p>
   </div>
   <div class='ocr_carea' id='block_1_118' title="bbox 2122 5645 2554 5697">
    <p class='ocr_par' dir='ltr' id='par_1_118' title="bbox 2122 5645 2554 5697">
     <span class='ocr_line' id='line_1_118' title="bbox 2122 5645 2554 5697; baseline 0.005 -4"><span class='ocrx_word' id='word_1_966' title='bbox 2122 5658 2223 5696; x_wconf 85' lang='lat' dir='ltr'><strong>non</strong></span> <span class='ocrx_word' id='word_1_967' title='bbox 2249 5652 2374 5697; x_wconf 83' lang='lat' dir='ltr'><strong>nato</strong></span> <span class='ocrx_word' id='word_1_968' title='bbox 2403 5645 2554 5697; x_wconf 81' lang='lat' dir='ltr'><strong>cedit.</strong></span> 
     </span>
    </p>
   </div>
   <div class='ocr_carea' id='block_1_119' title="bbox 2189 5709 3336 5785">
    <p class='ocr_par' dir='ltr' id='par_1_119' title="bbox 2189 5709 3336 5785">
     <span class='ocr_line' id='line_1_119' title="bbox 2189 5709 3336 5785; baseline -0.003 -18"><span class='ocrx_word' id='word_1_969' title='bbox 2189 5715 2299 5785; x_wconf 72' lang='lat'><strong>(8‘3)</strong></span> <span class='ocrx_word' id='word_1_970' title='bbox 2329 5714 2503 5779; x_wconf 79' lang='lat' dir='ltr'><strong>Quare</strong></span> <span class='ocrx_word' id='word_1_971' title='bbox 2537 5731 2551 5766; x_wconf 90' lang='lat'><em>:</em></span> <span class='ocrx_word' id='word_1_972' title='bbox 2585 5712 2696 5782; x_wconf 81' lang='lat' dir='ltr'><strong>qui,</strong></span> <span class='ocrx_word' id='word_1_973' title='bbox 2742 5712 2781 5779; x_wconf 77' lang='lat' dir='ltr'><strong>f.</strong></span> <span class='ocrx_word' id='word_1_974' title='bbox 2811 5711 3011 5781; x_wconf 82' lang='lat' dir='ltr'><strong>quare?</strong></span> <span class='ocrx_word' id='word_1_975' title='bbox 3040 5709 3186 5780; x_wconf 87' lang='lat' dir='ltr'><strong>quia,</strong></span> <span class='ocrx_word' id='word_1_976' title='bbox 3229 5719 3336 5768; x_wconf 77' lang='lat' dir='ltr'><strong>etc.</strong></span> 
     </span>
    </p>
   </div>
  </div>
