3822 6218
104 355 263 412 105⁸7

968 339 1055 395 DE
1094 337 1249 393 FIDE
1288 282 1661 391 ADVERSUS
1704 329 2115 387 SABELLIUM.
2151 358 2219 368 —
2257 328 2387 383 LIB.
2424 325 2494 380 l.‘

3241 317 3383 376 1058

94 478 397 536 liernator,
426 479 481 525 et
512 466 772 524 salvator.
803 461 919 518 Non
952 462 1098 517 enim
1134 458 1419 513 creavitet
1448 454 1693 509 dimisit:
1728 457 1771 512 A
1801 451 2056 519 Quiuetur
2091 448 2228 518 (8‘5).
2262 446 2374 502 Viri
2409 454 2469 498 ut
2507 458 2628 497 sese
2653 442 2764 512 jam
2796 457 2902 495 non
2945 438 3185 494 incidam
3217 454 3230 490 :
3263 453 3386 489 mu-

96 571 237 639 quia
276 582 379 622 non
421 565 540 619 sine
581 559 922 632 providentia
956 562 1084 609 sunt
1124 568 1245 621 qua:
1272 559 1420 604 sunt.
1462 546 1579 601 Non
1608 554 1694 599 est

98 661 370 727 tatigatus
394 653 621 708 faciens.
643 648 837 718 Neque
867 654 926 701 ut
951 641 1215 705 volatilia,
1246 649 1303 693 ut
1329 639 1501 707 pisces
1528 647 1694 706 gene-

103 726 246 804 rant
285 746 530 818 quidem,
556 741 872 808 relinquunt
900 746 1105 790 autem.
1155 733 1221 787 Et
1248 741 1398 786 certe
1450 743 1549 782 nec
1592 726 1692 780 ista

104 847 380 912 generant
426 844 482 891 et
516 832 799 888 dimittunt
836 847 851 885 :
896 826 990 883 sed
1033 825 1237 880 habent
1266 819 1608 892 diligentiam
1641 823 1699 869 et

104 940 368 1003 pascunt.
407 928 465 981 Si
500 925 667 996 igitur
702 924 806 978 ista
845 922 941 983 ita,
976 918 1149 973 multo
1188 914 1360 984 magis
1395 928 1494 981 per
1533 924 1695 979 quem

108 1031 303 1078 creata
333 1027 458 1075 sunt
487 1015 691 1079 omnia,
712 1027 809 1083 per
842 1012 1007 1066 istum
1032 1008 1214 1061 omnia
1243 1014 1298 1060 et
1327 1004 1699 1073 gubernantur

108 1125 173 1169 et
220 1118 517 1182 pascuntur
563 1124 577 1161 :
624 1120 732 1160 non
765 1110 995 1156 vacante
1039 1099 1224 1161 Patre,
1253 1097 1346 1150 sed
1378 1099 1695 1148 annuente:

111 1213 400 1261 annuente
446 1211 654 1265 autem,
688 1212 794 1252 non
839 1194 1035 1258 oculis,
1086 1192 1179 1245 sed
1215 1199 1273 1242 ut
1310 1190 1466 1242 decet
1515 1186 1700 1237 incor-

115 1296 391 1367 poralem,
423 1294 497 1348 ita
522 1290 713 1345 annuit
744 1299 802 1342 ut
838 1287 937 1355 ipsi
968 1287 1224 1337 decorum
1259 1288 1361 1332 est.
1402 1276 1574 1329 Filius
1600 1288 1699 1325 au-

115 1364 232 1443 tem
268 1384 515 1455 agnoscit
549 1392 607 1436 ut
640 1381 837 1436 Filium
884 1381 1039 1432 decet
1072 1393 1085 1428 :
1134 1386 1299 1441 Opera
1343 1377 1523 1423 autem
1565 1364 1703 1418 fiunt

119 1489 186 1533 ut
215 1479 377 1532 Pater
403 1476 543 1539 vult,
579 1485 633 1528 et
665 1472 836 1526 Filius
862 1470 1161 1523 ministrat.
1190 1463 1318 1517 Haec
1355 1476 1453 1515 nos
1484 1467 1703 1527 oporte-

122 1577 221 1627 bat
268 1571 472 1624 dicere.
510 1567 624 1621 lmo
657 1580 848 1620 omnes
880 1578 946 1618 ex
985 1559 1285 1627 Scripturis
1328 1555 1532 1623 legere.
1571 1548 1702 1616 Quis

119 1665 270 1720 enim
300 1677 420 1716 sum
453 1662 590 1731 ego?
622 1658 751 1727 quid
782 1656 955 1710 habeo
982 1651 1124 1722 quod
1158 1665 1263 1703 non
1316 1644 1542 1713 accepi?
1577 1641 1705 1696 Om-

124 1757 219 1811 nia
248 1755 393 1810 enim
431 1754 498 1807 ab
529 1766 656 1814 uno,
687 1759 739 1803 et
772 1762 867 1817 per
906 1760 1070 1799 unum
1106 1753 1272 1807 sunt;
1316 1747 1371 1792 et
1409 1751 1530 1806 qua:
1564 1733 1703 1787 facta

1802 543 1967 595 lieres
1996 549 2053 594 ut
2084 554 2192 593 non
2219 538 2288 591 ad
2315 535 2570 605 iniuriam
2604 533 2951 588 deludantur.
2991 530 3177 593 Tauri,
3204 526 3383 594 vituli,

1800 641 1860 687 ut
1914 645 2020 686 non
2053 631 2205 683 varie
2251 626 2645 682 comburantur
2692 622 2827 693 (84).
2891 623 3106 684 Vinum,
3159 629 3217 672 ut
3275 633 3384 671 non

1803 725 1920 781 sine
1950 738 2115 777 causa
2145 722 2369 775 libetur.
2402 718 2597 780 Terra,
2644 731 2817 781 mare,
2849 723 2909 767 ut
2948 729 3054 767 non
3086 708 3386 765 immutatis

1802 813 2116 869 nominibus
2150 811 2449 865 adorentur
2495 826 2509 863 :
2555 807 2732 862 omnis
2776 805 2920 858 enim
2968 812 3163 857 natura
3197 811 3387 854 conta-

1804 907 2010 959 minata
2066 912 2200 957 est:
2250 901 2429 956 omnis
2489 908 2745 954 creatura
2805 895 3076 951 deificata.
3134 890 3239 944 Sed
3277 904 3383 942 non

1803 995 2056 1064 despexit
2106 995 2152 1048 is
2181 1008 2278 1063 per
2310 1007 2470 1062 quem
2527 998 2583 1045 et
2633 989 2777 1043 facta
2825 995 2972 1041 sunt.
3030 984 3191 1040 Venit
3238 981 3383 1035 enim

1805 1088 1896 1158 qui
1948 1087 2292 1154 contingeret
2344 1098 2494 1137 sua:
2545 1082 2691 1135 venit
2745 1080 2836 1148 qui
2886 1078 3083 1132 malum
3115 1089 3385 1129 venenum

1808 1179 2047 1234 auferret
2089 1193 2103 1231 :
2148 1177 2296 1231 venit
2342 1176 2514 1243 ipsius
2570 1177 2697 1227 vitae
2751 1172 3111 1226 medicamen.
3142 1169 3387 1224 Mortuus

1804 1280 1887 1327 est
1920 1269 2273 1323 utoccideret
2322 1276 2553 1320 mortem
2583 1282 2598 1320 :
2626 1265 3021 1319 condemnatus
3047 1270 3131 1316 est
3164 1271 3221 1313 ut
3251 1272 3387 1312 con-

1805 1365 2093 1418 demnaret
2119 1358 2511 1427 corruptelam.
2541 1357 2851 1411 Coronatus
2879 1364 2963 1410 est
2991 1353 3180 1422 spinis,
3204 1360 3261 1405 ut
3286 1363 3387 1403 nos

1808 1471 1913 1509 non
1971 1453 2295 1507 haberemus
2345 1450 2533 1519 spinas
2572 1467 2584 1502 :
2627 1447 2865 1515 suscepit
2919 1444 3259 1498 maledictum
3294 1454 3389 1508 per

1807 1561 2046 1609 crucem,
2093 1554 2150 1598 ut
2184 1559 2284 1598 nos
2330 1542 2731 1609 susciperemus
2766 1538 3199 1592 benedictionem
3236 1548 3389 1585 mun-

1810 1639 1952 1692 dam.
1989 1635 2104 1689 Non
2136 1649 2358 1705 possum
2386 1634 2569 1686 dicere
2591 1640 2852 1700 quatitum
2883 1629 3055 1698 sapio.
3091 1625 3205 1679 Non
3256 1638 3379 1692 pos-

1811 1745 1929 1786 sum
1983 1743 2175 1798 sapere
2235 1737 2495 1797 quantum
2566 1723 2821 1793 possibile
2872 1731 2976 1776 est.
3045 1718 3100 1773 Si
3157 1729 3389 1785 sapuero

125 1858 279 1910 sunt,
310 1854 365 1899 et
410 1857 531 1912 quae
563 1852 711 1895 recte
745 1840 1023 1893 dicuntur.
1066 1833 1275 1900 Quanta
1319 1843 1452 1884 sane
1488 1824 1705 1881 miseri-
1737 1843 1780 1897 Β
1811 1830 2077 1891 quantum
2135 1818 2392 1889 possibile
2442 1826 2557 1880 est,
2615 1831 2721 1869 non
2784 1798 3043 1884 pervenio
3096 1819 3155 1863 ut
3213 1808 3388 1861 dicam

126 1940 320 1995 cordia
369 1946 451 1991 est
502 1934 635 1987 Dei?
677 1933 863 2001 genuit
914 1928 1132 1994 Filium,
1178 1925 1303 1995 quia
1348 1924 1523 1976 bonus
1567 1927 1650 1973 est
1687 1936 1700 1972 :

127 2028 342 2085 creavit
374 2027 628 2082 universa
684 2041 779 2093 per
830 2023 1028 2092 ipsum,
1075 2020 1202 2088 quia
1252 2015 1568 2071 benefactor
1598 2018 1704 2067 est.

128 2121 448 2177 Erravimus
475 2130 529 2173 et
559 2134 663 2171 non
690 2116 962 2185 despexit,
988 2112 1296 2168 cecidimus
1328 2117 1382 2163 et
1405 2122 1510 2159 non
1554 2117 1707 2173 Spre-

129 2219 239 2283 vit,
270 2216 362 2270 sed
397 2214 543 2269 misit
584 2210 780 2265 Filium
829 2223 987 2264 suum
1026 2205 1395 2264 obedientem,
1433 2207 1491 2252 ut
1536 2196 1710 2252 salva-

134 2319 225 2365 ret
272 2308 543 2362 hominem
576 2301 999 2357 inobedientem.
1043 2297 1188 2351 Misit
1221 2294 1350 2369 _sine
1382 2299 1624 2360 peccato,
1652 2296 1712 2341 ut

138 2407 423 2455 revocaret
453 2410 574 2449 eum
606 2393 697 2463 qui
727 2397 1049 2462 peccaverat
1078 2405 1091 2440 :
1133 2384 1280 2439 misit
1317 2384 1515 2437 Filium
1554 2394 1709 2434 suum

137 2491 427 2546 facientem
478 2487 695 2557 placita,
750 2492 808 2537 ut
838 2482 1077 2537 salvaret
1111 2492 1326 2533 servum
1358 2473 1582 2529 obedire
1616 2486 1714 2524 no-

137 2584 366 2640 lentem.
403 2581 547 2634 Misit
583 2576 872 2647 justitiam,
922 2581 981 2627 ut
1014 2571 1325 2625 auferretur
1371 2574 1656 2636 peccatum
1694 2579 1708 2617 :

140 2675 297 2731 misit
323 2673 513 2732 vitam.
545 2681 601 2723 ut
633 2682 780 2722 mors
821 2673 1151 2720 moreretur.
1191 2660 1337 2714 Misit
1369 2658 1457 2727 qui
1495 2672 1522 2710 a
1551 2671 1633 2721 se,
1658 2663 1716 2709 ut

140 2767 488 2824 salvarentur
511 2762 599 2832 qui
628 2768 784 2814 erant
815 2772 881 2812 ex
913 2755 1152 2809 homine.
1188 2752 1332 2805 Misit
1370 2764 1493 2804 eum
1521 2748 1613 2817 qui
1646 2761 1714 2801 ex

143 2858 391 2926 Virgine,
431 2863 488 2907 ut
536 2850 876 2905 salvarentur
919 2846 954 2900 ii
1002 2845 1093 2915 qui
1130 2857 1198 2899 ex
1229 2841 1455 2895 muliere
1500 2838 1717 2892 fuerant

144 2948 366 3020 perditi.
414 2945 556 2999 Misit
590 2945 641 2998 in
682 2943 854 3013 figura
894 2938 1025 3002 viri,
1060 2944 1116 2989 ut
1162 2934 1466 2990 salvaretur
1498 2930 1588 3001 qui
1624 2944 1719 2998 pe-

146 3043 321 3094 rierat
362 3036 467 3090 vir.
499 3036 633 3089 Cum
683 3028 989 3086 latronibus
1024 3027 1207 3097 [igitur
1245 3022 1415 3087 cruci,
1450 3030 1509 3075 ut
1555 3034 1719 3089 para-

144 3134 301 3186 disus
340 3138 394 3183 et
425 3123 731 3181 latronibus
778 3121 1100 3190 aperiretur.
1136 3115 1326 3187 Cogita
1377 3113 1717 3184 dignitatem,

1812 1924 2047 1985 quantus
2077 1922 2183 1968 est.
2213 1909 2601 1965 Inenarrabilis
2630 1907 2775 1961 enim
2825 1915 2880 1959 et
2928 1898 3391 1971 incomprehensi-

1815 2009 1940 2063 bilis
1966 2006 2125 2061 Pater
2152 2015 2259 2060 est.
2286 2001 2435 2056 Talis
2462 2012 2644 2054 autem
2674 2010 2727 2054 et
2775 1997 2946 2052 Filius
2978 1996 3145 2064 ipsius
3189 1993 3388 2047 Patris.

1816 2101 1873 2156 Si
1899 2100 2044 2153 enim
2083 2097 2152 2152 ob
2182 2096 2263 2151 sui
2297 2094 2726 2149 misericordiam
2760 2106 2857 2144 nos
2883 2089 3195 2156 assumpsit,
3247 2086 3389 2139 inte—

1816 2188 2015 2241 rimere
2046 2200 2168 2239 eum
2197 2184 2455 2237 debemus
2480 2182 2569 2252 qui
2598 2196 2693 2234 nos
2725 2179 2939 2234 salvat?
2967 2179 3093 2248 quid
3128 2178 3233 2231 hoc
3263 2175 3391 2229 mali

1816 2290 1899 2335 est
1932 2279 2004 2332 ita
2055 2276 2302 2332 homines
2336 2274 2402 2328 de
2429 2274 2569 2328 Filio
2600 2270 2841 2326 sentire?
2898 2269 3111 2323 Maneat
3146 2278 3204 2321 nt
3250 2276 3388 2331 erat,

1818 2380 1873 2424 et
1919 2371 1971 2421 in
2016 2379 2245 2432 corpore
2278 2375 2331 2418 et
2370 2364 2421 2416 in
2457 2360 2722 2431 praesepio
2768 2378 2782 2415 :
2823 2359 2953 2412 nihil
3001 2357 3203 2412 humile
3234 2356 3299 2411 de
3326 2370 3392 2411 eo

1819 2460 2046 2524 sentias,
2076 2457 2165 2526 qui
2205 2468 2255 2509 te
2282 2454 2561 2519 exaltavit,
2607 2450 2741 2505 nihil
2772 2450 3042 2517 abjectum
3082 2457 3176 2501 aut
3206 2448 3395 2501 incon-

1821 2586 2037 2643 gruum.
2072 2567 2188 2622 Noli
2222 2578 2479 2635 Spernere
2510 2562 2850 2617 Salvatorem
2884 2569 3054 2612 tuum.
3085 2558 3141 2612 Si
3174 2558 3395 2626 quidem

1822 2663 2035 2720 etiamsi
2066 2662 2231 2715 verbo
2276 2674 2397 2713 eum
2446 2654 2735 2710 bumiliare
2775 2652 3029 2713 volueris,
3062 2660 3253 2703 natura
3289 2665 3396 2703 non

1826 2754 2156 2810 transfertur
2185 2752 2251 2805 ad
2302 2759 2444 2803 tuam
2497 2748 2757 2815 linguam.
2808 2745 2864 2798 Si
2902 2751 3080 2796 autem
3127 2752 3180 2795 et
3231 2742 3399 2795 abne-

1824 2844 2134 2918 gaverimus
2163 2855 2307 2905 eum,
2344 2840 2456 2906 ipse
2488 2837 2660 2891 fidelis
2691 2844 2873 2889 manet
2899 2843 2954 2887 et
2986 2849 3183 2904 negare
3208 2846 3267 2886 se
3290 2846 3398 2885 non

1826 2946 2004 3010 potest
2035 2956 2048 2991 :
2082 2938 2184 2989 hoc
2211 2944 2317 2999 est,
2360 2948 2387 2985 a
2413 2931 2631 3000 propria
2670 2940 2862 2982 natura
2895 2943 2999 2982 non
3035 2927 3262 2981 excidit.
3290 2924 3398 2980 lstc

1826 3031 1983 3087 nobis
2026 3030 2190 3084 Pater
2220 3042 2322 3081 non
2360 3035 2517 3079 natus
2562 3032 2669 3088 est,
2699 3036 2837 3077 unus
2879 3021 3027 3076 solus
3057 3035 3162 3074 non
3214 3027 3396 3084 natus,

1830 3137 1933 3175 non
1967 3121 2034 3175 ab
2065 3120 2191 3181 alio,
2226 3132 2325 3171 nec
2357 3128 2424 3170 ex
2455 3114 2579 3167 alio.
2627 3111 2780 3181 Saepe
2809 3111 2931 3165 dico
2973 3111 3180 3165 eadem.
3213 3108 3399 3177 Siqui-

144 3237 201 3280 et
228 3223 434 3278 aestima
462 3214 891 3290 magnitudinem
918 3212 1123 3283 gratim.
1143 3210 1222 3263 Me
1240 3209 1383 3262 enim
1405 3223 1466 3260 ex
1498 3204 1724 3258 muliere
1751 3199 1793 3257 C
1827 3214 1945 3268 dem
1978 3219 2032 3265 ει
2055 3208 2291 3264 Joannes
2321 3206 2411 3276 qui
2444 3207 2509 3259 de
2538 3203 2676 3258 Fnio
2701 3203 2843 3256 dixit
2866 3203 2923 3255 5,,
2962 3201 3221 3270 ρνίηεερίο
3259 3209 3399 3264 παι,

146 3315 323 3375 nasci,
353 3321 446 3366 aut
494 3321 565 3374 te,
612 3323 719 3362 non
756 3320 916 3375 supra
963 3311 1215 3355 naturam
1252 3305 1354 3352 est.
1401 3295 1727 3348 Manducare

146 3416 245 3461 aut
272 3407 474 3466 bibere,
496 3400 737 3456 dormire
763 3407 813 3451 et
849 3408 1093 3464 surgere,
1113 3403 1165 3445 et
1199 3391 1251 3443 in
1286 3386 1547 3458 praesepio
1574 3382 1722 3454 poni,

148 3500 285 3555 nihil
312 3497 433 3553 novi
460 3497 502 3551 si
542 3493 791 3549 homines
818 3504 879 3542 ea
902 3502 1022 3557 quae
1045 3495 1171 3541 sunt
1204 3483 1480 3538 hominum
1506 3478 1725 3548 patiun-

151 3606 262 3647 tur.
295 3592 433 3656 Quid
457 3598 635 3642 autem
666 3601 887 3646 novum,
910 3582 1041 3651 quid
1066 3575 1402 3639 admirabile,
1429 3570 1557 3641 quid
1586 3584 1724 3638 prae-

145 3686 396 3754 cipuum,
436 3681 567 3751 quid
609 3690 854 3733 nostrum
883 3675 1124 3728 debitum
1157 3664 1548 3737 irrepensabile
1580 3660 1728 3715 Deo?

151 3753 257 3845 Qui
299 3776 443 3830 misit
478 3775 616 3828 Deus
647 3770 844 3824 Filium
877 3781 1059 3829 suum,
1092 3763 1240 3817 misit
1267 3761 1437 3814 Pater.
1469 3753 1729 3823 Unigeni-

152 3884 293 3936 tum,
331 3869 479 3923 misit
509 3882 613 3920 non
647 3873 807 3917 natus
838 3857 1174 3929 progeniem,
1213 3852 1358 3906 misit
1386 3848 1727 3903 obedientem

152 3968 357 4028 bonus,
394 3960 546 4014 misit
584 3956 852 4027 justitiam
895 3952 987 4021 qui
1016 3949 1218 4019 genuit.
1247 3943 1359 4000 Cur
1388 3938 1573 3996 misit?
1607 3951 1731 4008 pro-

150 4065 279 4128 pter
333 4061 671 4123 peccatores.
727 4044 838 4101 Cur
887 4040 1077 4096 misit?
1128 4047 1350 4108 propter
1402 4033 1576 4087 Adam
1636 4027 1730 4097 qui

152 4122 473 4204 mandatum
508 4141 855 4211 contempsit.
886 4135 1050 4191 Venit
1078 4147 1208 4202 ergo
1246 4129 1337 4199 qui
1389 4124 1627 4181 obedivit
1663 4122 1732 4176 ad

155 4244 277 4297 lucc
312 4257 326 4292 :
362 4249 419 4292 et
452 4236 728 4306 judicatur
754 4231 919 4300 judex
949 4229 1018 4283 ob
1046 4226 1466 4280 condemnatum
1501 4234 1516 4271 :
1556 4212 1732 4269 cruci-

156 4334 348 4403 ﬁgitur
374 4330 479 4384 vita
502 4344 599 4399 pro
626 4336 839 4380 mortuo
872 4341 884 4376 :
909 4328 1207 4376 coronatur
1229 4312 1400 4383 spinis
1425 4308 1728 4379 gloriosus:

155 4390 300 4482 bibit
334 4421 425 4485 fel,
461 4390 580 4473 fons
617 4417 810 4471 dulcis.
843 4411 983 4479 Quid
1036 4409 1372 4463 inveniemus
1416 4401 1483 4453 ad
1534 4411 1731 4468 reprte-
1762 4390 1779 4415 ’

1826 3318 1935 3358 non
1991 3302 2178 3367 tacuit,
2227 3299 2321 3354 sed
2367 3298 2682 3366 frequenter
2739 3296 2839 3359 ait,
2895 3292 3047 3347 Erat.
3078 3293 3216 3359 Quid
3257 3292 3401 3346 enim

1825 3392 1970 3447 aliud
2023 3402 2078 3446 et
2132 3388 2353 3444 deberet
2406 3386 2553 3441 dici?
2601 3384 2806 3438 Domus
2867 3382 2997 3437 Dei?
3042 3382 3402 3451 quodcunque

1826 3481 2125 3537 dixerimus
2156 3488 2261 3545 est,
2290 3477 2434 3546 quod
2467 3491 2573 3530 non
2609 3475 2675 3528 de
2705 3472 2844 3529 Filio
2866 3483 2948 3527 est
2977 3489 2990 3526 :
3018 3471 3251 3525 alienum
3284 3471 3400 3541 (85)

1828 3591 1858 3629 a
1889 3577 1977 3630 die
2002 3582 2103 3629 est.
2155 3572 2392 3640 Spiritus
2436 3570 2490 3623 in
2541 3568 2719 3624 medio
2763 3576 3007 3621 nostrum
3038 3574 3121 3619 est
3157 3581 3170 3617 :
3217 3564 3262 3617 si
3294 3579 3401 3616 non

1829 3666 2094 3736 spiritalia
2117 3665 2282 3719 locuti
2314 3662 2600 3724 fuerimus,
2638 3659 3031 3715 contristamus
3071 3656 3318 3725 spiritum
3347 3656 3401 3708 in

1828 3775 1935 3830 quo
1987 3759 2182 3828 signati
2237 3772 2442 3811 sumus.
2502 3753 2688 3811 Gloria
2745 3751 2864 3816 Dei,
2899 3751 3102 3805 veritas
3144 3749 3261 3813 Dei,
3295 3763 3401 3801 non

1827 3853 2024 3922 quaerit
2051 3867 2080 3903 a
2122 3860 2173 3903 te
2204 3849 2408 3913 laudes,
2439 3848 2535 3902 sed
2565 3863 2665 3901 nec
2691 3845 2759 3899 ab
2782 3843 3009 3915 angelis.
3050 3841 3165 3896 Non
3193 3842 3312 3896 dico
3345 3851 3405 3894 ut

1829 3960 1859 3997 a
1897 3954 1967 4007 te,
2000 3942 2092 3997 sed
2120 3940 2316 4011 quaerit
2352 3955 2383 3993 a
2435 3949 2489 3993 te
2534 3949 2593 3993 ut
2643 3952 2910 4009 agnoscas
2942 3951 3064 3991 eum
3104 3953 3117 3989 :
3149 3936 3405 4003 prodesse

1830 4036 1974 4091 enim
2009 4034 2057 4089 ei
2089 4045 2266 4103 potes,
2301 4032 2345 4087 si
2378 4045 2502 4085 eum
2546 4030 2867 4099 agnoveris?
2917 4040 3010 4083 aut
3044 4028 3235 4084 lumini
3273 4043 3404 4097 pro-

1829 4128 1968 4192 dest,
1999 4139 2124 4182 cun'.
2174 4125 2362 4179 vides?
2389 4133 2449 4177 ιιι
2476 4125 2718 4178 dicamus
2746 4123 2872 4193 quia
2913 4131 2962 4177 et
2995 4123 3105 4177 Deo
3147 4121 3406 4191 prodesse

1830 4227 2031 4289 potest.
2087 4218 2227 4272 Deus
2270 4216 2415 4270 enim
2447 4214 2558 4269 vult
2612 4225 2663 4270 te
2692 4229 2987 4285 agnoscere
3019 4229 3099 4269 se.
3147 4211 3402 4282 Cognitio

1831 4335 1975 4389 enim
2028 4333 2121 4388 Dei
2166 4344 2369 4386 aeterna
2409 4333 2517 4386 vita
2562 4340 2679 4397 est;
2731 4345 2837 4385 non
2874 4329 3008 4394 Deo,
3056 4328 3150 4382 sed
3198 4327 3282 4381 his
3311 4329 3402 4395 qui

1833 4434 2188 4496 cognoscunt.
2239 4425 2315 4479 lla
2343 4426 2488 4481 enim
2530 4432 2585 4479 et
2622 4423 2881 4478 Dominus
2912 4422 3248 4491 pronuntiat.
3274 4418 3402 4474 Hac

153 4513 521 4574 semandum?
555 4509 825 4580 q"°"'°d°
872 4519 1092 4576 agemus
1144 4496 1386 4595 8'3"35_?
1417 4494 1531 4595 N_°"
1578 4490 1727 4595 59_‘Fi'
1760 4539 1806 4595 ι)
1835 4528 1908 4573 est
1938 4528 2116 4573 autem
2146 4518 2252 4571 vita
2279 4527 2499 4583 wterna,
2531 4524 2589 4568 ut
2617 4490 2931 4584 cognoscant
2962 4524 3010 4565 te
3034 4512 3203 4566 solum
3229 4528 3403 4565 verum

153 4613 311 4668 ciunt
340 4608 533 4677 linguae
563 4614 784 4665 nostras,
803 4616 908 4654 non
942 4594 1297 4662 ora,etiamsi
1327 4590 1530 4644 fuerint
1560 4586 1726 4640 mille.

153 4702 276 4757 Non
306 4698 596 4754 sufficimus
642 4710 764 4757 nos,
803 4690 1082 4759 adjutores
1106 4697 1434 4758 quaaramus.
1463 4679 1732 4748 Adjuvent

157 4809 261 4850 nos
293 4793 467 4862 angeli
503 4808 516 4845 :
563 4789 844 4843 nobiscum
887 4784 1118 4855 gratiam
1152 4780 1380 4835 reddant
1413 4784 1469 4830 et
1500 4776 1732 4829 archan-

157 4886 291 4956 geli,
348 4898 406 4937 ut
461 4892 517 4938 et
562 4881 665 4952 ipsi
722 4878 1013 4951 gaudeant.
1066 4872 1126 4927 Si
1165 4870 1382 4941 quidem
1443 4876 1498 4922 et
1550 4865 1731 4919 omnis

156 4988 416 5035 creatura
476 4986 667 5047 parata
706 4981 809 5029 est.
853 4970 1095 5025 l‘arturit
1127 4967 1271 5022 enim
1312 4973 1367 5018 et
1426 4958 1730 5031 ingemiscit

157 5082 217 5129 et
250 5078 529 5139 exspectat
561 5076 800 5122 nostram
836 5064 1086 5127 salutem,
1133 5069 1192 5113 ut
1222 5066 1276 5112 et
1319 5056 1433 5125 ipsa
1468 5054 1733 5107 liberetur

160 5179 197 5219 a
228 5164 433 5220 dolore.
468 5160 753 5215 Liberatur
781 5156 927 5211 enim
955 5164 1011 5210 et
1048 5152 1128 5207 sol
1157 5166 1224 5204 ne
1251 5149 1390 5203 ultra
1430 5147 1687 5200 adoretur
1715 5160 1729 5197 :

162 5270 221 5314 et
280 5258 429 5322 luna,
491 5272 559 5311 ne
620 5256 736 5324 ipsa
787 5250 1209 5308 calumnietura
1262 5246 1515 5300 deitate:
1563 5240 1734 5298 stella:

159 5354 354 5417 etiam,
402 5360 460 5404 ut
506 5364 611 5403 non
642 5345 1080 5402 contaminentur
1123 5340 1315 5395 hostiis
1350 5358 1362 5393 :
1398 5348 1455 5392 ut
1480 5338 1591 5407 jam
1626 5351 1734 5390 non

162 5444 310 5499 male
361 5442 625 5497 conﬂetur
674 5447 957 5509 argentttm
1011 5455 1024 5491 :
1076 5450 1290 5501 aurum,
1327 5444 1385 5489 ut
1431 5449 1538 5490 non
1586 5433 1735 5490 coin.

240 5558 287 5592 "
324 5555 477 5612 Joan.
512 5571 646 5621 XVII,
676 5554 729 5609 ὅ.
806 5552 897 5606 ⁷⁸1
928 5551 1069 5607 Tim.
1090 5566 1166 5619 vt,
1200 5550 1288 5606 16.

236 5671 486 5798 ἔξὲιζιγε.
514 5668 783 5731 Canﬂetur
806 5678 1099 5740 argentum,
1124 5684 1335 5738 aurum,
1371 5679 1427 5725 ut
1458 5686 1561 5726 non
1586 5671 1734 5727 coin-

201 5763 233 5799 ιι
415 5780 428 5795 ο

163 5764 428 5818 qumetur.

1835 4611 2023 4673 Deum,
2059 4623 2105 4665 et
2153 4626 2307 4680 quem
2358 4610 2552 4663 misisti
2595 4608 2779 4662 Iesum
2817 4605 3083 4660 Christum
3116 4605 3184 4659 ⁷⁷.
3234 4602 3408 4657 Verus

1835 4703 1978 4758 Deus
2020 4713 2105 4757 est
2158 4702 2319 4757 Pater
2365 4701 2418 4755 in
2474 4715 2539 4756 eo
2581 4700 2725 4770 quod
2778 4715 2882 4753 non
2920 4707 3077 4752 natus
3104 4705 3207 4751 est.
3237 4694 3409 4749 Verus

1835 4794 2007 4850 Filius
2036 4803 2119 4850 est
2142 4798 2195 4848 in
2220 4808 2283 4849 eo
2310 4795 2451 4862 quod
2482 4802 2563 4848 est
2592 4791 2917 4861 unigenitus.
2953 4788 3068 4843 Non
3089 4788 3231 4842 enim
3256 4802 3409 4842 men-

1838 4888 2053 4944 dacium
2097 4886 2279 4954 genuit
2310 4899 2489 4938 verus.
2542 4880 2650 4937 Sed
2696 4897 2857 4936 verus
2909 4879 3072 4934 Pater
3108 4878 3249 4932 Deus
3297 4891 3406 4930 non

1841 4990 2000 5035 natus
2033 4997 2047 5033 :
2077 4994 2235 5033 verus
2277 4975 2418 5030 Deus
2446 4974 2617 5029 Filius
2660 4972 2991 5043 unigenitus.
3030 4968 3165 5024 Nam
3196 4979 3251 5024 et
3278 4969 3407 5023 illud

1839 5069 1982 5137 quod
2033 5068 2233 5122 dictutn
2281 5076 2411 5120 est:
2455 5062 2609 5118 Solus
2661 5062 2814 5116 habet
2861 5058 3312 5114 immortalitatem
3336 5057 3405 5123 ⁷³,

1838 5176 2027 5215 verum
2058 5168 2159 5215 est.
2188 5160 2234 5213 Α
2259 5158 2552 5225 semetipso
2585 5155 2730 5209 enim
2760 5154 2907 5209 solus
2939 5153 3119 5207 habet.
3146 5150 3250 5206 Sed
3300 5149 3408 5205 sic-

1841 5267 1902 5313 ut
1949 5254 2108 5309 Pater
2141 5253 2309 5306 vitam
2361 5250 2523 5304 habet
2552 5248 2606 5301 in
2655 5247 2945 5315 semetipso
2998 5266 3011 5299 :
3049 5245 3120 5298 ita
3165 5252 3220 5297 et
3267 5240 3408 5296 Filio

1845 5348 1995 5405 dedit
2023 5346 2186 5401 vitam
2240 5343 2439 5398 habere
2489 5341 2542 5396 in
2595 5338 2908 5407 semetipso.
2939 5334 3090 5389 Unus
3121 5348 3250 5403 ergo
3300 5349 3407 5386 non

1843 5449 2027 5509 natus,
2063 5448 2119 5494 et
2165 5451 2303 5511 unus
2343 5434 2677 5503 unigenitus,
2720 5438 2776 5485 et
2822 5442 2962 5484 unus
3007 5428 3242 5498 Spiritus
3279 5440 3411 5483 san-

1914 5667 2027 5729 (84)
2066 5664 2165 5722 Ms.
2198 5662 2263 5719 Ut
2297 5681 2398 5718 non
2430 5680 2559 5718 vane
2590 5662 2955 5716 comburatur.

2066 5718 2219 5793 [die
2247 5746 2342 5791 est.
2371 5734 2535 5792 Forte
2561 5752 2592 5789 a
2617 5732 2722 5787 Deo
2746 5740 2844 5787 est.
2967 5718 2975 5733 ’
