3822 6218
477 307 619 370 1059

1184 307 1448 364 EUSEBII
1486 306 1968 365 CAESARIENSIS
2003 308 2153 364 OPP.
2195 308 2376 363 PARS
2414 308 2504 362 IV.
2545 340 2616 348 ——
2656 306 3079 364 DOGMATICA.

3605 307 3739 364 1060

475 439 616 484 etus.
636 425 758 480 Haec
775 423 908 477 dicit
925 439 1026 476 una
1059 422 1297 476 Ecclesia
1321 440 1335 474 :
1358 421 1462 475 hoc
1485 421 1845 490 consignatur
1881 420 1936 474 in
1966 435 2073 475 uno
2100 427 2149 483 Α
2175 423 2506 478 sentiantur.
2539 420 2649 476 Ista
2676 420 2822 475 enim
2845 429 2934 473 est
2964 429 3168 474 aeterna
3193 420 3324 472 vita.
3352 415 3409 472 In
3435 417 3523 472 bis
3543 420 3743 474 erimus

475 519 748 589 baptismo
777 533 792 570 :
820 516 934 568 haec
965 514 1167 582 scripta
1191 523 1320 566 sunt
1350 514 1404 566 in
1436 513 1699 581 sanguine
1729 521 2055 581 martyrum,

474 619 532 664 et
557 621 682 663 ante
719 617 990 676 martyres
1037 606 1088 658 in
1119 603 1384 673 sanguine
1420 603 1648 656 Christi.
1686 599 1799 656 Nec
1832 617 2058 671 spernas

475 702 594 770 ejus
650 699 969 768 sanguinem
996 696 1141 765 quod
1181 695 1257 748 tui
1311 705 1534 764 propter
1570 693 1774 748 eﬂ‘usus
1805 703 1888 748 est
1919 693 2054 762 (86).

476 794 677 849 Eﬂ'udit
713 793 857 847 enim
889 806 1046 845 suum
1083 788 1401 858 sanguinem
1445 785 1705 841 Dominus
1734 797 1792 839 ut
1817 785 2056 839 salvare-

474 889 576 951 ris,
611 895 666 941 et
696 896 751 938 tu
787 883 955 938 audes
983 899 1046 938 ea
1077 883 1257 936 delere
1295 896 1415 950 quae
1452 893 1550 948 per
1576 879 1897 949 sanguinem
1929 885 2056 932 sunt

474 978 716 1049 scripta?
751 977 843 1031 secl
869 976 1012 1046 quod
1045 988 1141 1045 per
1168 973 1484 1043 sanguinem
1510 972 1773 1040 scriptum
1803 982 1908 1036 est,
1946 986 2052 1024 non

473 1071 708 1124 deletur.
737 1069 874 1123 Vide
901 1082 1034 1122 sane
1067 1082 1134 1121 ne
1162 1075 1219 1120 et
1260 1076 1317 1120 tu
1365 1065 1431 1119 de
1465 1052 1605 1119 libro
1646 1064 1769 1117 vitae
1796 1065 2046 1119 delearis.

477 1162 652 1214 Adora
684 1175 852 1223 unum
907 1175 1014 1213 non
1062 1170 1271 1220 natum,
1311 1169 1368 1211 et
1398 1173 1561 1211 unum
1599 1157 1956 1226 unigenitum,
1988 1171 2056 1212 ne

368 1243 379 1254 ’
473 1269 702 1322 spernas
731 1266 894 1307 unum
925 1251 1199 1320 spiritum.
1239 1251 1418 1304 Adora
1455 1250 1695 1314 Patrem,
1726 1259 1782 1303 et
1824 1251 2056 1305 salvabit

473 1355 528 1398 te
543 1343 716 1398 Filius
749 1363 762 1398 :
797 1345 960 1397 adora
988 1342 1209 1406 Filium,
1233 1353 1287 1396 et
1311 1342 1570 1410 suscipiet
1595 1352 1644 1395 te
1679 1358 1774 1410 per
1798 1357 1920 1395 eum
1949 1343 2052 1396 Pa-

473 1447 578 1490 ter.
611 1437 883 1491 Conﬁtere
917 1436 1201 1505 Spiritum,
1228 1445 1284 1488 et
1326 1436 1566 1503 impertit
1595 1435 1708 1504 (87)
1740 1435 1834 1489 tibi
1880 1435 2051 1490 Filius

475 1529 758 1600 Spiritum.
827 1527 952 1582 Haec
1015 1528 1290 1592 dicantur,
1353 1527 1465 1580 haec
1517 1528 1867 1596 co;iteutur,-
1924 1527 2044 1581 hazc

2166 518 2286 572 sine
2328 515 2448 577 lite,
2482 512 2600 566 sine
2623 510 2829 579 jurgio,
2869 511 2988 565 sine
3032 510 3403 564 contentione.
3439 509 3523 563 Ad
3561 525 3741 580 pacem

2164 607 2312 663 enim
2342 619 2441 659 nos
2471 603 2686 658 vocavit
2709 602 2871 657 Deus.
2911 601 3029 670 Ipse
3063 603 3209 656 enim
3244 599 3499 655 Christus
3533 611 3619 655 est
3643 617 3742 669 pax

2165 709 2354 756 nostra
2407 717 2421 752 :
2471 697 2528 750 In
2573 697 2690 766 ipso
2725 695 2903 749 vocati
2936 709 3144 750 sumus.
3180 692 3319 760 Quid
3353 692 3584 747 dimissa
3622 706 3745 761 pace

2163 792 2288 847 lites
2348 788 2713 844 assumimus?
2772 788 2889 842 Non
2952 787 3151 840 audisti
3212 801 3336 841 eum
3395 785 3675 841 dicentem
3730 805 3744 840 :

2162 885 2354 940 Pacem
2408 899 2579 937 mecm
2627 887 2695 934 do
2748 881 2925 947 vobis,
2979 895 3157 948 pacem
3207 894 3380 932 meam
3442 877 3749 945 derelinquo

2159 977 2304 1032 vobis
2347 975 2435 1030 "l
2468 975 2635 1030 Suam
2678 989 2867 1042 pacem
2901 975 2993 1028 dat
3025 973 3183 1028 nobis
3230 971 3518 1035 Dominus,
3555 977 3616 1024 et
3656 983 3751 1024 nos

2155 1067 2335 1138 jurgia
2370 1081 2402 1121 e
2447 1075 2634 1120 contra
2673 1065 3003 1119 inducimus.
3049 1063 3201 1118 Finis
3245 1073 3429 1117 autem
3475 1060 3751 1116 sermonis

2161 1160 2267 1214 iste
2301 1160 2391 1214 sit.
2425 1157 2609 1213 Gloria
2643 1159 2734 1212 uni
2775 1174 2882 1211 non
2933 1166 3058 1210 nato
3112 1156 3224 1210 Deo
3260 1171 3355 1224 per
3399 1169 3579 1207 unum
3631 1152 3755 1207 uni-

2161 1252 2400 1320 genitum
2452 1249 2620 1304 Deum
2663 1249 2858 1304 Filium
2908 1249 3000 1302 Dei
3053 1249 3244 1301 inuno
3275 1247 3483 1317 Spiritu
3533 1257 3752 1307 sancto,

2159 1356 2214 1397 et
2243 1358 2385 1396 nunc
2405 1351 2460 1396 et
2493 1356 2708 1410 semper
2731 1351 2786 1395 et
2821 1357 2918 1410 per
2947 1339 3128 1395 omnia
3154 1338 3352 1394 szecula
3395 1337 3752 1392 saeculorum.

2159 1436 2354 1490 Amen.

458 1817 466 1829 .
503 1781 3732 1820 -—————-—————————-——————-—-——-—-—-——————-——‘———-—-_

1565 1982 1922 2072 LIBER
1998 1981 2654 2072 SECUNDUS.

540 2343 678 2409 {Puto
701 2343 878 2397 adhuc
909 2355 1070 2395 aures
1102 2337 1342 2406 obstrcpi
1378 2351 1527 2390 meas
1549 2351 1578 2390 a
1613 2337 1871 2390 memoria
1918 2335 2060 2390 beati
2093 2345 2136 2400 Β
2167 2330 2429 2390 Dominus
2478 2331 2709 2391 reddens
2751 2353 2969 2392 causam
3001 2337 3083 2392 sui
3115 2338 3381 2391 adventus
3411 2331 3464 2390 in
3513 2337 3741 2404 mundo,

471 2436 624 2490 illius
660 2434 761 2486 viri
797 2432 939 2502 (88),
965 2431 1056 2500 qui
1077 2429 1167 2482 illa
1196 2429 1442 2498 religiosa
1474 2425 1785 2496 frequenter
1814 2441 1944 2480 usus
1971 2435 2052 2481 est

469 2539 630 2579 voce.
657 2521 791 2576 Nam
825 2531 882 2576 et
908 2534 1067 2574 aures
1091 2529 1288 2572 vestra:
1310 2517 1488 2569 adhuc
1521 2515 1719 2568 bonum
1751 2513 1865 2579 (89)
1903 2514 2048 2568 illius

467 2615 620 2670 vocis
672 2614 933 2668 retinent.
971 2613 1108 2666 Puto
1159 2610 1302 2663 enim
1343 2623 1427 2661 me
1477 2607 1666 2661 audire
1698 2624 1818 2659 eum
1864 2607 2050 2660 dicen-

471 2718 578 2763 tent
615 2726 628 2758 ς
660 2703 970 2774 Unigenitus
1008 2701 1100 2754 Dei
1139 2698 1314 2752 Filius
1342 2699 1410 2752 ⁸ο.
1439 2698 1574 2751 Ecce
1610 2696 1753 2750 enim
1781 2697 1891 2766 (90)
1923 2696 2052 2750 reli-

467 2801 617 2869 giosa
655 2813 760 2851 vox
790 2810 887 2866 per
909 2812 971 2847 es
993 2795 1109 2862 ejus
1145 2807 1360 2861 semper
1387 2789 1756 2860 premebatur.
1791 2789 2050 2843 Memoria

466 2890 618 2944 cutim
672 2896 792 2944 erat
838 2885 1116 2958 Unigeniti
1173 2885 1242 2938 ad
1297 2881 1526 2951 gloriam
1555 2895 1662 2935 non
1709 2881 1820 2933 nati
1850 2879 2050 2934 Patris.

467 2982 789 3037 Audivimus
837 2988 1018 3033 autem
1066 2976 1373 3046 apostolum
1422 2973 1824 3044 praecipientem
1878 2973 2052 3025 hono-

469 3075 582 3131 rari
631 3071 834 3142 duplici
899 3072 1109 3125 honore
1164 3067 1361 3122 debere
1415 3064 1768 3135 presbyteros
1799 3062 1843 3094 ⁸¹
1889 3076 1904 3114 :
1959 3077 2052 3117 eos

469 3165 709 3220 maxime
737 3163 830 3232 qui
858 3161 1111 3215 laborant
1137 3158 1190 3210 in
1219 3158 1384 3210 verbo
1409 3163 1464 3208 et
1487 3152 1752 3208 doctrina.
1779 3149 1881 3216 Qui
1905 3150 2051 3203 enim

467 3255 787 3326 pudicitiam
835 3253 984 3316 colit,
1039 3252 1215 3305 bonus
1261 3259 1344 3303 est
1392 3246 1496 3302 sibi
1538 3264 1553 3301 :
1596 3255 1650 3301 et
1687 3244 1779 3314 qui
1815 3243 2050 3313 jejunat,

465 3347 638 3400 etiam
697 3345 744 3399 si
795 3345 998 3398 bonum
1055 3341 1220 3396 faciat
1264 3355 1420 3408 opus,
1458 3348 1640 3393 tamen
1675 3338 1823 3392 sibi:
1868 3346 1924 3391 et
1959 3336 2052 3406 qui

467 3439 782 3506 miseretur,
818 3446 874 3492 et
923 3435 1030 3491 sibi
1067 3433 1502 3489 misericordiam
1547 3440 1728 3500 parat,
1765 3438 1824 3484 et
1865 3429 1915 3484 ei
1963 3429 2053 3484 cui

465 3558 697 3629 prazbet.
731 3555 835 3623 Qui
865 3563 1046 3608 autem
1080 3551 1402 3622 religionem
1431 3547 1730 3604 secundum
1766 3546 2050 3601 veritatem

466 3650 646 3713 docet,
671 3657 728 3702 et
773 3645 876 3701 sibi
909 3645 1050 3699 viam
1100 3653 1360 3697 aeternam
1395 3639 1651 3709 acquirit,
1699 3647 1756 3692 et
1795 3637 2051 3692 omnibus

466 3742 560 3812 qui
585 3742 870 3795 docentur.
902 3736 1020 3791 Non
1056 3746 1141 3790 est
1172 3743 1506 3804 praeceptum
1533 3731 1794 3800 apostolis
1825 3740 1883 3784 ut
1917 3745 2046 3797 pau-
2073 3747 2116 3805 ρ

466 3847 628 3905 peres
671 3838 982 3900 paseerent,
1019 3828 1111 3882 sed
1145 3837 1203 3880 ut
1250 3836 1303 3880 et
1350 3825 1451 3893 ipsi
1493 3831 1872 3892 pascerentur.
1902 3820 2048 3875 Reli-

467 3927 644 3998 gionis
669 3940 797 3995 ergo
827 3921 1142 3992 praedicatio
1179 3919 1348 3988 major
1371 3926 1456 3973 est
1479 3933 1505 3970 a
1531 3917 1902 3971 misericordia
1926 3931 2049 3985 qua:

467 4019 528 4075 ﬁt
573 4019 640 4073 ad
686 4018 935 4072 homines
969 4035 981 4070 :
1011 4021 1225 4083 oportet
1272 4012 1415 4065 enim
1469 4011 1700 4080 primum
1739 4023 1899 4063 nosse
1923 4023 2045 4062 eum

466 4112 693 4182 propter
729 4123 892 4178 quem
934 4106 1067 4160 ﬁunt
1095 4119 1158 4158 ea
1190 4118 1310 4172 quae
1342 4102 1500 4167 ﬁunt,
1532 4111 1585 4156 et
1621 4101 1692 4154 ita
1733 4100 1910 4153 facere
1944 4098 2049 4153 mi-

467 4197 823 4255 sericordiam
853 4210 870 4248 :
921 4193 1293 4262 unusquisque
1322 4192 1466 4244 enim
1495 4190 1587 4260 qui
1633 4199 1912 4257 operatur,
1942 4189 2047 4243 sibi

467 4292 705 4364 acquirit
736 4303 870 4358 opus
902 4305 915 4341 :
952 4285 1268 4353 praedicatio
1292 4293 1473 4336 autem
1517 4281 1762 4334 veritatis
1793 4279 1910 4334 hate
1938 4287 2044 4344 est,

466 4393 690 4455 propter
726 4396 888 4450 quam
920 4389 974 4433 et
1005 4377 1173 4431 Filius
1207 4375 1354 4428 venit
1391 4375 1444 4426 in
1479 4387 1724 4440 corpore.
1764 4371 1879 4426 Non
1909 4371 2048 4426 dixit

469 4473 756 4535 Dominus,
784 4469 932 4524 Beati
963 4466 1104 4522 oculi
1134 4478 1324 4518 eorum
1374 4461 1466 4531 qui
1518 4459 1785 4527 jejunant,
1833 4457 1928 4514 sed
1966 4457 2047 4511 vi-

467 4566 734 4628 dentium,
755 4563 954 4632 inquit,
983 4575 1045 4614 ea
1076 4573 1196 4628 qua:
1222 4555 1416 4609 videtis
1433 4553 1499 4605 θ’.
1526 4553 1629 4607 Sed
1651 4567 1754 4605 non
1777 4566 1876 4620 ego
1905 4564 2047 4604 nunc

464 4659 638 4714 bonos
670 4667 824 4710 actus
865 4662 1065 4708 aecuso
1096 4670 1109 4704 :
1152 4649 1247 4702 sed
1276 4648 1417 4701 sicut
1440 4645 1594 4700 stella
1629 4645 1799 4698 stellae
1829 4642 2046 4712 praefert

466 4750 662 4821 gloria,
703 4748 778 4801 ita
816 4756 871 4800 et
901 4753 1054 4798 actus
1089 4741 1200 4813 (9|)
1249 4740 1462 4793 actibus
1511 4734 1766 4791 diﬁerunt
1819 4736 2041 4788 honore.

467 4845 750 4897 Summum
807 4837 950 4890 enim
993 4844 1049 4886 et
1085 4831 1434 4902 praecipuum,
1475 4835 1529 4881 et
1569 4828 1800 4896 primum
1853 4824 2046 4877 funda-

467 4941 708 4988 mentum
741 4938 796 4983 et
843 4927 991 4980 radix
1031 4923 1272 4977 omnium
1298 4935 1522 4990 operum
1549 4935 1668 4987 qua:
1702 4919 1856 4980 ﬁunt,
1908 4917 2043 4970 lides

465 5034 552 5080 est
574 5036 721 5078 vera.
745 5019 882 5073 Dicit
909 5017 1053 5071 enim
1085 5014 1342 5068 Dominus
1365 5026 1380 5064 :
1403 5010 1513 5080 Ego
1533 5020 1747 5078 propter
1775 5009 1869 5062 hoc
1899 5009 2036 5071 veni,

2153 2428 2284 2482 dicit
2309 2429 2432 2497 quia
2474 2429 2594 2482 ideo
2626 2440 2784 2484 natus
2813 2446 2952 2490 sum.
2999 2439 3054 2484 et
3105 2430 3226 2483 ideo
3270 2430 3392 2484 veni
3429 2431 3484 2483 in
3536 2431 3743 2484 mundo

2155 2531 2214 2574 ut
2241 2531 2407 2575 tester
2432 2521 2672 2585 veritati,
2701 2531 2756 2576 et
2783 2532 2838 2575 tu
2867 2522 3097 2576 abnuis?
3128 2521 3262 2576 Nam
3299 2533 3353 2576 et
3375 2522 3574 2576 Petrus
3611 2523 3742 2577 bea-

2154 2620 2260 2675 tus,
2294 2612 2485 2666 beatus
2527 2613 2730 2668 dicitur
2763 2613 2832 2677 ⁸⁸,
2863 2630 2968 2667 non
3017 2613 3088 2668 ob
3112 2613 3397 2682 jejunium,
3449 2630 3637 2683 neque
3675 2614 3743 2669 ob

2151 2703 2297 2758 aliud
2352 2704 2570 2773 aliquod
2625 2721 2783 2775 opus,
2819 2707 2913 2760 sed
2970 2707 3096 2776 quia
3147 2706 3308 2760 Pater
3357 2705 3411 2759 ei
3471 2707 3745 2762 revetavit

2151 2794 2372 2849 Filium.
2409 2797 2476 2851 Et
2520 2797 2716 2851 iterum
2767 2798 2928 2853 Pater
2961 2799 3160 2867 ubique
3195 2798 3260 2852 de
3303 2797 3444 2852 Filio
3479 2808 3739 2852 testatur.

2151 2884 2284 2940 Nam
2329 2897 2385 2942 et
2439 2888 2492 2942 in
2542 2889 2811 2956 baptismo
2870 2887 3118 2955 Joannis,
3174 2899 3229 2941 et
3264 2891 3318 2941 in
3375 2898 3567 2941 monte
3605 2889 3739 2941 nihil

2150 2980 2295 3034 aliud
2323 2980 2697 3050 proclamavit,
2726 2980 2826 3034 nisi
2853 2995 2866 3033 :
2889 2979 2989 3033 llic
3021 2988 3097 3034 est
3129 2978 3302 3032 Filius
3330 2994 3478 3031 meus
3512 2979 3743 3032 dilectis-

2151 3075 2336 3138 simus,
2366 3073 2421 3126 in
2458 3089 2560 3142 quo
2599 3075 2722 3127 bene
2749 3073 3039 3140 complacui
3063 3066 3130 3126 ⁸⁸.
3165 3069 3432 3125 Similiter
3459 3080 3518 3126 et
3540 3070 3741 3126 Paulus

2153 3169 2276 3219 dum
2317 3166 2539 3220 doceret
2583 3165 2802 3218 dicebat
2835 3183 2847 3218 :
2896 3163 3322 3217 Fundamentum
3365 3164 3519 3218 aliud
3551 3177 3742 3233 preter

2151 3257 2379 3328 eumqui
2413 3266 2488 3310 est
2511 3257 2712 3325 positus
2751 3273 2898 3310 nemo
2941 3265 3107 3323 potest
3149 3271 3359 3322 ponere,
3388 3268 3589 3324 prarter
3626 3273 3738 3309 cum

2149 3349 2240 3416 qui
2291 3358 2363 3401 est
2412 3345 2650 3401 Christus
2701 3346 2858 3400 Jesus
2881 3346 2948 3400 ⁸⁸.
3007 3343 3067 3399 Si
3117 3345 3284 3416 igitur
3321 3348 3737 3400 fundamentum

2151 3439 2316 3494 fuerit
2340 3439 2570 3504 salvum,
2615 3450 2798 3507 sperat
2844 3438 3132 3492 aediﬁcatio
3177 3439 3315 3491 bene
3375 3439 3651 3508 proﬁcere
3682 3451 3737 3492 se

2150 3547 2311 3602 posse
2339 3549 2352 3586 :
2389 3533 2436 3588 si
2463 3532 2615 3586 radix
2646 3531 2810 3587 fuerit
2840 3546 2994 3596 sana,
3036 3544 3162 3600 Spes
3186 3540 3274 3583 est
3308 3531 3525 3584 fructus
3547 3544 3615 3583 ex
3661 3543 3736 3582 ra-

2151 3625 2256 3680 mis
2288 3625 2552 3694 accipere.
2586 3625 2642 3679 Si
2670 3636 2851 3680 autem
2883 3625 3097 3677 inﬁrme
3113 3621 3277 3676 fuerit
3298 3621 3733 3684 fundamentum,

2151 3717 2204 3770 in
2255 3716 2496 3785 periculo
2545 3727 2673 3772 sunt
2729 3731 2792 3771 ea
2840 3731 2961 3785 quae
3016 3723 3478 3786 superponuntur.
3529 3714 3733 3766 Aurum

2148 3811 2292 3864 enim
2345 3808 2490 3878 quod
2526 3824 2689 3878 super
2742 3807 3173 3870 fundamentum,
3219 3815 3274 3860 et
3324 3814 3644 3875 argentum,
3683 3816 3736 3857 et

2148 3907 2481 3976 margaritae,
2535 3915 2592 3962 et
2638 3907 2844 3977 lapides
2889 3890 3137 3976 pretiosi,
3193 3917 3248 3961 et
3295 3905 3504 3970 fenum,
3549 3917 3608 3961 et
3644 3909 3736 3962 sti-

2148 3999 2309 4068 pulae,
2343 4009 2396 4055 et
2428 3999 2573 4070 ligna
2619 4010 2896 4070 ponuntur
2933 4015 2949 4053 :
2993 4000 3128 4062 nihil
3161 3999 3307 4054 aliud
3355 3999 3634 4066 signiﬁcat
3681 4002 3731 4054 in

2149 4093 2254 4147 hoc
2291 4092 2433 4157 loco,
2485 4092 2590 4147 nisi
2630 4093 2849 4162 quidem
2902 4091 3345 4161 praedicationem
3389 4107 3490 4162 per
3541 4108 3730 4147 aurum

2147 4193 2199 4238 et
2245 4192 2532 4255 argentum
2569 4195 2624 4238 et
2677 4183 2885 4254 lapides
2929 4184 3223 4254 pretiosos.
3275 4180 3351 4237 Ea
3391 4193 3579 4237 autem
3618 4198 3733 4253 qua:

2147 4287 2344 4346 praeter
2370 4277 2656 4332 veritatem
2690 4287 2840 4342 sunt,
2872 4278 2979 4347 igni
3031 4287 3218 4346 utpote
3269 4275 3454 4346 digna,
3501 4272 3630 4329 leno
3683 4286 3733 4330 et

2148 4368 2359 4439 stipula:
2385 4379 2441 4425 et
2489 4370 2638 4439 ligno
2673 4370 3026 4438 comparavit.
3059 4369 3176 4422 Non
3224 4369 3371 4421 enim
3405 4367 3548 4420 dixit
3591 4369 3732 4437 Apo-

2147 4461 2352 4516 stolus:
2389 4461 2445 4515 Si
2479 4461 2604 4530 quis
2647 4476 2753 4516 non
2795 4460 3002 4515 dederit
3034 4461 3280 4530 pauperi,
3316 4461 3619 4513 anathema
3643 4461 3729 4515 sit.

2148 4553 2262 4608 Non
2300 4555 2399 4609 ista
2427 4556 2634 4624 denego
2678 4571 2694 4610 ;
2733 4554 2828 4609 sed
2862 4568 2982 4622 qua:
3021 4555 3196 4617 prima
3226 4563 3376 4616 sunt,
3416 4553 3638 4620 prima;
3681 4563 3729 4605 et

2145 4660 2267 4714 quae
2324 4648 2603 4710 secunda,
2657 4646 2912 4699 secunda.
2970 4643 3155 4698 Primo
3202 4645 3461 4698 condisce
3514 4654 3730 4715 propter

2145 4752 2307 4806 quem
2342 4736 2500 4802 facis,
2535 4749 2590 4792 et
2624 4738 2694 4792 ita
2735 4739 2911 4792 facito.
2942 4736 3088 4789 Multi
3120 4737 3262 4791 enim
3301 4736 3586 4790 hominum
3635 4752 3727 4805 pe-

2145 4829 2365 4882 coribus
2413 4839 2542 4882 sunt
2591 4829 2798 4883 similes
2839 4847 2852 4881 :
2902 4837 3093 4897 putant
3125 4841 3233 4880 non
3263 4841 3388 4880 esse
3419 4827 3727 4880 necessaria

2145 4935 2389 4990 qnazrere
2423 4921 2490 4974 de
2524 4921 2608 4975 his
2633 4937 2753 4990 quae
2785 4920 3062 4990 possibilia
3091 4929 3218 4972 sunt
3240 4930 3580 4988 quaerantur.
3614 4918 3727 4974 Sic.

2145 5021 2205 5066 ut
2225 5028 2357 5084 ergo
2383 5012 2450 5068 de
2478 5013 2563 5067 his
2590 5029 2709 5082 qua:
2737 5022 2962 5080 possunt
2986 5013 3178 5081 quaeri,
3215 5011 3470 5066 inertium
3500 5021 3584 5066 est
3623 5027 3719 5065 non

464 5129 512 5172 et
541 5123 753 5187 propter
777 5113 873 5166 hoc
903 5121 1056 5164 natus
1088 5123 1237 5178 sum,
1266 5117 1322 5158 nt
1362 5115 1516 5158 tester
1559 5104 1767 5156 veritati
1797 5103 1866 5156 ⁸³.
1917 5100 2035 5172 Ipse
2067 5095 2111 5150 D
2140 5117 2417 5174 querere;
2473 5103 2550 5156 ita
2595 5102 2660 5157 de
2715 5102 2800 5156 his
2833 5115 2952 5170 quae
2999 5115 3106 5154 non
3156 5112 3382 5154 necesse
3415 5108 3501 5153 est
3535 5099 3719 5168 queri,

1124 5297 1170 5329 ⁸⁰
1207 5296 1363 5352 Joan.
1409 5311 1450 5363 t,
1511 5291 1608 5363 18;
1671 5308 1756 5354 ιιι,
1803 5291 1892 5350 18.

515 5303 559 5336 ⁷³
581 5301 877 5363 Joan.xtv,
928 5297 1057 5370 27.,
1124 5297 1170 5329 ⁸ο
1207 5297 1363 5352 Joan.
1409 5311 1450 5363 t,
1511 5297 1608 5358 18;
1671 5308 1756 5354 ιιι,
1803 5297 1862 5346 18

542 5372 732 5426 Matth.
781 5385 892 5432 avt,
933 5370 1020 5424 17.
1098 5369 1144 5400 ⁸⁵
1171 5370 1359 5423 Matth.
1393 5382 1475 5432 tu,
1510 5361 1605 5429 l7;
1646 5379 1780 5431 xvn,
1810 5365 1862 5418 5.

463 5371 513 5404 ει
542 5357 732 5426 manu.
781 5357 892 5436 xvi,
933 5357 1057 5424 η’

536 5486 649 5558 (86)
691 5487 792 5560 Tui
811 5487 1256 5560 prapter."Ev§xa
1275 5484 1393 5548 σοῦ,
1421 5483 1618 5538 iterum
1642 5481 1781 5534 infra
1813 5482 2036 5560 subﬁn.

464 5556 666 5626 lib.vt,
695 5557 770 5611 De
791 5574 849 5611 eo
877 5558 1019 5626 quod,
1040 5559 1116 5609 ait
1141 5556 1302 5611 Deus.

536 5625 652 5695 (87)
695 5626 954 5692 lmpertit.
981 5625 1146 5682 Forte
1174 5625 1450 5691 impertiat.

538 5630 628 5695 (87
695 5630 954 5692 lmpertit.
983 5630 1146 5682 Forte
1174 5630 1450 5691 impertiat.

538 5630 655 5766 (88;
695 5696 840 5749 Beati
863 5697 1009 5750 illius
1033 5698 1150 5750 viri.
1187 5696 1474 5764 Pamphili.
1506 5707 1565 5750 ut
1593 5695 1756 5749 llenr.
1787 5693 2034 5750 Valesius

462 5779 689 5844 censet;
715 5781 830 5845 nos
858 5767 1155 5845 Agapetum
1205 5769 1382 5845 potius
1414 5778 1666 5839 putamus
1696 5767 1914 5824 Eusebii
1941 5769 2036 5825 de-

2021 5291 2108 5344 ⁸¹Ι
2141 5291 2282 5344 Tim.
2318 5305 2373 5355 v,
2408 5289 2497 5345 l7.

1943 5363 1991 5396 ⁸⁸
2033 5363 2057 5419 l
2090 5360 2217 5418 Cor.
2254 5376 2336 5428 ιιι,
2364 5363 2449 5418 ll.
2541 5363 2563 5375 '

2593 5290 2639 5361 θ’
2665 5289 2798 5344 Luc.
2835 5303 2894 5353 χ,
2929 5287 3020 5342 25.
3154 5286 3200 5318 ⁸³
3221 5285 3382 5342 Joan.
3426 5301 3590 5354 xvtn,
3634 5283 3715 5338 57.

2147 5494 2442 5541 cessorem,
2475 5479 2542 5532 de
2592 5491 2701 5545 quo
2737 5476 2938 5531 Euseb.
2999 5474 3096 5528 lib.
3149 5489 3220 5545 vn
3283 5471 3429 5528 Hist.
3481 5487 3596 5543 cap.
3628 5467 3710 5528 59η

2146 5553 2213 5606 de
2250 5551 2439 5603 eodem
2475 5544 2632 5603 beato
2659 5548 2774 5601 viro
2803 5548 2944 5601 intra
2975 5547 3079 5599 col.
3113 5544 3274 5599 l063.

2215 5621 2327 5688 (89)
2369 5619 2594 5673 Bonum.
2628 5619 2872 5688 Valesius
2900 5617 3022 5688 legit
3054 5631 3264 5688 sonum.

2215 5685 2327 5756 (an)
2370 5689 2503 5743 Ecce
2534 5689 2691 5742 enim.
2743 5685 2982 5741 Valesius
3015 5687 3144 5752 legit
3174 5686 3286 5739 lucc
3313 5686 3476 5741 enim.

2215 5762 2327 5837 (tit)
2373 5760 2492 5832 315.,
2522 5759 2717 5817 Pra'est
2747 5761 2941 5830 gloria,
2970 5759 3042 5812 ita
3066 5769 3111 5812 et
3146 5768 3323 5811 actus.
