3822 6218
175 243 333 298 1061

1059 248 1144 302 ΟΕ
1179 249 1335 306 FIDE
1366 253 1737 309 ADVERSUS
1776 252 2192 310 SABELLIUMt
2231 281 2304 297 ι·-
2337 254 2464 310 LIB.
2508 257 2574 313 ll.

3311 265 3448 320 1062

177 360 420 454 audacia
445 364 854 454 estquaeren-di.
881 364 1016 432 Quae
1037 380 1168 437 ergo
1192 369 1388 424 debent
1421 372 1630 439 quaeri?
1655 386 1775 442 qua:
1801 347 1928 435 Aet
1946 387 2054 428 «nos
2084 372 2138 426 in
2162 387 2297 442 pace
2322 374 2554 440 vocavit,
2593 389 2701 430 non
2734 384 2910 432 tamen
2945 377 3013 434 ad
3043 377 3190 436 litem
3223 398 3236 434 :
3269 397 3446 454 pugna

175 452 503 508 invenimus
528 453 584 508 in
618 453 916 524 Scripturis
939 458 1115 527 posita
1148 476 1164 512 :
1192 475 1313 530 qua:
1338 471 1517 516 autem
1542 463 1594 517 in
1623 463 1771 518 Scri-

173 542 368 608 pturis
414 558 521 598 non
575 545 915 614 invenimus,
965 564 1073 604 non
1123 565 1453 620 quaeramus.
1514 553 1570 608 Si
1619 555 1765 610 enim

171 647 469 704 oporteret
504 639 662 694 nobis
692 653 815 696 esse
857 643 1094 711 cognita,
1127 646 1314 714 utique
1359 646 1594 714 Spiritus
1637 663 1768 704 san-

165 738 312 783 “ctus
356 731 625 800 posuisset
673 747 736 787 ea
785 734 838 787 in
874 733 1172 804 Scripturis
1209 754 1224 791 :
1255 752 1364 791 non
1395 753 1584 794 sumus
1620 741 1764 795 enim

176 825 550 890 sapientiores
597 840 628 880 a
676 827 882 896 Spiritu
929 837 1139 888 sancto.
1181 829 1240 884 Si
1290 830 1492 886 dixerit
1530 832 1764 902 Spiritus

173 928 413 972 sanctus
446 935 460 970 :
499 915 898 973 Generalionem
938 920 1053 990 ejus
1081 921 1199 990 qui:
1229 923 1499 976 enarrabit
1521 923 1608 977 ‘7?
1653 925 1762 980 noli

173 1023 434 1076 quaerere
467 1024 644 1078 neque
677 1011 746 1064 ab
793 1009 1123 1077 hominibus,
1181 1026 1356 1082 neque
1412 1015 1480 1068 ab
1531 1015 1761 1084 angelis.

177 1099 301 1154 Cur
322 1099 608 1170 abnegavit
650 1099 907 1169 Spiritus,
937 1101 1074 1156 dixit
1105 1102 1250 1157 enim
1283 1104 1407 1172 quia
1449 1106 1760 1174 generatio-

177 1195 456 1265 nemejus
495 1196 617 1263 quis
638 1190 952 1250 e‘narrabit'?
983 1195 1075 1264 qui
1106 1204 1286 1249 autem
1310 1197 1558 1250 concedit
1585 1195 1760 1266 Spiri-

177 1297 273 1340 tus
297 1303 556 1356 qumrere,
593 1285 740 1342 Unus
769 1287 911 1342 Deus
940 1303 1006 1341 ea:
1027 1304 1131 1358 qua
1164 1297 1284 1342 sunt
1322 1289 1521 1353 omnia,
1543 1299 1594 1342 et
1622 1306 1760 1344 unus

177 1378 442 1432 Dominus
461 1379 615 1432 Jesus
638 1394 730 1447 per
750 1395 902 1448 quem
935 1389 1056 1433 sunt
1083 1379 1262 1433 omnia
1289 1379 1335 1411 ⁸⁸
1362 1395 1378 1433 :
1403 1379 1758 1448 quemadmo-

169 1469 310 1523 dum
340 1479 520 1524 autem
554 1470 724 1525 Filius
769 1485 834 1525 ex
865 1470 1045 1534 Patre,
1071 1471 1233 1525 crede
1266 1473 1314 1526 ei
1348 1473 1439 1542 qui
1489 1472 1658 1536 novit,
1705 1474 1756 1526 ei

170 1563 271 1631 (μιὶ
302 1563 562 1616 noscitur.
599 1563 702 1617 Sed
735 1571 788 1616 tu
812 1562 1035 1633 quaeris,
1061 1571 1114 1616 et
1147 1563 1270 1632 quis
1299 1575 1383 1619 est
1406 1565 1500 1632 qui
1529 1565 1757 1633 promit-

163 1663 260 1708 tat
307 1669 368 1709 se
403 1654 596 1709 nosse?
623 1655 800 1709 omnis
848 1655 994 1708 enim
1040 1656 1348 1725 quicunque
1379 1657 1651 1725 promittit
1695 1673 1754 1712 se
1784 1687 1828 1742 Β

169 1762 358 1811 nosse,
417 1751 646 1801 mendax
685 1755 788 1801 est.
848 1745 1222 1802 Pronuntiavit
1271 1749 1415 1802 enim
1470 1748 1746 1818 Dominus,

167 1839 323 1908 quod
382 1839 558 1893 nullus
617 1840 761 1893 norit
821 1839 924 1894 nisi
987 1839 1139 1895 solus
1189 1841 1352 1896 Pater
1406 1841 1644 1910 Filium,
1694 1853 1750 1898 et

163 1931 346 1985 Filius
380 1930 625 1986 Patrem.
675 1932 780 1985 Sed
809 1932 940 1986 dicit
971 1933 1191 2001 quidam
1227 1952 1241 1986 :
1277 1934 1592 2002 lgnoramus
1617 1950 1748 2004 ergo

164 2023 303 2092 quia
333 2032 417 2078 est
450 2021 610 2088 Deus,
643 2030 697 2077 et
741 2025 867 2093 quia
916 2039 1020 2080 non
1056 2038 1217 2080 natus
1247 2037 1348 2093 est,
1383 2037 1439 2082 et
1478 2029 1749 2083 nescimus

163 2101 303 2184 quia
353 2127 407 2170 et
439 2116 606 2169 Filius
636 2127 692 2171 et
731 2117 1036 2187 unigenitus
1071 2127 1155 2172 est
1207 2117 1416 2174 Filius?
1470 2121 1748 2186 Quomodo

161 2220 352 2263 autem
389 2211 658 2264 nescimus
708 2211 831 2279 quia
877 2219 1034 2265 natus
1079 2211 1199 2265 est?
1256 2213 1378 2280 quia
1420 2224 1598 2266 autem
1641 2221 1746 2277 est,

159 2301 352 2354 omnis
373 2299 569 2354 clamat
589 2299 868 2370 Scriptura
901 2320 913 2356 :
944 2303 1396 2372 quemadmodum
1437 2312 1615 2357 autem
1641 2315 1745 2368 est,

158 2401 218 2443 et
255 2401 514 2459 quantum
548 2400 648 2455 est,
675 2392 818 2446 nulla
856 2377 1000 2446 valet
1037 2404 1226 2447 natura
1259 2393 1459 2456 dicere,
1488 2408 1658 2462 neque
1679 2394 1748 2448 de

159 2479 356 2544 Patre,
388 2496 560 2549 neque
599 2483 665 2534 de
685 2479 840 2534 Filio.
879 2480 978 2548 Qui
1001 2481 1145 2535 enim
1180 2482 1356 2535 dixit:
1399 2481 1568 2536 Nemo
1605 2481 1746 2536 novit

160 2569 412 2635 Patrem,
443 2572 544 2625 nisi
582 2571 756 2626 Filius
778 2572 841 2630 ⁸³,
873 2575 985 2642 ipse
1017 2573 1150 2628 dixit
1183 2574 1306 2641 quia
1339 2582 1388 2626 et
1419 2572 1620 2626 Filium
1657 2590 1746 2626 ne-

154 2680 253 2716 mo
280 2664 441 2727 novit,
467 2664 569 2717 nisi
597 2663 758 2717 Pater
777 2664 843 2716 9°.
874 2664 1332 2730 Quemadmodum
1361 2665 1503 2717 enim
1530 2665 1746 2733 capiunt

157 2771 227 2808 ea
259 2771 377 2824 qua:
407 2771 501 2824 per
531 2755 722 2810 Filium
757 2756 894 2809 facta
926 2765 1070 2821 sunt,
1104 2770 1264 2809 nosse
1299 2771 1420 2809 eum
1459 2771 1552 2824 per
1585 2771 1743 2824 quem

156 2861 220 2904 et
251 2849 393 2902 facta
429 2849 592 2902 sunt?
638 2847 694 2902 Si
738 2849 901 2914 igitur
927 2849 1214 2918 imaginem
1259 2864 1365 2903 non
1398 2849 1509 2902 nati
1551 2858 1744 2901 natura

156 2955 280 2994 non
320 2941 560 3008 pervenit
593 2955 772 3005 nosse,
803 2940 1250 3008 quemadmodum
1287 2940 1458 3008 ipsum
1483 2940 1744 3008 principa-

1870 478 1976 518 non
2015 463 2198 529 docet,
2245 465 2340 520 sed
2370 466 2561 521 incitat
2592 468 2766 538 magis
2815 487 2830 523 :
2863 469 2930 524 lis
2968 486 3076 526 non
3117 486 3321 537 monet,
3349 477 3445 530 sed

1867 553 2139 610 ﬂammam
2169 559 2440 614 accendit.
2471 559 2760 614 Contentio
2785 573 2964 617 autem
2989 565 3144 635 equis
3171 569 3444 632 convenit,

1868 660 1975 700 non
2007 658 2186 702 tamen
2219 648 2474 705 Ecclesia:
2499 651 2614 707 Dei.
2650 652 2749 719 Qui
2775 653 2924 708 novit
2953 669 3015 710 ea
3037 671 3159 726 quae
3188 657 3446 726 possibile

1865 748 1954 792 est
2003 739 2164 804 scire,
2209 741 2400 795 doceat
2441 756 2565 797 cum
2610 745 2875 800 modestia
2923 761 3046 802 eum
3073 747 3164 816 qui
3204 749 3442 818 ignorat,

1865 843 1974 883 non
2004 837 2184 886 tamen
2222 832 2576 889 incitamento
2622 852 2636 888 :
2680 836 3087 894 incitamentum
3119 839 3263 894 enim
3290 849 3345 894 et
3371 843 3443 896 ad

1865 933 1930 974 ea
1967 935 2088 988 quae
2115 931 2303 990 aperta
2354 932 2481 978 sunt
2525 926 2925 983 contentionem
2969 930 3109 997 parit
3163 946 3315 986 :non
3365 933 3440 985 ita

1863 1011 2255 1080 periclitemur,
2303 1015 2400 1071 sed
2433 1024 2548 1072 tute
2581 1017 2888 1087 loquamur.
2932 1018 2990 1074 Si
3021 1021 3152 1090 quid
3177 1022 3438 1090 scriptum

1862 1120 1972 1160 non
2007 1114 2112 1171 est,
2173 1121 2240 1160 ne
2273 1108 2492 1178 quidem
2528 1109 2741 1165 dicatur
2781 1128 2798 1167 :
2844 1112 2890 1166 si
2921 1113 3048 1182 quid
3091 1123 3272 1168 autem
3303 1115 3439 1168 scri-

1860 1207 2013 1268 ptum
2043 1207 2143 1263 est,
2187 1214 2255 1254 ne
2296 1199 2578 1256 deleatur:
2601 1202 2718 1258 Non
2754 1219 2942 1260 sumus
2987 1205 3130 1260 enim
3162 1215 3436 1273 auctores,

1860 1291 1956 1344 sed
1985 1289 2254 1359 discipuli.
2296 1289 2412 1346 Non
2457 1307 2580 1364 quae
2614 1294 2887 1362 volumus,
2933 1297 3029 1352 sed
3063 1313 3127 1352 ea
3167 1297 3437 1368 quaelegi~

1859 1396 1980 1436 mus
2018 1400 2032 1436 :
2069 1398 2172 1437 non
2205 1399 2267 1437 ea
2298 1400 2418 1453 quae
2442 1400 2509 1440 ex
2539 1389 2704 1442 corde
2733 1399 2879 1454 sunt,
2903 1390 2998 1444 sed
3026 1404 3088 1443 ea
3117 1407 3234 1460 qua:
3257 1407 3287 1445 a
3319 1393 3433 1462 spi-

1858 1473 1968 1526 ritu
1989 1475 2052 1554 _in
2078 1473 2378 1544 Scripturis
2417 1478 2618 1532 sanctis
2651 1490 2779 1534 sunt
2808 1482 3001 1550 posita.
3036 1483 3167 1549 Quis
3197 1487 3337 1539 enim
3373 1502 3434 1542 es

1861 1573 1915 1617 tu
1951 1566 2042 1634 qui
2095 1566 2229 1621 dicis
2259 1577 2352 1620 aut
2385 1569 2475 1638 qui
2525 1571 2724 1625 audis?
2761 1572 2874 1626 vult
2921 1573 3118 1644 aliquis
3157 1574 3432 1632 Christum

1859 1655 2161 1723 honorare;
2212 1667 2272 1712 ut
2313 1659 2426 1713 vult
2487 1661 2600 1729 ipse
2632 1662 2900 1728 Christus,
2942 1680 3048 1720 non
3092 1675 3268 1721 tamen
3293 1679 3351 1722 ut
3373 1679 3430 1724 tu

1855 1746 1956 1803 vis.
1990 1747 2046 1802 Si
2074 1760 2252 1804 autem
2293 1760 2487 1820 praeter
2507 1752 2560 1806 id
2599 1753 2738 1822 quod
2773 1754 2888 1807 vult
2925 1755 3296 1826 honoraveris,
3330 1760 3430 1814 ho-

1851 1853 1953 1892 nor
1977 1847 2100 1894 tuus
2128 1841 2194 1895 ad
2218 1843 2604 1896 contumeliam
2640 1855 3005 1900 convertetur.
3048 1847 3104 1901 Si
3135 1848 3428 1907 intereme-

1853 1931 1926 1985 u's
1956 1930 2072 1999 ejus
2099 1932 2340 2000 Patrem,
2372 1951 2480 1989 non
2514 1935 2791 1989 honorasti
2817 1937 3146 2005 progeniem.
3179 1938 3237 1993 Si
3263 1940 3432 1994 inter-

1849 2025 2048 2078 emeris
2085 2024 2307 2089 Filium,
2351 2041 2458 2080 non
2500 2027 2755 2081 dimisisti
2792 2027 3008 2082 Patrem
3056 2029 3108 2082 in
3141 2029 3426 2085 honorem.

1853 2114 1908 2168 Si
1945 2115 2084 2168 enim
2132 2129 2237 2169 non
2274 2115 2474 2169 dixeris
2516 2125 2722 2184 patrem
2759 2117 2995 2182 Patrem,
3030 2128 3083 2172 et
3115 2117 3305 2172 Filium
3337 2118 3430 2173 Fi-

1849 2207 2000 2278 lium,
2060 2223 2236 2278 neque
2287 2207 2501 2263 Patrem
2534 2225 2735 2278 neque.
2764 2209 2958 2263 Filimn
2996 2211 3292 2265 contiteris.
3325 2210 3427 2277 Qui

1847 2298 1990 2352 enim
2025 2298 2139 2354 hanc
2171 2299 2326 2365 dicit,
2360 2301 2481 2354 sine
2533 2300 2644 2354 Deo
2698 2309 2800 2355 est.
2836 2301 2892 2355 Si
2921 2301 3066 2356 enim
3121 2302 3284 2356 Pater
3317 2317 3426 2357 non

1846 2400 1933 2444 est
1958 2390 2118 2444 Pater
2144 2430 2161 2456 ,
2219 2392 2333 2461 ipse
2371 2394 2514 2446 enim
2546 2393 2713 2448 Filius
2755 2402 2814 2447 ut
2858 2395 2968 2460 ais;
3017 2395 3214 2449 iterum
3258 2394 3428 2451 Filius

1846 2497 1954 2536 non
1991 2491 2074 2536 est
2095 2482 2283 2547 Filius,
2321 2483 2435 2552 ipse
2482 2483 2624 2538 enim
2658 2494 2711 2539 et
2744 2483 2907 2564 Pater
2937 2485 3098 2540 Pater
3125 2496 3210 2540 est
3250 2498 3308 2540 ut
3338 2486 3424 2539 di-

1846 2573 1926 2628 cis
1957 2572 2093 2644 (94).
2137 2573 2398 2643 Sequitur
2421 2575 2737 2643 periculum,
2771 2587 2829 2631 ut
2864 2593 3038 2646 neque
3067 2577 3230 2634 Pater
3265 2577 3426 2632 Pater

1847 2663 1939 2730 sit,
1985 2679 2160 2732 neque
2190 2663 2359 2720 Filius
2412 2665 2604 2732 Filius,
2660 2675 2715 2720 et
2765 2667 2892 2737 quid
2935 2667 3280 2722 tenebimus?
3319 2667 3424 2722 Sed

1845 2755 2008 2810 Pater
2033 2755 2193 2810 Pater
2213 2771 2342 2811 vere
2367 2765 2472 2820 est,
2507 2773 2611 2811 non
2647 2772 2814 2812 vacua
2845 2773 2946 2811 vox
2975 2757 3069 2812 sed
3103 2767 3293 2812 natura
3327 2773 3424 2813 ve—

1845 2846 2041 2900 ritatis.
2078 2845 2196 2900 Non
2234 2862 2405 2901 vanus
2435 2862 2636 2910 sermo,
2661 2848 2756 2902 sed
2785 2863 2945 2902 verus
2989 2847 3152 2903 Deus.
3182 2848 3299 2904 Non
3330 2851 3425 2920 qui

1846 2937 2068 3001 dicitur,
2098 2937 2193 2991 sed
2216 2937 2263 2992 is
2296 2938 2387 3006 qui
2411 2948 2494 2993 est
2522 2956 2538 2993 :
2572 2954 2676 2992 non
2699 2952 2765 2992 ex
2801 2938 2887 2993 his
2915 2953 3035 3008 quae
3065 2939 3294 2994 dicimus
3325 2941 3426 2995 ﬁn-

148 3031 275 3086 lem
309 3032 419 3103 (92)
451 3033 911 3102 comprehendere
945 3032 1066 3101 quis
1099 3042 1276 3102 potest
1305 3043 1364 3086 ut
1389 3032 1570 3086 norit?
1606 3031 1744 3086 Sunt
1769 3028 1816 3092 C
1845 3027 2009 3095 gitur.
2059 3027 2154 3082 sed
2193 3029 2338 3098 quod
2365 3037 2448 3082 est
2476 3030 2810 3098 agnoscitur.
2860 3027 3019 3083 Pater
3061 3029 3204 3083 enim
3246 3043 3424 3101 neque

157 3126 355 3195 itaque
393 3125 637 3195 quaedam
673 3124 831 3178 nobis
860 3124 1106 3189 dicenda,
1142 3134 1265 3178 sunt
1311 3132 1367 3178 et
1389 3125 1649 3194 quaedam.
1671 3122 1747 3178 si-

153 3220 336 3276 lentio
365 3219 606 3274 colenda.
649 3218 787 3273 Sunt
825 3217 1068 3286 quaedam
1099 3217 1155 3270 in
1184 3217 1427 3285 cogitatu
1457 3215 1742 3281 movenda,

154 3319 294 3368 sunt
333 3310 574 3379 quaedam
596 3318 650 3364 et
674 3310 1021 3364 veneratione
1053 3323 1160 3363 non
1190 3309 1475 3365 movenda.
1514 3307 1651 3363 Sunt
1675 3307 1744 3362 de

155 3403 360 3472 quibus
404 3401 658 3455 convenit
704 3400 819 3470 sapi
862 3418 874 3453 :
920 3409 1044 3454 sunt
1091 3407 1146 3453 et
1191 3399 1256 3454 de
1299 3400 1495 3469 quibus
1532 3409 1744 3470 oportet

155 3493 372 3563 paveri.
398 3491 538 3547 Sunt
574 3507 694 3561 qum
715 3501 941 3559 possunt
979 3490 1160 3558 lingua
1186 3491 1535 3560 interpretari
1568 3509 1581 3545 :
1617 3501 1744 3546 sunt

156 3595 218 3638 et
258 3599 376 3652 qua:
402 3585 630 3652 possunt
665 3581 916 3653 religiose
955 3582 1144 3635 taceri.
1184 3581 1358 3635 Dicito
1396 3595 1552 3646 sane,
1592 3581 1743 3637 Unus

159 3676 310 3732 Deus
336 3690 363 3725 a
394 3690 501 3744 quo
549 3684 675 3730 sunt
706 3674 905 3736 omnia,
937 3683 990 3728 et
1034 3673 1209 3726 nullus
1235 3673 1431 3743 poterit
1455 3674 1742 3742 reprehen-

157 3770 314 3822 dere.
343 3766 409 3821 Si'
429 3775 605 3820 autem
627 3775 680 3819 et
705 3763 1108 3833 reprehenderit
1129 3765 1267 3833 quis,
1297 3779 1400 3818 non
1429 3774 1478 3816 te
1501 3764 1591 3818 sed
1617 3778 1739 3817 eum

158 3857 259 3928 qui
288 3857 526 3926 scripsit.
559 3856 616 3910 Si
657 3867 836 3910 autem
866 3867 920 3910 et
958 3849 1181 3910 Paulum
1207 3855 1297 3923 qui
1332 3856 1549 3924 scripsit
1579 3853 1740 3907 audet

158 3951 290 4020 quis
316 3950 732 4020 reprehendere,
761 3964 870 4002 non
901 3947 1145 4013 Paulum,
1178 3949 1272 4002 sed
1310 3963 1431 4001 eum
1464 3947 1554 4015 qui
1592 3960 1736 4000 sem-

157 4053 263 4109 per
298 4039 351 4092 in
381 4053 504 4093 eum
547 4036 660 4106 (9'5)
698 4041 906 4092 locutus
951 4049 1035 4093 est
1070 4037 1322 4092 Christus
1368 4035 1734 4104 reprehendit.

159 4131 225 4185 Si
249 4139 428 4182 autem
452 4127 652 4183 Christi
683 4128 845 4182 verba
878 4128 1274 4198 reprehendere
1298 4124 1419 4194 quis
1441 4123 1603 4178 fuerit
1639 4140 1738 4177 au-

156 4236 280 4286 sus,
309 4221 423 4290 ipse
449 4221 585 4273 dixit
613 4220 863 4275 Christus
910 4238 925 4274 :
960 4219 1090 4284 Quae
1138 4234 1229 4287 ego
1264 4217 1452 4288 loquor
1483 4232 1587 4270 non
1613 4223 1735 4269 sunt

154 4330 300 4380 mea,
340 4314 430 4368 sed
455 4312 618 4366 Pater
647 4314 734 4383 qui
755 4313 894 4365 misit
929 4327 1032 4376 me,
1059 4312 1169 4380 ipse
1198 4311 1431 4380 loquitur
1455 4325 1647 4378 perante
1665 4309 1732 4361 9‘.

159 4404 376 4461 Etenim
414 4418 588 4472 neque
628 4404 854 4472 gentiles
887 4417 1092 4466 sumus,
1136 4416 1311 4470 neque
1333 4399 1526 4466 Judzei,
1562 4414 1736 4468 neque

131 4497 429 4553 ‘hmretici.
470 4497 710 4552 Gentiles
741 4497 882 4550 enim
915 4511 1020 4549 non
1059 4510 1264 4562 sumus,
1307 4495 1435 4564 quia
1468 4508 1572 4548 non
1603 4493 1737 4548 dici-

161 4605 285 4644 mus
309 4590 458 4643 deos.
487 4587 653 4642 Judaei
681 4603 784 4641 non
810 4601 1016 4652 sumus,
1041 4586 1164 4654 quia
1191 4597 1246 4640 et
1265 4586 1539 4641 Christum
1565 4586 1734 4640 Deum

160 4677 503 4732 conﬁtemur.
556 4675 806 4730 Haaretici
841 4687 1021 4729 autem
1055 4677 1174 4730 ideo
1214 4691 1318 4730 non
1364 4689 1573 4740 sumus,
1609 4676 1734 4744 quia

159 4768 490 4823 confitemur
518 4767 677 4820 istum
719 4781 838 4820 esse
867 4765 958 4835 qui
1003 4765 1170 4830 venit,
1200 4779 1361 4832 quem
1395 4763 1733 4832 praeveniens

165 4860 331 4913 Vetus
361 4857 766 4912 Testamentum
809 4873 904 4928 per
933 4859 1222 4926 prophetas
1267 4856 1578 4924 praedicavit
1606 4870 1736 4908 ven-

162 4960 366 5004 turum.
409 4947 466 5002 Si
500 4949 621 5016 quis
650 4947 792 5001 enim
828 4946 1061 5001 noluerit
1099 4947 1268 5011 litem,
1322 4961 1456 5014 opus
1490 4960 1594 4998 non
1633 4950 1733 4999 ha-

161 5044 275 5098 bet.
319 5039 416 5096 Est
443 5041 688 5110 quaadam
748 5039 1010 5094 dubitatio
1069 5034 1208 5094 i'nter
1261 5037 1455 5093 fratres
1503 5057 1517 5092 :
1561 5039 1737 5108 primo

161 5148 287 5188 cum
324 5132 590 5186 charitate
621 5141 916 5201 quaeratur,
944 5141 1005 5184 ut
1027 5131 1167 5184 inter
1201 5129 1414 5184 fratres.
1447 5128 1561 5182 Non
1591 5130 1734 5184 enim

163 5223 521 5280 dissensionis
566 5232 649 5279 est
686 5223 827 5278 Deus
870 5232 966 5277 aut
1015 5224 1130 5289 irae,
1167 5224 1257 5276 sed
1300 5222 1449 5290 pacis
1478 5223 1524 5254 ³³
1560 5240 1574 5276 :
1608 5222 1736 5291 quia

1845 3140 1911 3179 ex
1941 3125 2067 3190 alio,
2091 3140 2266 3196 neque
2291 3140 2386 3196 per
2425 3127 2611 3194 alium,
2643 3142 2819 3198 neque
2855 3127 3021 3192 aliud,
3054 3130 3147 3184 sed
3191 3130 3310 3198 ipse
3337 3136 3425 3184 est

1845 3219 1938 3285 qui
1961 3227 2062 3274 est.
2102 3217 2266 3275 Forte
2295 3221 2443 3276 enim
2491 3230 2546 3276 et
2571 3237 2637 3277 ex
2675 3221 2966 3290 semetipso
2997 3229 3052 3276 et
3090 3235 3186 3291 per
3217 3229 3424 3276 semet-

1843 3310 2057 3378 ipsum;
2082 3311 2238 3368 nobis
2267 3314 2664 3384 quodammodo
2695 3315 3026 3370 conveniens
3051 3323 3136 3369 est
3162 3329 3343 3370 sermo
3364 3323 3425 3369 ut

1845 3400 2078 3458 dicatur.
2119 3401 2358 3459 Necdum
2417 3413 2596 3460 tamen
2639 3404 2732 3459 illa
2776 3405 3167 3474 interpretatur
3205 3416 3420 3459 natura.

1842 3489 1953 3546 Nos
1971 3491 2117 3544 enim
2140 3501 2197 3545 ut
2222 3507 2329 3547 non
2362 3503 2634 3549 taceamus
2656 3495 2776 3549 ideo
2802 3494 3052 3548 dicimus.
3079 3494 3217 3562 Quid
3237 3505 3422 3551 autem

1841 3588 1926 3635 est
1953 3579 2096 3635 Deus
2132 3595 2241 3634 non
2273 3581 2737 3651 interpretamur:
2772 3581 2902 3650 quid
2928 3580 3073 3635 enim
3116 3581 3308 3635 horum
3338 3581 3422 3633 in-

1845 3673 2164 3740 terpretatio
2197 3681 2281 3726 est
2315 3670 2433 3737 Dei,
2469 3672 2586 3726 sine
2618 3672 2796 3737 initio,
2836 3686 2943 3724 non
2978 3679 3160 3733 natus,
3196 3671 3421 3723 immor-

1845 3763 1989 3830 talis,
2024 3764 2390 3832 incorruptus,
2418 3763 2795 3828 immutabilis,
2829 3763 3140 3828 immobilis,
3174 3762 3418 3815 inacces-

1840 3854 2036 3920 sibilis,
2069 3855 2472 3921 inenarrabilis,
2522 3853 3124 3924 incomprehensibilis?
3158 3852 3263 3906 Per
3303 3852 3419 3906 haec

1839 3962 1970 4018 ergo
1997 3949 2178 4002 omnia
2230 3963 2338 4002 non
2366 3957 2449 4003 est
2475 3947 2682 4002 dictum
2730 3947 2858 4016 quid
2894 3956 2996 4011 est,
3024 3947 3116 4000 sed
3143 3944 3272 4015 quid
3308 3957 3416 3997 non

1839 4049 1924 4096 est
1966 4055 1983 4094 :
2023 4040 2171 4096 velut
2219 4040 2265 4095 si
2289 4042 2414 4110 quis
2441 4039 2794 4109 interpretari
2826 4054 2935 4094 non
2969 4037 3237 4092 sufﬁciens
3271 4035 3417 4105 quod

1837 4140 1926 4185 est
1966 4130 2167 4197 lumen,
2218 4130 2364 4184 dicat
2392 4131 2536 4198 quod
2566 4145 2672 4184 non
2706 4138 2791 4183 est
2825 4129 3192 4183 tenebrosum.
3227 4125 3418 4179 Dicere

1837 4233 2019 4278 autem
2045 4223 2188 4292 quod
2213 4223 2552 4276 tenebrosum
2584 4228 2811 4286 nonest,
2849 4233 2954 4272 non
2988 4217 3160 4271 solum
3193 4229 3295 4268 non
3320 4229 3417 4267 ex-

1841 4315 2017 4369 hibuit
2040 4325 2291 4368 naturam
2324 4312 2565 4377 luminis,
2599 4313 2692 4366 sed
2722 4319 2777 4364 et
2805 4311 2974 4378 magis
3009 4309 3244 4377 ipsarum
3272 4314 3416 4357 tene-

1838 4406 2059 4459 brarum
2098 4413 2348 4457 naturam
2381 4403 2620 4472 negavit.
2664 4398 2990 4456 Immortalis
3017 4397 3162 4451 enim
3192 4395 3412 4460 dicitur,

1837 4497 1962 4565 quia
1995 4511 2100 4550 non
2124 4496 2408 4561 morietur,
2442 4505 2495 4550 ει
2521 4495 2864 4560 incorruptus
2894 4492 3018 4561 quia
3047 4504 3152 4543 non
3176 4502 3415 4542 corrum-

1837 4588 2001 4655 pitur.
2030 4584 2149 4640 Non
2191 4597 2370 4650 natus,
2413 4585 2504 4654 qui
2529 4584 2741 4638 initium
2775 4597 2880 4637 non
2909 4579 3091 4634 habet.
3128 4576 3252 4631 Haec
3289 4589 3411 4630 om-

1835 4677 1923 4731 nia
1953 4692 2059 4732 non
2091 4674 2220 4746 quid
2255 4685 2336 4730 est
2374 4675 2516 4730 Deus
2546 4674 2700 4739 dicit,
2747 4672 2843 4727 sed
2891 4670 3020 4741 quid
3050 4676 3285 4727 nonest.
3330 4665 3410 4723 lta

1836 4784 1935 4839 per
1967 4783 2032 4822 ea
2063 4783 2184 4838 quae
2217 4769 2448 4823 dicimus
2485 4767 2604 4822 sine
2636 4763 3084 4834 interpretatione
3123 4776 3245 4814 eum
3275 4775 3412 4815 con-

1831 4861 2068 4918 ﬁtemur.
2103 4860 2163 4915 Si
2199 4861 2494 4916 dixerimus
2522 4872 2644 4913 eum
2670 4858 2876 4914 fontem
2912 4854 3181 4917 veritatis,
3216 4867 3412 4908 nomen

1831 4951 2116 5006 veritatem
2139 4966 2246 5006 non
2272 4949 2511 5005 exhibet.
2555 4947 2662 5003 Sed
2687 4949 2812 5017 quia
2838 4963 2946 5001 non
2971 4945 3232 5000 habemus
3267 4941 3412 5010 quod

1831 5043 2098 5110 dicamus,
2142 5058 2210 5098 ex
2266 5044 2351 5098 his
2396 5057 2517 5111 qua:
2565 5043 2830 5096 habemus
2868 5038 3136 5100 dicamus,
3182 5035 3411 5087 mutuati

1832 5133 2024 5188 alienis
2057 5133 2367 5188 nominibus
2403 5131 2517 5204 (95)
2552 5134 2752 5187 utimur
2789 5146 2802 5181 :
2845 5127 2966 5182 fons
2988 5127 3131 5181 enim
3159 5123 3400 5191 agnosci-

1835 5233 1923 5278 tur
1961 5223 2103 5279 unde
2133 5232 2238 5290 est,
2268 5224 2410 5280 Deus
2439 5233 2618 5277 autem
2655 5235 2762 5276 non
2800 5219 2963 5275 habet
2992 5216 3164 5280 unde;
3197 5223 3252 5267 et
3292 5212 3413 5266 fons

233 5411 277 5442 ⁸⁷
304 5409 408 5465 lsa.
435 5426 554 5476 LIII,
581 5411 637 5467 8.
713 5409 759 5442 ⁸⁸
791 5409 809 5463 l
834 5410 958 5465 Cor.
985 5423 1105 5478 vm,
1128 5419 1180 5465 ι).
1256 5407 1299 5441 ⁸⁸
1330 5407 1522 5464 Matth.
1551 5423 1632 5475 x1,
1657 5407 1746 5464 27.

1847 5411 1866 5442 °
1900 5407 2029 5463 ibid.
2105 5408 2148 5439 ⁹¹
2172 5407 2330 5464 Joan.
2354 5423 2456 5475 xu,
2481 5407 2572 5462 49.
2647 5407 2692 5439 ⁹¹
2716 5406 2738 5459 l
2762 5404 2888 5461 Cor.
2930 5418 3042 5466 xw,
3067 5401 3160 5457 '55.

256 5526 345 5593 92)
381 5524 753 5598 Principalem,
780 5527 1103 5598 ἀρχέτυπον.

258 5598 347 5667 95)
378 5597 598 5661 lucum,
632 5613 728 5664 pro
753 5596 908 5654 ineo.
951 5598 992 5651 ll
1018 5599 1144 5652 Cor.
1174 5612 1291 5661 xm,
1319 5596 1381 5650 ιε
1411 5597 1490 5649 An
1524 5597 1730 5663 experi-

159 5666 393 5751 mentum
421 5666 660 5738 quwritis
686 5669 798 5738 ejus
832 5670 918 5740 qui
947 5670 1000 5725 in
1023 5685 1102 5725 me
1128 5668 1357 5740 loquitur
1391 5667 1667 5723 Christus?

1905 5525 2018 5598 (94)
2270 5523 2429 5598 Pater
2453 5534 2549 5598 est,
2581 5532 2636 5598 ut
2657 5522 2810 5598 dicis.

1905 5525 1994 5598 (94
2046 5525 2143 5581 Ms.
2168 5525 2237 5578 Et
2270 5525 2429 5578 Pater
2453 5534 2549 5584 est,
2581 5532 2636 5574 ut
2657 5525 2810 5575 dicis.

1905 5525 2018 5670 (95;
2049 5596 2146 5654 Ms.
2179 5596 2439 5652 Humatis
2466 5594 2652 5650 alienis
2679 5589 2995 5646 nominibus.
