3822 6218
478 314 494 367 Ι
507 313 612 368 065

1176 309 1442 364 EUSEBII
1480 308 1948 365 CAESARIENSIS
1984 311 2136 369 OPP.
2179 310 2359 367 PARS
2396 311 2488 370 IV.
2529 343 2598 354 -—-
2631 311 3060 368 DOGMATICA.

3598 312 3732 368 1064

468 439 682 485 meatus
706 441 868 496 supra
899 433 1107 481 meatus
1129 425 1377 489 eﬁ'undit,
1407 427 1544 482 Deus
1570 436 1748 481 autem
1773 429 1824 482 in
1849 428 2123 498 eoipso.A
2147 445 2308 498 qnem
2349 439 2475 486 sunt
2516 439 2732 486 cuncta.
2776 430 2890 484 Non
2918 439 3001 486 est
3028 447 3190 484 untnn
3228 446 3294 486 ex
3342 431 3623 495 omnibus,
3645 436 3729 488 sed

465 521 610 590 quod
642 529 726 574 est
759 526 942 572 manet
969 537 982 572 :
1020 533 1193 578 neque
1215 519 1359 572 enim
1396 535 1498 573 vox
1523 520 1854 575 conveniens
1888 523 2044 576 inve-

465 615 635 679 nitur,
667 624 839 678 neque
883 611 1222 679 comparatio
1267 612 1588 677 perveniens
1620 612 1686 666 ad
1717 612 1864 666 illam
1889 624 2048 667 natn-

466 719 583 758 ram
608 720 625 758 :
656 703 750 757 sed
774 714 832 756 ut
855 717 959 756 non
987 711 1260 756 taceamus
1283 701 1598 770 colligentes
1617 719 1736 773 quae
1753 704 2046 769 habemus;

465 811 586 849 cum
619 805 798 848 autem
832 795 1015 848 omnia
1045 794 1361 858 dixerimus,
1402 806 1531 850 tunc
1565 795 1892 852 conﬁtemur
1921 799 2048 866 quia

459 903 582 959 quae
608 888 845 943 dicimus
898 887 1031 942 nihil
1081 886 1336 942 diﬁ'erunt
1374 902 1405 941 a
1449 889 1840 944 taciturnitate.
1886 889 2050 946 Pater

460 997 530 1034 es
559 994 626 1035 eo
677 980 994 1049 agnoscitur
1036 979 1206 1050 ﬁgura
1237 981 1382 1049 quod
1415 989 1500 1035 est
1540 996 1646 1036 non
1675 992 1853 1037 natus.
1896 981 2050 1038 Unus

459 1073 605 1127 enim
629 1083 712 1126 est
743 1072 879 1141 ipse,
911 1073 1003 1141 qui
1035 1088 1140 1126 non
1165 1081 1249 1126 est
1283 1074 1350 1126 ab
1381 1072 1489 1127 alio
1534 1091 1548 1127 :
1584 1090 1724 1128 unus
1759 1084 1843 1129 est
1865 1077 1957 1146 qui
1979 1092 2049 1131 ex

459 1179 525 1217 eo
551 1165 694 1233 quod
722 1180 828 1217 non
852 1175 1009 1218 natus
1037 1175 1121 1218 est
1142 1165 1474 1234 agnoscitur.
1503 1163 1619 1219 Non
1653 1165 1821 1220 frater
1841 1167 1912 1232 ei,
1943 1182 2049 1221 non

460 1255 625 1311 Pater
653 1255 858 1321 Patris,
907 1258 1002 1312 sed
1056 1256 1350 1324 singularis
1402 1266 1594 1310 natura
1643 1268 1770 1312 est:
1819 1269 1873 1312 et
1903 1259 1956 1312 in
1985 1274 2048 1314 ea

462 1350 608 1418 quod
645 1364 748 1403 non
785 1359 947 1403 natus
984 1359 1084 1414 est,
1114 1363 1242 1402 vere
1268 1348 1415 1403 solus
1449 1351 1779 1416 oswnditur,
1813 1366 1921 1405 non
1950 1366 2049 1404 na-

464 1455 553 1498 tus
592 1441 751 1496 Pater
786 1461 799 1496 :
849 1443 916 1496 ab
969 1442 1071 1496 hoc
1112 1455 1243 1496 sane
1278 1459 1384 1497 non
1435 1453 1565 1499 nato
1609 1455 1862 1498 manente
1903 1444 2051 1512 quod

463 1545 549 1589 est
601 1533 889 1598 indivisus,
944 1533 1230 1600 inscissus,
1284 1535 1619 1604 impartitus,
1680 1536 2047 1604 itnpassibilis,

463 1627 780 1696 unigenitus
817 1637 904 1681 est
933 1624 1102 1680 Filius
1135 1638 1293 1681 natus
1323 1644 1338 1681 :
1367 1643 1540 1697 neque
1562 1628 1701 1682 alins
1721 1639 1802 1683 est
1827 1645 1931 1685 non
1963 1645 2053 1682 na-

465 1727 574 1783 tus,
624 1734 799 1789 neque
835 1719 972 1773 alius
1024 1719 1370 1788 unigenitus;
1426 1724 1518 1775 sed
1560 1738 1700 1776 unus
1743 1737 1848 1777 non
1896 1733 2051 1779 natus

463 1810 647 1878 Pater,
681 1821 736 1864 et
769 1827 908 1866 unus
936 1812 1246 1880 unigenitus
1264 1813 1453 1868 Filius.
1486 1814 1607 1868 "33c
1633 1831 1736 1869 non
1761 1832 1857 1870 nos
1889 1817 2052 1870 extol-

465 1902 600 1968 lunt,
650 1902 909 1955 memoria
944 1901 1088 1956 illius
1137 1904 1276 1958 beati
1313 1905 1436 1957 viri.
1475 1905 1690 1960 Utinam
1746 1919 1923 1962 autem
1979 1910 2051 1962 ita

463 1993 666 2058 possim
699 1991 897 2057 dicere,
922 2002 984 2045 ut
1014 1993 1290 2047 vobiscum
1319 2009 1532 2063 semper
1554 1997 1621 2048 ab
1649 1997 1840 2051 eodem
1867 1998 2053 2053 audie-

463 2081 606 2134 batn.
654 2081 760 2136 Sed
807 2097 870 2136 ea
899 2099 1016 2152 qua:
1054 2099 1198 2138 nunc
1225 2086 1504 2150 dicuntur,
1542 2087 1616 2140 illi
1650 2089 1846 2157 placita
1886 2090 2051 2144 fuisse

463 2174 738 2227 videntur.
783 2173 964 2229 Gloria
1006 2177 1150 2229 enim
1175 2188 1260 2232 est
1285 2178 1577 2246 proborum
1609 2196 1890 2234 servorum
1919 2198 2046 2238 vera

462 2265 530 2318 de
560 2253 785 2319 Domino
811 2265 992 2320 dicere
1017 2283 1031 2318 :
1063 2275 1120 2320 et
1148 2267 1322 2322 honor
1343 2283 1530 2322 eorum
1557 2282 1770 2339 patrum
1795 2273 1885 2340 qui
1911 2272 2049 2326 bene

463 2356 788 2422 docuerunt,
812 2358 857 2412 si
893 2368 1210 2427 repetantur
1239 2376 1426 2415 eorum
1463 2363 1739 2418 doctrinae.
1769 2362 1920 2420 Unus
1943 2365 2046 2435 igi-

462 2458 556 2502 tur
594 2457 678 2504 est
711 2465 818 2504 non
850 2461 1010 2504 natus
1036 2452 1178 2506 Deus
1216 2471 1230 2507 :
1271 2469 1425 2506 serva
1459 2453 1568 2524 (96)
1601 2471 1705 2508 non
1733 2465 1893 2511 natus
1918 2473 2043 2512 cum

466 2541 648 2609 Patre,
683 2553 738 2597 et
771 2557 876 2598 non
903 2545 1126 2600 habebis
1151 2546 1205 2599 in
1237 2548 1419 2601 anima
1444 2547 1812 2603 confusionem
1845 2564 2043 2605 :serva

465 2633 776 2703 unigenitus
813 2648 935 2688 cum
965 2634 1118 2702 Filio,
1147 2644 1198 2690 et
1227 2650 1331 2690 non
1362 2637 1684 2702 turbaberis,
1738 2652 1912 2706 neque
1928 2638 2042 2707 jam

463 2729 574 2782 eris
598 2726 838 2781 incertus
877 2729 1330 2796 quemadmodum
1362 2729 1502 2782 Deus
1551 2740 1605 2782 et
1638 2729 1799 2796 Dens,
1835 2742 1891 2785 et
1933 2747 2042 2787 non

469 2815 586 2871 Dei.
628 2816 766 2884 Quia
819 2818 966 2872 enim
1004 2819 1204 2872 retines
1229 2834 1368 2873 unus
1404 2818 1544 2873 Deus
1588 2835 1693 2873 non
1750 2831 1931 2888 natus,
1971 2808 2043 2878 ἐι

465 2921 604 2960 unus
633 2908 774 2962 Deus
801 2908 1149 2976 unigenitus;
1180 2909 1298 2963 ideo
1322 2925 1427 2963 non
1452 2911 1548 2974 dii,
1573 2911 1697 2980 quia
1728 2929 1906 2982 neque
1933 2929 2038 2969 non

465 2998 607 3062 nati,
641 3013 814 3068 neque
852 3000 1111 3069 unigeniti
1147 3017 1162 3053 :
1202 3016 1360 3054 serva
1409 3001 1637 3070 ﬁguram
1675 3019 1777 3057 non
1811 3005 1940 3068 nati,
1985 3016 2040 3061 et

2149 539 2245 592 per
2263 538 2426 592 quem
2451 532 2580 578 sunt
2623 524 2806 578 omnia
2836 541 2850 578 :
2885 524 3002 592 ipse
3024 539 3052 576 a
3079 522 3239 578 Patre
3285 523 3456 579 habet
3483 527 3630 593 quod
3657 537 3732 580 est

2150 615 2322 670 haeres
2356 633 2370 670 :
2401 630 2506 668 non
2535 625 2618 670 est
2651 632 2716 670 ex
2751 617 3086 671 haereditate.
3111 616 3416 673 Consessor
3440 632 3553 671 non
3571 630 3650 671 est
3669 635 3733 672 ex

2149 707 2356 778 angelis
2389 708 2480 777 qui
2513 708 2752 774 adstant,
2803 723 2979 776 neque
3019 725 3084 764 ex
3127 709 3473 780 archangelis
3513 728 3530 763 :
3582 710 3735 774 iudex

2149 801 2390 855 onmium
2420 816 2524 854 non
2550 811 2634 857 est
2666 817 2806 858 unus
2834 819 2901 858 ex
2932 803 3015 858 his
3054 803 3144 871 qui
3178 802 3518 872 jndicantur.
3557 802 3634 856 Ne
3661 812 3740 855 at-

2151 897 2339 952 trahas
2378 909 2628 952 naturam
2668 914 2792 970 quae
2835 915 2940 954 non
2975 901 3206 962 accedit,
3255 915 3432 968 neque
3469 901 3737 967 pervenit.

2151 987 2321 1054 Quem
2347 1005 2413 1043 ex
2455 991 2556 1044 hoc
2590 990 2848 1045 debemus
2875 1006 3071 1057 nosse;
3112 991 3240 1060 quia
3272 992 3651 1059 unusquisque
3673 996 3742 1044 ei

2154 1081 2238 1134 bis
2281 1097 2401 1150 quae
2443 1083 2594 1147 dicit,
2658 1095 2751 1138 aut
2807 1083 3126 1154 sibimetipsi
3170 1085 3391 1153 prodest
3429 1095 3528 1138 aut
3576 1084 3741 1136 laedit.

2153 1171 2260 1226 Res
2301 1175 2444 1228 enim
2475 1191 2539 1230 ex
2577 1177 2778 1231 nostris
2829 1178 3166 1231 sermonibus
3207 1192 3314 1232 non
3356 1175 3741 1230 transferetur.

2152 1263 2286 1330 Quia
2318 1267 2478 1335 igitur
2514 1265 2683 1322 Judaei
2715 1283 2818 1321 non
2864 1267 3188 1322 conﬁtentur
3220 1267 3438 1330 Filium,
3478 1282 3591 1321 non
3620 1266 3744 1320 ideo

2154 1374 2259 1412 non
2285 1369 2368 1412 est
2395 1358 2582 1414 Filius.
2619 1358 2887 1414 Judicabit
2924 1361 3068 1415 enim
3091 1374 3186 1414 eos
3209 1360 3302 1429 qui
3333 1375 3440 1413 non
3472 1359 3740 1414 conﬁten-

2155 1459 2244 1504 tur
2267 1465 2391 1504 eum
2424 1468 2439 1504 :
2469 1450 2593 1518 quia
2628 1451 2844 1519 quidem
2887 1466 3083 1506 novum
3111 1450 3251 1504 istud
3280 1449 3631 1519 sacrilegium
3657 1450 3745 1502 in-

2157 1544 2806 1608 troduxeruntdicentes.
2851 1546 3104 1600 eumdem
3149 1545 3322 1613 ipsum
3352 1558 3475 1598 esse
3519 1543 3744 1596 Patrem

2156 1651 2314 1704 quem
2341 1648 2394 1690 et
2422 1636 2618 1690 Filium
2655 1655 2670 1692 :
2710 1653 2885 1702 neque
2914 1635 3128 1692 Patrem
3153 1636 3366 1691 Patrem
3403 1637 3609 1701 dicent,
3651 1653 3747 1690 ne-

2157 1740 2262 1795 que
2283 1726 2476 1779 Filium
2507 1725 2706 1781 Filium
2734 1746 2746 1781 :
2787 1727 2878 1780 sed
2909 1727 3206 1781 secundum
3237 1729 3476 1796 ipsorum
3509 1727 3746 1781 sacrile-

2153 1819 2296 1886 gium
2323 1817 2453 1871 nihil
2477 1832 2717 1884 prorsus.
2744 1817 2960 1872 Sienim
2986 1818 3145 1872 Pater
3167 1833 3271 1872 non
3297 1830 3382 1872 est
3405 1818 3587 1884 Pater,
3615 1821 3746 1887 quia

2155 1908 2268 1977 ipse
2297 1916 2380 1962 est
2411 1918 2465 1962 et
2489 1906 2678 1970 Filius,
2725 1917 2783 1961 ut
2827 1908 2923 1975 ipsi
2955 1906 3302 1976 ﬂagitantur;
3345 1919 3400 1961 et
3432 1906 3605 1962 Filius
3635 1923 3745 1960 non

2152 1999 2345 2064 Filius,
2367 2000 2492 2069 quia
2523 2001 2634 2069 ipse
2665 2009 2749 2053 est
2774 1998 2936 2052 Pater
2966 2018 2978 2052 :
3009 2014 3174 2068 prope
3203 2008 3286 2052 est
3328 2009 3388 2051 ut
3417 1999 3605 2052 dicant
3650 2014 3744 2053 nc-

2150 2107 2257 2161 que
2286 2090 2500 2146 Patrem
2526 2106 2670 2154 esse,
2703 2105 2878 2159 neque
2909 2089 3103 2144 Filium
3139 2108 3153 2144 :
3184 2099 3242 2143 ut
3274 2105 3439 2143 unum
3468 2088 3623 2144 enim
3661 2089 3743 2143 fa-

2147 2185 2292 2240 ciunt
2325 2185 2467 2252 quod
2497 2200 2601 2238 non
2640 2183 2716 2236 ﬁt.
2755 2182 2888 2249 Quis
2913 2184 3056 2237 enim
3096 2181 3295 2251 poterit
3319 2181 3508 2235 audire
3559 2181 3743 2250 ipsum

2148 2293 2208 2332 se
2229 2278 2333 2332 sibi
2365 2291 2486 2331 esse
2530 2276 2787 2330 Patrem?
2827 2276 2948 2345 quis
2999 2277 3196 2346 poterit
3229 2274 3442 2328 Patrem
3474 2275 3659 2342 ipsum
3689 2290 3747 2328 se

2147 2371 2252 2426 sibi
2288 2385 2408 2425 esse
2457 2369 2692 2424 Filium?
2743 2367 2798 2423 Si
2850 2369 2995 2422 enim
3049 2368 3268 2422 voluero
3304 2377 3515 2421 mutare
3551 2381 3744 2421 vocem

2146 2479 2344 2527 meam,
2381 2479 2485 2517 non
2517 2473 2754 2516 mutatur
2780 2471 3016 2515 vestrum
3046 2460 3396 2530 propositum.
3427 2459 3623 2513 Nonne
3650 2475 3746 2528 pu-

2147 2559 2274 2610 tatis
2300 2571 2383 2609 me
2419 2555 2593 2608 aliena
2637 2554 2820 2622 loqui?
2849 2553 3037 2607 Dicam
3069 2567 3200 2623 ergo
3222 2552 3382 2606 Pater
3415 2567 3522 2605 non
3550 2549 3744 2614 Pater,

2144 2655 2201 2700 et
2227 2645 2400 2699 Filius
2442 2660 2545 2698 non
2575 2643 2763 2697 Filius.
2805 2642 2938 2696 Nam
2966 2652 3020 2697 et
3056 2643 3101 2696 si
3127 2644 3335 2706 dixero,
3372 2645 3488 2710 ipse
3517 2641 3626 2695 sibi
3664 2652 3748 2695 est

2143 2737 2324 2802 Pater,
2355 2747 2408 2790 et
2432 2738 2544 2807 ipse
2563 2737 2663 2790 sibi
2690 2746 2772 2790 est
2803 2735 3004 2800 Filius;
3033 2750 3212 2789 nonne
3240 2734 3518 2789 insaniam
3548 2739 3745 2790 statim

2143 2829 2450 2900 signiﬁcant
2475 2845 2754 2884 sermones
2794 2829 2935 2882 mei?
2970 2828 3062 2881 sed
3094 2843 3180 2882 me
3221 2842 3325 2880 non
3365 2837 3580 2880 tantum
3623 2844 3745 2881 mo-

2143 2931 2306 2977 veant
2339 2921 2623 2975 adversum
2669 2935 2766 2975 eos
2793 2920 2885 2988 qui
2911 2919 3185 2980 dixerunt,
3242 2925 3507 2986 quantum
3557 2930 3744 2974 movet

2141 3020 2194 3065 ει
2223 3010 2486 3065 adversus
2515 3023 2612 3064 eos
2643 3010 2735 3078 qui
2789 3008 3069 3077 patiuntur
3111 3023 3124 3058 :
3153 3007 3558 3062 calumniantur
3593 3011 3746 3063 enim

462 3089 724 3147 conﬁtere
753 3091 979 3162 ﬁguram
1009 3093 1298 3162 unigeniti,
1350 3103 1405 3147 et
1443 3095 1584 3148 nulla
1635 3096 1845 3151 turbela
1871 3108 1953 3152 est
1983 3099 2037 3153 in
2067 3128 2110 3186 ο
2145 3101 2212 3154 ab
2258 3100 2450 3154 iisdem
2500 3108 2554 3153 et
2606 3097 2918 3170 Scriptum.
2977 3093 3090 3164 Ego
3131 3112 3150 3148 :
3180 3105 3304 3150 tene
3329 3095 3463 3165 Ego,
3500 3105 3557 3150 et
3584 3112 3747 3152 serva

467 3183 670 3248 medio,
704 3199 808 3238 non
837 3184 924 3248 lis,
959 3199 1065 3239 non
1111 3188 1409 3254 contentio,
1440 3204 1547 3243 non
1574 3190 1831 3258 jurgium.
1881 3189 2044 3246 Pater

469 3287 577 3326 non
604 3273 707 3328 sibi
737 3275 965 3329 ascribit
1012 3273 1226 3330 Patrem
1270 3293 1285 3334 :
1325 3278 1496 3334 Filius
1522 3295 1661 3334 unus
1689 3281 1790 3335 sibi
1826 3284 2048 3338 ascribit

467 3361 683 3419 Patrem
717 3383 732 3420 :
763 3365 925 3422 Pater
948 3383 977 3422 a
1018 3368 1168 3423 nullo
1197 3379 1304 3436 est,
1339 3369 1506 3426 Filius
1535 3374 1602 3427 ab
1629 3389 1736 3428 uno
1761 3384 1844 3428 est
1864 3375 2044 3431 Patre.

467 3455 910 3528 Nonsuscipiunt
941 3461 1056 3515 haec
1077 3461 1249 3528 litem,
1273 3456 1367 3517 aut
1388 3463 1590 3519 habent
1619 3465 2042 3522 dubitationem:

466 3549 536 3604 Ut
565 3564 882 3622 cognoscant
916 3563 964 3609 te
1006 3555 1174 3610 solum
1209 3573 1384 3611 verum
1435 3557 1605 3612 Deum
1630 3559 1677 3590 "
1710 3578 1724 3614 :
1771 3577 1875 3616 non
1919 3563 2046 3632 quia

465 3661 573 3699 non
598 3660 722 3700 vere
743 3655 826 3700 est
854 3647 1159 3717 unigenitus
1184 3647 1355 3705 Filius
1375 3649 1491 3716 Dei,
1523 3653 1618 3707 sed
1642 3653 1767 3724 quia
1789 3668 1819 3707 a
1853 3665 2049 3709 semet-

463 3736 599 3805 ipso,
629 3747 684 3791 et
726 3753 790 3792 ex
823 3740 1134 3808 semetipso,
1164 3750 1217 3794 et
1259 3755 1354 3809 per
1377 3744 1746 3813 semetipsum,
1785 3745 1831 3798 si
1869 3754 2047 3800 tamen

464 3831 538 3882 ita
566 3830 673 3884 dici
699 3831 857 3885 debet
888 3849 900 3886 :
935 3830 1056 3886 fons
1077 3841 1133 3887 et
1160 3833 1484 3902 principium
1509 3836 1751 3889 omnium
1784 3837 2046 3891 bonorum

463 3930 546 3975 est
585 3919 765 3986 Pater,
797 3923 888 3990 qui
925 3925 1110 3992 genuit
1145 3924 1303 3979 talem
1334 3927 1527 3979 bonam
1578 3928 1906 3997 progeniem.
1941 3927 2048 3981 Bo-

467 4028 568 4065 nus
593 4015 736 4066 enim
772 4013 939 4068 Filius
963 4028 1068 4080 est,
1092 4015 1186 4070 sed
1209 4017 1352 4070 cedit
1381 4019 1677 4072 bonitatem
1708 4035 1808 4073 suo
1843 4022 2048 4090 genito-

465 4103 535 4165 ri,
565 4117 669 4156 non
695 4105 961 4160 mentiens
981 4105 1074 4160 sed
1096 4106 1272 4161 sciens
1292 4109 1434 4163 unde
1455 4118 1556 4162 est.
1587 4108 1717 4163 Sine
1745 4111 2044 4181 principio:

462 4194 792 4263 principium
825 4206 1002 4251 autem
1030 4197 1151 4251 dico
1186 4214 1290 4252 non
1325 4209 1644 4269 temporum,
1682 4217 1785 4254 non
1825 4204 2047 4259 saeculo-

466 4301 625 4353 rum;
663 4287 778 4342 haec
812 4289 956 4342 enim
981 4303 1078 4357 per
1112 4287 1308 4343 Filium
1341 4291 1481 4346 faeta
1512 4305 1659 4353 sunt,
1700 4304 1753 4348 et
1788 4311 1891 4348 non
1921 4311 2046 4351 cum

461 4377 602 4434 Filio
666 4389 789 4433 nata
845 4396 859 4433 :
919 4394 1026 4433 non
1093 4388 1302 4434 tantum
1375 4382 1518 4435 enim
1581 4398 1688 4438 non
1759 4393 1885 4440 ante
1955 4385 2046 4440 Fi-

2147 3191 2583 3260 conjunctionem
2627 3209 2640 3244 :
2680 3189 2793 3259 Ego
2831 3199 2879 3244 et
2925 3189 3089 3242 Pater
3125 3206 3286 3242 unum
3316 3206 3501 3244 sumus
3525 3191 3596 3244 ".
3625 3189 3742 3245 Non

2148 3295 2328 3338 tamen
2376 3299 2480 3338 non
2525 3297 2737 3337 sumus.
2789 3282 3072 3337 Contraria
3118 3283 3264 3336 enim
3321 3283 3746 3350 importunitate

2149 3373 2306 3442 plena
2334 3385 2480 3427 sunt.
2530 3372 2699 3427 Filius
2747 3373 2898 3438 dicit,
2953 3373 3094 3443 Ego;
3131 3374 3218 3428 ille
3247 3373 3398 3438 dicit,
3444 3373 3566 3427 Non
3605 3388 3740 3442 ego:

2148 3465 2317 3519 Filius
2351 3465 2502 3528 dicit,
2531 3473 2586 3519 et
2634 3463 2825 3528 Pater;
2875 3465 2965 3518 ille
2989 3466 3139 3529 dicit,
3182 3479 3286 3518 non
3316 3463 3499 3519 Pater.
3535 3465 3736 3530 Unum,

2151 3557 2345 3626 inquit,
2377 3572 2593 3621 sumus;
2632 3566 2685 3610 et
2711 3557 2800 3610 ille
2835 3565 3046 3620 contra,
3076 3572 3180 3611 non
3217 3573 3422 3613 sumus.
3474 3560 3584 3612 Aut
3611 3560 3740 3629 quid

2149 3649 2410 3718 scriptum
2439 3648 2567 3702 est?
2593 3656 2688 3702 aut
2717 3648 2846 3716 quid
2877 3648 3159 3703 delemus?
3185 3660 3278 3704 aut
3300 3650 3430 3718 quid
3465 3651 3742 3722 legimus?

2149 3750 2242 3794 aut
2271 3742 2400 3810 quid
2429 3741 2804 3810 agnoscimus?
2833 3741 2943 3810 Ego
2978 3742 3031 3795 in
3061 3741 3224 3797 Patre
3269 3753 3321 3797 et
3340 3743 3505 3798 Pater
3542 3745 3598 3797 in
3631 3759 3737 3798 me.

2150 3833 2267 3888 Non
2300 3843 2478 3888 tamen
2505 3833 2630 3903 quia
2664 3848 2836 3902 neque
2865 3849 2987 3903 ego,
3025 3849 3200 3904 neque
3224 3833 3386 3889 Pater
3417 3856 3428 3889 :
3471 3837 3740 3904 quemad-

2151 3926 2367 3980 modum
2410 3935 2592 3979 autem
2639 3924 2800 3980 Pater
2836 3926 2891 3979 in
2943 3925 3102 3990 Filio,
3152 3936 3205 3980 et
3234 3925 3406 3981 Filius
3463 3928 3517 3980 in
3551 3926 3736 3992 Patre,

2151 4016 2384 4070 maxime
2405 4017 2624 4086 quidem
2646 4031 2745 4070 cur
2767 4018 2933 4070 audes
2961 4017 3241 4084 quaerere?
3268 4018 3315 4071 is
3329 4017 3476 4070 enim
3504 4019 3602 4087 qui
3627 4019 3736 4088 (97)

2149 4117 2232 4162 est
2258 4112 2311 4161 in
2341 4121 2406 4162 eo
2437 4108 2527 4176 qui
2575 4117 2677 4171 est,
2733 4122 2835 4161 non
2872 4108 2997 4176 quia
3026 4122 3130 4161 non
3173 4109 3598 4180 est'dvandpxst
3629 4130 3642 4166 :
3674 4129 3736 4166 an

2149 4200 2274 4268 quia
2305 4215 2408 4253 non
2433 4209 2512 4254 est
2545 4199 2707 4254 Pater
2737 4212 2794 4253 ut
2825 4201 2896 4254 sit
2939 4202 2990 4253 in
3025 4200 3161 4254 Filio
3183 4201 3529 4272 ἀνυπάρχειῖ
3559 4220 3739 4274 neque

2149 4309 2254 4348 non
2285 4302 2367 4348 est
2395 4293 2562 4347 Filius
2592 4293 2683 4362 qui
2717 4301 2798 4346 est
2833 4295 2882 4345 in
2917 4293 3081 4348 Patre
3109 4293 3405 4364 signiﬁcat.
3451 4297 3737 4364 Siquidem

2149 4393 2205 4438 et
2239 4383 2466 4453 apostoli
2499 4384 2784 4437 duodecim
2815 4399 2978 4437 unum
3011 4393 3157 4447 sunt,
3190 4394 3246 4438 et
3275 4387 3650 4454 septuaginta,
3687 4397 3738 4441 et

460 4471 592 4526 lium
631 4512 648 4538 ,
701 4481 758 4525 ut
806 4471 853 4525 si
908 4471 1066 4525 aliter
1119 4471 1249 4541 quid
1311 4472 1659 4529 introducere
1719 4491 1840 4529 cum
1903 4475 2040 4532 Filio
2072 4461 2119 4516 Ῑ)
2147 4476 2448 4547 quingenti,
2495 4485 2549 4530 et
2602 4485 2711 4529 tota
2751 4475 2987 4530 Ecclesia
3033 4491 3221 4528 unum.
3260 4475 3326 4528 Et
3355 4491 3423 4529 ne
3457 4487 3623 4545 putes
3654 4493 3737 4532 me

461 4563 734 4627 volueris,
790 4577 896 4617 non
949 4563 1186 4618 salvabis
1264 4563 1596 4633 unigenitum
1631 4608 1646 4632 ,
1728 4569 1822 4622 sed
1897 4569 2039 4623 sicut

407 4671 416 4678 ·
460 4654 622 4709 Pater
654 4655 801 4710 solus
850 4669 955 4710 non
1005 4665 1164 4710 natus
1208 4667 1315 4723 est,
1362 4667 1418 4710 ει
1476 4659 1523 4713 si
1579 4659 1784 4716 dixeris
1837 4657 2034 4717 Filium

459 4761 566 4800 non
621 4757 828 4812 natum,
869 4747 1191 4816 periclitaris
1258 4749 1324 4802 de
1372 4763 1438 4803 eo
1493 4752 1636 4820 quod
1690 4752 1826 4807 dicis
1875 4768 1891 4806 :
1960 4753 2037 4808 ita

461 4839 507 4893 si
563 4838 690 4908 quid
737 4841 1134 4906 computaveris
1167 4857 1289 4895 cum
1343 4841 1639 4910 unigenito,
1671 4845 1798 4913 quid
1852 4845 2037 4915 loque-

460 4932 538 4986 ris
563 4932 799 5001 ignoras.
842 4929 990 4986 Unus
1014 4915 1156 4985 enim
1191 4943 1276 4986 est
1307 4949 1415 4988 non
1449 4944 1628 5001 natus,
1663 4945 1718 4990 et
1750 4937 1857 4992 noli
1886 4953 2035 5008 qua:-

459 5037 582 5077 rere
607 5022 769 5076 alium
824 5037 931 5076 non
989 5035 1170 5077 natum
1211 5043 1225 5080 :
1265 5041 1404 5080 unus
1451 5029 1782 5097 unigenitus,
1827 5039 1883 5085 et
1927 5032 2036 5086 noli

459 5128 702 5183 quaerere
727 5114 890 5168 alium
918 5114 1131 5182 Filium,
1163 5131 1228 5170 ne
1261 5119 1624 5189 interrumpas
1649 5121 1980 5190 unigenitum
2017 5141 2031 5176 :

460 5205 766 5274 unigenitus
795 5207 939 5259 enim
976 5222 1082 5262 non
1124 5217 1207 5262 est
1255 5223 1421 5264 unum
1452 5225 1518 5265 ex
1545 5214 1775 5280 cunctis,
1806 5213 1900 5269 sed
1939 5230 2037 5285 per

2145 4571 2210 4624 ad
2250 4569 2482 4622 humana
2511 4568 2781 4623 deducere
2809 4569 2991 4623 divina
3031 4584 3046 4621 :
3081 4568 3175 4621 sed
3205 4568 3408 4622 utimur
3445 4583 3736 4638 compara-

2146 4661 2387 4716 tionibus
2422 4675 2545 4714 cum
2595 4661 2928 4731 indulgentia
2971 4661 3111 4730 apud
3159 4659 3379 4727 fratres,
3423 4671 3481 4715 et
3515 4672 3736 4717 maneat

2146 4755 2288 4810 Deus
2332 4765 2391 4808 ut
2435 4764 2534 4807 est.
2573 4754 2780 4808 Tamen
2817 4755 2862 4808 si
2915 4752 3217 4808 dixerimus
3269 4754 3732 4820 quemadmodum

2138 4845 2314 4899 omnis
2349 4845 2590 4899 Ecclesia
2623 4859 2744 4913 quas
2791 4847 2993 4914 ubique
3039 4859 3145 4912 est,
3177 4861 3344 4899 unum
3375 4863 3580 4916 corpus
3614 4859 3726 4913 est;

2138 4937 2316 4992 nullus
2355 4937 2721 5005 reprehendat
2753 4954 2769 4991 :
2821 4939 2945 5005 quia
2991 4952 3097 4991 non
3137 4941 3403 4991 mentitur
3467 4942 3608 4994 Deus
3639 4942 3726 5010 qui

2138 5029 2274 5082 dixit
2305 5047 2317 5082 :
2352 5027 2464 5098 Ego
2496 5030 2552 5082 in
2584 5032 2731 5097 ipsis,
2762 5041 2809 5082 ει
2831 5042 2889 5084 tu
2911 5033 2965 5083 in
2987 5048 3067 5085 me
3088 5031 3155 5084 θ’.
3189 5030 3305 5085 Νοη
3337 5033 3468 5101 quia
3494 5037 3727 5104 abnega-

2139 5125 2340 5176 tionem
2377 5121 2554 5177 Patris
2601 5124 2886 5193 irreligiosi
2943 5139 3220 5178 sermones
3275 5126 3502 5190 docent,
3558 5141 3726 5195 neque

2137 5216 2281 5283 quod
2314 5232 2422 5270 nun
2454 5217 2526 5270 sit
2577 5217 2622 5271 is
2646 5219 2737 5285 qui
2769 5219 2974 5288 genuit,
3031 5233 3208 5287 neque
3248 5220 3590 5286 spretionem
3614 5220 3724 5288 ejus

526 5321 573 5352 ”
594 5321 747 5376 Joan.
783 5337 916 5386 xvu,
950 5322 1036 5375 l5.
1114 5322 1160 5352 “
1188 5321 1345 5379 Joan.
1377 5339 1431 5390 χ,
1463 5324 1553 5380 '50.
1629 5325 1676 5357 "
1701 5323 1858 5381 Joan.
1887 5341 2025 5392 xvtt,
2057 5325 2147 5380 25.

531 5455 641 5548 (9ι5)
672 5473 852 5548 δεῖρε.
879 5473 1330 5548 Τήρειηοὺεενυα.
1365 5479 1475 5531 Aut
1503 5479 1666 5534 etiam
1705 5490 1872 5544 tuere,
1909 5482 2033 5534 reti-

457 5561 541 5597 κε.
572 5545 742 5612 Supra
771 5544 862 5597 lib.
897 5544 1048 5599 ι;⁷“1η
1081 5544 1343 5616 principio
1372 5560 1506 5617 erat,
1539 5566 1686 5604 serva
1720 5552 1859 5619 quod
1891 5562 2024 5616 erat,

457 5625 642 5758 θιῖῷτ)
673 5682 726 5735 Is
751 5691 889 5742 enim
925 5689 1034 5756 qui.
1078 5685 1301 5741 Videtur
1328 5686 1431 5743 hoc
1474 5688 1652 5746 velle:
1693 5693 1737 5745 is
1766 5692 1901 5745 enim
1941 5691 2030 5758 qui

454 5762 529 5806 “est
550 5754 602 5808 in
623 5769 681 5808 eo
707 5758 794 5811 aui
817 5769 914 5814 est.
937 5754 1043 5814 non
1062 5758 1175 5812 ideo
1199 5758 1519 5835 ἁνυπάρχει,
1544 5761 1638 5816 hoc
1663 5773 1760 5826 est,
1787 5778 1888 5816 non
1913 5754 2028 5818 ideo

2135 5499 2240 5559 non
2287 5484 2551 5559 subsistit.
2578 5486 2664 5559 Art
2695 5487 2809 5540 ideo
2849 5483 3009 5540 Pater
3043 5487 3371 5559 dvundpxet,
3420 5506 3522 5543 non
3556 5489 3714 5541 subsi-

2137 5554 2248 5620 stit,
2268 5557 2392 5624 quia
2420 5570 2496 5629 est
2528 5558 2590 5629 in
2615 5555 2760 5629 Filio
2777 5560 2804 5613 ἲ
2835 5559 3042 5629 Igitur“
3068 5554 3244 5629 neque
3265 5554 3448 5612 Filius
3483 5559 3712 5629 ἀνυπὰρέ

2136 5641 2242 5696 χει,
2268 5641 2372 5677 non
2393 5627 2646 5690 subsistit,
2671 5628 2798 5696 quia
2822 5639 2897 5680 est
2926 5629 2980 5680 in
3013 5626 3188 5696 Patre.
3223 5628 3468 5696 Respicit
3500 5633 3564 5682 ad
3591 5626 3709 5682 illud

2134 5695 2488 5820 ggalqé‘xfs,
2517 5708 2571 5754 et
2604 5713 2716 5768 nv,
2743 5697 2834 5765 lO,
2867 5700 2927 5754 ll
2956 5715 2970 5752 :
3000 5695 3166 5753 Pater
3197 5698 3251 5752 in
3287 5695 3371 5754 me
3407 5712 3503 5767 εει,
3535 5715 3584 5759 et
3621 5720 3706 5773 ego
