3822 6218
168 308 314 379 1068

1020 310 1113 371 ne
1150 314 1307 373 nos
1344 300 1717 371 sovsnsus
1750 298 2165 371 suasurum.
2207 344 2272 353 -
2312 308 2445 369 ua.
2478 313 2542 370 ιι.

3300 313 3438 374 1066

167 437 266 508 qui
304 442 389 491 est
416 431 651 505 genitus.
686 428 793 485 Sed
822 431 869 488 si
902 445 1007 488 non
1040 442 1124 486 est
1152 432 1345 491 Filius.
1387 442 1439 489 et
1484 432 1756 503 quomodo
1786 435 1834 492 Α
1864 438 2085 499 propter
2120 438 2392 483 naturam.
2451 428 2531 484 Ex
2574 427 2795 501 Virgine
2836 430 2887 484 itt
2945 431 3253 487 novissimis
3296 441 3437 487 tent-

167 539 303 585 sunt
336 542 398 582 ea
426 540 546 596 qua:
574 540 670 594 per
708 523 903 578 Filium
926 523 1065 579 facta
1098 535 1223 578 sunt
1247 526 1268 578 ?
1294 524 1407 578 Non
1438 536 1521 580 est
1550 524 1755 579 Filius:

167 627 228 671 et
255 632 372 685 qua:
400 625 483 667 est
509 613 671 679 spes?
700 612 813 668 Non
841 623 926 667 est
975 615 1065 682 qui
1090 614 1301 682 judicat
1335 633 1351 670 :
1387 624 1441 668 et
1496 615 1762 684 quemad-

169 709 389 764 modum
418 706 723 779 judicium?
750 706 865 761 Non
888 717 971 761 est
992 708 1081 776 qui
1113 716 1340 761 coronat
1368 727 1380 761 :
1411 720 1466 761 et
1491 708 1761 776 quomodo

170 800 427 855 labores?
456 800 548 856 Est
597 816 735 854 unus
766 815 925 869 quem
969 800 1146 853 nullus
1184 802 1392 869 genuit,
1425 811 1480 854 et
1510 801 1761 868 unigeni-

168 901 262 947 tns
294 908 451 961 quem
484 908 620 947 unus
649 894 854 961 genuit.
886 892 1089 947 Gennit
1121 908 1254 947 sane
1304 893 1712 962 intpassibiliter
1743 909 1756 946 :

168 1000 283 1041 non
314 997 371 1039 ut
408 1001 532 1053 nos,
582 988 672 1041 sed
716 995 776 1040 ut
818 986 905 1039 ille
941 1004 954 1039 :
1005 1002 1110 1039 non
1144 995 1200 1039 ut
1233 986 1425 1054 planta:
1471 1003 1591 1056 qua:
1620 987 1759 1058 apud

166 1093 273 1133 nos
298 1088 445 1141 sunt,
472 1094 575 1132 non
612 1089 669 1131 ut
698 1078 892 1142 fontes,
921 1096 1025 1131 non
1064 1090 1121 1132 ut
1147 1078 1223 1133 sol
1258 1097 1272 1133 :
1313 1079 1446 1133 nihil
1477 1081 1620 1134 enim
1659 1082 1758 1135 ho-

170 1187 295 1226 rum
335 1188 454 1242 qnze
492 1171 581 1225 hic
606 1179 753 1235 sunt,
791 1171 1146 1239 interpretari
1180 1171 1322 1224 illam
1353 1174 1758 1242 generationem

171 1273 419 1333 possunt.
451 1260 674 1317 Omnem
711 1264 857 1317 enim
890 1263 1155 1316 tnrbelam
1195 1263 1448 1318 humana:
1474 1279 1757 1333 compara-

171 1358 348 1411 tiones
367 1356 588 1419 faciunt,
608 1366 727 1410 cum
750 1355 1040 1424 accipimus
1058 1370 1159 1409 non
1188 1355 1379 1409 similia
1402 1357 1467 1409 ad
1489 1358 1756 1426 interpre-

172 1450 430 1503 tationem
461 1462 645 1502 eorum
676 1461 795 1516 quae
823 1447 1163 1515 interpretari
1201 1462 1308 1500 non
1354 1457 1599 1515 possunt.
1636 1447 1760 1502 ldeo

170 1538 327 1606 lites,
362 1541 482 1594 ideo
524 1555 714 1608 pugnae
757 1550 1073 1592 nascuntur.
1117 1538 1173 1593 Si
1222 1549 1399 1593 autem
1433 1541 1760 1597 tacuerintus

169 1647 237 1685 ea
271 1648 388 1700 qua:
422 1647 582 1700 supra
612 1646 797 1685 vocem
840 1642 986 1695 sunt,
1018 1642 1073 1687 et
1114 1633 1411 1686 dixerimus
1460 1634 1755 1703 possibilia,

170 1723 408 1776 cessabit
440 1722 655 1776 bellum.
695 1720 833 1790 Quid
887 1738 1017 1792 ergo
1050 1724 1294 1779 dicemus
1331 1726 1354 1779 ?
1396 1724 1464 1778 In
1498 1728 1756 1796 principio

168 1826 283 1866 erat
319 1812 564 1869 Verbum.
596 1814 730 1881 Quis
761 1816 937 1870 adhuc
966 1818 1163 1885 poterit
1193 1818 1443 1888 iurgari?
1474 1820 1607 1874 Nam
1632 1832 1685 1875 et
1711 1823 1755 1876 si

163 1904 445 1973 jurgalur,
474 1923 579 1963 non
632 1908 725 1962 tibi
756 1910 851 1963 sed
876 1907 1095 1977 Joanni,
1146 1919 1199 1964 et
1232 1913 1434 1981 peetori
1485 1914 1697 1969 Domini
1727 1930 1757 1968 a

170 2013 282 2066 quo
311 1999 490 2053 hausit
511 1998 768 2057 Joannes.
812 2000 950 2068 Quid
977 2003 1236 2071 relinquis
1260 2020 1321 2059 ea
1354 2020 1473 2075 qute
1499 2016 1621 2060 sunt
1644 2008 1760 2063 sine

172 2092 435 2160 periculo,
470 2102 523 2147 et
573 2093 625 2147 in
654 2092 911 2148 fluctibus
950 2105 1348 2165 tempestatum
1404 2099 1759 2166 periclitaris?

174 2182 295 2239 Noli
323 2187 502 2241 dicere
534 2196 645 2252 tua,
681 2196 735 2242 et
765 2187 943 2242 nullus
977 2196 1029 2241 te
1054 2189 1255 2257 arguit.
1284 2190 1459 2245 Dicito
1487 2206 1605 2260 quze
1634 2194 1761 2246 scri-

176 2286 268 2347 pta
298 2288 446 2342 sunt,
481 2289 535 2333 et
573 2280 752 2335 nullus
795 2291 845 2334 te
889 2282 1237 2350 reprehendit
1271 2303 1284 2338 :
1319 2285 1537 2338 etiamsi
1580 2300 1761 2355 repre-

173 2372 447 2437 henderit,
486 2374 836 2440 semetipsum
897 2375 1097 2443 potius,
1133 2385 1188 2431 et
1234 2392 1340 2431 non
1380 2386 1452 2432 te.
1487 2377 1586 2443 Qui
1615 2379 1759 2433 enim

169 2462 359 2519 divina
399 2467 766 2534 reprehendit,
794 2467 977 2521 divina
1024 2469 1241 2537 quidem
1277 2486 1381 2525 non
1414 2470 1647 2537 delebit;
1678 2488 1762 2527 se-

171 2557 465 2624 metipsum
497 2558 729 2613 alienum
779 2578 808 2613 a
846 2560 1044 2615 divinis
1080 2564 1399 2616 constituet.
1456 2563 1653 2627 Dicito,
1692 2564 1760 2620 In

170 2651 434 2718 principio
489 2662 599 2705 erat
644 2650 887 2719 Verbum,
945 2662 1001 2708 et
1066 2654 1445 2725 relinquuntur
1496 2666 1756 2725 tempora.

180 2742 382 2805 Dicito,
414 2742 480 2796 1η
516 2745 775 2813 principio
797 2755 932 2810 erat,
957 2756 1012 2800 et
1044 2747 1301 2802 deficiunt
1327 2747 1540 2804 saecula.
1565 2749 1758 2813 Dicito,

174 2831 248 2885 In
282 2835 544 2899 principio
579 2848 716 2900 erat,
752 2846 808 2890 et
850 2838 982 2890 nihil
1013 2854 1134 2892 cum
1184 2840 1301 2908 ipso
1344 2848 1463 2894 erat
1504 2838 1757 2895 Verbum.

176 2923 315 2989 Quia
356 2939 486 2991 ergo
531 2934 645 2978 erat
677 2925 882 2980 dictum
941 2935 1045 2993 est,
1098 2944 1165 2983 ne
1213 2938 1369 2998 putes
1400 2945 1589 2985 vocem
1620 2948 1633 2983 :
1661 2945 1762 2983 vox

173 3018 344 3083 enim,
392 3030 503 3072 erat
539 3036 643 3075 non
672 3020 930 3090 suscipiet
978 3040 992 3076 :
1031 3024 1074 3077 si
1111 3023 1331 3092 quidem
1370 3040 1491 3079 cum
1544 3024 1759 3085 dicitur,

179 3119 308 3165 tunc
336 3110 589 3168 ellieitur.
641 3110 826 3181 Neque
870 3114 1015 3168 enim
1076 3126 1367 3184 antequam
1404 3116 1613 3169 dicatur
1656 3126 1757 3177 est,
1788 3135 1831 3195 ί]

174 3216 355 3271 neque
383 3214 565 3273 postea
622 3219 783 3271 quant
834 3204 997 3259 fuerit
1039 3208 1203 3269 dicta,
1256 3215 1369 3261 erat
1406 3207 1588 3261 habet.
1623 3207 1757 3272 Quia

174 3311 311 3366 ergo
344 3306 477 3363 erat,
528 3314 632 3352 non
664 3313 769 3352 vox
818 3307 921 3362 est,
954 3300 1047 3353 sed
1101 3298 1336 3353 Verbum
1387 3315 1404 3353 :
1442 3299 1600 3367 quale
1630 3298 1760 3353 Ver-

176 3385 347 3441 bum?
398 3386 454 3441 Si
510 3402 618 3442 non
648 3389 785 3442 dixit
824 3385 1082 3455 Joannes,
1110 3405 1416 3458 quaeramus
1459 3389 1545 3443 :si
1583 3400 1761 3443 autem

180 3480 339 3544 dixit,
381 3481 510 3549 quid
549 3482 888 3551 quaeremus?
926 3480 995 3535 Et
1027 3484 1188 3549 Deus,
1229 3483 1426 3552 inquit,
1471 3492 1584 3535 erat
1629 3481 1763 3535 Ver-

178 3573 325 3627 bum.
358 3573 435 3627 Τιι
467 3576 602 3629 dicis
624 3591 832 3641 vocem,
861 3574 1101 3630 Joannes
1137 3585 1317 3628 autem
1359 3574 1456 3637 ait,
1485 3585 1595 3627 erat
1636 3572 1762 3626 Ver-

182 3666 328 3720 bum.
371 3668 436 3721 Et
465 3668 508 3721 si
538 3667 625 3721 ille
653 3669 872 3731 dixerit,
906 3667 971 3720 Et
1012 3665 1230 3720 Verbum
1267 3677 1376 3719 erat
1402 3668 1543 3734 apud
1578 3665 1762 3731 Deum,

184 3764 245 3811 tu
273 3758 409 3812 dicis
434 3759 484 3811 in
513 3758 639 3824 Deo,
666 3770 720 3813 et
753 3774 860 3813 non
883 3758 1023 3827 apud
1052 3757 1241 3811 Deum.
1268 3755 1338 3811 Ut
1369 3759 1512 3810 enim
1537 3757 1628 3819 sit,
1660 3771 1765 3810 non

179 3859 366 3907 tamen
402 3860 461 3904 ut
496 3852 766 3921 cogitatus
815 3853 887 3905 sit
919 3870 933 3906 :
971 3865 1149 3919 neque
1187 3851 1383 3903 iterum
1427 3858 1484 3901 ut
1513 3864 1634 3908 vox,
1671 3848 1766 3901 sed

178 3941 353 3998 Filius
387 3960 403 3997 :
435 3959 537 3996 vox
568 3944 710 3998 enim
760 3943 920 3997 habet
955 3943 1150 3996 fratres
1184 3960 1197 3995 :
1226 3942 1328 3995 ntei
1381 3942 1525 3993 enim
1564 3941 1653 4010 qui
1688 3940 1767 3992 di-

176 4049 379 4090 cuntur
407 4051 687 4090 sermones
713 4037 985 4105 prioribus
1011 4034 1192 4087 verbis
1226 4043 1350 4087 sunt
1370 4031 1565 4085 fratres
1599 4049 1612 4084 :
1649 4031 1769 4082 tnti-

177 4128 396 4197 genitus
418 4138 596 4180 autent
631 4144 736 4181 non
768 4127 994 4195 suscipit
1030 4126 1244 4178 fratres.
1280 4123 1414 4177 Nam
1448 4133 1503 4177 et
1533 4124 1575 4175 si
1611 4131 1766 4174 vocat

177 4224 397 4281 fratres,
430 4220 884 4288 nuncupationem
924 4221 1108 4273 donat.
1144 4216 1201 4269 Si
1231 4227 1413 4269 autem
1448 4225 1502 4267 et
1533 4215 1765 4267 calta-re—

176 4312 276 4364 des
302 4326 509 4373 sumus,
542 4326 647 4363 non
690 4320 897 4362 natura:
929 4309 1023 4361 sed
1067 4308 1255 4375 gloriae
1301 4306 1598 4374 accipimus
1627 4302 1762 4374 (98).

174 4405 261 4460 Ad
290 4404 434 4457 illaut
460 4403 605 4457 enim
653 4413 901 4455 naturam
936 4416 1109 4469 neque
1152 4398 1441 4468 pervenies
1471 4408 1547 4459 tu,
1593 4409 1766 4464 neque

176 4497 323 4551 ullus
362 4496 654 4565 perveniet.
695 4495 851 4548 Sicut
880 4494 1025 4547 enim
1063 4491 1225 4545 Pater
1260 4492 1480 4555 eminet,

175 4603 397 4642 omnem
428 4598 673 4639 naturam
690 4595 771 4640 est
797 4586 939 4654 quod
964 4594 1041 4637 est
1062 4600 1166 4636 non
1187 4593 1345 4635 natus
1369 4600 1382 4635 :
1416 4582 1488 4635 ita
1515 4592 1567 4634 et
1596 4580 1761 4634 Filius

175 4694 343 4746 supra
376 4692 566 4731 omnes
597 4677 829 4730 habetur
863 4676 914 4728 in
947 4690 1011 4729 eo
1043 4675 1187 4742 quod
1217 4683 1296 4727 est
1325 4673 1606 4741 progenies
1632 4685 1759 4724 vera

179 4771 324 4825 Deus
352 4770 491 4839 apud
527 4769 717 4834 Deum,
751 4769 889 4822 Deus
924 4768 990 4820 ad
1023 4767 1300 4819 dexteram
1335 4765 1447 4824 Dei,
1482 4764 1620 4817 Deus
1650 4761 1761 4815 for-

177 4864 271 4927 tis,
306 4863 445 4915 Deus
475 4876 633 4930 quem
682 4862 834 4913 unxit
866 4859 1029 4912 Deus.
1077 4855 1388 4926 Agnoscitis
1444 4853 1756 4921 prophetica

177 4954 346 5008 verba
381 4952 516 5023 (99).
552 4952 692 5018 Quid
721 4953 797 5004 ait
825 4954 1084 5021 propheta
1116 4947 1324 5002 David?
1353 4946 1479 4999 Ideo
1517 4946 1663 4999 unxit
1690 4956 1759 5009 te,

175 5046 343 5108 Deus,
372 5046 508 5098 Deus
530 5056 650 5097 tuus
669 5044 737 5097 “.
768 5042 899 5096 Nam
928 5052 983 5096 et
1004 5041 1159 5095 fortis
1189 5041 1362 5094 dictus
1401 5050 1485 5092 cst
1517 5038 1584 5091 ab
1605 5037 1759 5099 lsaia,

172 5147 231 5192 et
265 5136 405 5190 Deus
434 5137 703 5191 nobiscum
725 5136 793 5200 ",
833 5151 954 5189 cum
978 5149 1047 5187 ex
1070 5132 1312 5202 Virgine.
1349 5130 1464 5184 Non
1483 5145 1611 5195 ergo
1641 5144 1763 5182 cum

172 5243 243 5283 ex
290 5227 512 5298 Virgine
554 5236 683 5281 tunc
731 5226 896 5291 Deus,
944 5225 1038 5279 sed
1099 5224 1380 5279 nobiscum
1436 5232 1582 5275 tunc.
1642 5220 1757 5274 Non

174 5320 416 5389 primum
452 5334 521 5373 ex
560 5316 802 5388 Virgine,
842 5318 935 5371 sed
970 5316 1203 5384 primum
1243 5328 1309 5368 ex
1353 5312 1481 5367 Deo.
1525 5311 1598 5366 Ex
1644 5312 1761 5364 Vir-

173 5411 306 5483 gine
351 5412 494 5466 enim
546 5422 766 5482 propter
805 5408 1286 5479 dispensationem,
1325 5420 1388 5459 es
1432 5406 1539 5459 Deo
1576 5414 1758 5458 autem

245 5521 297 5555 "
322 5520 469 5575 PSaI.
501 5537 641 5587 xuv,
668 5522 722 5576 8.
824 5522 870 5553 "
892 5522 1071 5589 lsa.v,
1102 5521 1174 5587 6;
1208 5535 1301 5581 vn,
1336 5519 1423 5572 l4.

174 5605 233 5660 8,
259 5593 347 5656 M,
380 5594 466 5649 l5.

252 5695 368 5769 (98)
526 5693 650 5748 Non
689 5703 932 5769 naturam
963 5688 1300 5769 sedogloriam
1328 5686 1637 5741 necinimus.

253 5761 367 5837 (99)
400 5766 497 5819 Ms.
526 5765 803 5834 Agnoscite
836 5762 1139 5829 proyltetica
1176 5761 1347 5813 verba.

346 5870 351 5873 '
427 5860 699 5918 Ρλτιιοι.
732 5853 849 5916 Gn.
876 5853 1112 5915 XXIV.

1514 5517 1584 5587 f‘
1616 5516 1769 5572 Joan.
1810 5529 1899 5580 ιιι,
1923 5513 2013 5569 36.

1861 523 2102 592 poribus,
2158 535 2224 575 ex
2276 520 2385 576 Deo
2433 531 2560 575 ante
2612 520 2829 577 saecula.
2885 523 2959 576 Ex
3009 520 3250 594 Virgine,
3314 539 3435 577 cum

1862 613 2210 678 hominibus;
2263 627 2329 667 ex
2370 612 2479 667 Deo
2518 621 2697 666 autem
2747 624 2871 667 ante
2909 629 3119 669 omnes.
3175 614 3299 671 Istic
3345 629 3438 669 er-

1860 719 1930 773 go
1960 714 2013 759 et
2048 706 2500 774 dispensationem
2541 706 2825 770 confitere,
2871 716 2927 760 et
2964 715 3213 761 naturam
3257 707 3439 762 delere

1862 796 1989 861 noli,
2030 812 2126 854 nec
2168 799 2479 866 exstinguas
2524 800 2615 852 tibi
2671 798 2847 853 lumen
2884 800 2980 869 (l).
3034 797 3090 854 Si
3136 800 3350 867 quidem
3383 808 3438 854 et

1862 889 1951 957 qui
1983 889 2168 944 oculos
2196 890 2452 945 claudunt
2482 907 2633 958 suos,
2675 906 2777 944 non
2826 891 3003 945 lumen
3059 892 3433 960 exstinguunt,

1861 985 1954 1038 sed
1979 983 2076 1053 ipsi
2107 983 2307 1038 lumine
2332 1001 2435 1038 ttott
2473 984 2741 1038 fruuntur.
2777 983 2907 1037 Nam
2937 994 2990 1038 et
3020 984 3063 1039 si
3088 984 3209 1053 quis
3251 983 3435 1038 lumen

1862 1091 2049 1129 verunt
2082 1092 2185 1130 non
2229 1076 2391 1131 fuerit
2439 1076 2744 1140 confessus,
2791 1092 2895 1130 non
2946 1076 3073 1130 illud
3120 1077 3283 1141 delet,
3340 1077 3437 1131 sed

1863 1168 1976 1235 ipse
2009 1179 2187 1222 manet
2211 1170 2264 1223 in
2294 1170 2550 1225 tenebris.
2600 1172 2671 1225 Ita
2721 1172 2861 1225 enim
2906 1170 3020 1240 ipse
3052 1170 3217 1225 Filius
3251 1171 3382 1226 dicit
3417 1190 3433 1228 :

1864 1259 1967 1323 Qui
1998 1277 2101 1315 non
2157 1262 2439 1316 crediderit
2478 1264 2531 1316 in
2571 1260 2792 1325 Filium,
2832 1281 2933 1316 non
2978 1264 3192 1326 videbit,
3224 1264 3314 1316 sed
3354 1263 3438 1317 ira

1860 1352 1960 1406 Dei
1983 1364 2155 1408 manet
2191 1370 2347 1422 super
2369 1356 2535 1417 ipsum
2564 1355 2631 1410 ⁸⁸.
2658 1357 2787 1421 Quae
2826 1355 2940 1409 ira?
2978 1356 3069 1410 illa
3101 1357 3285 1426 utique
3318 1371 3438 1427 quae

1864 1444 1930 1499 ab
1957 1444 2131 1500 initio.
2170 1446 2270 1511 Qui
2302 1447 2445 1501 enim
2495 1463 2602 1502 non
2651 1449 2939 1503 confitetur
2980 1464 3101 1502 eum
3149 1465 3243 1519 per
3277 1465 3437 1520 quem

1861 1546 2149 1592 revocatur
2187 1538 2477 1603 sententia,
2507 1541 2617 1607 ipse
2655 1541 2939 1595 adversum
2968 1556 3027 1595 se
3059 1542 3231 1611 ipsum
3283 1557 3439 1597 revo-

1861 1636 1949 1682 cat
1986 1629 2330 1687 sententiam.
2362 1629 2581 1698 Negotia
2621 1633 2766 1685 enim
2798 1644 3049 1701 separata
3095 1633 3295 1688 habent
3337 1650 3438 1688 na-

1862 1727 2037 1774 turam
2074 1736 2089 1773 :
2120 1721 2287 1775 nostri
2327 1733 2504 1776 autem
2529 1723 2791 1790 cogitatus
2824 1723 3096 1791 accipiunt
3133 1724 3437 1790 fructum,a

1861 1812 2093 1867 veritate
2114 1813 2330 1883 quidem
2362 1815 2546 1876 vitam,
2579 1829 2609 1867 a
2634 1814 2917 1869 mendacio
2951 1824 3129 1869 autent
3160 1830 3353 1871 noxam
3381 1824 3439 1871 et

1860 1904 2236 1974 perditionem.
2271 1905 2327 1958 Si
2360 1906 2480 1973 quis
2512 1905 2656 1959 enim
2701 1905 3033 1974 percusserit
3073 1916 3235 1976 caput
3278 1922 3437 1962 suum

1860 1997 1927 2049 ad
1966 2006 2194 2065 petram,
2223 2008 2374 2067 petra
2407 1997 2623 2066 quidem
2664 1997 2777 2067 ipsa
2809 2006 3012 2064 manet,
3056 2008 3221 2068 caput
3253 2010 3435 2054 autem

1861 2085 1931 2139 ab
1961 2086 2267 2156 insipientia
2311 2087 2507 2156 accipit
2538 2086 2771 2156 plagam,
2813 2084 2952 2142 forte
2981 2096 3159 2142 autem
3193 2097 3248 2141 et
3292 2088 3437 2157 peri-

1867 2179 2067 2234 eulum.
2114 2180 2253 2234 Dicit
2312 2195 2443 2235 sane
2496 2188 2551 2234 et
2607 2168 2895 2247 Apostolus
2948 2195 2963 2232 z
3014 2175 3437 2232 Fundamentum

1860 2271 2008 2325 aliud
2028 2288 2175 2325 nemo
2200 2281 2580 2343 potestponere
2624 2283 2814 2341 prteter
2840 2289 2957 2324 eum
2995 2272 3085 2341 qui
3119 2281 3191 2324 est
3234 2273 3438 2342 positus

1861 2361 2101 2417 Christus
2150 2363 2304 2418 Jesus
2346 2366 2429 2431 '9;
2494 2375 2549 2419 et
2596 2365 2786 2418 iterum
2837 2384 2851 2419 :
2902 2360 3063 2418 Petra
3118 2377 3295 2418 autem
3326 2372 3440 2419 erat

1860 2453 2098 2508 Christus
2126 2457 2165 2507 ⁸.
2213 2456 2270 2509 Si
2304 2455 2372 2508 ad
2418 2456 2576 2509 istam
2629 2465 2837 2523 petram
2890 2465 3051 2525 caput
3104 2456 3439 2526 percusseris

1862 2554 2030 2608 tuum,
2066 2546 2295 2601 scissum
2322 2556 2407 2601 est
2436 2548 2579 2617 quod
2623 2547 2837 2602 volebas
2867 2566 2881 2603 :
2925 2548 2970 2604 si
3002 2558 3179 2603 autem
3220 2549 3437 2605 confes-

1860 2654 1956 2693 sus
1984 2638 2154 2691 fueris
2188 2640 2390 2703 lumen,
2423 2638 2647 2694 habebis
2691 2641 2833 2708 quod
2866 2641 3166 2698 confiteris.
3202 2641 3259 2696 Si
3291 2642 3435 2696 enim

1860 2729 2085 2797 apostoli
2119 2730 2441 2798 quibusdam
2473 2731 2689 2798 quidem
2719 2731 2853 2784 odor
2882 2732 3071 2786 mortis
3103 2732 3170 2786 ad
3202 2738 3433 2785 mortem

1861 2829 2007 2884 sunt,
2035 2819 2359 2888 quibusdam
2396 2831 2573 2875 autem
2620 2822 2755 2874 odor
2797 2823 2919 2875 vita:
2953 2821 3020 2875 ad
3058 2821 3252 2884 vitam;
3288 2821 3332 2875 si
3363 2820 3438 2875 illi

1861 2908 1953 2977 qui
1995 2925 2088 2975 per
2127 2908 2400 2964 Christum
2447 2912 2525 2965 sal
2571 2920 2718 2969 sunt.
2765 2920 2816 2963 et
2869 2913 2959 2981 qui
3015 2927 3110 2981 per
3165 2911 3439 2967 Christum

1863 3000 2146 3053 luminaria
2180 3001 2505 3065 elliciuntur,
2547 3002 2612 3055 ad
2654 3014 2880 3056 ntortem
2928 3012 2983 3057 et
3029 3004 3095 3058 ad
3139 3003 3306 3061 vitam
3355 3004 3442 3057 his

1863 3093 1953 3162 qui
1993 3093 2219 3147 credunt
2245 3104 2299 3148 et
2327 3095 2417 3164 qui
2465 3112 2569 3148 non
2617 3096 2847 3151 credunt
2894 3096 3207 3151 habentur:
3238 3107 3443 3165 quanto

1867 3185 2036 3255 magis
2073 3186 2116 3239 is
2157 3187 2247 3254 qui
2289 3187 2511 3240 donavit
2558 3188 2673 3241 htec
2716 3188 3024 3243 hominibus
3058 3188 3346 3243 Christus?
3384 3188 3442 3242 Si

1862 3277 2000 3345 quis,
2048 3276 2242 3347 inquit,
2297 3293 2383 3331 vos
2424 3293 2525 3330 non
2573 3279 2879 3348 susceperit,
2940 3290 3180 3333 exeuntes
3220 3280 3445 3334 excutit:

1865 3370 2126 3434 pulverem
2167 3377 2231 3423 de
2270 3371 2486 3439 pedibus
2516 3371 2698 3424 vestris
2739 3387 2758 3425 :
2800 3372 3126 3426 tolerabilius
3165 3372 3301 3426 enim
3340 3373 3444 3426 erit

1866 3470 2020 3514 terrm
2067 3462 2422 3515 Sodomorum
2454 3464 2508 3515 in
2552 3464 2634 3516 die
2666 3463 2878 3531 iudicii,
2920 3482 3078 3535 quam
3116 3466 3313 3519 civitati
3362 3465 3445 3519 illi

1863 3568 1979 3621 qutc
1996 3568 2079 3605 vos
2110 3569 2211 3605 non
2238 3553 2455 3621 suscipit
2484 3553 2573 3622 qui
2600 3569 2631 3605 a
2661 3570 2742 3605 me
2773 3555 2919 3607 missi
2948 3556 3072 3609 estis
3102 3556 3140 3608 ¹.
3171 3557 3226 3609 Si
3263 3567 3442 3613 alnem

1867 3646 1989 3712 quis
2013 3644 2185 3712 ipsum
2220 3660 2324 3697 non
2352 3646 2651 3713 susceperit
2676 3647 2950 3699 Christum
2988 3665 3000 3699 :
3041 3650 3167 3714 qutd
3205 3649 3251 3701 si
3276 3652 3441 3703 etiam

1870 3751 1974 3789 non
2001 3735 2173 3790 solum
2206 3750 2310 3788 non
2343 3736 2666 3804 susceperit,
2693 3738 2787 3793 sed
2828 3739 3141 3794 interimere
3177 3742 3448 3797 voluerit?

1868 3827 1910 3880 si
1933 3842 2097 3881 ausus
2127 3828 2247 3896 quis
2286 3827 2445 3879 fuerit
2470 3828 2670 3886 dicere,
2700 3829 2823 3895 quia
2861 3829 2977 3882 sine
3002 3828 3137 3884 Filio
3168 3842 3252 3885 est
3276 3830 3439 3897 Deus,

1866 3926 1959 3971 aut
1988 3919 2110 3985 quia
2166 3919 2282 3971 sine
2327 3917 2489 3972 Patre
2536 3928 2621 3970 est.
2670 3917 2880 3972 Ftlius?
2932 3918 3056 3973 lltcc
3106 3920 3250 3974 enim
3297 3936 3445 3978 nunc

1867 4008 2084 4076 qnidaut
2132 4007 2534 4061 calumniantur
2576 4010 2843 4071 dicentes,
2892 4010 3018 4079 quia
3052 4011 3165 4079 ipse
3207 4013 3311 4068 sibi
3360 4022 3446 4070 est

1868 4097 2049 4160 Pater,
2086 4096 2199 4166 ipse
2226 4107 2311 4151 est
2339 4108 2391 4150 et
2418 4096 2606 4161 Filius,
2637 4108 2692 4152 et
2712 4114 2819 4153 non
2861 4111 2945 4153 est
2986 4098 3175 4157 Filius.
3213 4100 3269 4158 Si
3299 4103 3443 4158 enim

1865 4188 2029 4243 Pater
2053 4191 2162 4261 ipse
2186 4190 2289 4243 sibi
2327 4201 2409 4243 est
2439 4200 2622 4260 pater,
2670 4208 2772 4244 non
2806 4203 2891 4245 est
2938 4191 3118 4259 Pater,
3165 4197 3292 4264 quia
3330 4197 3449 4264 ipso

1866 4281 1967 4335 sibi
2018 4292 2072 4334 et
2126 4283 2265 4334 titius
2326 4292 2425 4342 est,
2476 4294 2532 4335 ut
2570 4285 2738 4336 aiunt.
2784 4283 3042 4338 Ludimus
3090 4284 3144 4339 in
3192 4286 3435 4343 divinis:

1868 4368 2258 4423 irrationabilia
2285 4371 2428 4422 enim
2467 4370 2570 4423 ista
2602 4385 2667 4423 ne
2698 4370 2912 4439 quidem
2940 4372 3091 4441 parvi
3124 4374 3444 4442 suscipiunt.

1510 4500 1564 4543 et
1602 4459 1762 4558 sui)“
1798 4488 1840 4542 υ
1874 4459 1949 4515 De
1978 4461 2062 4513 his
2106 4476 2237 4515 sane
2274 4463 2616 4517 sermonibus
2654 4478 2815 4515 unum
2859 4461 3235 4517 brevissimum
3268 4464 3447 4519 infan-

1875 4563 1979 4605 tcnt
2023 4552 2314 4622 interroga,
2344 4554 2432 4622 qui
2470 4556 2642 4623 pritna
2680 4563 2866 4622 utpote
2916 4570 3046 4609 voce
3083 4555 3448 4624 qualitercun-

1870 4660 1975 4713 que
2000 4646 2229 4712 coeperit
2271 4645 2438 4717 loqui,
2475 4658 2529 4702 et
2557 4651 2718 4704 dicito
2738 4651 2823 4705 ei;
2853 4650 3013 4705 Pater
3041 4658 3164 4704 tttus
3202 4650 3291 4703 ubi
3329 4652 3449 4705 est?

1868 4738 1976 4789 Aut
2010 4737 2148 4790 sicut
2177 4751 2581 4793 consueverunt
2628 4740 2871 4795 infantes
2911 4751 3118 4811 patrem
3167 4740 3443 4809 appellare

1868 4835 1915 4887 si
1957 4834 2309 4902 semetipsum
2357 4836 2688 4898 ostenderit,
2749 4840 2929 4906 arguit
2982 4852 3069 4890 tne
3123 4837 3302 4891 infans
3344 4858 3358 4894 :
3403 4839 3447 4892 si

1870 4936 2049 4979 autem
2087 4927 2345 4997 parvulus
2376 4928 2558 4981 statim
2596 4937 2656 4980 ut
2686 4926 2851 4983 fuerit
2888 4929 3251 5000 interrogatus
3286 4932 3447 4987 intel-
3507 4996 3520 5010 .

1872 5019 2067 5073 lexerit
2101 5023 2229 5090 quid
2260 5022 2459 5089 quaris
2504 5020 2571 5075 ab
2602 5035 2688 5085 eo,
2724 5036 2848 5075 eum
2897 5022 2986 5089 qui
3036 5038 3095 5077 se
3134 5024 3321 5093 genuit
3354 5039 3445 5079 οε·
3516 5036 3531 5067 δ-

1878 5119 2050 5174 tendit
2082 5136 2096 5181 g:
2132 5116 2254 5170 vide
2298 5113 2427 5185 quid
2475 5114 2653 5168 audis.
2709 5113 2843 5168 Cum
2896 5125 3077 5169 autem
3129 5116 3447 5171 benedictus
3529 5105 3535 5114 ’

1868 5213 2061 5276 Filius,
2096 5219 2284 5265 tenens
2314 5222 2532 5277 partem,
2575 5207 2718 5260 levat
2745 5221 2937 5260 manus
2963 5223 3089 5262 suas
3117 5223 3355 5272 sursum,
3390 5217 3445 5263 ut

1870 5317 2015 5362 tuam
2053 5316 2288 5373 mentem
2318 5304 2384 5357 ad
2414 5317 2535 5357 eunt
2572 5304 2661 5369 qui
2694 5316 2753 5357 se
2784 5303 2967 5371 genuit
3000 5301 3246 5365 extollat,
3284 5316 3445 5358 nosce

1867 5401 2105 5463 Patrem,
2140 5408 2194 5452 et
2219 5411 2368 5451 cessa
2414 5410 2612 5465 negare
2646 5393 2864 5448 Filium.
2901 5394 2957 5449 Si
3000 5395 3165 5465 igitur
3195 5394 3451 5465 [inigeni-

2122 5512 2168 5545 ”
2196 5510 2212 5565 Ι
2238 5509 2365 5566 Cor.
2409 5526 2489 5575 tn,
2514 5510 2574 5565 ll
2708 5511 2725 5542 ¹
2757 5512 2778 5564 Ι
2804 5509 2928 5564 Cor.
2974 5524 3031 5574 ι,
3056 5512 3112 5562 ι.
3212 5510 3233 5544 ⁸
3256 5508 3449 5567 Matth.

1938 5680 2015 5751 (l)
2052 5676 2149 5734 Ms.
2177 5675 2261 5732 Ne
2278 5677 2585 5748 exstinguas
2616 5676 2710 5731 tibi
2734 5675 2928 5730 lumen.

3008 5832 3086 5893 35
