3822 6218
411 287 561 344 ⁵106³1

1103 280 1382 335 ἘυδΕΒιι
1421 279 1900 334 υΙΕδΑΗΙΕΝδΙδ
1939 279 1996 330 Ul

2132 274 2311 330 PARS
2351 275 2437 332 Ν.
2473 307 2541 319 —
2579 274 3006 332 DOGM'ATICA.

3548 272 3676 330 11168

422 412 514 460 tus
535 401 668 457 dicit
702 419 716 455 :
755 399 943 464 Pater,
968 397 1166 469 gratias
1205 416 1304 470 ago
1347 399 1468 465 tibi,
1511 400 1637 471 quia
1685 415 1886 468 semper
1929 414 2008 452 me
2036 399 2082 457 A
2109 397 2289 452 omnis
2313 398 2502 453 beatus
2526 397 2695 464 audit,
2721 397 2846 456 inde
2877 406 2933 450 et
2964 409 3064 450 nos
3094 393 3334 450 universi
3379 392 3674 449 audiemus.

421 494 686 550 exaudiui
715 507 734 544 :
762 492 852 545 sed
879 501 1088 561 prapter
1107 492 1530 546 circumstantem
1563 492 1814 561 populum
1839 491 2000 544 istum

421 587 563 649 dico,
593 593 651 638 ut
681 582 897 638 credant
927 583 1054 651 quia
1083 592 1139 636 tu
1177 598 1260 636 me
1291 582 1481 636 misisti
1508 582 1548 636 ³.
1593 582 1699 638 Ista
1729 582 1997 650 interpre-

424 679 629 732 tatione
675 690 779 730 non
822 673 1108 745 indigent:
1135 683 1192 729 et
1221 673 1472 729 sedemus
1501 681 1560 728 ut
1614 672 1901 737 iuseusati,
1946 679 2003 726 et

421 766 683 824 ludimus.
738 766 874 823 Num
941 767 1294 836 semetipsum
1361 765 1550 837 genuit
1612 763 1813 820 Pater?
1871 777 2001 817 num

423 859 776 929 semetipsum
825 859 1020 915 misit?
1052 873 1180 913 num
1207 858 1556 928 semetipsum
1588 864 1729 922 orat,
1772 864 1828 911 et
1872 854 2003 910 sibi-

422 951 637 1022 metipsi
663 951 867 1022 gratias
901 951 1029 1023 agit,
1070 959 1126 1005 et
1186 950 1302 1021 ipse
1343 948 1447 1005 sibi
1498 958 1583 1006 est
1623 947 1816 1015 Filius,
1873 946 1994 1018 ipse

422 1043 526 1099 sibi
565 1052 647 1098 est
678 1043 942 1113 pontifex,
975 1043 1090 1113 ipse
1146 1043 1249 1098 sibi
1279 1051 1362 1098 est
1392 1056 1584 1112 agnus,
1622 1039 1738 1112 ipse
1774 1039 1877 1096 sibi
1906 1047 1996 1095 est

424 1134 537 1197 via,
562 1134 677 1203 ipse
709 1135 810 1190 sibi
879 1144 964 1190 est
1005 1133 1207 1205 ianua?
1255 1134 1322 1189 Et
1365 1134 1484 1203 quis
1519 1135 1654 1200 haec,
1689 1132 1902 1188 etiamsi
1930 1133 2003 1187 sit

415 1226 928 1295 'insipientissimus,
979 1227 1255 1298 patietur?
1304 1226 1439 1280 Num
1491 1240 1599 1281 una
1655 1240 1758 1279 vox
1818 1234 1901 1280 est
1943 1233 2002 1278 ut

421 1319 935 1387 circumveniamus,
971 1336 1073 1374 una
1113 1328 1196 1376 est
1219 1320 1396 1374 littera
1425 1329 1483 1373 ut
1515 1317 1828 1375 deleamus?
1862 1316 2002 1372 Dicit

422 1410 568 1465 enim
619 1411 812 1465 iterum
871 1410 1189 1466 Dominussz
1230 1411 1370 1466 Ecce
1423 1427 1516 1480 ego
1570 1410 1734 1482 diligo
1785 1408 2003 1464 Patrem

424 1517 597 1555 meum
621 1500 664 1566 ⁸,
697 1519 789 1571 ego
823 1502 1019 1556 honoro
1062 1501 1277 1556 Patrem
1303 1517 1474 1555 meum
1499 1502 1542 1565 ⁸,
1584 1485 1880 1571 ορατ-α’ᾳιιω
1908 1515 2000 1570 ego

425 1594 565 1662 facio
585 1593 674 1648 ille
693 1595 841 1664 facit,
879 1593 1041 1649 Pater
1080 1611 1225 1649 meus
1265 1594 1503 1664 quotidie
1532 1602 1788 1661 operatur
1826 1603 1875 1648 et
1906 1609 2000 1662 ego

404 1701 612 1754 operor
638 1686 680 1748 ⁸,
711 1686 756 1738 si
791 1685 1001 1738 creditis
1031 1685 1086 1738 in
1115 1683 1278 1738 Deum
1311 1695 1358 1738 et
1388 1685 1442 1737 in
1479 1700 1560 1738 me
1601 1684 1834 1750 creditis,
1865 1683 2001 1738 vado

2104 491 2147 544 Α
2179 490 2318 545 Filio
2344 491 2479 546 nihil
2518 490 2702 546 audiat
2749 504 2967 558 sponsa,
3008 489 3150 558 quod
3199 501 3306 542 non
3361 495 3448 540 est
3502 486 3676 555 sponsi

2104 582 2209 636 sui.
2242 582 2300 636 Si
2331 583 2544 652 quidem
2575 598 2680 636 non
2707 581 2834 637 licet
2874 595 3084 649 sponsae
3116 579 3348 634 alienam
3401 579 3677 648 suscipere

2104 673 2160 727 in
2206 673 2426 727 auribus
2476 688 2688 736 vocem,
2722 674 2886 728 etiam
2920 673 2968 727 si
2990 670 3197 727 Paulus
3251 673 3418 726 dicat.
3477 671 3586 726 Sed
3628 683 3679 725 ut

2103 778 2208 818 non
2235 763 2506 820 dubitaret
2530 779 2726 833 sponsa
2762 764 2831 819 de
2881 763 3069 830 Paulo,
3108 764 3186 819 ait
3218 764 3332 834 ipse
3366 783 3379 819 :
3419 763 3502 818 Αιι
3531 780 3680 834 expe-

2102 855 2379 910 rintetttum
2393 858 2636 927 quaeritis
2658 856 2771 925 ejus
2790 857 2882 924 qui
2907 857 2962 909 in
2990 871 3070 908 me
3087 854 3320 922 loquitur
3340 855 3587 911 Christus
3612 855 3682 910 ιη

2098 948 2434 1020 Desponsavi
2464 950 2607 1004 enim
2639 963 2761 1017 vos,
2805 949 2996 1020 inquit,
3035 950 3150 1004 viro
3191 949 3314 1014 uni;
3351 964 3458 1004 non
3489 958 3672 1004 tamen

2102 1043 2322 1113 populo,
2379 1042 2474 1098 sed
2535 1042 2627 1096 uni
2688 1041 2965 1112 unigenito
3024 1056 3130 1096 una
3182 1055 3401 1112 sponsa.
3452 1041 3680 1095 Amicus

2103 1135 2246 1189 enim
2299 1133 2482 1205 sponsi
2531 1133 2619 1189 ille
2653 1143 2738 1188 est
2769 1134 2858 1203 qui
2882 1133 3091 1205 gaudet
3117 1134 3185 1189 de
3234 1149 3435 1205 sponsa
3466 1134 3675 1203 sponsi.

2102 1224 2220 1281 Non
2243 1235 2327 1282 est
2356 1225 2518 1280 vidua
2551 1233 2737 1281 saneta
2771 1226 3032 1282 Ecclesia.
3074 1225 3220 1281 Vivit
3259 1227 3405 1282 enim
3451 1227 3542 1296 qui
3583 1241 3682 1296 pro

2100 1317 2216 1388 ipsa
2245 1325 2329 1372 est
2367 1327 2637 1373 mortuus.
2691 1317 2875 1389 Angeli
2915 1334 3023 1373 non
3071 1331 3355 1375 mortuum
3406 1321 3680 1376 adorant:

2101 1407 2196 1462 sed
2219 1409 2325 1462 vita
2350 1416 2489 1472 erat,
2529 1415 2668 1472 erat,
2691 1400 2831 1474 erat,
2854 1418 2908 1464 et
2935 1418 3039 1474 est,
3077 1419 3132 1463 et
3168 1425 3271 1464 non
3323 1419 3504 1466 cessat
3539 1424 3680 1466 esse.

2101 1488 2468 1569 Neque'enim
2492 1500 2658 1568 erepit
2681 1513 2714 1552 a
2745 1499 3114 1570 temporibus;
3138 1515 3326 1570 neque
3358 1501 3593 1556 cessavit
3626 1501 3681 1555 in

2102 1590 2298 1646 saecula
2346 1591 2447 1664 (l).
2499 1589 2740 1661 Regnum
2790 1592 2935 1647 enim
2988 1591 3103 1660 ejus
3135 1608 3238 1647 non
3281 1593 3446 1648 habet
3477 1593 3680 1656 tinem;

2105 1684 2233 1755 quia
2267 1699 2372 1740 non
2401 1685 2697 1756 temporale
2735 1685 3018 1756 imperium
3063 1684 3180 1754 eius
3213 1695 3316 1752 est,
3358 1687 3457 1741 sed
3492 1701 3688 1756 perpe-

405 1779 494 1830 -ad
527 1775 738 1830 Patrem
779 1793 950 1830 meum
975 1777 1018 1832 ⁷.
1044 1775 1258 1831 Gratias
1293 1775 1424 1846 agit,
1456 1783 1598 1840 orat,
1641 1775 1781 1831 viam
1807 1784 2005 1830 semet-
2034 1751 2078 1806 Β
2108 1785 2279 1832 ιιιιιιιι.
2326 1776 2560 1847 Tempus
2592 1777 2738 1832 enim
2782 1777 3329 1843 resurrectionisest,
3371 1787 3428 1834 et
3466 1787 3685 1850 tempus

409 1867 597 1936 ipsum
625 1877 804 1934 vocat,
841 1878 901 1922 ut
936 1883 1200 1938 agnoscas
1237 1868 1304 1922 ad
1334 1882 1495 1937 quem
1541 1867 1692 1924 vadis
1725 1886 1739 1922 :
1775 1867 1999 1937 ianuam

403 1963 772 2029 semetipsum
799 1960 930 2014 dicit
958 1967 1004 2024 ο,
1034 1969 1094 2014 ιιι
1118 1973 1381 2028 agnoscas
1421 1959 1488 2013 ad
1524 1973 1681 2028 quem
1722 1959 1995 2030 ingredie-

417 2054 502 2107 ris
540 2071 553 2106 :
587 2051 774 2119 Pater,
803 2052 1000 2121 inquit,
1030 2068 1174 2105 meus
1207 2051 1441 2122 agricola
1465 2059 1564 2117 est,
1597 2062 1645 2106 et
1668 2068 1759 2122 ego
1786 2053 1902 2106 uitis
1924 2053 1952 2084 θ
1981 2069 1998 2108 :

405 2145 549 2199 ‘vitis
590 2153 644 2198 et
697 2145 933 2213 agricola
973 2160 1115 2198 unus
1171 2145 1287 2198 est?
1341 2142 1493 2199 Hanc
1538 2145 1998 2215 comparationem

417 2236 682 2292 Dominus
708 2237 864 2304 dixit,
901 2245 959 2292 ut
992 2251 1060 2292 ne
1088 2237 1208 2307 quis
1233 2252 1318 2292 me
1352 2237 1730 2307 reprehendat.
1765 2235 1878 2307 Ego
1901 2251 1999 2290 au-

412 2337 530 2384 tem
573 2330 695 2383 volo
720 2338 778 2384 ut
806 2345 893 2384 me
930 2331 1144 2398 quidem
1192 2343 1382 2385 omnes
1419 2330 1668 2386 homines
1707 2329 2001 2398 reprehen-

419 2421 552 2473 dant
584 2439 597 2473 :
631 2434 730 2487 ego
770 2429 952 2472 autem
1002 2418 1167 2473 volo:
1214 2419 1426 2474 Domini
1475 2431 1657 2474 autem
1690 2417 2000 2474 custodiant

416 2510 606 2565 verba.
642 2509 892 2562 Descendi
924 2508 987 2560 de
1027 2509 1153 2562 c0310
1194 2516 1252 2562 ut
1289 2509 1483 2578 faciam
1520 2509 1840 2562 voluntatem
1883 2509 1997 2575 ejus

418 2601 514 2670 qui
551 2616 632 2654 me
661 2600 801 2653 misit
821 2600 872 2631 ’⁸
901 2619 915 2652 :
946 2597 1181 2654 obedivit
1223 2607 1400 2654 autem
1425 2614 1597 2668 usque
1645 2599 1711 2653 ad
1745 2609 1994 2655 mortem.

421 2689 532 2745 Sed
571 2691 697 2758 quid
750 2705 892 2744 nunc
930 2706 1064 2758 opus
1093 2700 1176 2746 est
1205 2689 1396 2745 Pauli?
1436 2705 1741 2759 quanquam
1772 2700 1824 2744 et
1855 2687 1998 2742 Pau-

407 2780 507 2836 ‘lus
536 2796 644 2834 non
673 2782 987 2836 testimonio
1017 2797 1116 2837 suo
1145 2782 1324 2850 dicat;
1371 2791 1546 2837 tamen
1580 2783 1704 2852 quia
1745 2784 1861 2853 ipse
1893 2781 1999 2836 Do-

421 2875 599 2928 minus
639 2889 743 2928 non
784 2875 1022 2939 auditur,
1064 2884 1122 2929 ut
1151 2875 1280 2944 quid
1317 2875 1382 2929 de
1420 2875 1730 2930 domesticis
1760 2875 1876 2944 ejus
1913 2883 1998 2927 est

410 2967 643 3022 sermo?
672 2967 759 3020 Vis
793 2982 923 3020 sane
953 2967 1220 3020 honorare
1247 2964 1465 3030 Filium,
1500 2977 1557 3019 ut
1591 2967 1704 3020 vult
1741 2967 1850 3031 ille,
1889 2981 1994 3020 non

422 3069 480 3111 ut
505 3068 558 3111 tu
585 3059 682 3112 vis.
705 3057 836 3110 Num
861 3058 905 3112 si
933 3058 1138 3112 dixeris
1162 3073 1263 3111 nou
1295 3067 1395 3121 est,
1423 3058 1722 3122 honorasti,
1748 3059 1791 3112 si
1821 3058 1989 3113 inter-

413 3152 619 3203 emeris
663 3164 822 3218 quem
874 3165 979 3202 non
1048 3157 1335 3217 potuerunt
1385 3147 1589 3204 Judaei?
1631 3148 1799 3204 Judaei
1850 3153 1994 3204 enim

409 3240 747 3295 iubriﬁlium
795 3255 918 3294 eum
959 3248 1305 3310 putaverunt,
1335 3251 1387 3294 et
1417 3250 1477 3293 ut
1508 3240 1646 3295 fabri
1699 3240 1865 3295 ﬁlium
1913 3241 1998 3296 in-

411 3332 785 3397 terfecerunt;
844 3342 896 3385 tu
937 3341 1007 3386 'ut
1056 3330 1252 3386 Filium
1305 3331 1396 3384 Dei
1448 3330 1737 3386 interﬁcis.
1789 3330 1894 3385 Sed
1937 3343 1993 3386 tu

419 3424 690 3489 morieris,
734 3440 839 3477 non
878 3422 983 3478 ille.
1022 3423 1138 3479 Non
1168 3423 1310 3480 enim
1357 3437 1422 3476 ex
1459 3423 1544 3478 lllS
1578 3438 1697 3493 qua:
1751 3431 1809 3479 tu
1839 3425 1994 3488 dicis,

420 3516 512 3567 ille
542 3531 650 3568 non
692 3523 774 3568 est
809 3528 824 3566 :
856 3515 948 3567 sed
995 3529 1061 3569 ex
1111 3514 1191 3568 his
1222 3513 1340 3582 qiue
1381 3530 1485 3568 non
1529 3515 1725 3582 credis,
1775 3524 1829 3570 tu
1888 3530 1995 3571 non

420 3609 547 3661 eris.
573 3606 705 3673 Qua:
749 3609 951 3677 scripta
1000 3618 1125 3662 sunt
1157 3608 1342 3673 dicito,
1375 3614 1431 3663 et
1461 3608 1872 3678 derelinquetur
1901 3609 1989 3664 lis.

418 3699 534 3752 Non
571 3715 752 3753 meum
770 3707 836 3752 -et
873 3709 1044 3764 tuum,
1077 3700 1170 3753 sed
1211 3715 1330 3768 qua:
1373 3700 1678 3754 communia
1724 3710 1850 3755 sunt
1890 3700 1992 3755 Ec-

417 3791 614 3844 clesiae.
651 3791 782 3856 Quis
804 3791 946 3843 enim
991 3798 1043 3843 te
1069 3788 1310 3859 iudicat?
1340 3789 1469 3857 quid
1509 3790 1680 3844 habes
1711 3790 1854 3859 quod
1885 3805 1993 3845 non

418 3880 710 3948 accepisti?
744 3879 859 3932 Non
892 3881 991 3933 ista
1013 3886 1095 3932 est
1124 3893 1223 3933 vox
1263 3877 1414 3933 Pauli
1438 3878 1530 3948 qui
1561 3878 1639 3933 ait
1670 3895 1684 3933 :
1724 3877 1811 3933 Ex
1845 3889 1996 3948 parte

417 3972 772 4040 agnoscimus,
808 3980 858 4023 et
889 3986 953 4024 ea:
983 3981 1130 4038 parte
1165 3971 1535 4038 prop/ietamus
1577 3970 1661 4024 “'2
1710 3969 1835 4025 Haec
1862 3971 1995 4025 dixit

419 4062 635 4127 Paulus,
679 4077 745 4116 ne
789 4076 919 4116 sane
970 4061 1115 4115 solus
1156 4069 1437 4130 putaretur
1486 4075 1551 4115 ex
1593 4070 1767 4129 parte,
1816 4061 1911 4116 sed
1941 4070 1996 4115 et

418 4154 667 4222 Apostoli
702 4171 821 4207 eum
847 4155 964 4222 ipso
993 4153 1083 4222 qui
1120 4155 1216 4217 ait,
1237 4169 1383 4208 .uunc
1402 4153 1638 4208 videmus
1680 4170 1774 4224 per
1807 4170 1996 4224 specu-

417 4246 527 4298 lam
567 4245 630 4298 ".
659 4243 762 4297 Sed
795 4243 993 4297 Paulus
1025 4259 1120 4312 per
1152 4243 1469 4311 speculum;
1502 4254 1556 4298 tu
1583 4255 1766 4299 autem
1797 4257 1851 4300 et
1873 4245 1993 4300 istic

417 4340 526 4407 iam
546 4337 622 4392 vis
668 4337 804 4391 facie
833 4338 898 4390 ad
918 4336 1110 4392 faciem
1137 4351 1313 4391 nosse.
1349 4335 1810 4403 Quemadmodum
1863 4350 1994 4393 sane

417 4444 540 4483 eum
559 4428 822 4482 interimis
841 4441 1000 4495 quem
1025 4426 1195 4480 vides.
1226 4424 1348 4479 Haec
1366 4424 1510 4494 (2-5)
1531 4425 2004 4496 νίόεὺιιηιιιεξεθιιι-

420 4537 515 4592 per
534 4536 564 4574 a
592 4522 750 4576 beato
774 4518 865 4575 illo
886 4519 1024 4574 viro.
1057 4516 1212 4588 Saepe
1227 4517 1369 4572 enim
1392 4515 1710 4571 dicebantur
1748 4520 1815 4571 ab
1834 4535 1917 4586 eo,
1940 4533 1998 4576 ut

418 4614 634 4683 quidam
662 4613 1070 4681 suspicarentur
1111 4625 1206 4666 ore
1237 4608 1450 4681 quidem
1487 4624 1584 4666 suo
1609 4610 1706 4665 ista
1727 4613 1997 4681 proferre,

417 4709 584 4761 Corde
608 4716 786 4760 autem
815 4705 973 4759 aliter
999 4704 1220 4758 habere.
1268 4700 1338 4756 Et
1388 4701 1604 4770 quidem
1660 4719 1869 4760 memor
1906 4721 1999 4760 vo-

423 4799 509 4853 bis
538 4813 658 4853 sum
689 4797 905 4852 audisse
934 4810 1023 4850 me
1060 4795 1128 4850 ab
1151 4809 1219 4849 eo
1256 4802 1444 4850 saneto
1496 4795 1651 4851 nobis
1687 4794 1998 4864 iuramento

420 4889 778 4954 satisfecisse,
805 4890 931 4959 quia
956 4903 1061 4943 non
1092 4887 1234 4942 aliud
1267 4888 1322 4941 in
1358 4887 1561 4958 lingua,
1597 4896 1652 4942 et
1685 4887 1828 4942 aliud
1856 4899 2000 4944 esset

421 4988 476 5042 in
512 4987 677 5042 corde
703 4985 852 5055 ejus;
887 4983 982 5038 sed
1016 4981 1181 5037 corde
1219 4979 1437 5048 quidem
1469 4979 1710 5034 creditur
1732 4980 1799 5033 ad
1831 4980 1996 5050 justi-

421 5074 572 5137 tiam,
593 5087 687 5127 ore
706 5081 886 5126 autem
917 5069 1206 5125 conﬁtetur
1241 5069 1307 5122 ad
1330 5069 1559 5124 salutem
1601 5086 1616 5124 :
1656 5071 1797 5124 unde
1831 5071 1995 5141 igitur

493 5190 512 5220 ⁸
535 5188 691 5246 Joan.
720 5203 794 5251 xl,
825 5189 915 5254 41,
949 5188 1039 5241 42.
1109 5189 1130 5219 ⁸
1168 5186 1323 5241 Joan.
1354 5203 1464 5252 xlv,
1487 5188 1576 5242 51.

421 5274 478 5322 x,
513 5259 567 5313 9.
677 5259 698 5290 ’
731 5259 884 5313 Joan.
927 5275 1016 5324 xv,
1060 5259 1108 5313 1.
1216 5259 1259 5289 ¹⁰
1292 5257 1449 5313 Joan.
1487 5274 1561 5325 vr,
1591 5259 1682 5314 38.

419 5344 540 5395 vtu,
571 5329 660 5384 15.

491 5440 630 5510 (2-5)
667 5439 796 5494 Ηωε
836 5442 1157 5503 videbamus,
1198 5451 1303 5497 etc.
1348 5443 1512 5497 Henr.
1547 5442 1792 5498 Valesius
1819 5441 1944 5511 legit
1974 5460 1989 5499 :

420 5505 554 5562 Haec
581 5505 920 5580 audiebamus
944 5529 1144 5580 semper
1176 5530 1207 5565 a
1232 5514 1380 5565 beato
1405 5514 1496 5565 illo
1527 5517 1658 5576 viro,
1687 5530 1825 5578 saepe
1853 5505 1991 5567 e'nim

418 5584 508 5652 ita
534 5579 837 5652 dicebantur
881 5583 944 5633 ab
997 5579 1075 5644 eo,
1117 5593 1170 5634 ut
1203 5584 1415 5652 quidam
1465 5586 1859 5652 suspicarentur
1905 5600 1992 5637 ore

419 5650 770 5718 quidemieum
803 5651 903 5702 ista
936 5651 1191 5718 proferre,
1214 5650 1323 5704 etc.

494 5716 572 5781 (1)
603 5717 784 5782 Neque
806 5716 1042 5774 cessavit.
1070 5719 1232 5775 Forte
1273 5737 1434 5787 neque
1460 5722 1704 5776 cessabit.

1678 5189 1698 5220 '
1728 5186 1882 5243 Joan.
1917 5204 2033 5254 vnn,
2076 5189 2168 5245 49.
2246 5186 2440 5242 ‘Joan.
2475 5202 2526 5250 v,
2564 5185 2649 5247 17,
2695 5183 2784 5238 36.

1781 5260 1820 5290 “
1855 5261 1871 5314 l
1901 5259 2025 5314 Cor.
2065 5276 2185 5328 xm,
2212 5262 2264 5316 9.

2103 1867 2311 1922 salutis.
2342 1867 2458 1924 Non
2490 1868 2788 1923 moriamur
2813 1882 2963 1938 ergo,
3005 1883 3127 1923 cum
3161 1868 3423 1923 debemus
3463 1870 3678 1924 vivere.

2102 1957 2210 2014 Sed
2233 1946 2377 2014 nunc
2399 1959 2615 2029 quidem
2641 1959 2826 2029 paucis
2853 1959 2923 2014 ob
2946 1960 3270 2014 memoriam
3317 1969 3373 2014 et
3409 1961 3679 2016 benorem

2100 2049 2278 2106 Patris
2305 2051 2449 2106 illius
2481 2051 2674 2117 nostri,
2712 2051 2786 2105 ita
2822 2052 2974 2116 boui,
3013 2053 3086 2106 ita
3133 2050 3420 2115 laboriosi,
3473 2061 3530 2107 et
3578 2068 3684 2123 pro

2101 2139 2357 2197 Ecclesiis
2387 2140 2588 2210 ubique
2608 2140 2864 2211 vigilante
2889 2141 2971 2212 (5)
3001 2143 3144 2196 dicta
3188 2143 3297 2196 sint
3353 2143 3534 2197 nobis.
3579 2141 3686 2196 Ne-

2099 2249 2206 2306 que
2231 2234 2374 2290 enim
2402 2234 2616 2305 generis
2651 2231 2802 2302 ejus;
2826 2234 3142 2289 memoriam
3190 2235 3441 2300 iecimus,
3505 2250 3688 2306 neque

2099 2327 2455 2393 educationis,
2502 2336 2597 2380 aut
2651 2325 2998 2393 eruditionis,
3055 2337 3149 2381 aut
3197 2327 3423 2382 alterius
3475 2327 3603 2381 vitae
3632 2335 3688 2380 et

2104 2419 2386 2492 propositi.
2420 2416 2865 2472 Suﬁ‘icientenim
2906 2417 2960 2472 in
3003 2418 3240 2474 Ecclesia
3278 2419 3369 2473 Dei
3407 2419 3474 2474 de
3520 2417 3688 2472 Patre

2101 2522 2158 2566 et
2198 2510 2335 2565 Filio
2380 2509 2524 2578 loqui
2586 2508 2683 2579 (6).
2730 2509 2903 2579 Loqui
2959 2511 3156 2580 quippe
3195 2511 3450 2578 dicibilia,
3504 2519 3688 2566 tacere

2099 2611 2277 2656 autem
2317 2614 2437 2670 quae
2459 2600 2669 2656 occulta
2717 2609 2863 2654 sunt.
2899 2600 3236 2671 Tinguamur
3276 2601 3474 2656 fratres
3510 2601 3563 2655 in
3603 2602 3691 2655 his

2096 2708 2219 2762 qum
2251 2693 2302 2747 in
2328 2692 2623 2762 Scripturis
2673 2693 2872 2761 scripta
2914 2706 3065 2758 sunt,
3107 2709 3210 2748 non
3252 2701 3310 2748 ut
3351 2707 3543 2747 vacua:
3593 2692 3689 2747 lit-

2101 2793 2230 2838 terae
2257 2784 2641 2854 prophetarum
2674 2792 2733 2837 ut
2760 2783 2985 2839 Judaeis.
3008 2785 3086 2838 ll'li
3111 2785 3258 2840 enim
3298 2786 3590 2840 adversum
3626 2800 3687 2838 se

2099 2874 2314 2946 legunt;
2351 2874 2589 2944 legentes
2627 2875 2772 2928 enim
2805 2873 3014 2929 litteras
3059 2885 3115 2928 et
3161 2890 3267 2929 non
3314 2877 3683 2944 suscipientes

2099 2969 2378 3037 negotium
2406 2981 2472 3022 ex
2511 2967 2593 3021 his
2621 2968 2816 3036 quibus
2861 2966 3045 3038 legunt
3064 2967 3163 3038 (7),
3189 2969 3516 3036 semetipsos
3548 2983 3685 3022 con-

2023 3090 2068 3148 c
2100 3059 2464 3128 demuantqui
2501 3069 2785 3113 excusant.
2831 3056 3018 3114 Videte
3047 3073 3114 3112 ne
3158 3060 3436 3130 patiamur
3466 3073 3530 3112 ea
3557 3075 3685 3130 qua

2101 3151 2302 3206 ludatis
2341 3151 2708 3220 increpamns.
2748 3149 2805 3204 Si
2848 3151 2993 3206 enim
3038 3151 3268 3207 dicimus
3310 3149 3532 3216 Filium,
3580 3167 3691 3205 non

2101 3241 2424 3297 conﬁtemur
2459 3251 2638 3296 autem
2667 3241 2885 3306 Filium,
2913 3251 2968 3298 et
2992 3243 3036 3296 si
3065 3242 3410 3311 agnoscimus
3438 3241 3690 3305 Patrem,

2100 3346 2416 3401 spernamus
2455 3343 2634 3386 autem
2681 3332 2930 3398 Patrem;
2976 3331 3069 3386 illa
3112 3332 3227 3402 ipsa
3272 3347 3392 3403 quia
3417 3333 3690 3401 legimus.

2107 3424 2222 3495 ipsa
2255 3425 2409 3480 nobis
2437 3423 2494 3479 in
2545 3425 2630 3479 die
2653 3422 2840 3493 judieii
2882 3423 3128 3494 legentur
3162 3423 3230 3478 ad
3268 3423 3692 3478 condemnatio-

2112 3534 2257 3573 nem.
2289 3517 2422 3574 Dicit
2489 3517 2632 3574 enim
2670 3516 2974 3573 Dominus.-
3010 3510 3243 3581 Ego—non
3255 3512 3442 3582 judico
3489 3516 3559 3579 “,
3594 3515 3693 3570 sed

2103 3624 2288 3664 sermo
2314 3624 2479 3680 quem
2542 3608 2753 3663 locutus
2801 3615 2884 3662 est
2931 3605 3051 3676 ipse
3103 3618 3225 3659 eum
3271 3603 3502 3671 iudicat.
3539 3601 3695 3656 Dixit

2101 3701 2220 3769 tibi,
2251 3702 2378 3771 quia
2411 3701 2547 3755 vado
2591 3701 2660 3755 ad
2719 3699 2933 3756 Patrem
2989 3712 3165 3753 meum
3215 3694 3359 3750 Dixit
3408 3693 3525 3758 tibi,
3559 3695 3691 3764 quia

2099 3791 2298 3845 missus
2321 3805 2350 3844 a
2378 3787 2542 3843 Patre
2580 3800 2735 3851 sum;
2761 3795 2818 3840 et
2838 3797 2894 3838 tu
2916 3784 3051 3839 dicis
3069 3783 3198 3854 quia
3221 3799 3328 3837 non
3351 3791 3434 3837 est
3456 3781 3694 3836 missus?

2097 3883 2190 3936 sed
2214 3882 2328 3950 ipse
2348 3889 2432 3935 est
2457 3878 2548 3949 qui
2575 3879 2690 3933 haec
2706 3877 2863 3944 dixit,
2885 3887 2940 3932 et
2959 3885 3086 3930 tunc
3105 3873 3365 3943 iudicabit
3388 3890 3402 3928 ;
3423 3873 3568 3942 leget
3594 3875 3691 3928 tibi

2097 3972 2405 4043 Evangelia,
2423 3971 2576 4025 dabis
2596 3971 2883 4034 rationem,
2903 3968 3047 4023 dicet
3061 3983 3157 4022 cur
3180 3966 3292 4021 bazc
3305 3965 3507 4034 scripta
3524 3965 3695 4020 sunt?

2097 4065 2222 4120 Hec
2247 4073 2425 4118 autem
2452 4072 2577 4117 tunc
2605 4076 2708 4117 non
2737 4061 2844 4117 dixi
2872 4075 2969 4130 per
2999 4073 3206 4114 vocem.
3229 4056 3296 4110 Et
3315 4072 3422 4126 qua
3446 4055 3593 4112 facie
3615 4059 3695 4110 vi-

2100 4156 2257 4212 debis
2299 4155 2430 4208 illud
2461 4152 2680 4207 lumen?
2709 4151 2960 4208 Contenti
2986 4151 3157 4204 simus
3180 4148 3428 4213 veritate,
3455 4160 3694 4200 excuse-

2101 4263 2220 4302 mus
2245 4246 2387 4300 lites.
2428 4243 2630 4314 Siquis
2653 4253 2831 4298 autem
2867 4252 2927 4298 et
2970 4242 3118 4297 novit
3154 4238 3362 4309 aliquid
3415 4253 3542 4292 cum
3592 4251 3695 4308 pa-

2105 4338 2289 4394 tientia
2320 4346 2375 4392 et
2414 4353 2518 4393 non
2549 4338 2616 4391 ad
2651 4333 3049 4406 instigationem
3088 4347 3208 4402 quae
3244 4330 3408 4395 laedit,
3437 4331 3534 4384 sed
3566 4344 3696 4384 eum

2036 4439 2078 4493 D
2109 4430 2413 4485 humilitate
2459 4444 2579 4499 quae
2633 4429 2877 4498 prodest,
2929 4440 3034 4479 non
3077 4436 3136 4477 ut
3185 4422 3415 4489 inimici,
3470 4424 3570 4475 sed
3638 4431 3694 4474 ut

2104 4523 2420 4586 Christiani,
2464 4537 2569 4575 non
2627 4530 2684 4574 ut
2737 4521 2788 4573 in
2838 4520 3010 4583 circo,
3066 4517 3158 4570 sed
3200 4525 3260 4568 nt
3307 4515 3360 4567 in
3419 4513 3694 4569 Ecclesia.

2114 4614 2301 4668 llabes
2355 4612 2559 4682 aliquid
2605 4629 2619 4666 :
2665 4613 2818 4665 trade
2873 4625 2977 4664 non
3039 4625 3158 4662 cum
3212 4608 3328 4670 lite,
3379 4622 3487 4661 non
3536 4610 3696 4677 quasi

2106 4718 2318 4769 auctor,
2357 4706 2452 4761 sed
2495 4718 2813 4760 ammonens
2840 4717 2902 4758 ea
2933 4717 3054 4772 quae
3086 4700 3326 4755 didicisti
3377 4714 3409 4754 a
3443 4699 3692 4769 Scriptu-

2106 4801 2202 4854 ris.
2240 4798 2489 4853 Retinete
2511 4797 2647 4861 haec,
2676 4804 2731 4850 et
2763 4794 3054 4850 cessabitis
3087 4791 3251 4854 alite,
3290 4800 3345 4844 et
3383 4791 3455 4844 ab
3488 4788 3693 4844 Ecclc~

2106 4892 2182 4945 sia
2221 4890 2464 4958 separari
2510 4887 2700 4943 nolite.
2753 4884 2809 4940 Si
2856 4900 2956 4955 ego
3005 4883 3195 4947 deliro,
3239 4881 3369 4950 quid
3404 4881 3474 4934 ad
3525 4880 3619 4934 te?
3649 4882 3694 4934 si

2105 4999 2207 5053 ego
2238 4982 2417 5037 aliena
2452 4981 2669 5052 loquar,
2704 4994 2787 5033 me
2812 4976 2998 5046 iudica
3031 4984 3086 5030 et
3114 4974 3341 5045 perdere
3367 4971 3500 5026 noli.
3521 4971 3689 5027 Occa-

2103 5075 2310 5128 sionem
2341 5071 2508 5126 nolite
2549 5082 2795 5138 qumrere
2834 5066 2899 5120 ad
2947 5064 3261 5120 schismata.
3291 5061 3424 5116 Ovis
3446 5075 3571 5130 qua:
3599 5075 3692 5113 ex-

2888 5180 3066 5235 7.loau.
3094 5193 3203 5240 xxv,
3235 5176 3286 5240 l,
3319 5176 3411 5232 28.
3489 5176 3511 5206 ⁸
3535 5175 3671 5230 Joan

2363 5260 2404 5289 ¹¹
2446 5245 2599 5320 ibid,
2637 5245 2722 5308 12.
2821 5251 2925 5304 "ll
2951 5250 3079 5304 Cor.
3134 5265 3252 5312 xm,
3285 5249 3342 5302 ὃ.
3449 5245 3496 5278 ¹δ
3528 5245 3688 5302 Joau.

2175 5440 2253 5511 (5)
2300 5436 2676 5511 Vigilgntgll.
2715 5435 2975 5511 Valesius
3000 5432 3131 5511 legit
3154 5429 3446 5511 vigilantis.

2271 5497 2622 5594 lMsiSu’ﬁicit
2661 5509 2798 5562 enim
2836 5508 2890 5559 in
2931 5497 3169 5559 Ercl'esia
3203 5497 3302 5556 Dei
3341 5503 3407 5556 de
3449 5497 3611 5554 Patre
3634 5509 3684 5554 α

2104 5581 2476 5775 militiam/iis
2519 5648 2704 5720 quibus
2733 5646 2928 5718 legunt.
2962 5643 3149 5700 Graeco
3173 5657 3348 5710 more,
3384 5657 3486 5714 pro
3515 5657 3578 5698 es
3605 5639 3684 5692 bis

2104 5741 2214 5775 aute
2262 5732 2441 5775 caunt.

2098 5741 2214 5785 qua?
2242 5732 2441 5784 lcqunt.
