3822 6218
210 281 238 335 1
251 278 355 337 069

1307 260 1395 321 ua
1430 252 2031 321 uasuunacnoxa.
2073 296 2127 306 -
2182 256 2308 317 LIB.
2352 257 2393 317 ι.

3323 256 3455 315 Ιοτῧ

203 395 287 441 tra
313 397 529 455 gregem
558 392 662 450 est,
694 398 823 457 pars
860 390 969 457 lupi
1005 398 1108 444 est.
1143 374 1277 443 Nam
1308 390 1409 446 etsi
1443 390 1633 445 fortior
1663 390 1782 446 ovis
1811 396 1858 453 Α
1889 393 1998 446 tres
2034 412 2045 447 :
2090 406 2193 445 non
2238 380 2500 445 faciamus
2539 379 2942 447 conventicula,
2984 396 3095 437 non
3148 381 3456 452 Speluncas.

203 493 285 540 es,
314 478 534 547 expedit
586 467 684 534 tibi
736 476 875 533 infra
933 481 1167 551 parietes
1217 483 1375 538 ovilis
1425 498 1567 550 esse,
1616 498 1777 551 quam

202 570 375 626 foras.
407 569 587 625 Fortis
624 585 704 635 es,
748 580 902 639 porta
955 588 1128 627 meam
1173 574 1545 629 inﬁrmitatem
1578 577 1595 628 ':
1632 574 1785 629 infir-

201 678 326 719 mus
359 679 440 729 es,
469 663 654 733 accipe
677 666 939 723 medelam
967 682 997 722 a
1019 669 1290 723 communi
1323 669 1563 727 Ecclesia
1592 688 1606 725 :
1631 678 1782 741 gutta

200 772 311 814 una
374 768 670 815 torrentem
732 774 840 814 non
889 748 1042 815 facit.
1097 758 1155 814 Si
1201 759 1348 814 enim
1395 767 1451 814 et
1501 760 1780 826 ceciderit,

199 860 495 918 antequam
531 851 712 917 cadat,
743 867 769 903 a
798 853 945 905 terra
983 848 1327 905 absorbettIr.
1370 848 1533 905 'Gutta
1574 860 1782 917 autem,

201 950 261 999 et
297 944 472 1015 gutta,
504 953 561 998 et
585 952 732 1013 gutta
763 942 926 998 etiam
972 950 1182 997 montes
1225 943 1442 998 evertit.
1489 942 1670 999 Canna
1724 958 1784 999 es

206 1028 437 1106 fragilis,
470 1034 623 1089 multi
654 1043 834 1089 autem
886 1023 1036 1088 ferro
1084 1041 1213 1087 sunt
1265 1032 1540 1089 fortiores.
1582 1033 1785 1091 Oculus

203 1126 356 1184 solus
383 1138 488 1181 non
515 1134 598 1181 est
618 1125 833 1191 oculus,
866 1140 1041 1195 neque
1064 1135 1437 1197 caputcaput,
1475 1139 1651 1197 neqtte
1689 1142 1785 1198 pes

202 1235 326 1290 pes.
364 1218 697 1289 Compositio
743 1218 886 1274 enim
936 1218 1303 1273 membrorum
1363 1227 1531 1272 letum
1583 1223 1783 1274 bonum

202 1306 358 1362 facit.
404 1304 536 1361 Nam
568 1304 671 1361 etsi
715 1310 866 1361 esses
901 1303 1112 1373 oculus,
1160 1306 1397 1371 ablatus,
1423 1322 1547 1362 eras
1585 1319 1781 1365 caecus.

200 1400 250 1455 Δ
273 1411 497 1468 corpore
525 1398 669 1452 enim
699 1396 946 1452 sublatus
969 1394 1184 1463 oculus,
1218 1409 1394 1453 creetis
1438 1405 1523 1454 est
1566 1399 1783 1464 oculus,

200 1490 380 1560 magis
411 1495 591 1545 autem
633 1497 897 1543 mortuus.
924 1488 981 1543 In
1013 1488 1254 1545 Ecclesia
1289 1488 1486 1544 fratres
1537 1494 1639 1546 sub
1673 1492 1786 1547 alas

201 1579 397 1635 matris
419 1578 811 1636 conveniamus
840 1589 857 1639 ξ
887 1579 940 1634 in
962 1577 1205 1635 Ecclesia
1250 1581 1304 1634 in
1333 1593 1437 1651 qua
1465 1585 1783 1638 ornamenta

204 1688 420 1749 sponsae
446 1679 592 1739 sunt,
620 1680 674 1726 et
703 1671 947 1727 membra
968 1670 1193 1737 Christi,
1223 1687 1331 1728 non
1361 1674 1428 1729 ad
1469 1673 1785 1740 schismata,

1886 482 2050 539 Forte
2092 484 2234 539 enim
2290 481 2520 553 apostoli
2580 480 2695 534 haec
2743 475 3057 531 fundarunt.
3091 473 3208 529 Non
3252 474 3457 545 lapides

1884 574 2026 641 dico,
2068 575 2162 630 sed
2198 575 2410 645 negotia
2450 585 2655 628 rerum.
2691 571 2821 626 Exis
2860 570 2930 625 ab
2959 567 3226 633 Ecclesia,
3272 578 3330 624 et
3371 582 3458 625 ro-

1883 666 2084 739 linquis
2123 677 2352 723 matrem
2396 675 2541 722 tuam
2572 672 2793 736 propter
2843 677 2949 716 me.
2979 661 3116 727 Quid
3150 676 3269 716 sum
3313 660 3458 717 enim

1885 774 2007 831 ego,
2042 765 2137 815 aut
2173 759 2399 823 Paulus,
2425 766 2520 812 aut
2552 755 2741 825 Apollo
2765 754 2886 825 quis
2921 754 3041 807 est?
3088 753 3163 807 De
3188 768 3274 809 me
3312 762 3369 807 et
3406 761 3459 810 te

1885 853 1990 908 erit
2022 867 2221 908 sermo.
2254 849 2392 905 Num
2428 860 2528 921 ego
2569 847 2865 903 cruciﬁxus
2911 846 3068 901 sum?
3096 845 3338 899 Necdum
3390 858 3460 900 ne

1886 943 2103 1013 quidem
2127 943 2334 1014 alapam
2361 941 2567 1012 accepi.
2602 939 2643 993 Ε
2665 938 2943 994 contrario
2977 948 3175 1002 autem,
3209 947 3265 991 et
3288 937 3460 992 hono-

1885 1042 2039 1090 ratus
2088 1045 2207 1090 sum
2260 1041 2479 1104 propter
2526 1030 2734 1087 Iesum.
2788 1032 2854 1087 Et
2896 1030 2987 1086 ille
3023 1029 3240 1100 quidem
3291 1028 3459 1083 multa

1890 1140 2080 1196 passus
2103 1134 2186 1181 est
2214 1134 2435 1195 propter
2456 1137 2542 1179 me
2574 1142 2591 1177 :
2630 1138 2730 1192 ego
2769 1134 2948 1178 autem
3000 1123 3298 1176 honoratus
3333 1135 3454 1176 sum

1888 1228 2109 1290 propter
2146 1218 2343 1287 ipsum.
2389 1216 2458 1271 Et
2485 1231 2584 1271 nos
2618 1216 2835 1285 quidem
2886 1214 3147 1271 feriamur
3197 1213 3461 1271 adversus

1888 1326 2130 1374 crucem,
2176 1319 2232 1365 et
2274 1309 2568 1365 adversum
2607 1321 2730 1362 eum
2764 1307 2855 1377 qui
2902 1317 3118 1377 propter
3158 1320 3257 1361 nos
3302 1306 3374 1361 fel
3409 1313 3462 1361 et
3512 1342 3517 1345 -

1889 1411 2100 1457 acetum
2141 1401 2296 1465 bibit,
2329 1409 2384 1456 et
2407 1398 2737 1471 imponimus
2780 1398 2831 1453 ei
2865 1398 3050 1469 spina’s
3090 1399 3273 1470 magis
3292 1412 3461 1469 quam

1889 1493 2077 1560 Judai,
2101 1502 2157 1549 et
2187 1492 2470 1547 effodimus
2502 1504 2697 1547 manus
2738 1490 2856 1561 eius
2899 1499 2955 1547 et
2993 1490 3181 1560 pedes,
3225 1499 3281 1546 et
3300 1490 3464 1546 dinua

1888 1598 2163 1640 meramus
2182 1582 2299 1652 ejus
2325 1597 2448 1637 ossa
2484 1599 2498 1635 :
2530 1580 2664 1647 Qua:
2701 1581 2865 1648 enim,
2900 1580 3100 1650 inquit,
3131 1580 3330 1650 fecistis
3367 1579 3464 1635 imi

1891 1692 1956 1730 ea:
1985 1672 2218 1729 minimis
2246 1674 2371 1729 istis
2404 1673 2495 1744 qui
2523 1677 2740 1727 credunt
2782 1674 2838 1726 in
2864 1688 2968 1738 me,
2997 1672 3125 1725 mihi
3173 1672 3367 1739 fecistis
3395 1670 3466 1739 “,

206 1781 316 1820 non
342 1764 407 1819 ad
432 1764 687 1820 hazreses.
717 1761 1020 1833 Aliquoties
1039 1763 1184 1819 enim
1217 1764 1341 1821 dico
1370 1783 1383 1820 :
1417 1760 1640 1821 offendit
1668 1782 1785 1820 mea
1824 1775 1868 1835 Β
1894 1776 1988 1820 aut
2022 1764 2225 1820 bonum
2260 1774 2354 1820 aut
2387 1763 2614 1819 malum.
2652 1763 2778 1819 Haec
2808 1762 3007 1819 fratres
3044 1773 3099 1820 et
3146 1763 3199 1818 in
3243 1764 3330 1820 his
3357 1763 3466 1820 fra-

206 1857 430 1926 lingua:
465 1865 645 1925 potest
673 1855 787 1909 ﬁeri
816 1863 875 1909 ut
917 1870 1071 1911 mens
1117 1868 1233 1911 mea
1286 1855 1547 1911 offendat.
1596 1857 1701 1913 Sed
1732 1868 1786 1912 tu

205 1949 361 2003 noli:
389 1947 707 2003 obliviscere
749 1942 826 2018 (8)
867 1957 990 2003 eum
1029 1948 1120 2017 Qui
1168 1948 1304 2002 dixit
1346 1964 1361 2001 :
1403 1944 1584 2003 Pretio
1629 1950 1789 2020 empti

206 2042 356 2107 estis,
387 2039 548 2095 nolite
576 2039 693 2108 ﬁeri
722 2038 857 2093 servi
896 2039 1166 2095 hominum
1188 2037 1254 2094 ι’.
1284 2040 1392 2096 [sta
1424 2043 1567 2097 enim
1595 2043 1790 2098 domus

207 2148 318 2189 non
342 2147 460 2189 mea
482 2140 566 2187 est
586 2141 680 2186 aut
708 2141 821 2190 tua.
866 2131 977 2187 Cur
1028 2134 1132 2187 mei
1185 2148 1348 2189 causa
1379 2134 1591 2188 recedis
1623 2149 1651 2187 a
1688 2134 1791 2188 Do-

206 2224 413 2281 minica
460 2225 661 2280 domo?
707 2223 773 2279 Et
824 2225 999 2294 primo
1040 2225 1254 2295 quidem
1301 2226 1430 2296 quid
1480 2226 1791 2295 accepimus

206 2317 368 2374 nobis
396 2317 521 2388 quia
554 2316 909 2388 sapientiores
939 2317 1193 2372 omnibus
1227 2316 1453 2372 sumus?
1479 2316 1683 2372 Deinde
1730 2325 1793 2371 ut

207 2410 338 2478 quid
364 2410 508 2480 quod
538 2409 591 2463 in
615 2422 777 2479 prece
803 2407 880 2481 (9)
910 2407 1155 2463 diabolus
1189 2408 1373 2473 habet,
1405 2408 1670 2462 donamus
1704 2406 1792 2462 ei?

210 2498 270 2555 Si
307 2514 406 2571 ego
430 2500 676 2555 infirmus
705 2515 845 2564 sum,
888 2508 942 2553 tu
963 2499 1051 2567 qui
1089 2513 1148 2554 es
1170 2497 1343 2563 fortis,
1374 2514 1478 2554 non
1509 2499 1803 2563 recedens,-

211 2594 474 2648 eonﬁrma
519 2591 843 2648 Ecclesiam.
892 2592 950 2647 Si
994 2605 1097 2661 ego
1140 2590 1316 2645 aliena
1350 2590 1562 2660 loquor,
1601 2605 1699 2645 cur
1734 2599 1789 2644 tu

214 2683 305 2755 qui
330 2684 469 2739 bene
504 2682 748 2753 loqueris
792 2681 1065 2737 abstrahis
1091 2693 1145 2736 te
1166 2690 1225 2734 ut
1248 2680 1536 2736 videantur
1566 2697 1684 2735 mea
1711 2681 1794 2736 in-

216 2774 460 2829 firmari?
482 2773 548 2828 Et
576 2788 644 2828 ne
670 2774 793 2844 quis
813 2787 898 2828 me
927 2770 1400 2844 putet'incitatum
1431 2772 1498 2826 ad
1528 2772 1793 2841 quosdam

217 2867 549 2922 dicere:sed
590 2866 658 2921 ab
681 2865 939 2921 exercitio
975 2864 1087 2937 (10)
1128 2879 1248 2919 sum
1300 2862 1591 2919 multorum
1625 2879 1640 2915 :
1681 2862 1796 2918 scio

222 2968 428 3030 quanta
459 2960 599 3015 dicta
637 2969 764 3015 sunt
814 2966 871 3013 et
911 2959 1182 3013 dicuntur.
1229 2955 1613 3024 Unusquisque
1649 2955 1795 3010 enim

220 3067 470 3124 quaerens
496 3052 637 3107 unde
671 3059 928 3123 pascatur
963 3049 1175 3104 furatur
1198 3049 1333 3120 (Η).
1365 3048 1605 3102 Minores
1640 3064 1653 3100 :
1685 3045 1797 3101 fra-

1890 1865 2045 1912 tres:
2080 1872 2188 1912 non
2239 1865 2453 1927 semper
2510 1856 2750 1920 nomina,
2799 1858 2895 1912 sed
2940 1871 3048 1912 res.
3122 1857 3466 1916 Christianus

1889 1949 2031 2003 enim
2060 1964 2241 2014 verus,
2297 1948 2465 2003 frater
2507 1947 2599 2003 sit.
2648 1946 2821 2003 Verus
2874 1947 3216 2004 Christianus
3255 1967 3268 2005 :
3303 1965 3466 2006 verus

1890 2050 1975 2097 est
2023 2041 2168 2096 enim
2229 2041 2499 2097 Christus.
2545 2040 2788 2107 Fratres,
2842 2039 3058 2107 fratres,
3119 2042 3285 2098 nolite
3345 2058 3468 2099 esse

1890 2133 2109 2203 piratae,
2173 2133 2342 2188 nolite
2406 2133 2721 2188 bellatores.
2789 2128 2967 2189 Nolite
3033 2148 3274 2203 quaerere
3338 2149 3463 2191 cum

1892 2241 1998 2295 quo
2068 2225 2319 2295 liligetis,
2389 2226 2481 2280 sed
2534 2241 2693 2296 quem
2772 2225 3013 2282 salvetis.
3089 2225 3206 2296 lpse
3283 2237 3463 2282 autem

1880 2312 2034 2373 Deus
2093 2318 2259 2387 pacis,
2310 2318 2400 2387 qui
2447 2333 2551 2372 non
2610 2318 2851 2388 pepercit
2910 2318 3189 2387 unigenito
3219 2333 3317 2374 suo
3370 2317 3463 2373 Fi-

1892 2407 1986 2473 lio,
2021 2417 2076 2463 et
2106 2407 2253 2462 misit
2316 2423 2440 2463 eum
2486 2412 2549 2462 ad
2588 2408 2815 2464 salutem
2865 2418 3128 2475 nostram,
3183 2409 3301 2478 ipse
3339 2424 3461 2464 om-

1892 2500 2040 2554 nium
2084 2510 2326 2555 vestrum
2356 2500 2568 2556 animas
2610 2501 2677 2555 ad
2711 2513 2873 2555 uuam
2920 2501 3360 2565 consensionem,
3393 2501 3464 2556 ad

1894 2606 2055 2645 unam
2080 2592 2450 2657 concordiam,
2490 2592 2555 2645 ad
2601 2605 2764 2646 unum
2816 2607 3002 2660 pacem
3043 2603 3100 2648 et
3148 2592 3466 2648 charitatem

1895 2682 2093 2736 adunet
2117 2695 2214 2751 per
2238 2683 2571 2752 unigenitum
2603 2699 2760 2738 suum
2789 2680 2982 2738 Filium
3009 2702 3023 2738 :
3055 2699 3153 2755 per
3190 2699 3350 2755 quem
3382 2693 3469 2741 est

1895 2790 2001 2829 non
2037 2784 2166 2830 nato
2193 2775 2339 2829 Patri
2381 2775 2572 2846 gloria,
2616 2777 2810 2845 honor,
2866 2777 3175 2847 imperimn,
3209 2776 3467 2847 majestas

1895 2867 1950 2923 in
1979 2867 2180 2937 Spiritu
2225 2878 2436 2932 sancto,
2465 2877 2519 2923 et
2552 2882 2692 2923 nunc
2722 2877 2777 2923 et
2812 2882 3046 2940 semper,
3077 2878 3128 2923 et
3158 2882 3252 2939 per
3285 2868 3467 2925 omnia

1897 2954 2093 3009 saecula
2124 2954 2469 3009 saeculorum.
2498 2954 2690 3008 Amen.

918 3195 3457 3237 mm

225 3199 2079 3245 WE

982 3420 1741 3579 EUSEBII
1797 3414 2719 3576 PAMPHILI

800 3717 1029 3831 DE
1155 3707 2891 3830 RESURBECTIONE.

1378 4083 1735 4172 LIBER
1807 4082 2303 4173 PRIMUS.

1799 4282 1870 4296 _

290 4443 501 4499 Dictum
521 4452 604 4499 est
625 4442 838 4514 quidem
862 4458 891 4497 a
924 4440 1077 4498 nobis
1104 4450 1158 4497 ct
1184 4452 1306 4497 ante
1330 4440 1397 4497 de
1433 4440 1790 4497 resurrectio-
1816 4450 1859 4506 C
1894 4452 2073 4497 autem
2134 4448 2187 4495 et
2222 4454 2341 4510 quae
2376 4435 2509 4492 lecta
2543 4443 2705 4501 sunt;
2754 4431 2894 4487 forte
2942 4427 3105 4486 etiam
3153 4437 3295 4496 saepe
3318 4423 3478 4480 nobis

214 4550 321 4602 ne;
359 4536 586 4591 audistis
622 4545 675 4590 et
714 4549 810 4590 vos
858 4551 870 4589 :
912 4535 1004 4590 sed
1041 4535 1222 4589 omnia
1283 4542 1526 4601 tempora
1574 4532 1798 4600 exigunt

214 4644 371 4685 suum
419 4628 676 4691 fructum,
715 4626 978 4696 siquidem
1029 4636 1083 4681 et
1137 4626 1190 4679 in
1230 4637 1471 4695 tempore
1523 4640 1795 4689 rosarum,

1898 4533 2223 4599 dicentibus,
2251 4530 2475 4585 necdum
2508 4527 2724 4597 quidam
2765 4526 2831 4579 de
2859 4518 3258 4578 resurrectione
3285 4528 3476 4571 susce-

1898 4633 2096 4695 perunt
2140 4635 2444 4679 sermonem
2489 4637 2501 4672 :
2544 4617 2680 4672 nihil
2726 4613 2980 4684 prohibet
3015 4619 3258 4679 repetere
3291 4620 3391 4661 nos
3421 4614 3480 4662 et

215 4735 354 4775 rosae
378 4719 683 4775 florescunt.
724 4695 1036 4789 Agnoscunt
1072 4726 1250 4771 autem
1288 4726 1345 4771 et
1376 4719 1670 4772 secundum
1701 4711 1794 4772 Je—
1894 4718 2094 4780 denuo,
2128 4723 2183 4769 et
2214 4715 2280 4769 de
2303 4713 2387 4767 his
2417 4708 2551 4781 ipsis
2579 4716 2814 4763 tractare
2839 4704 2904 4758 ι’.
2934 4703 3131 4758 Eadem
3163 4699 3307 4753 enim
3343 4695 3478 4752 scri-

218 4814 446 4869 remiam
480 4811 556 4877 ‘7,
602 4822 657 4866 et
684 4811 1002 4866 hirundines
1058 4819 1266 4879 tempus
1313 4818 1369 4865 et
1417 4810 1503 4862 alii
1545 4822 1794 4879 passeres

215 4906 370 4975 agri;
401 4920 627 4974 quorum
657 4904 916 4974 propheta
941 4901 1140 4957 faciens
1167 4902 1516 4967 mentionem,
1549 4902 1797 4970 increpa-

216 4997 308 5052 bat
352 4995 515 5052 lsrael
549 4995 639 5065 qui
665 5003 906 5064 tempora
946 4992 1249 5064 ignorabat.
1295 4992 1362 5048 Et
1394 5001 1604 5061 tempus
1645 4991 1794 5046 omni

216 5089 300 5144 rei
325 5103 444 5145 esse
466 5087 900 5155 sapientissimus
934 5085 1068 5139 dixit
1094 5083 1349 5139 Salomon
1372 5084 1437 5141 ³⁸.
1470 5083 1605 5151 Quia
1631 5082 1796 5152 igitur

216 5188 432 5248 tempus
468 5176 711 5249 exposcit
741 5176 809 5230 de
841 5173 1237 5229 resurrectione
1267 5173 1511 5237 tractari,
1539 5176 1797 5241 expetunt

1899 4810 2030 4865 bere
2073 4818 2171 4863 nec
2204 4800 2428 4859 Paulum
2466 4800 2638 4872 piguit
2681 4814 2696 4852 :
2739 4798 2795 4855 hi
2822 4796 2965 4852 enim
3012 4794 3105 4865 qui
3130 4790 3356 4847 credunt
3390 4803 3481 4844 re-

1902 4901 2256 4958 surrectionis
2286 4911 2586 4959 sermones,
2628 4900 2789 4948 erunt
2834 4889 3065 4944 tutiores
3091 4902 3104 4939 :
3136 4883 3275 4941 forte
3296 4890 3479 4936 autem

1902 4993 1993 5063 qui
2018 4993 2246 5048 necdum
2276 4987 2419 5044 suasi
2450 4986 2597 5051 sunt,
2624 4981 3017 5039 suadebuntur.
3062 4973 3219 5028 Nunc
3240 4971 3482 5027 creditur

1901 5083 2045 5137 enim
2079 5080 2318 5137 sermoni
2347 5077 2437 5148 qui
2473 5076 2539 5130 de
2571 5070 2962 5130 resurreCIione
2989 5067 3255 5128 habetur;
3279 5070 3334 5116 et
3366 5075 3482 5113 ma-

1903 5184 2007 5239 gna
2053 5176 2138 5226 est
2185 5165 2475 5223 multitudo
2507 5177 2614 5217 non
2650 5158 3006 5215 credentium.
3046 5150 3288 5209 Gentiles
3334 5149 3481 5206 enim

292 5314 526 5373 "lCor.
555 5315 766 5383 vr,.20‘,:
800 5324 853 5371 et
892 5331 985 5383 vn,
1010 5314 1103 5370 25.
1177 5313 1224 5346 “
1250 5311 1440 5371 Matth.
1472 5326 1602 5379 xxv,
1626 5309 1717 5366 40.
1795 5308 1837 5340 ¹⁷
1876 5303 1989 5361 Jer.
2011 5317 2133 5366 vm,
2164 5301 2219 5355 7.
2295 5297 2341 5330 "
2377 5295 2555 5352 Eccle.
2591 5308 2673 5360 ut,
2700 5294 2788 5347 1⁷7.
2868 5293 2911 5324 ³⁸
2948 5286 3182 5359 Philipp.
3210 5299 3295 5352 tu,
3320 5283 3373 5338 Ι.

258 5435 371 5519 .(8)
400 5432 528 5489 Noli
569 5450 588 5488 :
636 5434 959 5489 obliviscere.
1016 5431 1181 5488 Forte
1238 5430 1329 5485 sed
1384 5439 1439 5485 tu
1499 5427 1608 5482 noli
1662 5424 1778 5480 obli-

210 5537 223 5575 δ
252 5522 373 5648 “(‘33
408 5575 473 5632 In
512 5590 665 5645 prece
702 5573 791 5648 Ἐν
816 5574 973 5646 εὐχῇ,
1008 5573 1062 5628 in
1093 5570 1325 5648 voto,_in
1354 5568 1573 5648 optatis.

297 5640 408 5718 (1'0)
438 5640 522 5699 ιη’
555 5646 824 5718 exercitio.
870 5640 1055 5710 I'd'est,
1082 5659 1148 5701 ex
1197 5640 1499 5698 ministerio
1530 5652 1650 5695 meo
1680 5650 1800 5692 mea

219 5716 399 5777 meo
428 5719 491 5772 ad
522 5716 718 5771 multos
740 5719 988 5777 pertinet.

1977 5415 2167 5491 (ﬂ)?
2169 5422 2378 5491 uratur.
2407 5411 2465 5491 1!
2470 5414 2660 5491 inor-es.
2689 5408 2851 5491 Forte
2881 5398 3480 5491 fugatqrimitior‘sﬂs‘,

1905 5468 2389 5554 est‘."a'dducitper
2430 5482 2672 5554 fraudem
2723 5494 2751 5533 e
2776 5468 2901 5554 simi
2942 5474 3195 5531 Ecclesia:
3222 5468 3483 5554 parrulos

1908 5541 2125 5623 inviide,
2148 5541 2359 5627 sibique
2389 5549 2825 5627 adjttugitLande
2852 5546 3031 5601 alatur
3065 5563 3079 5599 :
3115 5542 3303 5627 quales
3341 5541 3377 5597 ii
3414 5541 3485 5597 de

1911 5618 2298 5703 quibusvludas
2324 5618 2496 5701 apoat.
2521 5622 2606 5686 12,
2632 5618 2944 5687 Ssmstipsos
2973 5623 3258 5686 pascentes.
