3822 6218
270 361 277 368 -
347 330 517 391 "1'07!

1048 322 1319 384 ιυειεθιι
1354 317 1831 379 CESARIENSIS
1866 315 2015 372 OPP.
2058 313 2236 370 PARS
2274 312 2362 367 lV.
2403 342 2472 353 -—-
2511 310 2930 367 DOGMATICA.

3489 304 3627 358 1072

376 468 490 509 non
510 448 773 514 credunt;
809 445 1049 503 bcretici
1084 444 1248 502 simili
1275 443 1434 499 modo
1483 443 1673 498 iisdem
1714 456 1821 497 non
1859 440 1949 493 ha-
1978 444 2022 499 Α
2057 435 2202 490 tilice
2232 434 2322 503 qui
2348 432 2491 504 apud
2519 447 2617 488 nos
2640 444 2743 496 est,
2771 429 2975 484 humile
3003 426 3274 495 loquatur.
3304 422 3372 478 Et
3399 437 3505 478 non
3537 438 3631 478 co.

378 544 509 601 bent
537 541 695 596 ﬁdem
714 536 929 605 i'lludaai
956 535 1112 592 divisi
1140 544 1264 591 sunt
1288 536 1354 590 de
1380 532 1795 589 resurrectione.
1815 529 1951 585 Sad—

381 634 551 692 duczei
580 632 722 687 enim
753 630 1100 699 intercipiunt
1126 626 1239 700 (l2)
1260 627 1735 692 resurrectionem,
1755 622 1949 677 Phari-

381 727 473 783 saei
503 733 998 790 autent-suscepere
1032 737 1047 774 :
1082 719 1184 773 nisi
1225 718 1399 788 magis
1442 719 1495 770 in
1529 716 1739 785 injuriis
1780 713 1949 784 petie-

370 826 531 881 runt,
568 828 731 885 quam
766 813 1169 867 honoraverunt
1199 829 1213 864 :
1240 810 1381 864 forte
1432 818 1610 862 autem
1664 815 1716 861 et
1763 804 1855 874 qui
1896 804 1949 856 in

370 902 997 967 Ecclesia-conveniunt,
1029 901 1181 955 multi
1212 901 1459 954 dubitant
1497 899 1561 952 de
1600 895 1954 951 resurrectio-

383 1014 487 1066 ne;
510 1011 645 1067 quae
676 995 817 1050 enim
855 993 1080 1048 necdum
1114 992 1289 1047 oculis
1320 991 1591 1055 videnlur,
1633 1004 1663 1043 a
1708 987 1953 1058 plurimis

383 1104 490 1145 non
513 1086 830 1143 creduntur.
857 1081 989 1137 Nam
1013 1092 1066 1137 et
1092 1082 1127 1135 ii
1153 1082 1243 1151 qui
1278 1082 1576 1149 suscipiunt
1603 1079 1953 1133 resurrectio-

363 1176 845 1243 anemrconstituti
895 1184 1077 1244 utpote
1128 1174 1181 1227 in
1225 1172 1482 1234 Ecclesia,
1533 1172 1695 1226 multa
1754 1170 1957 1225 habent

382 1272 546 1329 dubia
568 1270 636 1323 in-
666 1276 849 1323 mente
878 1266 943 1320 de
981 1264 1097 1334 ipsa
1125 1264 1542 1318 resurrectione.
1578 1262 1746 1315 Aiunt
1776 1263 1953 1323 enim,

370 1359 655 1432 quomodo
674 1354 1060 1427 resurgemus?
1096 1355 1147 1407 in
1182 1369 1288 1422 quo
1338 1354 1547 1415 habitu,
1577 1366 1680 1420 qua
1722 1365 1949 1404 conver-

383 1453 617 1514 satione,
644 1450 696 1503 in
724 1463 831 1517 quo
860 1445 1017 1500 loco?
1048 1444 1173 1498 nudi
1198 1459 1263 1496 an
1283 1442 1505 1497 vestiti?
1534 1440 1957 1495 manducantes?

382 1557 491 1598 non
508 1540 823 1610 indigentes
844 1536 1006 1591 esca?
1032 1536 1084 1587 in
1102 1533 1257 1597 cmlo,
1276 1534 1328 1586 in
1356 1532 1640 1601 paradiso?
1664 1545 1852 1585 omnes
1880 1530 1958 1583 si-

383 1633 520 1697 mul,
553 1648 622 1686 an
659 1629 750 1684 alii
785 1627 944 1682 alibi?
972 1627 1101 1691 Quae
1126 1623 1452 1679 diversitas?
1498 1631 1677 1675 utrum
1711 1622 1763 1675 in
1802 1620 1955 1685 locis,

361 1736 476 1779 .aut
505 1725 557 1778 in
591 1719 985 1791 dignitatibus?
1024 1718 1091 1772 Et
1121 1718 1185 1771 de
1214 1718 1295 1771 his
1321 1717 1410 1785 qui
1440 1716 1735 1785 puniuntur
1777 1723 1956 1768 utrum

370 1826 696 1883 -et~semper,
728 1822 819 1865 aut
845 1821 1055 1878 tempus
1078 1808 1316 1876 aliquod,
1342 1816 1397 1861 et
1416 1818 1592 1859 utrum
1626 1819 1837 1874 semper
1864 1820 1960 1873 per

372 1907 700 1976 ignem,~aut
725 1901 1013 1971 aliquando
1040 1898 1233 1952 aliter?
1260 1898 1323 1952 Et
1353 1908 1531 1952 utrum
1575 1896 1664 1965 qui
1703 1897 1877 1964 plura,
1907 1905 1961 1949 et

358 2010 573 2066 aparva,
608 2004 663 2047 et
695 1992 785 2062 qui
812 1991 976 2045 multa
1012 1998 1395 2059 peccaverunt,
1445 2003 1657 2057 semper
1692 1987 1962 2041 habebunt

383 2084 635 2156 poenam?
666 2082 732 2136 Et
763 2081 805 2135 si
835 2080 1093 2134 videbunt
1138 2094 1196 2133 se
1247 2079 1500 2133 invicem.
1544 2088 1637 2131 aut
1666 2078 1959 2132 secundum

360 2174 708 2231 «eminentias
735 2173 825 2228 alii
858 2173 911 2226 in
937 2171 1039 2225 alio
1067 2172 1187 2226 loco
1218 2169 1507 2239 punientur
1529 2211 1541 2223 .
1576 2170 1641 2223 Et
1663 2180 1841 2223 utrum
1869 2170 1961 2239 qui

375 2269 689 2339 puniuntur
734 2266 780 2320 si
836 2265 1155 2333 semetipsos
1182 2264 1439 2318 videbunt
1473 2263 1620 2334 (125);
1656 2272 1709 2317 et
1746 2263 1789 2317 si
1831 2263 1960 2330 justi

380 2372 498 2421 eos,
518 2357 617 2426 qui
660 2356 711 2409 in
744 2354 921 2425 pmnis
949 2362 1076 2407 sunt
1109 2371 1122 2406 :
1159 2363 1213 2407 et
1246 2356 1291 2407 si
1331 2354 1366 2407 ii
1396 2352 1487 2423 qui
1526 2354 1576 2406 iu
1613 2353 1789 2421 pmnis
1816 2363 1960 2416 sunt,

384 2453 553 2518 iustos
594 2445 977 2517 conspiciunt?
1004 2445 1067 2501 Et
1092 2446 1237 2500 mille
1254 2454 1380 2499 sunt
1404 2446 1730 2515 qum-stiones
1752 2446 1817 2499 de
1842 2461 1965 2515 pro-

384 2545 559 2613 posita
602 2542 1019 2598 resurrectione.
1072 2540 1262 2595 Tantis
1295 2542 1459 2612 igitur
1501 2540 1792 2618 propositis
1826 2555 1966 2608 qute-

383 2637 679 2702 stionibus,
722 2644 775 2690 et
796 2634 962 2688 tantis
992 2647 1097 2688 non
1127 2634 1492 2701 credentibus,
1530 2644 1584 2687 et
1613 2634 1777 2687 tantis
1805 2633 1966 2686 dubi-

386 2728 661 2794 tantibus;
688 2726 934 2782 oratione
967 2740 1105 2794 Opus
1132 2735 1235 2791 est,
1264 2736 1321 2780 ut
1348 2725 1517 2795 ipsius
1556 2723 1967 2777 resurrectionis

384 2819 672 2884 Dominus,
716 2827 773 2874 et
827 2818 1122 2886 impensius
1153 2817 1370 2885 quidem
1408 2816 1613 2870 tribuat
1661 2828 1965 2869 sermonem

379 2910 609 2975 dicenti,
638 2909 965 2964 intellectum
992 2919 1170 2963 autem
1203 2907 1569 2961 audientibus.
1606 2906 1881 2975 Siquidem
1912 2914 1968 2959 et

383 3003 456 3056 iis
478 3016 596 3071 quae
628 3002 769 3055 dicta
797 3010 923 3054 sunt
953 3000 1097 3055 aliud
1122 3016 1287 3053 unum
1327 3008 1411 3052 est
1440 3013 1730 3053 commune
1752 2998 1965 3059 vitium,

387 3096 530 3163 quod
565 3094 813 3163 jurgatur
834 3094 1097 3146 adversus
1132 3091 1610 3145 resurrectionem.
1644 3088 1794 3142 Multi
1822 3089 1965 3142 enim

389 3195 517 3238 sunt
544 3186 633 3252 qui
674 3192 922 3252 peccant,
960 3183 1112 3251 pauci
1160 3193 1341 3235 autem
1389 3183 1481 3251 qui
1532 3197 1592 3236 se
1636 3180 1966 3236 custodiunt.

386 3272 469 3327 llli
495 3275 658 3343 igitur
688 3274 780 3342 qui
818 3274 1157 3341 delinquunt,
1204 3272 1394 3326 nolunt
1446 3286 1565 3327 esse
1611 3272 1971 3326 resurrectio-

391 3381 536 3429 nem,
568 3374 625 3418 ut
657 3380 764 3418 non
794 3367 1074 3418 incurrant
1099 3365 1152 3418 in
1184 3379 1404 3432 pinnas;
1441 3365 1533 3419 sed
1555 3379 1704 3419 suam
1734 3363 1973 3418 volunta-

390 3467 499 3509 tem
554 3458 773 3511 decreto
807 3456 1224 3511 resurrectionis
1275 3466 1579 3526 opponunt,
1617 3466 1671 3510 et
1712 3458 1971 3510 resistunt

390 3549 522 3603 Deo.
568 3550 705 3616 Quia
751 3549 894 3603 enim
942 3548 1128 3602 volunt
1177 3564 1205 3601 a
1256 3549 1471 3618 negotio
1527 3547 1742 3600 liberari
1802 3546 1971 3599 seruet

396 3641 713 3705 morientes,
770 3640 957 3695 nolunt
1012 3640 1065 3694 in
1102 3650 1271 3695 totum
1316 3655 1439 3695 esse
1492 3640 1970 3701 resurrectionem,

391 3741 455 3786 ut
485 3748 589 3786 non
634 3733 867 3786 habeant
899 3746 1142 3791 causam,
1181 3747 1355 3800 neque
1395 3733 1653 3785 rationem
1684 3731 1807 3783 vita:
1834 3746 1972 3799 prae-

391 3834 542 3879 stent
573 3834 696 3893 post
725 3822 1145 3891 mortemjudici
1189 3820 1316 3876 Deo.
1351 3822 1489 3892 Ergo
1514 3824 1764 3891 jurgatur
1798 3833 1851 3875 et
1876 3823 1973 3875 ho-

392 3929 514 3971 tum
569 3912 819 3967 voluntas
871 3913 1089 3967 decreto
1136 3914 1597 3967 resurrectionis:
1637 3914 1762 3982 quia
1810 3914 1974 3981 igitur

393 4015 546 4061 tanta
581 4015 637 4059 et
670 4004 795 4058 talia
829 4012 957 4057 sunt
1005 4018 1125 4072 quze
1171 4014 1506 4073 quaeruntur,
1559 4005 1808 4060 oratione
1839 4020 1974 4073 opus

392 4106 498 4160 est,
533 4104 590 4149 ut
618 4096 791 4149 victor
824 4105 1042 4163 superet
1071 4095 1370 4149 universos.
1395 4093 1511 4149 Non
1540 4096 1850 4166 ignoramus
1878 4114 1974 4151 au-

398 4201 507 4243 tem
548 4199 595 4242 et
621 4188 772 4250 illud,
804 4190 929 4258 quia
954 4189 1105 4243 multi
1138 4200 1458 4257 putaverunt
1495 4190 1661 4242 Deum
1692 4189 1831 4243 nihil
1858 4206 1975 4243 am-

398 4281 540 4349 plius
567 4292 727 4349 posse
754 4295 914 4346 quam
947 4294 1066 4335 nos.
1101 4279 1295 4333 Incerti
1336 4288 1462 4332 sunt
1495 4278 1637 4331 enim
1667 4287 1722 4331 et
1757 4288 1989 4333 movent

393 4380 449 4425 et
474 4370 750 4424 adducunt
782 4371 834 4422 in
866 4370 1041 4424 medio
1075 4370 1375 4423 istiusmodi
1407 4370 1781 4436 quaestionem.
1826 4370 1972 4423 Mor-

2053 528 2224 597 gitant
2255 535 2519 595 quantum
2570 526 2801 578 interest
2857 521 2997 574 inter
3051 518 3217 571 Demn
3275 525 3329 569 et
3383 515 3635 569 homines

2053 628 2314 673 mortuos.
2341 617 2634 671 Gentiliqu
2672 615 2836 683 igitur
2862 612 3011 665 multi
3038 609 3201 664 semel
3233 608 3635 677 providentiam

2054 711 2106 764 in
2141 708 2224 763 his
2246 709 2496 764 omnibus
2523 708 2821 777 ejicieutes,
2847 713 2899 757 et
2934 720 2961 757 a
2990 704 3096 757 Deo
3145 702 3267 755 vivo
3308 702 3638 769 semetipsos

2054 799 2392 865 fraudantes,
2437 801 2552 853 ausi
2586 808 2709 853 sunt
2742 799 2947 857 dicere.
2981 794 3121 865 quod
3166 803 3219 848 et
3270 804 3519 862 repetere
3552 805 3637 845 tu-

2057 904 2168 947 tum
2201 909 2306 947 non
2340 902 2441 948 est.
2483 890 2562 944 Illi
2591 889 2735 945 enim
2767 889 2885 944 sine
2931 887 3041 941 Deo
3084 893 3303 956 agentes
3352 900 3503 953 spem
3557 899 3636 936 re-

2054 985 2412 1041 surrectionis
2438 983 2773 1036 interimunt.
2815 979 2915 1047 Qui
2947 979 3090 1033 enim
3132 993 3257 1032 eum
3285 978 3373 1043 qui
3411 977 3639 1030 suscitat

2058 1088 2272 1145 negant,
2302 1074 2513 1129 difﬁcile
2543 1084 2628 1128 est
2669 1082 2726 1126 ut
2751 1071 3114 1125 Conﬁteantur
3160 1067 3636 1121 resurrectiOuem.

2058 1169 2164 1225 Sed
2204 1169 2573 1237 relinquamus
2605 1167 2798 1219 horum
2830 1160 3324 1231 importunitatem,
3355 1170 3414 1212 ut
3444 1174 3471 1210 a
3508 1172 3640 1227 pue-

2057 1263 2131 1317 ris
2161 1262 2570 1317 convincantur.
2620 1256 2729 1311 Nec
2768 1257 2911 1310 enim
2946 1254 3011 1306 ad
3045 1266 3235 1307 omnes
3284 1262 3496 1306 certare
3542 1267 3642 1305 nos

2057 1370 2155 1425 par
2183 1364 2287 1419 est,
2315 1368 2489 1423 neque
2528 1353 2593 1405 ad
2617 1347 3063 1417 omnesjurgari;
3102 1345 3368 1414 siquidem
3420 1359 3521 1398 nec
3575 1342 3641 1395 ad

2058 1447 2277 1501 insanos
2309 1442 2688 1497 consuevimus
2734 1441 2799 1494 de
2827 1438 3248 1510 cogitationibus
3274 1437 3423 1490 sanis
3449 1435 3595 1504 loqui
3624 1452 3638 1485 :

2057 1540 2149 1609 qui
2185 1550 2364 1592 autem
2411 1536 2781 1604 imprudenter
2829 1534 2902 1586 ita
2942 1532 3249 1601 jurgantur,
3282 1546 3384 1584 non
3428 1530 3494 1582 ad
3524 1546 3644 1591 110s,

2058 1632 2153 1685 sed
2180 1631 2246 1684 ad
2279 1631 2450 1699 ipsum
2482 1630 2722 1681 ordinem
2748 1624 3068 1690 ofﬁciorum,
3103 1634 3158 1678 et
3182 1624 3247 1676 ad
3284 1622 3499 1691 opiﬁcia
3527 1637 3644 1688 quze

2058 1722 2207 1794 jussa
2257 1730 2579 1789 sequuntur,
2615 1720 2679 1771 ad
2730 1718 2861 1771 solis
2898 1717 3111 1771 scilicet
3149 1730 3391 1779 cursum,
3441 1714 3506 1767 ad
3545 1713 3644 1765 im-

1988 1791 2032 1846 Β
2060 1791 2412 1867 mutationem
2441 1811 2603 1875 luuze,
2648 1810 2713 1862 ad
2744 1809 3020 1862 stellarum
3055 1808 3274 1867 choros,
3309 1809 3375 1858 ad
3405 1803 3641 1857 transla-

2062 1905 2263 1958 tionem
2298 1903 2553 1957 horarum
2587 1900 2699 1971 (ιι)
2732 1916 2852 1970 qum
2879 1913 2973 1967 per
2996 1913 3166 1951 annos
3187 1895 3320 1951 efﬁci
3348 1906 3647 1949 consueve-

2063 2006 2208 2062 runt,
2258 1995 2323 2049 ad
2358 1993 2593 2049 ofﬁcium
2642 1992 2826 2056 maris,
2871 1990 2939 2044 ad
2980 1999 3202 2055 terram,
3239 1988 3304 2041 ad
3338 2002 3548 2049 aerem,
3578 1987 3647 2039 ad

2062 2088 2319 2157 pluviam,
2347 2096 2401 2140 et
2424 2084 2489 2138 ad
2515 2082 2697 2138 omnia
2726 2097 2844 2150 quze
2870 2090 3193 2148 sequuntur,
3223 2079 3289 2131 ad
3312 2075 3493 2131 ofﬁcia
3518 2085 3647 2129 mta—

2064 2192 2198 2243 tum,
2230 2180 2296 2233 ad
2325 2179 2629 2242 hominum,
2654 2176 2722 2230 ad
2747 2174 3086 2237 animalium,
3117 2172 3183 2225 ad
3211 2171 3389 2224 avium
3418 2167 3649 2223 diversi:

2064 2282 2223 2337 tates,
2278 2270 2345 2324 ad
2383 2270 2653 2333 vultuum,
2710 2267 2777 2321 ad
2813 2265 3113 2335 specierum
3157 2262 3420 2329 habitum,
3476 2269 3535 2314 ut
3580 2260 3652 2315 ﬁt

2064 2364 2356 2434 unicuique
2414 2363 2749 2418 conveniens
2802 2376 2949 2425 esca,
3017 2359 3383 2412 membrorum
3444 2366 3653 2426 partes,

2065 2455 2306 2509 dentium
2339 2453 2573 2520 numeri,
2624 2452 2947 2521 ungularum
2995 2465 3281 2513 mensurae,
3329 2447 3650 2516 capillorum

2064 2548 2261 2611 ollicia,
2293 2546 2616 2616 compositio
2646 2550 3014 2600 membrorum
3062 2562 3076 2598 :
3116 2545 3229 2597 haec
3257 2545 3439 2597 omnia
3486 2542 3658 2600 silete.

2070 2640 2143 2693 tio
2171 2639 2409 2693 clamant
2441 2638 2713 2707 opiﬁcem,
2743 2650 2799 2693 et
2828 2638 3161 2707 provisorem
3184 2635 3424 2690 omnium
3459 2635 3657 2689 Deum.

2067 2732 2203 2798 Quia
2239 2732 2403 2800 igitur
2453 2732 2555 2783 ista
2616 2730 2743 2785 ειεθί
2802 2746 2910 2784 non
2972 2729 3244 2794 viderunt,
3287 2743 3384 2795 per
3434 2744 3498 2782 ea
3536 2743 3660 2795 qua:

2068 2822 2320 2876 videntur
2350 2819 2675 2875 invisibilem
2705 2839 2722 2874 :
2752 2821 2976 2874 stultmn
3019 2827 3106 2873 est
3137 2820 3201 2872 de
3227 2818 3502 2872 coloribus
3543 2817 3661 2883 jur-

2066 2912 2182 2983 gari
2216 2913 2281 2966 ad
2317 2928 2492 2968 czecos
2543 2928 2558 2966 :
2598 2914 2729 2981 quid
2759 2911 2903 2966 enim
2933 2908 3205 2964 eﬁicacius
3234 2918 3317 2963 est
3342 2910 3437 2963 Dei
3472 2910 3663 2979 provio

2069 3005 2441 3074 dentiaiquid
2490 3015 2671 3059 autem
2702 3005 2865 3059 breve
2895 3005 3035 3073 quod
3068 3012 3290 3072 putatur
3338 3018 3443 3056 non
3497 3003 3551 3057 in
3603 3015 3662 3055 se

2071 3096 2337 3164 aequalem
2384 3111 2413 3148 a
2460 3094 2754 3163 majoribus
2799 3093 3103 3148 invenietur
3131 3094 3329 3147 habere
3363 3094 3662 3163 providen-

2075 3188 2241 3241 tiam?
2266 3187 2375 3241 Cur
2400 3189 2545 3241 enim
2577 3187 2925 3242 formicarum
2954 3186 3196 3241 salvetur
3225 3200 3394 3255 geuus
3421 3186 3474 3237 in
3500 3185 3660 3237 simi-

2074 3277 2338 3332 litudine?
2361 3294 2458 3332 cur
2483 3278 2663 3347 apium
2692 3290 2745 3332 et
2771 3278 3110 3343 operatioues
3136 3276 3188 3329 in
3214 3288 3505 3330 commune
3536 3274 3659 3326 rei-

2073 3370 2297 3433 duntur,
2320 3380 2375 3424 et
2398 3370 2580 3424 habita
2602 3369 2839 3423 minimis
2863 3370 2915 3422 in
2940 3368 3282 3422 substantia?
3304 3382 3421 3435 quae
3438 3368 3659 3436 quidem

2072 3472 2127 3515 et
2158 3461 2208 3513 iu
2237 3460 2441 3525 volatu,
2476 3472 2529 3514 et
2570 3475 2849 3531 processu,
2886 3469 2941 3514 et
2971 3474 3244 3527 regressu,
3301 3469 3355 3511 et
3400 3458 3450 3510 iu
3495 3471 3660 3524 opere

2073 3553 2425 3606 consentiunt
2450 3553 2576 3606 sibi.
2608 3552 2739 3617 Quis
2778 3552 2905 3605 fecit
2945 3551 3083 3604 mel?
3112 3550 3299 3618 utique
3339 3549 3427 3616 qui
3454 3558 3661 3602 Consti-

2076 3645 2177 3697 tuit
2210 3645 2557 3711 medicinam,
2604 3659 2726 3714 quas
2771 3659 2835 3697 eo
2869 3645 2935 3696 ad
2967 3641 3231 3696 medelam
3267 3645 3437 3701 utitur
3491 3641 3660 3692 hemi-

2076 3752 2229 3791 num.
2260 3736 2400 3802 Quid
2432 3738 2574 3791 enim
2602 3753 2707 3791 non
2739 3736 2961 3806 plenum
2992 3744 3075 3788 est
3110 3732 3488 3801 providentia?
3531 3732 3659 3801 quid

2075 3843 2180 3881 non
2221 3829 2419 3881 clamat
2455 3828 2787 3895 provisorem
2822 3826 3025 3879 Deum?
3064 3824 3252 3881 Nonne
3304 3825 3505 3888 herbae,
3539 3839 3661 3892 qua:

2076 3920 2364 3973 utilitatem
2402 3920 2643 3988 praebent
2694 3918 2953 3971 medelis?
3001 3933 3177 3971 nanne
3209 3916 3384 3986 pisces
3442 3931 3474 3971 e
3521 3917 3659 3969 mari

2076 4012 2343 4080 producti,
2377 4010 2594 4077 quidam
2636 4010 2852 4078 quidem
2888 4011 2957 4063 ad
2984 4024 3159 4073 escas,
3211 4009 3429 4076 quidam
3481 4018 3660 4061 autem

2074 4103 2139 4156 ad
2170 4101 2366 4156 curas?
2388 4100 2578 4155 Nonne
2602 4100 2806 4168 lapides
2846 4101 3022 4164 incisi,
3053 4112 3109 4155 ut
3138 4099 3227 4153 alii
3257 4100 3477 4169 quidem
3506 4098 3664 4151 utiles

2075 4194 2182 4247 sint
2210 4194 2275 4246 ad
2305 4192 2533 4246 aediﬁcia
2572 4201 2627 4246 et
2661 4200 2797 4246 tecta
2830 4202 2887 4247 et
2915 4201 3287 4260 operamenta,
3332 4190 3426 4245 alii
3471 4204 3661 4243 moes-

2076 4287 2205 4342 sarii
2264 4285 2332 4340 ad
2376 4300 2662 4354 corporum
2690 4286 2975 4348 sanitates,
3021 4285 3143 4354 quia
3174 4292 3229 4337 et
3267 4282 3664 4336 inﬁrmantur?

2076 4379 2264 4434 Nonne
2300 4395 2437 4433 escae
2468 4379 2589 4433 aliae
2614 4379 2735 4433 aliis
2760 4380 3129 4441 succedentes,
3158 4388 3213 4432 et
3245 4377 3363 4431 alia:
3394 4393 3517 4433 cum
3546 4380 3664 4432 aliis

398 4471 521 4516 ιυυε
543 4473 649 4527 εει,
686 4461 879 4530 inquit.
925 4462 1015 4529 (ιυὶ
1052 4470 1296 4513 momnis
1324 4470 1443 4525 CSl;
1480 4470 1533 4513 el
1568 4460 1713 4513 illam
1756 4462 1970 4530 quidem
2006 4479 2049 4534 ι)
2079 4472 2440 4541 insequentes.
2471 4473 2759 4525 ostendunt
2788 4481 3205 4542 praaparatorem
3242 4471 3450 4525 Deum?
3475 4470 3665 4525 Nonne

395 4567 604 4624 partem
659 4557 776 4625 ejus
819 4554 998 4623 aquila
1038 4553 1386 4607 manducavit
1433 4561 1526 4605 aut
1564 4551 1761 4606 vultur.
1810 4551 1975 4606 Forte

394 4658 575 4702 autem
606 4662 708 4701 non
732 4647 1011 4715 patiuntur
1038 4645 1235 4715 aquila:
1262 4644 1565 4698 istiusmodi
1590 4642 1971 4699 humilitatem.

392 4738 591 4804 Aliam,
626 4741 822 4809 inquit,
855 4739 1064 4807 accepit
1090 4738 1261 4799 cauis,
1284 4747 1338 4790 et
1364 4751 1555 4791 canem
1587 4745 1643 4790 ut
1664 4746 1792 4805 puta
1826 4752 1967 4789 saeva

393 4831 573 4885 bellua
632 4832 981 4885 manducavit
1028 4846 1041 4880 :
1094 4839 1186 4882 aut
1224 4829 1366 4882 aliud
1413 4829 1629 4897 aliquod
1658 4828 1879 4893 animal,
1918 4840 1973 4881 et

393 4923 537 4979 istud
565 4923 766 4977 animal
792 4921 1153 4984 interfectum,
1185 4922 1525 4977 combustum
1559 4930 1663 4984 est,
1698 4932 1790 4973 aut
1822 4929 1975 4974 certe

393 5017 697 5087 obputruit,
734 5024 828 5069 aut
850 5016 1024 5084 ipsum
1049 5015 1116 5068 ab
1149 5014 1253 5066 alio
1281 5015 1513 5082 quodam
1541 5021 1838 5066 comestum
1866 5023 1971 5074 est,

395 5106 512 5161 lieri
558 5107 702 5160 enim
754 5105 857 5159 hoc
899 5113 1102 5173 potest;
1152 5111 1319 5165 tanta,
1376 5103 1574 5170 inquit,
1619 5100 1969 5155 successione

396 5196 559 5258 facta,
587 5207 642 5252 et
668 5212 797 5251 casu
832 5210 1021 5251 eorum
1051 5195 1141 5262 qui
1175 5194 1370 5246 mortui
1417 5207 1542 5247 sunt
1576 5194 1644 5245 ab
1676 5192 1781 5245 alio
1810 5191 1862 5245 in
1892 5194 1970 5244 al-

396 5298 594 5350 terum,
624 5289 914 5356 quomodo,
948 5287 1141 5356 inquit,
1190 5294 1368 5355 potest
1416 5284 1556 5337 Deus
1602 5284 1843 5337 invenire
1873 5285 1974 5337 iui-

397 5381 567 5437 tium?
592 5392 843 5451 tanquam
873 5382 937 5434 de
962 5380 1123 5451 ﬁgulo
1155 5379 1361 5447 aliquo,
1396 5387 1481 5430 aut
1518 5377 1585 5430 de
1613 5377 1844 5446 quodam
1882 5393 1972 5429 ar-

471 5515 582 5585 (12)
617 5514 986 5581 Intercipt'unt.
1022 5513 1164 5567 Infra
1196 5512 1301 5569 col.
1325 5511 1525 5585 {075d
1549 5528 1560 5562 :
1587 5509 1645 5563 Si
1682 5510 1969 5585 intercepe-

399 5581 571 5640 rimus
590 5588 981 5647 resurrectionis
1004 5600 1185 5650 spem:
1210 5594 1263 5637 et
1296 5599 1442 5653 supr.
1475 5581 1564 5635 lib.
1599 5596 1636 5640 ι.
1662 5584 1817 5649 paulo
1850 5591 1969 5646 post

401 5658 609 5709 initium
678 5668 693 5707 :
769 5654 938 5706 Filius
990 5654 1207 5707 Verbum
1278 5656 1448 5706 dictus
1538 5669 1640 5703 non
1707 5654 1965 5717 intercipit

399 5724 590 5784 Deum.

2075 4566 2370 4618 secundum
2396 4564 2819 4634 uniuscujusque
2840 4565 3081 4619 habitum
3101 4565 3348 4618 animalis
3372 4580 3662 4628 mensura,

2078 4657 2498 4724 magnitudines,
2552 4659 2920 4733 compagi‘nes,
2964 4658 3203 4710 membra
3252 4667 3379 4711 sunt
3410 4656 3559 4718 data,
3613 4672 3665 4710 et

2080 4750 2503 4818 unumquodque
2556 4750 2623 4802 ad
2680 4765 2833 4803 suam
2884 4749 3261 4803 necessitatem
3310 4755 3361 4802 et
3404 4747 3663 4801 virtutem

2079 4840 2324 4908 accepit?
2358 4840 2522 4910 Equis
2548 4840 2693 4893 enim
2722 4839 2978 4893 velocitas
3002 4840 3126 4893 data
3146 4850 3252 4902 cst,
3279 4848 3337 4891 ut
3368 4839 3667 4907 insequan-

2082 4939 2169 4981 tur
2203 4941 2257 4984 et
2283 4929 2528 5000 fugiunt;
2556 4930 2677 4984 aliis
2706 4930 3031 4984 animalibus
3056 4929 3337 4993 fortitudo,
3374 4938 3433 4981 ut
3463 4930 3665 4982 sensim

2079 5033 2362 5090 portarent
2395 5022 2631 5091 pondera
2680 5026 2781 5079 sibi
2814 5023 3087 5091 imposita.
3130 5020 3195 5075 Et
3235 5032 3551 5076 mensurata
3586 5032 3667 5074 est

2081 5111 2373 5181 unicuique
2406 5115 2600 5179 virtus,
2646 5116 2909 5184 potentia,
2954 5113 3293 5182 magnitudo,
3333 5112 3667 5167 conveniens

2082 5218 2227 5267 esca,
2256 5214 2310 5257 et
2335 5204 2465 5273 ipsis
2494 5207 2818 5261 animalibus
2849 5208 3069 5276 pr0pria
3100 5205 3267 5271 salus,
3292 5219 3413 5271 quae
3444 5216 3663 5273 gustare

2084 5292 2359 5355 deberent,
2398 5305 2452 5347 et
2486 5310 2519 5347 a
2558 5296 2753 5365 quibus
2796 5311 2853 5349 se
2880 5296 3195 5350 abstinere:
3231 5294 3436 5349 homini
3485 5304 3663 5347 autem

2084 5393 2137 5436 et
2168 5385 2237 5437 ab
2273 5387 2391 5440 aliis
2422 5390 2751 5444 animalibus
2790 5389 3256 5444 irratiOnabilibus
3293 5402 3424 5441 usus
3453 5397 3540 5441 est
3566 5388 3662 5441 da-

2073 5519 2260 5640 ἀειςιὸ)
2292 5520 2388 5575 Ms.
2422 5520 2488 5574 Et
2521 5524 2706 5575 iterum
2729 5524 2819 5592 qui
2847 5524 3157 5591 puniuntur,
3186 5524 3233 5576 si
3259 5524 3566 5593 sentctipsos
3589 5520 3662 5579 αἱ·

2176 5606 2287 5640 “IN.

2176 5606 2287 5641 ιιιιι.

2146 5661 2257 5729 (li)
2290 5662 2578 5715 Horarum.
2621 5660 2816 5733 Ὥρων,
2850 5672 3249 5732 tempestatum.
