3822 6218
192 336 337 393 ιοπ

1301 336 1391 390 DE
1428 336 2032 394 BESURRECTIONE.
2063 365 2129 385 ο·-
2164 337 2295 391 'L'IB.
2331 338 2374 393 ι.

3303 334 3464 393 ΝΠἻ

193 459 297 512 tus.
324 462 379 505 et
407 466 436 504 a
467 450 662 520 plantis
684 457 738 504 et
760 451 827 505 ab
853 449 1161 513 arboribus,
1193 464 1221 503 a
1254 449 1536 520 lapidibus,
1567 465 1595 503 a
1624 448 1760 503 mari
1793 453 1839 509 Α
1868 461 1971 501 non
1994 448 2268 516 pertinet?
2308 447 2755 516 quemadmodum
2798 454 2977 502 autem
3010 445 3268 517 pertinet,
3291 447 3335 504 si
3366 449 3440 504 si'

190 554 244 601 et
281 558 309 596 a
342 532 487 595 terra
521 560 533 595 :
571 542 803 609 undique
846 541 989 594 enim
1034 541 1362 595 constitutus
1397 549 1482 594 est
1516 538 1678 592 veluti
1711 539 1765 592 in

187 649 303 689 uno
328 648 553 702 corpore
576 634 807 685 mundus
837 633 1159 699 coniunctus
1190 632 1313 686 sibi.
1345 632 1415 685 Et
1435 630 1768 700 unumquod-

195 739 296 796 que
328 726 541 793 quidem
570 734 708 791 quod
738 723 938 777 factum
971 735 1073 788 est,
1112 725 1385 792 propriam
1420 723 1579 776 habet
1605 731 1765 775 uatu-

184 832 306 874 ram
342 827 397 870 et
442 817 707 881 salutem;
742 816 968 881 plurima
1005 825 1183 868 autem
1224 829 1451 884 quaeque
1485 813 1536 867 in
1568 827 1627 867 se
1674 825 1769 866 ne-

183 910 425 964 cessaria
457 909 713 962 continet.
745 908 982 975 Denique
1014 913 1093 962 sol
1127 909 1331 976 positus
1359 908 1574 976 quidem
1608 916 1690 961 est
1712 906 1764 959 in

186 1014 291 1054 suo
316 998 453 1061 loco,
493 999 653 1052 habet
687 1007 863 1051 autem
910 998 1182 1065 propriam
1231 997 1676 1062 magnitudinem,
1714 1005 1769 1050 et

187 1091 432 1162 possidet
466 1102 742 1157 acceptum
775 1105 928 1143 suum
976 1088 1258 1158 fulgorem,
1293 1098 1348 1142 et
1398 1088 1665 1142 illuminat
1704 1104 1767 1147 ea

187 1197 312 1250 quae
359 1184 412 1235 in
448 1190 588 1234 terra
632 1181 915 1242 habentur,
948 1179 1086 1233 fovet
1119 1187 1172 1233 et
1204 1178 1470 1233 calefacit.
1520 1178 1586 1232 Et
1630 1194 1770 1235 nunc

188 1273 410 1341 quidem
437 1272 644 1342 longius
681 1272 997 1335 abscedens,
1030 1272 1521 1327 ceditconfectioni
1555 1274 1768 1337 hiemis,

190 1372 250 1413 ut
279 1370 537 1415 statutum
570 1370 685 1424 est;
730 1375 869 1413 nunc
923 1371 1103 1414 autem
1150 1362 1338 1414 iterum
1378 1370 1681 1426 revocatus,
1716 1373 1771 1417 et

189 1453 259 1506 ad
281 1466 557 1505 mensuras
585 1453 867 1513 accedens,
896 1466 1002 1504 non
1032 1452 1208 1505 subito
1237 1462 1428 1517 nocet;
1476 1453 1771 1507 exussisset

190 1542 338 1594 enim
379 1542 581 1605 omnia,
634 1543 678 1595 si
711 1543 887 1595 subito
915 1542 981 1595 ad
1019 1557 1080 1595 ea
1126 1543 1297 1610 spatia
1341 1558 1460 1611 qua:
1497 1543 1772 1595 dimiserat

194 1633 550 1697 recurrisset;
588 1647 760 1701 neque
782 1634 972 1686 iterum
998 1649 1100 1686 non
1127 1633 1435 1686 illuminans
1461 1633 1769 1694 intermisit,

189 1734 256 1778 ut
294 1725 501 1779 fructus
537 1740 639 1778 non
674 1735 1065 1793 coquerentur;
1090 1739 1262 1792 neque
1288 1725 1539 1777 advenire
1578 1725 1643 1777 ad
1676 1724 1774 1777 im-

1870 537 2071 591 miiiter
2098 538 2329 592 moritur
2347 539 2545 608 justus,
2568 546 2623 592 et
2644 536 2874 607 impius?
2899 538 2950 592 ls
2977 539 3118 592 enim
3146 538 3239 608 qui
3266 538 3442 594 aliena

1869 628 2031 698 rapit,
2058 628 2253 683 fruitus
2276 641 2361 684 est
2394 645 2513 699 qua:
2542 630 2761 699 diripuit
2794 628 2906 700 (15)
2940 646 2955 684 :
2984 630 3073 698 qui
3115 640 3303 685 autem-
3346 647 3445 686 sua

1870 720 2074 782 amisit,
2107 719 2238 773 abiit
2257 735 2478 790 gemens
2509 736 2611 774 non
2640 722 2844 775 habens
2880 721 3075 789 spem?
3104 722 3207 777 Sed
3234 740 3344 778 non
3361 733 3462 780 es».

1870 812 2134 882 iniquitas
2160 816 2299 881 apud
2332 813 2515 868 Deum.
2548 812 2605 867 Si
2640 814 2784 866 enim
2810 829 2912 867 non
2947 824 3029 869 est
3055 830 3177 885 spes
3200 830 3453 871 resnrre-r

1869 904 2083 966 ctionis,
2122 910 2175 957 et
2207 903 2454 958 solatium
2481 903 2585 957 illis
2616 904 2702 972 qui
2733 904 2855 958 istic
2891 915 3174 965 uocentur,
3207 914 3261 960 et
3304 921 3431 961 men

1871 1010 1962 1051 ces
1992 995 2077 1049 his
2109 996 2198 1064 qui
2225 1009 2319 1050 sua
2358 994 2481 1049 istic
2508 1005 2788 1065 spargunt,
2841 1010 3030 1066 magna
3077 997 3336 1064 iniquitas
3364 1002 3445 1052 est

1872 1087 2010 1155 apud
2033 1086 2258 1156 justum.
2304 1085 2361 1140 Si
2388 1088 2531 1141 enim
2559 1101 2707 1156 aequa
2735 1089 3034 1142 redduntur
3067 1090 3335 1153 omnibus,
3360 1089 3441 1159 je-

1864 1176 2075 1247 junanti
2111 1186 2164 1232 et
2196 1178 2431 1241 ebrioso,
2479 1178 2762 1234 libidinoso
2802 1189 2855 1234 et
2878 1181 3093 1250 pudico,
3130 1182 3360 1251 rapienti
3392 1192 3441 1235 et

1871 1268 2117 1333 donanti,
2160 1270 2426 1325 occidenti
2474 1280 2529 1325 et
2583 1270 2631 1325 ei
2674 1271 2762 1340 qui
2811 1272 3097 1334 occiditur,
3153 1282 3206 1326 et
3258 1272 3305 1326 ei
3352 1273 3443 1343 qni

1871 1358 2191 1426 martyrium
2222 1358 2363 1412 tollit
2383 1358 2518 1428 (16),
2553 1360 2642 1414 ubi
2672 1360 2842 1415 virtus
2876 1370 2957 1415 est
2984 1363 3369 1431 providentia?
3392 1362 3443 1418 In

1874 1449 2159 1517 prmcipnis
2186 1450 2329 1503 enim
2370 1450 2416 1504 si
2449 1449 2699 1515 defuerit,
2730 1467 2835 1507 non
2872 1453 2978 1507 erit
3006 1454 3150 1508 utilis
3183 1468 3357 1523 neque
3390 1453 3444 1508 in

1876 1541 2133 1595 minimis.
2170 1540 2273 1595 Sed
2310 1556 2413 1595 non
2457 1542 2526 1596 sit
2574 1542 2915 1613 sacrilegium
2965 1543 3105 1598 istud
3164 1544 3444 1600 admittere

1873 1646 2241 1701 quemquam:
2278 1632 2391 1686 sive
2429 1632 2573 1686 enim
2616 1634 2844 1705 gentiles
2888 1643 3014 1688 sunt
3058 1632 3150 1703 qui
3190 1635 3446 1689 adversus

1876 1724 2332 1777 resurrectionem
2372 1734 2567 1789 augent
2601 1727 2756 1779 nobis
2800 1724 3085 1790 rationem,
3134 1724 3224 1794 qui
3262 1724 3447 1779 volunt

193 1821 377 1881 petum
411 1813 586 1865 subito
621 1814 824 1867 currit:
860 1822 1201 1866 atmensura:
1226 1822 1281 1866 et
1304 1813 1574 1867 recedenti
1601 1825 1657 1865 et
1689 1827 1762 1866 re-
1805 1793 1850 1848 Β
1876 1815 2087 1869 ratione
2144 1828 2204 1868 se
2240 1828 2399 1884 agere
2437 1827 2655 1875 cuncta,
2704 1814 2796 1884 qui
2830 1823 2957 1869 sunt
3002 1793 3395 1870 irrationabiles
3428 1831 3443 1869 :

194 1904 434 1955 currenti
467 1913 591 1957 sunt
616 1905 771 1956 datae.
802 1903 917 1957 Non
949 1903 1348 1973 conjunguntur
1377 1906 1491 1958 dies
1522 1904 1769 1959 nortibus

192 1993 461 2050 habentes
500 1988 698 2056 solum;
747 2009 788 2047 SI
821 1995 960 2048 enim
991 1994 1103 2048 haec
1147 1995 1220 2047 ita
1259 2004 1460 2059 essent,
1510 1996 1776 2048 arsissent

191 2087 401 2143 oniiiia.
437 2087 541 2141 Sed
576 2086 656 2140 sol
688 2086 901 2154 quidem
939 2101 1035 2153 per
1063 2086 1201 2140 diem
1248 2085 1413 2152 fovet,
1447 2100 1537 2140 ros
1592 2096 1771 2139 autem

191 2189 520 2232 nocturnum
551 2177 861 2244 consolatur
883 2178 1152 2231 ardorem.
1183 2176 1247 2230 Et
1274 2191 1525 2232 mensura
1569 2192 1595 2230 a
1630 2186 1773 2231 terra

191 2272 276 2323 sul
310 2272 495 2333 distat,
519 2279 577 2323 ut
604 2283 776 2337 neque
799 2269 1163 2338 propinquans
1195 2277 1432 2331 noceret,
1465 2284 1638 2338 neque
1666 2269 1775 2321 lon-

193 2360 317 2428 gius
339 2359 552 2413 distans
578 2358 764 2427 frigori
791 2359 1025 2413 cederet.
1060 2358 1323 2411 Mensura:
1353 2359 1512 2428 igitur
1541 2360 1623 2413 his
1655 2374 1777 2429 quae

194 2452 250 2505 in
279 2452 417 2505 coelo
451 2462 575 2506 sunt
601 2454 666 2505 ad
696 2466 757 2505 ea
783 2466 905 2520 qua:
940 2451 991 2503 in
1023 2461 1161 2504 terra
1202 2450 1505 2515 habentur;
1540 2464 1639 2503 nec
1668 2465 1774 2503 non

190 2554 394 2612 etquae
448 2545 499 2597 in
555 2543 689 2597 mari
735 2543 801 2597 ad
847 2552 1069 2605 terram,
1113 2549 1168 2596 et
1200 2542 1305 2595 diei
1338 2542 1404 2594 ad
1435 2552 1684 2605 noctem,
1722 2551 1778 2595 et

193 2637 358 2689 hiemi
399 2637 464 2689 ad
509 2647 773 2689 aestatem.
834 2636 897 2689 Et
952 2650 1056 2689 non
1099 2644 1244 2687 tanta
1289 2633 1468 2702 eloqui
1530 2644 1774 2703 possunt,

191 2736 393 2795 quanta
443 2728 690 2781 universa
738 2739 927 2781 natura
969 2728 1284 2796 proclamat.
1347 2726 1476 2781 Caeli
1528 2739 1777 2781 enarrant

189 2820 419 2889 gloriam
461 2819 580 2884 Dei,
629 2837 784 2885 Opera
825 2832 997 2875 autem
1034 2837 1283 2875 manuum
1328 2820 1443 2889 ejus
1495 2822 1775 2873 annuntiat

192 2914 586 2981 ﬁrmamenta»:
620 2915 687 2977 '°,
716 2914 847 2967 dicit
871 2912 1157 2982 Propheta.
1194 2912 1248 2965 In
1284 2912 1389 2965 alio
1422 2922 1601 2965 autem
1634 2913 1781 2980 psal-

196 3018 290 3057 ιιιο
320 3020 348 3056 a
379 3019 589 3056 sursum
634 3020 803 3071 usque
838 3005 1087 3058 deorsum
1128 3004 1304 3077 omnis
1332 3011 1583 3056 creatura
1612 3004 1773 3055 dinu-

199 3108 465 3151 tneratur.
512 3097 578 3150 Et
610 3109 755 3151 certe
802 3108 856 3150 et
890 3099 999 3165 ipse
1031 3097 1122 3166 qui
1159 3095 1321 3157 dicit,
1370 3094 1500 3149 Coeli
1525 3105 1776 3149 enarrant

1874 1908 2322 1974 quemadmodum
2368 1904 2475 1958 Deo
2504 1906 2713 1971 iustitia
2752 1906 3090 1961 salvabitnr?
3139 1908 3259 1962 istic
3301 1909 3445 1962 enim

1874 1999 2120 2052 videmus
2150 2012 2529 2067 nonnunquam
2561 2010 2814 2067 perverse
2839 1999 3049 2067 negotia
3082 2000 3216 2069 geri,
3242 2007 3300 2054 ut
3329 2000 3448 2055 illos

1874 2090 2095 2159 quidem
2127 2091 2217 2159 qui
2242 2099 2464 2143 cantant
2486 2101 2733 2158 putemus
2760 2091 2894 2144 bene
2918 2089 3119 2144 habere
3142 2091 3192 2144 in
3216 2091 3449 2146 mundo:

1876 2182 2009 2236 alios
2039 2192 2241 2247 autem,
2270 2182 2359 2250 qui
2392 2181 2653 2249 diripiunt
2682 2190 2737 2234 et
2768 2180 3029 2245 ditantur,
3070 2180 3237 2235 ltetari
3275 2189 3332 2236 et
3358 2196 3451 2237 sa-

1850 2268 1975 2328 ἰιοε
2007 2287 2130 2327 esse
2149 2287 2395 2342 corpore,
2437 2274 2576 2326 forte
2604 2272 2775 2343 magis
2814 2274 3026 2344 iniquos
3053 2288 3213 2343 quam
3250 2272 3452 2342 iustos,

1875 2374 1931 2419 et
1984 2380 2364 2434 nonnunquam
2416 2364 2605 2420 melius
2660 2380 2857 2435 corpus
2915 2365 3151 2430 habere,
3206 2374 3261 2420 et
3314 2365 3463 2420 ﬁlios

1876 2456 2245 2526 qnamplnres,
2272 2457 2447 2512 ethos
2474 2455 2791 2521 incolumes,
2812 2468 2867 2511 et
2898 2456 3151 2511 mulieres
3178 2471 3300 2511 cum
3325 2456 3465 2511 viris,

1877 2548 2051 2601 laetam
2090 2549 2286 2617 degere
2330 2548 2519 2610 vitam,
2549 2556 2602 2602 et
2628 2562 2903 2603 servorum
2949 2547 3343 2602 multitudinem
3375 2548 3477 2602 eis.

1877 2654 2021 2702 esse,
2056 2647 2111 2693 et
2142 2653 2302 2707 opum
2353 2646 2409 2692 et
2446 2639 2868 2708 possessionum,
2922 2648 2977 2694 et
3029 2640 3243 2695 condita
3284 2637 3480 2694 multa.

1877 2731 2179 2786 substantia
2213 2731 2384 2799 larga,
2422 2747 2581 2801 quam
2625 2740 2693 2786 eL
2727 2732 3113 2786 transmittunt
3160 2733 3223 2786 ad
3272 2731 3449 2787 ﬁlios:

1870 2818 2000 2888 justi
2032 2831 2211 2874 autem
2244 2833 2485 2891 gemunt,
2507 2831 2701 2877 etcum
2729 2836 2962 2877 mcerore
2998 2823 3194 2891 degunt
3222 2822 3275 2877 in
3303 2838 3457 2878 mun-

1878 2912 1947 2965 do
1970 2928 1985 2967 :
2008 2922 2061 2965 et
2094 2912 2183 2966 ubi
2211 2924 2293 2967 est
2328 2913 2532 2983 iustitia
2557 2929 2678 2985 quae
2710 2930 2737 2967 a
2766 2914 2876 2970 Deo
2914 2914 3037 2970 est?
3068 2914 3133 2969 Et
3161 2915 3207 2969 si
3237 2914 3454 2984 quidem

1878 3003 1943 3057 ad
1982 3001 2193 3057 Judasos
2226 3004 2298 3057 sit
2322 3020 2501 3059 sermo
2524 3044 2541 3071 ,
2582 3005 2710 3075 quid
2739 3005 2939 3074 profuit
2966 3008 3214 3072 Abrahm,
3243 3015 3299 3061 ut
3330 3021 3456 3077 pro-

1881 3095 2191 3149 missiOnem
2215 3097 2433 3164 quidem
2457 3097 2748 3167 acciperet,
2780 3098 2844 3151 ad
2869 3099 3253 3167 promissiones
3276 3108 3455 3154 autem

195 3190 426 3259 giarium
468 3189 579 3249 Dei,
617 3207 720 3244 non
764 3190 1089 3257 loquentiam
1134 3188 1357 3242 audivit.
1391 3188 1481 3240 Ait
1504 3188 1644 3241 enim
1678 3204 1777 3241 non
1805 3166 1847 3222 (ἶ
1883 3204 1987 3242 non
2018 3190 2322 3258 perveniret
2355 3206 2368 3242 :
2405 3166 2605 3259 quique
2637 3199 2845 3258 patrem
2874 3166 3106 3259 quidem
3146 3190 3460 3243 amantissi-

194 3294 310 3330 esse
342 3278 591 3344 loquelas,
641 3294 802 3345 neque
850 3294 1111 3330 sermones
1133 3278 1177 3307 “
1212 3294 1225 3330 :
1264 3277 1554 3331 tacentium
1601 3286 1779 3330 autem

196 3384 389 3423 eorum
416 3370 467 3420 in
500 3385 712 3425 omnem
739 3371 992 3423 mundum
1020 3370 1215 3425 exiisse
1246 3384 1435 3426 sonum
1465 3383 1649 3422 eorum
1684 3369 1780 3422 ait.

197 3459 337 3523 Quia
402 3460 561 3528 igitur
616 3474 708 3527 per
758 3468 919 3515 tanta.
955 3475 1072 3527 quin
1104 3460 1337 3513 diximus
1398 3470 1463 3511 et
1490 3460 1779 3519 tacuimus,

199 3552 318 3616 ipsa
350 3566 527 3603 rerum
562 3555 772 3621 negotia
809 3552 1061 3616 clamant,
1091 3560 1143 3605 et
1173 3551 1563 3621 providentiam
1591 3551 1783 3621 prtedi-

199 3652 331 3695 cant
381 3641 474 3695 Dei
497 3660 527 3708 ;_
548 3644 768 3696 rationis
820 3660 922 3696 non
961 3655 1039 3697 est
1074 3643 1139 3695 ad
1168 3658 1262 3697 eos
1298 3643 1387 3710 qui
1436 3641 1784 3710 praescribere

202 3746 452 3788 naturam
485 3737 691 3801 volunt,
714 3747 766 3789 et
798 3736 1027 3788 visibilia
1060 3748 1163 3787 non
1187 3735 1390 3797 videre,
1425 3732 1784 3801 nosmetipsos

202 3829 542 3898 protendere.
603 3829 707 3882 Sed
750 3829 816 3881 ab
855 3827 1061 3880 illorum
1111 3827 1326 3897 quidem
1388 3824 1784 3891 irreligiositate

203 3920 436 3974 transire
464 3921 577 3988 jatn
615 3931 823 3988 tempus
859 3936 954 3975 nos
989 3920 1262 3981 admonet,
1289 3930 1581 3987 properare
1603 3924 1781 3969 autem

201 4014 272 4063 ad
299 4013 482 4075 aliam,
516 4027 583 4066 ne
626 4014 904 4066 videamur
949 4022 1004 4065 et
1041 4011 1401 4065 contaminari
1437 4008 1785 4077 inspicientcs

199 4115 321 4164 eos,
366 4101 456 4169 qui
506 4117 609 4155 non
647 4102 848 4156 vident.
896 4100 1125 4154 Tantum
1161 4108 1339 4153 autem
1396 4099 1515 4152 addi
1551 4107 1780 4167 oportet,

204 4194 333 4261 quia
365 4192 609 4247 confessa
642 4191 979 4261 providentia
1004 4203 1340 4257 consequens
1366 4197 1449 4243 est
1481 4188 1671 4243 adesse
1700 4202 1787 4241 re-

202 4284 624 4345 surrectionem,
662 4282 1115 4364 quemadmodum
1145 4284 1483 4350 conSequens
1515 4287 1570 4335 et
1601 4294 1786 4333 neces-

204 4378 353 4432 saria
395 4388 475 4431 est
520 4379 864 4432 reSnrrectio.
917 4377 1046 4431 Sine
1102 4391 1262 4429 causa
1323 4376 1586 4446 justitiam
1658 4375 1785 4429 colit

199 4471 417 4541 justus?
449 4472 564 4524 sine
593 4485 753 4523 causa
791 4470 1097 4537 pudicitiam
1136 4477 1281 4521 amat
1308 4468 1568 4535 pudicus?
1608 4476 1663 4521 et
1692 4470 1781 4536 qui
1815 4506 1862 4564 Β

208 4562 459 4630 providet
480 4561 562 4614 his
589 4577 706 4628 qttte
728 4562 843 4615 sine
862 4561 1037 4613 anima
1072 4568 1215 4624 sunt,
1240 4559 1524 4613 arboribus
1549 4569 1599 4612 et
1634 4558 1784 4625 plan-

210 4652 304 4715 tis,
340 4650 497 4714 Dens,
531 4653 803 4705 invenitur
842 4650 1186 4705 rationabiles
1221 4651 1433 4703 animas
1470 4648 1782 4718 negligens?

205 4754 263 4799 et
296 4746 387 4812 qui
421 4746 810 4813 providentiam
859 4760 1009 4797 suam
1041 4741 1279 4795 formicis
1311 4743 1569 4810 impertit,
1611 4750 1665 4793 et
1692 4755 1783 4793 os-

210 4840 499 4891 tenditeas
521 4853 637 4905 qua:
670 4853 773 4889 non
807 4837 1004 4889 habent
1034 4835 1403 4887 rationabilem
1439 4849 1676 4895 sensum,
1711 4832 1785 4884 si-

213 4929 386 4981 bimet.
407 4927 735 4988 consentire,
769 4938 823 4997 et
844 4925 1201 4978 imitationem
1227 4923 1527 4976 concordia),
1550 4922 1786 4984 habere;

208 5020 256 5074 si
294 5028 470 5071 tamen
518 5028 570 5071 et
607 5028 854 5086 oporteat
888 5018 990 5068 dici
1029 5016 1333 5069 consentire
1380 5015 1481 5067 sibi
1529 5030 1614 5077 ea,
1670 5029 1790 5083 quas

210 5125 322 5166 non
352 5112 548 5162 habent
580 5123 830 5170 sensum;
859 5109 983 5177 quia
1017 5107 1177 5176 igitur
1200 5119 1255 5158 et
1283 5104 1525 5157 formicis
1545 5106 1791 5173 providet

210 5204 378 5267 Deus,
407 5212 461 5256 et
485 5202 631 5255 dedit
679 5202 755 5256 eis
804 5213 856 5254 et
896 5200 1229 5267 receptacula
1281 5210 1437 5253 terrae
1480 5210 1533 5251 et
1563 5214 1788 5252 concor-

209 5296 383 5357 diam,
417 5295 654 5347 Omnium
695 5294 816 5347 licct
861 5294 967 5345 sint
1000 5302 1186 5345 natura
1229 5290 1573 5349 infirmiores.
1611 5300 1786 5343 tamen

207 5388 318 5450 eis,
347 5401 463 5453 quae
490 5387 751 5450 videmus,
782 5386 995 5439 donavit
1024 5402 1040 5442 :
1078 5388 1143 5439 de
1172 5385 1341 5438 bobus
1376 5396 1553 5435 autem
1595 5398 1788 5436 secun-

208 5478 342 5535 dum
376 5478 685 5547 Apostolnm
721 5480 953 5546 pertinet
984 5478 1047 5528 ad
1082 5476 1330 5540 Deum",
1357 5485 1411 5529 et
1448 5476 1513 5528 de
1555 5476 1708 5529 nobis
1739 5477 1786 5529 ei

283 5571 335 5607 ”
369 5570 510 5625 Psal.
551 5587 705 5637 xvm,
742 5572 793 5625 l.
888 5571 932 5604 ’ί
974 5571 1100 5625 ibid.
1128 5570 1180 5625 4.
1225 5566 1455 5625 ﬂ'ltlnr.
1492 5585 1566 5633 Ix,
1596 5570 1649 5624 9.

288 5684 406 5754 (15)
437 5685 534 5739 Ms.
571 5682 823 5739 Frum'ttts
847 5697 918 5737 est
946 5700 1061 5751 (μίαν
1084 5685 1323 5749 diripuit.

290 5758 405 5825 μυ)
438 5755 532 5810 Ms.
565 5755 629 5809 Et
656 5759 705 5809 ei
729 5757 814 5822 qui
848 5755 1153 5820 martyrium
1192 5756 1333 5809 colit.

1882 3296 2051 3346 mum,
2090 3291 2319 3334 matrem
2348 3281 2561 3350 quidem
2596 3281 2866 3347 dilectam,
2898 3285 3127 3351 patriam
3166 3280 3219 3334 in
3243 3295 3347 3351 qua
3377 3291 3461 3336 est

1881 3374 2141 3427 educatus
2174 3373 2395 3442 reliquit
2422 3384 2641 3443 propter
2668 3373 3040 3443 praeceptum?
3085 3372 3252 3427 Scitis
3280 3381 3459 3426 autem

1881 3478 1937 3519 et
1969 3481 2063 3519 vos
2098 3475 2297 3533 quanta
2332 3465 2600 3534 pernicies
2650 3466 2718 3519 sit
2757 3464 3157 3519 consuetudinis
3196 3463 3463 3517 sustinere

1884 3570 2178 3609 recessum.
2208 3555 2517 3609 Adveniens
2544 3563 2721 3608 autem
2760 3557 2827 3607 ad
2857 3564 3054 3609 terram
3088 3553 3465 3622 repromissio-

1884 3645 1993 3707 nis,
2024 3645 2349 3698 circnmibat
2377 3653 2433 3696 nt
2457 3644 2775 3713 peregrinus
2805 3654 2858 3699 et
2893 3645 3119 3709 advena,
3148 3645 3463 3699 desiderans

1884 3736 2071 3789 satiari
2116 3752 2277 3805 aqua,
2317 3736 2471 3803 cujus
2512 3737 2628 3804 ipse
2656 3735 2796 3799 fons,
2832 3744 3022 3803 puteus
3059 3744 3176 3790 erat
3203 3736 3465 3790 adiuven-

1885 3836 1989 3892 tor,
2031 3827 2121 3896 qui
2155 3826 2202 3880 ei
2235 3827 2443 3881 fructus
2483 3842 2545 3880 ex
2594 3826 2952 3894 promissione
2996 3824 3283 3895 provenit?
3325 3823 3465 3879 Tor-

1886 3929 2123 3974 mentnm
2163 3920 2306 3973 enim
2340 3919 2389 3972 ei
2416 3929 2533 3973 erat
2559 3920 2725 3989 ipsius
2755 3919 3128 3989 promissionis
3164 3919 3460 3975 adventus:

1884 4014 2068 4067 videre
2097 4013 2240 4067 enim
2280 4011 2714 4081 promissionem,
2745 4027 2849 4066 non
2875 4012 3110 4081 permitti
3155 4022 3330 4067 autem
3374 4026 3467 4065 ea-

1883 4103 2006 4168 dem
2036 4102 2162 4168 frui,
2190 4102 2361 4172 magis
2393 4102 2458 4154 ad
2483 4102 2869 4170 blasphemiam
2900 4101 3223 4166 adducebat,
3242 4103 3334 4157 sed
3356 4116 3463 4156 non

1886 4194 2180 4248 Abraham.
2218 4193 2491 4247 Abraham
2530 4193 2674 4247 enim
2703 4193 2908 4248 addens
2948 4203 3003 4247 et
3038 4210 3144 4248 non
3180 4193 3465 4264 perfruens

1887 4293 1945 4335 ut
1973 4297 2155 4336 mensa
2187 4282 2537 4351 appositahet
2563 4281 2867 4350 prohibitus
2892 4281 3182 4352 degustare
3209 4281 3369 4336 etiam
3395 4296 3491 4337 ex.

1890 4374 1975 4426 his
1999 4389 2116 4442 qua:
2138 4382 2617 4442 exsuperaverant,
2644 4374 2715 4428 ita
2739 4373 2992 4428 dimissus
3018 4374 3222 4442 gratias
3249 4373 3464 4443 agebat.

1888 4465 2025 4533 Quid
2055 4479 2184 4535 ergo
2214 4464 2415 4533 profuit
2446 4464 2563 4519 illi?
2590 4465 2693 4520 Sed
2722 4466 2846 4534 quia
2900 4465 3070 4518 filium
3098 4464 3320 4528 habuit;
3349 4472 3468 4530 post

1889 4568 2085 4626 quanta
2147 4567 2434 4624 tormenta,
2488 4567 2609 4627 post
2664 4567 2895 4624 quantas
2947 4555 3254 4609 orationes?
3310 4554 3469 4608 Servi

1890 4650 2160 4703 Abraham
2191 4649 2483 4716 habebant,
2506 4658 2561 4704 et
2591 4648 2863 4703 Abraham
2893 4648 3204 4703 desiderans
3240 4662 3343 4701 non
3369 4647 3464 4700 ba-

1890 4743 2052 4796 bebat
2084 4760 2097 4795 :
2129 4744 2220 4797 sed
2250 4742 2532 4813 conjugem
2580 4742 2833 4807 habebat,
2869 4749 2924 4794 et
2967 4741 3125 4795 ietam
3164 4742 3465 4803 honestam,

1896 4850 2119 4904 qna-que
2151 4838 2219 4889 ab
2245 4851 2308 4890 eo
2333 4836 2506 4888 ablata
2541 4842 2640 4896 est,
2677 4843 2730 4885 et
2760 4832 2913 4886 valde
2941 4846 3147 4893 amare,
3171 4845 3273 4883 non
3303 4830 3471 4883 inter-

1898 4924 2107 4988 ficiens,
2144 4936 2197 4979 et
2224 4935 2439 4978 mutans
2467 4924 2641 4977 locum
2679 4918 2793 4993 (l7)
2828 4931 2883 4974 et
2924 4921 3120 4986 locum,
3156 4931 3471 4990 persevera-

1899 5017 1995 5067 vit.
2024 5017 2211 5069 Dicant
2258 5031 2389 5086 ergo
2418 5013 2586 5069 Judaei
2622 5029 2742 5081 qua:
2778 5012 3121 5082 provenerint
3146 5010 3375 5065 Abrahze
3403 5023 3467 5062 ex

1900 5109 2259 5176 promissione
2311 5111 2362 5160 in
2410 5108 2659 5176 priesenti
2710 5106 2810 5158 hac
2856 5104 2990 5168 vita,
3039 5113 3098 5156 ιιι
3132 5103 3472 5157 abscidamus

1895 5214 2081 5253 eorum
2151 5215 2298 5268 spem
2373 5200 2807 5254 resurrectionis.
2863 5197 2969 5251 Sed
3027 5193 3215 5249 habuit
3280 5193 3468 5248 filium.

1896 5290 2165 5356 Quando?
2190 5294 2345 5345 Circa
2374 5294 2725 5345 centesimum
2774 5306 2970 5345 anumn
3024 5290 3179 5342 datus
3204 5296 3287 5342 est
3322 5288 3370 5341 ei
3410 5284 3475 5339 ﬂ-

1898 5384 2022 5447 lins,
2061 5393 2449 5437 tormentorum
2475 5386 2651 5453 potius
2677 5383 2792 5451 ejus
2813 5390 2867 5435 et
2885 5395 3125 5449 precum.
3158 5377 3292 5446 Quia
3320 5376 3469 5433 enim

1897 5476 2086 5529 habuit
2134 5486 2191 5530 et
2237 5476 2433 5530 bonum
2472 5476 2660 5541 lilium,
2706 5484 2759 5529 et
2800 5474 3010 5528 laetatus
3063 5471 3117 5525 in
3169 5470 3313 5526 dono
3364 5476 3489 5541 est...

1978 5681 2090 5754 (Π)
2121 5680 2335 5736 Locum.
2368 5678 2542 5733 Τόπον
2566 5681 2627 5731 ἐκ
2658 5678 2819 5733 τόπου
2844 5674 3107 5749 ἀμείϐων.
