3822 6218
404 319 542 376 1075

1070 315 1343 377 EUSEBII
1379 314 1855 379 CESABIENSIS
1890 313 2042 372 OPP.
2085 314 2261 370 PARS
2298 314 2389 372 IV.
2424 344 2495 355 —
2532 309 2952 369 DOGMATICA.

3521 296 3657 355 10⁸16

400 448 560 513 putas
609 438 882 509 accipiens
926 437 1096 493 lilium
1149 440 1268 493 sine
1313 438 1610 494 tentatione
1663 438 1729 492 de
1782 443 1981 492 cmtero
2011 441 2055 499 Α
2085 442 2140 489 et
2181 434 2376 489 horum
2422 430 2631 511 ﬂlii,.et
2680 431 2755 487 illi
2806 429 3056 486 homines
3093 424 3293 495 quibus
3342 421 3657 513 peregrinus

400 532 637 590 mansit?
664 542 718 588 et
748 547 855 587 non
888 532 1002 602 ipsa
1045 530 1388 602 pulchritudo
1440 531 1552 596 ﬁlii,
1597 532 1715 600 ipsa
1762 533 1978 599 sapien-

399 625 499 690 tia,
531 624 645 694 ipse
678 622 1000 687 intellectus,
1032 632 1089 677 et
1132 636 1193 676 ea
1243 637 1363 691 quae
1411 622 1464 676 in
1510 635 1575 675 eo
1615 628 1773 674 erant
1818 618 1978 682 bona,

402 725 459 771 et
486 729 824 785 qmecunque
883 713 1123 769 habebat
1181 722 1240 770 ut
1284 714 1481 767 donum
1527 711 1656 776 Dei,
1710 710 1980 765 amariora

404 813 675 858 tormenta
720 811 938 873 operata
988 813 1113 859 sunt
1160 802 1336 873 patri?
1384 801 1512 870 quid
1564 800 1709 859 enim
1764 799 1896 855 dicit
1930 799 1981 859 ei

402 894 585 950 Deus?
610 895 703 965 qui
737 896 872 950 dixit
911 894 1023 965 (l8)
1084 894 1305 949 donavit
1340 894 1386 948 ei
1430 892 1600 947 lilium
1638 910 1651 947 :
1691 891 1980 954 Abraham,

403 984 708 1053 Abraham,
739 987 912 1053 accipe
970 984 1133 1045 lilium
1183 995 1330 1041 tuum
1374 982 1554 1047 Isaac,
1602 998 1755 1051 quem
1802 982 1980 1049 diligis

405 1075 755 1146 unigenitum,
802 1086 849 1130 et
901 1076 1085 1146 offeres
1126 1092 1242 1129 eum
1288 1074 1418 1133 mihi
1458 1074 1515 1126 in
1554 1088 1658 1125 uno
1700 1072 1980 1137 montium,

404 1184 558 1237 quem
580 1169 674 1222 tibi
700 1168 888 1225 dixero
911 1169 977 1223 ³⁸.
1003 1167 1061 1223 Si
1089 1167 1538 1236 interceperimus
1568 1164 1982 1220 resurrectionis

404 1273 553 1329 spem
586 1258 721 1331 (l9),
748 1260 932 1317 statim
963 1259 1130 1314 habet
1154 1258 1415 1322 dolorem,
1446 1258 1629 1313 statim
1653 1256 1815 1311 habet
1848 1269 1983 1313 mo:-

406 1367 584 1408 rorem
616 1351 914 1411 Abraham.
954 1350 1076 1406 Noli
1105 1351 1251 1405 enim
1278 1364 1523 1419 quaerere
1555 1350 1600 1404 si
1636 1364 1743 1403 non
1771 1355 1857 1403 est
1881 1361 1980 1403 oc-

405 1444 549 1498 cisus
584 1442 769 1509 Isaac;
808 1441 901 1497 sed
948 1456 1017 1500 ex
1048 1455 1157 1511 quo
1192 1440 1474 1511 proposuit
1523 1448 1698 1509 pater,
1736 1445 1981 1491 mortuus

406 1542 490 1587 est
521 1532 663 1601 patri
703 1530 876 1593 Isaac.
918 1530 1089 1591 Putas
1114 1532 1240 1600 quia
1272 1541 1327 1585 et
1365 1538 1513 1587 tanta
1540 1538 1658 1587 erat
1686 1528 1981 1589 crudelitas

407 1626 549 1693 apud
578 1624 769 1688 lleum,
801 1633 862 1679 ut
895 1626 948 1678 in
986 1632 1196 1678 tantum
1222 1631 1504 1693 torqueret
1535 1622 1842 1677 Abraham?
1867 1620 1981 1689 ipse

405 1716 551 1769 enim
584 1725 811 1769 testatur
838 1724 892 1770 et
921 1715 1054 1770 dicit
1087 1734 1100 1770 :
1131 1714 1253 1769 Scio
1280 1718 1404 1786 quia
1444 1715 1553 1782 ipse
1593 1725 1639 1767 et
1672 1713 1817 1781 ﬁlius
1862 1712 1979 1782 ejus

2082 523 2438 579 cohabitabat
2467 510 2778 584 Abraham,
2804 534 2924 573 cum
2990 516 3226 585 undique
3258 511 3535 569 excelsum
3574 510 3653 565 fa-

2082 623 2230 671 ctum
2261 623 2407 671 esset
2425 614 2626 672 donum
2657 611 2783 676 Dei;
2823 621 2950 664 tunc
2969 608 3100 662 dicit
3134 606 3277 660 Deus
3306 614 3564 673 tanquam
3593 602 3656 656 ad

2081 706 2369 781 quemdam
2419 704 2824 763 adamantinum
2878 719 2891 755 :
2934 700 3227 763 Abraham,
3261 697 3438 764 accipe
3487 695 3657 762 ﬁlium

2082 809 2231 852 tuum
2285 798 2611 869 unigenitum
2658 795 2859 859 Isaac,
2916 809 3065 862 quem
3120 791 3376 844 dilexisti.
3430 786 3659 841 Intueris

2081 890 2248 951 Deum
2276 907 2372 960 per
2397 891 2835 946 adhortationem
2870 888 3251 941 dehortantem
3278 900 3291 936 :
3323 880 3485 936 solito
3513 878 3657 934 enim

2082 999 2212 1040 usus
2248 992 2332 1038 est
2367 983 2437 1038 ad
2490 982 2763 1038 Abraham
2807 990 3088 1041 sermone;
3129 973 3398 1044 siquidem
3434 980 3490 1025 et
3536 980 3660 1024 tunc

2081 1091 2205 1132 cum
2246 1075 2567 1146 principeret
2608 1073 2658 1127 ei
2702 1085 2858 1126 exure
2887 1084 2918 1123 e
2954 1068 3126 1137 patria
3159 1080 3277 1129 sua,
3312 1064 3405 1117 tali
3437 1063 3503 1116 ad
3540 1078 3659 1117 eum

2082 1180 2212 1221 usus
2261 1174 2342 1219 est
2390 1177 2675 1229 sermone,
2718 1161 2809 1231 qui
2851 1159 3015 1212 alium
3066 1158 3250 1227 utique
3298 1154 3661 1225 prohibuisset

2082 1257 2253 1317 exire.
2308 1256 2443 1315 Dicit
2487 1255 2632 1313 enim
2676 1254 2725 1308 ei
2773 1271 2786 1307 :
2826 1250 3114 1315 Abraham,
3159 1249 3451 1308 Abraham,
3504 1244 3590 1297 exi
3634 1261 3664 1297 e

2080 1353 2255 1419 patria
2287 1360 2403 1409 tua,
2433 1359 2483 1405 et
2514 1362 2580 1405 ea;
2622 1345 2933 1415 cognatione
2960 1352 3074 1406 tua,
3108 1352 3154 1395 et
3192 1355 3258 1393 ea:
3298 1340 3455 1391 domo
3490 1337 3665 1405 patris

2082 1442 2225 1501 tui“
2252 1459 2265 1495 :
2300 1441 2414 1498 hac
2444 1439 2583 1495 alius
2609 1439 2655 1492 si
2684 1436 2972 1502 audiisset,
3000 1433 3175 1500 magis
3198 1431 3392 1485 fuisset
3413 1429 3667 1483 detentus

2083 1547 2242 1602 quam
2271 1532 2606 1586 obaudisset.
2647 1526 2756 1583 Sed
2784 1528 2927 1582 sicut
2960 1524 3180 1580 athletis
3217 1521 3538 1578 fortioribus
3568 1521 3667 1591 ju-

2083 1625 2275 1680 bentes
2309 1625 2527 1679 duriora
2556 1621 2878 1692 praecipiunt
2907 1637 2921 1673 :
2952 1625 3167 1688 Oportet
3195 1625 3267 1680 te,
3302 1614 3499 1684 inquit,
3536 1627 3668 1683 por-

2085 1724 2226 1782 tare,
2275 1714 2438 1772 etiam
2487 1713 2531 1769 si
2574 1710 2742 1767 fueris
2789 1710 2937 1765 calce
2986 1721 3311 1778 percussus;
3351 1712 3566 1774 oportet
3611 1712 3668 1758 te

407 1806 676 1863 mandabit
701 1805 961 1860 custodire
988 1804 1150 1873 legem
1182 1814 1231 1859 et
1256 1784 1511 1861 mandata
1552 1801 1766 1856 Domini
1790 1801 1838 1832 "‘
1871 1821 1885 1857 :
1920 1811 1980 1856 ut
2009 1784 2054 1844 Β
2079 1820 2202 1861 esse
2245 1805 2579 1876 patientem,
2623 1801 2839 1858 etiamsi
2888 1799 3181 1854 adversum
3239 1794 3456 1851 oculum
3511 1804 3665 1848 tuum

406 1912 474 1950 ex
510 1897 612 1952 hoc
651 1896 960 1950 testimonio
989 1895 1263 1954 Abraham
1299 1910 1404 1951 non
1448 1892 1618 1948 solum
1661 1908 1756 1964 per
1781 1902 1980 1948 semet-

404 1988 581 2055 ipsum
616 1987 898 2057 religiosus
932 1986 1237 2050 exstiterit,
1278 1986 1371 2040 sed
1421 1994 1476 2040 et
1519 2000 1587 2043 ex
1629 1989 1886 2041 mandato
1922 1993 1979 2043 et

401 2075 537 2139 ﬁlio,
562 2078 654 2147 qui
714 2087 770 2132 et
807 2085 929 2145 post
964 2088 1192 2132 mortem
1226 2075 1356 2129 colit
1400 2084 1457 2130 et
1491 2084 1780 2132 veneratur
1808 2075 1977 2135 Deum

404 2184 503 2238 per
533 2184 594 2225 ea
628 2184 746 2238 qua:
775 2168 1053 2229 mandavit
1081 2167 1243 2222 Deus.
1275 2167 1737 2233 Quemadmodum
1765 2167 1867 2223 iste
1895 2167 1978 2223 vi-

405 2276 538 2315 vens
562 2276 666 2317 non
698 2274 886 2330 pcenas
915 2260 1212 2316 sustinuit?
1238 2261 1383 2316 dedit
1410 2260 1462 2315 ei
1491 2260 1660 2317 lilium
1697 2260 1856 2325 Deus,
1884 2260 1978 2316 de-

404 2353 486 2407 dit
506 2362 559 2412 et
595 2354 945 2407 Ientationem
980 2368 996 2411 :
1042 2352 1087 2406 si
1117 2361 1260 2407 esset
1302 2350 1465 2418 alius,
1512 2350 1741 2405 dixisset
1767 2350 1975 2420 utique,

406 2444 620 2505 Utinam
664 2462 768 2499 non
814 2447 1168 2512 accepissem,
1212 2444 1484 2503 Abraham
1521 2453 1703 2502 autem
1741 2451 1797 2497 et
1837 2442 1978 2497 acci-

402 2535 558 2603 piens
591 2537 796 2606 gratias
830 2535 961 2604 egit,
991 2545 1045 2589 et
1077 2534 1310 2589 reddens
1348 2534 1550 2604 gratias
1594 2534 1724 2603 egit,
1766 2535 1977 2594 lucrum

403 2636 594 2698 utpote
631 2629 835 2686 ducens
863 2644 969 2682 non
997 2627 1102 2681 frui
1153 2627 1342 2693 lilium,
1372 2627 1466 2681 sed
1498 2625 1715 2691 olferre,
1753 2626 1895 2680 sicut
1925 2633 1979 2680 et

402 2719 604 2779 factum
628 2729 712 2777 est
740 2739 751 2775 :
780 2722 872 2775 sed
895 2734 1165 2790 quemque
1190 2720 1485 2787 respiciens
1508 2718 1735 2772 habuit:
1764 2716 1977 2785 quando

402 2819 585 2868 autem
615 2811 928 2879 principitur
956 2810 1097 2869 (ilius
1125 2806 1347 2862 oll‘erri?
1381 2823 1486 2863 non
1512 2808 1697 2861 statim
1726 2814 1783 2861 ut
1819 2814 1977 2859 natus

402 2913 489 2964 est
525 2923 539 2961 :
577 2918 696 2973 quae
727 2903 873 2958 enim
906 2916 1079 2971 nuper
1117 2911 1241 2956 nata
1289 2911 1440 2966 sunt,
1489 2898 1718 2959 necdum
1773 2905 1975 2953 tantum

403 2995 608 3050 habent
632 2993 904 3056 aﬂ‘eCtum.
952 2995 1015 3048 Et
1052 3003 1341 3063 antequam
1388 2991 1680 3062 loquantur
1719 2988 1974 3052 infantes,

2082 1911 2303 1951 manum
2338 1892 2686 1949 adversarius
2715 1889 3053 1962 protenderit
3081 1902 3237 1943 suam
3270 1903 3288 1940 :
3323 1893 3377 1939 et
3400 1899 3666 1954 quaecun-

2078 2004 2184 2059 que
2206 1989 2278 2042 illi
2303 1989 2565 2046 mandare
2582 1991 2931 2047 consuerunt,
2950 1988 3003 2035 et
3018 1980 3343 2035 athletarum
3371 1974 3666 2031 fortissimi

2079 2080 2355 2136 sustinere
2384 2096 2396 2132 :
2439 2080 2511 2132 ita
2554 2087 2610 2135 et
2649 2077 2772 2133 istic
2799 2073 2943 2133 Deus
2975 2088 3131 2129 suum
3164 2070 3424 2125 athletam
3455 2067 3665 2122 adhor-

2082 2182 2223 2238 tans,
2254 2185 2350 2240 per
2377 2169 2541 2224 duros
2567 2183 2688 2223 eum
2732 2168 2983 2225 hortatur
3015 2175 3169 2221 actus
3208 2181 3222 2219 :
3266 2163 3376 2224 Exi
3420 2177 3448 2215 e
3486 2160 3667 2229 patria

2080 2274 2191 2329 tua,
2215 2272 2267 2317 et
2297 2261 2604 2331 cognatione
2629 2270 2745 2325 tua,
2777 2268 2825 2312 et
2851 2274 2915 2312 ea:
2941 2257 3096 2312 domo
3127 2255 3294 2325 patris
3325 2254 3427 2317 tui,
3462 2262 3511 2305 et
3538 2252 3662 2305 veni

2080 2355 2148 2410 ad
2188 2362 2420 2418 terram;
2450 2351 2518 2407 ad
2559 2366 2723 2420 quam
2772 2358 3023 2420 paratum
3065 2354 3248 2417 negat,
3294 2354 3350 2400 et
3387 2345 3666 2414 promittit

2080 2446 2266 2511 aliam,
2308 2454 2363 2500 et
2400 2444 2574 2511 ipsam
2624 2440 3045 2510 promissionem
3107 2439 3163 2491 in
3214 2438 3425 2493 incerto
3484 2436 3663 2505 ponit.

2078 2540 2194 2595 Non
2227 2541 2371 2595 enim
2418 2540 2551 2594 dixit
2600 2539 2745 2592 illam
2781 2547 3017 2599 terram;
3062 2534 3158 2589 sed
3201 2534 3258 2594 in
3310 2545 3533 2596 terram,
3582 2533 3668 2585 in-

2079 2634 2223 2702 quit,
2260 2648 2419 2698 quam
2465 2633 2555 2685 tibi
2597 2629 2955 2688 ostendero“,
2988 2627 3144 2682 Sicut
3182 2626 3328 2680 enim
3372 2625 3607 2694 ejiciens
3635 2638 3669 2678 e

2078 2725 2273 2794 patria,
2306 2738 2403 2791 per
2441 2736 2506 2777 ea
2532 2737 2653 2791 quae
2680 2721 3035 2790 prohiberent
3060 2719 3241 2788 ejicit;
3280 2718 3353 2770 ita
3389 2723 3447 2770 et
3467 2715 3669 2785 praeci-

2078 2815 2232 2885 piens
2260 2814 2429 2868 lilium
2460 2828 2616 2868 suum
2644 2811 2745 2866 sibi
2776 2809 2991 2875 offerre,
3025 2825 3121 2878 per
3147 2807 3457 2865 istiusmodi
3498 2806 3667 2861 verba

2075 2904 2247 2974 jubet,
2279 2920 2507 2975 perquaa
2530 2905 2574 2959 si
2596 2916 2739 2959 esset
2758 2904 2913 2967 alius,
2937 2918 3041 2957 non
3065 2901 3330 2957 ohediret.
3349 2900 3663 2965 Abraham,

2082 2996 2274 3065 inquit,
2300 2996 2595 3058 Abraham,
2615 2995 2797 3063 accipe
2821 3005 2873 3048 tu
2895 3011 2910 3059 ;
2935 3008 3037 3049 nec
3073 3009 3169 3064 per
3196 2993 3363 3047 alium
3392 2991 3669 3062 praecipit,

400 3086 641 3154 perdicis
669 3097 763 3139 aut
799 3085 1061 3139 columbas
1095 3083 1272 3141 locum
1311 3083 1379 3138 ad
1418 3083 1689 3154 genitores
1722 3082 1928 3139 habent
1958 3098 1970 3133 :
2005 3125 2048 3183 Ο
2081 3086 2386 3152 sedaccipe,
2412 3086 2609 3155 inquit,
2635 3096 2686 3140 tu
2709 3086 3290 3155 ﬁliamtuum,ethunc
3313 3085 3669 3154 unigenitum,

401 3180 579 3235 visum
614 3179 757 3234 enim
797 3188 1003 3233 tantum
1051 3176 1342 3241 delectant,
1385 3186 1440 3231 et
1493 3176 1846 3245 incomposite
1895 3174 1976 3228 lo-

412 3278 642 3341 quentes
672 3287 686 3322 :
720 3284 843 3323 cum
869 3279 1048 3323 autem
1081 3268 1407 3338 promoverit
1440 3278 1597 3329 tetas,
1625 3276 1677 3319 et
1712 3264 1979 3320 ell‘ulserit

402 3375 633 3426 sensus,
668 3372 723 3416 et
753 3360 979 3430 creperit
1030 3359 1330 3417 intellectus
1376 3371 1473 3427 per
1507 3356 1745 3427 linguam
1779 3357 1976 3425 promi,

401 3452 689 3516 ﬂoruerint
735 3461 914 3507 autem
961 3452 1136 3508 aetatis
1186 3451 1614 3522 pulchritudines
1663 3461 1717 3503 et
1765 3450 1976 3503 lirmata

405 3544 609 3604 fuerint
640 3546 880 3599 meinhra
921 3544 1041 3602 istic
1071 3552 1127 3597 et
1169 3543 1378 3597 initium
1412 3542 1579 3612 ipsius
1621 3541 1886 3611 corporis,
1922 3550 1980 3597 ut

403 3649 549 3696 rosa,
576 3644 670 3688 aut
703 3632 895 3692 lilium.
930 3632 1014 3685 vel
1048 3632 1243 3701 aliquis
1280 3630 1379 3691 ﬂos
1437 3643 1706 3697 maturus,
1740 3640 1833 3687 aut
1864 3630 1977 3683 fru-

401 3737 520 3783 ctus
542 3725 650 3795 iam
692 3734 943 3794 paratus;
971 3724 1041 3778 ita
1074 3733 1129 3777 et
1162 3724 1507 3793 pulchritudo
1532 3739 1653 3793 quae
1673 3723 1975 3788 videbatur,

400 3826 455 3875 et
481 3818 716 3873 maxime
747 3816 1058 3871 intellecms
1083 3815 1264 3878 ﬂectet
1290 3817 1588 3886 genitores,
1621 3824 1675 3870 et
1711 3826 1881 3872 totum
1917 3831 1978 3871 se

401 3910 456 3968 in
486 3908 750 3978 genitoris
776 3915 1011 3967 evacuat
1042 3924 1303 3963 amorem.
1338 3907 1556 3968 Movent
1582 3919 1763 3970 autem
1796 3916 1852 3965 et
1878 3908 1975 3968 ﬁlii

403 3998 648 4058 moribus
672 3999 787 4054 suis
813 4009 1066 4069 parentes
1099 4009 1155 4053 et
1179 4000 1519 4053 sermonibus
1548 4010 1604 4053 et
1627 3998 1874 4069 loquelis.
1910 3998 1978 4053 Et

377 4090 859 4160 quemadmodum
911 4091 1155 4144 extendit
1213 4105 1433 4145 manum
1483 4089 1625 4149 titius
1696 4107 1716 4153 ξ
1784 4104 1975 4160 quem-

401 4180 691 4237 admodum
748 4190 959 4251 patrem
1009 4180 1260 4257 hortatus
1312 4189 1398 4235 est
1444 4189 1538 4242 aut
1587 4195 1683 4250 per
1726 4181 1973 4246 verbum,

399 4282 494 4331 aut
524 4287 621 4345 per
649 4273 910 4344 linguam,
951 4281 1047 4337 aut
1080 4287 1175 4341 per
1203 4287 1322 4327 eam
1366 4288 1529 4340 quam
1564 4272 1731 4326 sumit
1769 4287 1971 4327 escam.

399 4366 722 4442 Loquuntur
749 4374 930 4422 autem
958 4373 1015 4418 et
1039 4373 1223 4433 patres
1258 4364 1325 4418 ad
1359 4363 1525 4426 ﬁlios.
1556 4372 1609 4417 et
1638 4362 1851 4419 dulcior
1880 4363 1974 4417 lilii

2080 3177 2158 3230 ait
2193 3196 2206 3232 :
2240 3176 2512 3246 porrectio
2549 3177 2896 3241 tentationis;
2935 3193 3089 3245 quem
3131 3173 3392 3239 dilexisti,
3433 3175 3619 3244 inquit
3653 3192 3667 3228 :

2080 3268 2511 3323 additamentum
2542 3268 2747 3324 doloris
2772 3268 2915 3324 aliis.
2950 3268 3018 3323 Et
3058 3278 3183 3338 post
3224 3269 3343 3323 haec
3372 3269 3668 3338 consiguat

2083 3358 2344 3427 majorem
2370 3359 2600 3429 plagam,
2631 3359 2769 3414 dixit
2802 3360 2947 3414 enim
2975 3369 3030 3413 et
3054 3374 3250 3413 nomen
3287 3358 3406 3414 lilii.
3432 3359 3579 3412 Nam
3614 3368 3667 3412 et

2078 3452 2124 3507 si
2160 3453 2273 3505 haec
2310 3454 2491 3507 omnia
2520 3460 2704 3506 essent
2734 3450 2911 3505 dulcia
2939 3462 2995 3504 et
3026 3450 3242 3513 idonea,
3274 3459 3522 3503 moveret
3558 3448 3668 3503 vis-

2079 3556 2201 3597 cera
2237 3551 2500 3613 paterna,
2544 3551 2604 3595 ut
2636 3542 2879 3608 diceret,
2912 3541 3086 3609 ﬁlium
3133 3551 3282 3595 tuum
3330 3540 3670 3609 unigenitum

2077 3651 2230 3706 quem
2256 3633 2511 3688 dilexisti.
2548 3634 2655 3689 Sed
2681 3633 2815 3693 nihil
2840 3634 2970 3700 tale,
2996 3643 3258 3702 quantum
3296 3641 3353 3686 et
3382 3646 3670 3701 nuncupa-

2081 3730 2280 3784 tionem
2311 3728 2429 3797 ejus
2452 3727 2823 3792 annuntiaret,
2851 3735 2908 3781 et
2933 3726 3161 3791 diceret,
3195 3724 3354 3778 Isaac
3382 3725 3590 3789 accipe,
3617 3736 3670 3778 et

2079 3821 2265 3890 offeres
2297 3835 2416 3873 eum
2445 3817 2572 3875 mihi
2600 3818 2657 3874 in
2689 3834 2794 3871 uno
2819 3819 3100 3877 montium.
3148 3814 3336 3886 Neque
3363 3815 3486 3870 istic
3512 3815 3671 3870 desi-

2084 3923 2215 3984 gnat
2248 3910 2446 3974 locum.
2481 3912 2575 3964 sed
2605 3910 2751 3965 sicut
2789 3907 3014 3974 eiiciens
3041 3924 3166 3963 eum
3216 3909 3283 3963 de
3328 3908 3527 3974 patria,
3563 3906 3670 3971 ait,

2085 4002 2214 4058 Veni
2241 4004 2309 4059 ad
2339 4012 2537 4057 (errant
2567 4018 2727 4072 quam
2756 4001 2857 4057 tibi
2885 4001 3198 4063 ostendero;
3232 4001 3307 4055 ita
3336 4008 3393 4054 et
3425 3999 3557 4054 istic
3585 3998 3672 4054 di-

2077 4093 2173 4155 cit,
2205 4091 2260 4144 in
2295 4107 2398 4144 uno
2428 4090 2710 4147 montium.
2755 4088 2822 4143 Et
2851 4098 3001 4146 certe
3046 4088 3275 4143 multum
3321 4087 3672 4145 commodius

2077 4183 2123 4237 si
2157 4183 2211 4237 in
2245 4185 2361 4252 ipso
2389 4180 2607 4237 fervore
2647 4180 2845 4253 negotii
2877 4179 3138 4235 liberatus
3174 4178 3363 4234 fuisset
3395 4177 3670 4235 sollicitu-

2077 4276 2202 4335 dine
2251 4277 2558 4342 Abraham,
2598 4283 2654 4330 et
2704 4289 2812 4333 non
2863 4273 3078 4331 audiret
3111 4273 3326 4329 itineris
3360 4267 3662 4338 laborem,

2078 4374 2380 4424 nocturnos
2411 4365 2693 4436 amplexus
2719 4364 3004 4430 unigeniti,
3031 4363 3527 4429 confabulationes,
3564 4379 3667 4432 per

397 4466 485 4512 est
510 4470 614 4510 vox
635 4456 781 4510 omni
808 4455 915 4511 alio
938 4455 1082 4525 quod
1113 4454 1347 4509 videtur.
1374 4452 1509 4507 Nam
1532 4464 1584 4507 et
1610 4453 1815 4511 frontes
1836 4453 1972 4508 lilio-
2003 4471 2048 4525 ο
2076 4459 2190 4514 dies
2229 4458 2429 4522 visum,
2467 4467 2672 4511 motum
2691 4499 2709 4523 ,
2741 4472 3024 4517 sermones
3043 4497 3060 4522 ,
3114 4457 3293 4527 ipsum
3341 4455 3493 4511 Isaac
3524 4455 3668 4511 dile-

397 4564 517 4604 rum
551 4549 780 4607 illiciunt
817 4558 1099 4618 aspectum
1126 4557 1431 4617 parentum,
1479 4556 1535 4601 et
1576 4546 1723 4607 mille
1771 4545 1880 4602 alia
1913 4555 1971 4605 et

396 4640 500 4695 alia
545 4650 794 4704 movent,
841 4649 895 4694 et
932 4639 1112 4695 omnia
1157 4652 1490 4710 quaecunque
1549 4637 1759 4694 locutus
1808 4637 1973 4691 fuerit

397 4730 559 4794 Illius,
611 4731 658 4784 si
699 4744 795 4799 per
838 4740 1051 4785 noctem
1099 4728 1380 4799 amplexus
1429 4736 1544 4796 est,
1594 4728 1641 4783 si
1682 4744 1776 4798 per
1825 4728 1969 4782 diem

395 4821 669 4878 blanditus
699 4830 803 4877 est.
832 4820 966 4876 Cum
999 4821 1163 4892 igitur
1201 4823 1316 4880 haec
1345 4821 1523 4876 omnia
1552 4830 1967 4886 concurrerunt,

394 4924 449 4968 et
478 4929 602 4969 cum
634 4923 908 4968 maturum
944 4914 1148 4971 factum
1177 4926 1262 4970 est
1299 4915 1501 4969 donum
1544 4914 1677 4979 Dei,
1716 4929 1838 4969 cum
1869 4914 1970 4968 do-

394 5004 606 5060 mestici
650 5004 704 5059 in
734 5019 829 5074 spe
858 5003 1041 5069 fuere,
1072 5020 1193 5058 cum
1238 5003 1431 5061 amicis
1462 5002 1683 5062 allatum
1714 5012 1793 5056 est
1826 5018 1966 5056 nun-

396 5098 553 5160 tium,
579 5110 703 5150 cum
737 5096 1130 5151 reddiditDeus
1149 5096 1380 5150 Abrahae
1405 5094 1793 5164 promissione:
1815 5110 1964 5161 suas,

390 5185 570 5255 etiam
595 5186 819 5242 haberet
840 5187 1006 5241 lilium
1028 5203 1044 5252 ;
1068 5186 1351 5245 videbatur
1373 5187 1516 5242 enim
1537 5197 1591 5240 et
1614 5186 1713 5256 Ipsi
1736 5188 1966 5242 Ahralue

392 5278 647 5334 solatium
683 5278 1066 5348 promissionis
1097 5277 1207 5347 jam
1245 5277 1483 5345 factum;
1518 5293 1638 5332 cum
1676 5274 1791 5346 jam
1827 5277 1962 5332 Sara

390 5368 645 5423 habuerit
677 5370 1121 5437 consolationem,
1157 5380 1212 5424 et
1236 5369 1345 5438 iam
1378 5386 1483 5431 non
1533 5371 1602 5429 ab
1640 5370 1834 5431 ancilla
1870 5386 1964 5433 es-

390 5459 771 5531 probrationes
821 5462 1069 5526 audiret,
1098 5478 1221 5517 cum
1260 5463 1514 5532 cognatio
1544 5462 1770 5517 audiens
1817 5473 1963 5518 esset

391 5550 447 5614 in
483 5551 685 5615 laetitia,
715 5568 835 5607 cum
878 5554 1031 5623 pueri
1064 5563 1117 5608 et
1144 5555 1308 5619 servi,
1335 5570 1455 5609 cum
1482 5555 1675 5608 domus
1705 5553 1961 5622 majores,

460 5645 509 5677 ”
528 5645 662 5698 Gen.
690 5648 900 5710 δίωκε.
976 5649 1019 5680 ³⁸
1042 5647 1175 5703 Gen.
1202 5665 1353 5712 xvnt,
1382 5650 1467 5704 19.
1543 5651 1587 5681 ’⁵
1615 5650 1753 5708 Cen.
1778 5669 1871 5723 xu,
1904 5654 1950 5707 1.

459 5736 573 5815 (18)
607 5738 707 5802 Qui
735 5741 888 5793 dixit.
923 5741 1082 5797 Forte
1114 5744 1243 5796 dixit
1277 5747 1386 5813 qui.

2075 4562 2243 4608 ctum.
2273 4552 2342 4605 Et
2370 4550 2498 4622 quid
2524 4564 2663 4620 opus
2695 4560 2779 4603 est
2810 4548 2963 4618 plura
2999 4563 3098 4607 nos
3130 4547 3352 4603 dicere?
3383 4549 3670 4601 Abraham

2074 4645 2242 4707 enim,
2287 4642 2382 4713 qui
2435 4641 2764 4697 sententiam
2801 4641 3065 4698 adversus
3102 4640 3270 4703 illium
3314 4650 3670 4708 susceperat,

2077 4734 2438 4802 descripserat
2482 4731 2584 4786 sibi
2629 4739 2685 4791 et
2734 4732 2919 4787 abibat
2962 4732 3169 4788 habens
3212 4731 3425 4795 lilium,
3478 4732 3672 4786 vivum

2076 4825 2293 4894 quidem
2325 4840 2589 4894 quantum
2620 4823 2687 4882 ad
2727 4839 2945 4879 sensum
2988 4824 3111 4889 lilii,
3140 4823 3252 4893 jam
3280 4835 3468 4879 autem
3505 4824 3671 4879 holo-

2077 4928 2324 4973 caustum
2361 4926 2622 4986 quantum
2665 4916 2733 4970 ad
2778 4917 3119 4971 inscientiam
3166 4916 3360 4984 patris.
3407 4915 3474 4970 Et
3515 4928 3670 4972 certe

2078 5019 2282 5065 tantam
2316 5009 2624 5078 passionem
2657 5008 2825 5065 habet
2851 5009 2996 5077 quod
3030 5009 3248 5073 dicitur,
3277 5020 3336 5063 ut
3357 5020 3415 5065 et.
3442 5027 3546 5066 nos
3570 5014 3667 5080 qui

2073 5102 2323 5154 audimus
2359 5112 2412 5154 et
2442 5102 2695 5164 dicimus,
2729 5101 2801 5155 de
2837 5100 2920 5154 his
2954 5115 3075 5169 quae
3107 5100 3195 5155 ille
3225 5101 3279 5155 in
3316 5103 3665 5171 unigenitum

2071 5192 2239 5245 tilium
2288 5208 2442 5245 suum
2493 5192 2666 5256 ausit,
2723 5192 3056 5247 commoveri
3089 5205 3144 5247 et
3190 5194 3572 5266 collacrymari
3607 5208 3667 5251 et

2069 5284 2379 5340 conturbari
2412 5284 2714 5342 videamur.
2745 5283 2804 5338 Si
2836 5285 3002 5354 igitur
3035 5285 3192 5340 nobis
3223 5287 3415 5343 dicere
3446 5300 3662 5343 tantum

2069 5385 2125 5431 et
2162 5374 2351 5430 audire
2387 5390 2496 5429 non
2523 5382 2606 5429 est
2638 5375 2922 5429 ferendum
2959 5375 3079 5429 sine
3116 5376 3408 5449 lacrymis;
3444 5383 3661 5452 qualis,

2072 5474 2261 5536 putas,
2297 5465 2601 5523 invenietur
2632 5480 2885 5521 mensura
2940 5467 3084 5521 illius
3118 5470 3517 5529 conscientias?
3538 5478 3661 5542 quis

2071 5556 2297 5613 snlIiciet
2320 5573 2498 5614 sermo
2526 5557 2667 5615 illius
2690 5558 2951 5621 exhibere
2976 5560 3328 5625 dilectionem
3354 5565 3422 5623 ad
3450 5565 3658 5621 θειωιῖ

2031 5655 2074 5686 ³⁸
2095 5654 2229 5709 Ibid.

2137 5750 2244 5815 ll9)
2281 5722 2741 5815 lnterccperimus.
2765 5753 2845 5811 Cf.
2879 5755 3150 5815 sunracol.
3180 5755 3314 5814 1071
3340 5757 3410 5813 Δ.
