3822 6218
204 287 343 346 110⁵17

1325 296 1416 354 DE
1448 296 2048 363 RESURRECTIONE.
2086 340 2154 352 —
2190 310 2321 370 LIB‘.
2356 311 2400 373 1.

3303 321 3441 377 1078

203 403 318 503 lter
345 403 504 503 simul
544 406 771 464 faciebat
829 415 986 478 pater
1024 424 1145 466 cum
1191 409 1334 480 ﬁlio,
1371 421 1426 468 et
1465 413 1607 469 inter
1662 415 1775 471 haec
1802 419 1990 483 Aeas,
2047 423 2258 480 Manet:
2296 429 2383 482 hic
2427 442 2446 482 :
2484 444 2579 499 ego
2624 440 2796 484 autem
2839 444 2886 485 et
2939 451 3068 503 puer
3111 439 3444 490 ascendentes

207 496 376 551 multa
401 498 616 567 quidem
643 499 983 567 dicebantur,
1005 501 1156 572 plura
1189 513 1368 560 autem
1395 507 1772 574 audiebantur,

206 598 267 644 et
302 589 513 644 inlinita
555 592 873 661 agebantur.
914 591 1084 650 Erant
1117 605 1297 652 autem
1344 600 1528 653 omnia
1578 598 1719 654 bona
1757 616 1772 654 :

210 680 306 737 Dei
345 683 489 737 enim
525 683 723 739 donum
754 696 873 740 erat
902 685 1077 754 Isaac,
1118 699 1173 743 et
1199 691 1449 756 portabat
1479 708 1513 744 ει
1535 691 1625 760 qui
1654 707 1777 762 por-

209 774 393 829 tabat?
421 774 560 828 forte
589 784 766 829 autem
792 792 896 830 non
921 777 1080 833 debet
1102 778 1206 834 dici
1233 779 1358 849 quia
1388 784 1655 850 portabat,
1671 783 1778 838 .sed

212 867 494 924 candebat.
530 867 598 922 Et
624 869 739 924 dies
776 883 886 923 una
919 872 1211 928 transierat
1236 915 1251 941 ,
1282 884 1335 927 et
1367 876 1594 930 necdum
1631 876 1781 934 locus

211 960 615 1016 ostendebatur.
641 961 709 1016 Et
730 977 842 1018 nox.
858 964 924 1018 ad
959 964 1123 1031 diem,
1153 974 1209 1021 et
1241 965 1568 1022 necdum'ad
1600 967 1775 1023 locum

217 1052 482 1120 pervenit.
515 1052 578 1107 Et
627 1055 895 1110 secundus
938 1054 1075 1121 dies,
1122 1063 1179 1110 et
1215 1067 1336 1124 post
1366 1056 1506 1111 diem
1559 1073 1685 1122 nos,
1726 1068 1781 1114 et

212 1139 318 1194 alia
360 1157 464 1197 nox
501 1160 515 1197 :
551 1151 607 1196 et
644 1145 877 1199 nondum
915 1145 1056 1210 ﬁnis,
1086 1147 1183 1204 sed
1215 1150 1494 1218 protensio
1519 1160 1638 1205 erat
1664 1159 1778 1205 ten-

215 1233 440 1287 tationis
465 1233 746 1301 dilatatio,
766 1245 821 1291 et
852 1237 1067 1305 quando
1107 1240 1454 1309 perveniret,
1488 1251 1542 1297 et
1567 1248 1780 1312 quando

213 1327 598 1380 ostenderetur
643 1327 791 1382 locus
836 1343 957 1383 cum
1001 1330 1112 1397 jam
1159 1331 1430 1388 deberet:
1479 1334 1606 1404 quia
1649 1351 1780 1404 ergo

215 1417 400 1470 omnia
442 1432 561 1486 quae
602 1428 728 1472 sunt
775 1428 830 1473 et
871 1420 923 1474 in
974 1420 1167 1477 Vetere
1195 1422 1545 1481 Testamento
1592 1424 1780 1481 format

215 1519 374 1564 erant
410 1508 758 1573 Novi,.tertio
787 1512 873 1566 die
911 1521 966 1567 et
994 1514 1151 1568 tertia
1184 1525 1344 1571 nocte
1379 1526 1779 1573 sacramentum

214 1601 476 1670 unigeniti
539 1601 659 1655 Filii
722 1603 812 1656 Dei
867 1604 1236 1673 praecurrebat
1285 1619 1384 1676 per
1438 1607 1779 1678 unigenitum

212 1691 486 1746 Abrahae:
526 1692 651 1762 quia
691 1703 872 1748 autem
907 1695 1230 1766 completum
1265 1706 1665 1753 sacramentum
1696 1706 1781 1754 est

215 1785 380 1840 trium
405 1785 634 1849 dierum,
658 1794 712 1840 et
738 1787 895 1840 trium
927 1787 1190 1853 noctium,
1211 1797 1469 1842 ostensus
1497 1797 1582 1844 est
1607 1788 1775 1856 locus,
1810 1778 1854 1835 Β

213 1877 439 1931 advenit
469 1886 524 1930 et
568 1886 779 1945 tempus
812 1893 828 1935 :
864 1874 1002 1932 forte
1038 1886 1215 1932 autem
1254 1879 1459 1948 putatis
1499 1878 1609 1948 jam
1640 1878 1774 1934 libe-

213 1980 337 2021 rum
387 1979 510 2020 esse
549 1981 578 2018 a
624 1966 922 2020 certamine
963 1966 1322 2020 tentationum
1364 1968 1664 2022 Abraham.
1711 1968 1778 2023 Et

211 2065 365 2114 certe
390 2067 648 2127 quantum
686 2058 1008 2127 propinquat
1047 2067 1278 2128 tempus,
1311 2068 1521 2114 tantum
1557 2063 1778 2116 teutatio

213 2150 558 2221 protenditur
583 2150 720 2220 ejus.
756 2150 823 2204 Et
849 2150 1118 2204 Abraham
1148 2151 1276 2206 dicit
1298 2152 1363 2206 ad
1389 2167 1587 2222 pueros
1614 2170 1628 2207 :
1659 2152 1778 2207 Ma-

214 2252 329 2294 nete
353 2239 436 2294 hic
453 2257 473 2305 ;
503 2257 596 2310 ego
622 2249 803 2294 autem
833 2248 883 2293 et
919 2240 1067 2308 ﬁlius
1085 2242 1423 2296 ascendemus
1447 2244 1499 2296 in
1530 2254 1790 2310 montem,

211 2339 494 2386 adorantes
523 2332 863 2387 remeabimus
892 2334 959 2386 ³⁷.
993 2332 1196 2388 Timuit
1223 2336 1393 2399 enim,
1429 2349 1497 2389 ne
1528 2335 1675 2403 pueri
1712 2336 1777 2388 ad

213 2425 489 2480 dominum
527 2422 775 2478 allectum
805 2425 1084 2492 habentes,
1131 2433 1188 2480 et
1230 2425 1462 2479 maxime
1494 2426 1560 2479 ad
1594 2427 1779 2498 unige-

212 2514 407 2578 nitum,
452 2514 822 2584 prohiberent.
853 2513 1012 2568 Certe
1055 2513 1180 2583 quia
1211 2529 1482 2584 nunquam
1518 2514 1780 2572 Dominus

211 2603 546 2659 sacriﬁcium
578 2602 810 2657 hominis
838 2602 992 2673 petit.
1025 2603 1325 2658 Audierant
1366 2614 1546 2659 autem
1577 2607 1702 2676 quia
1725 2618 1782 2662 et

209 2696 510 2751 secundum
576 2694 993 2764 promissionem
1068 2694 1211 2751 Deus
1272 2696 1566 2751 donaverat
1632 2699 1781 2754 Isaac

211 2789 486 2843 Abrahae:
531 2789 801 2843 intuentes
834 2802 963 2844 vero
997 2795 1053 2843 et
1084 2796 1298 2843 aetatem
1327 2789 1561 2845 Abrahae
1595 2791 1647 2845 in
1676 2792 1782 2847 alio

208 2878 320 2947 jam
343 2887 581 2946 tempore
607 2879 954 2933 constitutam
983 2893 999 2933 :
1031 2879 1156 2947 quia
1177 2878 1339 2950 igitur
1353 2893 1457 2934 non
1478 2882 1782 2936 consentie-

216 2980 349 3025 nant
371 2971 487 3041 (9.0)
510 2971 722 3040 negotio
749 2972 830 3026 his
856 2986 975 3040 quae
1001 2972 1515 3029 faciebatAbraham
1542 2976 1783 3044 :possint

211 3062 358 3166 enim
392 3063 571 3166 dicere
611 3081 623 3116 ε
670 3062 797 3165 (ιυὶοά
834 3061 994 3165 οίῖειςε
1029 3064 1138 3119 Ι)θο
1168 3064 1337 3169 “litim
1391 3081 1495 3121 ηοη
1534 3068 1779 3135 Pelei!“
1808 3111 1851 3169 ρ
1886 3087 2130 3152 cissima,
2165 3061 2257 3142 aut
2291 3061 2468 3157 potius
2508 3089 2640 3142 dura
2689 3061 2822 3143 voce
2871 3105 2884 3140 :
2914 3061 3085 3158 magis
3112 3061 3297 3143 autem
3331 3103 3440 3143 non

210 3154 337 3223 quis
360 3154 503 3208 enim
529 3162 583 3209 et
604 3164 730 3208 ante
757 3154 935 3222 ipsum
952 3154 1222 3222 justorum
1253 3157 1354 3212 hoc
1377 3165 1472 3211 aut
1491 3173 1654 3214 ausus
1675 3169 1780 3224 est,

213 3252 311 3295 aut
337 3251 546 3297 tentare
579 3257 744 3298 ausus
776 3242 899 3297 est?
928 3245 996 3296 ob
1029 3257 1192 3312 quam
1220 3245 1364 3300 enim
1399 3260 1614 3300 causam
1638 3258 1784 3316 petat

220 3330 366 3385 Deus
390 3346 535 3396 eum,
567 3346 728 3401 quem
771 3329 1033 3385 donavit?
1074 3346 1172 3384 cur
1202 3342 1384 3387 autem
1411 3341 1465 3387 et
1494 3333 1784 3388 transferat

218 3422 364 3478 Deus
386 3423 770 3493 promissiones
788 3423 954 3478 suas?
983 3431 1041 3476 ut
1066 3423 1195 3492 quid
1218 3431 1396 3478 autem
1428 3434 1482 3479 et
1503 3425 1648 3480 dedit
1666 3465 1682 3490 ,
1726 3437 1784 3481 ut

209 3524 269 3570 et
294 3514 543 3582 accipiat,
570 3527 731 3583 quem
767 3513 1030 3567 indulsit?
1063 3514 1172 3569 Hos
1204 3514 1556 3572 rationabiles
1581 3519 1784 3588 cogita-

214 3617 302 3660 tus
328 3608 526 3661 timens
549 3605 848 3672 Abraham,
883 3607 1125 3676 praecipit
1154 3608 1338 3677 pueris
1362 3619 1699 3678 exspectare,
1727 3619 1783 3664 et

211 3713 398 3752 secum
445 3713 552 3753 non
594 3703 921 3764 ascendere,
958 3713 1026 3752 ne
1062 3699 1188 3768 quis
1229 3699 1300 3752 ob
1346 3715 1581 3756 amorem
1631 3703 1782 3759 Isaac

215 3789 457 3844 mitteret
502 3803 754 3855 manum,
794 3798 849 3843 et
898 3788 1301 3844 contaminaret
1335 3789 1778 3848 immolationem.

211 3879 354 3945 Quid
383 3889 562 3934 autem
604 3879 730 3949 qula
761 3887 817 3933 et
843 3878 1017 3950 ipsam
1053 3879 1266 3944 Saram,
1300 3895 1459 3948 quam
1490 3893 1619 3951 puto
1648 3884 1781 3938 nihil

215 3969 440 4024 latuisse
465 3985 697 4040 unquam
720 3987 840 4039 qua:
865 3972 1138 4026 Abraham
1172 3971 1489 4041 cogitabat‘l-
1502 3973 1617 4029 haec
1637 3975 1781 4028 enim

212 4062 545 4117 conscientia
573 4062 686 4132 ipsa
715 4062 986 4117 aestimare
1011 4077 1109 4117 nos
1135 4061 1283 4128 facit,
1309 4077 1430 4132 quae
1459 4063 1512 4116 in
1545 4063 1637 4118 illo
1665 4074 1784 4120 erat

212 4153 487 4225 coniugio.
521 4152 612 4207 Illa
643 4169 802 4223 quam
843 4154 974 4209 nihil
1006 4154 1162 4209 latuit
1189 4170 1426 4225 unquam
1461 4170 1580 4224 quae
1604 4157 1779 4212 Abra-

213 4247 342 4299 ham
383 4244 590 4309 iacere,
625 4255 718 4300 aut
761 4260 979 4301 movere
1016 4245 1310 4311 voluisset,
1348 4246 1431 4301 vel
1477 4247 1718 4316 cogitare
1764 4268 1779 4305 :

213 4337 304 4392 illa
332 4338 598 4408 ignoravit
625 4339 754 4409 quia
781 4338 1089 4408 unigenitus
1113 4338 1253 4406 ejus,
1298 4338 1403 4393 illia
1443 4340 1643 4396 sterilis
1669 4339 1781 4395 iru-

1875 513 2214 571 adorabimus
2242 519 2301 572 in-
2328 530 2522 589 monte,
2570 531 2620 576 et
2663 526 3036 593 regrediemur.
3067 527 3178 582 lloc
3227 531 3441 598 quidem

1877 620 1984 661 non
2024 610 2286 677 speravit,
2331 612 2436 669 hoc
2480 625 2659 671 autem
2699 618 3032 687 impetravit,
3082 631 3135 672 et
3187 636 3318 674 usus
3361 630 3444 675 est

1877 695 2019 754 Deus
2048 700 2166 770 ejus
2194 699 2376 772 lingua
2412 705 2480 759 ad
2514 707 2872 777 praphetiam.
2916 713 3048 764 Cum
3083 725 3213 779 ergo
3250 712 3444 764 dicitur

1875 790 2149 846 Abraham
2189 795 2453 864 propheta
2479 836 2498 864 ,
2543 807 2597 853 et
2624 800 2884 869 quaeritur
2915 815 2945 854 a
2975 802 3160 856 multis
3200 804 3289 857 ubi
3320 819 3443 871 pro-

1879 883 2184 953 phetaverit
2219 887 2534 957 Abraham;
2567 893 2710 948 scire
2748 903 2998 964 oportet,
3043 897 3168 965 quia
3207 898 3442 952 maxime
3544 934 3549 938 -

1876 976 2092 1044 quidem
2125 978 2213 1034 cui
2246 981 2504 1036 revelavit
2527 982 2668 1040 Deus
2693 985 3066 1055 semetipsum,
3095 978 3441 1057 quantum-et

1880 1067 2138 1136 possibile
2182 1070 2282 1124 fuit
2322 1071 2556 1128 Abrahae
2599 1084 2657 1130 ut
2696 1078 3142 1147 revelaretur-ei;
3187 1080 3287 1134 iste
3328 1082 3444 1150 ipse

1878 1164 2476 1235 vocabatur-propheta.
2493 1165 2608 1222 Alia
2632 1179 2811 1223 autem
2836 1170 3284 1225 invenimnseum
3315 1174 3438 1228 istic

1876 1256 2280 1325 prophetantem
2304 1274 2319 1313 :
2347 1273 2505 1313 unam
2536 1260 2750 1330 quidem
2773 1264 3126 1331 prophetiam,
3152 1282 3308 1334 quam
3326 1266 3437 1334 jam

1877 1346 2110 1401 diximus
2159 1364 2174 1402 :
2220 1350 2512 1404 secundam
2558 1360 2738 1407 autem
2769 1368 2925 1418 eam,
2959 1371 3077 1424 quae
3112 1359 3433 1427 insequitur.

1880 1436 1986 1492 Sed
2021 1449 2338 1509 sequentem
2369 1439 2508 1497 forte
2538 1441 2717 1498 dicere
2743 1445 3101 1512 perniciosum
3125 1458 3226 1513 est,
3259 1459 3313 1502 et
3343 1466 3441 1504 an-

1877 1529 1996 1585 dire
2024 1532 2401 1600 perniciosius.
2430 1534 2894 1600 Quemadmodum
2915 1573 2933 1599 ,
2964 1547 3119 1604 putas
3143 1577 3158 1601 ,
3187 1539 3443 1594 sustinuit

1876 1633 1940 1675 ea
1967 1635 2087 1691 quae
2118 1636 2304 1692 passus
2329 1623 2450 1679 est?
2491 1629 2943 1696 quemadmodum
2981 1629 3218 1683 charitas
3260 1631 3442 1685 omnia

1879 1714 2131 1770 sustinet.
2178 1715 2245 1770 Et
2287 1716 2440 1786 pueri
2489 1718 2703 1787 quidem
2741 1729 3144 1787 remanserunt,
3186 1724 3444 1792 prazcepit

1879 1806 2022 1862 enim
2062 1807 2345 1878 dominus;
2373 1810 2643 1865 Abraham
2671 1823 2850 1868 autem
2879 1813 3154 1884 accipiens
3187 1815 3360 1885 ignem
3391 1825 3450 1870 et

1877 1893 2018 1966 ligna
2047 1904 2104 1950 et
2139 1895 2406 1967 gladium,
2437 1899 2680 1954 ascendit
2706 1915 2828 1955 cum
2861 1900 2994 1966 ﬁlio,
3045 1904 3157 1971 ipse
3198 1902 3307 1958 ﬁlio
3345 1918 3442 1957 suo

1879 1987 2161 2058 imponens
2195 1986 2356 2058 ligna.
2398 1987 2465 2042 Et
2495 1998 2643 2045 certe
2685 1990 2887 2045 scimus
2917 1993 3190 2047 Abraham
3235 2009 3328 2061 per
3357 2009 3443 2047 se-

1881 2081 2172 2151 metipsum
2245 2080 2471 2137 vitulum
2544 2093 2847 2154 portantem
2918 2088 2984 2142 ad
3046 2090 3441 2156 susceptionem

1880 2189 2065 2230 eorum
2098 2174 2189 2243 qui
2225 2176 2574 2230 advenerant.
2602 2177 2740 2242 Quid
2768 2189 2946 2234 autem
2975 2196 3116 2236 nunc
3145 2196 3245 2236 nec
3270 2181 3443 2248 parti-

1884 2278 1971 2323 tus
1994 2283 2116 2324 cum
2148 2268 2260 2323 ﬁlio
2286 2270 2496 2338 pondus
2532 2280 2635 2331 est,
2673 2271 2767 2325 sed
2797 2272 2976 2325 omnia
3004 2273 3146 2342 ligna
3185 2273 3446 2341 imposuit

1880 2359 2009 2423 ﬁlio,
2041 2359 2244 2414 volens-
2279 2360 2388 2430 iam
2424 2371 2704 2429 acceptum
2738 2362 2937 2416 habere
2979 2365 3213 2418 donum?
3235 2364 3443 2432 signiﬁ-

1880 2449 2039 2505 cabat
2065 2459 2241 2504 autem
2267 2452 2391 2521 quia
2420 2452 2642 2523 incipiet
2671 2454 2955 2520 immolari,
2987 2456 3440 2525 quemadmodum

1880 2551 2099 2612 portare
2127 2558 2344 2599 crucem
2381 2559 2478 2614 per
2517 2547 2888 2617 semetipsum.
2916 2548 3049 2602 Cum
3089 2557 3266 2602 autem
3314 2563 3444 2617 pro-

1881 2642 2125 2689 moveret
2154 2635 2275 2698 iter,
2316 2643 2371 2689 et
2408 2645 2792 2704 agnosceretur
2832 2638 3029 2692 montis
3057 2653 3344 2703 cacumen,
3385 2646 3443 2692 et

1883 2725 2021 2795 ignis
2065 2726 2120 2778 in
2149 2726 2344 2790 medio,
2383 2735 2434 2781 et
2461 2726 2603 2796 ligna
2647 2727 2698 2780 in
2731 2727 2870 2782 collo
2901 2727 3053 2782 Isaac
3085 2727 3442 2796 haberentur,

1882 2823 1934 2868 et
1959 2814 2166 2886 gladius
2200 2825 2513 2885 appareret;
2558 2815 2710 2871 Isaac
2737 2816 2971 2886 undique
3001 2817 3259 2886 prudens,
3291 2817 3435 2886 quod

1885 2904 1972 2959 alii
2009 2907 2157 2976 pueri
2191 2922 2294 2960 non
2327 2907 2532 2974 dixere,
2565 2909 2666 2963 istc
2700 2909 2929 2978 requirit
2960 2923 2989 2962 a
3039 2917 3209 2976 patre.
3247 2907 3446 2966 Tentat-

1885 2998 2083 3050 tionem
2112 3005 2296 3064 utpote
2331 3012 2493 3066 quam
2536 2998 2770 3052 habebat
2803 3007 2974 3064 pater,
3011 2998 3280 3067 eloquitur
3323 2999 3444 3054 dul-

1886 3187 2094 3234 tantum
2133 3195 2318 3249 grave,
2350 3189 2608 3248 quantum
2634 3179 2810 3234 dulce.
2847 3179 3004 3234 Pater
3030 3181 3194 3247 enim,
3229 3182 3399 3250 inquit
3427 3199 3442 3236 :

1884 3268 2079 3325 suﬁicit
2114 3271 2215 3326 hoc
2241 3273 2305 3324 ad
2336 3269 2656 3325 ﬂectendum
2688 3280 2915 3339 patrem-
2941 3290 2956 3327 :
3003 3272 3202 3342 quique
3230 3283 3284 3327 et
3313 3286 3444 3327 con-

1879 3360 2057 3430 jungit
2088 3361 2188 3414 alia
2216 3373 2270 3415 et
2295 3361 2425 3415 dicit
2457 3378 2473 3416 :
2513 3361 2651 3416 Ecce
2683 3363 2842 3431 ignis.
2876 3379 2994 3417 ecce
3037 3364 3201 3433 ligna,
3249 3365 3338 3417 ubi
3371 3371 3448 3417 est

1884 3453 1993 3504 ovis
2037 3453 2091 3504 in
2127 3453 2450 3519 sacriﬁcium
2495 3453 2580 3505 '3?
2611 3453 2743 3520 Quis
2788 3454 2927 3509 alius
2976 3464 3242 3524 portassct
3283 3453 3444 3508 istam

1884 3541 2104 3596 vocem?
2153 3541 2229 3594 Ex
2280 3541 2399 3595 aliis
2445 3542 2660 3610 quidem
2712 3543 3020 3597 hominibus
3063 3543 3258 3598 nullus.
3298 3541 3450 3598 Iuste

1882 3645 2010 3701 ergo
2056 3631 2196 3686 Deus
2245 3631 2517 3685 Abraham
2546 3630 2782 3687 dilexit.
2823 3631 3444 3687 Adarnantinus-autem

1882 3721 1992 3786 ille,
2035 3721 2296 3792 unigeniti
2343 3721 2424 3776 sui
2476 3722 2726 3792 sagittam
2778 3723 3070 3790 accipiens,
3121 3738 3226 3776 non
3272 3723 3443 3777 tacuit

1883 3811 2082 3879 ferens,
2115 3812 2208 3866 sed
2241 3813 2411 3880 potuit
2434 3810 2598 3880 loqui,
2626 3811 3168 3881 potuitrespondere,
3190 3820 3245 3865 et
3270 3825 3444 3879 neque

1883 3903 2117 3972 linguam
2143 3901 2342 3957 oﬁendi
2373 3903 2623 3958 dentibus
2655 3919 2669 3955 :
2705 3911 2930 3971 potuere
2957 3910 3140 3957 autem
3169 3910 3224 3957 et
3254 3901 3443 3955 dentes

1884 3996 2082 4065 aperiri
2111 4004 2167 4049 et
2193 3996 2324 4049 dare
2354 3994 2588 4065 spatium
2623 3994 2871 4065 linguam
2909 3995 3003 4049 sed
3037 4008 3136 4049 nec
3171 3994 3309 4048 forte
3338 3993 3442 4048 ista

1883 4088 2065 4142 dicere
2093 4090 2158 4143 de
2187 4086 2278 4141 illo
2303 4087 2508 4141 licitum
2539 4095 2641 4142 est.
2671 4085 2788 4141 Non
2813 4087 2958 4141 enim
2988 4101 3054 4141 ex
3091 4086 3176 4140 his
3202 4101 3323 4155 quat
3347 4099 3444 4140 nos

1884 4180 2140 4249 patimur,
2171 4177 2312 4236 illius
2334 4179 2626 4232 virtutem
2653 4192 2971 4234 accusemus
3008 4195 3024 4232 :
3059 4179 3155 4234 sed
3193 4185 3250 4232 et
3291 4176 3447 4232 laetus

1883 4283 1938 4329 et
1966 4274 2264 4342 exsultans,
2314 4283 2434 4330 erat
2483 4275 2629 4329 enim
2684 4273 2996 4339 Abraham,
3053 4271 3330 4340 reSpondit
3382 4269 3450 4323 ad

1885 4366 2051 4421 ﬁlium
2078 4382 2185 4422 non
2216 4368 2508 4428 crudeliter
2537 4384 2718 4438 neque
2737 4368 3049 4428 inhumane,
3080 4365 3175 4420 sed
3203 4363 3450 4428 religiose

211 4429 481 4492 οίυθν-ίηθ
511 4429 880 4525 “ins???”
915 4429 1088 4496 ﬁlius’
1125 4431 1212 4487 me
1243 4432 1346 4525 qui,
1386 4442 1543 4525 ex"?
1568 4440 1780 4487 amem
1813 4458 1858 4513 D
1885 4465 1940 4510 et
1967 4456 2052 4525 pie
2084 4474 2097 4510 :
2143 4457 2272 4512 dicit
2294 4458 2441 4513 enim
2480 4459 2545 4512 ad
2596 4429 2764 4512 ﬁlium
2787 4475 2823 4511 ,ς
2863 4458 3114 4510 Dominus
3161 4455 3451 4524 providebis

214 4529 534 4590 procreatus
563 4531 649 4577 est
683 4541 697 4577 :
734 4522 825 4576 illa
858 4524 1123 4593 ignoravit
1165 4525 1292 4594 quia
1330 4524 1442 4579 Deo
1468 4522 1776 4591 oﬂerretur,

215 4612 306 4681 qui
335 4611 632 4667 donaverat
665 4629 682 4668 :
715 4626 773 4667 ut
802 4629 912 4668 non
937 4614 1080 4669 sicut
1111 4613 1401 4684 aliquando
1425 4614 1544 4669 risit
1575 4615 1780 4684 impor-

215 4713 344 4756 tune
368 4704 421 4756 in
451 4702 806 4772 promissione
828 4704 965 4774 ejus,
987 4713 1042 4758 et
1066 4720 1207 4759 nunc
1235 4705 1451 4775 plorans
1476 4705 1782 4776 importune

215 4794 498 4863 impediret
525 4793 949 4849 immolationem
984 4815 997 4850 :
1032 4795 1127 4850 sed
1164 4795 1326 4850 tacita
1364 4811 1452 4851 res
1492 4806 1578 4851 est
1614 4806 1670 4852 et
1711 4798 1776 4852 ad

216 4883 428 4938 Saram.
464 4884 542 4938 lta
577 4885 719 4938 enim
751 4884 959 4940 sciebat
999 4894 1053 4938 et
1080 4885 1388 4952 Abraham,
1419 4894 1473 4940 et
1499 4895 1623 4941 ante
1665 4903 1780 4941 mu-

217 4976 440 5042 lierem,
491 4986 546 5031 et
585 4976 777 5030 Saram
826 4977 1208 5046 praehonorare
1265 4977 1356 5032 Dei
1409 4987 1776 5046 praeceptum;

218 5065 424 5122 sciebat
453 5075 630 5122 autem
662 5076 716 5122 et
747 5077 869 5123 ante
912 5067 1246 5137 unigenitum
1290 5084 1446 5124 suum
1472 5108 1488 5134 ,
1533 5083 1655 5125 eum
1685 5073 1777 5140 qni

219 5158 512 5214 donaverat
543 5160 978 5216 honorare..Sed
1014 5176 1188 5231 neque
1218 5161 1253 5214 ii
1287 5160 1378 5230 qui
1413 5160 1519 5216 iter
1555 5175 1675 5217 cum
1713 5175 1779 5215 eo

217 5250 485 5320 fecerant,
542 5255 785 5310 sciebant
835 5258 1192 5329 mysterium,
1247 5257 1340 5312 sed
1394 5269 1779 5312 sacramentum

220 5361 382 5399 arcum
403 5390 417 5412 ,
448 5347 641 5417 inquit,
677 5349 827 5404 mihi.
856 5349 1060 5403 Tamen
1105 5350 1328 5419 cupiens
1353 5348 1627 5403 Abraham
1657 5365 1782 5404 sna-

219 5438 341 5492 .lere
370 5440 548 5506 pueris
575 5450 635 5494 ut
674 5451 1053 5506 remanerent,
1086 5441 1297 5497 locutus
1336 5451 1419 5497 est
1460 5442 1513 5496 id
1553 5443 1620 5496 ad
1661 5457 1776 5506 eos,

221 5531 355 5601 quod
389 5545 486 5586 nec
514 5531 628 5601 ipse
664 5535 930 5602 speravit,
973 5548 1071 5588 nec
1111 5533 1278 5589 sensit
1315 5552 1346 5588 :.
1370 5533 1508 5590 dicit
1537 5536 1679 5591 enim
1712 5537 1778 5593 ad

282 5645 326 5675 ²⁷
350 5643 485 5698 Gen.
513 5661 647 5711 mi,
671 5647 723 5702 5.
787 5648 830 5679 ⁸⁸
851 5647 984 5704 Gen.
1012 5664 1146 5714 nn,
1176 5649 1228 5701 7.
1285 5651 1330 5682 ¹⁹
1355 5649 1484 5708 ibid.
1506 5652 1563 5709 8.

284 5736 396 5806 εξο)
434 5735 674 5809 Negotia.
706 5739 871 5798 Forte
903 5747 1125 5811 urg/otia,
1161 5756 1262 5798 res.

1883 4561 2030 4601 ovem
2052 4547 2312 4616 sacriﬁcio
2343 4564 2474 4613 suo,
2492 4547 2570 4615 [ili
2595 4548 2658 4600 ³⁸.
2682 4547 2824 4601 Ecce
2851 4545 2952 4598 alia
2992 4544 3273 4613 prophetia
3294 4582 3310 4608 ,
3335 4558 3452 4612 qua:

1884 4635 1954 4692 ab
1981 4652 2047 4694 eo
2079 4640 2170 4708 qui
2199 4638 2409 4694 locutus
2435 4649 2520 4694 est
2541 4679 2559 4707 ,
2591 4639 2939 4708 ignorabatur
2974 4655 2987 4690 :
3019 4636 3324 4707 appositum
3359 4650 3453 4687 au-

1885 4735 1992 4782 tem
2018 4738 2137 4782 erat
2162 4728 2302 4798 quod
2328 4729 2425 4793 ait,
2460 4727 3029 4798 Dominus-providebit
3061 4744 3202 4781 ovem
3242 4723 3452 4795 sacriﬁ—

1885 4821 1967 4872 cio
1998 4835 2116 4885 suo,
2157 4819 2259 4888 ﬁli.
2303 4819 2463 4875 Sicut-
2486 4820 2630 4875 enim
2666 4820 2756 4875 ille
2787 4820 3048 4889 incipiens
3077 4833 3323 4872 sermone
3352 4819 3448 4881 ait,

1885 4923 2078 4981 pater:
2107 4915 2180 4967 ita
2220 4915 2322 4968 iste
2347 4913 2672 4982 consignans
2702 4913 2945 4978 verbum,
2989 4913 3136 4975 dicit,
3160 4911 3256 4979 liti.
3287 4911 3450 4964 Audi.

1885 5006 1963 5059 vit
1990 5021 2164 5066 ovem.
2203 5017 2258 5060 et
2301 5006 2508 5076 accepit
2539 5017 2598 5060 ut
2643 5021 2672 5058 a
2716 5014 2894 5076 patre,
2925 5014 3105 5059 certus
3140 5004 3267 5072 quia
3307 5005 3483 5070 qund-

1889 5098 2163 5154 inventum
2236 5099 2452 5155 interim
2527 5113 2632 5152 non
2689 5107 2846 5166 erat,
2903 5098 3253 5152 inveniretur.
3310 5094 3446 5149 Cum

1886 5200 2066 5246 autem
2110 5193 2594 5262 pervenissent-ad
2648 5192 2858 5255 locum,
2919 5189 3220 5244 aediﬁcabat
3278 5189 3452 5240 Abras

1887 5281 2010 5336 ham
2054 5281 2528 5348 festinans-altare,
2587 5293 2638 5338 et
2690 5299 2813 5338 cum
2853 5281 3266 5343 construxisset,
3303 5295 3452 5334 men-

1889 5375 2041 5428 titur.
2086 5377 2152 5428 ad
2202 5376 2367 5429 ﬁlium
2431 5375 2784 5445 promissione
2830 5375 2941 5445 (21)
3006 5389 3128 5442 qua:
3191 5387 3286 5441 per
3342 5370 3450 5424 linp

1886 5479 2042 5533 gnam
2087 5465 2262 5520 fuerat
2318 5465 2480 5522 facta.
2515 5480 2622 5521 non
2688 5474 2865 5520 tamen
2921 5475 3042 5519 eam
3098 5479 3216 5533 quae
3249 5465 3298 5516 in
3330 5477 3452 5516 cor.

1887 5561 1954 5614 de
2029 5567 2144 5614 erat
2219 5560 2499 5616 abseousa.
2564 5559 2630 5613 Et
2689 5557 2900 5614 accedit
2964 5563 3134 5627 pater-
3179 5556 3454 5612 Abraham

1957 5743 2066 5808 (2|)
2101 5737 2474 5799 Promissione.
2501 5741 2578 5798 An
2603 5739 3045 5799 oromissionetttz.
