3822 6218
413 291 548 348 1079

1078 289 1344 347 EUSEBII
1384 289 1858 356 CASSABIENSIS
1895 290 2044 348 0P1).
2082 289 2264 346 PARS
2300 287 2393 346 Π.
2431 321 2501 332 ——
2533 291 2950 348 DOGMATICA.

3513 293 3661 354 £080

409 421 463 468 et
503 409 706 465 accedit
735 410 803 463 ad
826 407 997 474 isaac,
1036 418 1092 464 et
1131 410 1262 480 ligat
1297 427 1312 464 :
1346 411 1516 465 ﬁlium
1548 412 1819 464 Abraham
1852 411 1978 480 liga-.
2007 417 2052 471 Α
2084 414 2306 466 tionem.
2338 411 2560 478 Accepit
2605 409 2881 464 Abraham
2922 410 3219 464 secundum
3265 409 3660 476 ﬁlium._Putas

411 502 508 565 vit,
533 515 592 556 ut
620 516 717 556 nec
740 501 1026 570 palpitans,
1053 517 1151 556 nec
1173 517 1231 556 se
1259 518 1482 557 movens
1513 506 1751 558 turbaret
1782 505 1976 557 inuno-

409 592 686 648 lationem.
710 593 848 659 Quo,
881 604 1055 664 putas,
1085 594 1236 649 vultu
1260 596 1585 665 respiciebat
1614 597 1780 650 ﬁlium
1808 596 1979 650 Abra-

409 686 570 740 ham?
599 687 722 754 quis
752 687 800 742 ei
837 695 958 742 erat
999 671 1186 742 color?
1232 690 1682 757 quemadmodum
1713 690 1832 752 sine
1862 698 1976 742 tre-

405 791 558 831 more
593 791 793 832 .manus
820 778 1225 846 operabantur?
1261 780 1406 848 quis,
1453 789 1635 849 putas,
1690 790 1815 834 tunc
1861 790 1978 834 erat

405 863 558 922 Isaac
587 867 638 921 in
673 869 757 922 his
785 869 1128 932 constitutus,
1163 880 1348 925 tacens
1406 879 1500 924 aut
1537 870 1796 938 loquens?
1827 870 1978 924 Seria

405 968 563 1027 ptura
581 961 722 1014 enim
764 960 864 1015 hoc
898 961 1085 1014 tacuit.
1112 961 1278 1016 Putas
1317 963 1440 1032 quia
1471 963 1631 1032 justis
1662 964 1714 1016 in
1745 962 1829 1016 his
1862 977 1977 1016 ser-

405 1053 656 1106 monibus
692 1067 821 1107 usus
844 1053 961 1106 est?
987 1053 1107 1108 Noli
1138 1055 1281 1108 enim
1311 1057 1590 1109 attendere
1625 1057 1671 1111 si
1696 1071 1849 1125 puer,
1881 1056 1975 1110 sed

405 1143 531 1211 quia
565 1144 715 1198 lsaac
743 1154 862 1197 erat
901 1145 1045 1198 lilius
1071 1146 1324 1201 Abrahae.
1371 1148 1536 1201 Putas
1584 1163 1690 1201 non
1729 1148 1862 1202 dixit
1907 1147 1972 1201 ad

406 1243 617 1302 patrem
664 1253 678 1288 :
713 1239 930 1305 quando
956 1238 1098 1292 Deus
1125 1237 1451 1292 sacriﬁcium
1501 1237 1778 1292 hominum
1812 1239 1973 1306 depo-

402 1325 552 1379 scit?
581 1327 709 1396 quid
747 1328 918 1382 facis?
947 1330 1142 1384 donum
1185 1344 1302 1383 sum
1338 1329 1428 1385 Dei
1475 1348 1488 1384 :
1521 1330 1636 1383 sine
1659 1329 1972 1398 paenitentia

2084 503 2352 566 tristatus,
2397 502 2525 570 quia
2592 512 2702 555 non
2765 501 2992 570 perfecit
3042 512 3351 572 promptum
3407 505 3657 558 animum

2086 595 2284 647 suum?
2316 594 2410 647 sed
2467 594 2738 647 Abraham
2772 603 2876 656 est,
2923 595 3095 650 nescit
3149 595 3378 652 tristari.
3431 596 3661 664 ignorat

2076 685 2429 754 praescribere
2455 684 2505 738 id
2533 684 2673 752 quod
2716 683 2958 750 gaudens
2987 686 3196 752 accepit
3224 701 3238 736 :
3269 701 3373 739 non
3397 690 3528 756 quia
3547 702 3658 742 non

2077 778 2293 832 obtulit.
2327 779 2469 831 Deus
2509 777 2784 845 prmcepil,
2831 777 3071 845 gaudens
3116 779 3311 831 obtulit
3345 795 3359 830 :
3393 782 3486 834 sed
3523 781 3658 848 quia

2077 869 2131 924 iu
2159 869 2306 922 nullo
2363 869 2680 923 inobediens
2724 867 2845 924 fuit.
2901 865 3001 921 Ubi
3054 883 3184 937 ergo
3229 879 3314 922 est
3363 871 3659 938 prophetia

2075 975 2237 1030 quam
2270 961 2346 1013 ait
2376 961 2677 1023 Abraham,
2725 957 2862 1013 Deus
2916 959 3206 1024 providebit
3248 961 3516 1028 sacriﬁcio
3555 977 3656 1014 suo

2076 1054 2257 1107 ovem?
2285 1050 2420 1105 Num
2453 1053 2686 1106 otiosum
2718 1051 2821 1104 erit
2871 1050 3078 1103 altare?
3110 1050 3246 1103 Num
3301 1067 3533 1106 vacuum
3571 1062 3658 1107 to-

2077 1152 2186 1198 tum
2217 1142 2358 1212 quod
2389 1143 2586 1195 factum
2625 1143 2742 1196 est?
2769 1143 2904 1208 Quid
2938 1153 3112 1195 autem
3143 1157 3278 1210 Opus
3314 1151 3433 1198 erat
3474 1145 3654 1200 videri

2074 1235 2260 1289 ludere
2293 1234 2499 1287 Deum?
2527 1233 2581 1287 Si
2611 1234 2754 1288 enim
2783 1235 2886 1288 iste
2914 1235 3128 1302 quidem
3157 1248 3260 1287 non
3297 1232 3652 1300 olferebatur,

2074 1325 2218 1380 Deus
2253 1336 2429 1379 autem
2479 1327 2736 1394 praecepit
2779 1341 2904 1380 eum
2951 1325 3156 1389 oll‘erri,
3195 1325 3409 1380 oblatus
3440 1335 3650 1404 autem,

403 1422 533 1468 sunt
558 1430 678 1483 qua:
709 1431 738 1469 a
781 1415 891 1472 Deo
916 1429 1042 1471 sunt
1071 1419 1207 1472 dona
1239 1435 1254 1470 :
1284 1417 1410 1486 quid
1438 1419 1654 1485 spernis
1695 1419 1926 1488 gratiam
1949 1419 1977 1472 ἱ)
2075 1433 2181 1472 non
2211 1427 2296 1471 est
2320 1418 2530 1472 oblatus
2564 1437 2579 1473 :
2615 1419 2744 1486 quid
2769 1419 3134 1473 necessarium
3163 1427 3279 1472 erat
3307 1417 3359 1470 in
3389 1433 3448 1472 re
3473 1435 3488 1470 :
3517 1419 3653 1485 quid

401 1505 533 1572 quid
559 1519 749 1562 contra
790 1510 1119 1564 voluntatem
1155 1509 1407 1565 donantis
1441 1509 1705 1565 interﬁcis
1732 1511 1972 1564 donum?

403 1595 572 1651 Erant
609 1600 771 1653 multa
801 1617 922 1670 quae
973 1603 1302 1656 dicerentur.
1339 1599 1449 1656 Cur
1473 1611 1653 1653 autem
1694 1609 1750 1653 et
1801 1609 1973 1654 mater

403 1704 510 1742 non
540 1693 789 1759 agnovit?
812 1695 857 1746 si
883 1695 1024 1747 enim
1053 1693 1374 1747 rationabile
1398 1703 1484 1778 est
1510 1691 1652 1759 quod
1680 1691 1760 1757 ﬁt,
1789 1707 1890 1746 cur
1916 1700 1972 1745 et

2074 1511 2448 1563 necessarium
2500 1510 2667 1564 erat?
2707 1511 2995 1579 oportebat
3056 1509 3393 1578 praeformari
3433 1509 3650 1565 Novum

2075 1599 2483 1654 Testamentum
2518 1615 2548 1654 a
2573 1599 2770 1654 Vetere
2791 1600 2887 1656 Νι
2909 1601 3047 1666 apud
3071 1599 3282 1654 Judaeos
3313 1601 3531 1667 quidem
3556 1609 3652 1655 aut

2075 1705 2244 1758 parva
2272 1691 2625 1744 inveniuntur
2659 1691 2761 1744 ista
2791 1700 2884 1744 aut
2908 1693 3104 1744 otiosa.
3128 1691 3184 1744 Si
3227 1701 3406 1745 autem
3439 1691 3648 1747 Novum

401 1797 430 1834 a
461 1755 631 1837 servis
660 1782 1037 1838 abscondisti?
1060 1785 1103 1838 si
1130 1793 1310 1838 autem
1337 1794 1392 1836 et
1415 1755 1679 1838 hoc-ﬁeri
1725 1784 1966 1852 deberet,
2004 1755 2048 1810 Β
2075 1781 2317 1835 additum
2375 1781 2537 1836 fuerit
2579 1781 3012 1846 Testamentum,
3043 1791 3096 1836 et
3150 1782 3329 1838 lumen
3384 1783 3651 1839 eﬂ'ulserit

399 1889 500 1927 cur
526 1875 654 1928 mihi
684 1875 783 1943 ipsi
818 1875 919 1930 hoc
952 1875 1126 1944 ipsum
1158 1889 1266 1928 non
1299 1874 1473 1943 palam
1511 1875 1689 1928 facere
1717 1873 1976 1928 voluisti?

396 1966 830 2036 promissionem,
862 1981 1024 2035 quam
1066 1965 1248 2021 dixisti
1282 1965 1506 2033 exigens
1537 1984 1549 2019 :
1587 1965 1765 2020 dixisti
1799 1966 1972 2032 enim,

397 2057 523 2125 quia
553 2056 693 2110 Deus
720 2073 862 2111 ovem
887 2057 1180 2126 providebat
1201 2057 1465 2126 sacriﬁcio
1488 2075 1585 2113 sua
1613 2073 1631 2112 :
1672 2058 1844 2113 ﬁdelis
1886 2073 1969 2123 es,

397 2147 566 2203 redde
615 2147 850 2204 fructum
901 2149 1060 2213 ﬁdei,
1123 2160 1326 2220 utpote,
1387 2166 1506 2219 quae
1554 2151 1760 2205 dixisti.
1803 2151 1970 2204 Erant

395 2243 562 2296 multa
598 2259 723 2312 quae.
748 2244 1075 2299 dicerentur.
1132 2245 1198 2298 Et
1239 2260 1345 2300 non
1379 2247 1566 2314 utique
1609 2260 1672 2298 ea
1719 2259 1838 2314 quae
1868 2259 1968 2298 nos

393 2331 626 2388 dicimus
659 2354 671 2386 ε
699 2334 812 2402 ipsa
841 2333 1054 2389 etiamsi
1090 2350 1194 2390 non
1221 2335 1326 2389 sint
1355 2335 1581 2404 scripta,
1604 2334 1712 2402 jam
1744 2349 1842 2388 nos
1869 2336 1967 2388 ad-

390 2423 597 2478 ducunt
623 2424 688 2478 ad
716 2439 852 2478 rem.
889 2425 1130 2479 Movetur
1159 2426 1303 2480 enim
1335 2440 1534 2481 sensus
1569 2436 1966 2495 consequenter

388 2525 452 2570 ut
503 2529 624 2570 sese
667 2516 939 2584 negotium
995 2517 1178 2582 habet,
1209 2529 1267 2572 et
1299 2518 1652 2572 advenientes
1687 2532 1881 2572 sensus
1908 2517 1962 2571 in

389 2607 482 2663 illo
511 2618 640 2664 tunc
675 2620 914 2678 tempore
947 2611 999 2663 in
1039 2625 1148 2679 quo
1177 2611 1294 2665 haec
1320 2612 1618 2678 agebantur
1642 2614 1959 2679 cogitemus.

388 2696 449 2753 Si
480 2698 651 2753 tacuit
685 2697 862 2761 Isaac,
905 2700 1125 2764 grandis
1157 2699 1448 2754 admiratio
1481 2712 1566 2754 est
1609 2719 1622 2754 :
1671 2702 1714 2754 si
1747 2701 1964 2755 dicebat

385 2788 588 2843 iterum
623 2790 848 2858 aliquid,
879 2792 982 2845 alia
1015 2791 1325 2848 admiratio.
1359 2793 1827 2858 Quemadmodum
1865 2809 1961 2860 po-

385 2883 490 2935 tuit
539 2884 813 2938 sustinuere
864 2883 1054 2952 pater?
1107 2883 1375 2951 quomodo
1420 2885 1716 2938 currebant
1768 2899 1960 2939 manus

385 2973 543 3042 ejus?
575 2972 681 3028 Sed
709 2975 826 3029 ista:
852 2975 1246 3030 admirationes
1286 2975 1336 3029 in
1365 2974 1485 3028 aliis
1521 2974 1831 3030 hominibus
1863 2975 1960 3029 ba-

389 3064 586 3120 bentur
617 3085 633 3120 :
669 3066 721 3119 in
751 3066 1025 3121 Abraham
1063 3075 1244 3122 autem
1279 3065 1550 3118 contraria
1577 3073 1698 3118 erat
1721 3064 1956 3118 admira-
1981 3104 2026 3162 c

387 3158 482 3211 tio.
513 3157 664 3212 Finis
689 3165 868 3212 autem
895 3157 1165 3217 sermonis
1197 3175 1212 3210 :
1247 3156 1386 3211 forte
1413 3165 1673 3226 urgentur
1699 3156 1957 3212 uniuscu-

381 3249 579 3317 jusque
602 3248 818 3303 viscera
852 3265 864 3301 :
893 3257 948 3302 et
986 3249 1128 3318 quod
1159 3257 1244 3303 est
1272 3249 1575 3303 mirandum
1606 3264 1622 3299 :
1655 3249 1784 3317 quia
1821 3249 1956 3303 certi

381 3351 451 3394 ex
499 3335 797 3406 Scripturis
827 3353 948 3407 quae
989 3339 1100 3392 sint
1148 3347 1290 3401 acta,
1319 3348 1374 3391 et
1410 3339 1534 3408 quis
1581 3339 1744 3393 fuerit
1780 3339 1958 3393 exitus

387 3429 726 3498 negotiorum
755 3468 771 3493 ,
830 3439 1085 3498 tanquam
1133 3428 1502 3496 periclitantes
1546 3443 1833 3491 sermone,
1888 3445 1956 3484 ne

379 3519 510 3586 quid
536 3517 678 3572 aliud
703 3519 1012 3587 proveniret
1039 3519 1180 3587 quod
1213 3528 1295 3572 est
1321 3519 1608 3588 scriptum,
1637 3521 1708 3574 ita
1733 3520 1952 3575 solliciti

379 3621 594 3662 sumus.
637 3607 916 3674 Completa
964 3606 1184 3662 fuerunt
1226 3609 1459 3664 Abrahae
1501 3608 1681 3662 omnia
1731 3624 1852 3676 qua:
1885 3611 1953 3664 ad

378 3699 723 3754 alacritatem
764 3699 1078 3755 tendebant.
1109 3699 1334 3769 Ligatus
1363 3701 1432 3754 ab
1472 3714 1536 3755 eo
1577 3701 1752 3755 fuerat
1787 3701 1948 3766 ﬁlius,

375 3800 432 3845 et
450 3791 719 3844 exaltatus
747 3791 799 3844 in
825 3792 1016 3856 altare,
1041 3802 1094 3846 et
1115 3794 1326 3861 positus
1355 3807 1517 3863 supra
1544 3794 1709 3864 ligna,
1733 3804 1789 3848 et
1811 3793 1952 3850 ﬁlius

377 3883 607 3950 desuper
642 3881 891 3950 alligatus
920 3900 935 3938 :
965 3892 1020 3937 et
1045 3895 1199 3950 pater
1232 3883 1390 3938 veldx
1417 3901 1574 3938 manu
1601 3885 1833 3952 gladium
1857 3901 1951 3954 ap-

374 3971 681 4038 prehendit.
706 3970 822 4036 Quo
841 3983 1063 4040 accepto
1085 3974 1408 4042 praperabat
1424 3975 1694 4038 occidere,
1719 3991 1825 4028 non
1847 3975 1949 4029 dif-

375 4061 559 4114 ferens
595 4062 794 4129 quippe
835 4061 1172 4118 alacritatem
1198 4079 1262 4118 ac
1289 4065 1510 4118 donum.
1541 4065 1868 4121 Enitautem
1894 4076 1950 4122 et

374 4166 538 4206 manu
573 4161 628 4205 et
658 4153 939 4208 alacritate
966 4154 1139 4221 patris
1165 4155 1417 4219 Abrahae,
1443 4155 1534 4210 Dei
1561 4157 1795 4213 velocior
1822 4174 1943 4215 vox.

369 4243 648 4299 Abraham
676 4245 765 4314 qui
801 4243 1087 4300 alacritate
1111 4257 1484 4313 praecesserat,
1508 4258 1780 4317 praecepto
1809 4265 1946 4317 prae-

369 4346 565 4388 ventus
595 4345 676 4390 est
717 4335 833 4390 Dei.
862 4336 1153 4400 Abraham,
1190 4337 1494 4390 Abraham:
1527 4339 1608 4391 bis
1643 4339 1815 4392 utitur
1847 4356 1943 4396 vo-

2074 1887 2296 1938 verum;
2327 1873 2616 1928 utilissima
2645 1883 2700 1928 et
2748 1889 2854 1928 non
2891 1874 3087 1938 otiosa,
3129 1884 3185 1928 et
3236 1877 3546 1930 necessaria
3592 1884 3651 1930 et

2072 1980 2178 2020 non
2199 1964 2462 2035 superﬂua
2494 1967 2845 2034 apparebunt.
2866 1964 2922 2019 Si
2949 1966 3093 2020 enim
3118 1975 3174 2020 et
3202 1966 3646 2036 interrogaveri-

2073 2071 2193 2110 nius
2221 2055 2456 2120 Judaeos,
2489 2068 2546 2110 ut
2576 2057 2702 2126 quid
2750 2055 3081 2114 oli‘erebalur
3107 2057 3258 2112 Isaac
3293 2057 3386 2125 qui
3429 2073 3536 2111 non
3562 2065 3650 2111 est

2069 2148 2302 2212 oblatus,
2335 2149 2529 2203 incerti
2558 2157 2684 2202 sunt
2717 2158 2773 2204 et
2807 2149 3198 2217 imprudentes.
3244 2148 3300 2203 Si
3328 2161 3507 2204 autem
3543 2150 3649 2205 Ec-

2069 2240 2236 2295 clesia
2270 2241 2466 2296 dixerit
2499 2256 2618 2311 qua:
2646 2255 2771 2296 vera
2819 2252 2968 2307 sunt,
3001 2243 3125 2311 quia
3160 2243 3371 2296 oblatus
3401 2252 3486 2296 est
3534 2257 3644 2297 non

2068 2341 2128 2385 ω
2161 2331 2470 2396 offerretur,
2502 2333 2594 2387 sed
2629 2341 2687 2385 ut
2715 2345 2998 2401 appareret
3025 2334 3151 2402 quia
3190 2337 3308 2388 ovis
3338 2334 3480 2404 ligno
3507 2347 3647 2403 pen-

2069 2423 2232 2479 debat
2263 2439 2360 2492 pro
2386 2426 2622 2492 homine,
2671 2435 2728 2480 ut
2759 2426 3090 2480 liberaretur
3119 2426 3280 2479 homo
3332 2441 3362 2480 a
3419 2436 3596 2480 morte
3625 2444 3643 2481 :

2066 2533 2172 2572 non
2202 2519 2503 2572 concedunt
2551 2518 2708 2572 nobis
2737 2517 2909 2573 JtldaEi
2962 2519 3314 2589 magniﬁcare
3352 2528 3506 2573 vetus
3545 2534 3649 2590 per

2066 2609 2398 2678 agnitionem
2425 2610 2568 2664 novi.
2597 2608 3052 2678 luterrogavimus
3078 2611 3221 2663 enim
3239 2625 3354 2673 eos,
3381 2625 3546 2678 quam
3571 2611 3645 2665 ob

2063 2715 2283 2754 causam
2317 2701 2432 2754 haec
2465 2701 2643 2754 omnia
2699 2701 2900 2755 ﬁebant
2945 2717 2960 2753 :
3007 2701 3221 2755 oblatus
3255 2718 3359 2754 non
3389 2701 3643 2757 oll’crtur.

2063 2789 2167 2845 Sed
2200 2792 2401 2855 dicent,
2437 2801 2495 2844 ut
2530 2802 2915 2861 agnosceretur
2946 2793 3222 2847 Abraham
3247 2808 3273 2845 a
3314 2792 3442 2847 Deo.
3473 2792 3642 2848 Late-

2061 2883 2154 2938 bat
2179 2884 2322 2938 enim
2349 2898 2470 2936 eum
2511 2893 2563 2938 et
2593 2895 2719 2937 ante
2749 2885 3142 2940 teutationem?
3164 2886 3269 2940 Sed
3295 2896 3349 2938 ut
3374 2886 3441 2939 ab
3462 2885 3645 2940 homi-

2061 2972 2243 3028 nibus.
2279 2973 2448 3028 Erant
2475 2973 2595 3042 ejus
2623 2985 2678 3030 et
2711 2975 2831 3030 alia:
2857 2977 3184 3031 tentationes
3207 2977 3452 3046 plurima:
3485 2992 3502 3029 :
3539 2993 3640 3048 pn-

2061 3075 2144 3119 tas
2187 3067 2311 3134 quia
2336 3073 2395 3118 ut
2426 3066 2656 3121 sciretur
2704 3067 2835 3122 nihil
2886 3070 2945 3122 ﬁt
2985 3069 3251 3136 amplius!
3286 3077 3344 3122 ut
3398 3070 3643 3125 lucrare-

2063 3170 2185 3208 mur
2210 3155 2300 3224 qui
2330 3165 2452 3223 post
2488 3157 2601 3210 haec
2644 3157 2833 3213 lucrati
2881 3159 3106 3212 sumus?
3135 3158 3274 3225 Quid
3323 3173 3460 3227 opus
3518 3169 3642 3213 erat

2058 3245 2198 3299 ove?
2227 3256 2354 3315 puta
2383 3247 2509 3316 quia
2539 3255 2593 3302 et
2634 3263 2736 3303 ove
2765 3267 2779 3303 :
2811 3265 2909 3304 cur
2961 3261 3067 3304 non
3106 3261 3290 3304 laurus
3337 3250 3644 3320 apparuit?

2057 3351 2158 3391 cur
2217 3354 2322 3390 non
2376 3354 2538 3407 capra
2585 3351 2677 3392 aut
2714 3341 2956 3395 vitulus?
2987 3358 3084 3396 cur
3133 3358 3238 3396 non
3297 3343 3402 3395 alia
3439 3356 3636 3410 magna

2058 3427 2382 3490 immolatio,
2414 3431 2506 3483 sed
2555 3431 2865 3498 ovislputa
2918 3437 3040 3502 quia
3094 3433 3232 3486 ovis.
3288 3433 3398 3487 Cur
3431 3448 3537 3486 non
3577 3434 3634 3487 in

2058 3529 2199 3574 terra
2228 3523 2339 3576 visa
2388 3535 2466 3577 est
2501 3523 2658 3578 ovis?
2711 3543 2810 3580 cur
2841 3543 2944 3580 non
2983 3537 3136 3580 extra
3187 3527 3379 3591 altare,
3424 3536 3517 3580 aut
3577 3527 3631 3580 in

2055 3613 2302 3671 cominus
2331 3615 2578 3682 apparuit
2600 3615 2802 3671 altari?
2839 3618 2894 3672 Si
2923 3619 3140 3688 quidem
3176 3617 3457 3672 hominum
3488 3626 3632 3672 esset

2055 3699 2369 3756 adinventio
2404 3713 2497 3756 aut
2530 3707 2852 3772 compositio
2903 3707 2971 3762 de
3017 3721 3139 3771 ove,
3168 3709 3458 3776 oportebat
3499 3707 3632 3761 alibi

2054 3789 2311 3848 inveniri.
2343 3793 2399 3847 Si
2431 3804 2610 3849 autem
2645 3796 2785 3851 Deus
2833 3813 2929 3866 pro
2961 3798 3182 3852 homine
3217 3812 3374 3852 ovem
3416 3799 3626 3867 praebeo

2051 3883 2168 3952 bat,
2183 3885 2360 3939 subito
2389 3886 2442 3940 in
2476 3888 2591 3956 ipso
2622 3889 2738 3943 loco
2762 3890 2944 3944 debuit
2972 3891 3061 3944 ubi
3080 3899 3199 3945 erat
3225 3889 3399 3958 Isaac,
3425 3892 3477 3944 in
3511 3892 3624 3960 ipsc

2050 3975 2244 4035 altare.
2279 3987 2366 4029 aut
2421 3979 2473 4030 in
2513 3989 2674 4042 terra,
2710 3983 2979 4050 autjuxta
3012 3983 3206 4044 altare,
3256 3992 3351 4035 aut
3401 3982 3624 4052 ligatum

2050 4067 2116 4120 ad
2144 4055 2392 4122 radicem.
2418 4070 2648 4124 arboris.
2686 4071 2839 4126 Nunc
2875 4083 3055 4127 autem
3100 4083 3330 4142 apparet
3374 4076 3490 4126 ovis
3534 4087 3626 4126 su-

2049 4172 2272 4228 Speusa,
2309 4169 2366 4219 et
2405 4177 2433 4215 a
2470 4163 2749 4228 cornibus,
2784 4177 2838 4219 et
2865 4178 3126 4234 suspensa
3157 4168 3210 4220 in
3245 4167 3464 4219 arbore.
3512 4163 3625 4218 Na-

2037 4258 2168 4306 ‘tu‘ra
2208 4261 2388 4307 autem
2415 4254 2877 4324 interpretabatur
2907 4258 3050 4329 quod
3085 4267 3206 4312 erat
3238 4257 3534 4312 occultum.
3563 4255 3628 4311 Si

2047 4342 2171 4410 quis
2199 4344 2344 4397 enim
2378 4349 2727 4415 suspenderit
2761 4363 2918 4402 ovem
2953 4364 2982 4402 a
3018 4349 3278 4405 cornibus
3309 4349 3364 4402 in
3404 4348 3621 4409 arbore,

367 4440 454 4490 ce,
488 4427 615 4497 quia
641 4434 695 4481 et
721 4427 789 4481 ab
822 4427 980 4482 initio
1008 4429 1258 4497 praecepti
1306 4446 1320 4484 :
1362 4429 1488 4502 quia
1523 4431 1667 4483 enim
1719 4431 1856 4485 forte
1887 4441 1942 4487 et
1971 4440 2018 4499 ι)
2047 4432 2100 4487 id
2136 4436 2278 4502 quod
2308 4441 2578 4507 Sequitur,
2615 4440 2821 4494 videbit
2849 4441 2990 4510 quod
3023 4450 3143 4496 erat
3193 4440 3459 4494 futurum.
3516 4438 3623 4494 Ne-

368 4517 617 4573 dubitare
647 4520 758 4589 (22)
785 4536 798 4572 :
833 4519 926 4575 sed
953 4521 1217 4589 praevenit
1263 4521 1356 4590 qui
1399 4523 1656 4589 prae-cepit
1689 4541 1702 4576 :
1745 4525 1935 4579 eadem

364 4613 535 4666 utitur
555 4626 711 4667 voce.
745 4611 898 4667 Sicut
921 4614 1066 4667 enim
1095 4614 1230 4677 dixit
1266 4623 1445 4676 antea,
1467 4614 1754 4677 Abraham,
1775 4617 1940 4673 Abra-

365 4703 510 4766 ham,
542 4705 722 4768 accipe
735 4705 905 4771 ﬁlium
938 4715 1088 4758 tuum
1118 4707 1441 4773 unigenitum
1489 4707 1646 4758 Isaac
1674 4723 1823 4775 quem
1850 4707 1936 4765 die

361 4793 539 4846 texisti
569 4811 588 4848 :
624 4793 695 4848 ita
724 4801 782 4848 et
804 4794 949 4858 istic,
974 4794 1263 4859 Abraham,
1295 4794 1584 4850 Abraham.
1636 4795 1754 4865 Ipse
1787 4799 1933 4852 enim

360 4885 451 4949 qui
481 4883 569 4937 illa
596 4884 873 4953 praecepit,
904 4895 958 4938 et
992 4900 1135 4938 nunc
1183 4885 1454 4954 loquitur,
1504 4899 1561 4940 et
1611 4886 1763 4948 dicit,
1801 4886 1932 4948 Noli

355 4977 660 5045 contingere
679 4975 850 5043 ﬁlium
879 4986 1026 5028 tuum
1048 4977 1103 5009 -³⁶
1132 4993 1148 5030 :
1187 4976 1360 5031 habeo
1387 4979 1614 5048 donum,
1633 4979 1772 5033 habe
1793 4991 1848 5035 et
1875 4989 1931 5033 tu

339 5065 547 5125 .ﬁlium.
582 5065 833 5120 Secundo
857 5066 950 5120 tibi
973 5079 1030 5121 et
1057 5068 1159 5122 hoc
1185 5084 1380 5124 munus
1410 5069 1570 5124 dono.
1601 5067 1811 5124 ElIulsit
1841 5080 1928 5124 tua

350 5159 621 5224 ‘cbaritas,
650 5160 831 5228 agnita
861 5168 944 5214 est
974 5159 1109 5214 ﬁdes
1140 5171 1253 5214 tua.
1289 5160 1458 5214 Erunt
1513 5163 1612 5214 ista
1648 5178 1768 5230 quae
1815 5178 1844 5216 a
1878 5173 1928 5218 te

356 5262 478 5308 acta
515 5264 662 5317 sunt,
726 5256 1034 5309 adhortatio
1070 5271 1260 5310 eorum
1293 5255 1386 5324 qui
1417 5265 1539 5325 post
1586 5255 1750 5317 futuri
1800 5270 1926 5312 sunt

358 5353 428 5396 te.
467 5344 855 5397 Decantabitur
891 5344 941 5397 id
967 5345 1112 5412 quod
1151 5343 1348 5411 fecisti,
1386 5345 1436 5398 in
1467 5348 1750 5416 progenies
1778 5347 1925 5402 futu-

355 5449 464 5487 ras.
502 5432 680 5487 Habes
711 5433 945 5488 fructum
969 5435 1114 5498 ﬁdei,
1153 5436 1324 5490 habes
1354 5446 1408 5492 et
1432 5437 1664 5492 fructum
1697 5440 1920 5506 ventris,

351 5522 523 5579 habes
549 5534 604 5577 et
628 5525 830 5580 sterilis
858 5527 1048 5592 ﬁlium,
1082 5526 1247 5582 habes
1277 5537 1332 5581 et
1357 5543 1423 5582 ex
1455 5530 1624 5585 altare
1673 5529 1918 5587 immola-

423 5619 471 5651 “
504 5619 645 5676 Gen.
677 5638 813 5688 xxii,
843 5623 928 5677 12.

423 5714 536 5786 ξεῆῆ)
574 5713 845 5771 Dubitare.
883 5715 1042 5772 Forte
1067 5721 1350 5774 dubitant.

2045 4540 2197 4582 cesse
2213 4530 2356 4583 enim
2383 4542 2465 4586 est
2493 4533 2648 4587 istam
2679 4535 2890 4602 quzeita
2920 4535 3117 4604 pendet
3138 4536 3190 4588 in
3224 4532 3420 4587 arbore
3437 4549 3616 4595 ovem,

2043 4631 2322 4688 separatos
2355 4625 2662 4693 expandere
2697 4625 2860 4694 pedes
2891 4627 3133 4695 priores:
3162 4625 3265 4679 hoc
3283 4624 3427 4679 enim
3447 4639 3618 4694 expe-

2043 4711 2252 4767 ditovis
2284 4727 2404 4783 qua:
2448 4715 2523 4768 ita
2581 4717 2953 4786 suspenditur.
3008 4714 3244 4770 Necesse
3273 4724 3360 4770 est
3384 4715 3530 4769 enim
3561 4725 3618 4769 et

2041 4804 2283 4873 separari
2309 4804 2425 4872 ejus
2451 4806 2542 4875 qui
2591 4808 2842 4861 deorsum
2879 4816 3004 4862 sunt
3044 4808 3235 4877 pedes.
3275 4805 3414 4861 Cum
3451 4806 3615 4876 igitur

2039 4897 2159 4950 ovis
2184 4913 2457 4967 suspensa:
2483 4899 2535 4952 in
2565 4898 2731 4968 ligno,
2765 4909 2821 4952 et
2843 4900 2896 4953 in
2928 4900 3120 4954 arbore
3137 4913 3390 4968 expansa:
3417 4899 3618 4954 fuerint

2040 5001 2234 5040 manus
2258 4998 2312 5041 et
2347 4988 2532 5056 pedes,
2581 5003 2757 5057 neque
2785 4988 3238 5058 interpretatione
3283 4988 3529 5059 indigent
3560 4988 3615 5044 hi

2037 5077 2126 5144 qui
2165 5077 2364 5131 habent
2399 5078 2587 5132 oculos
2618 5079 2836 5133 mentis.
2872 5077 2980 5134 Sed
3010 5080 3134 5148 quis
3159 5079 3355 5147 estqui
3391 5075 3613 5144 pericli-

2039 5171 2254 5223 labatur
2273 5170 2480 5224 occidi?
2535 5170 2717 5225 homo.
2781 5169 2918 5236 Quid
2950 5181 3032 5226 est
3060 5170 3202 5238 quod
3253 5185 3348 5239 pro
3394 5170 3612 5224 homine

2033 5260 2452 5315 immolabatur?
2501 5263 2620 5316 ovis
2648 5275 2910 5330 suspensa
2956 5263 3006 5315 in
3041 5263 3206 5330 ligno.
3237 5261 3520 5330 Tanquam
3565 5261 3608 5314 si

2035 5351 2237 5405 diceret
2267 5353 2409 5406 Deus
2438 5353 2504 5406 ad
2535 5353 2807 5406 Abraham
2842 5351 2992 5406 :Non
3026 5362 3148 5405 tuus
3177 5351 3488 5420 unigenitus
3517 5363 3611 5402 ne-

2032 5445 2306 5497 cessarius
2344 5460 2358 5497 :
2390 5444 2480 5499 sed
2510 5454 2693 5498 currat
2725 5445 2943 5514 quidem
2980 5442 3152 5498 forma
3180 5457 3277 5512 per
3301 5453 3608 5506 tuum,ser-

2031 5544 2190 5599 retur
2219 5546 2399 5591 autem
2439 5551 2560 5602 meo
2587 5535 2875 5606 Uuigenito
2907 5537 3047 5606 quod
3072 5533 3150 5604 fit.
3179 5532 3256 5600 [ta
3285 5535 3408 5590 ovis
3443 5547 3607 5605 appa-
