3822 6218
203 311 345 373 1081

1316 312 1405 367 DE
1446 311 2049 369 RESURRECTIONE.
2088 346 2160 358 —
2196 314 2326 371 LIB.
2367 314 2413 372 Ι.

174 428 289 483 ruit
321 439 423 494 pro
454 425 699 489 homine,
729 434 784 482 et
817 428 922 483 hoc
960 428 1015 483 in
1048 429 1215 500 ligno,
1258 440 1314 485 et
1349 431 1452 485 hoc
1478 446 1763 498 suspensa,
1795 434 1840 491 Α
1870 440 2047 484 mutem
2079 431 2284 487 electus
2314 432 2403 486 ille
2435 441 2490 487 et
2522 432 2613 501 qui
2658 440 2784 486 ante
2825 428 2969 485 Esau
2998 428 3177 485 factus
3211 438 3317 494 est,
3348 432 3433 485 vi-

172 528 234 575 et
260 520 363 574 hoc
387 521 543 586 cujus
566 519 841 575 haeserunt
876 538 1068 576 manus
1108 534 1163 577 et
1216 525 1380 593 pedes
1411 533 1670 593 tanquam
1704 525 1756 579 itt

172 626 348 665 cruce
383 620 480 666 :et
508 614 786 681 prophetia
830 615 1065 667 Abrahae
1095 615 1327 670 eﬂicitnr
1358 616 1576 684 duplex.
1608 614 1761 682 Quod

174 705 324 758 enim
357 703 453 769 ait,
498 703 641 758 Deus
676 707 961 771 providebit
1004 724 1145 760 ovem
1191 709 1479 775 sacriﬁcio,
1527 708 1605 775 ﬁli
1643 724 1663 761 .'
1710 714 1765 762 et

178 807 311 851 tunc
341 798 468 863 quid
499 799 821 864 completum
847 811 930 851 est
961 799 1013 851 in
1043 801 1467 867 rmnparatioue,
1507 800 1763 854 servaba-

181 896 273 940 tur
298 897 478 943 autem
510 889 560 940 in
591 888 846 958 tttyslerio
881 889 1115 942 vl-ritati.
1147 890 1282 953 Quid
1322 890 1482 958 igitur
1526 890 1626 944 sibi
1653 888 1766 940 vult

180 977 290 1033 iste
319 995 502 1034 sermo
531 980 815 1033 incurrens
845 980 1134 1034 ostendere
1176 982 1300 1049 quia
1346 980 1621 1034 Abraham
1651 976 1763 1050 (23)

188 1077 361 1121 totam
400 1085 553 1124 suam
591 1070 753 1122 vitam
786 1071 1043 1138 transegit
1087 1072 1137 1124 itt
1182 1073 1464 1142 angustiis,
1499 1072 1551 1125 in
1589 1083 1768 1126 tenta-

184 1157 447 1222 tionibus,
479 1160 530 1213 in
558 1159 856 1215 doloribus.
888 1161 942 1214 Si
966 1162 1109 1215 enim
1143 1163 1191 1215 in
1223 1165 1323 1217 ista
1355 1164 1461 1217 vita
1489 1179 1637 1232 spem
1674 1164 1769 1218 ha-

184 1254 364 1313 beret,
399 1252 683 1305 fraudatus
721 1263 864 1306 esset
895 1269 924 1306 a
976 1269 1092 1322 Spe.
1142 1255 1275 1308 Cum
1331 1255 1494 1325 igitur
1552 1256 1767 1324 gloriati

185 1342 393 1397 fuerint
421 1341 590 1397 Judtei
643 1344 695 1397 in
741 1345 1040 1407 Abraham,
1074 1347 1450 1400 necessitatem
1496 1347 1769 1400 habebunt

184 1447 240 1489 et
278 1436 727 1490 re‘surrectionem
751 1438 1016 1491 confiteri.
1049 1438 1161 1491 [loc
1185 1439 1251 1490 ad
1282 1438 1422 1491 illam
1451 1438 1771 1492 Sadducato-

189 1542 312 1580 rum
361 1537 596 1594 partem,
644 1527 735 1592 qui
791 1535 993 1595 negant
1046 1541 1269 1595 prorsus
1316 1528 1768 1580 resurrectionem

188 1617 448 1681 futuram,
479 1628 627 1672 recte
653 1618 947 1672 diceretur.
975 1618 1109 1684 Quia
1140 1628 1318 1672 autem
1350 1618 1452 1670 alia
1493 1634 1640 1686 pars,
1668 1619 1772 1673 hoc

186 1720 273 1763 est
322 1709 739 1772 Pharismorutn,
778 1710 1232 1764 resurrectionem
1277 1709 1497 1778 quidem
1544 1711 1770 1763 conlite-

189 1809 302 1866 tur,
337 1802 791 1856 resurrectionem
821 1812 1002 1856 autem
1038 1802 1199 1856 talem
1246 1802 1380 1856 dicit
1423 1800 1681 1864 futuram,
1712 1810 1769 1853 ut
1802 1784 1845 1843 Β
1877 1812 2065 1865 Dicam
2094 1808 2260 1878 igitur
2288 1807 2443 1861 nobis
2468 1803 2638 1859 Judaei

190 1892 386 1948 iterum
416 1895 770 1947 manducctur
803 1903 858 1946 et
890 1893 1124 1956 bibatur,
1172 1903 1227 1945 et
1252 1891 1517 1962 conjugiis
1556 1901 1769 1958 utatur;

190 1993 251 2038 ut
285 1999 353 2039 ne
374 1986 590 2053 quidem
620 1996 964 2053 resurgentes
1010 1995 1228 2039 cessent
1273 1985 1665 2041 manducantes
1716 1993 1772 2039 et

190 2076 458 2142 bibentes,
481 2086 534 2129 et
565 2077 831 2146 conjugiis
852 2092 912 2131 se
943 2077 1336 2147 coniungentes
1362 2096 1374 2132 :
1409 2089 1599 2132 venter
1624 2078 1769 2133 enim

190 2168 365 2235 magis
384 2175 690 2237 suntquam
723 2169 989 2223 homines.
1034 2169 1096 2222 Et
1125 2170 1265 2223 sicut
1291 2170 1507 2239 quidam
1537 2171 1774 2224 morien-

193 2260 328 2312 tium
356 2260 444 2326 qui
480 2270 606 2314 ante
658 2258 809 2314 fuere
844 2261 895 2314 in
947 2260 1159 2315 deliciis
1214 2262 1536 2325 viventium,
1576 2270 1771 2331 putant

193 2362 318 2402 esse
351 2347 603 2401 fraudare
629 2347 743 2416 (24)
771 2350 872 2403 ista
903 2351 1010 2404 vita
1046 2350 1097 2405 in
1135 2361 1327 2416 morte,
1358 2351 1412 2405 in
1454 2368 1773 2406 monumen-

195 2439 293 2501 tis,
320 2446 375 2493 et
403 2440 545 2492 circa
577 2440 773 2509 jannas
806 2443 1180 2511 sepulcrorum
1236 2445 1557 2513 semetipsos
1585 2445 1762 2513 depin-

192 2539 347 2599 gunt,
377 2540 431 2583 et
455 2530 539 2583 vel
574 2533 625 2584 in
657 2534 998 2602 imaginibus,
1030 2546 1084 2587 et
1135 2546 1255 2604 post
1282 2546 1511 2589 mortem
1547 2537 1773 2590 mandu-

192 2631 358 2675 cant:
392 2621 467 2674 ita
500 2632 554 2676 et
579 2621 890 2678 Judworum
942 2626 1202 2680 Pharisaei
1229 2627 1416 2680 volunt
1445 2638 1497 2681 et
1528 2636 1651 2696 post
1690 2642 1774 2680 re-

192 2714 872 2784 surrectionenttanquam
895 2715 1092 2787 depicti
1126 2720 1322 2773 iterum
1370 2720 1696 2773 manducare
1722 2728 1773 2772 et

194 2804 410 2872 bibere;
443 2816 497 2859 et
524 2808 651 2861 ttubi
683 2818 737 2861 et
766 2809 991 2863 nubere.
1045 2809 1390 2865 llecumbunt
1434 2812 1576 2862 enim
1608 2819 1661 2864 et
1689 2812 1773 2879 pi-

192 2899 366 2952 cturis
399 2899 537 2967 apud
590 2900 919 2965 istiusmodi,
946 2911 998 2955 et
1030 2902 1284 2957 meliores
1337 2918 1448 2957 sua:
1497 2903 1631 2973 (ἳό).
1667 2903 1774 2958 Nos

192 3000 373 3045 autem
405 2992 761 3061 przesiliamus
786 2994 853 3048 ad
904 2994 956 3047 id
1008 2995 1151 3064 quod
1198 3010 1383 3049 verum
1410 3007 1511 3050 est.
1541 2997 1596 3050 Si
1630 2998 1774 3053 enim

199 3083 324 3138 talis
370 3094 515 3138 esset
542 3086 893 3151 resurrectio,
922 3102 1311 3142 excusaremus
1346 3089 1534 3158 utique
1586 3104 1772 3143 resur-

1864 525 1999 594 ginti
2034 532 2088 579 et
2136 540 2301 577 unum
2358 540 2528 580 annos
2596 524 2808 587 serviit,
2856 533 2983 577 tunc
3032 522 3274 577 maxime
3304 536 3431 576 cum

1865 616 2228 671 adolescentia
2263 617 2312 670 ei
2343 616 2505 669 dabat
2530 616 2736 684 epulari
2769 634 2783 670 :
2824 624 2880 669 et
2924 616 2978 669 in
3033 614 3272 684 paternis
3301 614 3431 668 dum

1865 718 2067 777 ageret,
2100 718 2385 777 suspectus
2420 716 2533 761 erat
2567 724 2632 762 ne
2666 709 3009 763 occideretur
3042 723 3072 761 a
3111 707 3279 762 fratre
3312 722 3329 759 :
3381 714 3439 762 et

1866 800 1921 853 in
1954 801 2127 854 soceri
2159 800 2318 853 domo
2349 815 2540 854 servus
2594 816 2609 852 :
2656 800 2708 854 in
2763 801 2957 854 itinere
2991 811 3168 854 autem
3203 798 3432 868 lapidem

1867 896 2018 962 ponit
2048 893 2149 947 sub
2178 893 2355 959 capite
2408 909 2526 956 suo,
2558 903 2613 947 et
2656 909 2778 946 eum
2822 894 2970 963 virga
3010 895 3122 947 sola
3176 892 3436 945 ambulat.

1866 982 1992 1037 Haec
2017 984 2318 1036 nuditatem
2347 982 2564 1051 quidem
2596 983 2903 1051 significant
2946 983 3114 1050 ipsius
3143 981 3378 1037 hotniuis
3415 997 3432 1034 :

1868 1083 2212 1129 sacramenta
2240 1087 2417 1126 autem
2465 1090 2584 1142 qua:
2624 1090 2716 1142 per
2742 1073 2907 1129 Jacob
2947 1076 3170 1136 fiebant,
3228 1083 3435 1143 petram

1869 1175 2276 1234 supportautem
2305 1174 2471 1233 caput
2502 1164 2649 1231 ejus,
2676 1165 2766 1234 qui
2812 1167 3239 1234 persecutionem
3271 1165 3439 1233 patie-

1869 1257 2068 1310 batur:
2107 1264 2162 1308 et
2194 1254 2343 1323 virga
2380 1257 2433 1307 in
2468 1270 2627 1307 manu
2661 1256 2955 1309 ostendens
3004 1256 3143 1308 viam
3194 1255 3437 1323 fugienti.

1868 1354 1981 1419 Ego
2006 1364 2136 1405 sane
2164 1349 2341 1403 audivi
2370 1346 2535 1402 Jacoh
2562 1350 2851 1415 dicentem,
2872 1350 2993 1417 quia
3016 1364 3104 1415 per
3128 1349 3263 1401 diem
3286 1364 3441 1401 com-

1868 1444 1977 1496 edit
2016 1457 2135 1494 eum
2174 1440 2334 1491 ardor
2369 1438 2533 1499 solis;
2573 1448 2623 1491 et
2668 1439 2836 1506 frigus
2882 1454 3083 1501 sentper
3120 1455 3211 1502 per
3239 1448 3441 1490 noctem

1869 1535 2032 1587 sensit
2065 1532 2131 1585 ³³.
2170 1531 2225 1584 Si
2277 1532 2374 1583 ista
2436 1530 2717 1585 beatitudo
2750 1539 2852 1596 est,
2892 1531 3044 1584 Valde
3075 1530 3258 1583 odihat
3307 1529 3443 1582 Deus

1870 1623 2062 1686 Jacob,
2098 1622 2238 1675 Esau
2290 1628 2409 1673 erat
2463 1630 2645 1673 autem
2702 1620 2756 1673 in
2815 1618 3039 1672 deliciis.
3094 1618 3265 1671 Audio
3318 1630 3443 1669 sane

1874 1718 2041 1770 Deum
2066 1715 2331 1769 dicentem
2369 1729 2383 1765 :
2409 1709 2574 1764 Jacob
2602 1712 2785 1773 dilexi,
2822 1709 2966 1763 Esau
3008 1719 3179 1762 autem
3216 1709 3354 1762 oo'iut
3377 1707 3445 1761 ".

2682 1825 2695 1858 :
2736 1803 2781 1857 si
2832 1803 2933 1855 iste
2961 1812 3043 1855 est
3073 1800 3280 1855 fructus
3319 1815 3417 1867 pro

1877 1900 2175 1963 missionis,
2212 1900 2256 1953 si
2288 1900 2387 1953 ista
2429 1907 2515 1953 est
2538 1910 2677 1964 spes,
2714 1910 2842 1947 num
2870 1895 2989 1949 odit
3019 1893 3159 1949 Deus
3182 1891 3351 1947 Jacob
3381 1892 3446 1948 de

1874 2010 1983 2064 quo
2024 1995 2177 2061 dicit,
2212 1993 2338 2063 quia
2388 1990 2592 2046 dilexi?
2622 1987 2726 2042 Sed
2778 1997 2907 2042 tunc
2949 2002 3072 2041 cum
3114 1987 3370 2040 liberatus
3416 2000 3447 2042 ο

1875 2086 2139 2142 servitute
2168 2092 2337 2149 esset,
2365 2094 2544 2136 nonne
2599 2078 2733 2149 fugit
2758 2087 2817 2132 ut
2846 2076 3186 2132 salvaretur?
3215 2074 3448 2146 Fugiens

1875 2187 2057 2231 autem
2098 2192 2201 2229 non
2229 2183 2311 2228 est
2350 2172 2799 2241 comprehensus,
2852 2179 2907 2224 et
2949 2169 3001 2223 itt
3042 2168 3235 2222 timore
3264 2164 3448 2221 stetit?

1877 2267 1983 2323 Sed
2013 2267 2227 2337 fugiens
2261 2267 2635 2333 insequentem
2670 2278 2727 2318 se
2753 2278 2999 2317 socerum
3040 2274 3215 2315 nonne
3249 2272 3449 2312 occur-

1877 2362 1949 2415 rit
1974 2361 2123 2414 fratri
2153 2358 2294 2413 suo?
2328 2371 2508 2410 nonne
2560 2355 2722 2409 timor
2770 2356 2950 2409 timori
2983 2350 3283 2407 successit?
3342 2348 3449 2404 Sed

1877 2453 2002 2521 quia
2031 2452 2292 2504 liberatus
2310 2458 2364 2501 et
2385 2447 2453 2501 ab
2488 2448 2590 2500 isto
2616 2454 2736 2502 est:
2766 2459 2945 2499 nonne
2976 2443 3166 2496 habuit
3205 2443 3257 2494 in
3291 2454 3452 2494 sene-

1878 2554 2024 2599 ctnte
2054 2543 2172 2597 siue
2196 2540 2565 2594 consolatione
2591 2536 2864 2591 dolorem?
2891 2533 3089 2587 Habuit
3115 2533 3256 2587 enim
3283 2530 3452 2586 Jacob

1890 2646 1943 2692 et
1977 2636 2137 2689 aliunt
2166 2632 2335 2686 Isaac.
2372 2630 2591 2696 Habuit,
2625 2630 2866 2697 inquam,
2899 2624 3122 2692 Joseplt,
3180 2623 3328 2678 illutn
3360 2623 3453 2678 bo-

1880 2740 2008 2778 num
2055 2732 2109 2778 et
2159 2722 2412 2775 dilectum
2453 2719 2579 2785 sibi,
2634 2718 2828 2771 bonam
2886 2714 3196 2785 progeniem
3253 2726 3451 2766 suam:

1879 2826 2124 2865 amarum
2154 2820 2335 2863 autent
2368 2808 2436 2862 de
2465 2822 2529 2861 eo
2554 2806 2818 2861 dolorem.
2853 2804 2918 2858 Et
2945 2804 3133 2859 habuit
3160 2802 3375 2873 quando
3400 2810 3455 2857 et

1878 2904 2082 2958 Sterilis
2118 2913 2237 2956 erat
2270 2911 2323 2954 et
2365 2900 2526 2954 istius
2556 2908 2757 2961 tnater,
2783 2910 2839 2952 et
2861 2896 3032 2951 .Iacob
3069 2910 3173 2948 non
3204 2895 3455 2948 cessabat

1882 2996 2111 3049 orando.
2136 2993 2255 3049 Jam
2295 3001 2476 3046 autem
2501 3000 2557 3045 et
2594 2992 2646 3044 in
2672 2988 3021 3060 opprobrium
3050 2997 3187 3041 erat.
3222 2987 3456 3041 Dellebat

1884 3088 2026 3141 enim
2064 3085 2284 3149 sterilis,
2320 3094 2376 3139 et
2400 3084 2613 3138 dicebat
2643 3084 2709 3135 ad
2734 3083 2908 3135 viruut
2946 3096 2960 3133 :
2994 3080 3073 3133 Da
3111 3077 3236 3131 mihi
3264 3075 3455 3146 filium,

192 3190 343 3246 gere.
392 3175 591 3232 lterum
639 3180 782 3233 enim
815 3194 1130 3250 exsurgere,
1169 3190 1223 3234 et
1264 3195 1423 3234 arare
1452 3190 1507 3234 et
1548 3191 1767 3247 metere,
1796 3156 1839 3215 (ἶ
1884 3187 1973 3231 aut
2006 3178 2206 3230 moriar
2232 3177 2298 3230 ³⁸.
2341 3176 2510 3230 Soror
2540 3183 2855 3244 exaggerat.
2888 3173 3114 3227 Ancilla:
3161 3169 3454 3234 habebant,

192 3269 387 3323 iterum
421 3271 750 3325 manducare
776 3281 831 3325 et
870 3272 1076 3334 bibere,
1116 3273 1312 3326 iterum
1342 3272 1563 3341 spoliari
1601 3281 1652 3325 et
1677 3288 1772 3325 ve-

193 3359 336 3425 stiri,
371 3361 565 3415 iterum
602 3362 841 3417 dormire
887 3374 941 3417 et
993 3365 1242 3434 vigilare.
1292 3365 1395 3418 Sed
1431 3366 1773 3419 advertatnus

191 3452 321 3520 quid
340 3452 478 3506 dicat
505 3454 817 3521 Apostolus:
843 3454 968 3508 Siin
993 3457 1093 3509 ista
1119 3456 1221 3509 vita
1246 3472 1383 3524 spem
1399 3456 1703 3508 haberemus
1720 3458 1773 3509 in

193 3542 424 3608 Christo,
449 3546 856 3599 miserabiliores
878 3548 1119 3600 omnibus
1143 3548 1440 3601 hominibus
1456 3546 1771 3602 essemus".

195 3633 253 3689 Si
284 3635 428 3689 eniut
461 3637 531 3690 ita
557 3638 745 3691 statuit
768 3638 911 3692 Deus
940 3638 1077 3691 utin
1104 3640 1235 3708 ipsis
1262 3640 1457 3692 iterum
1491 3638 1680 3704 simus,
1715 3646 1775 3692 ιιι

192 3726 322 3795 quid
350 3742 447 3781 nos
469 3737 522 3781 et
551 3728 831 3797 quiescere
858 3728 1023 3784 facit?
1075 3729 1188 3785 Hoc
1239 3730 1383 3785 enim
1432 3729 1665 3784 ludentis
1690 3738 1775 3784 est

194 3818 395 3885 potius,
428 3821 725 3876 concedere
760 3822 918 3887 mori,
957 3833 1010 3877 et
1041 3822 1236 3875 iterum
1268 3823 1335 3875 ad
1380 3822 1550 3891 ipsam
1591 3837 1775 3876 resur-

193 3923 321 3977 gere
354 3909 538 3965 vitam.
602 3912 656 3965 Si
700 3914 847 3966 enint
892 3913 965 3966 ita
1018 3928 1442 3981 resnrgeremns,
1490 3915 1773 3982 oportebat

192 4002 469 4055 Abraham
501 4011 560 4056 ut
597 4019 702 4057 non
741 4004 1013 4059 amitteret
1044 4020 1163 4075 qua:
1195 4005 1281 4059 hic
1320 4015 1466 4070 sunt,
1500 4005 1611 4071 jam
1646 4020 1773 4075 per»-

192 4092 303 4147 frui
335 4109 396 4148 ea
432 4111 551 4164 qua:
588 4104 733 4150 esset
760 4097 813 4150 in
850 4098 1303 4151 resurrectionem
1331 4108 1676 4167 accepturus.
1715 4098 1771 4153 Si

195 4187 346 4239 enim
386 4203 509 4241 cum
541 4188 818 4258 voluptate
871 4190 1057 4244 bibere
1082 4199 1135 4242 et
1167 4190 1373 4258 epulari
1402 4190 1510 4244 vita
1560 4198 1677 4256 est;
1715 4190 1769 4244 in

192 4293 520 4349 quacunque
552 4281 681 4334 hora
709 4295 814 4335 non
831 4296 952 4336 eum
974 4282 1246 4351 voluptate
1270 4282 1525 4347 bibimus,
1552 4282 1772 4337 frauda-

194 4387 381 4426 remus
410 4388 438 4424 a
466 4375 594 4427 vita.
622 4373 727 4428 Sed
763 4389 889 4429 vere
911 4373 1215 4429 Iudaeorum
1247 4386 1421 4428 center
1440 4385 1513 4428 est
1548 4378 1675 4428 deus
1704 4376 1770 4439 3',

190 4463 334 4516 sicut
366 4463 499 4517 dicit
543 4463 759 4529 Paulus,
794 4465 885 4535 qui
920 4475 1007 4520 est
1053 4481 1118 4519 ex
1163 4465 1382 4531 Judreis,
1420 4470 1508 4536 qui
1558 4467 1773 4521 Judzeos

190 4555 411 4622 quidem
456 4571 650 4624 passus
697 4574 803 4611 non
837 4568 939 4620 est,
973 4561 1185 4612 veritati
1237 4561 1380 4614 enim
1443 4560 1675 4613 credidit
1718 4560 1771 4613 in

188 4644 431 4701 Christo.
458 4648 596 4713 Quid
635 4658 815 4703 autem
846 4651 1023 4704 dicent
1052 4650 1206 4704 nobis
1257 4660 1313 4705 et
1356 4652 1414 4705 de
1460 4651 1630 4712 Isaac,
1678 4652 1770 4719 qui

182 4737 300 4805 jam
333 4739 566 4794 habebat
594 4741 833 4796 dolorem
867 4742 1288 4796 immolationis?
1340 4742 1539 4796 llabuit
1585 4753 1767 4797 autem

188 4842 247 4885 et
276 4842 397 4899 post
422 4834 535 4888 haec
557 4835 774 4889 easdem
811 4836 955 4905 ipsas
984 4837 1379 4897 tribulationes,
1414 4852 1550 4905 quas
1585 4846 1639 4890 et
1672 4852 1769 4905 pa-

193 4935 303 4982 ter.
335 4926 594 4998 Conjugis
622 4933 841 4997 inquam
866 4944 999 4995 suae,
1025 4945 1146 4999 qua:
1175 4943 1367 5001 parere
1399 4946 1502 4983 non
1536 4939 1766 4997 poterat,

194 5022 513 5089 nuptiarum
549 5037 858 5086 maerorem,
904 5025 1368 5077 commanentimn
1404 5023 1768 5091 deceptiones,

188 5110 417 5168 fraudes
442 5114 707 5169 laborum.
736 5114 859 5174 Hazc
887 5117 1053 5169 donat
1085 5115 1226 5171 Deus
1256 5117 1389 5181 suis,
1420 5116 1655 5181 dolores,
1687 5119 1776 5173 tri-

190 5200 524 5270 bulationes,
558 5207 854 5275 angustias.
886 5206 942 5259 Si
974 5205 1115 5260 Deus
1147 5207 1261 5259 hate
1300 5207 1585 5274 promisit:
1610 5207 1776 5263 Jacob

1882 3282 1937 3323 et
1964 3270 2130 3324 libera
2184 3286 2291 3323 non
2337 3270 2590 3324 habebat.
2633 3268 2814 3331 Dolor,
2846 3268 3103 3337 gemitus,
3154 3274 3209 3319 et
3239 3262 3458 3318 tristitia

1881 3372 2000 3417 erat
2031 3362 2243 3416 iisdem.
2276 3361 2380 3416 Sed
2412 3362 2670 3415 misertus
2692 3371 2775 3413 est
2800 3361 2879 3414 eis
2899 3358 3192 3425 aliquando
3219 3357 3375 3418 Deus,
3400 3362 3458 3410 et

1884 3466 2047 3510 natus
2101 3465 2188 3510 est
2231 3454 2428 3524 Joseph
2476 3454 2565 3507 ille
2614 3456 2787 3507 bonus
2835 3452 3093 3521 undique,
3121 3462 3350 3518 corpore
3400 3448 3458 3500 in

1881 3556 2115 3611 tantum,
2149 3558 2415 3615 quantum
2446 3555 2677 3600 testatur
2716 3560 2836 3613 quae
2879 3543 3022 3597 victa
3072 3552 3177 3606 est,
3221 3548 3455 3594 mentem

1882 3653 2066 3692 autem
2095 3639 2208 3709 (26)
2237 3648 2499 3709 quantum
2535 3646 2768 3690 testatur
2807 3645 3005 3705 pater:
3046 3633 3137 3702 qui
3186 3646 3460 3702 praerogan

1886 3730 1965 3782 vit
1991 3731 2098 3792 his,
2130 3731 2221 3797 qui
2273 3737 2433 3781 antea
2465 3725 2686 3779 fuerant
2730 3725 2867 3779 nati.
2905 3722 3161 3778 Testatur
3188 3730 3369 3775 autent
3400 3727 3458 3772 et

1883 3824 2025 3891 apud
2076 3821 2369 3893 Aigyptum
2420 3817 2776 3886 dispensatio,
2825 3830 2946 3885 qua:
3005 3824 3116 3869 toto
3178 3812 3325 3867 facta
3375 3821 3461 3865 est

1883 3918 2105 3971 mundo.
2143 3915 2395 3969 Testatur
2440 3923 2493 3967 et
2533 3910 2760 3966 scientia
2808 3909 3004 3979 linguae
3036 3921 3196 3977 quam
3238 3904 3461 3973 ignora-

1880 4008 1973 4061 bat
2009 4025 2023 4061 :
2050 4016 2105 4060 et
2129 4005 2397 4059 mirabilia
2435 4002 2801 4057 intellectibus
2828 4000 2979 4067 pueri
3008 4007 3192 4062 erant;
3223 3996 3317 4051 sed
3342 3995 3459 4065 pul-

1880 4098 2221 4152 chritudines
2254 4097 2339 4150 hae
2367 4094 2608 4161 salvatae,
2640 4093 2916 4147 laetiticant
2946 4110 2961 4147 :
2988 4091 3248 4144 bonorum
3276 4096 3457 4140 autem

1884 4206 2043 4245 casus
2092 4192 2213 4244 sine
2242 4190 2436 4242 solatio
2466 4187 2703 4242 dolorem
2737 4186 3017 4255 parabant.
3049 4181 3179 4236 Erat
3214 4180 3378 4252 igitur
3405 4179 3463 4232 in

1884 4289 2079 4337 timore
2111 4280 2279 4351 patris
2302 4279 2502 4349 Joseph
2531 4296 2545 4333 :
2576 4290 2781 4334 etcum
2840 4278 3055 4331 adesset
3094 4291 3215 4330 cum
3259 4289 3345 4337 eo,
3394 4289 3462 4326 ne

1882 4377 2024 4430 forte
2068 4374 2190 4427 talis
2235 4390 2340 4426 non
2371 4380 2716 4443 permaneret
2751 4370 3025 4424 salvator:
3057 4368 3128 4421 ita
3160 4366 3457 4425 mordebat.

1881 4477 1934 4521 et
1964 4470 2211 4521 timorem
2240 4465 2523 4530 ingerebat
2551 4465 2691 4533 patri
2721 4478 2818 4533 per
2849 4476 2913 4516 ea
2948 4475 3067 4529 qua:
3118 4458 3459 4526 loquebatur,

1881 4577 1977 4630 per
1997 4576 2059 4615 ea
2088 4575 2207 4629 qua:
2237 4560 2437 4625 aiebat,
2490 4573 2585 4628 per
2630 4572 2694 4611 ea
2742 4570 2860 4624 quae
2888 4553 3118 4607 tacebat.
3159 4550 3297 4617 Quid
3329 4563 3464 4619 ergo

1879 4655 2004 4724 quia
2029 4652 2226 4724 Josepb
2248 4664 2364 4708 erat
2393 4652 2535 4713 talis,
2567 4660 2620 4703 et
2644 4647 2915 4703 secundus
2946 4645 3091 4699 solus
3116 4644 3303 4698 matris
3326 4656 3458 4702 sua}.

1878 4760 1934 4802 et
1972 4748 2204 4803 dilectus
2235 4746 2401 4815 patri,
2429 4752 2483 4796 et
2507 4743 2708 4796 fratres
2736 4739 2954 4809 quidem
2982 4735 3465 4807 ejusmittebantur

1878 4853 1937 4896 ut
1968 4847 2254 4910 poscerent
2284 4851 2500 4907 gregem
2535 4852 2549 4887 :
2602 4831 2802 4900 Joseplt
2829 4840 3010 4883 autem
3040 4829 3106 4881 ad
3133 4826 3453 4881 charitatem

1881 4931 2061 5001 patris
2094 4943 2199 4981 non
2234 4938 2313 4980 est
2346 4927 2547 4979 missus
2575 4939 2697 4979 cum
2740 4922 3031 4983 fratribus;
3059 4917 3183 4987 quia
3228 4914 3462 4970 habebat

1883 5022 2123 5077 tunicam
2157 5019 2490 5088 singularem
2520 5017 2586 5069 ad
2620 5015 2950 5083 agnitionem
2985 5010 3256 5082 praecipue
3278 5006 3461 5063 chari-

1885 5117 2034 5170 tatis.
2068 5113 2181 5168 Non
2213 5110 2499 5166 suffecerat
2523 5107 2689 5163 Jacob
2720 5106 2899 5161 fratris
2927 5105 3081 5171 livor,
3108 5103 3291 5157 fratris
3321 5100 3462 5154 invi-

1886 5209 1996 5272 dia,
2031 5205 2267 5261 servitus
2299 5204 2351 5257 in
2385 5201 2841 5272 peregrinatione,
2878 5199 3001 5271 fuga
3026 5216 3055 5251 ιι
3091 5196 3280 5261 fratre,
3311 5207 3461 5249 com-

262 5343 307 5373 “
346 5341 510 5396 lCor.
544 5358 634 5404 xv,
669 5342 754 5397 l9.
824 5342 870 5373 ³³
906 5340 1138 5408 Philipp.
1162 5356 1246 5405 ιιι,
1277 5341 1361 5397 l9.
1435 5342 1482 5373 ³³
1513 5343 1648 5398 Gen.
1681 5359 1770 5397 xx:

1879 5344 1955 5398 ιο.
2022 5342 2069 5374 ³⁸
2096 5341 2326 5395 Malach.
2357 5356 2397 5399 ι.
2433 5338 2501 5401 5;
2541 5336 2697 5391 Rom.
2731 5352 2808 5401 ix,
2837 5335 2922 5389 i5.
3001 5331 3047 5365 ³⁸
3076 5331 3212 5387 Gen.
3243 5345 3373 5391 xxx.
3404 5328 3459 5383 l.

267 5477 379 5543 (‘25)
406 5475 569 5530 Forte
600 5491 698 5545 per
730 5478 1232 5540 interrogationem,
1282 5476 1424 5541 Quid
1473 5480 1639 5545 igitur
1674 5481 1773 5533 sibi

189 5551 300 5604 rult
325 5551 421 5599 iste
452 5564 623 5599 sermo
647 5550 920 5600 incurrens
943 5548 966 5600 ?
990 5556 1047 5599 ut
1070 5548 1348 5617 responsio
1372 5550 1460 5612 sit,
1489 5550 1775 5604 Ustendere

189 5637 314 5691 cura
340 5617 631 5691 Abt-aliain,
667 5626 773 5669 etc.

265 5689 381 5757 (Ἦ)
424 5688 520 5760 Ms.
560 5684 761 5760 Putant
793 5703 847 5740 se
880 5686 1155 5756 fraudare.
1185 5688 1321 5756 Quid
1365 5690 1408 5743 si
1444 5690 1642 5760 potius,
1682 5708 1773 5760 ρυο

187 5756 367 5827 tentes
387 5774 441 5811 se
470 5756 743 5833 raudare.

1957 5479 2071 5546 (25)
2106 5478 2205 5532 Ms.
2235 5477 2481 5531 Meliores
2516 5492 2626 5546 sue.

1968 5539 2083 5619 (26)
2118 5548 2341 5601 Mentem
2376 5557 2570 5601 autent.
2614 5545 2888 5604 Fortasse,
2922 5553 3091 5619 tuente
3121 5540 3340 5619 (bonus)
3371 5539 3453 5595 si-

1891 5634 1985 5675 cut
2019 5613 2175 5673 antra
2209 5634 2423 5685 corpore
2449 5634 2467 5669 :
2493 5632 2683 5670 sensus
2715 5625 2817 5676 est,
2849 5613 3013 5667 animi
3062 5614 3275 5685 dotibus
3322 5626 3458 5679 pra!-

1890 5705 2061 5753 smns,
2122 5691 2260 5743 sicut
2300 5684 2543 5740 testatus
2581 5699 2663 5737 est
2715 5694 2891 5751 pakr.
2950 5698 3070 5736 cum
3129 5684 3176 5738 ei
3246 5694 3462 5754 partem

1890 5778 2049 5817 unam
2077 5758 2402 5815 hmrcditatis
2424 5774 2581 5815 supra
2613 5758 2807 5810 fratres
2833 5753 3103 5811 attribuit.
