3822 6218
400 302 543 363 108

1088 301 1360 359 EUSEBI]
1399 302 1879 362 CESARIENSIS
1914 302 2065 361 OPP.

2107 303 2288 359 rans
2326 301 2431 357 ιν..
2457 332 2527 345 -
2565 297 2982 357 DOGMATICA.
3536 303 3698 377 loss:

399 419 1101 495 prehensioinsequentis:
1132 421 1329 476 obvius
1371 436 1402 475 a
1431 421 1628 477 timore
1676 421 1885 490 frater;
1922 432 1981 476 ut
2009 428 2057 484 Α
2084 431 2263 477 autem
2295 419 2693 477 henefactorem
2740 418 3071 488 accipientes
3095 417 3365 479 occidunt.
3400 430 3678 489 quantum

400 516 491 570 vix
523 515 791 584 acciperet
820 513 986 569 Jacob
1032 529 1063 568 a
1093 514 1264 569 sterili
1316 514 1485 585 ipsius
1532 515 1725 570 matris
1776 530 1923 569 mors
1962 530 1976 568 :

398 608 633 677 desupra
681 606 801 662 hac
832 606 1016 661 omnia
1053 612 1241 663 decem
1286 615 1340 662 et
1381 618 1587 678 septem
1630 609 1757 663 dum
1796 617 1983 678 ageret

398 712 573 753 annos
600 699 653 753 in
683 708 845 754 atate
868 698 1068 769 Joseph
1122 718 1137 755 :
1167 707 1303 756 tunc
1338 715 1462 755 cum
1507 712 1777 771 augentur
1818 700 1980 763 bona,

395 791 655 846 excidere
680 790 837 845 bonis
890 800 1128 857 quantus
1174 798 1260 845 est
1309 790 1515 845 dolori
1534 790 1601 845 Et
1628 790 1795 844 mittit
1828 794 1983 861 pater

401 883 662 937 dilectum
695 897 852 936 suum
881 882 1071 948 lilium,
1093 896 1262 951 quem
1286 882 1339 935 in
1375 882 1558 937 multis
1582 882 1851 938 fratribus
1886 884 1983 937 ha-

398 973 561 1031 bebat
591 973 926 1043 unigenitum
954 973 1165 1027 :-mittit
1205 982 1360 1043 pater
1394 974 1586 1041 lilium,
1637 986 1693 1029 ut
1738 976 1984 1031 visitaret

397 1080 494 1123 eoa
523 1067 615 1136 qui
646 1074 807 1121 erant
852 1066 905 1120 in
950 1065 1242 1121 solitudine
1298 1065 1524 1121 fratres.
1590 1066 1735 1122 Puto
1765 1068 1893 1137 quia
1925 1076 1983 1122 et

400 1159 531 1214 dum
567 1157 764 1227 legitur
793 1156 954 1212 Vetus
983 1157 1422 1224 Testamentum,
1457 1160 1631 1229 magis
1658 1158 1864 1215 Novum
1895 1169 1981 1215 est

398 1266 564 1321 quam
592 1247 786 1305 Vetus.
812 1248 978 1303 Mittit
1003 1258 1160 1319 pater
1207 1249 1375 1304 (ilium
1407 1266 1563 1305 suum
1599 1267 1760 1321 quem
1810 1252 1980 1307 habe-

402 1343 499 1398 bat
535 1343 587 1397 in
622 1341 800 1396 locum
846 1340 1107 1411 unigeniti
1164 1356 1178 1394 :
1238 1357 1362 1397 nam
1418 1354 1473 1397 et
1520 1342 1781 1413 singulari
1830 1353 1980 1400 veste

411 1444 766 1505 separaverat
790 1449 913 1489 eum
963 1450 993 1487 a
1029 1433 1289 1488 fratribus
1315 1450 1339 1488 ι·
1363 1435 1526 1491 mittit
1568 1434 1736 1488 lilium
1768 1435 1838 1490 de
1869 1450 1978 1505 quo

400 1528 781 1598 praedictiones
809 1536 1009 1582 erant:
1048 1528 1431 1595 praedictiones
1470 1538 1649 1583 autem
1695 1543 1832 1599 quas
1862 1527 1979 1598 ipse

398 1622 617 1693 quidem
644 1621 856 1675 viderat
881 1618 1108 1690 Ioseph,
1150 1636 1257 1675 non
1294 1621 1647 1677 absconderat
1698 1633 1880 1677 autem
1944 1639 1974 1678 a

403 1715 665 1769 fratribus
699 1712 813 1768 suis
845 1729 861 1767 :
903 1722 1023 1767 erat
1046 1713 1189 1768 enim
1229 1712 1424 1768 frater.
1467 1713 1691 1769 Dicebat
1722 1714 1867 1769 enim
1904 1716 1970 1769 ad

400 1824 527 1863 eos:
554 1805 899 1871 Metcbamus,
924 1805 1117 1876 inquit,
1133 1817 1180 1860 et
1199 1823 1371 1861 meum
1392 1808 1722 1877 manipulum
1748 1818 1975 1862 erectum
2009 1784 2053 1843 Β

395 1908 522 1965 est;
568 1899 727 1953 uestri
787 1907 961 1951 autent
1007 1900 1250 1952 undecim
1306 1900 1532 1953 circuitu
1584 1901 1877 1954 adorabant
1908 1900 1976 1956 ³⁸.

397 1989 543 2047 Bene
570 1991 680 2062 jam
716 1989 934 2045 occasio
959 2004 1080 2045 esse
1116 1991 1302 2060 capit,
1340 2001 1396 2045 ut
1426 1993 1718 2046 adorarent
1756 1991 1974 2048 fratres.

397 2081 695 2137 Audierant
724 2081 947 2147 fratres,
984 2093 1039 2137 et
1070 2082 1261 2137 elIicax
1298 2082 1568 2137 somnium
1606 2084 1791 2137 statim
1820 2082 1980 2138 intel-

398 2172 667 2241 Iexerunt,
698 2183 753 2229 et
791 2175 948 2229 aiunt
995 2175 1063 2229 ad
1103 2189 1266 2231 eum:
1308 2175 1455 2229 Num
1499 2175 1901 2230 adoraverimus
1933 2186 1982 2230 te

401 2269 535 2324 nos?
574 2269 815 2335 regnabis
840 2271 978 2322 enim
1020 2269 1330 2322 ant-tenebis
1357 2284 1449 2321 nos
1481 2268 1525 2299 ³⁷
1551 2267 1574 2320 ?
1613 2267 1775 2322 Forte
1800 2279 1982 2323 autem

398 2360 1139 2432 irascebamrprimogenitus
1161 2370 1214 2416 et
1248 2361 1614 2432 primogeniti,
1649 2362 1774 2431 quia
1798 2363 1983 2431 junior

399 2452 613 2507 volebat
645 2454 899 2509 omnibus
945 2454 1261 2525 prarogari.
1298 2453 1481 2507 Voluit
1529 2454 1673 2508 enim
1712 2455 1979 2508 somnium

397 2543 589 2598 videre
634 2554 694 2598 ut
740 2546 841 2599 hoc
868 2546 997 2601 velit
1050 2561 1229 2600 :uum
1291 2546 1602 2615 increpatur
1652 2544 1851 2615 aliquis
1882 2561 1980 2599 cur

397 2634 670 2689 somnium
694 2636 931 2690 viderit?
964 2636 1164 2691 Tamen
1193 2634 1535 2706 obiurgatum
1561 2635 1762 2705 Joseph
1795 2647 1898 2703 est,
1928 2647 1982 2690 et

401 2731 503 2783 hoc
533 2728 772 2783 secundo
798 2729 946 2783 videt
988 2739 1082 2783 :et
1121 2744 1189 2783 ne
1220 2730 1437 2799 quidem
1473 2731 1716 2785 secundo
1750 2732 1983 2784 abscon-

399 2820 482 2875 dit
519 2821 587 2875 δι)
618 2822 701 2875 his
732 2822 822 2890 qui
858 2821 985 2876 irati
1016 2820 1319 2875 iuerantde
1343 2822 1535 2890 priori.
1566 2821 1641 2874 Ita
1670 2830 1789 2876 erat
1812 2821 1983 2877 frater

397 2912 465 2965 ad
507 2912 729 2970 fratres.
754 2912 836 2967 Illi
865 2920 1048 2967 autem
1089 2930 1152 2967 ex
1186 2915 1422 2968 secunda
1462 2913 1668 2968 visione
1702 2915 1983 2971 lirmantes

397 3006 663 3075 priorem,
688 3006 955 3075 duplicem
989 3006 1257 3060 habebant
1285 3006 1542 3060 invidiam
1579 3018 1633 3061 et
1662 3007 1981 3075 indignatio—

400 3116 522 3154 neut
569 3111 624 3154 et
658 3100 793 3154 iram
836 3101 1099 3154 adversus
1143 3098 1362 3170 J'oseph.
1417 3099 1672 3154 Narravit
1725 3111 1779 3155 et
1834 3099 1978 3169 patri
2005 3129 2048 3187 ε

399 3191 699 3257 somnium,
727 3192 852 3260 quia
902 3191 1077 3245 solet
1114 3191 1237 3245 luna
1286 3199 1342 3245 et
1392 3191 1644 3245 undecim
1702 3190 1871 3246 stella
1917 3206 1977 3246 se

400 3284 703 3339 adorabunt
732 3285 797 3338 ³⁸.
830 3284 1013 3339 Solem
1049 3284 1268 3354 quidem
1312 3285 1364 3338 in
1424 3284 1545 3339 loco
1598 3285 1769 3355 patris
1818 3284 1980 3339 intel-

402 3373 528 3446 lige,
560 3374 740 3427 lunam
769 3382 948 3427 autem
990 3373 1041 3427 in
1072 3374 1190 3428 loco
1224 3373 1434 3436 matris,
1465 3384 1521 3427 et
1552 3384 1779 3428 catera.
1816 3371 1982 3428 Vide-

400 3476 493 3520 tur
520 3464 947 3535 reprehensibile
978 3480 1138 3531 esse;
1173 3465 1298 3534 quia
1336 3474 1511 3520 mater
1538 3463 1658 3532 ejus
1696 3480 1801 3518 non
1844 3464 1981 3518 vidit

400 3572 524 3612 eum
553 3556 606 3611 in
631 3556 805 3627 gloria
838 3573 857 3609 τ
894 3554 1353 3625 quemadmodum
1403 3569 1536 3625 ergo
1566 3554 1856 3609 adoravit?
1889 3566 1983 3609 aut

401 3664 545 3704 nunc
583 3651 846 3718 quaeri-tur
877 3647 1030 3702 locus
1065 3647 1258 3701 matris
1284 3662 1447 3716 quem
1500 3647 1743 3715 implevit
1785 3646 1987 3716 coniux.

405 3742 614 3811 patris?
639 3740 810 3796 Simul
843 3740 1222 3813 autem‘magis
1258 3738 1428 3794 stella
1457 3738 1733 3804 undecim,
1769 3738 1873 3793 hoc
1900 3748 1981 3794 est

402 3833 654 3888 undecim
697 3833 919 3887 fratres.
979 3831 1143 3886 Forte
1172 3840 1356 3886 autem
1406 3831 1529 3886 ideo
1582 3846 1652 3886 ex
1705 3831 1980 3886 sideribus

401 3938 526 3994 qua
573 3925 625 3978 in
657 3926 797 3979 coelo
823 3932 950 3979 sunt
989 3924 1240 3992 apparuit
1286 3924 1581 3987 somnium,
1633 3931 1693 3977 ut
1741 3923 1981 3993 pretiosa

400 4016 779 4070 ostenderetur
802 4019 1091 4084 prosapies
1136 4016 1353 4085 generis
1377 4013 1514 4084 ejus.
1546 4016 1825 4071 Praefectus
1856 4024 1983 4070 sunt

401 4108 586 4177 itaque
640 4106 1094 4177 praedicationes;
1144 4107 1403 4175 praedicta
1451 4108 1597 4161 enim
1661 4117 1814 4171 sunt,
1862 4122 1983 4179 qua

399 4208 526 4256 sunt
552 4199 804 4269 pradicta
836 4198 974 4271 (27).
1002 4198 1066 4252 Et
1097 4208 1227 4253 tunc
1250 4199 1483 4253 mittitur
1513 4215 1543 4255 a
1573 4210 1727 4269 patre
1747 4240 1763 4266 ,
1785 4200 1983 4270 dequo

396 4301 453 4349 et
490 4291 890 4362 praedictiones.
938 4290 1315 4346 Pradixerunt
1358 4292 1501 4346 enim
1559 4293 1836 4362 propheta
1879 4309 1893 4346 :
1927 4301 1985 4347 et

408 4398 542 4441 tunc
589 4386 791 4440 missus
825 4394 907 4440 est
959 4382 1130 4439 Filius
1160 4400 1187 4437 a
1229 4384 1397 4447 Patre.
1453 4384 1724 4440 Christus.
1780 4384 1979 4456 Ioseph

2083 514 2151 567 ad
2181 512 2550 583 propositum;
2587 519 2643 566 et
2678 509 3003 565 occidissent
3034 510 3244 579 utique.
3273 509 3376 565 nisi
3417 511 3514 580 qui
3546 526 3681 580 pro-

2093 606 2272 662 hibuit
2293 603 2445 660 Isaac
2468 618 2538 659 ne
2566 602 2933 667 occideretur,
2961 610 3020 655 ut
3048 616 3180 655 vero
3197 611 3516 656 servaretur
3537 619 3672 672 pas-

2082 699 2186 764 sio,
2212 695 2459 767 permisit
2483 704 2538 750 et
2563 692 2683 747 istic
2714 690 2924 746 firmam
2950 706 3070 747 esse
3093 688 3344 747 formam.
3392 691 3680 759 Quemad~

2083 790 2303 846 modum
2347 802 2477 860 ergo
2526 785 2702 841 forma
2749 785 3035 851 occiditur,
3081 793 3138 839 et
3186 801 3295 841 non
3333 786 3667 842 occiditur:

2082 890 2482 953 proposuerunt
2509 878 2756 934 occidere
2786 874 3008 945 Joseph.
3056 875 3176 931 Jam
3210 877 3277 930 ad
3310 878 3663 947 propositum

2083 970 2527 1027 interﬂcientium
2555 977 2799 1022 mortuus
2822 974 2908 1021 est
2938 964 3135 1036 Joseph
3163 984 3178 1021 :
3207 967 3331 1036 quia
3362 976 3420 1021 et
3454 981 3669 1038 propo-

2082 1063 2190 1119 sito
2215 1063 2450 1118 Abrahae
2480 1059 2697 1117 oblatus
2724 1059 2876 1114 Isaac
2920 1067 3042 1123 est,
3093 1067 3147 1113 et
3193 1057 3527 1114 immolatus.
3579 1058 3671 1115 Illi

2082 1166 2264 1212 autem
2297 1171 2404 1211 non
2435 1153 2608 1210 solum
2637 1168 2743 1207 non
2768 1159 2894 1206 sunt
2931 1151 3172 1206 contenti
3225 1151 3504 1221 proposito
3537 1165 3671 1214 suo,

2082 1249 2178 1305 sed
2209 1247 2543 1317 accipientes
2568 1260 2694 1302 eum
2726 1244 2869 1300 facto
2896 1244 3094 1313 impetu
3133 1242 3418 1299 voluerunt
3444 1244 3674 1314 quidem

2082 1340 2353 1403 occidere,
2380 1337 2585 1395 detenti
2611 1346 2793 1394 autem
2828 1338 2897 1391 ab
2929 1346 3220 1402 uno-sunt,
3247 1337 3339 1405 qui
3365 1336 3687 1407 propth

2085 1442 2240 1488 verat
2272 1431 2430 1487 fratri
2475 1448 2490 1486 :
2534 1438 2589 1487 et
2634 1429 2859 1485 mittunt
2887 1444 3009 1485 eum
3037 1430 3307 1485 viventem
3363 1430 3420 1485 in
3463 1430 3678 1495 lacum.

2084 1527 2487 1583 annuntiantes
2539 1522 2664 1592 quia
2710 1523 2866 1577 virus
2917 1522 3195 1578 descendit
3238 1523 3291 1578 in
3342 1522 3523 1578 lacum
3572 1539 3699 1595 pro.

2082 1616 2604 1676 mortuisChristus.
2631 1613 2852 1670 Hadum
2868 1623 3047 1668 autem
3074 1612 3405 1681 occidentes,
3430 1615 3679 1671 tunicam

2079 1713 2276 1783 J'oseph
2310 1712 2529 1782 tingunt
2549 1709 2601 1765 in
2636 1708 2899 1778 sanguine
2940 1705 3101 1773 hadi,
3134 1716 3194 1760 ut
3221 1715 3371 1761 esset
3423 1706 3671 1776 suspicio

2081 1823 2179 1877 per
2224 1806 2564 1874 sanguinem,
2618 1809 2676 1857 ut
2705 1803 2845 1856 inter
2896 1810 3137 1855 mortuos
3168 1798 3306 1854 liber
3345 1799 3557 1855 vivens.
3601 1797 3665 1854 In

2081 1900 2198 1956 lacu
2226 1900 2406 1969 itaque
2438 1895 2758 1952 interfectus
2778 1902 2859 1949 est
2876 1890 3095 1963 Joscph;
3132 1893 3485 1963 coinquinata
3519 1892 3672 1947 enim

2082 2001 2205 2047 erat
2232 1990 2348 2059 ejus
2382 1990 2561 2044 tunica
2592 2005 2625 2045 a
2665 1990 2952 2055 sanguine.
2984 1989 3115 2043 Erat
3162 1997 3347 2044 autem
3389 1989 3581 2043 vivens
3612 1989 3669 2042 in

2090 2085 2210 2140 lacu
2240 2093 2364 2153 post
2419 2081 2857 2137 interfectionem
2886 2097 3015 2152 .qua
3063 2082 3116 2136 in
3162 2080 3343 2135 tunica
3386 2079 3563 2135 fuerat
3594 2079 3677 2133 fa-

2081 2188 2190 2235 cta.
2226 2177 2539 2233 Transeunt
2580 2176 2799 2243 quidem
2833 2189 2865 2228 e
2908 2175 3185 2245 gentibus,
3242 2172 3442 2243 quibus
3483 2187 3684 2232 serva-

2082 2271 2242 2327 batur
2273 2272 2472 2326 bonum
2500 2270 2645 2338 quod
2670 2279 2788 2322 erat
2826 2269 2877 2322 in
2905 2269 3021 2323 lacu
3068 2286 3079 2320 :
3118 2276 3173 2322 et
3205 2274 3387 2320 movet
3419 2265 3535 2333 (28)
3560 2265 3678 2333 spi-

2083 2368 2189 2421 ritu
2220 2381 2382 2420 unum
2418 2379 2450 2419 e
2501 2363 2771 2417 fratribus
2823 2360 3109 2415 consolare
3153 2374 3311 2412 suum
3344 2372 3593 2414 errorem
3622 2366 3679 2411 et

2083 2460 2266 2515 dicere
2312 2475 2327 2515 :
2366 2474 2469 2511 non
2511 2457 2815 2512 occidamus
2867 2455 3123 2523 fratrem-
3160 2453 3445 2507 Amatores
3489 2460 3674 2504 autem

2081 2552 2434 2623 pecuniarum
2481 2550 2633 2604 fuere
2668 2559 2724 2603 et
2772 2547 3085 2603 Judaorum
3130 2554 3315 2615 patres
3356 2558 3374 2598 :
3410 2555 3467 2598 et
3508 2541 3675 2597 ludas

2083 2642 2402 2699 consiliator
2438 2655 2626 2695 eorum
2647 2657 2673 2706 ;‘
2696 2648 2752 2692 et
2796 2638 3002 2697 dixere.
3036 2633 3161 2689 Non
3203 2634 3539 2695 occidamus,
3592 2632 3677 2685 in-

2083 2735 2224 2805 quit,
2247 2750 2388 2799 cum,
2417 2731 2545 2804 quia
2575 2747 2683 2786 non
2712 2745 2900 2784 sumus
2931 2728 3054 2797 ejus
3081 2728 3248 2797 digni.
3293 2724 3410 2781 Non
3458 2732 3531 2779 stt
3574 2738 3675 2776 no-

2082 2828 2291 2882 biscum
2323 2826 2415 2894 qui
2450 2823 2772 2879 beneficium
2823 2823 2981 2876 nobis
3049 2820 3312 2891 impertit.
3345 2816 3676 2873 Distrabitut'

2083 2920 2268 2986 itaque
2297 2916 2527 2985 Ioseph,
2558 2926 2614 2971 et
2673 2903 2889 2969 tantum
2935 2931 2966 2968 a
3027 2913 3500 2983 comparatorihus
3533 2912 3679 2963 acci-

2094 3012 2247 3081 piunt
2280 3011 2545 3079 pretium,
2571 3018 2839 3078 quantum
2886 3008 3151 3063 dederunt
3184 3014 3241 3062 et
3286 3005 3552 3076 proditori
3584 3004 3676 3059 Ju-

2084 3092 2186 3167 da,
2236 3114 2295 3156 ut
2325 3111 2378 3155 et
2433 3102 2667 3173 pretium
2723 3099 3058 3156 consentiret
3109 3109 3472 3154 sacramento.
3525 3096 3698 3153 Juda-

2082 3206 2263 3249 autem
2295 3202 2416 3248 erat
2450 3193 2734 3249 consilium
2765 3204 2821 3248 et
2875 3202 3004 3248 tunc
3051 3203 3108 3245 ut
3156 3201 3364 3245 tantum
3407 3190 3677 3244 distraho.

2085 3298 2235 3342 retur
2265 3285 2485 3354 Joseph.
2509 3283 2676 3341 Judas
2702 3294 2883 3341 autem
2912 3295 3019 3351 est,
3067 3285 3158 3354 qui
3197 3295 3252 3340 et
3285 3285 3339 3338 in
3380 3282 3677 3353 Evangelio

2083 3378 2340 3432 distrahit
2381 3377 2632 3433 Domino.
2665 3378 2923 3432 Ascendit
2966 3392 2998 3431 e
3044 3378 3163 3431 lacu
3207 3377 3298 3447 qui
3336 3375 3451 3443 jam
3497 3375 3699 3429 fuerat.

2080 3468 2400 3524 interiectus
2432 3485 2532 3539 per
2566 3470 2803 3523 tunicam
2841 3487 2857 3525 :
2891 3479 2947 3524 et
2989 3469 3041 3523 in
3093 3470 3211 3524 lacu
3262 3478 3484 3539 putatus
3528 3482 3676 3522 mor-

2083 3572 2251 3628 tuus,
2311 3564 2613 3634 ingreditur
2669 3562 2986 3634 Egyptum.
3051 3563 3116 3617 Et
3162 3565 3356 3617 iterum
3418 3559 3537 3615 istic
3580 3575 3677 3629 per

2079 3636 2351 3711 insomnia
2410 3665 2465 3711 et
2528 3655 2794 3711 visionem
2871 3656 3074 3710 adunat
3134 3655 3341 3710 fructus
3388 3653 3674 3708 alimonias

2082 3748 2279 3801 mundo
2311 3768 2331 3801 :.
2354 3756 2410 3801 et
2455 3761 2617 3817 quem
2666 3746 3059 3803 interfecerunt
3096 3745 3265 3801 Judaei
3314 3756 3369 3799 et
3409 3746 3673 3800 distraxe-

2083 3849 2232 3903 runt,
2270 3839 2433 3892 istum
2477 3838 2712 3895 adorant
2760 3848 2949 3911 gentes
3006 3839 3134 3893 dum
3185 3848 3501 3908 pascuntur.
3556 3837 3691 3893 Non.

2080 3930 2227 3983 enim
2259 3928 2546 4001 Algyptios
2586 3931 2734 3986 solos
2768 3932 2920 4000 pavit
2968 3929 3206 3999 Ioseph;
3257 3928 3350 3984 sed
3406 3943 3476 3982 ex
3524 3931 3675 3983 omni

2080 4022 2287 4076 ‘mundo
2340 4021 2690 4077 conﬂuebant
2738 4037 2931 4077 omnes
2982 4031 3172 4093 gentes
3223 4030 3279 4075 et
3333 4021 3549 4090 papuli,
3610 4021 3679 4075 ad

2087 4113 2317 4169 formam
2382 4123 2570 4184 utpote
2619 4114 2833 4171 Domini
2881 4114 3033 4170 Jesu.
3089 4113 3289 4183 Joseph
3338 4123 3517 4168 autem
3562 4112 3676 4183 jam

2081 4206 2340 4278 pascebat
2371 4206 2571 4263 fratres
2604 4209 2774 4278 ipsos,
2815 4209 3025 4264 scilicet
3050 4209 3140 4278 qui
3182 4223 3240 4264 se
3283 4207 3678 4273 distraxerant,

2082 4307 2137 4354 et
2159 4298 2391 4368 pretium
2425 4310 2753 4371 acceperunt
2789 4316 2971 4355 suum.
3002 4300 3187 4356 Gratis
3224 4300 3521 4369 accipiens,
3550 4314 3677 4370 gra-

2090 4393 2159 4447 tis
2189 4391 2373 4447 dahat.
2402 4391 2468 4446 Et
2499 4391 2573 4446 illi
2605 4391 2823 4462 quidem
2862 4391 2982 4460 ejus
3019 4401 3349 4461 acceperunt
3393 4391 3626 4461 pretium
3659 4406 3674 4445 :

401 4491 581 4538 autem
643 4480 786 4536 ﬁlius
835 4481 1089 4535 veniebat
1134 4495 1162 4533 a
1216 4480 1373 4551 longe
1420 4481 1487 4535 ad
1541 4480 1741 4537 fratres
1794 4480 1983 4536 frater.
2016 4476 2071 4531 D‘
2090 4485 2205 4555 ipse
2235 4493 2415 4538 autem
2443 4484 2608 4538 tritici
2638 4486 2870 4553 pretium
2896 4500 3004 4540 non
3037 4484 3261 4554 accepit.
3294 4483 3396 4539 Uhi
3425 4497 3559 4553 ergo
3580 4497 3676 4538 eos

400 4573 573 4645 Magis
604 4583 783 4627 autem
818 4572 886 4627 ad
917 4587 1024 4627 non
1048 4570 1245 4627 fratres
1276 4572 1460 4627 frater.
1494 4573 1571 4628 Illi
1601 4584 1780 4627 autem
1799 4573 1985 4627 viden-

402 4678 487 4721 tes
513 4677 637 4720 eum
677 4679 706 4718 a
764 4663 925 4733 longe
966 4663 1297 4728 venientem,
1333 4664 1609 4718 dicuntea
1644 4679 1768 4733 qua
1812 4670 1870 4717 et
1929 4664 1982 4718 in

401 4756 693 4826 Evangelio
717 4756 916 4826 scripta
943 4763 1111 4809 sunt:
1146 4753 1256 4808 Iste
1294 4767 1372 4809 est
1412 4757 1602 4821 turres,
1630 4757 1797 4810 uenile
1848 4755 1986 4810 oeci-

398 4851 587 4903 tlamus
621 4864 764 4914 eum,
815 4864 862 4902 et
898 4859 1077 4903 nostra
1107 4848 1217 4902 erit
1253 4847 1534 4901 hareditas
1566 4848 1633 4901 '°'.
1682 4848 1838 4911 Ecce,
1894 4847 1985 4903 ille

401 4943 598 5013 inquit,
646 4941 930 4996 somniatur
983 4942 1144 5007 venit,
1179 4943 1350 4996 venite
1394 4942 1696 4995 occidamus
1743 4957 1885 5005 eum,
1928 4951 1977 4996 st

402 5037 676 5090 mittamus
698 5036 755 5088 in
787 5051 950 5089 unum
980 5051 1008 5090 e
1030 5036 1161 5089 lacis
1185 5035 1253 5101 “,
1283 5034 1670 5089 annuntiantes
1703 5032 1829 5103 quia
1874 5048 1980 5087 non

401 5128 578 5182 solum
635 5128 1015 5194 interlicietur,
1047 5129 1141 5182 sed
1180 5129 1492 5182 inferiorem
1521 5127 1696 5181 locum
1734 5126 1977 5181 habebit.

404 5221 467 5274 Et
495 5219 693 5288 .Ioseph
724 5220 942 5289 quidem
994 5222 1474 5292 appropinquavit:
1522 5220 1982 5291 appropinquavit

400 5315 468 5365 ad
498 5311 761 5380 judicium
786 5310 1044 5379 fratrum,
1072 5313 1139 5367 ad
1168 5314 1529 5369 visitationem
1564 5313 1826 5368 malorum
1854 5329 1868 5367 ;
1904 5314 1980 5368 illi

480 5470 527 5501 "
556 5469 690 5525 Gen.
723 5484 934 5531 xxxvii,
963 5469 1019 5527 7.

405 5540 450 5573 "
492 5540 651 5595 Rom.
691 5555 770 5604 ιιι,
796 5540 849 5593 5.

483 5694 599 5763 (27)
629 5694 793 5772 if‘orte
819 5694 1060 5762 perfecta:
1090 5709 1208 5747 sunt
1236 5695 1410 5772 itaque
1450 5698 1968 5772 pradirtiones,.per-

408 5764 545 5835 facta
569 5767 703 5818 enim
733 5773 853 5819 sunt
880 5780 995 5833 ψειεν
1020 5774 1140 5817 sunt
1177 5766 1451 5819 ot'wdicta.

2089 4577 2180 4646 qui
2215 4574 2503 4631 allecrunt
2544 4576 2692 4632 cruci
2720 4585 2776 4631 et
2813 4575 3227 4640 distraxerunt,
3267 4575 3440 4645 pascit
3484 4572 3671 4628 Domi-

2089 4683 2191 4722 nus
2221 4665 2417 4722 Jesus?
2454 4667 2530 4722 Ex
2568 4668 2699 4739 ipsis
2737 4666 2928 4723 Petrus
2952 4676 3057 4731 est,
3083 4681 3150 4721 ex
3186 4667 3319 4737 ipsis
3346 4676 3403 4721 et
3430 4664 3670 4732 Paulus,

2085 4770 2141 4813 et
2161 4758 2341 4813 cateri
2382 4760 2631 4829 apostoli.
2660 4760 2728 4816 Et
2756 4760 2950 4815 fratres
2974 4767 3033 4815 et
3057 4758 3283 4829 apostoli
3327 4758 3396 4813 ad
3437 4757 3660 4813 Paulum

2085 4851 2276 4907 dicunt
2304 4866 2318 4904 :
2352 4849 2585 4907 Intueris
2609 4893 2625 4917 ,
2657 4853 2855 4921 inquit,
2889 4862 3089 4921 quanta
3116 4851 3287 4904 millia
3316 4859 3439 4905 sunt
3476 4851 3531 4904 in
3570 4848 3671 4903 lu.

2091 4946 2208 5001 dwa
2236 4948 2326 5019 qui
2361 4944 2807 5000 crediderunt“?
2845 4945 2985 5011 Quid
3010 4957 3181 5001 autem
3212 4946 3259 4998 si
3290 4961 3393 4998 non
3431 4943 3658 4998 credide-

2090 5049 2213 5093 runt
2240 5038 2454 5110 quidam
2478 5037 2768 5108 ?'nunquid
2792 5038 3131 5090 incredulitas
3164 5052 3344 5091 eorum
3379 5036 3541 5105 ﬁdem
3571 5035 3666 5090 Dei

2089 5131 2409 5186 evacuavit?
2434 5129 2582 5185 Absit
2607 5141 2781 5184 autem
2823 5129 2889 5185 δ’.
2924 5128 2992 5184 Et
3034 5141 3387 5185 contumaces
3422 5128 3666 5180 volumus

2089 5224 2236 5294 pasci
2266 5239 2362 5292 per
2384 5221 2593 5276 Jesum.
2640 5222 2923 5277 Prohihuit
2962 5236 3057 5276 eos
3091 5220 3251 5297 idolis
3294 5219 3525 5275 servire.
3566 5219 3679 5272 Sed.

2089 5331 2271 5371 sermo
2296 5316 2363 5370 ad
2392 5315 2668 5386 proposita
2686 5314 2929 5378 festinat,
2962 5322 3020 5367 ut
3057 5313 3312 5368 ostendat
3337 5321 3393 5368 et
3420 5309 3663 5364 dolorem

1125 5444 1177 5500 "1
1204 5469 1358 5533 ibid.,
1388 5469 1444 5525 8.
1532 5470 1583 5502 ³⁸
1612 5470 1767 5538 ibid.,
1804 5470 1857 5527 9.
1936 5472 1980 5503 ”
2007 5470 2195 5528 Matth.
2232 5487 2342 5533 xxi,
2375 5469 2463 5525 58.
2553 5469 2596 5502 ⁸⁸
2621 5469 2758 5525 Gen.
2796 5484 3004 5533 xxxv",
3038 5467 3130 5523 20.
3207 5468 3246 5500 “
3276 5470 3401 5524 Act.
3429 5464 3665 5534 κω

2150 5699 2265 5771 (98)
2310 5700 2533 5772 Spiritu.
2579 5702 2745 5757 Forte
2779 5702 3020 5773 spiritus.
