3822 6218
195 375 338 435 1085

190 495 387 561 Jacob,
420 503 476 548 et
507 490 634 563 quia
666 502 771 544 non
801 485 902 542 ista
926 482 1039 538 vita
1065 495 1192 552 spes
1228 485 1312 533 est
1342 472 1628 544 religiosis.
1655 469 1765 525 Pu-

193 601 286 646 tas
338 594 513 659 potest
557 582 825 639 sustinere
893 577 1010 632 sine
1079 570 1331 643 lacrymis
1386 567 1768 622 audire:cum

196 653 384 738 tunica
422 677 513 732 illa
549 672 809 744 sanguine
836 669 1002 724 tincta
1031 666 1083 719 in
1114 678 1273 718 manu
1305 659 1471 717 Jacob
1493 666 1577 712 est
1598 653 1772 725 posita

198 787 328 828 cum
364 783 498 825 voce
526 766 615 821 illa
643 760 917 819 conﬁcta?
947 758 1139 823 Istam,
1166 753 1361 823 inquit,
1388 750 1675 804 invenimus
1700 743 1769 810 “,

200 865 367 919 istam
392 854 656 927 sanguine
676 850 963 923 pollutam,
1002 858 1235 916 agnosce
1269 840 1422 910 cujus
1459 848 1543 893 est
1567 834 1770 899 tunica,

201 964 441 1023 agnosce
471 926 621 1002 tuum
648 942 910 999 dolorem.
936 939 1102 994 Dolor
1130 936 1344 1005 quidem
1367 940 1488 987 erat
1511 929 1680 999 patris
1709 926 1775 980 de

202 1054 421 1100 mortuo
443 1039 663 1110 .Ioseph.
690 1036 818 1091 Erat
846 1049 953 1089 non
980 1030 1236 1087 ferendus
1281 1025 1455 1088 dolor,
1505 1023 1632 1091 quia
1675 1032 1776 1073 nec

202 1145 334 1191 ante
385 1133 574 1189 oculos
623 1144 753 1185 suos
802 1127 1111 1182 decesserat
1151 1119 1293 1175 ﬁlius
1332 1115 1589 1172 :videtur
1631 1110 1774 1166 enim

205 1226 353 1283 istud
378 1223 631 1279 solatium
681 1232 801 1273 esse
848 1214 973 1286 quia
1022 1211 1193 1276 aﬁ‘uit,
1252 1207 1379 1278 quia
1428 1202 1776 1260 novissimam

206 1319 330 1386 ejus
360 1330 548 1371 vocem
577 1309 839 1380 suscepit,
868 1306 992 1376 quia
1019 1312 1075 1359 et
1099 1300 1305 1357 dimisit
1347 1298 1394 1352 ei
1423 1297 1491 1351 ad
1531 1293 1780 1349 consola-

210 1413 414 1466 tionem
465 1404 710 1466 verbum,
746 1399 871 1471 quia
918 1393 1176 1465 reliquias
1212 1391 1332 1460 ejus
1383 1382 1780 1442 commendavit

210 1512 393 1559 terrae.
427 1498 560 1552 Cum
592 1504 771 1549 autem
799 1496 1044 1544 mortuus
1068 1484 1230 1539 fuerit
1264 1480 1486 1550 Joseph,
1520 1486 1780 1547 quantum

208 1595 281 1649 ad
309 1590 559 1648 nuntium
588 1591 892 1656 exspectat,
930 1588 1190 1652 quantum
1239 1575 1305 1629 ad
1355 1570 1779 1632 distractionem,

210 1699 269 1741 et
300 1685 564 1739 incertum
605 1678 676 1731 sit
698 1672 1049 1731 homicidium
1073 1676 1166 1748 aut
1198 1679 1368 1729 mors,
1399 1662 1568 1718 incisa
1602 1667 1780 1713 autem

212 1786 343 1834 sunt
369 1773 538 1845 patris
564 1770 793 1826 viscera.
830 1765 1021 1822 Omnia
1067 1760 1396 1830 suspicatur,
1445 1753 1628 1810 omnia
1674 1750 1777 1807 sibi

212 1842 495 1929 describit,
534 1871 588 1919 et
641 1859 837 1916 multas
876 1864 1076 1912 mortes
1122 1868 1223 1922 pro
1264 1865 1371 1905 una
1414 1847 1679 1902 imitatur.
1718 1842 1777 1898 Si

212 1961 340 2032 quis
368 1958 598 2014 sustinet
637 1952 721 2008 vel
755 1951 996 2005 auditum
1020 1986 1036 2012 ,
1082 1959 1189 1999 non
1230 1941 1409 1996 solum
1445 1938 1539 2008 qui
1577 1934 1780 2007 genuit,

214 2053 303 2108 vel
330 2050 421 2122 qui
451 2045 677 2112 audivit,
707 2043 887 2097 tunica
919 2036 1218 2106 composita
1267 2044 1322 2088 et
1368 2031 1567 2093 scissa;
1613 2027 1689 2082 ita
1722 2032 1786 2080 ut

214 2154 272 2204 et
302 2135 558 2213 parerent
588 2148 798 2191 morsus
821 2131 949 2186 fera:
975 2125 1222 2197 impressi
1254 2138 1350 2194 per
1378 2120 1636 2175 tunicam.
1665 2115 1788 2173 Uti-

221 2209 349 2289 nam
377 2231 663 2290 dixissent,
688 2225 813 2296 quia
839 2223 969 2278 etin
999 2219 1174 2274 lacum
1221 2214 1421 2271 cecidit
1460 2209 1741 2266 ambulans
1766 2223 1782 2263 :

219 2335 279 2380 et
300 2324 585 2378 videbatur
609 2320 920 2389 ﬁgmentum
967 2310 1268 2382 proximum
1318 2302 1529 2358 veritati
1573 2298 1785 2355 haberi.

224 2420 333 2474 Sed
371 2414 604 2486 suspecti
630 2422 757 2469 sunt
792 2424 859 2464 ne
890 2413 1258 2478 arguerentur.
1292 2397 1620 2469 Requirebat
1645 2394 1788 2451 enim

224 2472 294 2566 ab
316 2509 396 2565 eis
426 2472 682 2576 reliquias
720 2511 895 2572 pater.
937 2472 1230 2567 Suspectus
1260 2493 1437 2560 itaque
1476 2472 1643 2543 Jacob
1682 2495 1789 2552 est,

227 2603 353 2673 quia
380 2609 618 2654 mortuus
639 2603 722 2651 est
750 2591 946 2660 Joseph
973 2629 988 2654 ,
1022 2596 1077 2644 et
1114 2600 1237 2642 esca
1271 2584 1445 2638 factus
1489 2588 1573 2635 est
1619 2577 1789 2632 feris:

229 2693 615 2748 nuntiaverunt
664 2684 806 2742 enim
850 2681 1084 2743 fratres,
1134 2676 1431 2733 testabatur
1489 2680 1545 2726 et
1588 2669 1791 2724 tunica.

230 2784 366 2852 Quis
395 2788 657 2852 portaret,
686 2776 809 2846 quis
830 2773 1121 2829 sustineret
1146 2780 1353 2824 memor
1372 2762 1514 2817 illius
1548 2758 1793 2830 Joseph?

229 2893 354 2931 cum
404 2880 547 2929 esset
604 2885 725 2925 cum
774 2875 930 2938 patre
1003 2871 1291 2929 antequam
1361 2849 1793 2911 distraheretur?

230 2969 417 3023 decem
458 2972 513 3018 et
532 2970 736 3030 septem
764 2956 920 3012 armis
957 2962 1075 3008 erat
1112 2951 1161 3006 ei
1193 2958 1457 3011 mortuus,
1513 2953 1571 3000 et
1612 2942 1796 2998 tunica

231 3054 593 3115 immortalem
627 3048 949 3120 suggerebat
977 3053 1229 3100 mortem.
1269 3039 1425 3095 Sicut
1459 3036 1604 3093 enim
1632 3034 1798 3088 mise-

232 3150 475 3206 ricordes
518 3154 644 3200 sunt
701 3152 922 3212 patres,
971 3146 1357 3203 nonnunquam
1408 3140 1470 3184 ut
1533 3127 1799 3182 retineant

232 3245 435 3313 ﬁguras
462 3239 694 3295 ﬁliorum
727 3250 823 3305 per
851 3230 1061 3288 colores
1094 3226 1390 3296 depingunt
1414 3261 1431 3286 ,
1476 3219 1804 3286 easdemque

234 3311 539 3393 recondunt
564 3332 617 3385 in
644 3326 914 3389 domibus,
942 3332 1001 3377 ut
1032 3327 1223 3392 putant
1251 3316 1469 3385 quidam
1502 3311 1569 3365 ad
1605 3320 1807 3364 conso-

236 3429 517 3484 lationem.
567 3421 882 3489 Eﬁigiantur
916 3416 983 3470 ad
1028 3408 1455 3466 admonitionem
1510 3403 1804 3457 dolorum:

239 3525 313 3578 ita
340 3530 395 3575 et
415 3518 597 3573 tunica
630 3487 717 3569 illa
742 3507 1020 3567 recondita
1051 3501 1219 3567 domi,
1265 3508 1322 3553 et
1356 3497 1562 3551 habens
1589 3487 1808 3560 sangui-

239 3630 366 3674 nem
394 3613 874 3669 inveterascentem
904 3614 1007 3654 non
1038 3593 1174 3650 hzedi
1202 3597 1444 3662 putatum
1461 3585 1555 3641 sed
1588 3579 1806 3649 Ioseph,

238 3718 299 3765 et
328 3720 539 3763 morsus
572 3696 855 3770 compositi
898 3690 1011 3765 (29)
1060 3697 1117 3745 et
1170 3681 1409 3755 impositi
1453 3678 1713 3740 ferarum,
1756 3678 1814 3728 et

243 3805 348 3858 hoc
376 3766 739 3856 silvestrium,
772 3801 989 3857 semper
1029 3780 1297 3836 faciebant
1341 3774 1581 3828 dolorem
1606 3766 1810 3821 Jacob:

244 3892 455 3952 videns,
479 3885 821 3943 condiscens,
848 3888 1075 3946 tangens
1098 3883 1314 3938 semper
1336 3852 1504 3920 ﬁlium
1537 3876 1636 3932 per
1666 3857 1814 3912 illam

248 3984 482 4047 tunicam
514 3976 625 4049 ('50)
656 3994 670 4030 :
702 3984 926 4042 tangens
958 3980 1077 4021 eam
1101 3974 1156 4018 et
1179 3960 1352 4016 oculis
1390 3956 1600 4011 videns.
1644 3949 1714 4006 Et
1749 3963 1817 4005 ne

244 4076 370 4146 quis
397 4043 752 4142 reprehendat
792 4072 1095 4120 sermonem
1123 4098 1139 4123 ,
1174 4052 1300 4124 quia
1341 4048 1610 4105 dolentem
1644 4043 1818 4097 intro-

245 4168 388 4231 duco
409 4164 611 4233 justum
640 4176 655 4214 :
684 4165 810 4213 sunt
853 4152 997 4208 enim
1041 4160 1097 4205 et
1144 4141 1523 4202 misericordes
1561 4133 1818 4206 religiosi.

253 4258 389 4325 Nam
440 4263 494 4311 et
539 4250 847 4307 audivimus
899 4260 1023 4303 eum
1075 4242 1340 4298 dicentem
1370 4234 1542 4295 :Cum
1602 4245 1821 4294 omnes,

1331 354 1421 410 DE
1454 343 2054 408 RESURRECTIONE.
2092 371 2163 383 -—-
2200 338 2331 394 LIB.
2370 338 2413 393 Ι.

1794 472 1840 529 Α
1869 481 1974 521 non
2015 460 2261 534 permisit
2288 472 2412 515 eum
2452 455 2596 509 Deus
2626 470 2641 507 :
2674 446 2865 505 habuit
2911 441 3188 501 solatium.
3235 437 3437 493 Dilexit

3291 316 3433 377 1086

1869 526 2166 613 enim-eum
2201 550 2294 620 qui
2316 554 2542 611 emerat,
2564 557 2723 614 quem
2768 540 2995 593 oderant
3029 533 3252 587 fratres.
3298 526 3437 594 Quid

1870 652 2058 723 igitur.
2120 618 2245 702 istic
2289 651 2446 714 putas
2483 633 2809 695 obdormivit
2861 625 3105 685 invidia?
3141 630 3299 692 putas
3336 618 3438 673 de-

1875 714 2057 811 spexit
2079 736 2322 793 diabolus
2338 729 2759 789 consolationem
2786 721 2983 790 Ioseph
2999 718 3023 772 τ
3042 714 3284 770 Habebat
3308 722 3441 764 con-

1868 800 2051 904 iugem
2076 829 2360 899 Egyptius
2388 824 2434 857 “
2502 841 2516 877 :
2582 835 2678 891 per
2706 816 2987 873 mulierem
3014 809 3175 879 igitur
3199 800 3443 859 diabolus

1881 924 2242 981 machinatur.
2283 917 2554 987 Diligitur,
2586 889 2779 980 inquit,
2811 907 2983 961 bonus
3026 915 3134 956 non
3172 898 3330 952 bene.
3373 889 3444 947 Et

1872 1031 2002 1072 vere
2028 1026 2169 1068 nunc
2198 1007 2427 1065 incurrit
2463 1006 2516 1058 in
2550 1001 2718 1056 feram
2758 995 2977 1063 Joseph,
3026 998 3082 1046 et
3124 988 3445 1056 ﬁgmentum

1876 1110 2106 1163 fratrum
2132 1098 2387 1157 transivit
2409 1095 2475 1150 ad
2504 1101 2701 1148 actum.
2732 1085 2921 1141 Mulier
2955 1081 3228 1143 insistens,
3250 1072 3446 1129 mulier

1876 1197 2220 1265 semetipsam
2241 1191 2526 1253 decorans,
2552 1185 2618 1237 ad
2638 1181 2885 1249 laqueum
2905 1172 3082 1228 verbis
3097 1168 3344 1230 illiciens,
3368 1161 3449 1218 las

1876 1256 2216 1360 pidibus(32)
2247 1278 2502 1341 suadens,
2535 1272 2789 1329 odoribus
2811 1265 3049 1335 capiens,
3078 1268 3133 1316 et
3153 1256 3334 1312 varias
3354 1267 3449 1308 ve-

1878 1348 1992 1436 stes
2008 1386 2064 1431 ut
2084 1348 2219 1429 retia
2236 1368 2561 1440 espandens.
2584 1363 2650 1417 Et
2663 1362 2870 1415 intuere
2886 1353 3017 1410 mihi
3035 1348 3375 1421 peregrinum
3393 1348 3450 1397 et

1880 1468 2301 1526 adolescentem.
2327 1460 2545 1515 intuere
2568 1469 2690 1510 eum
2714 1449 2804 1520 qui
2834 1463 2938 1502 non
2964 1442 3196 1500 habebat
3214 1445 3449 1509 patrem,

1880 1574 1987 1614 non
2019 1563 2249 1610 matrem
2281 1554 2622 1619 praesentem.
2660 1542 2872 1595 Intuere
2911 1534 3228 1590 distractum
3279 1540 3309 1579 a
3341 1522 3452 1577 fra-

1881 1650 2076 1713 tribus,
2102 1653 2157 1701 et
2182 1650 2367 1698 contra
2401 1637 2714 1708 dignitatem
2768 1626 3094 1684 servientem
3138 1619 3450 1686 ingenuum,

1881 1751 1936 1798 et
1964 1753 2169 1796 memor
2191 1742 2306 1791 esto
2344 1730 2630 1786 verborum
2658 1737 2777 1793 qua:
2799 1736 2829 1775 a
2857 1717 3083 1773 muliere
3126 1706 3455 1782 promeban-

1807 1821 1851 1878 Β
1885 1843 1993 1895 tur.
2021 1843 2076 1887 et
2111 1828 2202 1884 illa
2254 1826 2380 1881 ﬁcta
2425 1817 2670 1877 mulieris
2706 1811 3091 1869 blandimenta.
3143 1801 3359 1856 intuere
3399 1800 3457 1848 et

1886 1924 2103 1983 divitias
2129 1917 2348 1990 Egypti
2394 1921 2642 1970 ostensas
2686 1921 2718 1961 a
2760 1901 3012 1971 conjuge,
3068 1888 3457 1966 promissiones

1888 2016 2152 2080 mulieris,
2180 2008 2457 2066 tristitiam
2484 2002 2637 2076 pueri
2664 2015 2680 2055 :
2718 1994 2871 2069 pueri
2910 1987 3233 2060 angustiam,
3262 1978 3457 2036 mulie-

1891 2110 1969 2166 ris
1996 2073 2413 2163 abundantiam;
2445 2073 2764 2169 potestatem
2787 2086 2931 2143 enim
2970 2077 3205 2138 habebat
3230 2073 3456 2136 domus;

1891 2201 2259 2259 additamenta
2274 2186 2609 2247 tentationis.
2632 2182 2851 2238 Dicebat
2874 2174 3017 2232 enim
3041 2168 3235 2226 mulier
3256 2161 3422 2219 multa
3438 2178 3457 2216 :

2028 2253 2285 2345 audiebat
2304 2291 2484 2340 autem
2510 2277 2756 2349 pudicus.
2789 2264 3121 2338 Depingebat
3143 2259 3244 2315 sibi
3276 2253 3463 2313 oculos

1893 2348 1984 2444 illa
2015 2404 2029 2441 :
2053 2381 2254 2451 Josepb
2279 2385 2460 2433 autem
2484 2348 2612 2428 suos
2640 2362 2947 2424 claudebat.
2998 2357 3089 2413 illa
3110 2368 3170 2411 se
3188 2348 3462 2421 lapidibus

1894 2441 2318 2535 coronabat:et
2368 2465 2459 2521 ille
2504 2476 2563 2517 se
2623 2473 2655 2513 a
2713 2454 2981 2525 lapidibus
3043 2461 3110 2501 ne
3168 2441 3465 2497 oﬁ‘enderet

1896 2533 2267 2622 custodiebat.
2313 2556 2410 2611 illa
2458 2545 2855 2617 contorquebat
2903 2538 3125 2608 capillos
3187 2546 3367 2589 suos:
3408 2533 3466 2582 et

1896 2659 1989 2717 ille
2008 2654 2220 2711 vitabat
2243 2658 2304 2703 ut
2324 2644 2558 2701 vincula.
2589 2639 2683 2696 llla
2714 2635 2869 2692 varia
2907 2630 3233 2686 vestimenta
3278 2620 3467 2676 uteba-

1899 2760 2025 2806 tur:
2057 2756 2111 2803 et
2149 2744 2240 2800 ille
2272 2738 2588 2796 intuebatur
2611 2729 2954 2801 opiﬁciorum
2987 2720 3327 2775 varietatem.
3375 2709 3469 2766 Illa

1899 2838 2148 2898 movebat
2175 2831 2522 2904 thymiamata
2551 2825 2618 2880 ad
2639 2823 2859 2879 odorem
2887 2833 2902 2869 :
2939 2814 3027 2870 ille
3049 2819 3232 2865 autem
3249 2804 3470 2860 odorem

1899 2932 2172 3008 pudicitiae
2214 2929 2453 2983 odorans
2511 2918 2764 2976 domabat
2806 2926 2958 2969 suam
3007 2898 3469 2962 adolescentiam,

1896 2987 2082 3100 j'unior
2114 3030 2376 3095 quantum
2401 3015 2468 3071 ad
2491 3020 2729 3075 aetatem,
2761 3003 2946 3062 senior
2976 3008 3156 3053 autem
3184 2987 3470 3061 sapientia.

1902 3125 2035 3183 Cum
2065 3129 2243 3175 autem
2270 3127 2376 3169 non
2422 3105 2689 3161 valuisset
2723 3093 2967 3153 mulieris
3008 3086 3433 3144 blandimentum
3453 3112 3474 3142 ,

1902 3173 2183 3274 t't'anstulit
2213 3201 2645 3262 blandimentum
2682 3190 2750 3245 ad
2784 3190 2917 3242 vim.
2961 3179 3111 3236 Nova
3139 3173 3337 3274 quippe
3357 3177 3475 3271 tra-

1906 3259 2370 3382 g-(ediavin'pwrimo
2395 3292 2558 3347 ﬁebat
2584 3283 2787 3352 Joseph
2812 3319 2828 3346 ,
2882 3276 3025 3331 forte
3052 3278 3108 3326 et
3135 3266 3271 3323 solo.
3296 3259 3479 3382 Siqui-

1906 3352 2028 3457 dem
2050 3413 2079 3452 a
2110 3352 2247 3449 viris
2278 3389 2388 3442 vim
2421 3382 2535 3455 pati
2571 3376 2863 3435 mulieres,
2902 3374 3096 3423 natura
3137 3360 3254 3430 ipsa
3290 3352 3481 3410 mulie-

1908 3506 2029 3549 rum
2056 3484 2292 3543 suadet:
2328 3443 2527 3544 Joseph
2574 3476 2756 3523 autem
2811 3461 2961 3518 solus
3012 3469 3044 3509 a
3088 3450 3315 3508 muliere
3370 3443 3481 3498 vim

1909 3575 2313 3655 periclitabatur
2347 3532 2650 3639 sustinere.
2701 3551 2944 3609 Accessit
2984 3545 3129 3602 enim
3178 3538 3370 3595 mulier
3412 3532 3483 3588 ad

2606 3653 2619 3655 -
2747 3648 2762 3655 -
2934 3641 2947 3655 -
3065 3637 3209 3655 en-..
3265 3624 3481 3655 ..:.a..t....

1911 3624 2330 3733 adolescentem,
2388 3658 2503 3715 sola
2554 3653 2622 3709 ad
2685 3648 2901 3705 solum:
2934 3637 3214 3696 hominum
3265 3624 3486 3682 videbat

1913 3767 2110 3825 nullus.
2150 3760 2246 3815 ille
2272 3764 2451 3811 autem
2482 3749 2574 3820 qui
2608 3744 2676 3799 ab
2703 3735 3012 3797 hominibus
3040 3742 3151 3785 non
3177 3721 3483 3782 videbatur,

1915 3861 2084 3914 Deum
2165 3808 2515 3908 invisibilem'
2565 3833 2897 3892 intuebatur.
2973 3816 3305 3877 lmmittebat
3370 3808 3489 3862 fera

1915 3895 2145 4019 ungulas
2166 3895 2699 3999 suasu—adV—tunicam
2753 3915 2975 3986 Joseph.
3028 3910 3120 3965 llle
3166 3895 3487 4019 autequui

1918 3990 2274 4101 consueverat
2306 4026 2485 4084 tunica
2507 4016 2731 4080 salvari,
2765 4019 2820 4066 et
2843 4008 2934 4078 qui
2959 4002 3197 4060 tunicam
3228 3990 3491 4050 fratribus

1920 4078 2089 4194 dedit,
2114 4132 2168 4181 et
2193 4138 2224 4177 a
2251 4113 2564 4187 deceptione
2590 4078 2816 4163 fratrum
2837 4108 2925 4155 est
2950 4094 3235 4151 liberatus,
3272 4078 3495 4150 reliquit

1921 4234 1979 4281 et
2011 4173 2153 4277 nunc
2171 4173 2410 4271 tunicam
2434 4207 2490 4262 in
2520 4217 2682 4258 manu
2709 4190 2981 4255 mulieris,
3016 4192 3076 4239 ut
3112 4195 3218 4237 non
3257 4173 3494 4231 dimitte-

253 4263 389 4325 Πρω
440 4263 494 4311 et
539 4263 847 4307 audivimus
899 4263 1023 4303 eum
1075 4263 1340 4298 dicentem
1370 4263 1542 4295 εωιιη
1602 4263 1821 4294 unum,
1921 4263 1979 4281 ν.
2011 4263 2382 4277 ..νηπηηη

252 4348 450 4420 inquit.
495 4345 595 4414 filii
641 4353 687 4397 et
731 4341 857 4410 filia:
908 4337 1251 4392 accessissent
1303 4340 1359 4389 ut
1429 4323 1826 4381 consolarentur
1924 4325 2009 4373 ret
2028 4325 2181 4369 suam
2207 4306 2441 4362 animam
2474 4298 2529 4354 in
2555 4290 2801 4350 manibus
2838 4275 3223 4353 impudicitiae:
3253 4276 3308 4325 et
3328 4263 3497 4322 exivit

1436 4418 1467 4420 “
1710 4413 1720 4420 '
2017 4407 2031 4420 -
2145 4417 2159 4420 -
2203 4398 2376 4420 ι---ε--
2445 4386 2699 4420 ...ιλιιιῖιῖα
2750 4388 2927 4420 mnam
2968 4370 3197 4420 amictus
3230 4375 3350 4420 sua,

251 4456 394 4507 eum,
430 4453 531 4492 non
551 4434 772 4503 suscepit
792 4432 968 4486 eorum
995 4424 1408 4507 consolationem
1432 4418 1508 4484 δὴ
1540 4431 1645 4470 non
1679 4413 1825 4467 sine-

254 4536 350 4591 bat
378 4533 520 4588 euim
553 4528 733 4585 tunica
761 4524 1023 4597 sanguine
1067 4497 1256 4576 tincta.
1305 4516 1453 4580 Dixit
1497 4512 1639 4567 enim
1668 4524 1684 4563 :
1716 4507 1824 4563 De-

254 4628 501 4694 .rendam
524 4624 591 4678 ad
619 4620 882 4689 infernum
902 4633 1020 4673 cum
1049 4615 1225 4669 dolore
1255 4612 1323 4667 ad
1344 4608 1515 4679 filium
1540 4605 1586 4637 “
1614 4622 1629 4658 :
1657 4609 1838 4657 tantus
1935 4608 1969 4647 v

258 4665 501 4694 ............
524 4665 591 4678 ...,
622 4665 880 4689 ...,,...π..-
903 4665 1017 4673 η---
1277 4665 1283 4667 ,
1344 4665 1356 4679 ,
1416 4665 1419 4669 ,

258 4729 379 4775 erat
424 4719 596 4772 dolor.
631 4715 733 4771 Ubi
762 4727 891 4783 ergo
925 4706 1210 4780 promissio
1252 4702 1380 4767 est?
1421 4699 1573 4769 cujus
1605 4693 1836 4767 promis-
1933 4682 2183 4740 detinens
2218 4672 2455 4731 tunicam
2496 4665 2633 4734 eius.

1820 4782 1823 4783 ,
1931 4776 1946 4783 -
2022 4776 2034 4783 .
2057 4774 2073 4783 .
2232 4766 2246 4783 ρ
2281 4779 2298 4783 ,
2319 4765 2342 4783 λ
2373 4774 2458 4783 ---
2491 4754 2625 4783 haud

261 4814 467 4868 sionem
505 4766 948 4879 impleta—In'p’atri
998 4797 1211 4856 deflenti
1267 4766 1504 4855 autﬁlio
1543 4766 1835 4845 morienti?
1931 4774 2134 4847 lapides
2155 4766 2307 4879 qui:

262 4906 398 4973 Nam
426 4904 524 4958 etsi
554 4917 658 4956 non
685 4909 768 4955 est
793 4906 1057 4958 mortuus,
1092 4902 1273 4950 tamen
1299 4889 1548 4944 timorem
1575 4883 1832 4947 expertus
1930 4867 2024 4940 qui

263 5007 351 5059 est
378 4996 589 5052 mortis.
642 4993 775 5047 Puta
825 4990 953 5059 quia
982 5001 1089 5041 non
1135 4992 1221 5038 est
1250 4986 1539 5038 mortuus,
1591 4984 1699 5025 non
1749 4972 1838 5020 est
1928 4962 2219 5031 iactantes,

265 5090 576 5151 distractus,
622 5099 728 5139 non
781 5080 1015 5137 serviit?
1063 5076 1153 5132 ille
1202 5072 1333 5143 quia
1388 5070 1441 5129 in
1506 5066 1626 5122 sinu
1685 5062 1835 5114 lusus
1934 5054 2203 5122 deponere

1926 4407 2099 4465 nudus
2137 4417 2169 4457 a
2202 4398 2403 4462 tunica,
2445 4386 2701 4463 pudicitia
2749 4388 2928 4436 autem
2968 4370 3198 4465 amictus
3230 4375 3350 4425 sua,
3406 4354 3499 4410 illo

1856 4523 1905 4580 ι)
1932 4506 2119 4556 sancto
2138 4502 2193 4551 et
2222 4453 2417 4563 pudico
2443 4453 2760 4538 vestimento
2804 4468 3043 4525 indutus.
3094 4453 3286 4511 Mulier
3317 4455 3499 4502 autem

2602 4568 2616 4580 -
2786 4572 2821 4580 --
2874 4550 3143 4580 _---.|:..:.:...
3194 4538 3496 4580 {mnos-inm-

1976 4591 2125 4646 idens
2149 4538 2300 4657 pueri
2349 4568 2734 4635 constantiam,
2773 4572 2829 4620 et
2874 4550 3143 4630 pudicitia:
3194 4538 3499 4657 imperium;

2679 4656 2823 4713 sicut
2868 4660 3031 4704 canes
3075 4642 3384 4697 irascuntur
3432 4626 3504 4682 ad

2312 4765 2345 4819 d
2367 4774 2461 4819 eos
2488 4730 2692 4811 fuerint
2723 4744 2877 4804 missi
2906 4763 2918 4798 :
2948 4748 3005 4796 et
3028 4736 3170 4792 sicut
3193 4730 3505 4798 frequenter

2030 4816 2189 4921 dam‘l
2222 4855 2538 4924 effugientes
2606 4841 2809 4902 bestias
2840 4877 2856 4903 ,
2931 4839 3140 4905 partem
3198 4816 3505 4877 vestimenti

2253 4907 2478 5017 {faciunt
2515 4954 2609 4997 eas
2659 4937 2795 4992 iram
2837 4931 2893 4985 in
2942 4933 3149 4997 partem
3202 4907 3505 4971 vestimenti

2226 5000 2432 5098 suam:
2461 5031 2637 5091 itailla
2662 5029 2745 5083 lea
2767 5066 2783 5091 ,
2811 5030 2904 5078 aut
2929 5019 3032 5075 alia
3053 5011 3295 5085 quaedam
3338 5000 3508 5059 bestia

268 5094 576 5151 distractus,
622 5099 728 5139 non
781 5094 971 5137 servm
992 5094 1015 5132 3
1063 5094 1153 5132 rue
1202 5094 1333 5143 quia
1390 5094 1441 5129 ιιι
1506 5094 1626 5122 ausu
1685 5094 1835 5114 ιυυυσ
1934 5094 2200 5122 ..εμπ-ν
2226 5094 2285 5098 η

268 5180 437 5253 patris
462 5178 571 5249 (3i)
604 5190 786 5246 agens,
826 5187 933 5227 non
959 5168 1280 5224 mittebatur
1322 5162 1494 5223 foras,
1537 5168 1681 5211 nunc
1722 5164 1838 5205 ser-
1935 5137 2331 5206 dira,tunicam
2351 5126 2531 5204 pudici
2556 5121 2850 5191 accipiens,
2872 5123 2927 5169 et
2946 5107 3194 5167 manibus
3219 5111 3274 5158 et
3298 5094 3510 5168 ungulis

1309 5251 1349 5253 —
1492 5248 1504 5253 ‘
1727 5240 1760 5253 "
1818 5238 1832 5253 '
1950 5252 1957 5253 ί
1979 5226 2400 5253 -μ--ηὶ-ι-υιιι-ι-
2428 5228 2477 5253 nl
2507 5226 2713 5253 Innnna,
2746 5220 2803 5253 sal
2830 5206 3082 5253 scindens
3104 5197 3338 5253 undioue
3365 5204 3510 5246 com-

268 5274 365 5334 vit.
401 5238 583 5324 Se‘rvi't
612 5238 814 5327 autem,
848 5270 904 5315 et
928 5261 1242 5315 servitutem
1286 5248 1688 5322 Egyptiorum.
1727 5238 1835 5295 Sed

1938 5197 2403 5304 comprehenderis
2427 5228 2483 5277 et
2507 5226 2719 5279 tenens.
2746 5220 2803 5268 et
2830 5206 3082 5265 scindens
3104 5197 3338 5255 undioue
3365 5204 3512 5246 com-

343 5474 391 5508 ”
417 5467 551 5526 Gen.
586 5479 786 5527 xxxvn,
818 5459 908 5516 '52.
982 5456 1029 5489 “
1056 5452 1185 5510 ibid.
1232 5450 1323 5507 55.
1396 5449 1442 5480 “
1464 5445 1592 5502 ibid.
1655 5443 1712 5475 δδθ
1752 5440 1889 5496 Gen.
1924 5448 2117 5496 xxxix,
2164 5428 2219 5482 7.

347 5671 463 5742 (29)
513 5669 719 5742 Marsus
771 5661 1059 5732 compositi.
1100 5657 1371 5713 Morsunm
1415 5664 1554 5709 nota:
1598 5647 1838 5705 confictae

278 5745 345 5806 ad
377 5741 664 5803 fallendum
691 5745 915 5804 patrem.
998 5802 1025 5806 __
1322 5798 1331 5806 .
1484 5754 1495 5765 .

351 5800 463 5885 (3'0)
496 5810 593 5867 Ms.
626 5798 728 5867 Per
766 5806 910 5860 illam
946 5802 1185 5871 alutam
1222 5798 1467 5857 tunicam.

2016 5635 2129 5705 (5|)
2161 5631 2227 5705 ζη
2268 5631 2385 5684 sinu
2407 5614 2987 5705 (ususAyz'atris."Prorin
3020 5613 3136 5693 sinu
3165 5606 3330 5705 patris
3363 5604 3510 5659 (usus

2158 5683 2475 5779 Supra_pag.
2502 5683 2724 5779 £8523.
2756 5686 2885 5740 Post
2905 5683 3074 5765 futuri
3104 5688 3225 5737 sunt
3254 5689 3322 5731 te.

2160 5756 2469 5845 lapidibus,
2501 5765 2551 5821 id
2579 5772 2692 5827 est,
2732 5756 2963 5822 qemntis.
