3822 6218
361 333 502 393 108⁸1

1009 329 1281 387 EUSE-Bll
1320 329 1801 386 CAESARIENSIS
1838 332 1990 385 υιΨ.
2029 332 2210 383 PARS
2249 334 2336 383 tv.
2378 359 2451 369 —
2487 335 2907 384 DUbMA't'lLA.

3491 337 3641 388 1088

363 455 601 526 ponebat
637 450 832 507 falsam
874 452 1311 506 adinveutionem
1359 466 1512 506 suam
1541 451 1739 521 pudico
1775 449 1948 504 ascri~
1979 453 2023 510 Α
2054 459 2180 502 smit
2200 463 2230 502 a
2261 449 2684 504 resurrectione.
2718 449 2784 503 Et
2806 451 3051 505 videmur
3068 452 3286 521 quidem
3315 455 3635 521 protrahere

364 549 520 610 hens,
549 556 604 600 et
629 546 927 600 honestiam
954 544 1069 616 (55)
1099 545 1164 598 ad
1183 561 1240 598 se
1263 544 1613 600 transferens.
1649 541 1945 613 lmpudenti

366 641 511 694 enim
542 639 739 694 clamat
761 655 912 703 voce,
937 652 986 693 et
1005 650 1269 694 convocat
1291 642 1549 692 adversus
1574 654 1632 692 se
1656 637 1953 692 convictio-

365 749 491 788 nem
521 743 574 787 et
607 734 735 787 dicit
773 751 786 788 :
822 733 1026 797 Venite,
1082 732 1290 800 inquit,
1339 742 1386 784 et
1423 731 1586 785 ridete
1613 745 1632 784 :
1659 729 1950 782 introduxit

365 841 587 894 pueritm
621 823 900 878 Hebrwum
935 825 1000 877 ⁸⁷.
1029 822 1240 878 Dicitur
1265 822 1600 891 ingenuitas,
1653 832 1712 873 ut
1764 820 1952 873 illudat

369 929 470 970 nos
498 933 512 969 :
539 917 921 983 subiugressus
945 926 1024 970 est
1060 915 1212 979 mihi,
1247 914 1433 969 volens
1460 914 1565 966 vim
1601 913 1798 966 facere.
1844 911 1952 965 Po-

372 1020 455 1064 tas
482 1025 587 1063 non
615 1008 834 1063 offendit
867 1011 1043 1072 lingua
1082 1008 1447 1078 impudentis?
1482 1007 1738 1062 Miramur
1771 1008 1815 1062 si
1847 1022 1950 1061 non

369 1115 457 1158 est
487 1114 721 1157 inutatus
761 1105 877 1170 ejus
912 1104 1098 1158 color?
1148 1102 1487 1158 Conscientia
1524 1101 1691 1167 enim,
1741 1100 1952 1155 etiamsi

372 1199 607 1250 occultat
664 1198 904 1264 factum,
957 1208 1136 1250 tamen
1189 1212 1284 1263 per
1334 1196 1510 1250 vultus
1561 1212 1656 1248 sua
1709 1196 1956 1262 producit

369 1291 617 1357 vestigia.
652 1287 970 1343 (Σοιιΐι-τοιιειι
1015 1301 1190 1342 autent
1221 1289 1284 1340 ad
1317 1289 1624 1356 figmentum
1657 1289 1804 1341 color
1837 1288 1959 1340 imi-

375 1392 521 1436 tatus
575 1383 707 1454 (5i).
762 1366 1054 1436 Videbatur
1109 1383 1251 1434 enim
1303 1383 1368 1436 ad
1400 1382 1508 1434 vim
1567 1395 1687 1433 esse
1745 1381 1956 1441 durata,

373 1493 536 1546 quam
568 1478 680 1545 ipsa
709 1478 924 1544 quidem
953 1477 1177 1536 fecerat,
1209 1491 1424 1541 passam
1455 1485 1632 1528 autem
1675 1489 1732 1529 se
1758 1472 1962 1528 confin-

377 1573 556 1640 gebat.
583 1567 958 1639 Subiugressus
983 1580 1056 1621 est
1087 1571 1233 1631 mihi,
1277 1569 1450 1638 inquit
1486 1568 1789 1636 impudens.
1820 1564 1960 1618 Sub~

378 1666 654 1732 ingressus
703 1674 786 1717 est
843 1664 970 1716 mihi
1023 1662 1168 1727 dicit,
1201 1678 1318 1730 qum
1353 1662 1697 1729 subingressa
1738 1669 1856 1725 est;
1911 1667 1959 1710 et

378 1757 690 1824 clamavi",
722 1759 814 1812 ait.
861 1757 1096 1810 Etccrte
1149 1772 1255 1809 non
1314 1755 1577 1814 clamasti.
1624 1755 1723 1808 nisi
1775 1764 1958 1824 postea

381 1867 541 1914 quam
566 1866 813 1916 egressus
839 1859 922 1903 est
950 1849 1260 1903 adolescens
1296 1866 1310 1902 :
1347 1859 1393 1902 et
1435 1851 1670 1916 reliquit,
1692 1849 1786 1911 ait,
1813 1863 1962 1901 suam

381 1945 635 2008 tunicam,
668 1955 715 1997 et
738 1945 874 2013 fugit
899 1944 965 1997 δ’.
996 1945 1057 1996 Et
1096 1954 1242 1997 certe.
1274 1959 1375 1996 non
1421 1951 1503 1997 est
1546 1943 1652 1995 vim
1695 1941 1962 2004 facientis,

379 2044 440 2088 ιιι
473 2037 734 2105 relinquat
761 2053 915 2090 suam
941 2037 1199 2091 tunicam.
1234 2036 1310 2088 Ad
1347 2035 1742 2088 convictionem
1785 2047 1967 2101 super-

380 2130 526 2183 venit
559 2142 610 2183 et
640 2125 893 2184 dominus
921 2130 1130 2191 donius,
1154 2129 1244 2197 qui
1272 2143 1488 2181 onmem
1534 2127 1752 2181 domum
1785 2127 1965 2182 credi-

378 2220 537 2275 derat
563 2221 782 2290 .loseph.
813 2222 1200 2275 Acceditaenea
1236 2221 1412 2275 fronte
1445 2221 1661 2286 mulier,
1689 2229 1742 2275 et
1773 2221 1966 2274 iterum

381 2317 579 2384 repetit
646 2315 958 2385 figmentum
997 2317 1141 2384 quod
1199 2313 1369 2368 fuerat
1435 2315 1687 2368 meditata
1739 2314 1970 2384 :lacry-

301 2458 305 2462 .
383 2421 646 2475 mansque
676 2419 729 2462 et
757 2405 977 2471 deflens,
1015 2417 1107 2460 aut
1136 2407 1261 2476 quia
1316 2423 1422 2460 non
1474 2409 1650 2476 potuit
1703 2407 1968 2468 obtinere,

383 2512 475 2554 aut
505 2503 628 2571 quia
655 2513 959 2571 contempta
983 2512 1088 2563 est,
1120 2511 1212 2553 aut
1241 2501 1364 2569 quia
1417 2516 1523 2554 non
1560 2499 1808 2553 manibus
1846 2515 1968 2553 emn

384 2592 491 2660 iam
529 2593 865 2662 przefocavit.
919 2593 1254 2647 Desiderium
1302 2593 1445 2646 enim
1488 2601 1853 2658 contemptura
1903 2591 1969 2643 ad

385 2684 520 2740 iram
551 2688 900 2738 convertitur.
940 2685 1076 2750 Quid
1114 2685 1350 2751 igitttrin
1388 2684 1472 2738 his
1492 2683 1710 2753 agitur?
1735 2681 1971 2736 Pudicus

383 2785 678 2829 accusatur
707 2777 773 2828 ab
805 2775 1090 2844 impudica.
1133 2775 1248 2830 Non
1276 2775 1488 2828 miraris
1514 2775 1637 2844 quia
1667 2789 1770 2827 non
1796 2775 1970 2827 statim

386 2883 673 2935 aggressus
710 2878 792 2922 est
825 2869 926 2931 vir,
975 2878 1028 2921 et
1060 2869 1159 2921 hoc
1196 2867 1480 2938 ZEgyptius
1527 2867 1714 2921 calidae
1765 2877 1973 2920 naturae

386 2957 550 3014 homo
576 2970 626 3014 et
669 2959 768 3014 loci
807 2961 1030 3014 laniavit
1052 2960 1448 3013 adolescentem
1478 2974 1493 3013 :
1525 2960 1567 3014 si
1590 2959 1809 3027 quidem
1838 2969 1974 3012 aetas

388 3047 552 3102 habet
573 3047 955 3117 Suspicionem,
991 3059 1044 3102 et
1078 3065 1196 3118 quze
1221 3048 1446 3101 vocztbat
1474 3059 1527 3102 et
1565 3050 1882 3111 accusabat,
1921 3055 1974 3101 et

2055 548 2343 593 tractatuum
2380 540 2470 594 ditt
2502 539 2605 594 hoc
2626 551 2950 608 exposcente
2981 553 3037 595 et
3071 553 3338 598 maturam
3375 543 3636 599 refectio-

2054 650 2177 687 nem
2209 643 2416 687 tenere.
2451 630 2557 686 Sed
2586 631 2726 686 forte
2766 646 2864 686 nec
2897 633 3172 688 immorari
3209 645 3294 688 est
3317 635 3384 688 ad
3424 639 3638 701 ot‘um;

2053 732 2268 793 oportet
2309 724 2457 778 enim
2507 731 2824 776 constantes
2871 721 2985 776 fleri
3027 722 3091 776 ad
3147 736 3408 792 mortem,
3463 737 3522 780 et
3567 727 3642 780 ita

2059 819 2204 872 refici
2228 819 2388 872 escis.
2425 815 2736 870 Eiiiciamur
2765 816 2932 885 igitur
2961 825 3016 868 et
3050 832 3148 871 nos
3173 819 3356 884 medii,
3379 828 3438 872 et
3465 832 3646 884 neque

2055 922 2206 966 extra
2241 924 2551 964 mensuram
2582 906 2970 976 protendamns
2991 921 3297 961 sermonem
3327 924 3341 961 :
3369 923 3478 962 non
3508 900 3645 961 sinit

2056 1005 2200 1058 enim
2236 1010 2450 1070 tempus
2481 1019 2496 1055 :
2525 1015 2700 1070 neque
2744 1001 2938 1054 iterum
2985 998 3140 1054 valde
3192 999 3535 1070 colligamus,
3589 1008 3648 1055 It

2059 1098 2307 1152 fruamur
2328 1106 2382 1150 et
2417 1094 2728 1149 festivitate.
2766 1094 2832 1146 Et
2863 1093 2986 1162 quia
3015 1107 3113 1146 nos
3132 1107 3198 1146 ex
3231 1093 3410 1146 anima
3439 1103 3494 1146 et
3518 1106 3649 1148 oor-

2057 1205 2188 1261 pore
2211 1205 2400 1243 sumus
2423 1187 2731 1257 compositi,
2773 1201 3060 1256 pascamus
3091 1183 3328 1238 animam
3369 1184 3651 1240 mensuris

2060 1283 2314 1352 propriis,
2346 1291 2404 1334 ut
2454 1291 2508 1334 et
2548 1281 2662 1346 ipsa
2707 1279 2914 1332 reficiat
2949 1294 3180 1347 corpora
3231 1295 3258 1331 ιι
3312 1278 3649 1332 constantia.

2063 1377 2166 1430 Sed
2191 1378 2316 1445 quid
2343 1375 2544 1428 vultis?
2575 1375 2910 1426 dimittemus
2932 1369 3129 1440 Josepli
3157 1373 3208 1425 in
3231 1385 3510 1426 carcerem
3532 1372 3560 1424 τ
3597 1379 3657 1425 et.

2061 1483 2220 1536 quem
2255 1469 2395 1520 Deus
2431 1481 2534 1518 non
2568 1465 2785 1532 reliquit
2847 1463 2896 1515 in
2945 1477 3197 1525 carcere,
3247 1478 3346 1518 nos
3396 1479 3657 1518 sermone

2066 1559 2349 1626 piugcntes
2378 1556 2741 1619 relinquemus
2766 1551 3018 1619 ligatum?
3047 1551 3246 1622 thuis
3273 1555 3658 1609 adhortabitur

2065 1649 2377 1719 pudicitiam
2423 1648 2683 1702 studere?
2735 1651 2857 1717 quis
2892 1661 3072 1702 autem
3115 1649 3319 1703 amabit
3361 1650 3658 1704 continen-

2068 1744 2220 1805 tiam,
2275 1742 2462 1795 videns
2515 1743 2567 1794 in
2613 1757 2835 1797 carcere
2901 1744 3216 1798 derelictum
3285 1741 3527 1812 Joseph?
3589 1742 3660 1798 Et

2070 1841 2216 1888 certe
2243 1833 2286 1886 si
2314 1835 2647 1902 relinquatur
2683 1832 2883 1903 Joseph
2927 1836 2977 1889 in
3011 1851 3252 1898 carcere,
3304 1845 3358 1889 et
3405 1845 3666 1889 mortuus

2070 1923 2233 1976 fuerit
2267 1938 2387 1975 cmn
2434 1925 2716 1991 pudicitia,
2756 1941 2881 1994 spes
2935 1928 3350 1982 resurrectionis
3396 1943 3502 1982 non
3543 1928 3659 1982 eir-

2070 2013 2385 2067 cumscribit
2413 2029 2585 2083 spem.
2627 2015 2734 2069 Sed
2773 2016 2900 2084 quia
2949 2033 3051 2070 non
3101 2019 3307 2072 ditnisit
3349 2034 3474 2072 eum
3513 2018 3662 2072 Dens

2073 2103 2124 2156 in
2194 2119 2440 2167 carcere,
2493 2103 2663 2159 simus
2721 2107 3024 2173 patientes,
3076 2117 3132 2161 et
3201 2108 3486 2161 audiamus
3539 2106 3661 2175 ejs

2061 2213 2369 2268 egressum.
2423 2200 2489 2254 Et
2521 2216 2644 2255 cum
2687 2201 2776 2255 ille
2804 2201 2967 2255 fuerit
2997 2201 3251 2263 emissus,
3301 2213 3428 2257 tunc
3456 2211 3510 2255 et
3559 2217 3666 2256 nos

2074 2293 2413 2346 dimittamur
2447 2308 2568 2347 cum
2605 2308 2691 2347 eo.
2725 2292 2922 2362 Ioseph
2979 2295 3140 2363 igitur
3168 2305 3285 2348 erat
3334 2296 3386 2347 in
3431 2309 3663 2349 carcere

2073 2387 2281 2442 habens
2319 2387 2544 2441 delicias
2589 2401 2657 2440 ex
2712 2387 2970 2442 uberibus
3018 2389 3321 2454 pudicitiae,
3372 2387 3666 2441 honestate

2076 2481 2326 2543 indutus,
2381 2480 2612 2549 diligens
2663 2479 2834 2544 magis
2875 2496 3149 2534 carcerem
3201 2497 3361 2547 quam
3411 2492 3662 2535 amorem

2075 2571 2217 2626 illius
2262 2571 2470 2639 bestiae,
2516 2581 2814 2626 amatorem
2861 2573 3087 2626 fetorem
3133 2572 3258 2627 frui.
3311 2575 3477 2628 lstum
3513 2577 3666 2630 enim

2075 2664 2493 2732 pra-honorabat
2543 2666 2856 2735 unguentis.
2913 2667 3008 2718 Ast
3061 2666 3286 2733 pudicus
3328 2667 3668 2734 amplectens

2076 2756 2290 2809 vincula
2350 2757 2543 2826 magis,
2587 2772 2749 2826 quam
2807 2764 3056 2809 ornatum
3116 2754 3422 2826 Egyptize;
3474 2773 3672 2810 amans

2073 2848 2358 2902 oculorum
2399 2849 2654 2903 tenebras
2701 2860 2924 2920 propter
2955 2851 3131 2903 lumen
3163 2853 3398 2914 animae;
3435 2850 3672 2904 libenter

2079 2940 2306 2992 audiens
2337 2941 2570 3008 gemitus
2610 2942 2882 3004 carceris,
2913 2957 3072 3007 quam
3119 2943 3308 2998 videns
3364 2942 3577 3013 lapides
3615 2943 3672 2996 in

2073 3028 2352 3082 luxuriosa
2389 3029 2568 3082 fronte
2621 3040 2676 3084 et
2712 3031 3008 3086 immunda.
3065 3029 3165 3086 Ubi
3204 3047 3335 3103 ergo
3369 3043 3498 3086 sunt
3529 3047 3682 3100 pra“

389 3142 480 3209 qui
523 3144 588 3195 ad
617 3157 800 3194 vocem
832 3143 947 3207 ejus
973 3152 1351 3202 cucurreraut,
1401 3153 1453 3193 et
1485 3142 1662 3194 tunica
1697 3156 1815 3207 qua:
1849 3141 1971 3193 reti-

2090 3121 2344 3174 dictioues
2368 3121 2392 3174 ’ἒ
2416 3120 2530 3175 Noli
2564 3136 2881 3192 pr0perare,
2914 3136 2968 3178 et
2996 3125 3204 3178 audies.
3243 3124 3671 3178 lrasciturPha-

394 3235 640 3298 nebatur,
705 3234 953 3287 movebat
1007 3235 1278 3288 dominum
1321 3235 1386 3286 ad
1429 3235 1872 3301 indignationem,
1921 3245 1974 3288 et

391 3326 570 3380 honor
597 3326 685 3392 qui
727 3336 842 3378 erat
885 3327 1042 3378 datus
1069 3327 1114 3378 ei
1146 3327 1236 3396 qui
1289 3326 1467 3378 fuerat
1520 3328 1827 3380 distractus.
1868 3325 1978 3380 Mo-

395 3417 549 3470 vebat
585 3428 762 3470 autem
802 3425 854 3469 et
895 3419 1256 3486 suspicionem
1302 3417 1664 3486 pulchritudo.
1723 3416 1788 3470 Et
1833 3425 1976 3470 tanta

394 3511 612 3579 quidem
646 3520 802 3564 erant
827 3526 946 3576 qua:
972 3513 1036 3563 ad
1072 3511 1228 3563 fidem
1256 3511 1642 3579 provocabant.
1675 3508 1982 3563 Suﬂiciebat

401 3611 585 3656 autem
624 3603 689 3655 ad
740 3603 922 3670 Operis
971 3602 1358 3656 dubitationem
1405 3602 1552 3668 pueri
1605 3603 1868 3669 sapientia
1927 3611 1983 3654 et

394 3692 756 3763 pulchritudo.
822 3691 930 3745 Cur
987 3693 1128 3745 enim
1195 3707 1317 3746 eum
1389 3706 1492 3744 non
1557 3691 1738 3744 statim
1798 3693 1982 3760 dispa-

397 3786 540 3839 ravit
563 3785 714 3856 (55)?
739 3787 862 3854 quia
905 3783 1107 3840 sciebat
1133 3785 1283 3854 pueri
1319 3796 1496 3836 mores
1528 3800 1541 3836 :
1570 3783 1776 3837 medius
1801 3794 1978 3836 autem

397 3874 573 3930 factus
599 3877 720 3930 fidei
757 3886 811 3930 et
853 3875 1216 3929 incredulitati
1246 3874 1544 3937 dilaniavil,
1593 3876 1684 3928 sed
1732 3875 1984 3929 dubitans

403 3981 507 4020 non
541 3967 856 4035 disparavit.
892 3966 955 4020 Et
979 3967 1195 4036 quidem
1234 3966 1407 4035 ipsum
1434 3967 1558 4032 quia
1594 3982 1698 4020 non
1737 3967 1982 4027 credidit,

400 4061 467 4111 ad
492 4045 765 4112 carcerem
800 4061 949 4113 misit
977 4074 989 4110 :
1015 4059 1104 4128 qui
1133 4069 1182 4113 et
1208 4070 1491 4129 susceptus
1521 4069 1627 4114 est.
1664 4058 1792 4123 Qua!
1824 4059 1987 4125 igitur

402 4152 864 4205 dinumerabimus
893 4150 1134 4222 Josrph?
1177 4149 1372 4204 bonam
1405 4153 1522 4221 ejus
1551 4151 1982 4218 interfectionem

402 4243 516 4316 (36)
543 4246 782 4298 dicemus
811 4261 824 4298 :
853 4255 938 4296 aut
975 4245 1168 4296 bonam
1208 4242 1566 4309 jactationem
1601 4245 1650 4296 in
1696 4243 1845 4308 lacu;
1891 4244 1984 4296 sed

404 4335 836 4398 distractionem,
862 4335 953 4388 sed
991 4335 1342 4400 servitutem;
1373 4345 1493 4404 post
1521 4337 1635 4388 bac
1672 4334 1766 4388 sed
1799 4351 1988 4388 exsur-

405 4431 698 4483 ret'tionent
732 4429 976 4482 mulieris
1022 4429 1337 4512 itttpudicze;
1381 4429 1472 4481 sed
1522 4427 1718 4480 factam
1777 4429 1983 4482 calum-

2081 3251 2176 3288 rao
2202 3235 2410 3290 duabus
2442 3235 2626 3303 pueris
2657 3233 2770 3288 suis
2799 3236 3024 3288 suimuis
3064 3251 3095 3290 e
3132 3236 3438 3289 ministerio
3466 3235 3536 3298 '°,
3562 3235 3674 3291 ira-

2083 3336 2168 3380 tus
2204 3337 2289 3381 est
2324 3327 2550 3391 Pharao,
2598 3327 2724 3394 quia
2783 3328 3053 3395 propitius
3101 3340 3219 3380 erat
3252 3325 3452 3397 Joseph
3509 3327 3672 3384 Deus.

2081 3417 2367 3472 Mittuntur
2395 3419 2460 3471 ad
2501 3433 2798 3482 carcerem,
2824 3431 2877 3472 et
2905 3419 3064 3472 simul
3102 3436 3224 3472 cum
3257 3419 3463 3488 Josepb
3496 3421 3672 3475 reclu-

2082 3511 2302 3562 duntur.
2327 3508 2526 3576 Joseph
2561 3519 2740 3561 autem
2773 3519 2824 3562 et
2858 3509 2910 3561 iit
2943 3525 3162 3564 carcere
3201 3519 3254 3563 et
3303 3511 3425 3565 istic
3473 3510 3671 3566 ﬁdelis.

2085 3599 2238 3652 Sicut
2291 3598 2436 3650 enim
2495 3597 2758 3651 creditam
2829 3600 3038 3668 accepit
3099 3600 3319 3654 domum
3395 3599 3672 3672 Egyptii,

2084 3689 2376 3744 custodivit
2436 3689 2595 3742 fidem
2655 3690 2820 3742 etiam
2879 3706 3003 3744 cum
3053 3692 3504 3748 calumniaretur.
3559 3692 3680 3748 Non

2083 3785 2226 3836 enim
2251 3783 2442 3836 detulit
2470 3782 2750 3850 damnum,
2783 3785 2877 3836 sed
2916 3799 3109 3853 passus
3146 3792 3229 3838 est
3265 3785 3380 3854 ipse
3413 3785 3672 3855 injuriam

2085 3876 2193 3944 pati
2225 3889 2386 3943 quant
2423 3872 2621 3936 facere,
2671 3885 2728 3928 ct
2756 3874 2979 3928 dilferre
3013 3877 3232 3928 domum
3275 3877 3395 3944 ejus
3453 3882 3544 3948 qui
3575 3880 3673 3934 sibi

2083 3967 2410 4020 crediderat.
2437 3965 2743 4019 Creduntur
2784 3977 2836 4021 et
2888 3969 3095 4036 religati
3140 3968 3191 4021 in
3227 3983 3453 4025 carcere
3496 3971 3546 4026 ei
3576 3971 3664 4041 qui

2085 4068 2202 4110 erat
2231 4060 2280 4112 in
2311 4074 2552 4114 carcere.
2617 4060 2740 4117 Flos
2785 4060 2928 4113 enim
2978 4060 3254 4127 pudicitiae
3303 4063 3671 4117 annuntiabat

2089 4163 2184 4215 per
2207 4149 2438 4202 frontem
2472 4165 2720 4219 puerum.
2756 4147 2823 4202 Et
2860 4149 2911 4201 in
2946 4158 3091 4201 tanta
3134 4150 3470 4204 abundantia
3514 4153 3676 4207 habe-

2091 4241 2181 4293 bat
2202 4239 2478 4305 solatium,
2501 4251 2560 4296 ut
2593 4243 2703 4310 ipse
2743 4251 2888 4294 esset
2909 4242 2998 4309 qui
3039 4240 3423 4296 consolaretur
3455 4246 3678 4298 tristan—

2092 4343 2189 4386 tes.
2223 4333 2463 4387 Habebat
2493 4335 2636 4388 enim
2685 4335 2916 4387 frontem
2961 4335 3216 4404 pudicitia
3260 4338 3677 4403 germinantem.

2094 4423 2338 4491 Suscepit
2362 4434 2414 4477 et
2451 4441 2646 4493 pueros
2673 4427 2994 4490 Pharaonis,
3023 4444 3225 4496 eosque
3259 4429 3445 4483 statim
3485 4444 3682 4484 conso-

404 4521 548 4574 niam
576 4528 629 4572 et
657 4519 1058 4574 accusationem
1082 4501 1282 4572 'falsam
1327 4517 1379 4571 in
1421 4519 1828 4570 adamautinttm
1858 4521 1980 4572 ado-
2015 4498 2060 4552 Ῑ)
2092 4514 2232 4567 latur
2261 4533 2274 4567 :
2304 4518 2427 4584 quia
2475 4527 2595 4571 erat
2640 4530 2920 4588 snseeptor
2975 4531 3028 4572 et
3082 4536 3250 4589 nepos
3308 4521 3572 4585 Abrahae,
3630 4533 3683 4575 et

407 4615 715 4668 lescmttcm.
751 4611 864 4664 Non
895 4622 976 4666 est
1001 4611 1210 4664 locutus
1237 4609 1436 4678 Ioseph
1469 4630 1482 4665 :
1520 4628 1622 4662 non
1674 4611 1798 4664 fecit
1849 4615 1986 4667 satis

408 4706 497 4774 qui
545 4705 1014 4758 calumniabatur:
1049 4721 1153 4757 non
1203 4713 1286 4757 est
1346 4704 1606 4758 confusus
1665 4719 1760 4772 pro
1808 4703 1986 4772 impu-

405 4798 590 4862 denti;
635 4797 820 4848 tualuit
846 4797 980 4850 mori
1022 4797 1406 4860 ealmnniatus,
1437 4813 1596 4864 quam
1644 4797 1718 4849 uti
1764 4799 1988 4850 veritate

410 4891 473 4942 ad
495 4892 742 4943 salutem.
771 4889 934 4942 Putas
961 4901 1013 4942 et
1040 4889 1158 4943 istic
1187 4889 1429 4943 imitator
1467 4899 1624 4943 estet
1651 4888 1819 4942 forma
1849 4891 1986 4959 ejus,

409 4985 497 5050 qui
529 4999 630 5036 non
660 4981 870 5051 aperuit
900 4996 992 5036 eos
1024 4997 1176 5036 smmi
1227 4997 1344 5035 cum
1381 4981 1828 5037 ealnmniaretur.
1881 4980 1985 5034 Sed

412 5075 606 5143 loseph
638 5076 830 5128 iterum
881 5077 946 5126 ad
987 5089 1284 5128 carcerem.
1345 5075 1409 5127 Et
1459 5075 1544 5128 ubi
1569 5085 1650 5128 est
1679 5072 1985 5129 Jnda'orum

414 5169 575 5239 spes?
627 5168 731 5222 Sed
789 5167 856 5221 de
901 5168 1299 5222 resurrectione
1361 5180 1722 5238 proponentes
1770 5169 1984 5229 dicere,

413 5261 738 5318 incurrimus
768 5260 820 5313 in
861 5261 1198 5316 necessarios
1228 5276 1531 5328 sermones,
1566 5261 1659 5332 qui
1684 5267 1798 5330 ςιιοιι
1826 5261 1983 5314 alieni

483 5423 528 5456 "
555 5423 689 5479 Gen.
725 5420 912 5493 xxxiii,
949 5425 1034 5484 14.
1111 5426 1156 5456 ⁸⁸
1191 5426 1322 5479 ibid.

415 5647 451 5706 ά
487 5577 595 5661 (ὅςῆ
631 5578 958 5635 Honestiam.
991 5580 1354 5646 Honestatem,
1396 5591 1451 5636 ιιι
1497 5597 1526 5634 a
1569 5583 1843 5637 modestus
1873 5597 1987 5636 m0-

453 5660 610 5703 estta.

453 5660 610 5703 estta.

487 5718 601 5785 (δι)
637 5718 735 5772 Ms.
777 5721 934 5774 Coior
957 5733 1208 5777 mutatus.

490 5790 606 5862 (55)
640 5788 956 5861 Dtspararit.
996 5793 1336 5859 Dilaceravit,
1370 5791 1604 5848 medium
1639 5792 1844 5849 diliidit.

2089 4609 2305 4676 sapiens
2355 4609 2530 4664 valde.
2581 4610 2860 4681 Ingressus
2903 4613 3067 4682 igitur
3116 4616 3167 4668 in
3211 4629 3318 4666 uno
3351 4615 3566 4668 dierum
3616 4615 3680 4668 ad

2088 4715 2287 4768 put-ros
2310 4699 2630 4769 Pharaonis,
2662 4706 2791 4758 vidit
2817 4707 2996 4760 vultus
3026 4723 3212 4761 eorum
3244 4710 3562 4762 immutatos
3584 4750 3599 4773 ,
3629 4719 3684 4762 et

2092 4795 2356 4849 intellexit
2382 4798 2504 4865 quia
2551 4814 2703 4853 mens
2745 4814 2932 4852 eorum
2974 4810 3092 4854 erat
3136 4802 3348 4854 turbata
3381 4809 3480 4854 :et
3515 4801 3685 4854 inter-

2093 4898 2246 4955 rogat
2277 4904 2521 4954 causam,
2565 4904 2684 4955 «pne
2718 4889 2816 4942 ista
2849 4899 2994 4944 esset
3035 4893 3086 4942 in
3114 4892 3194 4944 eis
3221 4890 3551 4944 immutatio.
3606 4889 3686 4944 llli

2094 4989 2273 5032 autem
2311 4991 2565 5047 promunt
2614 4981 2916 5046 insomnia,
2961 4990 3014 5035 et
3057 4982 3173 5036 bam
3221 4982 3480 5049 duplicia.
3533 4979 3688 5036 Sicut

2094 5072 2237 5124 enim
2265 5083 2318 5125 et
2345 5073 2394 5125 in
2426 5083 2651 5142 paterna
2691 5075 2819 5127 vidit
2850 5076 3010 5127 domo
3037 5115 3048 5132 .
3079 5085 3132 5126 et
3164 5075 3481 5142 procuravit
3515 5073 3681 5138 Deus,

2095 5163 2216 5217 licet
2253 5171 2305 5215 et
2333 5164 2590 5216 contrarii
2624 5164 2724 5218 sibi
2750 5177 2934 5218 essent
2960 5165 3180 5220 somnii.
3210 5163 3429 5218 Primus
3461 5169 3687 5234 exponit

2095 5258 2363 5311 somnium
2411 5256 2501 5326 qui
2537 5259 2747 5312 viderat
2793 5259 3026 5324 bonum,
3071 5269 3128 5313 ut
3177 5249 3493 5315 adhortatio
3531 5260 3686 5317 fieret

1394 5426 1439 5458 "’
1468 5425 1596 5480 ibid.
1624 5419 1712 5476 15-
1766 5424 1812 5456 ”
1839 5422 1974 5478 Gen.
2007 5439 2090 5477 XL:

2169 5577 2280 5648 (36)
2326 5575 2530 5630 Bonum
2591 5591 2704 5645 qua
2757 5573 3174 5648 interiectionem
3257 5568 3533 5648 Videntur.
3570 5570 3682 5624 btet:

2097 5640 2200 5703 dici
2236 5640 2330 5716 p'er
2355 5640 2856 5715 interrogationem.
2889 5642 3107 5716 Bonam
3125 5643 3241 5716 eius
3265 5640 3684 5716 interfectionem

2097 5710 2327 5772 dicemus
2339 5719 2376 5822 ξ
2403 5727 2492 5768 aut
2519 5710 2705 5772 bonum
2719 5715 3066 5786 jactationem
3091 5713 3144 5766 in
3175 5711 3341 5766 facit?
3373 5712 3466 5766 sed
3484 5710 3690 5765 dium

2097 5795 2346 5844 ctiouem.
2383 5796 2488 5842 etc.

2221 5807 2317 5843 rem
2335 5805 2359 5841 .’
2383 5805 2488 5842 εις.
