3822 6218
176 284 326 347 1089

1266 298 1355 353 DE
1392 296 1997 358 RESURRECTIONE.
2036 335 2109 350 --
2146 302 2273 358 LIB.
2314 304 2356 360 1.

3302 312 3438 369 1090

178 406 434 473 secundo,
458 423 531 465 ne
551 416 770 465 taceret.
802 407 859 465 Si
880 408 1025 467 enim
1068 413 1295 469 fuissent
1318 418 1533 487 utrique
1555 420 1749 473 somnii
1782 436 1826 491 Α
1858 421 1910 473 in
1966 436 2200 475 carcere.
2236 422 2352 478 Non
2383 424 2526 479 enim
2577 425 2885 481 intermittit
2930 427 3072 482 Deus
3129 439 3436 487 sanctorum

175 497 327 563 boni,
379 498 519 555 forte
546 502 780 570 suspicio
822 501 1033 571 fuisset,
1089 506 1213 574 quia
1275 516 1502 576 utraque
1549 509 1757 561 donans

167 588 312 646 bene
343 591 728 661 interpretatus
756 604 838 649 est
866 594 1097 664 Joseph,
1146 606 1204 651 ut
1245 614 1339 653 eos
1380 599 1757 654 consolaretur

164 684 372 750 potius,
421 699 583 753 quam
634 700 817 740 veram
870 688 1373 756 interpretatioaem
1422 694 1755 747 somniorum

164 776 400 842 dilueret,
428 788 481 833 et
513 782 792 835 fortuitum
818 791 1103 852 putaretur
1139 789 1442 857 negotium,
1477 798 1531 841 et
1561 791 1752 844 iterum

165 868 267 937 qui
329 872 689 938 perniciosum
741 875 952 929 viderat
1006 879 1271 931 somnium
1332 882 1596 933 secundus
1647 898 1752 936 non

165 958 398 1025 diceret,
446 971 651 1036 etnon
705 966 860 1019 lieret
908 967 1099 1036 duplex
1159 971 1551 1025 testimonium.
1600 972 1753 1028 Nunc

164 1061 351 1105 autem
371 1056 587 1122 exponit
612 1058 816 1123 primus
843 1058 931 1125 qui
955 1059 1150 1112 bonum
1183 1062 1418 1115 habebat
1449 1065 1747 1118 somnium.

160 1138 301 1198 Erat
326 1147 473 1199 enim
514 1161 677 1215 supra
706 1151 920 1202 vineam
939 1152 1101 1220 regis,
1127 1154 1328 1208 etdicit
1358 1171 1372 1207 :
1416 1153 1580 1209 Vitem
1616 1158 1750 1211 vide-

163 1233 309 1298 bant,
338 1237 465 1289 etin
495 1239 594 1290 uite
621 1247 724 1292 tres
755 1241 909 1307 {undi
940 1256 959 1295 :
992 1250 1041 1295 et
1066 1246 1178 1311 ipsa
1211 1248 1511 1314 germinans
1556 1248 1752 1302 attule-

160 1334 251 1378 rat
282 1337 519 1381 maturos
551 1330 810 1386 botrioues
835 1351 953 1388 uva:
976 1351 995 1388 :
1028 1348 1072 1388 et
1100 1337 1241 1391 calix
1273 1338 1482 1393 Pharao
1510 1342 1562 1393 in
1590 1358 1749 1395 manu

157 1432 280 1470 mea
303 1430 324 1470 .'
351 1429 401 1471 et
426 1423 625 1489 sumpsi
653 1439 805 1478 uvam
845 1440 892 1480 et
934 1430 1165 1494 expressi
1212 1447 1325 1485 eam
1360 1433 1415 1485 in
1448 1432 1663 1487 calicem
1694 1438 1749 1489 in

156 1511 404 1566 mnibus
462 1510 673 1569 Pharao
738 1518 808 1574 ".
884 1518 1132 1579 Prudens
1182 1532 1236 1577 et
1309 1527 1746 1593 sapientissimus

156 1600 383 1674 Ioseph,
412 1608 502 1675 qui
537 1626 566 1664 a
588 1608 705 1665 'Deo
734 1613 1080 1679 etlocehatur,
1106 1620 1287 1672 statim
1318 1622 1384 1674 ad
1423 1621 1747 1690 interpreta-

155 1693 363 1749 tionem
381 1698 551 1751 currit
573 1711 627 1753 et
650 1701 807 1756 dicit:
826 1702 950 1757 Tres
973 1705 1128 1774 [undi
1148 1718 1249 1761 tres
1274 1710 1384 1763 dies
1404 1720 1526 1763 sunt
1548 1712 1743 1778 adhuc;

1860 527 2094 573 errores,
2126 513 2352 583 diligens
2386 528 2500 570 eos.
2539 515 2594 568 Si
2628 517 2717 584 qui
2742 529 3081 581 erraverunt,
3104 521 3287 573 statim
3318 537 3437 575 cor—

1859 605 2006 672 rigit,
2035 614 2092 657 ut
2122 621 2225 657 non
2259 616 2474 659 maneat
2505 608 2586 658 eis
2616 608 2665 659 in
2707 608 2932 674 judicio.
2989 607 3131 662 Dixit.
3160 612 3303 664 enim
3336 614 3436 666 ho-

1860 697 1987 749 mitti
2026 713 2040 749 :
2098 694 2299 750 Memor
2353 707 2464 751 esto
2495 699 2615 762 mei,
2656 709 2702 753 et
2746 702 2956 753 educito
3007 718 3085 753 me
3133 704 3198 754 de
3229 714 3437 757 carcere

1857 789 1994 853 isto;
2018 789 2366 843 obliviscetur
2389 802 2438 843 te
2467 792 2647 854 homo,
2687 803 2742 844 ct
2772 793 3124 857 protendatur
3162 794 3253 847 tibi
3281 795 3436 848 bienc

1858 881 2004 933 nium
2041 890 2267 948 tempus.
2300 880 2402 934 Sed
2452 898 2555 935 non
2599 892 2681 936 est
2706 884 2906 937 oblitus
2941 883 3080 937 Deus
3111 904 3124 939 :
3161 887 3253 939 sed
3288 891 3433 940 assi-

1855 973 1947 1026 stit
1976 971 2170 1040 Joseplt
2224 972 2488 1027 Pharaoni
2541 976 2713 1042 primo
2738 984 2789 1027 et
2824 972 3082 1029 secundo.
3134 976 3257 1029 Erat
3283 978 3427 1030 enim

1855 1065 1991 1119 visio
2016 1064 2315 1118 Pharaonis
2344 1066 2392 1096 ⁸⁸
2417 1067 2593 1118 omnis
2621 1067 2686 1118 de
2713 1064 2954 1133 frugibus
2975 1076 3026 1119 et
3056 1070 3285 1120 cultura.
3316 1069 3430 1123 Illic

1854 1157 1995 1210 enim
2023 1159 2186 1211 boves
2225 1156 2434 1210 feminae
2466 1168 2653 1223 erant;
2681 1168 2887 1227 septem
2931 1162 3081 1213 boute
3108 1172 3326 1227 aspectu
3375 1171 3431 1215 et

1853 1248 2037 1302 electa:
2067 1251 2346 1312 carnibus,
2374 1260 2427 1301 et
2454 1251 2613 1303 culmi
2639 1265 2841 1319 septem
2870 1252 3140 1318 spicarum
3173 1270 3185 1305 :
3218 1264 3432 1321 oportet

1851 1340 1994 1393 enim
2035 1340 2285 1409 conjungi
2336 1342 2603 1393 insomnia
2656 1343 2833 1408 spicas
2865 1354 3071 1411 septem
3122 1344 3326 1411 plenas,
3376 1357 3433 1399 et

1851 1441 2055 1497 septem
2102 1442 2311 1486 tenues.
2360 1433 2497 1498 Quia
2549 1434 2692 1486 enim
2740 1433 2914 1487 cultus
2970 1447 3123 1487 terra:
3150 1451 3243 1503 per
3267 1438 3431 1489 boves

1849 1520 2103 1586 eflicitur,
2139 1538 2235 1591 per
2260 1524 2467 1577 Culmus
2502 1534 2681 1577 autem
2716 1527 2899 1591 spicae,
2935 1525 2999 1578 de
3027 1538 3289 1591 proventu
3333 1543 3430 1578 au-

1849 1623 1957 1668 tem
1986 1624 2041 1668 et
2083 1615 2223 1669 fame
2253 1628 2413 1670 erant
2458 1619 2729 1671 insomnia
2765 1618 2939 1687 regis;
2972 1633 3067 1685 per
3096 1619 3430 1673 domesticas

1847 1708 2081 1762 visiones
2113 1709 2306 1762 dantur
2328 1719 2383 1762 et
2412 1710 2768 1776 provisiones.
2809 1712 3025 1777 Septem
3079 1722 3235 1766 erant
3266 1716 3432 1780 spicas

153 1788 419 1852 triduum,
470 1801 522 1845 et
568 1794 624 1847 in
664 1804 834 1850 meum
878 1797 1089 1853 habet,“
1142 1799 1350 1854 ptumo
1400 1803 1608 1856 ίηίιίυηι
1637 1805 1739 1867 mi,
1774 1798 1815 1853 Β
1844 1795 2035 1863 plenae,
2060 1805 2113 1848 et
2129 1806 2333 1864 septem
2369 1812 2545 1850 vacctn
2574 1799 2830 1867 pingues:
2861 1802 3429 1856 succodebantautem

153 1889 207 1934 οι
232 1883 470 1937 restituet
488 1896 537 1939 te
560 1902 716 1954 super
742 1890 942 1943 vineam
970 1892 1021 1945 in
1049 1894 1213 1963 o/ﬁcio
1235 1905 1346 1959 tuo,
1368 1906 1415 1948 et
1443 1896 1595 1948 dabis
1618 1896 1742 1948 cali-

153 1990 266 2027 cem
291 1976 344 2029 in
368 1993 557 2032 manus
582 1979 820 2036 Pharao.
851 1983 1090 2037 Lzrtatus
1109 1996 1192 2041 est
1211 1988 1456 2051 audiens,
1482 1998 1535 2041 et
1556 1990 1738 2042 statim

152 2069 387 2123 mutarit
404 2071 637 2125 colorem
658 2074 723 2125 ³³.
750 2074 1005 2129 llortatus
1017 2087 1196 2131 autem
1221 2090 1272 2132 et
1291 2080 1427 2134 alius
1446 2089 1527 2134 est
1544 2091 1743 2134 semet-

151 2159 331 2227 ipsum
366 2178 381 2213 :
414 2163 645 2217 habebat
674 2175 726 2219 et
764 2167 878 2234 ipse
902 2170 1135 2222 similem
1186 2171 1476 2226 visionem.
1526 2171 1593 2224 Et
1624 2189 1737 2241 ego,

149 2254 353 2323 inquit,
372 2258 479 2309 vidi
500 2260 782 2312 somnium.
806 2260 1067 2314 Putabam
1096 2278 1175 2315 me
1206 2264 1306 2315 tria
1326 2266 1556 2316 canistra
1573 2264 1740 2316 halt'ce

148 2346 269 2418 (37)
300 2348 483 2402 tollere
520 2367 676 2419 super
706 2365 859 2419 caput
892 2371 1062 2407 meum
1096 2355 1165 2407 ³³.
1207 2355 1358 2409 Sicut
1383 2356 1490 2408 illic
1526 2357 1650 2419 tria,
1687 2366 1741 2409 et

148 2437 279 2493 istic
304 2440 430 2492 tria.
458 2440 523 2493 Et
546 2442 600 2495 in
632 2444 861 2496 canistro
896 2446 1151 2512 superiori
1174 2462 1237 2497 ea:
1255 2446 1490 2499 omnibus
1534 2449 1735 2515 generi-

148 2529 248 2581 bus
279 2529 391 2601 (38)
424 2546 488 2584 ea:
518 2534 703 2600 quibus
739 2533 952 2588 Pharao
986 2552 1076 2589 rex
1108 2537 1479 2601 manducabat,
1500 2554 1628 2604 Opus
1656 2539 1737 2603 pi-

147 2631 353 2675 storum
379 2639 397 2675 :
435 2632 553 2678 erat
589 2627 733 2678 enim
774 2642 931 2695 supra
958 2628 1193 2696 pistores
1233 2646 1246 2681 :
1276 2640 1322 2681 et
1359 2629 1595 2683 volatilia
1624 2632 1739 2683 caeli

145 2716 484 2769 consulebant
532 2733 589 2771 ea
638 2719 703 2771 de
752 2722 984 2773 canistro
1018 2723 1157 2789 quod
1206 2735 1319 2773 erat
1372 2738 1533 2790 supra
1584 2732 1738 2791 caput

145 2820 346 2859 meum.
375 2804 571 2874 Etiam,
600 2809 793 2879 inquit,
812 2820 861 2862 et
880 2812 983 2863 tria
1001 2824 1089 2864 tua
1108 2823 1209 2865 tres
1226 2814 1337 2866 dies
1354 2813 1653 2881 signiﬁcant
1667 2816 1735 2869 “.

146 2894 398 2965 Sethuia
425 2915 530 2953 non
558 2902 872 2957 ministrasti
903 2903 955 2956 in
990 2920 1149 2957 tuanu
1176 2906 1338 2973 regis,
1374 2906 1611 2959 volatilia
1644 2924 1738 2960 au-

144 2996 260 3041 tem
288 2993 645 3046 comedebant
676 3010 775 3061 ea;
807 2996 1151 3049 manifestum
1187 3008 1268 3051 est
1291 2999 1415 3066 quia
1444 2999 1616 3054 inciso
1649 3015 1739 3054 ca-

144 3078 265 3147 pite
300 3088 410 3145 tuo,
443 3092 497 3136 et
526 3084 684 3138 allixa
742 3100 908 3139 carne
942 3086 1114 3151 cruci,
1159 3090 1394 3143 volatilia
1447 3092 1739 3144 manduca-

143 3169 286 3226 bunt
318 3186 513 3228 carnes
533 3185 673 3229 tuas.
705 3176 816 3232 lloc
838 3179 981 3232 enim
1009 3182 1584 3235 annuntiatsoutnium
1615 3183 1731 3237 tibi.

143 3261 379 3317 Etcum
428 3268 620 3319 tertius
669 3267 977 3321 advenisset
1002 3269 1136 3334 dies,
1183 3280 1237 3324 et
1269 3270 1412 3340 regis
1449 3272 1737 3325 haberetur

144 3354 368 3419 natalis,
390 3372 596 3412 memor
622 3360 725 3412 fuit
749 3376 1082 3414 summorum
1104 3361 1315 3415 illorqu
1340 3363 1732 3418 ministrorum.

143 3446 217 3501 Et
246 3449 323 3503 illi
361 3450 577 3519 quidem
603 3453 697 3521 qui
724 3466 883 3522 supra
911 3456 1122 3507 vineam
1155 3464 1277 3508 erat
1303 3456 1553 3509 coocedit
1581 3473 1593 3509 :
1640 3471 1734 3509 vo-

144 3546 307 3591 catus
336 3541 479 3593 enim
524 3551 628 3604 est,
674 3552 729 3595 et
762 3544 911 3596 stetit
938 3554 1065 3597 aute
1105 3556 1454 3613 conspectum
1485 3546 1646 3614 regis,
1682 3558 1735 3598 et

144 3630 298 3683 dedit
318 3630 539 3684 calicem
572 3632 623 3684 itt
664 3649 880 3686 manum
908 3632 1028 3702 ejus
1055 3635 1353 3690 secundum
1402 3635 1734 3704 interpreta-

148 3720 353 3773 tionem
379 3719 599 3791 Joseph.
641 3724 919 3793 Praepositi
959 3736 1139 3780 autem
1177 3728 1398 3795 pistoris
1439 3728 1735 3782 admonitio

145 3813 327 3882 magis
367 3813 576 3869 fervere
620 3815 743 3871 fecit
775 3818 1193 3889 indignationem
1236 3822 1402 3889 regis,
1444 3831 1499 3874 et
1528 3821 1733 3875 incide-

143 3905 316 3961 batur
375 3910 570 3976 capite,
626 3920 682 3964 et
727 3911 969 3966 volatilia
1028 3914 1386 3983 perliciebant
1445 3913 1731 3968 visionem.

144 4001 292 4067 Quid
375 4003 491 4057 haec
558 4008 626 4058 ad
692 4004 933 4076 Joseph?
1012 4010 1245 4062 maxime
1316 4008 1536 4078 quidem
1609 4009 1732 4077 quia

144 4092 459 4148 intellectus
517 4107 635 4150 erat
688 4098 739 4150 in
790 4114 853 4153 eo
908 4108 963 4152 et
1022 4101 1280 4155 revelatio
1332 4119 1345 4155 :
1400 4113 1455 4155 et
1507 4100 1628 4171 quia
1682 4109 1735 4154 ct

142 4200 340 4239 eorum
377 4189 466 4255 qui
526 4189 577 4242 in
613 4205 834 4246 carcere
875 4201 1031 4246 erant
1077 4194 1379 4248 consolatio
1412 4194 1731 4257 habebatur,

142 4277 277 4345 quia
298 4287 353 4332 et
377 4279 482 4334 illic
500 4282 765 4335 creditum
796 4292 881 4337 est
902 4282 974 4336 ei.
1007 4282 1220 4339 Dixerat
1254 4293 1433 4339 autem
1466 4286 1573 4338 viui
1604 4301 1735 4354 pra:-

140 4370 362 4439 posito:
397 4370 657 4427 Memento
712 4377 809 4428 mei
850 4392 944 4445 per
998 4378 1322 4445 temetipsum
1368 4394 1486 4430 cum
1520 4379 1724 4444 ceperit

1845 1889 2022 1941 vaccis
2046 1890 2261 1957 quidem
2293 1891 2580 1959 pinguibus
2602 1907 2779 1945 vacca:
2803 1909 3016 1957 macrae,
3055 1896 3218 1962 spicis
3247 1908 3428 1949 autem

1842 1978 1998 2033 bouis
2028 1992 2081 2035 et
2105 1982 2276 2049 plenis
2296 1984 2457 2051 spicae
2486 1996 2697 2037 tenues.
2738 1984 2842 2037 Pro
2879 1997 3083 2054 septem
3118 1989 3286 2057 spicis
3316 1989 3431 2057 ple-

1844 2072 1927 2125 nis
1961 2083 2165 2142 septem
2193 2076 2353 2142 spica:
2379 2086 2586 2133 tenues.
2608 2077 2875 2131 Cutnestte
2902 2087 3027 2131 sunt
3053 2080 3275 2148 pingues
3307 2095 3431 2134 Vac-

1843 2177 1919 2216 ca:
1946 2181 1971 2215 a
2002 2164 2303 2220 macilentis
2327 2169 2525 2233 vaccis,
2552 2178 2607 2221 et
2637 2170 2801 2236 spica:
2831 2186 2859 2222 a
2884 2171 3071 2238 spicis,
3104 2181 3159 2224 et
3191 2171 3242 2224 itt
3283 2172 3430 2225 fame

1844 2255 2143 2310 habebatur
2173 2256 2455 2328 IEgyptus,
2513 2271 2565 2314 et
2605 2262 2656 2314 in
2702 2261 2905 2315 turbela
2942 2262 3173 2315 Pharao.
3229 2262 3289 2315 Et
3318 2261 3427 2315 vini

1842 2350 2159 2417 prtepositus
2206 2352 2510 2405 admonitus
2560 2362 2643 2405 est
2691 2352 2877 2407 dicens
2926 2351 3037 2424 (39)
3075 2372 3090 2408 :
3143 2353 3327 2407 Dicam
3357 2369 3428 2408 an

1843 2440 2095 2492 taceam?
2143 2442 2282 2493 tacui
2336 2450 2484 2493 tanto
2526 2452 2785 2509 tempore.
2836 2443 2941 2497 Sed
2980 2446 3022 2498 si
3066 2460 3169 2498 non
3216 2444 3424 2505 dixero.

1841 2533 2052 2600 perient
2078 2530 2340 2602 Egyptii.
2368 2534 2567 2598 Meum,
2601 2536 2795 2604 inquit,
2818 2550 3084 2599 errorem,
3113 2549 3287 2588 meum
3308 2550 3432 2604 pee-

1841 2632 2020 2677 catum
2050 2627 2392 2680 admoneam.
2447 2626 2611 2681 Putas
2640 2644 2760 2682 cum
2793 2638 3065 2697 repeteret
3093 2637 3147 2682 et
3185 2630 3429 2683 diceret:

1842 2716 1975 2770 Cum
2006 2717 2176 2769 iratus
2204 2732 2355 2771 esses
2391 2720 2581 2785 nobis;
2612 2720 2910 2774 admuttitio
2938 2721 3019 2773 sui
3045 2722 3281 2787 peccati:
3308 2732 3427 2774 erat

1841 2818 2017 2862 autem
2051 2810 2455 2865 taciturnitatis.
2492 2811 2632 2865 Fieri
2668 2811 2811 2864 enim
2849 2820 3023 2881 potest
3056 2813 3180 2882 quia
3199 2824 3432 2883 utraque

1843 2902 2155 2955 admonitus
2177 2912 2279 2969 est,
2312 2914 2367 2956 et
2403 2916 2629 2972 utraque
2652 2905 2808 2957 dixit.
2845 2904 2983 2969 Quid
3013 2906 3087 2958 ait
3116 2906 3181 2958 ad
3208 2906 3432 2973 regem?

1841 2991 2079 3061 Peccati,
2115 2996 2309 3064 inquit,
2345 3012 2545 3049 memor
2596 2997 2677 3065 fui
2710 2998 2864 3050 hodie
2890 3011 2910 3050 :
2942 2996 3155 3050 Pharao
3182 2998 3435 3067 indigna-

1843 3095 1927 3141 lus
1948 3096 2025 3142 est
2046 3092 2220 3157 pueris
2259 3091 2391 3147 suis.
2423 3100 2474 3143 et
2510 3092 2649 3143 misit
2685 3108 2778 3143 nos
2814 3091 2866 3144 in
2897 3107 3193 3155 carcerem;
3236 3093 3289 3144 in
3330 3092 3430 3144 do-

1840 3196 1984 3233 mum
2028 3183 2298 3248 prtepositi
2335 3198 2621 3249 coquorum
2666 3199 2747 3235 me
2780 3190 2829 3234 et
2885 3184 2973 3252 qui
3006 3199 3165 3251 supra
3205 3183 3431 3250 pistores

1838 3281 1972 3324 erat.
2012 3271 2072 3324 Et
2116 3273 2336 3327 uidimus
2385 3277 2646 3327 somnium
2682 3285 2894 3340 uterque
2928 3290 3032 3326 una
3076 3284 3256 3337 nocte;
3310 3291 3428 3343 ego,

1839 3364 2017 3416 itidem
2052 3363 2177 3428 ille;
2210 3366 2563 3434 unusquisque
2579 3367 2840 3418 somnium
2870 3365 3122 3419 vidimus.
3166 3366 3294 3420 Erat
3325 3386 3431 3421 au-

1839 3461 1939 3504 tem
1968 3454 2038 3506 ibi
2070 3454 2337 3505 nobiscum
2366 3454 2669 3507 adolescens
2698 3442 2826 3521 puer
2860 3452 3116 3507 llebrteas
3153 3455 3435 3523 pra'positi

1838 3561 2123 3615 coquorum
2156 3560 2174 3599 :
2203 3557 2250 3596 et
2272 3547 2635 3598 enarrarimus
2663 3545 2763 3608 illi,
2788 3556 2836 3598 et
2864 3548 3225 3613 interpretavit
3251 3550 3424 3602 nobis.

1840 3635 1906 3688 Et
1935 3637 2134 3705 factum
2163 3648 2259 3701 est,
2289 3638 2420 3690 sicut
2441 3638 2817 3703 interpretatus
2850 3638 3020 3705 fuerat
3051 3640 3287 3693 nobissic
3312 3658 3429 3695 θυοδ

1838 3729 1950 3791 nit;
1983 3744 2062 3781 me
2086 3731 2362 3781 restituisti
2396 3728 2452 3781 in
2476 3728 2667 3797 officio,
2698 3729 2848 3781 illum
2886 3739 3062 3782 autem
3082 3734 3423 3799 suspendisti.

1841 3821 1905 3874 Et
1922 3822 2059 3874 misit
2094 3820 2305 3874 Pharao
2338 3820 2716 3883 vocariloseph
2742 3822 2832 3875 ⁵⁸⁸.
2857 3821 3115 3876 Convicta
3148 3826 3291 3878 enim
3311 3826 3429 3894 jam

1840 3914 2013 3967 fuerat
2044 3915 2432 3983 sapietttiorum
2470 3915 2759 3981 sapientia.
2801 3929 2922 3983 qua:
2970 3918 3242 3971 somnium
3281 3922 3428 3988 regis

1840 4004 2182 4071 interpretari
2231 4019 2334 4057 non
2372 4006 2563 4073 potuit.
2604 4004 2671 4058 Et
2697 4005 2999 4059 eduxerunt
3027 4025 3149 4061 eum
3194 4009 3260 4063 de
3294 4027 3423 4063 car-

1838 4110 1984 4159 cere,
2010 4107 2063 4149 et
2100 4099 2450 4151 totonderuut
2480 4112 2628 4161 eum,
2655 4105 2707 4150 et
2742 4107 3096 4153 mutaverunt
3132 4103 3429 4155 vestimen-

1836 4197 1947 4240 tum
1998 4188 2135 4255 ejus.
2184 4189 2378 4242 lterum
2422 4205 2452 4243 e
2495 4190 2614 4244 lacu
2660 4190 2885 4260 Joscph,
2914 4193 3112 4247 iterum
3146 4209 3176 4247 e
3204 4210 3432 4248 carcete

1836 4279 1985 4343 exiit,
2033 4288 2087 4333 et
2145 4281 2294 4332 venit
2320 4280 2385 4333 ad
2429 4278 2663 4334 Pharao.
2717 4283 2861 4335 Dixit
2894 4293 3076 4337 autem
3112 4283 3328 4338 Pharao
3356 4289 3429 4338 ad

1835 4367 2035 4437 Joseph
2066 4387 2080 4423 :
2112 4368 2393 4424 Somnium
2454 4373 2583 4437 vidi,
2642 4385 2689 4425 et
2737 4378 2826 4443 qui
2878 4376 3246 4441 interpretetur
3288 4379 3426 4429 illud

140 4465 244 4517 sibi
275 4480 386 4518 esse
434 4468 577 4533 bene,
619 4478 666 4521 et
688 4470 848 4536 facies
878 4471 933 4523 in
980 4487 1062 4523 me
1089 4471 1496 4529 miserationem.
1532 4482 1579 4524 et
1622 4488 1728 4525 me-

1849 4477 1941 4513 non
1975 4471 2051 4514 est
2078 4462 2145 4514 ⁵⁷.
2172 4460 2427 4516 Convicta
2458 4464 2729 4531 euimjam
2769 4468 2945 4519 fuerat
2974 4466 3276 4537 Egyptus:
3304 4483 3431 4522 con-

140 4557 379 4609 atus-ubis
403 4558 469 4610 de
493 4575 573 4611 me
623 4558 893 4613 Pharaoni
926 4576 945 4612 :
979 4572 1027 4616 et
1067 4565 1253 4616 educes
1286 4578 1367 4615 me
1394 4563 1459 4615 de
1485 4564 1589 4616 isto
1613 4580 1727 4616 car-

140 4661 266 4701 cere
300 4659 321 4700 :
360 4653 609 4717 quoniam
637 4648 779 4718 furto
810 4649 1047 4704 sublatus
1074 4668 1189 4704 sum
1216 4654 1280 4704 de
1311 4662 1453 4704 terra
1480 4651 1732 4704 llebra'o-

143 4752 290 4802 russi,
319 4752 365 4792 et
384 4740 470 4793 hic
491 4741 620 4794 nihil
646 4741 772 4794 mali
790 4741 910 4811 feci,
941 4743 1030 4795 sed
1062 4743 1317 4797 miserunt
1337 4758 1418 4796 me
1446 4744 1496 4795 in
1517 4743 1729 4795 domum

143 4829 253 4881 laci
275 4830 432 4898 hujus
475 4832 543 4884 ⁸⁸.
573 4831 708 4898 Quia
737 4835 880 4887 enim
908 4834 1007 4889 hoc
1050 4834 1221 4903 ipsutn
1257 4835 1487 4889 credidit
1516 4835 1570 4888 in
1629 4837 1726 4887 ho-

143 4918 318 4983 mine,
346 4921 588 4975 additum
639 4934 722 4977 est
748 4924 797 4978 ei
829 4925 1130 4979 biennium.
1184 4924 1516 4980 Emendatus
1546 4936 1729 4979 autem

142 5023 231 5067 est
263 5014 333 5067 ob
359 5014 519 5068 istum
548 5029 851 5071 sermonem
875 5033 969 5087 per
985 5018 1259 5074 biennium
1284 5018 1483 5087 Ioseph
1508 5028 1567 5070 ut
1587 5027 1734 5072 esset

216 5107 263 5139 ”
291 5106 424 5164 Gen.
457 5127 543 5177 ιι,
563 5111 713 5165 9-11.
790 5112 835 5144 ⁸³
855 5113 983 5167 ibid.
1002 5113 1089 5180 12,
1110 5114 1197 5169 15.
1272 5115 1319 5147 ⁸³
1345 5114 1472 5169 ibid.
1493 5113 1579 5169 16.

139 5180 190 5211 ’ν
235 5180 363 5233 ibid.
403 5182 484 5236 15.
561 5182 609 5214 ”
641 5182 771 5237 ibid.
806 5182 893 5236 16.

169 5337 179 5343 ,
217 5278 330 5350 (57)
389 5278 513 5332 Tria
551 5281 784 5333 canistra
833 5280 1019 5333 halice.
1072 5280 1267 5335 llalicze
1310 5295 1405 5333 seu
1450 5281 1642 5334 alicae:
1677 5279 1729 5331 in

142 5348 206 5406 S.
227 5348 527 5422 :Srriptura
560 5352 746 5405 Grarca
780 5350 909 5422 τρία
935 5350 1411 5422 κανὰᾼχονδριτῶν.

216 5419 331 5492 (38)
373 5424 450 5473 Ιιί
477 5422 713 5473 omnibus
743 5419 1036 5489 generibus.
1079 5419 1134 5473 lit
1165 5419 1375 5489 vulgatu
1410 5424 1730 5490 interpreta-

143 5490 315 5551 tione,
340 5507 512 5544 omnes
543 5495 685 5543 cibos
712 5493 800 5560 qui
824 5493 955 5559 ﬁunt
989 5505 1101 5544 arte
1126 5493 1367 5559 pistoria.

216 5561 330 5631 (59)
366 5562 675 5613 Admonitus
722 5572 795 5613 est
841 5563 1036 5615 dicens.
1075 5561 1273 5615 Locum
1313 5567 1451 5615 hunc
1483 5561 1728 5615 videmur

141 5633 225 5687 sic
262 5632 553 5699 explanare
584 5646 740 5698 posse
782 5648 846 5685 ex
909 5632 1231 5701 Scriptura:
1265 5634 1593 5687 Iiccut‘tlalus
1645 5643 1728 5685 est

140 5702 359 5769 Josephi
411 5706 616 5765 dicens,
668 5702 849 5773 Dicam
888 5706 996 5773 regi
1035 5721 1101 5755 an
1153 5703 1376 5755 tacebo?
1427 5713 1575 5773 tanto
1609 5703 1721 5770 jam

149 5786 390 5842 tempore
415 5773 554 5827 tacui
597 5790 609 5827 :
647 5772 741 5827 sed
760 5775 802 5826 si
841 5772 1184 5839 uoudixero,
1213 5772 1675 5843 perietttIEgyptii
1707 5790 1718 5825 :

1656 5112 1702 5143 "
1720 5111 1851 5166 ibid.
1869 5112 2055 5167 16-18.

1839 4555 1976 4607 victa
2015 4564 2068 4608 et
2114 4557 2378 4624 sapientia
2423 4573 2542 4625 qua:
2576 4557 2930 4627 pollicebatur
2966 4561 3154 4613 multa.
3184 4559 3293 4630 Ego
3324 4577 3427 4613 au-

1839 4654 1945 4701 tem
1987 4646 2166 4699 audivi
2197 4648 2263 4700 de
2309 4656 2360 4700 te
2396 4649 2662 4713 dicentes,
2718 4648 2905 4703 audire
2933 4658 2985 4703 te
3016 4652 3224 4704 somnia
3261 4662 3312 4704 et
3346 4652 3425 4702 in-

1835 4739 2120 4805 terpretari
2154 4753 2238 4794 ea.
2300 4738 2575 4794 Conflrma
2623 4755 2757 4809 ergo
2813 4742 2969 4795 nobis
3010 4742 3205 4794 famam
3251 4752 3419 4797 tuam.

1836 4825 2145 4899 Religiosus
2184 4841 2364 4885 autem
2412 4829 2614 4900 Joseph
2655 4833 2935 4900 respondit
2974 4835 3040 4887 ad
3090 4850 3310 4904 regem,
3370 4847 3425 4888 et

1835 4921 1971 4974 dixit
2011 4939 2025 4975 :
2056 4920 2183 4975 Sine
2206 4921 2313 4975 Deo
2341 4939 2443 4976 non
2478 4921 2878 4990 respondebitur
2907 4924 3145 4978 salutare
3183 4923 3426 4979 Pharao.

1836 5015 1936 5069 Dei
1963 5017 2100 5069 enim
2122 5025 2221 5081 est,
2252 5018 2447 5086 inquit,
2481 5019 2841 5087 interpretatio
2874 5018 2943 5072 ".
2982 5019 3091 5087 Ego
3134 5018 3266 5072 nihil
3299 5034 3427 5104 pos-

2131 5112 2177 5144 η
2209 5111 2337 5167 ibid.
2366 5100 2553 5169 tt-t5'.
2630 5111 2677 5144 ιι
2699 5112 2836 5167 ϐυη.
2855 5128 2965 5168 ιιι.
3041 5100 3423 5167 “'ibid.9-14.

1836 5278 2010 5344 potius
2051 5277 2226 5344 itaque
2257 5292 2463 5337 meum,
2511 5275 2704 5345 inquit,
2736 5293 3000 5342 errorem,
3032 5294 3207 5333 meum
3232 5292 3422 5347 perca-

1841 5358 1949 5399 tunt
1979 5350 2327 5400 coulitebor:
2389 5361 2580 5411 nempe
2629 5367 2749 5400 cunt
2793 5349 3061 5402 Pltaraoni
3113 5359 3423 5404 renarraret

1838 5433 1902 5468 ac
1942 5420 2169 5481 diceret,
2218 5420 2350 5471 Cum
2382 5419 2552 5469 iratus
2584 5435 2734 5472 esses
2785 5422 2961 5481 nobis,
3004 5420 3270 5472 confessio
3299 5429 3425 5475 erat

1836 5488 1916 5539 sui
1944 5501 2147 5555 peceatt
2184 5504 2287 5557 quo
2317 5490 2447 5553 regis
2497 5490 2626 5539 iram
2674 5499 3062 5555 prorocuverat,
3106 5501 3217 5541 tum
3254 5493 3423 5544 etiam

1837 5560 2245 5619 taciturnitatis,
2278 5564 2419 5627 quod
2456 5561 2660 5625 accepti
2701 5577 2727 5609 :t
2762 5558 2997 5627 Josepho
3039 5562 3283 5614 benellcii
3318 5564 3426 5613 im-

1836 5644 2043 5701 memor
2096 5631 2295 5681 tamdiu
2342 5628 2622 5682 siluisset:
2662 5630 2773 5682 lieri
2807 5636 2948 5684 enim
2981 5640 3157 5698 potest
3198 5640 3254 5683 ttt
3301 5634 3425 5701 ejus

1833 5700 2015 5751 animo
2065 5701 2292 5754 subierit
2344 5710 2666 5765 utrumque,
2717 5711 2771 5753 ct
2828 5714 3121 5768 utrumque
3164 5704 3236 5755 sit
3288 5719 3423 5757 eon-

1832 5771 2028 5822 lessus.
