3822 6218
395 293 536 355 1091
1033 289 1122 347 ΕΙ]
1132 290 1304 347 SEBII
1340 286 1826 348 CASSARIENSIS
1856 289 1904 347 0‘

2157 289 2232 343 as
2270 288 2364 343 tv.
2405 316 2477 329 --
2515 286 2935 344 DOGMATICA.
3515 281 3666 347 toea

395 422 518 463 sum
574 413 637 460 ut
664 402 891 475 possim.
939 401 1176 474 Exponit
1220 412 1401 458 autem
1454 403 1652 475 duplex
1704 403 1973 459 somnium
2002 416 2051 472 Α
2079 411 2128 455 et
2158 401 2238 454 ori
2276 410 2365 453 tuo
2395 400 2596 454 obediet
2646 398 2869 469 populus
2919 398 3085 453 omnis
3131 408 3324 469 praeter
3369 400 3665 456 thronum!

396 497 628 563 Pharao,
660 497 804 566 quod
833 502 951 549 erat
979 494 1031 549 in
1062 510 1165 549 una
1194 495 1415 550 virtute;
1435 494 1547 551 Cur
1574 506 1755 551 autem
1780 510 1973 561 secun-
2074 508 2167 562 ego
2192 500 2241 545 te
2263 507 2484 560 prteero.
2515 490 2661 544 Dixit
2693 489 2906 544 Pharao
2938 490 3007 544 ad
3026 489 3224 559 Ioseph
3254 505 3273 544 :
3308 491 3444 546 Ecce
3469 496 3668 547 consti-

398 593 525 644 dum
550 587 819 643 somnium
848 584 1029 639 videt?
1070 593 1130 639 ut
1160 587 1341 641 discas
1367 587 1495 656 quia
1535 597 1692 657 urget
1726 588 1865 642 Deus
1916 594 1976 641 ut
2075 593 2164 636 tuo
2188 591 2233 636 le
2278 583 2425 636 hodie
2448 598 2604 650 super
2625 598 2829 635 omnem
2861 591 3056 636 terram
3093 582 3335 654 .Egypti,
3360 585 3551 651 facito,
3576 586 3670 638 iu-

396 687 587 750 parcat
615 675 948 732 hominibus.
978 672 1267 738 Putabam,
1296 674 1491 744 inquit,
1520 690 1603 728 me
1629 685 1769 728 stare
1817 674 1976 742 juxta
2075 673 2209 742 quit,
2237 683 2382 726 tuum
2404 672 2702 728 consilium.
2734 670 2865 737 Quis
2893 681 2943 727 te
2971 674 3307 742 sapientior!
3326 675 3445 744 quis
3473 684 3525 728 te
3543 691 3669 730 sets—

397 786 546 826 oram
561 769 818 840 ﬂuminis,
839 775 889 821 et
910 767 1062 837 quasi
1086 766 1151 820 de
1178 767 1396 836 ﬂumine
1422 765 1769 820 ascendebant
1787 774 1978 833 septem
2077 766 2244 819 satior
2274 772 2324 817 et
2348 762 2598 832 ﬁdelior?
2626 774 2675 819 te
2709 764 2846 818 enim
2875 763 3079 818 volebat
3112 764 3256 819 Deus
3284 776 3341 819 ut
3374 780 3542 836 supra
3574 769 3670 820 dos

398 877 571 919 vacca
600 860 776 915 electae
804 858 1074 920 carnibus.
1108 858 1258 911 bona:
1289 867 1523 928 aspectu,
1559 866 1607 911 et
1632 856 1981 921 pascebantur
2078 871 2221 908 mum
2254 872 2391 909 esses
2436 869 2627 920 meant,
2672 872 2830 923 super
2869 871 3071 910 omnem
3102 856 3301 911 scilicet
3342 856 3667 928 Egypt“.

399 953 471 1010 ad
513 954 704 1022 ripam.
750 951 819 1006 Et
858 967 972 1005 ecce
1018 949 1142 1003 alite
1185 962 1375 1018 septem
1414 963 1584 1002 vacca:
1633 945 1978 1000 ascendebant
2081 945 2329 1017 Per/icito
2358 957 2506 999 tuum
2534 946 2834 1010 consilium,
2878 963 3139 1017 conregna
3171 949 3325 1003 mihi.
3360 949 3479 1003 Tibi
3523 951 3668 1004 enim

400 1056 514 1116 post
553 1044 676 1100 illas
726 1042 793 1098 de
824 1042 1063 1111 ﬂumine,
1101 1040 1339 1107 pessima:
1380 1050 1429 1092 et
1461 1046 1636 1106 turpes
1660 1048 1894 1105 aspectu,
1927 1045 1978 1090 et
2080 1039 2214 1093 dans
2248 1037 2538 1110 Egyptum
2566 1040 2621 1092 in
2643 1049 2920 1109 potestate,
2944 1041 3142 1095 habebo
3184 1049 3235 1096 te
3260 1059 3468 1097 mecum
3495 1044 3551 1096 in
3585 1059 3671 1097 re-

401 1154 596 1192 macrte
642 1137 909 1201 carnibus,
944 1136 1074 1190 tales
1106 1135 1289 1207 quales
1316 1146 1584 1202 nunquam
1634 1130 1742 1184 vidi
1779 1130 1834 1182 in
1873 1136 1981 1181 tota
2083 1146 2196 1199 gem
2231 1130 2299 1185 ".
2332 1129 2451 1183 Iam
2468 1129 2790 1196 consolatio,
2824 1129 2937 1201 jam
2964 1129 3174 1187 fructus
3204 1132 3478 1201 pudicitia:
3505 1140 3671 1188 erant

401 1228 635 1299 Egypto
657 1230 939 1299 turpiores.
977 1228 1043 1282 Et
1075 1230 1450 1281 devoraverunt
1475 1222 1581 1277 illte
1595 1232 1787 1289 septem
1813 1233 1982 1274 vacca:
2081 1219 2302 1291 Ioseph.
2324 1221 2431 1276 Sed
2458 1236 2558 1275 nec
2580 1222 2633 1276 in
2662 1221 2749 1277 his
2774 1220 2953 1278 factus
2973 1225 3153 1295 arguit
3172 1224 3453 1279 mulierem
3484 1225 3669 1295 impu-

403 1337 595 1376 mucra:
623 1333 673 1375 et
706 1331 880 1389 turpes
915 1330 1104 1387 septem
1125 1335 1307 1372 vaccas
1334 1318 1493 1370 bonas
1517 1325 1565 1368 et
1597 1312 1804 1378 electas,
1837 1320 1885 1364 et
1908 1311 1985 1364 in-
2074 1314 2443 1375 'dentem,non
2462 1313 2636 1368 reddit
2654 1314 2825 1368 vicem
2850 1333 2863 1369 :
2888 1324 3068 1370 tamen
3098 1315 3202 1371 fuit
3222 1316 3274 1370 in
3293 1315 3670 1382 tribulatione,

404 1418 673 1465 traverunt
715 1414 771 1464 in
812 1419 1010 1465 ventres
1049 1424 1265 1472 earum;
1298 1416 1347 1460 et
1377 1421 1481 1459 non
1506 1413 1793 1474 paruerunt
1842 1400 1983 1472 quod
2084 1416 2141 1461 et
2170 1407 2223 1460 in
2254 1405 2345 1460 tali
2379 1406 2626 1478 angustia
2658 1414 2805 1459 tanta
2830 1404 3051 1476 Ioseph.
3084 1406 3251 1462 Iacob
3280 1416 3461 1462 autem
3487 1408 3542 1461 in
3568 1406 3672 1461 tri-

403 1504 703 1559 introissent
750 1504 809 1556 in
857 1512 1057 1557 ventres
1102 1515 1307 1562 earum,
1337 1508 1511 1567 turpes
1536 1498 1671 1550 sicut
1716 1503 1866 1549 erant
1916 1491 1982 1545 ab
2087 1498 2362 1554 bulatione
2413 1507 2551 1564 erat,
2607 1504 2661 1551 et
2706 1495 2817 1564 jam
2858 1513 2982 1552 cum
3030 1498 3142 1569 (41)
3176 1499 3434 1553 remissus
3469 1498 3673 1554 fuisset

404 1596 581 1649 initio.
613 1594 847 1664 Surgens
869 1605 1042 1648 autem
1073 1609 1258 1647 rursus
1304 1592 1553 1654 dormivi,
1577 1599 1629 1645 et
1653 1591 1758 1645 vidi
1787 1590 1985 1642 iterum
2084 1586 2286 1660 Ioseph
2319 1606 2348 1644 a
2382 1604 2620 1645 carcere.
2644 1590 2783 1659 Quid
2817 1605 2970 1661 ergo,
3006 1591 3190 1645 dicent
3211 1588 3406 1654 Iudtei,
3432 1591 3527 1645 ulti
3577 1602 3670 1645 est

406 1686 463 1740 in
492 1686 686 1740 somnis
722 1695 807 1739 :et
838 1686 987 1755 quasi
1009 1694 1200 1751 septem
1226 1686 1383 1753 spicte
1415 1682 1764 1736 ascendebant
1786 1682 1840 1733 in
1867 1681 1988 1749 [un-
2090 1682 2299 1738 fructus
2339 1683 2754 1752 promissionis?
2793 1682 2848 1737 Si
2898 1683 3042 1737 enim
3080 1683 3183 1737 ista
3237 1692 3324 1738 est
3359 1684 3498 1749 vita,
3534 1682 3672 1752 quid

407 1781 476 1835 do
506 1797 610 1835 uno
632 1779 797 1848 plena:
815 1789 861 1832 et
889 1779 1055 1832 bontv.
1077 1776 1211 1831 Alite
1226 1788 1401 1831 autem
1425 1785 1619 1843 septem
1635 1774 1794 1840 spica:
1809 1785 1987 1826 tenues
2018 1770 2062 1826 Β
2093 1774 2195 1829 hoc
2222 1774 2287 1828 ad
2312 1773 2505 1841 Iacob,
2551 1775 2643 1845 qui
2676 1774 2862 1829 decem
2897 1785 2951 1830 et
2979 1782 3183 1844 septem
3216 1774 3374 1830 annis
3414 1775 3558 1830 luxit
3580 1774 3677 1831 Io-

405 1880 455 1926 et
479 1888 511 1924 u
539 1881 688 1925 vento
719 1880 978 1936 corruptte
999 1868 1293 1921 crescebant
1320 1865 1477 1935 juxta
1505 1880 1592 1918 eas
1622 1872 1670 1916 et
1701 1862 1985 1931 glutierunt
2090 1866 2259 1935 sepb?
2284 1876 2378 1920 aut
2404 1866 2469 1920 ad
2502 1866 2677 1935 ipsum
2711 1864 2940 1937 Ioseph,
2982 1867 3076 1937 qui
3109 1869 3202 1921 vix
3250 1866 3513 1922 liberatus
3550 1866 3676 1922 est?

404 1974 593 2033 septem
627 1963 782 2030 spica:
811 1970 987 2014 tenues
1011 1970 1060 2014 et
1086 1977 1119 2013 a
1145 1968 1294 2014 vento
1325 1966 1608 2025 corruptas,
1658 1963 1851 2022 septem
1878 1953 1978 2021 αρε·
2093 1963 2199 2019 sed
2240 1979 2419 2018 sermo
2462 1964 2680 2033 quidem
2726 1964 3001 2033 impletur,
3033 1965 3306 2034 negotium
3337 1973 3521 2018 autem
3550 1977 3675 2018 ser-

404 2073 494 2111 cas
519 2056 697 2125 plenas
723 2066 768 2109 et
791 2056 971 2108 bonas.
1000 2053 1124 2106 Dixi
1144 2068 1267 2120 ergo
1287 2046 1795 2117 interpretatoribus,
1822 2052 1869 2097 et
1887 2060 1913 2095 n

2164 2063 2284 2109 tur:
2335 2055 2543 2110 licitum
2591 2056 2735 2110 enim
2769 2065 2854 2109 est
2889 2054 3046 2110 nobis
3074 2064 3129 2111 et
3154 2057 3407 2125 sequenti
3463 2054 3673 2125 perfrui

406 2147 509 2218 fuit
538 2148 627 2217 qui
652 2146 925 2199 dissereret
963 2144 1113 2197 mihi-
1144 2141 1212 2195 Ei
1246 2141 1379 2194 dixi!
1419 2137 1613 2205 10"?"
1637 2136 1703 2189 σά
1728 2133 1944 2189 Phari“
1968 2149 1989 2189 ἔ
2091 2148 2198 2203 die.
2231 2147 2601 2202 Meusurentus
2631 2157 2810 2202 autem
2850 2157 3077 2218 tempus.
3118 2146 3282 2201 Decet
3309 2148 3456 2202 enim
3503 2145 3679 2215 gratis

406 2236 684 2292 Somnium
720 2233 927 2289 Pharao
952 2251 1115 2289 unum
1138 2242 1236 2287 est.
1271 2231 1609 2299 Quazcunque
1647 2227 1785 2281 Deus
1808 2230 1989 2295 faetet,
2091 2240 2229 2295 dona
2258 2239 2374 2306 Dei,
2400 2249 2454 2293 υι
2480 2237 2729 2307 ieiune,“
2762 2240 2816 2293 ίη
2865 2250 3129 2308 tempore,
3172 2249 3227 2293 ει
3278 2238 3569 2308 epulamur
3623 2238 3677 2292 in

406 2329 638 2386 ostendit
691 2326 928 2380 Pharao.
975 2324 1185 2394 Septem
1216 2338 1385 2378 vaccte
1440 2322 1590 2374 bona:
1642 2328 1833 2387 septem
1861 2333 1915 2372 at

2172 2345 2354 2401 npore.
2395 2329 2625 2385 Tantum
2652 2339 2825 2386 estote
2862 2345 3130 2386 memores
3182 2331 3268 2385 ubi
3309 2331 3528 2385 ﬁnimus
3560 2346 3681 2385 ser-

404 2426 547 2472 sunt.
590 2417 864 2473 Somnium
896 2416 1112 2469 Phania
1141 2431 1302 2468 unum
1335 2422 1410 2467 εει
1444 2427 1462 2464 -'
1504 2420 1554 2465 ει
1592 2421 1780 2478 “imm
1818 2424 1992 2463 υαεσιτ
2093 2436 2344 2477 monem:
2384 2422 2603 2476 utsicut
2636 2421 2689 2475 hi
2721 2421 2815 2490 qui
2844 2421 3096 2477 alacriter
3126 2421 3475 2485 manducent,
3516 2433 3575 2477 et
3612 2422 3682 2477 ob

406 2524 601 2563 macra:
642 2525 759 2578 quae
788 2506 1131 2561 ascendebant
1160 2516 1274 2575 ροει
1303 2520 1414 2569 808,
1454 2511 1653 2571 septem
1692 2499 1821 2552 anni
1846 2508 1991 2552 sunt.
2093 2514 2381 2584 quamdam
2446 2514 2785 2569 occasionem
2836 2526 3191 2585 exsurgentes
3252 2531 3283 2569 a
3343 2530 3531 2569 mensa
3597 2516 3679 2569 ni-

408 2598 478 2653 Et
508 2609 702 2669 septem
735 2600 892 2669 spica:
925 2607 1103 2652 tenues
1137 2607 1183 2651 et
1221 2613 1253 2649 a
1284 2605 1430 2649 vento
1468 2602 1750 2664 corruptae,
1798 2602 1917 2660 septt

2170 2618 2211 2659 tt
2240 2606 2352 2677 (42)
2402 2607 2504 2662 sibi
2552 2608 2797 2677 apposita
2829 2624 2842 2661 :
2874 2609 2946 2661 ita
2990 2618 3046 2663 et
3082 2623 3177 2663 vos
3211 2607 3464 2677 reliquias
3504 2608 3618 2662 alio
3648 2622 3679 2661 a

407 2692 537 2745 anni
573 2700 717 2746 sunt.
757 2690 824 2744 Et
856 2692 949 2745 erit
972 2699 1163 2759 septem
1202 2689 1355 2742 annis
1393 2688 1591 2757 fames:
1618 2701 1794 2740 verum
1818 2692 1916 2737 aut

2169 2700 2250 2754 bis
2276 2701 2552 2768 exposcite
2583 2698 2693 2762 die,
2724 2714 2792 2754 ne
2819 2700 2944 2768 quid
2973 2711 3027 2753 et
3057 2700 3443 2754 intermisimus
3484 2718 3500 2753 :
3568 2716 3678 2755 non

409 2783 552 2854 quod
588 2783 724 2835 dixit
761 2780 971 2835 Pharao
1004 2796 1022 2835 :
1057 2794 1382 2850 qua'cunque
1404 2778 1542 2832 Deus
1567 2778 1746 2847 faciet,
1770 2784 1914 2830 osten

2172 2792 2237 2845 im
2267 2792 2425 2848 decet
2449 2808 2546 2848 nos
2574 2792 2853 2847 venientes
2891 2792 2958 2847 ad
2989 2791 3409 2847 consolationem
3461 2792 3681 2857 mortis,

409 2875 706 2931 Pharaoni.
740 2872 877 2927 Ecce
935 2881 1131 2942 septem
1168 2872 1295 2925 anni
1350 2871 1556 2925 veniunt
1589 2868 1847 2922 ubertatis
1875 2882 1918 2921 nt

2173 2884 2404 2952 lnquere
2430 2880 2597 2937 Iacob
2626 2883 2678 2936 in
2720 2882 2867 2937 luctu
2898 2885 2964 2938 de
2995 2882 3139 2935 fama
3172 2883 3363 2937 mortis
3396 2881 3514 2935 lilii.
3571 2883 3682 2936 Sed

410 2982 530 3037 gnte
588 2968 643 3020 in
681 2966 823 3019 omni
864 2976 1006 3019 terra
1046 2964 1288 3033 Egypti.
1321 2962 1452 3017 Post
1483 2971 1658 3016 autem
1682 2961 1882 3015 venient
1911 2978 1919 3012 ε

2174 2974 2321 3029 Lionis
2358 2983 2441 3029 est
2495 2985 2550 3029 et
2581 2974 2828 3043 sequenti
2875 2972 3239 3042 nosjungere,
3263 2984 3315 3028 et
3343 2974 3575 3028 miscere
3625 2974 3683 3027 in

408 3070 549 3131 ptem
584 3060 709 3114 anni
739 3059 896 3128 famis
928 3075 947 3113 :
991 3069 1170 3128 postea
1193 3057 1563 3111 obliviscentur
1604 3056 1891 3108 ubertatem

2173 3067 2430 3122 ueritatem
2464 3067 2760 3136 lugentium
2783 3066 2894 3137 jam
2933 3080 3052 3121 esse
3087 3066 3531 3122 consolationem.
3561 3065 3682 3120 Non

411 3129 654 3207 universa
691 3151 945 3221 Egypto,
976 3160 1024 3204 et
1062 3161 1325 3204 consumet
1351 3150 1515 3218 fames
1545 3163 1746 3200 omnem
1773 3156 1920 3199 terra:

2179 3174 2318 3213 ssem
2350 3173 2445 3213 vos
2496 3129 2687 3228 passus
2735 3129 2809 3212 ita
2864 3157 3162 3222 dimittere,
3210 3159 3386 3212 adhuc
3418 3156 3688 3213 sollicitus

413 3241 597 3313 Neque
624 3252 936 3312 agnoscetur
954 3242 1165 3295 ubertas
1194 3255 1348 3307 super
1368 3249 1561 3293 terram
1578 3253 1689 3307 pra:
1708 3237 1848 3305 fame
1873 3252 1922 3307 qt

2176 3260 2319 3321 apter
2350 3250 2517 3305 Iacob
2544 3250 2831 3320 lugentem.
2864 3249 3000 3316 Quia
3042 3250 3205 3321 igitur
3240 3249 3529 3319 incipimus
3559 3266 3685 3321 per-

412 3334 595 3405 futura
621 3344 696 3387 est
733 3346 844 3401 post
864 3334 997 3387 haec.
1037 3331 1319 3387 Vehemens
1340 3332 1479 3385 enim
1507 3330 1604 3384 erit
1630 3328 1801 3383 valde.
1837 3326 1919 3394 Qu

2178 3348 2347 3395 ttente
2382 3338 2492 3394 Deo
2530 3350 2586 3393 et
2611 3338 2955 3409 probationes
2981 3340 3048 3393 de
3093 3339 3495 3393 resurrectione
3549 3355 3684 3395 cou-

413 3436 592 3491 autem
625 3427 831 3482 iteravit
870 3427 1130 3480 somnium
1158 3423 1377 3493 Pharao
1407 3424 1513 3489 bis;
1542 3424 1666 3494 quia
1694 3438 1868 3477 verum
1890 3422 1992 3476 erit
2094 3427 2340 3499 iungere,
2369 3427 2480 3498 jam
2511 3429 2667 3484 [idem
2687 3429 3041 3499 praecedentis
3062 3431 3327 3485 sermonis
3347 3431 3689 3487 conﬁdentes

412 3521 627 3575 verbum
663 3521 800 3589 quod
832 3534 907 3573 est
955 3535 989 3571 a
1022 3517 1155 3582 Deo,
1197 3527 1245 3571 et
1274 3525 1517 3587 properat
1569 3514 1713 3569 Deus
1745 3523 1803 3568 ut
1829 3513 1992 3584 faciat
2099 3521 2399 3590 epuleutur,
2428 3536 2535 3576 non
2579 3537 2700 3575 cum
2760 3528 3023 3577 mortuis:
3066 3536 3255 3577 omnes
3288 3523 3429 3577 enim
3471 3523 3687 3581 vivunt.

412 3614 532 3670 hoc.
574 3612 733 3667 Nunc
765 3628 887 3683 ergo
913 3610 1123 3681 provide
1163 3610 1424 3663 hominem
1452 3619 1744 3671 tentatum.
1772 3617 1819 3661 et
1858 3621 1995 3676 prw-
2099 3611 2218 3667 Non
2256 3613 2401 3667 enim
2448 3612 2695 3667 venimus
2723 3611 2790 3667 ad
2842 3622 3214 3679 monumenta,
3266 3615 3358 3669 sed
3403 3616 3470 3669 ad
3501 3614 3692 3670 locum

413 3721 547 3775 pone
593 3721 713 3759 eum
759 3719 915 3772 super
961 3700 1281 3772 Egyptum,
1336 3711 1384 3755 et
1442 3700 1603 3769 faciat
1642 3698 1878 3763 Pharao,

2177 3705 2618 3770 mmendationis;
2651 3721 2757 3761 non
2786 3708 3041 3761 venimus
3064 3705 3131 3759 ad
3183 3716 3450 3779 mortuos,
3482 3708 3580 3760 sed
3619 3709 3686 3760 ad

413 3805 684 3864 praponat
704 3796 940 3848 locorum
952 3793 1216 3861 principes
1235 3808 1394 3863 super
1421 3803 1640 3855 terram,
1662 3790 1752 3861 qui
1782 3790 1922 3859 quint

2183 3807 2389 3853 tentes:
2442 3808 2849 3853 commonentes
2895 3799 3251 3869 nosmetipsos
3300 3812 3393 3867 per
3433 3814 3497 3853 ea
3567 3815 3692 3868 quas

414 3887 591 3956 exigat
628 3885 743 3956 (40)
794 3885 960 3939 omnis
993 3884 1198 3953 [ructus
1225 3895 1380 3939 terra:
1405 3882 1627 3954 zEgypti
1660 3894 1853 3952 septem
1892 3897 1995 3935 αη-
2101 3889 2330 3945 facimus
2358 3903 2506 3961 spem
2528 3889 2693 3959 ipsius
2712 3890 3142 3945 resurrectionis.
3166 3889 3689 3956 Lsticonvenimus,

418 3992 607 4031 norum
646 3978 919 4051 ubertatis,
957 3987 1007 4031 et
1053 3976 1305 4045 colligant
1346 3992 1524 4031 omnes
1558 3975 1764 4045 [ructus
1800 3982 1996 4043 septem
2100 3981 2275 4051 majus
2298 3983 2593 4051 gaudentes
2644 3981 2987 4047 recedimus;
3033 3981 3101 4035 ita
3151 3982 3293 4035 enim
3333 3981 3691 4045 conﬁdimus,

418 4054 678 4121 annorum
710 4047 1029 4122 venientium
1069 4066 1261 4119 horum
1299 4065 1555 4119 bonorum
1586 4080 1605 4118 :
1633 4073 1682 4119 et
1715 4064 1996 4135 colligatur
2101 4047 2226 4141 quia
2254 4047 2618 4142 resurgentus,
2645 4069 2771 4139 quia
2800 4078 2856 4124 et
2902 4069 3007 4125 ista
3052 4071 3335 4125 credentes
3357 4070 3689 4124 iactabimur.

417 4157 740 4229 frumentum
765 4161 858 4213 sub
884 4175 1043 4213 manu
1074 4156 1288 4212 Pharao
1329 4174 1341 4187 '
1372 4166 1421 4211 et
1461 4174 1594 4212 escte
1614 4159 1668 4211 in
1695 4157 1994 4211 civitatibus
2102 4161 2371 4218 Habemus
2407 4173 2587 4219 autem
2614 4163 2948 4220 reconditum
2974 4177 3282 4219 sermonem
3311 4162 3469 4217 nobis
3497 4171 3691 4218 osten-

415 4252 787 4305 custodiantur
816 4265 834 4303 :
862 4263 910 4306 et
928 4253 1033 4306 sint
1055 4268 1186 4306 θείω
1218 4266 1333 4322 qua!
1354 4249 1629 4304 custodiae
1661 4249 1855 4319 fuerint
1889 4259 1997 4302 ter-
2102 4253 2342 4320 dentem,
2392 4269 2518 4325 spes
2565 4259 2691 4326 quia
2733 4267 2819 4312 est
2858 4256 3144 4327 religiosis.
3205 4255 3269 4309 Et
3296 4254 3411 4325 jam
3470 4257 3695 4325 quidem

417 4358 515 4411 rat,
544 4342 598 4397 in
626 4351 817 4411 septem
839 4360 1001 4398 annos
1021 4344 1178 4413 famis
1208 4359 1326 4414 qua
1348 4343 1451 4397 erit
1479 4342 1536 4396 in
1565 4352 1707 4396 terra
1732 4340 1951 4411 ngypti
1975 4354 1994 4393 :
2102 4354 2378 4401 ostensum
2403 4357 2488 4402 est
2526 4364 2554 4401 a
2585 4348 2733 4419 justo
2766 4349 2876 4404 Deo
2895 4367 2912 4406 ι
2931 4358 3111 4402 tamen
3139 4346 3263 4416 quia
3292 4358 3451 4401 vocat
3480 4356 3693 4419 tempus

416 4445 466 4489 et
496 4451 599 4489 non
632 4435 1067 4489 exterminabitur
1111 4447 1256 4490 terra
1294 4452 1326 4488 a
1376 4434 1541 4503 fame.
1570 4431 1643 4487 Et
1683 4433 1997 4504 placuerunt
2032 4487 2075 4542 Β
2103 4454 2204 4493 nos
2238 4439 2385 4494 relici
2421 4439 2637 4505 debere,
2673 4442 2967 4511 gratiarum
3020 4441 3263 4496 actiones
3302 4440 3697 4508 consignantes

416 4530 529 4581 lucc
585 4528 739 4580 verba
793 4536 916 4581 ante
964 4525 1202 4591 Pharao.
1248 4534 1299 4581 et
1346 4525 1588 4586 omnibus
1631 4526 1808 4596 pueris
1859 4526 1991 4579 suis.
2034 4525 2073 4542 "
2104 4530 2324 4585 verhum
2348 4530 2574 4603 gloriam
2606 4532 2904 4588 referamus
2932 4533 3124 4588 viventi
3150 4542 3205 4587 et
3225 4532 3369 4587 bono
3392 4542 3451 4587 et
3484 4544 3695 4589 veroet

418 4618 675 4689 Nunquid
710 4620 1026 4673 inveniemus
1066 4621 1329 4673 hominem
1354 4617 1513 4672 talem
1541 4619 1633 4690 qui
1665 4619 1818 4672 habet
1836 4620 1997 4688 spiri-
2102 4621 2395 4677 viviﬁcanti
2418 4621 2545 4679 Iesu
2561 4623 2812 4679 Christo:
2836 4640 2932 4692 per
2947 4640 3107 4695 quem
3132 4634 3217 4679 est
3249 4625 3360 4680 Deo
3393 4625 3543 4680 Patri
3574 4641 3694 4681 cum

413 4718 526 4760 tum
555 4706 721 4761 Deiin
746 4708 839 4762 se!
865 4707 933 4761 Et
957 4707 1095 4762 dixit
1118 4704 1336 4761 Pharao
1365 4707 1435 4760 ad
1457 4706 1652 4777 Iaseph
1682 4722 1702 4761 :
1730 4706 1996 4773 Quoniam
2105 4712 2312 4782 Spiritu
2337 4726 2532 4771 sancto
2558 4716 2730 4787 gloria
2759 4725 2816 4771 et
2840 4717 3033 4783 honor,
3076 4718 3387 4787 imperium,
3416 4716 3695 4785 maiestas,

420 4796 648 4852 ostendit
665 4799 759 4853 tibi
785 4798 925 4853 Deus
953 4798 1131 4852 omnia
1150 4799 1283 4867 hac,
1318 4816 1421 4855 non
1449 4809 1527 4854 est
1569 4799 1665 4853 tibi
1686 4799 1839 4853 homo
1867 4814 1998 4860 pru-
2104 4814 2160 4859 et
2196 4821 2339 4861 nunc
2368 4815 2424 4862 et
2449 4822 2682 4879 semper,
2707 4817 2875 4881 ειρει-
2899 4810 3082 4866 omnia
3116 4809 3313 4865 διεσθίει
3344 4808 3695 4866 mutorum.

420 4888 649 4955 dentior,
682 4907 773 4946 nec
801 4891 1062 4946 sensatior
1088 4899 1246 4946 te:tu
1266 4893 1368 4947 eris
1383 4907 1543 4961 super
1572 4892 1785 4946 domum
1803 4907 1994 4955 meam,
2100 4892 2298 4950 Amen.

489 5067 540 5102 ”
574 5065 711 5123 Gen.
736 5083 846 5135 xu,
882 5067 1050 5123 {7-H

517 5223 608 5299 90)
646 5225 861 5299 [ἕτεραι.
885 5223 1309 5299 ῐθρνιθέωὶραηιτ

2178 5222 2292 5299 με)
2329 5220 2535 5277 Nitant.
2567 5222 2733 5289 Forte
2752 5224 2981 5293 nictant,
3021 5225 3141 5282 dum
3171 5225 3386 5282 scilicet
3409 5225 3483 5281 ad
3511 5227 3685 5299 epulas

556 5291 607 5367 l)
646 5297 711 5351 Et
737 5291 855 5366 jam
879 5311 1020 5351 cum.
1051 5291 1214 5349 Forte
1239 5292 1397 5349 etiam
1432 5305 1569 5347 cum.
2113 5291 2333 5352 relictas
2364 5304 2697 5365 respectant.
2964 5291 2973 5293 ἡ
3545 5291 3563 5299 ’
3608 5344 3615 5349 .

2011 5503 2085 5535 ᾗ
