3822 6218
177 356 339 414 ἶο93

1245 346 1344 402 ’ΒΕ
1373 343 1977 404 RESURRECTIONE.
2018 377 2086 388 —
2119 342 2248 401 ΠΒ.
2285 345 2354 402 Π.

3309 351 3449 408 1091.

191 494 3415 536 ___———————-————-————-—-——-——————“-———-—————-——

1283 671 1649 760 LIBER
1698 665 2366 761 SECUNDUS.

269 1036 548 1096 Laetantur
574 1036 791 1106 quidem
814 1034 942 1089 caeli
971 1033 1040 1090 de
1079 1033 1370 1090 festivitate
1401 1033 1676 1104 praesenti,
1719 1033 1772 1087 in
1805 1039 1852 1098 Α
1879 1048 2001 1105 qua:
2027 1043 2154 1090 ante
2184 1046 2397 1089 crucem
2426 1031 2567 1087 facta
2601 1042 2728 1088 sunt
2759 1035 2851 1104 qui
2900 1034 3000 1091 fuit
3021 1039 3256 1095 ostendit
3284 1057 3298 1094 :
3332 1052 3452 1110 post

171 1147 301 1202 qua
329 1128 613 1185 Dominum
642 1138 928 1194 suscepere
955 1124 1212 1180 victorem
1252 1139 1265 1176 :
1307 1124 1517 1178 laetatur
1537 1132 1592 1178 et
1622 1137 1780 1178 exer-

172 1223 339 1276 citus
355 1217 668 1287 angelorum
691 1216 990 1286 suscipiens
1013 1231 1134 1270 cum
1145 1214 1370 1269 victoria
1397 1228 1574 1284 regem
1597 1213 1781 1269 :laita-

189 1323 284 1367 tur
310 1320 366 1367 et
389 1311 477 1381 qui
503 1310 703 1381 genuit,
732 1317 786 1362 et
807 1308 955 1362 misit
981 1306 1143 1362 Pater
1162 1322 1192 1361 a
1216 1306 1421 1362 dextris
1438 1306 1548 1361 suis
1570 1305 1778 1360 habens

172 1405 577 1461 charissimam
603 1400 834 1465 Filium,
860 1417 956 1471 per
979 1414 1135 1469 quem
1161 1410 1372 1455 mortua
1397 1395 1611 1469 quidem
1635 1413 1780 1454 mors

177 1501 310 1571 μδ)
344 1510 446 1564 est,
485 1505 738 1566 corrupta
753 1503 941 1549 {autem
968 1503 1050 1547 est
1084 1493 1484 1564 corruptela,et
1504 1494 1778 1548 destructa

184 1605 278 1648 est
300 1591 500 1647 diaboli
532 1588 801 1662 tyrannis,
834 1597 886 1641 et
900 1585 1092 1642 salvati
1116 1595 1242 1640 sunt
1268 1587 1534 1652 homines,
1565 1595 1619 1640 et
1649 1600 1780 1652 gau-

184 1685 342 1738 dium
373 1689 695 1751 acceperunt
720 1678 914 1750 angeli.
949 1679 1063 1733 Non
1093 1690 1176 1735 est
1194 1694 1385 1746 passus
1408 1687 1587 1732 autem
1608 1675 1779 1746 Spiri-

176 1785 280 1830 stus
303 1783 552 1830 sanctus:
571 1772 1034 1840 sedperomnium
1058 1770 1336 1824 hominum
1352 1768 1568 1840 linguas
1588 1769 1779 1824 victori

171 1863 387 1918 obtulit
402 1861 750 1928 laudes.Quia
763 1861 904 1914 enim
917 1862 1154 1915 omnium
1171 1861 1471 1932 linguarum
1486 1869 1601 1914 erat
1614 1859 1778 1924 salus,

173 1955 312 2010 ideo
328 1955 472 2009 omni
504 1954 683 2024 lingua
708 1967 801 2020 per
817 1965 911 2005 ora
935 1951 1299 2020 apostolorum
1332 1950 1540 2006 locutus
1565 1961 1646 2005 est
1665 1946 1780 2020 Spi-

175 2048 351 2100 -ritus.
379 2046 442 2098 Et
468 2045 666 2100 exinde
687 2043 797 2113 jam
825 2044 1251 2112 vocabatgentes
1277 2058 1373 2112 per
1402 2044 1735 2097 initiamenta
1760 2058 1776 2096 :

186 2137 523 2208 implebatur
549 2145 727 2190 autem
771 2147 824 2189 et
845 2136 1198 2206 prazcedentis
1239 2134 1546 2190 festivitatis
1574 2133 1775 2188 laetitia.

178 2226 400 2281 Pascha
446 2226 588 2279 enim
629 2225 945 2280 festivitatis
977 2224 1164 2280 mortis
1204 2232 1600 2279 sacramentum
1636 2224 1687 2276 in
1720 2236 1780 2276 se

193 2318 636 2380 continens,tunc
657 2315 1342 2385 recipiebatfructum,cum
1369 2315 1779 2369 fiebatrecursio

1879 1136 2108 1184 mortem
2156 1136 2332 1181 autem
2388 1126 2655 1181 mirabilia
2688 1143 2809 1197 quae
2852 1144 2948 1196 per
2989 1131 3260 1200 apostolos
3307 1131 3450 1188 facta

1877 1229 2026 1284 sunt,
2061 1219 2390 1285 conlirmant
2428 1221 2556 1288 quia
2589 1219 2681 1288 qui
2728 1230 2972 1277 mortuus
3014 1231 3100 1276 est
3153 1228 3453 1281 resurrexit

1879 1320 1935 1367 et
1965 1311 2118 1365 vivit.
2151 1308 2308 1366 Unde
2328 1319 2385 1365 et
2414 1310 2617 1378 majora
2646 1320 2860 1371 servata
2889 1323 3014 1369 sunt
3037 1317 3307 1372 mirabilia
3331 1327 3452 1388 post

1879 1411 2131 1466 mortem,
2155 1417 2315 1471 quam
2340 1416 2402 1456 ea
2434 1418 2554 1472 qua:
2572 1412 2698 1459 ante
2730 1415 2957 1461 mortem
2982 1416 3105 1462 sunt
3129 1409 3288 1465 facta.
3313 1410 3451 1477 Quia

1877 1495 2024 1550 enim
2056 1494 2427 1550 increilibilior
2469 1498 2799 1554 resurrectio
2829 1499 3039 1556 Domini
3089 1504 3260 1574 magis
3286 1521 3454 1573 quam

1885 1586 2152 1642 adventus
2176 1588 2292 1658 ejus
2317 1587 2369 1642 in
2406 1590 2629 1656 mundo,
2657 1590 2861 1660 majora
2897 1608 3108 1648 servata
3146 1607 3270 1650 sum
3301 1599 3456 1651 testi-

1876 1679 1980 1734 bus
2032 1681 2444 1736 resurrectionis
2475 1683 2766 1750 mirabilia,
2816 1693 2875 1738 ut
2895 1697 3276 1754 agnosceretur
3310 1689 3453 1758 (46‘)

1879 1774 2005 1844 quia
2038 1784 2280 1829 mortuus
2306 1775 2523 1845 quidem
2561 1785 2664 1843 est,
2694 1777 2786 1832 sed
2819 1780 3201 1834 resurrexitob
3232 1782 3457 1852 dispen-

1878 1865 2165 1932 sationem,
2193 1866 2324 1921 vivit
2354 1875 2531 1922 autem
2574 1876 2793 1938 propter
2825 1870 3097 1925 virtutem.
3143 1872 3273 1938 Quis
3305 1875 3455 1929 enim

1879 1973 2043 2015 ausus
2071 1969 2154 2014 est
2186 1961 2389 2025 dicere,
2418 1961 2544 2029 quia
2580 1975 2690 2017 non
2722 1963 3021 2016 resurrexit
3049 1964 3322 2031 Christus,
3359 1973 3454 2020 aut

1877 2050 2373 2120 confessibilesﬂ'l)
2398 2052 2621 2116 inimici,
2645 2061 2737 2106 aut
2761 2053 2876 2108 licti
2908 2054 3102 2108 amici?
3135 2054 3299 2109 Putas
3317 2072 3452 2126 gen-

1881 2143 2001 2199 tiles
2029 2145 2302 2198 audebunt
2334 2144 2516 2199 dicere
2544 2144 2670 2214 quia
2706 2154 2954 2200 mortuus
2984 2154 3068 2199 est
3109 2154 3162 2199 et
3210 2162 3315 2199 non
3349 2161 3453 2200 re-

1880 2234 2154 2290 surrexit?
2181 2234 2293 2288 Non
2330 2252 2513 2305 quer
2546 2237 2675 2306 quid
2724 2237 2930 2303 dicant,
2960 2238 3052 2292 sed
3083 2239 3209 2306 quid
3241 2239 3453 2306 patian-

1884 2335 1986 2381 tur.
2016 2326 2071 2380 Si
2110 2328 2252 2406 enim
2278 2337 2423 2382 stant
2445 2344 2629 2383 eorum
2663 2330 2880 2400 templa,
2908 2345 3012 2385 non
3040 2332 3354 2386 resurrexit.
3389 2329 3448 2387 Si

181 2404 403 2460 Domini
431 2408 496 2459 ad
543 2406 726 2460 caelos.
752 2405 866 2460 Non
886 2405 1028 2459 enim
1045 2405 1191 2458 venit
1209 2413 1263 2457 ut
1284 2404 1517 2457 moriens
1543 2418 1774 2457 morere-

1883 2436 1988 2476 non
2018 2404 2302 2483 destruxit,
2337 2421 2383 2475 si
2412 2437 2518 2475 non
2541 2421 2770 2476 conﬂata
2791 2434 2912 2477 sum
2949 2438 3137 2478 eorum
3161 2423 3448 2478 simulacra

178 2499 306 2554 'tur,
323 2493 414 2547 sed
436 2504 491 2547 ut
507 2508 600 2548 eos
613 2495 701 2562 qui
722 2497 914 2549 mortui
936 2494 1148 2548 fuerant
1161 2494 1207 2546 vi
1219 2495 1366 2547 vilica
1380 2504 1476 2547 ret.
1495 2493 1773 2547 Laetamur

187 2587 358 2656 igitur
373 2587 551 2640 omnia
577 2606 590 2640 :
613 2587 748 2640 forte
766 2595 943 2640 autem
969 2599 1023 2640 et
1053 2597 1327 2641 creatura:
1348 2585 1545 2640 clarior
1560 2586 1700 2640 cnim
1720 2595 1775 2640 et

176 2679 274 2732 .sol
318 2688 435 2744 est,
479 2679 770 2733 secundum
807 2693 1043 2747 praesens
1077 2680 1178 2732 hoc
1225 2689 1432 2745 tempus
1477 2677 1776 2740 :prolixior

183 2771 408 2825 enimet
431 2770 853 2824 lumenhabetur
875 2769 986 2841 (44)
1009 2784 1024 2822 :
1048 2779 1102 2824 et
1121 2771 1359 2824 omnium
1379 2772 1674 2838 completus
1691 2778 1774 2825 est

180 2863 408 2915 fructus
443 2870 540 2915 :et
563 2862 910 2916 consentiunt
947 2861 1118 2916 oilicia
1154 2861 1561 2931 dispensationi.
1591 2862 1773 2916 Soluta

184 2963 379 3008 autem
411 2955 561 3008 nobis
602 2963 684 3006 est
719 2963 773 3008 et
812 2954 1078 3008 sententia
1109 2971 1122 3006 :
1170 2962 1418 3008 revocata
1474 2963 1557 3008 est
1591 2963 1773 3008 nostra

183 3045 468 3101 =restitutio
509 3061 523 3098 :
556 3043 860 3098 obedientia
900 3044 1044 3098 enim
1080 3044 1326 3107 veniens,
1366 3043 1768 3108 praevaricatio-

194 3139 286 3192 nis
319 3152 504 3207 ptenas
532 3138 686 3204 cjecit
712 3154 730 3190 :
766 3135 972 3204 iustitia
997 3136 1399 3188 subintroducta
1434 3135 1773 3203 iniquitatem

183 3232 436 3300 repulit:
471 3231 690 3284 veniens
739 3230 846 3282 vita
900 3238 1126 3282 mortem
1189 3227 1576 3281 mortificavit:
1629 3225 1772 3281 Deus

193 3320 532 3375 descendens
578 3321 848 3374 liOminem
901 3320 1150 3389 perduxit
1185 3320 1251 3372 ad
1303 3319 1489 3373 caelos.
1528 3317 1775 3388 Undique

194 3412 365 3478 igitur
413 3412 645 3482 fulgores
702 3410 1008 3464 festivitatis
1055 3410 1330 3464 lucescant
1374 3408 1504 3479 (ιδ).
1547 3409 1772 3464 Sursum

193 3505 376 3569 c‘hori,
445 3505 495 3558 in
554 3514 696 3558 terra
759 3502 975 3559 laetitiae.
1043 3500 1286 3555 Tristant
1349 3501 1484 3554 bona
1541 3501 1772 3567 malum,

192 3596 347 3663 luget
399 3594 748 3664 semetipsum
810 3591 1094 3646 diabolus:
1144 3592 1298 3645 decet
1359 3593 1500 3646 enim
1530 3608 1651 3646 eum
1695 3591 1776 3644 lu-

190 3700 316 3742 ctus
344 3703 469 3740 suus
493 3705 507 3739 :
546 3686 731 3754 lugent
764 3686 943 3740 adhuc
967 3697 1138 3752 usque
1161 3685 1455 3748 daamones,
1486 3691 1541 3737 et
1567 3691 1772 3736 semet-

194 3781 346 3850 ipsos
368 3779 666 3847 deplorant.
708 3777 941 3833 Tantum
993 3776 1137 3832 enim
1183 3785 1241 3829 ut
1288 3777 1564 3829 nominata
1613 3775 1776 3830 fuerit

190 3887 352 3936 crux,
395 3878 693 3938 agnoscunt
737 3869 971 3940 plagam,
1008 3879 1062 3924 et
1105 3883 1215 3924 non
1246 3866 1511 3922 suﬁ‘erunt
1552 3883 1770 3922 nomen.

190 3961 269 4018 Et
300 3977 368 4017 ne
397 3963 516 4031 quis
564 3971 714 4031 putet
755 3963 978 4018 oblitum
1028 3976 1113 4016 me
1146 3960 1313 4015 fuisse
1348 3959 1614 4025 hesternae
1652 3975 1775 4029 pro-

195 4053 475 4109 missionis
503 4069 663 4119 mere;
695 4053 1116 4123 promiseramus
1144 4053 1289 4107 enim
1318 4051 1380 4106 de
1414 4051 1773 4107 resurrectio-

194 4160 272 4200 ne
326 4145 503 4200 dicere
548 4144 704 4212 heri;
756 4143 1082 4216 exposcebat
1134 4144 1282 4198 enim
1336 4153 1565 4214 tempus.
1621 4143 1776 4199 Sicut

192 4237 346 4293 enim
400 4237 516 4292 heri
547 4236 613 4290 de
644 4236 1042 4292 resurrectione
1091 4246 1268 4292 motus
1307 4246 1392 4291 est
1430 4251 1612 4292 sermo
1644 4254 1658 4292 :
1696 4235 1772 4291 ita

195 4331 326 4399 quia
361 4327 626 4383 festivitas
676 4343 981 4396 regressum
1037 4326 1246 4381 Domini
1293 4326 1518 4396 requirit
1566 4325 1631 4380 ad
1678 4324 1777 4380 Pa-

197 4431 361 4474 trem.
396 4418 674 4473 Firmatur
714 4427 893 4471 autem
946 4417 1224 4471 hominum
1260 4416 1614 4480 resurrectio,
1652 4431 1773 4492 cum

195 4512 508 4582 apparuerit
556 4507 726 4565 Filius
772 4522 1021 4563 reversus
1069 4508 1135 4561 ad
1184 4505 1425 4561 Patrem.
1480 4505 1551 4560 Et
1606 4507 1777 4572 majus

193 4603 656 4672 ostenditurquod
673 4600 1000 4672 propositum
1014 4607 1117 4665 est,
1134 4615 1255 4655 cum
1273 4600 1584 4669 apparuerit
1599 4615 1779 4654 resur-

196 4695 370 4750 rectio
400 4694 512 4762 ejus
534 4695 625 4764 qui
655 4694 936 4748 suscitavit
964 4692 1098 4766 (46).
1129 4693 1404 4764 Siquidem
1423 4692 1779 4763 etApostolus

197 4787 387 4843 volens
409 4789 695 4844 ostendere
731 4786 851 4857 quia
880 4797 1169 4856 resurgunt
1199 4785 1464 4851 homines,
1496 4785 1562 4839 ad
1599 4801 1779 4840 resurv

201 4882 501 4936 rectionem
538 4880 748 4934 Domini
794 4879 1096 4934 transmisit
1131 4893 1284 4932 suum
1338 4892 1677 4942 sermonem,
1723 4887 1781 4932 et

200 4971 374 5026 dixit:
407 4969 465 5025 Si
496 4971 843 5040 compatimur
865 4981 920 5023 ut
951 4981 998 5024 et
1028 4969 1187 5024 simul
1226 4970 1580 5040 gloriﬁcemur
1601 4970 1668 5023 ‘°.
1714 4967 1778 5026 Si

1875 2522 1996 2579 post
2025 2528 2264 2576 crucem,
2299 2529 2404 2566 non
2435 2515 2756 2579 resurrexit,
2780 2515 2868 2583 qui
2892 2517 3071 2585 arguit
3099 2532 3160 2571 ea
3189 2533 3306 2586 quae
3339 2532 3444 2572 non

1875 2606 2084 2658 vivunt.
2115 2604 2174 2659 Si
2203 2619 2308 2659 non
2333 2605 2680 2674 increpantur
2708 2607 2927 2662 nomine
2961 2609 3137 2664 crucis
3157 2624 3344 2665 eorum
3372 2609 3451 2664 dil

1874 2707 1928 2752 et
1958 2698 2251 2763 daemones,
2297 2715 2402 2753 non
2452 2700 2749 2754 resurrexit
2786 2700 2876 2769 qui
2922 2701 3007 2755 his
3039 2703 3128 2770 qui
3165 2717 3270 2755 non
3320 2711 3447 2756 sunt

1878 2791 2136 2845 terribilis
2193 2791 2466 2846 habetur:
2506 2793 2835 2846 confitentur
2885 2794 3030 2848 enim
3065 2803 3122 2848 et
3175 2798 3447 2848 daemones

1877 2903 2331 2958 resurrectionem
2364 2903 2588 2959 Christi.
2619 2905 2719 2973 Qui
2756 2907 2898 2962 enim
2943 2909 3288 2970 exorcizant,
3322 2922 3449 2961 orn-

1878 3010 1994 3049 cem
2021 2995 2232 3050 Domini
2263 2998 2567 3062 nominant,
2610 3008 2664 3053 et
2710 3001 3157 3054 resurrectionem
3201 3015 3216 3052 :
3255 3008 3308 3053 et
3349 3014 3448 3053 no-

1879 3088 2024 3142 mine
2054 3087 2172 3157 ejus
2201 3089 2294 3158 qui
2331 3099 2576 3143 mortuus
2611 3098 2694 3145 est
2725 3102 2782 3146 et
2827 3092 3127 3146 resurrexit
3157 3092 3445 3159 increpan-

1880 3183 1977 3239 tes,
2012 3191 2117 3228 non
2144 3184 2204 3227 ut
2237 3175 2606 3229 inobedientes
2644 3184 2736 3229 ant
2784 3177 3215 3231 contradicentes
3248 3175 3448 3230 habent

1877 3267 2174 3332 daemones,
2210 3270 2302 3322 sed
2331 3266 2684 3322 obaudientes
2717 3277 2771 3322 et
2813 3269 3214 3323 consentientes
3268 3283 3449 3322 resur-

1876 3358 2189 3412 rectionem.
2247 3358 2351 3412 Sed
2407 3358 2574 3413 Judaei
2630 3359 2880 3414 dubitant
2930 3361 2997 3415 de
3048 3359 3447 3414 resurrectione

1876 3449 2100 3504 Christi.
2137 3449 2354 3505 Utinam
2384 3467 2492 3504 non
2535 3452 2863 3516 dubitarent,
2902 3461 2962 3506 ut
2991 3461 3046 3507 et
3075 3453 3172 3520 ipsi
3199 3466 3448 3522 resurge-

1878 3549 1999 3595 rent
2027 3555 2057 3594 a
2099 3541 2336 3610 peccatis
2362 3541 2496 3602 suis.
2545 3541 2599 3594 in
2632 3545 2828 3612 quibus
2869 3543 3064 3596 mortui
3091 3551 3146 3595 et
3175 3556 3300 3596 vere
3324 3553 3448 3596 sunt

1877 3630 2074 3685 mortui
2095 3633 2106 3684 !
2132 3631 2188 3686 Si
2213 3639 2391 3684 autem
2409 3632 2684 3696 dubitant,
2705 3631 2986 3686 ostendant
3003 3630 3274 3684 civitatem
3296 3645 3445 3684 suam

1802 3743 1844 3801 ο
1878 3729 1994 3789 post
2023 3734 2085 3774 ea
2117 3735 2235 3789 quae
2261 3720 2376 3774 ausi
2411 3729 2558 3787 sunt,
2594 3730 2848 3774 stantem.
2900 3718 2967 3773 Et
2994 3731 3120 3770 vere
3165 3716 3256 3784 qui
3284 3730 3448 3769 .mor-

1879 3821 2001 3865 tuus
2025 3820 2108 3866 est
2139 3821 2382 3866 mortuus
2414 3821 2517 3877 est,
2557 3812 2684 3882 quia
2713 3820 2858 3866 stant
2883 3809 2973 3881 qui
3003 3805 3292 3862 uinxerunt
3319 3821 3446 3861 cru--

1874 3903 1945 3957 ci.
1973 3903 2030 3958 Si
2064 3912 2244 3959 autem
2271 3903 2486 3958 deserta
2517 3913 2599 3959 est
2639 3903 2832 3959 civitas
2872 3903 2943 3958 ob
2975 3902 3257 3958 audaciam
3305 3900 3444 3954 inci)

1873 3993 2066 4056 larum,
2093 3995 2184 4064 qui
2220 4003 2342 4064 post
2378 4004 2605 4049 mortem
2632 3993 2844 4051 cruciat
2873 4009 2966 4048 eos
2995 3993 3122 4062 quia
3154 3997 3307 4053 sunt,
3349 3989 3453 4043 ιιιὺ-

1873 4098 1980 4154 que
2004 4084 2190 4138 vivens
2212 4085 2264 4138 id
2296 4085 2456 4156 gerit.
2483 4084 2541 4140 Si
2565 4100 2669 4140 non
2687 4085 2854 4139 servit
2879 4099 3066 4139 eorum
3091 4097 3252 4156 gens,
3270 4081 3312 4136 si
3337 4095 3449 4135 non

1875 4184 2281 4231 excusaverunt
2313 4192 2470 4232 suum
2509 4192 2723 4247 regem,
2771 4178 2815 4232 si
2862 4187 2949 4233 est
2983 4193 3105 4233 cum
3140 4175 3273 4246 ipsis
3320 4189 3450 4243 pro-

1877 4266 2075 4335 pheta;
2110 4281 2216 4321 non
2247 4277 2330 4323 est
2382 4268 2557 4324 factus
2586 4269 2764 4324 exitus
2791 4268 3187 4339 praedicationis
3216 4267 3453 4336 prophe-

1878 4365 2076 4410 tarum.
2111 4356 2168 4410 Si
2205 4368 2384 4412 autem
2416 4359 2609 4415 civitas
2633 4363 2821 4416 eorum
2850 4360 3067 4415 deserta
3084 4367 3188 4423 est,
3204 4357 3248 4412 si
3281 4354 3454 4410 altare

1871 4445 1984 4516 jam
2013 4461 2118 4501 non
2149 4457 2233 4502 est
2260 4449 2362 4514 eis,
2412 4465 2514 4504 non
2548 4451 2827 4514 sacerdos,
2863 4463 2967 4503 non
3013 4463 3132 4513 rex,
3184 4461 3288 4500 non
3325 4460 3448 4514 pro-

1878 4535 2060 4602 pheta.
2098 4550 2203 4589 non
2233 4537 2484 4606 spiritus;
2512 4552 2609 4608 per
2632 4552 2791 4607 quem
2825 4536 2964 4591 ista?
2997 4535 3052 4588 Si
3085 4543 3267 4588 autem
3291 4542 3349 4587 et
3370 4531 3451 4586 di-

1877 4631 2028 4677 catur
2054 4631 2121 4679 ab
2153 4625 2232 4680 eis
2265 4627 2618 4697 impudenter,
2668 4628 2791 4697 quia
2820 4627 3092 4683 civitatem
3143 4639 3325 4679 eorum
3355 4623 3452 4677 de-

1877 4720 2193 4768 struxerunt
2240 4717 2527 4783 homines;
2560 4725 2740 4772 utrum
2779 4717 3114 4773 concedente
3145 4715 3258 4770 Deo
3289 4723 3345 4769 et
3376 4713 3450 4767 'rta

1877 4803 2244 4871 permittente,
2281 4807 2452 4876 magis
2483 4815 2665 4861 autem
2709 4805 3060 4876 tndignante?
3085 4805 3272 4858 dicant
3321 4818 3478 4858 caur

1879 4905 1992 4945 sam
2042 4896 2267 4961 peccati.
2300 4895 2466 4950 Putas
2490 4907 2710 4967 prepter
2741 4895 3142 4951 idololatriam?
3193 4903 3250 4948 et
3305 4882 3486 4947 certel

1878 4998 2021 5038 nunc
2050 4985 2188 5040 idola
2219 5002 2325 5042 non
2367 4964 2569 5042 colunt.
2597 4964 2710 5044 Sed
2743 4989 2869 5058 quia
2913 4989 3204 5057 prophetas
3232 4985 3452 5041 occide-
3486 4964 3505 4985 L

196 5065 395 5117 mortui
432 5081 534 5117 non
562 5071 862 5134 resurgunt,
894 5079 1055 5132 neque
1098 5061 1338 5117 Christus
1366 5064 1650 5116 resurrexit
1679 5062 1722 5094 “
1759 5082 1773 5119 :
1809 5086 1855 5141 ι)
1883 5083 2009 5128 rum
2064 5077 2391 5147 aliquando?
2423 5087 2478 5135 ει
2534 5088 2680 5136 ρει-ιε
2730 5095 2852 5134 cum
2905 5093 2998 5135 eos
3059 5076 3454 5139 imm-ﬁcere"...

197 5162 263 5208 ut
292 5167 358 5208 ex
395 5154 494 5208 hoc
521 5154 864 5209 manifestum
896 5154 987 5219 sit,
1016 5155 1293 5208 hominum
1322 5155 1772 5211 resurrectionem

197 5247 355 5317 sequi
385 5247 597 5302 Domini
625 5247 1102 5302 resurrectionem.
1138 5246 1201 5302 Et
1257 5247 1523 5303 mirabilia
1552 5248 1771 5320 quidem

272 5358 320 5391 ⁸⁸
355 5359 513 5415 Rom.
546 5376 664 5426 vm,
701 5361 789 5416 17.
886 5361 928 5392 ⁸³
955 5358 971 5412 1
999 5361 1126 5416 Cor.
1152 5378 1242 5428 xv,
1269 5361 1356 5417 16.

297 5495 384 5570 vi?!)
420 5495 521 5570 Ms.
555 5496 661 5570 Per
685 5514 836 5569 quem
863 5506 1071 5552 mortua
1093 5499 1298 5570 quidem
1333 5517 1493 5556 mors.

295 5566 389 5631 44)
440 5567 540 5621 Ms.
593 5566 862 5622 Pro‘lixius
885 5571 1021 5621 enim
1075 5566 1122 5624 et
1159 5571 1332 5625 lumen
1375 5575 1615 5629 habetur.
1645 5573 1780 5631 Pro-

200 5635 594 5710 lixioresenim
633 5649 762 5693 tunc
787 5641 902 5694 dies
931 5653 1049 5694 esse
1084 5641 1368 5710 incipiunt.

294 5707 363 5762 45
419 5707 518 5762 Ms.
550 5707 858 5764 Lucescunt.

296 5707 385 5848 46;
429 5775 730 5836 Suscitavit.
770 5779 858 5834 F01

296 5775 385 5836 46)
429 5775 730 5836 Suscitavit.
770 5779 931 5836 Forte
953 5781 1246 5836 suscitabit.

1885 5164 2200 5221 habitabant
2223 5169 2501 5224 civitatem
2543 5185 2721 5225 suam.
2747 5169 2853 5225 Sed
2877 5170 3002 5238 quia
3033 5167 3289 5238 templum
3320 5181 3456 5221 con-

1881 5257 2212 5315 taminarunt
2234 5260 2558 5332 aliquando?
2583 5270 2639 5317 et
2659 5269 2809 5317 certe
2833 5261 3262 5316 contaminantes
3291 5255 3462 5314 habe-

1958 5508 2092 5580 (46‘)
2123 5510 2220 5565 Ms.
2245 5510 2312 5565 Ut
2345 5523 2751 5579 rognosceretur.

1961 5581 2074 5650 (47)
2131 5582 2229 5636 Ms.
2276 5583 2590 5652 Coufessiles
2617 5601 2635 5638 :
2669 5581 2838 5651 aperti
2873 5591 2928 5635 et
2959 5580 3191 5652 professi
3231 5580 3460 5652 inimici,

1886 5652 2021 5777 inlfra
2061 5653 2151 5705 lib.
2181 5669 2215 5717 ι,
2247 5654 2310 5706 de
2337 5650 2652 5725 incorporati
2680 5650 2798 5724 post
2826 5650 2973 5708 med.
3011 5668 3180 5706 nonne
3207 5650 3461 5720 confessi-

1919 5741 1933 5777 ι
1957 5738 1984 5776 e
2011 5732 2107 5778 est.
2139 5732 2242 5778 etc.

2092 5764 2107 5788 ς
2139 5760 2242 5778 Vivo
