3822 6218
386 298 528 361 «ωε

1091 267 1373 358 russati
1398 290 1871 357 CﬁABIENsts
1906 293 2057 354 ore.
2099 290 2280 353 pass
2314 289 2412 377 tv.
2450 324 2524 339 —-
2558 286 2987 352 DOGMATICA.

3508 285 3662 353 1096

386 421 539 477 bant.
570 416 699 488 Quae
721 428 855 493 ergo
877 425 1040 475 causa
1067 428 1226 474 estut
1250 419 1327 474 ira
1360 420 1619 475 adversus
1648 433 1743 475 eos
1774 420 1845 474 sit
1870 418 1960 473 Dei
1990 425 2039 481 Α
2067 433 2170 486 res,
2194 428 2240 471 et
2265 417 2395 485 ipsa:
2426 415 2704 485 fornicata?
2726 423 2847 468 sunt
2881 430 2936 468 ιη
2953 410 3188 482 ΑΞςῇριυ
3215 411 3271 466 in
3295 410 3661 466 adolescentia

389 503 572 561 nunc?
612 504 679 559 Et
726 513 872 560 certe
916 505 1211 559 secundum
1267 505 1506 573 ipsorum
1538 520 1847 559 sermonem
1898 513 1958 556 ut

390 599 561 661 aiunt,
596 597 800 651 utinam
832 595 1123 651 videantur
1174 597 1584 667 religiositatem
1629 596 1857 653 fecisse!
1908 595 1965 651 Si

388 687 533 741 enim
566 684 860 740 solventem
887 685 1081 755 legem,
1129 694 1185 740 et
1229 688 1295 740 de
1321 687 1439 756 lege
1464 695 1650 741 contra
1683 686 1966 741 facientem

389 776 707 830 invenerunt
737 775 1017 828 Dominum
1044 773 1322 838 Jesum,et
1343 789 1448 829 non
1485 776 1705 839 invidia,
1734 777 1825 830 sed
1852 776 1969 829 zelo

390 881 488 935 pro
528 867 642 934 lege
674 865 960 918 allixerunt
990 866 1137 920 cruci
1176 883 1190 920 :
1225 866 1512 935 oportebat
1549 867 1716 920 Deum
1762 877 1817 919 et
1864 866 1968 919 alia

389 957 471 1010 eis
503 966 724 1025 peccata
759 956 1028 1008 dimittere
1055 957 1223 1024 magis
1251 967 1473 1024 propter
1497 956 1652 1008 istam
1679 955 1968 1023 justitiam,

389 1064 550 1118 quant
577 1065 718 1104 nunc
740 1050 920 1103 eosita
951 1053 1158 1118 punire.
1190 1050 1250 1103 Et
1274 1052 1399 1103 licet
1433 1051 1528 1119 ipsi
1559 1060 1743 1103 essent
1785 1067 1969 1118 pecca'

390 1150 560 1206 tores,
590 1151 646 1195 et
694 1140 796 1194 alia
837 1141 1098 1195 haberent
1151 1153 1409 1210 peccata;
1472 1152 1649 1195 tamen
1702 1140 1971 1195 Dominus

395 1229 552 1287 Jesus
580 1273 595 1295 ,
627 1248 783 1302 quem
835 1235 930 1304 ipsi
977 1234 1080 1305 legi
1133 1236 1407 1288 contraria
1452 1232 1736 1288 facientem
1767 1238 1969 1299 dixere,

392 1341 517 1379 cum
550 1328 689 1395 apml
724 1344 819 1380 eos
869 1339 1035 1390 esset,
1075 1328 1401 1395 praedicebat
1433 1329 1560 1397 quia
1598 1329 1970 1383 destrueretur

2067 525 2165 563 sua
2204 507 2270 562 ⁸³.
2310 506 2620 561 Fornicatio
2672 514 2853 559 autem
2882 504 2935 557 in
2971 503 3251 572 Scriptura
3283 503 3357 557 ita
3409 503 3663 571 ponitur,

2069 601 2196 671 quia
2219 602 2517 655 secundum
2548 597 2979 652 misericordiam
3012 595 3345 664 dignabatur
3372 595 3518 650 Deus
3545 606 3666 648 tan-

2070 707 2233 763 quam
2282 689 2616 759 conjungens
2666 689 2767 742 sibi
2802 698 2929 741 tunc
2984 685 3197 757 quidem
3256 687 3613 758 Synagogatn
3646 727 3663 750 ,

2070 797 2214 836 nunc
2241 790 2421 835 autem
2448 778 2767 832 Ecclesiam.
2818 777 2901 831 Ab
2952 790 3018 831 eo
3058 795 3188 848 ergo
3218 778 3310 847 qui
3350 776 3664 831 secundum

2072 870 2505 925 misericordiam
2541 865 2905 936 coojnngebat
2941 868 3199 930 reccssio,
3235 877 3290 919 et
3314 864 3669 919 daemonibus

2072 961 2399 1030 conjunctio,
2426 972 2476 1015 et
2498 950 2832 1022 idololatria,
2859 959 3149 1013 fornicatio
3190 958 3489 1013 secundum
3513 955 3671 1010 Scri-

2075 1065 2290 1124 ptorum
2326 1053 2629 1107 rectissime
2686 1051 3015 1105 nominatur.
3054 1048 3189 1115 Quia
3226 1066 3357 1120 ergo
3386 1049 3531 1102 idola
3572 1062 3671 1101 co-

2074 1147 2259 1201 lebant
2292 1147 2344 1199 in
2392 1144 2653 1219 Egypto,
2701 1145 2819 1198 ideo
2860 1153 2956 1214 per
3003 1143 3320 1211 prophetam
3371 1141 3489 1193 ait:
3526 1137 3673 1191 Due

2073 1246 2224 1292 erant
2251 1253 2478 1299 sarcres,
2508 1245 2556 1288 et
2608 1235 2735 1302 ἔρδω
2766 1233 3041 1302 fornicata:
3070 1238 3191 1285 sunt
3220 1232 3272 1282 in
3302 1225 3673 1281 adolescentia

2074 1345 2171 1383 sua
2216 1331 2270 1382 in
2302 1327 2556 1398 ngypto.
2591 1326 2832 1393 DeniQue
2875 1335 2929 1379 et
2970 1323 3136 1393 Moysi
3179 1336 3469 1376 successor
3501 1317 3674 1372 Iesus

388 1432 577 1473 eorum
630 1420 909 1488 templum,
972 1429 1026 1473 et
1079 1420 1485 1488 deprmdaretur
1536 1435 1722 1474 eorum
1780 1422 1973 1476 civitas
2066 1410 2239 1481 INave,
2278 1421 2541 1473 mandans
2574 1417 2770 1486 popqu
2799 1416 2865 1469 de
2901 1432 3000 1470 suo
3046 1415 3194 1468 exitu
3240 1414 3370 1465 dicit
3407 1427 3421 1463 :
3455 1409 3674 1475 Quibus

396 1520 615 1595 propter
636 1511 685 1563 id
712 1513 853 1580 quod
889 1516 1146 1566 adversus
1177 1528 1237 1567 se
1267 1513 1556 1568 amlebant.
1582 1513 1705 1568 Etsi
1740 1514 1836 1584 ipsi
1869 1515 1972 1569 alia

406 1600 674 1656 habebant
704 1615 946 1671 pecrata,
991 1605 1131 1661 Dens
1163 1616 1340 1659 autem
1379 1623 1480 1660 non
1527 1606 1799 1661 videretur
1826 1625 1976 1663 men-

403 1694 536 1759 dax,
570 1706 622 1747 ιιι
652 1696 750 1766 ipsi
793 1695 1188 1766 blasphemant,
1219 1699 1554 1753 inveniretur
1584 1711 1763 1754 autem
1789 1716 1970 1769 verax,

2077 1514 2231 1568 vultis
2269 1514 2463 1566 servire
2497 1508 2644 1564 diis?
2694 1508 2836 1563 Nunt
2886 1509 2965 1561 Itis
3010 1525 3139 1577 quas
3169 1506 3443 1560 coluerunt
3486 1514 3675 1569 patres

2075 1606 2231 1658 vestri
2250 1605 2303 1656 in
2329 1602 2562 1673 lEgypto
2582 1602 2670 1657 “?
2704 1601 2840 1668 Quid
2866 1611 3045 1654 autem
3076 1615 3213 1668 opus
3250 1606 3333 1651 est
3362 1595 3672 1664 prophetas

2075 1693 2308 1750 vocare?
2344 1694 2519 1762 ipsmn
2566 1693 2733 1748 Israel
2766 1702 2956 1745 testem
2986 1692 3273 1744 adversum
3324 1702 3381 1740 se
3411 1695 3467 1739 et
3514 1685 3676 1753 ipso—

405 1801 599 1856 passus
635 1790 821 1859 utique
854 1788 1046 1844 fuisset
1093 1790 1197 1844 alia
1243 1807 1430 1845 eorum
1466 1803 1712 1863 peccata,
1759 1804 1814 1847 ut
1845 1810 1973 1848 con-
2002 1772 2046 1827 Β
2078 1802 2195 1841 rum
2223 1801 2410 1839 vocem
2443 1786 2710 1855 produco,
2755 1793 2811 1837 ut
2850 1781 3132 1837 ostendam
3170 1779 3296 1848 quia
3331 1777 3475 1831 idola
3526 1776 3677 1829 cole-

392 1880 703 1934 flrmaretur
735 1884 945 1936 docenti
969 1884 1280 1953 pra-dicatio
1316 1885 1426 1948 illa,
1458 1900 1576 1954 quae
1607 1895 1661 1939 et
1684 1885 1840 1938 cascis
1875 1901 1973 1939 cx-

391 1973 531 2027 stitit
574 1973 884 2038 tnanilesta,
916 1984 971 2028 et
1005 1978 1311 2032 videntibus
1348 1966 1635 2048 completa.
1683 1978 1974 2047 Apostolus

392 2068 535 2119 enim
585 2064 783 2120 Paulus
826 2068 893 2121 ad
942 2066 1162 2122 Galatas
1215 2069 1461 2123 scribens
1515 2070 1591 2122 ait
1634 2080 1647 2122 ε
1688 2067 1825 2134 Quia
1853 2078 1976 2123 ante

393 2156 573 2211 oculos
632 2175 814 2212 eorum
862 2162 1149 2230 descriptus
1192 2172 1265 2215 est
1317 2161 1471 2216 Iesus
1512 2161 1752 2217 Christus
1807 2163 1977 2215 cruci-

391 2250 533 2321 ﬁxus
565 2250 630 2304 ".
666 2250 776 2322 Ego
802 2263 983 2306 autem
1023 2264 1078 2305 et
1107 2255 1318 2307 audebo
1350 2255 1613 2309 adversus
1650 2270 1740 2309 vos
1771 2254 1973 2318 dicere,

397 2345 522 2413 quia
564 2359 743 2399 sermo
796 2354 922 2399 ante
971 2346 1160 2401 oculos
1211 2356 1422 2402 vestros
1471 2347 1731 2401 describit
1789 2344 1974 2401 Jesum

394 2434 678 2491 Christum
710 2438 1072 2492 resurrexisse
1109 2454 1137 2491 a
1169 2440 1417 2493 mortuis.
1465 2437 1601 2504 Quid
1629 2439 1772 2492 enim
1824 2453 1975 2508 qua:-

394 2522 513 2582 ris'?
550 2545 652 2582 non
686 2528 933 2584 invenies
972 2530 1140 2584 solem
1179 2530 1504 2584 clariorem:
1536 2535 1603 2584 ad
1647 2530 1979 2585 satisfactio-

396 2634 518 2673 nem
554 2618 664 2690 (48)
696 2622 1111 2676 resurrectionis
1140 2621 1379 2687 Domini,
1412 2623 1697 2694 gentilium
1729 2624 1977 2692 quotidie

394 2710 731 2764 deiicientem
761 2711 1052 2765 culturam.
1080 2710 1482 2766 Protenduntur
1505 2724 1683 2767 autem
1719 2711 1978 2766 Ecclesia:

394 2798 560 2865 bona,
605 2812 653 2855 et
695 2800 940 2870 quotidie
969 2811 1245 2855 crescunt.
1295 2797 1561 2860 Inimicus
1610 2817 1743 2872 ergo
1778 2810 1836 2854 ut
1877 2802 1977 2871 ipsi

396 2900 585 2960 putant
611 2889 760 2960 legis,
792 2891 883 2960 qui
916 2892 1152 2944 vindicat
1184 2891 1237 2943 in
1286 2892 1546 2946 adversos
1575 2900 1631 2945 et
1655 2894 1983 2947 domesticos

395 2996 546 3044 suos,
600 2980 889 3045 exaltatur,
932 2982 1080 3033 vivit.
1120 2980 1286 3035 Putas
1329 2992 1423 3034 aut
1471 2996 1576 3035 non
1635 2983 1821 3036 vivens
1869 2984 1983 3035 hac

2077 1878 2210 1933 bant
2257 1878 2309 1931 in
2358 1875 2619 1945 Egypto.
2651 1876 2786 1942 Quia
2844 1875 2987 1930 enim
3036 1882 3299 1927 exeuntes
3328 1872 3394 1924 de
3422 1867 3675 1938 Egypto

2075 1979 2235 2024 erant
2269 1970 2319 2022 in
2372 1971 2613 2034 deserto,
2644 1979 2696 2021 et
2745 1965 2958 2038 Moyses
2993 1965 3317 2019 ascenderat
3368 1973 3678 2030 apportare

2077 2061 2355 2131 sacrilegis
2385 2061 2579 2130 legem,
2600 2059 2958 2127 quadraginta
2979 2068 3158 2110 autem
3181 2055 3295 2109 dies
3319 2051 3678 2122 protenderat

2079 2154 2131 2208 in
2157 2165 2336 2206 monte
2364 2151 2578 2222 Moyses
2608 2169 2621 2204 :
2659 2160 2824 2221 caput
2861 2148 3012 2201 vituli
3044 2148 3146 2202 sibi
3179 2145 3509 2206 caullautes,
3563 2143 3679 2196 cla-

2078 2247 2304 2301 tnabant
2357 2245 2472 2299 suis
2532 2245 2732 2314 linguis
2787 2243 3078 2296 adversmn
3118 2255 3176 2292 se
3208 2257 3222 2292 :
3259 2235 3364 2290 Isti
3422 2236 3502 2288 dii
3559 2236 3676 2302 tui,

2079 2334 2272 2399 Israel,
2297 2335 2387 2407 qui
2417 2336 2704 2389 eduxerunt
2741 2344 2789 2387 te
2841 2335 2904 2385 de
2931 2342 3071 2386 terra
3093 2328 3315 2399 £gypti
3336 2328 3404 2381 ".
3435 2327 3556 2382 Hoc
3578 2343 3680 2380 au-

2083 2442 2189 2485 tem
2226 2429 2592 2492 commendat,
2625 2429 2751 2498 quia
2795 2428 2884 2496 qui
2916 2436 2968 2481 et
3022 2426 3075 2479 in
3126 2427 3345 2478 deserto
3382 2425 3681 2477 coluerunt

2082 2521 2223 2576 idola
2257 2520 2518 2575 facientes
2562 2519 2663 2572 sibi
2698 2517 2848 2570 vituli
2874 2525 3058 2582 caput,
3085 2524 3140 2568 et
3165 2513 3305 2582 apud
3329 2509 3666 2582 Egyptum.

2082 2611 2278 2667 Dixere
2296 2611 2440 2665 enim
2463 2609 2593 2664 :lsti
2622 2608 2698 2661 dii
2726 2608 2829 2671 tui,
2856 2605 3056 2670 Israel,
3090 2605 3178 2674 qui
3212 2605 3513 2657 eduxerunt
3537 2614 3588 2654 te
3615 2604 3681 2655 dc

2082 2717 2225 2760 terra
2256 2702 2499 2774 zEgypti.
2535 2699 2922 2756 Accusantium
2954 2713 3051 2750 vox
3082 2706 3166 2750 est
3198 2696 3322 2765 quia
3357 2694 3682 2749 istiusmodi

2084 2796 2493 2852 venerabantur
2536 2792 2703 2855 idola,
2740 2791 2917 2846 ethos
2942 2788 3195 2843 colebant
3223 2796 3279 2840 et
3318 2786 3372 2840 in
3414 2785 3683 2856 Egypto,

2081 2887 2280 2957 quibus
2318 2895 2373 2941 et
2414 2884 2719 2940 reddebant
2751 2882 2990 2952 gratiam
3056 2878 3390 2950 egressionis
3423 2894 3565 2932 suat.
3624 2877 3683 2931 Si

2084 2988 2263 3033 autem
2298 2977 2557 3041 dixerint,
2589 2975 2717 3045 quia
2754 2972 2859 3027 alia
2888 2983 3110 3043 peccata
3144 2970 3436 3025 habuimus
3462 2969 3540 3023 ob
3562 2984 3686 3039 qua:

399 3090 522 3144 quae
552 3090 656 3128 non
689 3075 929 3127 viventes
975 3083 1222 3142 possunt,
1273 3073 1388 3143 ipse
1436 3073 1733 3142 operatur?
1763 3075 1979 3128 occasio
2006 3114 2048 3171 ο
2085 3081 2139 3125 et
2166 3072 2232 3125 ad
2266 3070 2545 3124 desertum
2600 3068 2860 3138 perducta
2894 3081 3083 3121 eorum
3127 3065 3358 3127 civitas,
3404 3072 3460 3125 et
3512 3063 3686 3118 servit

398 3163 599 3217 Juda'is
635 3161 779 3216 nulla
816 3162 1001 3216 relicta
1037 3171 1141 3216 est.
1179 3162 1318 3217 Cum
1368 3164 1512 3217 enim
1569 3164 1792 3228 dicunt,
1850 3166 1974 3234 quia

401 3251 505 3305 alia
537 3262 758 3320 peccata
799 3251 1108 3316 habuimus,
1137 3261 1192 3305 et
1244 3250 1367 3304 ideo
1397 3250 1552 3321 ejecti
1593 3266 1783 3305 smnus
1813 3266 1976 3307 nunc.

399 3342 643 3398 Primum
700 3353 785 3398 est
828 3345 994 3410 enim,
1046 3343 1414 3414 quando'non
1468 3346 1714 3413 peccavit
1770 3343 1982 3398 Israel?

397 3436 615 3507 quando
653 3451 758 3489 non
793 3449 886 3489 cos
910 3446 993 3489 est
1022 3450 1213 3504 passus
1243 3434 1386 3490 Deus
1419 3436 1522 3489 nisi
1558 3450 1703 3490 nunc
1755 3436 1928 3490 solum
1956 3435 1981 3489 ?

398 3527 589 3584 Nonne
616 3530 666 3582 in
692 3526 928 3599 IEgypto
972 3527 1110 3581 idola
1159 3527 1454 3583 colebant?
1482 3527 1645 3582 Putas
1680 3543 1810 3599 ergo
1845 3527 1978 3598 quia
2002 3580 2017 3595 ,

399 3614 653 3674 colebant
677 3621 815 3674 idola
842 3618 1067 3689 primam
1102 3619 1258 3673 istam
1291 3618 1748 3689 irreligiositatetn
1778 3620 1979 3675 admit-

399 3722 594 3777 tentes,
613 3712 735 3766 ideo
761 3725 862 3764 non
883 3722 1010 3764 sunt
1026 3710 1186 3779 ejecti
1219 3711 1286 3766 de
1304 3708 1542 3780 IEgypto
1558 3711 1581 3764 ?
1600 3711 1665 3764 Et
1691 3722 1839 3767 certe
1855 3728 1980 3766 cum

401 3804 587 3860 multis
616 3804 849 3873 signiset
875 3804 1133 3873 prodigiis
1160 3812 1215 3858 et
1245 3803 1606 3870 mirabilibus,
1636 3818 1756 3857 cum
1789 3819 1983 3873 percu-

402 3906 649 3951 terentur
680 3895 915 3965 [Egyptii
951 3896 1137 3949 decem
1168 3894 1362 3965 plagis,
1413 3896 1554 3951 liber
1596 3906 1781 3951 autem
1834 3905 1982 3952 esset

306 4052 309 4057 η
401 3986 619 4042 lsraela
652 3990 835 4041 decem
870 3986 1041 4056 plagis
1082 3989 1404 4044 cohabitans
1447 3989 1665 4042 iisdem.
1707 3989 1775 4043 Et
1801 3991 1983 4058 operi-

401 4081 503 4133 bus
535 4077 646 4149 (49)
678 4080 893 4147 quidem
942 4086 1060 4131 erat
1093 4078 1333 4150 Egypti,
1386 4079 1482 4135 Dei
1528 4090 1711 4135 autem
1758 4082 1978 4135 miseri-

403 4172 584 4225 cordia
613 4186 642 4222 a
673 4170 841 4238 plagis
866 4167 1247 4239 Egyptiorum
1294 4171 1637 4226 habebantur
1684 4172 1978 4229 immunes.

404 4263 462 4318 Si
491 4264 653 4333 igitur
684 4271 903 4332 propter
930 4261 1233 4315 istiusmodi
1259 4273 1478 4332 peccata
1504 4263 1676 4333 plaga:
1698 4272 1852 4330 sunt,
1891 4265 1984 4318 de-

403 4355 633 4410 buerant
660 4370 713 4408 ιιι
742 4352 975 4423 Ᾱείεγμιο
1004 4368 1127 4407 cum
1154 4354 1566 4409 adducebantur
1594 4355 1764 4426 plaga:
1797 4356 1986 4410 adver-

2083 3179 2237 3235 gens,
2266 3171 2322 3216 et
2353 3176 2528 3230 neque
2554 3161 2816 3231 propheta
2842 3175 2964 3214 cum
2996 3157 3127 3228 ipsis
3145 3167 3250 3217 est,
3285 3170 3464 3224 neque
3482 3153 3686 3218 altare,

2083 3271 2186 3312 nec
2217 3272 2335 3321 rex,
2375 3270 2477 3308 nec
2507 3255 2804 3320 sacerdos;
2835 3251 2981 3322 quod
3035 3260 3317 3319 peccatum
3363 3248 3546 3315 majus
3600 3256 3686 3302 est

2083 3345 2536 3418 irieligiositate?
2564 3346 2620 3400 Si
2658 3355 2840 3399 autem
2881 3343 3124 3399 colentes
3169 3342 3310 3396 idola
3344 3343 3396 3395 in
3437 3339 3686 3412 ALgypto

2085 3441 2345 3495 exierunt
2366 3456 2431 3494 ex
2462 3438 2733 3510 Egypto;
2760 3453 2863 3492 non
2884 3447 3001 3490 erat
3020 3434 3231 3489 facilius
3259 3435 3563 3504 irreligiose
3582 3448 3685 3489 eos

2085 3543 2308 3603 agentes
2331 3533 2469 3602 apud
2502 3528 2765 3592 Judaeam,
2792 3529 2988 3583 reverti
3025 3528 3077 3581 in
3105 3525 3346 3580 Judzeam
3365 3525 3391 3578 ?
3420 3526 3526 3580 Sed
3557 3524 3685 3579 ausi

2092 3625 2439 3689 suntdicere,
2472 3623 2596 3692 quia
2628 3621 2748 3676 ideo
2772 3635 2916 3675 nunc
2940 3635 3045 3673 non
3074 3605 3335 3672 habemus
3354 3617 3683 3685 pmphctas,

2083 3717 2209 3787 quia
2242 3716 2383 3769 inter
2400 3728 2588 3785 gentes
2617 3712 2791 3784 sparsi
2813 3713 3078 3765 videmur.
3102 3708 3345 3776 Ubiergo
3361 3710 3512 3763 venit
3534 3709 3685 3777 Moy-

2084 3807 2207 3861 ses?
2225 3820 2401 3859 nonne
2417 3806 2468 3857 in
2487 3803 2748 3874 Egypto?
2770 3804 2856 3856 ubi
2876 3800 3071 3867 Maria,
3090 3817 3246 3856 soror
3262 3799 3473 3871 Moysi?
3497 3813 3686 3853 nonne

2085 3898 2143 3954 in
2168 3897 2438 3970 IEgypto?
2475 3898 2566 3952 ubi
2596 3897 2933 3967 septuaginta
2978 3894 3121 3948 duo?
3150 3909 3329 3947 nonne
3366 3894 3421 3945 in
3460 3893 3686 3945 deserto

2085 3989 2366 4060 gentium?
2387 3988 2514 4044 Post
2537 3988 2651 4042 haec
2674 3999 2854 4041 autem
2873 3988 2960 4040 ubi
2982 3986 3213 4041 Daniel?
3238 4000 3420 4040 nonne
3436 3987 3490 4038 in
3507 3985 3689 4056 Baby-

2084 4081 2266 4136 lonia?
2297 4081 2397 4136 Ubi
2449 4091 2557 4135 tres
2586 4081 2706 4150 ejus
2751 4079 2990 4134 fratres?
3040 4095 3217 4134 nonne
3273 4079 3326 4132 in
3377 4079 3687 4150 Babylonia

2086 4174 2228 4243 apud
2273 4172 2499 4244 gentes?
2533 4171 2635 4228 Ubi
2676 4174 2881 4245 degunt
2920 4174 3011 4243 qui
3060 4172 3355 4243 jejnnant?
3404 4188 3595 4226 nonne
3631 4173 3682 4225 in

2086 4265 2377 4336 gentibus?
2405 4265 2493 4319 ubi
2529 4263 2752 4319 ﬂamma
2793 4265 3062 4336 ignoravit
3084 4282 3237 4320 suam
3264 4264 3561 4317 naturam?
3594 4263 3685 4317 ubi

2084 4357 2382 4413 Zacharias
2429 4356 2730 4426 propheta?
2763 4358 2852 4411 ubi
2907 4357 3142 4427 Angelus
3188 4355 3344 4428 (50)?
3406 4354 3462 4408 Si
3499 4367 3685 4409 autem

404 4464 496 4502 sus
526 4446 828 4517 Egyptios,
861 4445 973 4498 dari
1005 4454 1058 4498 et
1091 4442 1322 4509 Iudaeis,
1349 4448 1594 4517 quicum
1617 4449 1981 4502 cohabitanti-
2016 4458 2060 4511 ο
2090 4451 2264 4522 prima
2307 4459 2363 4505 et
2396 4450 2573 4511 media
2608 4451 2660 4502 in
2694 4451 2974 4520 gentibus,
3024 4465 3148 4504 cum
3206 4449 3338 4518 ipsis
3365 4459 3527 4502 erant
3563 4465 3685 4519 pro-

406 4542 507 4595 bus
552 4541 688 4593 idola
742 4541 1077 4606 adorabunt,
1151 4539 1241 4608 qui
1297 4553 1355 4592 et
1408 4538 1784 4593 cohabitantes
1831 4540 1991 4594 simul

406 4650 529 4686 cum
557 4634 742 4685 iisdem
774 4634 1089 4701 peccabant.
1144 4630 1201 4686 Si
1238 4641 1423 4684 autem
1461 4630 1602 4684 idola
1631 4632 1847 4700 quidem
1893 4647 1991 4685 co-

408 4725 549 4779 lebat
577 4726 627 4778 in
660 4723 891 4796 Egypto
923 4725 1112 4790 Israel,
1151 4734 1206 4779 et
1235 4739 1341 4776 non
1377 4723 1552 4777 solum
1601 4740 1706 4776 non
1750 4723 1987 4792 accipie-

407 4814 500 4868 bat
534 4816 735 4886 plagas,
772 4817 933 4869 etiam
958 4815 1258 4885 inreligiosa
1290 4830 1509 4886 gerens,
1535 4814 1630 4866 sed
1662 4813 1751 4866 alii
1780 4829 1877 4881 pro
1909 4813 1991 4868 eis

406 4907 643 4975 quandiu
674 4917 729 4961 et
761 4908 975 4963 exirent
1005 4907 1130 4975 isti;
1166 4922 1309 4961 nunc
1332 4908 1449 4959 sine
1472 4920 1637 4960 causa
1662 4916 1979 4960 causantur.

407 4997 560 5063 Quod
587 5010 767 5053 autem
805 4997 946 5052 idola
974 4996 1225 5052 colebant
1253 4994 1307 5049 in
1333 4993 1569 5066 Egypto
1602 4995 1786 5060 Israel,
1816 5005 1983 5050 testa-

406 5092 498 5139 tur
529 5087 745 5154 quidem
775 5098 831 5140 et
859 5084 1113 5141 Ezechiel
1174 5088 1439 5154 propheta
1496 5098 1826 5153 comparans
1849 5086 1985 5139 duas

405 5191 592 5234 eorum
623 5179 970 5250 ntetropoles,
1008 5176 1350 5232 Hierusalem
1409 5177 1528 5231 dico
1565 5185 1619 5228 et
1654 5175 1985 5242 Samariam,

407 5269 618 5325 duabus
648 5272 1061 5335 consororihus,
1096 5279 1153 5324 et
1187 5268 1359 5323 dicit:
1400 5267 1530 5321 Duce
1559 5276 1709 5321 erant
1737 5282 1989 5321 consoro—

478 5410 524 5443 ⁸³
547 5406 666 5464 Gal.
705 5425 783 5475 ιιι,
819 5409 904 5464 Η.

481 5522 594 5595 (48)
631 5525 711 5577 Ad
740 5524 1177 5593 satisfactionem.
1204 5522 1362 5595 Forte
1393 5521 1647 5595 inGrmco
1667 5521 1982 5595 meritam-

411 5591 619 5664 ).oiiav.
645 5602 783 5662 quod
809 5591 1073 5662 interpres
1108 5594 1332 5648 verterit
1363 5592 1815 5648 satisfactionem:
1844 5593 1984 5649 sicut

413 5665 436 5723 Ξ
462 5665 581 5718 υιιι.
608 5680 692 5733 ιιι,
718 5665 801 5730 15,
833 5666 885 5724 in
910 5665 1119 5733 vulgata
1144 5665 1606 5733 interpretatione.

398 5774 421 5802 ,
484 5734 596 5799 (49)
631 5730 698 5786 Ει
724 5736 982 5789 oneribus.
1001 5732 1222 5792 Sensus
1268 5730 1444 5802 pateat
1487 5746 1630 5800 esse,
1676 5732 1981 5788 idololatria

982 5407 1026 5440 ”
1062 5407 1256 5462 Ezech.
1287 5422 1442 5470 χχιιι,
1475 5406 1531 5461 5.

1605 5404 1652 5436 ⁸⁸
1676 5402 1790 5459 los.
1823 5420 1973 5472 xxiv,
2000 5409 2090 5462 ll.

2091 4541 2289 4610 phette.
2351 4538 2420 4592 Et
2448 4548 2600 4593 certe
2635 4540 2777 4609 apud
2811 4537 3165 4608 Babyloniam
3218 4546 3376 4590 extra
3434 4535 3539 4589 hos
3591 4537 3685 4605 qui

2090 4632 2333 4704 praedicti
2364 4640 2524 4701 sunt,
2559 4648 2748 4686 omnes
2771 4630 2946 4685 Judad
2990 4633 3353 4684 adoraverunt
3377 4629 3678 4696 imaginem

2092 4725 2260 4794 regis,
2292 4734 2347 4779 et
2372 4741 2478 4779 non
2510 4725 2633 4779 ideo
2667 4723 2903 4778 fraudati
2944 4734 3075 4776 sunt
3121 4738 3148 4776 ιι
3188 4721 3493 4791 prophetis.
3547 4722 3683 4786 Quia

2091 4827 2277 4870 autem
2312 4817 2680 4870 adoraverunt
2736 4816 3058 4885 imaginem,
3097 4814 3454 4868 comminatio
3504 4812 3687 4866 Nabu-

2089 4905 2433 4963 chodonosor
2455 4917 2582 4961 tunc
2607 4905 2751 4961 facta
2773 4908 3082 4959 adnuntiat.
3114 4905 3252 4959 Dicit
3275 4905 3423 4959 enim
3452 4920 3468 4956 :
3497 4903 3683 4958 Omnis

2089 4998 2180 5066 qui
2198 5002 2301 5052 non
2325 4999 2518 5052 cadens
2551 4998 2851 5052 adoraverit
2878 4998 3184 5066 imaginem,
3219 4997 3405 5050 statim
3447 4997 3686 5051 mittetur

2092 5091 2149 5144 in
2200 5088 2468 5149 fornacem
2516 5091 2653 5160 ignis
2705 5091 2942 5145 ardentis
2973 5089 3041 5145 “.
3104 5087 3171 5143 Et
3222 5090 3420 5143 aderat
3467 5090 3681 5158 quidem

2097 5181 2171 5235 illi
2202 5182 2316 5253 (51)
2351 5183 2530 5239 omnis
2556 5181 2742 5237 lsrael.
2785 5182 2921 5236 Tres
2961 5191 3142 5236 autem
3187 5182 3289 5237 soli
3325 5181 3533 5237 inventi
3558 5189 3683 5236 sunt

2097 5273 2189 5343 qui
2220 5289 2327 5329 non
2368 5274 2733 5330 adoraverant
2763 5291 2782 5340 ;
2835 5275 2888 5328 in
2922 5272 3204 5328 lornacem
3237 5273 3394 5329 missi
3427 5284 3579 5339 sunt,
3629 5286 3681 5327 et

2168 5409 2213 5442 "
2237 5410 2407 5465 Exod.
2440 5427 2614 5476 xxxii,
2642 5410 2696 5464 4.
2775 5411 2821 5442 ⁸⁸
2846 5411 2978 5464 Dan.
3009 5425 3091 5476 tn,
3123 5408 3178 5465 6.

2091 5525 2280 5581 similis
2316 5525 2580 5596 {Egyptiis
2602 5524 2930 5596 crat_lsrael.

2163 5596 2276 5666 (50)
2313 5592 2414 5667 Ulli
2428 5592 2686 5667 Engelus.
2711 5592 3030 5651 Malae/tias.

2165 5667 2277 5740 (5|)
2310 5666 2423 5722 Illi.
2460 5666 2619 5723 Ferte
2645 5670 2776 5723 t'lttc.
