3822 6218
183 352 328 406 1097

1239 361 1326 414 DE
1364 361 1965 423 RESURRECTIONE.
2011 398 2074 408 —-
2113 369 2244 425 LIB.
2285 370 2349 427 ll.

3294 380 3427 436 1098

181 467 261 521 ab
291 467 414 536 igne
429 466 619 522 salvati
646 478 792 524 sunt.
826 470 1013 528 Daniel
1040 483 1219 530 autem
1253 480 1451 548 regalia
1481 482 1582 536 sibi
1611 498 1757 537 com-
1785 493 1829 549 Α
1860 491 2215 542 constantiam
2247 489 2384 561 (58),
2420 490 2655 560 praecipit
2692 507 2813 546 eum
2840 493 3038 551 induci.
3076 494 3188 553 Non
3218 510 3424 569 oporte-

183 563 356 615 missa
379 577 485 616 non
520 562 710 618 aderat
743 580 1002 633 praesens.
1039 568 1095 623 Si
1125 570 1268 625 enim
1309 572 1593 640 adfuisset,
1618 592 1756 630 mm-

182 665 352 717 quam
396 667 423 705 a
446 654 710 724 quadriga
738 657 910 711 bonus
936 660 1285 715 remansisset
1315 676 1509 733 equus.
1554 665 1630 720 Ita
1662 682 1758 719 au-

185 751 298 795 tetn
345 759 443 797 nec
486 744 777 800 derelictus
802 756 887 802 est
932 748 1115 805 Daniel
1161 752 1232 806 ob
1283 754 1757 810 comminationem

183 831 327 899 ignis
347 846 377 884 a
412 833 669 889 fratribus
697 835 813 890 suis
839 847 893 890 et
914 837 1130 893 illorum
1151 843 1410 913 martyrio
1448 858 1461 893 :
1496 846 1621 914 quia
1650 846 1755 900 fra-

179 930 296 975 tres
331 925 549 993 quidem
584 926 705 996 ejus
744 928 796 980 in
850 930 1085 984 medium
1121 932 1408 1002 producti,
1463 936 1516 989 in
1572 948 1758 1007 aperto

178 1012 506 1082 martyrium
544 1024 862 1083 posuerunt,
910 1026 964 1070 et
1010 1021 1157 1087 passi
1207 1033 1334 1076 sunt
1379 1034 1435 1078 et
1487 1026 1699 1082 liberati
1738 1045 1751 1081 :

179 1100 377 1157 Daniel
402 1115 582 1157 autem
640 1116 761 1175 post
792 1108 907 1162 ὶιειιο
939 1121 1211 1181 przecepto
1258 1115 1556 1172 exsistente
1612 1120 1756 1189 regis

178 1193 393 1246 nullum
423 1195 621 1249 debere
658 1212 831 1266 neque
872 1200 1037 1254 alium
1065 1204 1294 1259 adorare
1325 1207 1526 1273 Deum,
1582 1226 1756 1281 neque

176 1300 395 1355 regem,
444 1289 549 1343 nisi
604 1289 777 1344 solum
817 1308 1020 1363 regem,
1052 1305 1106 1350 et
1154 1312 1312 1367 quem
1341 1302 1535 1369 putas?
1564 1302 1755 1359 Persa-

178 1394 302 1431 rum
338 1397 354 1434 :
398 1380 508 1449 ipse
538 1390 716 1436 autem
749 1384 1053 1454 ingrediens
1093 1389 1311 1443 domum
1347 1406 1523 1459 suam,
1554 1404 1608 1449 et
1630 1410 1753 1451 cum

173 1479 363 1536 posset
390 1470 558 1527 latere
587 1484 641 1527 et
673 1476 882 1529 occulte
916 1478 1143 1533 adorare
1172 1481 1358 1546 Deutn,
1392 1485 1566 1552 palam
1614 1488 1752 1542 ado-

176 1575 310 1615 rans
340 1578 442 1616 non
472 1566 686 1634 negavit
721 1566 1060 1636 religionem,
1094 1572 1187 1628 sed
1217 1575 1404 1629 maluit
1431 1580 1602 1649 magis
1628 1596 1751 1635 esca

173 1652 294 1705 dari
333 1652 596 1719 leonibus,
629 1672 790 1725 quam
828 1658 1064 1715 fraudari
1110 1678 1168 1717 se
1208 1667 1275 1719 ab
1318 1668 1635 1726 adoratione
1671 1674 1752 1727 vi-

173 1743 362 1797 ventis
388 1744 501 1799 Dei.
527 1744 646 1800 Noli
683 1750 826 1802 enim
859 1766 1123 1821 quaerere,
1156 1755 1199 1809 si
1246 1756 1435 1812 Daniel
1469 1776 1573 1815 non
1604 1772 1686 1819 est
1718 1781 1746 1819 a

1861 576 1951 630 hat
1981 579 2125 631 enim
2170 578 2453 634 Dominum
2499 580 2681 635 lesum
2724 584 2840 638 sine
2889 588 3094 640 victore
3144 590 3420 644 recedere.

1860 661 2209 721 lntroducens
2230 680 2406 722 autem
2441 683 2563 723 eum
2594 709 2610 733 ,
2644 671 2824 725 omnia
2859 680 3126 729 tormenta
3157 677 3425 745 movebat,

1856 762 1912 806 et
1943 762 2087 807 tattta
2114 756 2203 809 nni
2238 757 2495 823 vincenti,
2529 769 2729 828 quanta
2768 764 3020 820 omnibus
3049 766 3130 820 his
3164 767 3254 836 qui
3309 767 3425 820 fue-

1861 855 1984 897 rant
2009 856 2272 915 superatt.
2305 847 2647 905 Conteudens
2670 853 2810 906 enim
2837 870 2903 909 ne
2925 855 3223 911 solveretur
3252 858 3423 913 victo-

1860 936 1937 988 ria
1964 951 2058 990 sua
2092 952 2188 1005 per
2214 938 2370 995 unius
2400 940 2554 996 istius
2578 944 2884 1009 victoriam,
2910 954 2963 999 et
2997 957 3252 1016 reputans
3280 950 3421 1017 apud

1856 1039 1934 1089 se,
1969 1026 2091 1095 quia
2123 1037 2178 1082 ct
2215 1027 2269 1081 in
2313 1030 2503 1084 stadiis
2538 1031 2656 1087 finis
2684 1036 3017 1088 currentium
3041 1037 3322 1105 quaeritur,
3370 1047 3422 1091 et

1855 1117 1978 1185 quia
2008 1118 2051 1171 si
2086 1118 2186 1173 iste
2215 1118 2425 1187 vicerit,
2477 1136 2571 1175 nec
2604 1132 2662 1177 ut
2704 1123 2831 1177 victi
2862 1134 3022 1178 erunt
3063 1127 3152 1194 qui
3207 1126 3422 1182 fuerant

1856 1210 2131 1276 superati;
2183 1212 2439 1269 universa
2477 1216 2525 1270 ei
2580 1216 2858 1271 admoveri
2919 1227 3185 1274 tormenta
3242 1219 3416 1289 jubet.

1856 1302 2052 1357 Valens
2079 1305 2224 1358 enim
2254 1302 2471 1361 ﬂectere
2507 1306 2781 1376 juvenem,
2825 1320 2879 1363 et
2909 1310 3079 1366 oculis
3111 1315 3417 1383 torquebat,

1853 1401 1910 1448 et
1930 1393 2178 1449 dentibus
2202 1397 2524 1465 minabatur,
2551 1409 2605 1454 et
2630 1401 2881 1455 manibus
2908 1405 3268 1471 torquentium
3296 1422 3422 1462 suas

1853 1489 2203 1556 protendebat
2243 1504 2454 1555 manus,
2498 1500 2553 1544 ct
2589 1494 2656 1545 ab
2696 1493 2809 1563 ipsa
2851 1497 2929 1548 ira
2976 1498 3137 1550 etiam
3179 1498 3245 1552 de
3293 1499 3420 1554 sede

1856 1574 2169 1628 movebatur
2198 1590 2314 1629 sua.
2364 1575 2499 1631 Cum
2544 1586 2724 1634 autem
2772 1580 3127 1652 fatigarentur
3155 1593 3414 1655 torquen-

1856 1672 1955 1727 tes,
1990 1674 2170 1720 etnon
2199 1669 2417 1749 cederet
2439 1669 2527 1737 qui
2565 1673 2936 1741 torquebatur,
2965 1684 3127 1746 atque
3167 1678 3418 1735 obtusum

1854 1760 1907 1806 et
1934 1752 2199 1808 deﬂexum
2218 1754 2413 1811 fuisset
2440 1757 2663 1823 ferrum,
2695 1776 2799 1815 non
2831 1772 2913 1816 est
2940 1764 3110 1820 ﬂexus
3140 1767 3228 1835 qui
3265 1770 3421 1823 rade-

172 1834 423 1891 leonibus
444 1842 994 1912 comesms:sedquia
1016 1848 1743 1925 proposuitsecomedi(52),
1780 1830 2025 1899 Bbatur.
2076 1846 2211 1902 Cum
2268 1849 2379 1918 jam
2434 1850 2577 1905 nulla
2637 1854 2946 1910 adinventio
3027 1867 3415 1915 tormentorum

173 1929 281 1982 hoc
311 1931 552 1985 adverte.
581 1930 688 1986 Nec
722 1936 844 2001 quia
885 1951 991 1989 non
1022 1941 1363 2009 consumpsit
1396 1941 1609 1998 ﬂamma
1639 1956 1747 2001 tres

172 2019 298 2074 illos
336 2037 533 2091 pueros
566 2023 756 2078 missos
792 2025 843 2078 in
871 2025 1140 2082 fornacem
1173 2031 1309 2099 ignis
1336 2033 1611 2101 ardentis,
1652 2039 1746 2093 sed

169 2112 302 2179 quia
327 2113 424 2180 ipsi
460 2114 761 2169 holocauin
790 2114 917 2171 facti
949 2129 1076 2172 sunt
1106 2120 1220 2190 (55)
1253 2134 1510 2191 quantum
1541 2127 1607 2181 ad
1638 2129 1750 2183 ala-

172 2204 424 2258 critatem
448 2221 620 2261 suam.
646 2206 759 2261 Non
786 2211 929 2263 enim
965 2212 1032 2266 ab
1059 2215 1206 2267 exitu
1232 2213 1493 2282 judicium
1523 2228 1624 2285 est,
1653 2221 1749 2276 sed

170 2296 246 2350 ab
278 2295 557 2351 alacritate
570 2313 801 2354 coronae.
823 2301 930 2370 Ego
948 2315 1125 2359 autem
1148 2306 1286 2373 dico,
1301 2309 1392 2378 qui
1420 2310 1539 2367 ideo
1555 2312 1747 2368 salvati

169 2397 305 2441 sunt
352 2398 499 2455 tunc,
555 2400 610 2445 et
657 2390 841 2446 Daniel
891 2408 922 2447 a
972 2394 1237 2464 leonibus,
1282 2410 1336 2453 et
1370 2408 1479 2456 tres
1525 2405 1672 2472 pueri
1718 2421 1747 2459 a

171 2474 392 2531 ﬂamma
449 2478 590 2549 ignis
636 2482 919 2551 ardentis;
982 2500 1086 2540 non
1147 2499 1366 2555 propter
1418 2490 1747 2548 alacritatem

172 2583 366 2622 eorum
395 2571 483 2639 qui
520 2572 713 2626 salvati
758 2583 903 2638 sunt,
965 2577 1060 2631 sed
1109 2590 1332 2648 praptcr
1378 2580 1747 2641 infirmitatem

176 2660 397 2714 illorum
434 2662 523 2729 qui
555 2666 921 2719 adoraverunt
976 2667 1286 2739 imaginem.
1328 2670 1395 2726 Ut
1447 2675 1590 2728 enim
1642 2693 1747 2732 non

171 2751 418 2805 dicerent
447 2753 535 2821 qui
579 2755 959 2824 adoraverunt,
998 2758 1138 2825 Quid
1170 2761 1368 2831 profuit
1397 2764 1476 2820 eis
1501 2767 1590 2837 qui
1642 2784 1747 2824 non

168 2844 582 2899 adoraverant?
610 2863 675 2900 ne
702 2850 768 2901 ah
801 2850 949 2903 exitu
1010 2852 1241 2908 incendii
1275 2870 1464 2912 eorum
1518 2862 1606 2929 qui
1638 2876 1747 2916 non

171 2933 558 3001 adoraverunt,
599 2937 1028 2993 satisfactionem
1075 2940 1186 3015 (54)
1217 2946 1316 3000 sibi
1365 2951 1751 3020 conquirerent

173 3024 478 3094 irreligiosa
503 3038 741 3098 agentes,
781 3031 900 3086 ideo
930 3032 1119 3088 salvati
1156 3048 1280 3092 sunt
1303 3040 1392 3109 qui
1425 3056 1528 3095 non
1554 3043 1750 3097 adora-

170 3128 392 3179 verunt,
439 3126 498 3172 ut
535 3136 641 3173 non
690 3136 1068 3188 permanerent
1107 3130 1303 3183 mortui
1338 3132 1429 3201 qui
1489 3134 1745 3188 adorave-
1773 3163 1815 3222 ο

170 3217 322 3262 runt.
360 3208 478 3277 Ipse
509 3210 623 3281 (55)
653 3212 796 3267 enim
838 3213 980 3270 Deus
1004 3228 1087 3272 est
1122 3218 1305 3275 Daniel
1352 3232 1406 3276 et
1436 3225 1624 3280 horum
1655 3226 1747 3295 qui

172 3300 228 3353 in
287 3304 563 3373 martyriis
615 3317 1009 3362 consumuntur
1052 3327 1081 3363 a
1137 3311 1287 3367 feris.
1330 3314 1435 3369 Sed
1476 3333 1580 3371 non
1636 3319 1751 3388 ipse

172 3391 403 3459 populus
438 3408 454 3445 :
483 3395 551 3448 ab
576 3395 871 3451 incredibili
914 3398 1025 3469 (56)
1054 3402 1195 3454 enim
1240 3405 1435 3473 populo
1465 3405 1749 3460 Salvaban-

172 3494 267 3537 tur
294 3486 382 3553 qui
412 3484 571 3541 fidem
599 3488 1021 3558 confitebantur,
1060 3504 1117 3547 ut
1139 3509 1246 3549 non
1268 3497 1618 3555 incredulitas
1654 3516 1751 3570 po-

171 3577 284 3646 puli
310 3588 631 3646 augeretur:
669 3595 697 3631 a
724 3579 861 3633 ﬁdeli
884 3592 1063 3637 autem
1095 3584 1266 3654 plebe,
1295 3598 1581 3644 ut‘crescat
1618 3591 1749 3646 fides

173 3670 230 3722 in
274 3670 533 3739 sanguine
566 3681 901 3740 sanctorum,
935 3676 1137 3731 veritas
1166 3679 1414 3734 firmatur
1438 3680 1737 3753 Evangelii.

170 3759 444 3815 Habemus
474 3772 654 3817 autem
686 3772 740 3817 et
770 3779 886 3831 nos,
911 3765 1036 3834 quia
1076 3778 1128 3823 et
1156 3769 1417 3826 mirabilia
1453 3774 1592 3829 facta
1624 3788 1750 3831 sunt

170 3852 227 3902 in
260 3848 638 3919 languentibus
682 3852 837 3908 locis.
883 3855 1108 3922 Quidam
1139 3861 1284 3914 enim
1321 3877 1348 3915 a
1388 3862 1517 3919 feris
1551 3867 1746 3922 salvati

167 3948 322 4004 sunt,
349 3942 472 4010 quia
498 3942 820 4012 languebant
844 3945 955 3999 loca
993 3947 1043 4000 in
1073 3949 1267 4016 quibus
1299 3960 1353 4004 et
1378 3955 1555 4021 passio
1604 3972 1750 4010 mar-

169 4039 352 4101 tyrum
377 4033 684 4102 agitabatur
714 4052 728 4087 :
764 4035 851 4088 alii
881 4038 948 4089 ab
978 4038 1098 4108 igne
1128 4041 1337 4096 liberati
1361 4055 1506 4097 sunt.
1545 4045 1601 4099 Si
1625 4049 1746 4114 quis

170 4132 354 4175 autem
387 4140 491 4177 non
526 4127 719 4189 credit,
763 4137 818 4182 et
841 4129 1106 4184 rationem
1130 4136 1408 4203 exposcit;
1442 4137 1573 4191 nihil
1618 4154 1743 4208 pro-

170 4210 323 4266 hibet
351 4214 582 4284 religiosi
609 4220 764 4273 unius
796 4222 1111 4276 memoriam
1136 4239 1232 4278 nos
1266 4238 1524 4295 repetere,
1546 4228 1603 4283 et
1621 4245 1746 4298 pro-

167 4306 318 4360 ferre
354 4308 404 4360 in
435 4310 691 4363 medium.
734 4310 788 4365 In
832 4311 1295 4369 Antiochenorum
1342 4317 1430 4373 illa
1465 4321 1600 4375 urbe
1632 4320 1743 4376 Ro-

170 4411 367 4450 tnauus
390 4398 605 4466 quidam
630 4402 835 4455 exstitit
860 4414 1084 4474 martyr.
1109 4403 1214 4460 lste
1241 4409 1554 4475 peregrinus
1583 4411 1746 4464 adve-

1850 1932 2037 1991 futsset
2055 1938 2325 2001 derelicta,
2340 1942 2563 2009 cupiens
2579 1947 2933 2000 constantiam
2953 1962 3109 2003 suam
3138 1952 3422 2007 ostendere

1849 2026 2056 2081 Domini
2073 2030 2243 2095 miles,
2264 2031 2458 2086 emittit
2476 2047 2657 2088 vocem
2672 2036 2885 2092 dicens:
2906 2038 3073 2108 Curj-a
3084 2057 3154 2108 m,
3175 2052 3419 2114 tyranne,

1850 2133 1955 2173 non
1978 2122 2195 2176 cessas?
2216 2123 2500 2180 confessus
2527 2140 2645 2179 sum
2674 2141 2769 2196 per
2791 2142 2851 2183 os
2885 2143 3066 2185 verum
3089 2147 3209 2187 esse
3238 2150 3419 2204 regem

1847 2210 2147 2266 Christum.
2180 2212 2355 2269 Judex
2381 2226 2561 2273 autem
2588 2217 2840 2288 injuriam
2875 2221 2927 2274 in
2965 2225 3304 2293 tyrannidem
3337 2228 3420 2281 di-

1850 2315 1990 2359 ctam
2028 2320 2133 2360 non
2180 2306 2469 2375 suﬂ‘erens,
2526 2311 2759 2366 convicit
2788 2313 3005 2382 quidem
3051 2330 3130 2382 se,
3168 2326 3222 2371 et
3269 2333 3420 2373 com-

1851 2398 2121 2452 mendavit
2153 2411 2444 2471 martyrem
2475 2400 2673 2457 Christi
2707 2420 2719 2456 :
2753 2409 2877 2476 quia
2907 2407 3026 2461 ideo
3054 2408 3166 2463 haec
3192 2425 3287 2479 pro
3326 2426 3420 2466 ve—

1851 2504 1911 2542 ro
1947 2504 2073 2558 rege
2102 2492 2323 2559 patitur,
2348 2494 2437 2562 qui
2482 2495 2554 2550 ita
2588 2496 2654 2551 de
2686 2499 2895 2552 mortali
2927 2514 3091 2555 ausus
3128 2513 3209 2556 est
3245 2502 3412 2573 loqui.

1849 2577 2140 2647 Propterea
2175 2581 2329 2649 jubet
2377 2598 2497 2639 eum
2544 2586 2650 2655 igni
2689 2589 2865 2654 tradi,
2900 2605 3154 2646 coronam
3202 2598 3418 2651 coronis

1849 2670 2200 2741 coniungens.
2245 2674 2312 2729 Et
2359 2676 2481 2732 ideo
2527 2680 2636 2734 cito
2685 2679 3017 2737 eﬂiciebatur
3065 2698 3417 2757 prmceptum.

1849 2762 2181 2833 Ejiciebatur
2203 2766 2346 2820 enim
2383 2766 2659 2825 Romanus
2697 2770 2849 2828 laetus
2877 2783 2932 2828 et
2964 2786 3249 2833 coronatus
3287 2794 3415 2834 san-

1849 2853 2031 2924 guine,
2070 2854 2296 2925 insignia
2335 2856 2389 2911 in
2423 2857 2683 2915 lateribus
2715 2862 2919 2916 habens
2946 2880 3064 2933 quae
3113 2882 3212 2935 pro
3276 2871 3419 2924 veri—

1853 2954 1962 2999 tate
1992 2945 2169 3000 fuerat
2200 2962 2395 3019 passus
2428 2963 2441 2999 :
2481 2958 2703 3018 portans
2739 2953 2936 3021 quippe
2974 2962 3028 3008 et
3079 2956 3130 3009 in
3174 2957 3416 3013 humeris

1849 3050 2064 3090 crucem
2096 3077 2109 3100 ,
2153 3048 2207 3092 et
2254 3038 2309 3092 in
2366 3036 2545 3093 fronte
2596 3041 2808 3109 signum
2850 3043 3048 3112 regale.
3080 3043 3213 3099 Cum
3238 3056 3417 3101 autem

1850 3128 2217 3184 adunareutur
2266 3142 2537 3184 sarmenta
2582 3141 2636 3187 et
2671 3147 2895 3199 cannae,
2958 3135 3024 3188 ad
3078 3135 3415 3191 velocitatem

1850 3229 2030 3287 utpote
2075 3219 2342 3286 ﬂammat,
2395 3223 2477 3276 vel
2529 3225 2671 3292 quod
2721 3225 2828 3295 igni
2886 3237 3009 3295 apta
3063 3226 3316 3282 videntur
3351 3230 3419 3282 ad

1850 3304 2237 3372 incensionem,
2282 3308 2656 3380 imponebatur
2680 3322 2859 3367 autem
2899 3314 3087 3371 vivens
3121 3316 3419 3370 immolatio

1848 3398 1902 3453 in
1952 3401 2075 3467 igne
2124 3400 2257 3472 (59).
2305 3401 2430 3458 Haec
2482 3419 2602 3457 cum
2641 3405 2710 3459 ita
2744 3418 3052 3476 agerentur,
3108 3421 3213 3461 non
3264 3407 3418 3477 longe

1849 3498 2024 3544 autem
2076 3492 2288 3546 abesset
2336 3493 2547 3555 civitas,
2603 3504 2660 3547 ut
2696 3503 2983 3550 testaretur
3040 3497 3301 3554 veritati:
3359 3508 3416 3552 et

1847 3581 1985 3635 forte
2046 3583 2170 3650 quia
2227 3584 2442 3653 quidam
2506 3585 2571 3639 de
2620 3584 2819 3641 Judaeis
2872 3599 2963 3642 aut
3022 3587 3113 3642 alii
3167 3590 3413 3644 homines

1847 3673 2117 3740 dicebant,
2158 3676 2248 3731 ubi
2288 3685 2371 3731 est
2400 3677 2591 3731 horum
2642 3677 2815 3734 Deus?
2854 3680 2993 3734 forte
3030 3678 3414 3750 proferentium

1850 3761 2158 3818 Judmorum
2195 3775 2303 3820 tres
2344 3781 2559 3834 pueros,
2591 3776 2644 3821 et
2675 3769 2992 3835 dicentium,
3028 3770 3151 3838 quia
3188 3771 3289 3825 sub
3321 3788 3417 3826 nos

1847 3854 2194 3909 salvabantur
2226 3872 2253 3911 a
2295 3856 2509 3912 ﬂamma
2550 3858 2788 3915 fornacis
2816 3861 3083 3926 ardentis,
3121 3861 3209 3916 isti
3239 3872 3416 3918 autem

1847 3949 2076 4001 ardent:
2108 3950 2255 4019 atqui
2281 3950 2403 4005 οωιί
2437 3951 2589 4019 jubet
2617 3953 2880 4008 Dominus
2912 3956 3142 4010 nubibus
3166 3959 3417 4014 coronari

1846 4039 2063 4094 cmlum.
2106 4041 2415 4111 Adimplens
2463 4055 2642 4098 autem
2693 4044 2844 4098 sinus
2891 4048 3111 4102 nubium
3153 4052 3417 4118 grandine

1847 4142 1901 4184 et
1940 4132 2114 4186 imbre
2162 4134 2448 4187 admodum
2489 4137 2817 4201 vehententi,
2872 4147 2926 4192 et
2983 4140 3188 4195 addens
3226 4154 3417 4196 ventos

1848 4223 1915 4277 ad
1972 4225 2210 4279 velocem
2263 4225 2611 4281 emissionem
2662 4244 2849 4283 eorum
2896 4247 2910 4283 :
2969 4245 3142 4299 neque
3198 4237 3417 4288 accendt

1847 4313 2117 4369 ﬂammam
2144 4320 2426 4386 permittit,
2466 4321 2925 4376 vehementiorem
2949 4325 3245 4377 ostendens
3281 4326 3417 4379 hanc

1852 4410 2125 4476 virtutem,
2179 4427 2341 4480 quam
2404 4415 2544 4482 apud
2597 4413 2960 4485 Babyloniam.
3018 4414 3127 4469 Illic
3188 4416 3329 4470 enim
3387 4432 3416 4471 e

169 4496 329 4541 uerat
359 4487 466 4541 illo.
502 4489 633 4542 Cum
673 4492 1062 4562 autemjactari
1101 4511 1130 4547 a
1166 4497 1573 4565 tempestatibus
1601 4498 1743 4553 illam
1777 4506 1820 4561 Ι)
1849 4498 2062 4554 ﬂamma
2102 4509 2213 4557 tres
2250 4518 2445 4572 pueros
2482 4504 2734 4558 liberavit
2765 4518 2779 4557 :
2817 4505 2937 4561 istic
2970 4516 3149 4558 autem
3195 4520 3259 4560 ne
3296 4508 3415 4575 qui-

170 4585 303 4632 tunc
336 4578 538 4633 videret
565 4580 837 4637 civitatem
893 4583 1363 4655 (invenerateuim
1392 4589 1505 4659 jam
1548 4591 1744 4645 multos

170 4668 373 4725 milites
405 4674 668 4730 cecidisse
718 4677 1034 4752 Ecclesite),
1077 4698 1183 4737 non
1238 4694 1322 4739 est
1368 4701 1561 4755 passus
1612 4687 1743 4743 dare

165 4761 385 4817 diabolo
413 4773 471 4818 ut
493 4768 788 4825 exsultaret
824 4787 837 4822 :
868 4775 961 4827 sed
1000 4776 1364 4831 exsultantem
1393 4779 1631 4847 judicem
1675 4782 1742 4834 de

167 4853 256 4906 his
288 4854 376 4921 qui
403 4854 619 4910 fuerant
641 4862 880 4928 superati
909 4865 1243 4933 aggreditur,
1272 4869 1378 4920 vim
1410 4866 1620 4922 faciens
1649 4885 1736 4921 re—

166 4960 274 5013 gno
300 4960 425 5000 vero
458 4950 741 5021 rapto(57)
785 4969 799 5006 :
850 4964 904 5008 et
929 4957 1056 5010 dicit
1090 4975 1102 5010 :
1133 4957 1246 5011 Non
1291 4960 1509 5014 recedes
1560 4961 1738 5015 laetus.

167 5036 348 5092 Habet
379 5040 522 5094 enim
556 5040 700 5097 Deus
728 5045 928 5101 milites
961 5049 1052 5117 qui
1086 5051 1329 5119 superari
1354 5066 1460 5105 non
1492 5063 1738 5120 possunt.

164 5125 340 5181 Judex
366 5138 546 5182 autem
574 5131 755 5188 ebrius
789 5134 842 5188 in
900 5138 1123 5191 vietoria
1172 5154 1359 5194 eorum
1405 5142 1496 5210 qui
1530 5141 1745 5196 fuerant

164 5222 428 5289 superati,
463 5236 528 5275 ex
583 5222 794 5279 iilormn
825 5227 1197 5285 imbecillitate
1251 5232 1529 5287 :eStimans
1569 5235 1742 5289 sancti

237 5372 353 5445 (52)
384 5371 660 5451 Proposuit
685 5394 738 5431 se
758 5381 979 5434 comedi.
1009 5380 1212 5451 Sponte
1255 5398 1313 5440 se
1340 5384 1534 5439 obtulit
1566 5384 1738 5440 leoni-

163 5444 266 5499 bus
291 5449 609 5500 vorandum.

236 5512 350 5584 (55)
402 5512 712 5593 Holocousti
744 5517 890 5585 facti.
928 5518 1283 5593 ξολοκαυστοί
1320 5523 1371 5577 id
1400 5535 1484 5578 est
1526 5526 1739 5593 penitus

163 5585 491 5666 consumpti,
512 5596 566 5638 et
588 5589 898 5642 holocausm
921 5590 1067 5653 facti,
1098 5594 1141 5644 si
1159 5605 1372 5662 spectes
1394 5585 1606 5648 illorum
1627 5596 1742 5648 ala«

164 5664 814 5801 crl'gg'gntisfoctionem.
848 5729 1161 5797 Ἀπολογίαν
1187 5748 1343 5801 supra
1371 5734 1472 5788 col.
1498 5734 1651 5795 1095.
1675 5734 1735 5790 Β.

237 5792 352 5863 (55)
390 5799 526 5861 ipse.
553 5795 656 5847 l’ro
685 5798 838 5851 idem.

485 5890 739 5955 Pareat.
785 5895 1150 5958 Ga.XXlV.

1850 4591 1970 4644 dem
2019 4594 2237 4648 accendi
2280 4593 2509 4650 ﬂammze
2551 4610 2870 4651 concessum
2918 4606 3021 4650 est.
3075 4596 3159 4650 Fit
3211 4598 3415 4652 turbela

1849 4698 1955 4737 non
1990 4683 2123 4738 levis
2161 4703 2173 4738 :
2227 4687 2543 4739 nuntiantur
2578 4687 2690 4758 (60)
2730 4698 2961 4759 tyranno
3009 4689 3134 4757 quia
3179 4699 3416 4758 martyre

1848 4775 2048 4830 tradito
2082 4776 2188 4846 igni
2216 4777 2411 4832 coelum
2446 4778 2780 4848 indignatum
2811 4789 2914 4847 est,
2950 4789 3003 4832 et
3026 4780 3149 4850 quia
3176 4782 3414 4835 caelestis

1848 4883 1941 4921 rex
1971 4882 2097 4922 suos
2127 4869 2217 4937 qui
2255 4869 2308 4922 in
2355 4879 2498 4923 terra
2540 4870 2808 4925 habentur
2834 4872 3096 4925 defendit.
3133 4871 3258 4926 Haec
3286 4887 3409 4926 cum

1846 4959 2084 5013 audisset
2112 4972 2393 5029 tyrannus,
2414 4972 2467 5013 et
2490 4977 2615 5014 cum
2643 4962 2797 5016 valde
2823 4962 3076 5030 injuriam
3102 4963 3414 5021 defenderet

1845 5062 2000 5102 suam
2025 5048 2221 5104 factam
2252 5065 2346 5120 per
2372 5051 2633 5121 linguam,
2664 5054 2817 5122 jubet
2839 5055 3007 5122 judici
3040 5054 3151 5123 jam
3184 5070 3287 5108 non
3320 5055 3414 5109 de-

1846 5142 1976 5197 bere
2001 5142 2209 5212 jurgari
2235 5158 2357 5198 eum
2389 5146 2457 5199 ad
2482 5144 2673 5204 Deum.
2702 5148 2796 5201 sed
2827 5146 2989 5201 istum
3019 5162 3175 5210 uuem
3212 5146 3409 5203 libera-

1851 5238 1927 5289 vit
1964 5237 2105 5292 Deus
2137 5238 2336 5292 dimitti
2375 5238 2593 5294 debere.
2642 5238 2708 5293 Et
2755 5250 2935 5295 noster
2974 5242 3138 5305 igitur
3169 5238 3411 5294 Anania‘s

1928 5388 2021 5445 56)
2051 5389 2381 5444 Incredibili.
2405 5389 2509 5444 Pro
2540 5392 2829 5445 incredula.

1932 5388 1999 5443 56
2051 5389 2381 5444 Incredibili.
2405 5389 2509 5444 Pro
2540 5392 2829 5445 incredula.

1932 5388 2021 5530 57;
2058 5458 2230 5531 Regna
2258 5476 2375 5514 vero
2406 5470 2577 5526 rapto.
2623 5461 2777 5529 Quod
2809 5463 3022 5517 violenti
3063 5463 3299 5531 rapiunt,
3357 5473 3412 5519 ut

1839 5528 2039 5584 dicitur
2061 5528 2249 5583 Matth.
2292 5545 2368 5595 xi,
2417 5531 2499 5583 l2.

1907 5598 2019 5669 (58)
2055 5597 2151 5669 bis.
2186 5598 2483 5653 .‘Estimans
2510 5599 2661 5665 fortis
2682 5603 3052 5659 constantiam.

2053 5667 2155 5744 his.
2193 5669 2561 5744 [inponebatur
2586 5670 2754 5725 vivens
2784 5675 3078 5726 immolatio
3108 5673 3159 5726 in
3191 5674 3330 5744 igne.

1909 5737 2021 5811 (60)
2065 5737 2419 5795 Nuntiantur.
2460 5739 2620 5797 Forte
2658 5746 2950 5799 nuntiatur.

3015 5906 3090 5965 33
