3822 6218
437 348 576 408 1099

1145 341 1412 398 EUSEBII
1451 339 1924 401 CAESARIENSIS
1962 339 2108 394 OPP.
2149 339 2330 395 PARS
2365 340 2454 394 ιν.
2494 371 2560 379 --
2597 339 3015 398 DOGMATICA.

3538 341 3683 396 “00

436 464 582 518 velut
612 478 678 518 ex
719 461 839 532 igne
865 458 1171 515 dimittitur.
1200 457 1373 514 Judex
1395 469 1573 513 autem
1599 459 1880 513 blandiens
1912 468 1993 528 ty-
2028 463 2073 517 Α
2102 459 2263 512 senti.
2307 458 2505 538 lterum
2552 459 2642 527 qui
2693 459 2956 513 inciderat
3000 458 3264 522 medicus,
3322 459 3682 513 constituitur

439 570 629 618 ranno,
680 553 896 621 iniquus
942 551 1221 604 voluntate
1275 561 1328 604 et
1376 553 1673 620 proposito,
1721 549 1840 605 sine
1894 547 2003 602 Deo

437 644 656 713 degens,
683 644 907 712 cupiens
941 641 1074 695 nihil
1111 642 1302 697 deesse
1340 641 1728 696 blandimentis
1751 642 1884 705 suis,
1919 640 2004 694 in-

435 736 582 790 venit
606 733 789 788 nescio
820 733 946 801 quid
981 747 1176 786 novum
1206 731 1470 786 adversus
1491 740 1764 796 sanctum,
1799 731 2004 785 addens

435 825 848 880 admirationem
905 822 1374 877 admirationibns.
1431 820 1569 889 Quid
1631 823 1776 876 enim
1833 821 2005 876 facit?

435 917 678 988 praecipit
710 916 946 986 linguam
986 929 1090 982 qua
1132 914 1308 969 fuerat
1355 913 1566 969 locutus
1601 915 1653 967 in
1697 914 1995 981 hominem,

435 1027 501 1064 eo
532 1010 674 1077 quod
717 1022 820 1061 non
879 1014 1170 1077 negaverat
1219 1005 1408 1071 Deum,
1449 1006 1634 1060 incidi.
1677 1004 1742 1059 Et
1784 1005 2002 1076 quidam

437 1101 682 1156 medicus
713 1099 802 1167 qni
833 1099 944 1168 jam
993 1107 1177 1152 ruerat
1216 1112 1320 1150 non
1367 1098 1647 1167 proposito
1683 1097 1777 1152 sed
1823 1098 2005 1152 carnis

436 1193 786 1256 infirmitate;
841 1191 964 1260 quia
1007 1191 1149 1245 enim
1192 1192 1306 1258 ipse
1349 1189 1524 1243 fuerat
1571 1197 1858 1258 superatus
1889 1189 2005 1242 exi-

436 1285 546 1350 vit;
571 1285 832 1340 exsultari
861 1283 992 1338 libet
1020 1283 1086 1336 de
1118 1282 1342 1336 victoria
1371 1281 1677 1350 superantis
1704 1298 1718 1334 :
1752 1283 2004 1350 provenit

437 1391 618 1431 autem
654 1377 818 1431 istum
866 1385 1085 1442 portare
1135 1373 1474 1428 medicinalia
1515 1383 1885 1442 operamenta.
1941 1372 2005 1427 Et

437 1470 603 1524 exivit
637 1479 697 1523 ut
735 1468 1105 1522 consolaretur
1147 1481 1298 1521 snam
1347 1465 1558 1520 ruinam
1591 1481 1604 1518 :
1643 1465 1894 1520 inventus
1923 1474 2005 1519 est

439 1563 490 1615 in
532 1562 690 1614 aliam
729 1560 1077 1614 tentationem
1113 1557 1409 1611 incurrere.
1443 1555 1722 1625 Prmcepto
1744 1557 1885 1610 enim
1913 1557 2002 1628 jn-

439 1652 577 1706 dicis
606 1651 893 1706 insistente
927 1658 984 1702 ut
1016 1648 1194 1716 lingua
1220 1648 1551 1701 incideretur
1577 1648 1772 1710 sancti,
1796 1657 1851 1702 et
1877 1650 2002 1717 quia

440 1745 688 1797 inventus
727 1753 808 1796 est
841 1741 929 1794 ille
961 1748 1144 1810 parata
1182 1739 1388 1793 habens
1427 1741 1492 1792 ad
1520 1738 1679 1792 istam
1709 1740 2005 1793 necessita-

437 1845 545 1889 tem
579 1836 940 1896 ferrameiita,
973 1831 1264 1901 urgebatur
1301 1830 1544 1884 incidere
1589 1845 1750 1899 quam
1788 1831 2004 1886 nolebat

439 1929 699 1999 linguam.
743 1928 808 1981 Et
837 1926 1025 1981 incidit
1055 1927 1267 1995 quidem
1294 1939 1309 1978 :
1342 1940 1467 1979 cum
1495 1934 1676 1978 autem
1705 1924 2002 1989 incidisset,

433 2021 611 2088 ipsam
649 2019 884 2088 linguam
915 2033 1046 2072 usus
1077 2025 1160 2071 est
1191 2017 1256 2070 ad
1296 2016 1514 2070 tutelam
1543 2016 1626 2070 sui
1662 2034 1677 2070 :
1715 2031 1822 2072 non
1861 2018 2003 2072 enim

437 2109 664 2177 projecit
702 2123 862 2176 quam
904 2106 1111 2170 incidit,
1146 2106 1237 2159 sed
1285 2107 1558 2173 accipiens
1603 2120 1745 2171 eam,
1787 2115 1847 2159 ut
1896 2123 2006 2162 me-

437 2201 682 2254 dicamen
717 2200 782 2251 ad
813 2199 1099 2252 sanitatem
1134 2197 1276 2252 illius
1315 2198 1496 2252 delicti
1530 2199 1671 2267 quod
1707 2201 2006 2254 admiserat

438 2290 505 2342 ab
550 2289 818 2358 negando,
862 2288 1138 2356 accipiens
1171 2287 1312 2341 domi
1365 2289 1629 2354 recondit,
1682 2299 1740 2343 ut
1780 2304 2006 2344 consue-

436 2389 564 2433 runt
599 2379 709 2451 (6|)
759 2380 1104 2444 infirmiores,
1159 2379 1342 2434 ﬁdeles
1388 2387 1589 2446 tamen,
1637 2383 1904 2437 honorare
1958 2383 2004 2438 si

435 2472 565 2541 qnid
600 2489 626 2524 a
656 2471 986 2542 martyribus
1016 2469 1364 2540 sumpserint.
1397 2470 1537 2525 Dicit
1559 2481 1739 2526 autem
1770 2473 2007 2527 medico-

437 2579 554 2617 rum
589 2562 860 2627 doctrina,
889 2571 1223 2617 contestatur
1245 2562 1409 2616 etiam
1438 2572 1492 2616 et
1515 2573 1726 2628 natura,
1758 2564 1881 2627 quia
1905 2564 2007 2618 lin-

436 2669 552 2723 gua:
578 2654 785 2718 incisio,
809 2654 1112 2708 interfectio
1128 2663 1211 2708 est
1226 2653 1343 2724 ejus
1361 2667 1391 2706 a
1416 2668 1522 2722 quo
1544 2654 1794 2710 inciditur
1819 2674 1831 2709 :
1851 2671 2008 2726 opor-

439 2746 586 2797 tebat
623 2754 802 2798 autem
838 2754 894 2798 et
921 2747 1158 2798 secundo
1191 2761 1218 2798 a
1259 2754 1430 2798 morte
1461 2745 1678 2800 liberari
1709 2756 2004 2819 martyrem

437 2835 637 2888 Christi
669 2853 681 2888 :
709 2849 839 2900 ergo
865 2849 990 2889 cum
1019 2835 1326 2903 producunt
1356 2836 1512 2890 nobis
1533 2834 1702 2891 Judaat
1737 2847 1850 2893 tres
1876 2833 2007 2906 pue-

439 2940 547 2989 ros,
572 2925 624 2978 in
649 2941 754 2982 uno
778 2926 880 2980 tria
907 2927 1250 2997 proferimus.
1281 2926 1340 2979 Et
1363 2925 1474 2994 jam
1502 2928 1718 3006 quidem
1743 2930 2006 2987 habemus

436 3019 542 3069 dno
583 3016 851 3070 mirabilia
897 3035 911 3071 :
969 3015 1238 3072 ﬂammam
1291 3033 1359 3072 ne
1412 3019 1630 3086 quidem
1691 3035 2006 3076 concessam

435 3107 705 3162 flammam
758 3108 910 3174 ﬁeri;
983 3121 1106 3177 post
1163 3110 1480 3164 incisionem
1541 3111 1756 3181 linguae,
1818 3115 2002 3178 vitam,
2033 3149 2074 3206 ο

436 3214 596 3268 quam
648 3209 837 3252 natura
875 3199 1090 3267 quidem
1137 3215 1241 3254 non
1272 3200 1581 3265 conﬁtetur,
1627 3206 1798 3272 gratia
1827 3216 2003 3259 autem

435 3289 658 3344 addidit.
692 3288 790 3343 Ubi
812 3303 940 3360 ergo
961 3289 1115 3344 tertia
1143 3290 1429 3346 admiratio
1459 3303 1541 3345 est
1569 3293 1633 3345 de
1655 3295 1840 3348 eodem
1865 3311 2008 3348 mar-

438 3395 555 3454 tyre
595 3383 832 3437 Christi?
865 3383 1244 3437 Adducebatur
1274 3382 1548 3439 Romanus
1587 3385 1654 3439 ad
1680 3399 1956 3441 carcerem
1988 3406 2002 3442 :

436 3475 670 3530 addebat
733 3487 912 3529 autem
963 3485 1016 3530 et
1058 3475 1160 3529 hoc
1200 3475 1427 3532 blandus
1480 3479 1546 3534 ad
1589 3489 1872 3543 tyrannum
1913 3479 2004 3549 ju-

434 3567 558 3631 dex,
609 3567 697 3636 qui
750 3568 908 3621 istam
957 3566 1288 3636 corporalem
1322 3567 1557 3636 linguam
1597 3585 1704 3624 non
1752 3570 2002 3624 habebat.

431 3647 767 3714 Lectumest
792 3669 973 3714 autem
1014 3659 1192 3721 nobis,
1230 3658 1355 3726 quia
1388 3661 1442 3713 in
1473 3660 1747 3730 apostolos
1772 3661 2005 3731 Spiritus

433 3751 648 3820 linguas
682 3758 741 3804 ut
776 3751 952 3817 ignem
988 3749 1172 3804 divisit
1206 3757 1260 3803 et
1291 3749 1532 3806 donavit.
1569 3750 1675 3806 Sed
1707 3751 1854 3806 illum
1897 3769 2001 3807 non

432 3842 689 3903 vidimus,
735 3841 827 3894 sed
868 3840 1168 3893 audivimus
1199 3849 1252 3892 et
1285 3840 1572 3895 credimus.
1625 3841 1776 3908 Quod
1823 3851 2001 3896 autem

434 3935 677 3986 dicturus
700 3946 842 3993 sum,
873 3931 1023 3983 multi
1056 3932 1232 3985 vultus
1267 3931 1379 4003 (62)
1420 3941 1546 3987 sunt
1579 3941 1762 3988 testes.
1797 3934 2002 3988 Dicitur

433 4022 557 4090 quia
605 4021 797 4074 beatus
845 4021 948 4073 iste
985 4019 1462 4086 Romanus,’dum
1521 4021 1699 4077 adhuc
1747 4038 2000 4078 carneain

431 4112 666 4166 habebat
704 4110 962 4178 linguam,
992 4111 1189 4166 similia
1218 4112 1386 4182 Moysi
1417 4113 1756 4181 loquebatur,
1791 4114 1891 4169 hoc
1921 4125 2006 4170 est

432 4200 756 4263 balbutiens,
804 4207 858 4251 et
888 4213 991 4252 non
1030 4201 1323 4268 composite
1360 4200 1608 4269 loquens.
1645 4201 1781 4254 Dum
1821 4200 2001 4256 adhuc

437 4292 662 4345 haberet
702 4299 870 4344 totam
919 4288 1174 4357 linguam,
1219 4297 1273 4344 et
1319 4305 1422 4344 non
1473 4301 1658 4360 posset
1704 4292 2003 4362 composite

433 4380 602 4449 loqui,
633 4389 750 4434 erat
773 4381 984 4434 balbus.
1019 4379 1118 4445 Qui
1149 4387 1327 4432 autem
1357 4394 1632 4435 carcerem
1662 4381 1998 4449 ingredieba-

2104 549 2155 602 in
2203 550 2411 604 timore.
2458 550 2652 613 Etiam.
2698 551 2898 619 inquit,
2950 553 3050 606 iste
3102 551 3280 604 adhuc
3325 551 3681 607 Christianus

2101 654 2220 697 est:
2257 652 2312 696 ut
2342 642 2494 696 fratri
2526 658 2754 712 parcens
2780 644 3104 711 contempsit
3127 653 3482 712 praeceptum.
3515 642 3683 697 Forte

2101 743 2281 788 autem
2309 733 2417 800 ille,
2447 736 2670 803 cupiens
2701 743 2819 803 post
2852 734 3169 790 incisionem
3204 735 3404 804 linguae
3443 750 3554 790 non
3581 751 3682 791 su-

2103 836 2323 890 peresse
2363 833 2677 893 martyrem,
2730 833 2784 877 et
2828 824 3016 893 majori
3083 838 3338 878 mensura
3383 825 3574 879 incidit
3612 828 3680 878 ad

2104 912 2531 967 interfectionem
2563 913 2738 980 potius
2761 928 2921 982 quam
2949 913 3015 967 ad
3042 915 3441 983 praecisionem.
3468 914 3680 969 Tamen

2103 1005 2531 1073 comprehensus
2571 1003 2811 1058 medicus
2858 1004 3159 1058 ducebatur
3200 1004 3267 1058 ad
3301 1003 3568 1072 judicem,
3622 1014 3680 1058 et

2106 1095 2376 1164 negotium
2433 1096 2683 1158 habebat,
2739 1109 2839 1148 cur
2894 1093 3301 1164 loqueretur.is
3351 1097 3439 1150 cui
3502 1097 3680 1150 incisa

2105 1186 2278 1240 fuerat
2325 1185 2528 1256 lingua.
2564 1183 2679 1239 Non
2712 1185 2858 1240 enim
2895 1184 3064 1240 semel
3095 1185 3307 1242 locutus
3341 1189 3535 1253 tacuit,
3580 1189 3679 1242 sed

2105 1276 2418 1330 conferebat
2445 1293 2568 1331 cum
2595 1275 2717 1330 aliis
2746 1277 2811 1331 de
2838 1291 3004 1332 cruce
3030 1285 3085 1330 et
3113 1277 3340 1332 victoria
3369 1279 3595 1343 Christi,
3625 1291 3683 1336 et

2104 1360 2206 1422 hoc
2234 1366 2415 1422 multis
2439 1367 2714 1422 mensibus
2755 1367 2809 1422 in
2849 1382 3070 1422 carcere
3101 1369 3455 1424 constitutus.
3497 1369 3681 1424 Habe-

2104 1475 2224 1514 mus
2253 1474 2381 1528 ergo
2415 1468 2468 1514 et
2505 1459 2717 1513 tertiam
2753 1459 3193 1524 admirationem,
3226 1471 3282 1514 et
3315 1478 3454 1515 unus
3480 1461 3681 1517 Eccle-

2103 1551 2198 1606 sia:
2225 1551 2569 1628 martyrjam
2597 1560 2842 1621 aequatur
2880 1552 3052 1605 tribus
3087 1566 3152 1605 ex
3192 1549 3500 1622 Synagoga.
3543 1554 3682 1608 Cum

2105 1651 2286 1696 autem
2331 1643 2600 1712 negotium
2639 1649 2914 1712 pateretur
2943 1643 3208 1708 medicus,
3245 1653 3305 1696 ut
3339 1645 3680 1700 condiscatis

2103 1744 2364 1803 quantum
2394 1733 2518 1788 boni
2555 1733 2649 1797 sit,
2680 1741 2734 1787 et
2763 1731 2944 1786 brevis
2971 1733 3187 1800 quidam
3221 1735 3359 1788 ictus
3411 1735 3683 1804 religiosi-

2035 1807 2076 1862 Β
2108 1809 2257 1879 tatis.
2297 1825 2433 1892 Quia
2476 1825 2619 1879 enim
2661 1825 2840 1881 tutela
2881 1841 3044 1880 causa
3083 1835 3370 1896 acceperat
3410 1827 3680 1897 linguam,

2106 1918 2233 1988 quia
2274 1918 2327 1973 in
2359 1918 2571 1973 ratione
2611 1917 2803 1973 salutis
2833 1919 3143 1973 thesaurum
3185 1919 3507 1974 reconderat
3543 1920 3681 1985 sibi,

2104 2009 2304 2064 exhinc
2353 2009 2464 2079 jam
2507 2011 2718 2078 accepit
2761 2009 2996 2074 fructum
3029 2008 3172 2064 fidei.
3203 2009 3379 2066 Judici
3415 2012 3562 2065 enim
3600 2012 3685 2064 in-

2103 2101 2342 2171 dignanti
2363 2111 2415 2155 et
2445 2101 2818 2166 comtninanti,
2848 2111 2903 2156 et
2925 2101 3037 2168 jam
3081 2117 3204 2157 eum
3238 2101 3551 2157 interficere
3583 2118 3684 2156 vo-

2105 2193 2232 2247 lenti
2252 2192 2528 2260 respondit
2548 2195 2783 2248 medicus
2807 2212 2821 2249 :
2843 2192 3023 2248 Habeo
3044 2193 3277 2262 linguam
3299 2209 3458 2262 quam
3487 2195 3680 2248 incidi.

2104 2283 2437 2338 Producatur
2485 2284 2643 2349 alius,
2675 2285 2762 2339 cui
2806 2299 2910 2338 non
2957 2284 3168 2339 assistit
3195 2285 3358 2350 Deus,
3388 2295 3444 2339 et
3483 2299 3683 2340 secun-

2105 2375 2229 2429 dum
2259 2390 2568 2430 mensuram
2602 2376 2782 2430 incisae
2815 2375 3028 2446 linguae,
3078 2376 3345 2431 incidatur
3373 2377 3593 2445 lingua;
3626 2384 3681 2430 et

2103 2464 2146 2518 si
2180 2463 2411 2526 vixerit,
2458 2479 2636 2518 meum
2664 2477 3029 2520 commentum
3062 2477 3168 2531 est,
3217 2477 3269 2521 et
3304 2481 3408 2521 non
3453 2467 3550 2520 Dei
3578 2467 3680 2521 de-

2104 2553 2296 2608 fensio.
2332 2554 2660 2609 Producitur
2687 2557 2906 2627 quidam
2934 2558 3329 2621 damnatorum,
3362 2567 3419 2612 et
3440 2557 3682 2628 diligen-

2106 2642 2314 2699 tissime
2345 2659 2596 2698 mensura
2637 2655 2857 2713 accepta
2885 2686 2901 2712 ,
2930 2647 3100 2700 incisa
3148 2647 3310 2700 etiam
3352 2647 3535 2717 lingua
3573 2657 3681 2711 est,

2103 2749 2224 2805 qua:
2251 2735 2486 2790 habebat
2520 2735 2683 2790 incidi
2736 2735 2966 2791 Tantum
2999 2747 3056 2791 ut
3089 2737 3309 2806 impleta
3341 2739 3540 2793 incisio
3566 2749 3680 2804 est,

2103 2836 2160 2881 et
2196 2825 2318 2881 ﬁnis
2345 2826 2462 2894 ejus
2506 2827 2806 2896 completus
2833 2838 2918 2883 est
2950 2831 3089 2882 vitae.
3127 2830 3194 2884 Et
3223 2830 3311 2884 ille
3343 2831 3564 2900 quidem
3597 2841 3685 2887 est

2105 2929 2376 2974 mortuus.
2426 2921 2521 2975 Dei
2563 2931 2742 2975 autem
2775 2937 2842 2977 ex
2879 2924 3285 2992 comparatione
3331 2926 3683 2978 tenebrarum

2105 3012 2402 3081 apparebat
2434 2998 2800 3068 clarissimum
2831 3013 3038 3070 lumen.
3069 3014 3126 3068 Si
3157 3016 3279 3084 quis
3308 3023 3490 3069 autem
3522 3013 3682 3069 infir-

2109 3119 2227 3158 mus
2266 3114 2321 3160 et
2343 3105 2652 3162 incredulus
2689 3114 2794 3172 est,
2845 3107 2998 3178 signa
3031 3117 3208 3162 autem
3256 3107 3588 3170 inﬁdelibus,
3623 3117 3682 3160 ut

2107 3196 2240 3251 dicit
2283 3197 2564 3265 Scriptura
2587 3198 2654 3260 ⁸⁷,
2691 3199 2952 3254 habemus
2984 3198 3097 3253 haec
3141 3197 3386 3267 proferre
3411 3214 3534 3268 quae
3578 3215 3680 3253 au-

2107 3285 2359 3340 dlvimus.
2392 3285 2459 3339 Et
2490 3295 2638 3341 certe
2681 3300 2792 3350 non,
2820 3295 3022 3340 tantum
3061 3301 3230 3356 egena
3277 3297 3362 3340 est
3396 3287 3678 3351 Ecclesia;

2105 3377 2201 3432 sed
2243 3386 2298 3431 et
2327 3376 2393 3432 de
2422 3377 2528 3432 alio
2565 3377 2744 3431 audivi
2770 3392 2904 3448 ego,
2931 3377 3058 3448 quia
3099 3379 3180 3431 vir
3216 3379 3434 3446 quidam
3473 3380 3540 3433 ad
3583 3379 3679 3432 be-

2107 3468 2240 3522 stias
2271 3467 2470 3522 missus
2507 3475 2624 3531 est,
2651 3483 2682 3521 a
2719 3468 2906 3524 bestiis
2947 3479 3124 3525 autem
3155 3483 3262 3522 non
3295 3480 3678 3540 consumptus,

2107 3568 2168 3612 ut
2215 3558 2419 3623 Daniel,
2465 3557 2724 3614 Ecclesiae
2773 3559 3044 3615 referebat
3089 3559 3352 3615 mirabilia
3405 3560 3523 3616 Dei.
3566 3561 3677 3616 Sed

2108 3667 2212 3705 non
2241 3653 2311 3705 sit
2342 3651 2474 3706 mihi
2498 3652 2753 3722 colligere
2781 3652 2928 3706 talia.
2949 3652 3066 3711 ista
3095 3653 3238 3707 enim
3272 3655 3678 3722 supportatoria

2107 3742 2492 3798 inﬁrmantium
2528 3744 2812 3810 habentur,
2838 3745 2957 3799 istm
2983 3745 3383 3800 satisfactiones
3413 3754 3542 3799 sunt
3573 3763 3680 3801 non

2106 3833 2462 3889 credentium.
2517 3835 2624 3889 Sed
2676 3850 2849 3905 neque
2903 3837 3005 3891 ista
3059 3853 3274 3906 sperno,
3325 3852 3426 3891 nec
3475 3839 3679 3893 abnuo.

2104 3923 2446 3980 Gloriﬁcetur
2513 3935 2691 3980 autem
2753 3937 2806 3982 et
2852 3927 2906 3982 in
2968 3929 3087 3983 istis
3149 3928 3470 3982 miriﬁcator
3517 3929 3681 3984 Deus.

2107 4017 2278 4085 Diligo
2311 4026 2493 4072 autem
2521 4033 2643 4072 cum
2679 4018 2838 4073 video
2867 4018 3029 4073 incidi
3062 4019 3239 4089 capita
3272 4029 3601 4090 martyrum,
3627 4031 3681 4073 et

2107 4118 2275 4162 totum
2318 4123 2514 4178 corpus
2545 4109 2760 4170 ardere.
2801 4120 2857 4164 et
2892 4109 3132 4179 virgines
3158 4111 3329 4165 nudas
3360 4125 3468 4164 non
3502 4111 3683 4165 irreli-

2103 4201 2269 4272 giosis
2298 4202 2492 4267 oculis,
2525 4202 2716 4258 amicis
2738 4211 2914 4256 autem
2947 4213 3001 4258 et
3036 4203 3314 4257 fraternis.
3347 4202 3493 4258 Nihil
3533 4206 3683 4258 enim

2107 4294 2298 4347 horum
2332 4293 2579 4348 terribile
2603 4294 2790 4348 vident
2818 4292 3039 4359 fratres,
3074 4295 3198 4362 quia
3232 4309 3331 4349 nec
3369 4295 3679 4364 patiuntur.

2101 4384 2224 4438 Istae
2264 4392 2391 4438 sunt
2422 4383 2628 4451 gloriae,
2664 4384 2782 4439 ista:
2816 4395 3013 4439 nostrae
3050 4384 3388 4439 dilectiones.
3438 4385 3506 4438 Et
3557 4387 3683 4455 qui-

432 4479 520 4524 tur
555 4481 736 4525 custos
763 4470 1003 4525 carceris
1040 4471 1394 4541 interrogavit
1421 4485 1566 4534 eum,
1599 4472 1742 4540 quod
1768 4471 1817 4526 ei
1849 4481 1999 4527 esset
2033 4503 2079 4558 ο
2104 4477 2222 4529 deni
2251 4476 2342 4544 qui
2377 4475 2630 4530 inciditur
2667 4475 2867 4545 capite,
2905 4475 3126 4529 habebit
3153 4485 3316 4542 caput
3351 4476 3403 4529 in
3430 4474 3678 4544 judicio;

429 4577 624 4618 nomen
644 4573 726 4616 :et
756 4573 906 4618 certe
934 4563 1129 4618 litterae
1149 4561 1260 4632 (65)
1282 4562 1394 4632 jam
1432 4562 1516 4617 his
1546 4563 1638 4630 qni
1669 4562 1826 4618 valde
1855 4578 2002 4618 com-

426 4653 590 4724 positi
619 4663 765 4710 recte
793 4654 1106 4722 loquuntur,
1134 4653 1356 4722 impedit
1377 4655 1442 4707 ad
1467 4654 1814 4720 loquendum.
1848 4653 2001 4708 Nunc

429 4752 607 4796 autem
639 4741 912 4798 Romanus
941 4753 994 4798 et.
1019 4745 1191 4798 incisa
1238 4743 1449 4814 lingua;
1487 4760 1647 4814 quam
1681 4759 1802 4799 cum
1842 4746 2002 4800 habe-

431 4843 514 4888 ret
542 4834 674 4905 (64),
706 4847 759 4886 et
785 4844 930 4889 recte
957 4834 1100 4905 loqui
1131 4850 1236 4890 non
1265 4844 1512 4904 puterat;
1545 4835 1781 4903 Spiritus
1805 4833 1998 4904 linguae

429 4923 685 4992 loquitur,
739 4933 794 4977 et
836 4924 990 4978 valde
1032 4926 1355 4990 rectissime,
1408 4935 1462 4980 et
1509 4925 1660 4989 dicit,
1716 4924 1994 4982 Romanus

428 5015 599 5070 dicor.
627 5014 824 5069 lterum
856 5014 1134 5068 nuntiatur
1167 5017 1270 5071 hoc
1295 5015 1464 5084 judici
1497 5025 1550 5070 et
1581 5024 1812 5084 tyranno
1845 5031 1988 5086 pra:-

516 5109 560 5139 ⁸⁷
589 5109 609 5162 l
640 5107 766 5163 Cor.
801 5123 912 5172 xw,
940 5109 1030 5162 22.
1103 5109 1146 5140 ⁸⁸
1166 5109 1332 5164 Marc.
1363 5125 1478 5176 vtu,
1511 5111 1600 5165 '53.

500 5202 612 5273 (Gl)
656 5200 720 5254 Ut
748 5217 1082 5273 consuerunt.
1117 5201 1186 5254 Ut
1215 5205 1379 5256 solent
1419 5204 1737 5270 inﬁrmiores
1772 5202 1911 5257 clam
1947 5215 2000 5261 et

428 5271 572 5342 domi
594 5271 1230 5342 'reconditasmartyrum
1260 5275 1517 5341 reliquias
1543 5273 1846 5338 honorare;
1876 5290 1997 5329 cum

429 5341 683 5395 fortiores
715 5341 886 5408 palam
923 5341 974 5392 id
1003 5341 1282 5396 facerent:
1331 5349 1450 5396 erat
1479 5353 1664 5398 autem
1705 5343 1794 5397 ille
1827 5345 1998 5397 medi-

427 5427 518 5464 cus
569 5410 741 5463 carnis
810 5409 1116 5476 inﬁrmitate
1180 5412 1378 5480 lapsus,
1440 5413 1582 5467 sicut
1655 5414 1811 5482 paulo
1876 5425 2001 5470 ante

428 5482 650 5531 dictum.
881 5513 888 5526 .

499 5549 610 5618 (b2)
657 5547 866 5621 Vultus.
893 5554 1212 5620 Πρόσωπα,
1246 5563 1506 5621 aspectus.

501 5621 613 5688 (65)
654 5618 887 5673 Litterte.
911 5618 1066 5674 Forte
1099 5618 1315 5686 littera,
1339 5634 1395 5675 ut
1438 5635 1628 5676 sensus
1667 5623 1737 5676 sit
1766 5641 1780 5677 :
1814 5623 1992 5678 littera

431 5687 474 5737 fl
501 5704 620 5755 quae
642 5703 781 5760 aegre
811 5693 1183 5760 pronuntiatur
1217 5695 1380 5746 etiam
1411 5692 1477 5746 ab
1517 5693 1582 5745 iis
1624 5695 1716 5760 qui
1749 5709 1814 5746 os
1847 5706 1993 5750 recte

432 5758 786 5811 coniuositum
826 5759 1028 5814 habent
1057 5762 1122 5816 ad
1156 5761 1501 5821 loaucnduui.
1533 5758 1696 5822 nunc.
1733 5775 1838 5818 etc.

2103 4566 2229 4634 quia
2260 4567 2350 4635 qui
2397 4568 2550 4621 ardet
2592 4574 2755 4629 totus,
2791 4565 3161 4620 holocaustum
3209 4565 3319 4620 Deo
3349 4567 3556 4621 viventi
3591 4567 3680 4620 of-

2102 4655 2292 4712 fertur.
2325 4657 2392 4713 Et
2430 4659 2580 4728 virgo
2615 4658 2830 4722 nudata,
2865 4672 2970 4710 non
3003 4658 3180 4720 nuda;
3220 4657 3384 4711 habet
3407 4659 3554 4712 enim
3598 4661 3676 4712 in-

2103 4747 2415 4803 dumentum
2448 4747 2832 4818 incorruptelaB
2862 4762 2992 4802 sure.
3037 4748 3208 4802 Nemo
3249 4749 3395 4802 dicat
3421 4749 3684 4819 martyri-

2104 4837 2244 4894 bus:
2278 4839 2644 4896 Misericordia
2685 4857 2714 4894 a
2756 4840 2908 4895 vobis
2935 4839 3048 4911 (65)
3079 4843 3147 4894 ab
3195 4840 3299 4905 his,
3343 4841 3573 4908 fratres;
3616 4857 3682 4896 ne

2102 4930 2244 4988 forte
2271 4934 2568 4988 imitatores
2595 4932 2800 4988 Christi
2838 4947 3025 4988 vocem
3051 4934 3217 4986 etiam
3244 4935 3366 5002 ejus
3399 4936 3681 4989 mittentes

2098 5023 2462 5092 respondeant
2485 5023 2827 5078 dicentibus:
2879 5021 3018 5076 Vade
3055 5035 3189 5077 retro
3243 5041 3344 5089 me,
3382 5023 3587 5080 Salano
3612 5027 3676 5081 ⁸³.

2177 5204 2292 5276 (64)
2351 5203 2522 5268 Quam
2570 5218 2687 5256 cum
2733 5203 2984 5276 haberet._
3015 5201 3188 5269 Quam
3237 5202 3476 5276 litteram
3523 5203 3678 5259 facile

2104 5273 2454 5346 proiiu'ntiare
2499 5288 2606 5327 non
2646 5281 2880 5341 poterat.
2916 5273 3078 5326 etiam
3121 5287 3246 5326 cum
3289 5273 3532 5342 linguam
3582 5277 3675 5328 ha-

2103 5351 2288 5484 ὺθὶἓέἱ.)
2334 5412 2700 5468 Misericordia
2718 5429 2748 5465 a
2770 5411 2931 5484 vobis.
2957 5410 3120 5466 Forte
3142 5411 3515 5484 Misericordia
3540 5413 3673 5465 vobis

2103 5489 2167 5539 ab
2186 5481 2305 5548 ‘his',
2336 5495 2394 5537 ut
2426 5499 2616 5538 sensus
2650 5484 2718 5536 sit
2751 5499 2765 5535 :
2804 5481 2973 5535 Nemo
3001 5483 3332 5550 martyribus
3363 5485 3545 5537 dicat:
3573 5486 3672 5535 fra-

2105 5566 2236 5622 tres,
2270 5553 2434 5608 vestri
2477 5555 2834 5607 misereantur
2867 5553 2916 5604 Iii
2958 5556 3196 5622 tyranni,
3235 5567 3469 5618 parcant
3505 5555 3554 5605 in
3589 5566 3670 5604 vos

2098 5627 2290 5679 saevire
2318 5642 2332 5690 ;
2368 5639 2434 5677 ne
2465 5634 2728 5694 martyres
2765 5622 3012 5691 exemplo
3038 5621 3241 5678 Christi
3272 5625 3664 5692 respondeant:

2095 5698 2226 5750 vade
2261 5703 2420 5762 retro,
2456 5703 2563 5750 etc.
