3822 6218
118 344 249 417 ttoi

1165 349 1253 403 DE
1293 342 1896 402 [{ESURKILCTIONE.
1938 373 2005 385 --
2047 338 2175 398 LIB.
2220 336 2285 397 ll.

3238 334 3382 391 1102

119 478 455 535 lncedantur
494 483 547 531 et
586 473 811 530 ardeant
846 480 902 526 ut
932 469 1204 526 nudentur
1241 468 1352 539 (66)
1379 469 1612 535 virgines
1648 467 1702 520 iu
1734 470 1780 527 Α
1809 464 2010 535 plagas,
2056 477 2153 534 per
2197 474 2416 527 terram,
2465 475 2563 531 per
2613 461 2814 532 ignem,
2862 474 2957 531 per
2996 458 3254 529 gladium,
3285 474 3383 529 per

116 568 395 640 passione,
431 576 486 621 et
517 566 693 619 vincat
727 578 826 634 per
857 562 1036 616 omnia
1069 560 1339 616 Christus.
1374 558 1513 625 Quid
1554 557 1697 613 enim

117 668 171 715 et
224 668 486 730 promunt
525 656 693 712 Juda’i
741 665 797 710 ut
840 653 1067 725 gloriam
1120 661 1211 706 aut
1252 648 1700 705 accusationem?

120 752 176 807 Si
213 752 357 806 enim
391 765 490 804 nos
519 749 746 803 fratrum
776 755 1082 800 nostrorum
1126 741 1561 797 interﬁcientium
1587 740 1700 810 (67)

122 846 204 900 usi
237 860 421 900 sumus
449 842 707 914 praedicta
735 840 926 911 gloria,
957 836 1257 893 interfectis
1283 835 1554 906 prioribus
1598 850 1701 888 non

120 952 400 1021 cessamus
424 934 656 989 interﬁci
690 956 701 988 :
735 946 880 987 nunc
905 930 1192 985 adoremus
1219 927 1357 981 idola
1387 940 1508 995 quae
1537 940 1705 979 excu-

121 1020 465 1101 santus(68).
503 1027 666 1084 Israel
692 1036 871 1080 autem
917 1034 970 1079 et
1015 1026 1137 1078 dum
1195 1020 1593 1076 interﬁceretur
1640 1033 1707 1072 ne

120 1125 395 1188 adoraret,
430 1137 537 1176 non
572 1120 807 1175 cessavit
837 1117 1137 1173 adorando.
1168 1115 1237 1169 Et
1263 1115 1377 1168 ausi
1406 1123 1531 1169 sunt
1559 1111 1701 1181 loqui

123 1218 190 1271 ad
222 1231 457 1271 crucem.
485 1214 617 1269 Cum
644 1213 787 1267 enim
815 1209 967 1265 vituli
996 1217 1162 1278 caput
1192 1208 1294 1263 sibi
1324 1216 1382 1262 ut
1410 1206 1704 1261 adorarent

121 1308 398 1371 fecerunt,
429 1306 639 1376 Moyses
674 1302 949 1358 interfecit
977 1302 1259 1371 plurimos,
1300 1313 1368 1353 ne
1405 1296 1585 1353 caueri
1621 1296 1704 1348 fa-

121 1410 312 1457 cerent
356 1399 501 1463 talia,
535 1406 588 1451 et
623 1396 713 1467 qui
744 1395 987 1450 derelicti
1030 1402 1155 1450 sunt
1199 1394 1510 1447 adorarent.
1549 1387 1706 1443 Unde

120 1508 256 1565 ergo
297 1492 472 1548 simile
512 1490 616 1546 erit
650 1490 852 1546 Judaais
897 1498 956 1542 ut
996 1496 1051 1542 et
1098 1487 1225 1541 dum
1283 1482 1705 1547 interﬁciuntur,

122 1587 218 1641 alii
249 1587 477 1639 adorent
509 1582 834 1648 simulacra;
870 1589 926 1636 et
964 1577 1206 1634 Ecclesia
1232 1575 1344 1648 (69)
1386 1591 1505 1645 quae
1535 1575 1705 1628 inter-

122 1679 305 1734 ﬁcitur
328 1688 385 1731 ut
410 1677 619 1743 adoret,
648 1684 699 1727 et
729 1690 833 1727 non
863 1672 1087 1727 adorat?
1112 1670 1218 1726 Sed
1250 1686 1368 1739 quae
1395 1666 1709 1724 communio

122 1780 213 1827 est
243 1768 429 1824 lumini
461 1770 527 1822 ad
558 1764 854 1822 tenebras?
890 1763 1021 1829 Quae
1064 1764 1201 1818 enim
1240 1762 1394 1817 debui
1424 1760 1597 1829 facere
1632 1758 1708 1811 vi—

1810 566 2121 625 serpentes,
2150 571 2246 625 per
2270 556 2431 621 feras,
2459 570 2556 626 per
2581 555 2849 619 inimicos,
2876 569 2970 624 per
2990 554 3161 624 legem
3187 553 3383 623 puniti,

1809 649 2104 713 interfecti,
2137 650 2361 716 concisi,
2389 648 2693 718 consumpti
2725 658 2873 712 sunt,
2905 657 2955 701 et
2987 662 3151 701 rnanu
3195 659 3384 700 sacer-

1805 744 1989 799 dotum
2020 744 2187 798 occisi
2216 761 2229 798 :
2271 753 2325 798 et
2361 758 2465 797 non
2493 752 2837 797 recesserunt
2868 742 2936 797 ab
2974 740 3155 795 idolis.
3197 738 3266 795 Et
3301 749 3383 795 ta-

1808 852 1930 891 men
1983 838 2098 892 bazc
2144 835 2324 891 omnia
2375 836 2574 890 ﬁebant
2621 844 2764 899 tunc,
2809 844 2863 889 ct
2899 833 3124 903 spiritus
3171 839 3291 887 erat
3326 832 3377 885 in

1807 931 1958 1000 ipsis,
2008 939 2059 985 et
2103 927 2313 1001 Moyses
2360 930 2639 1000 propheta,
2680 939 2733 983 et
2779 928 2958 981 Aaron
3006 926 3281 992 sacerdos,
3327 937 3384 982 et

1807 1020 1964 1078 Jesus
1993 1020 2137 1075 Nave
2167 1021 2462 1075 exercitum
2497 1022 2716 1085 ducens,
2750 1027 2803 1073 et
2835 1034 3149 1087 expugnans
3195 1017 3378 1073 inimi-

1809 1130 1923 1181 cos,
1954 1124 2009 1171 et
2036 1116 2255 1186 Moyses
2284 1115 2628 1170 orationibus
2660 1114 2904 1177 vincens,
2951 1122 3005 1167 et
3048 1128 3245 1166 manna
3294 1112 3387 1167 de-

1809 1222 2047 1271 sursum,
2106 1217 2159 1261 et
2206 1218 2358 1277 petra
2410 1206 2574 1261 dabat
2618 1220 2837 1275 aquam,
2880 1214 2933 1259 et
2976 1205 3385 1261 tabernaculum

1811 1301 2015 1365 aderat,
2066 1308 2121 1354 et
2148 1299 2299 1369 virga
2334 1298 2583 1365 florebat,
2631 1308 2684 1353 et
2730 1300 2998 1352 mirabilia
3049 1298 3265 1353 flebant.
3323 1295 3388 1354 Et

1820 1393 2062 1449 colentes
2102 1392 2242 1448 idola
2286 1408 2389 1446 non
2442 1393 2738 1461 abegerunt
2784 1393 2976 1457 Deum,
3013 1402 3070 1446 ut
3108 1393 3390 1448 recederet

1813 1498 1843 1536 a
1897 1483 2348 1552 promissionibus
2396 1484 2507 1537 suis
2554 1498 2691 1552 quas
2728 1483 2928 1537 fecerat
2972 1482 3040 1536 ad
3092 1483 3388 1538 Abraham.

1813 1572 1922 1630 Cur
1960 1589 2109 1646 ergo,
2143 1588 2237 1629 vos
2267 1575 2637 1643 interrogabo,
2687 1589 2785 1629 cur
2815 1589 2935 1628 cum
2963 1582 3018 1629 et
3048 1575 3188 1643 apud
3220 1572 3392 1644 Egy-

1812 1681 1963 1739 ptum
2011 1668 2153 1723 idola
2207 1667 2492 1731 colebatis,
2533 1684 2655 1723 cum
2697 1678 2752 1722 et
2798 1667 2851 1721 in
2895 1668 3011 1737 ipso
3056 1667 3193 1723 mari
3234 1664 3391 1738 posin

1818 1775 1924 1815 non
1951 1761 2279 1826 credebatis,
2311 1776 2433 1815 eum
2463 1769 2518 1816 et
2558 1776 2756 1815 manna
2785 1762 3119 1831 accipientes
3150 1779 3392 1817 murmu-

124 1878 241 1917 "ea!
274 1876 422 1924 ηιειεν
455 1872 503 1913 ει
528 1875 630 1913 τιοη
664 1858 765 1925 Ῑεσί
794 1854 875 1908 ⁶⁹ῗ
904 1854 1033 1909 diCil
1065 1852 1227 1906 Deus.
1262 1849 1471 1904 Donate
1498 1847 1703 1908 debuit.
1742 1824 1782 1882 Β
1814 1853 2040 1916 rabatis,
2068 1867 2191 1907 cum
2242 1861 2295 1906 et
2333 1861 2460 1908 ante
2502 1853 2675 1919 legem
2718 1862 2773 1906 et
2814 1862 3005 1907 contra
3038 1852 3210 1925 legem
3240 1854 3393 1908 vituli

122 1967 177 2010 et
214 1955 480 2017 blandire,
514 1962 568 2006 et
602 1948 863 2005 beneﬁcia
896 1947 1136 2002 tribuere
1164 1963 1176 1999 :
1208 1942 1335 1998 fecit
1367 1941 1570 1997 omnia.
1601 1940 1707 1994 Do-

122 2045 277 2101 navit
303 2043 445 2097 enim
478 2055 673 2095 manna
706 2056 721 2093 :
750 2038 916 2095 Israel
944 2047 1125 2091 autem
1161 2035 1321 2089 modo
1351 2032 1704 2098 manducans,

122 2137 356 2192 vitulum
403 2133 496 2205 qui
545 2147 646 2187 nec
696 2133 921 2187 herbam
976 2126 1343 2183 manducabat
1392 2140 1491 2180 nec
1540 2124 1707 2177 vitam

124 2229 384 2291 habebat,
420 2225 739 2281 adorabant.
772 2223 813 2278 E
842 2234 995 2292 petra
1026 2221 1282 2277 bibebant
1311 2232 1524 2288 aquam,
1559 2226 1613 2271 et
1642 2233 1708 2272 ex

122 2330 281 2391 petra
308 2318 582 2374 faciebant
606 2315 748 2371 idola
772 2314 896 2370 sibi.
923 2314 1024 2367 Per
1050 2311 1249 2380 lignum
1278 2310 1491 2378 ﬁgurati
1525 2324 1711 2363 amara

124 2428 271 2483 aqua
304 2416 568 2465 translata
594 2408 659 2462 ad
689 2406 1029 2462 dulcedinem
1058 2414 1179 2460 est:
1204 2402 1277 2457 illi
1310 2412 1489 2456 autem
1516 2417 1546 2455 e
1570 2401 1713 2470 ligno

124 2503 509 2572 exsculpentes
560 2501 662 2555 sibi
714 2498 1041 2562 simulacra,
1102 2496 1389 2551 adversum
1443 2508 1566 2547 eum
1619 2493 1711 2563 qui

125 2589 339 2650 fecerat
379 2592 533 2647 dulce
566 2591 888 2645 adorabant.
919 2587 1340 2643 Veterascentes
1369 2596 1549 2641 autem
1585 2602 1715 2640 cou-

126 2686 452 2741 crescebant
498 2683 579 2737 eis
610 2681 805 2735 tunica:
843 2699 857 2735 :
892 2678 969 2734 illi
1009 2689 1191 2733 autem
1232 2677 1563 2748 accipientes
1595 2693 1716 2746 qua:

125 2776 372 2832 donabat
411 2774 574 2837 Deus,
610 2770 1009 2828 consecrabant
1058 2768 1233 2824 idolis.
1288 2768 1519 2822 Tantum
1570 2768 1713 2821 enim

125 2878 290 2925 erant
334 2867 400 2921 ad
441 2864 702 2921 beneﬁcia
747 2873 1100 2919 contumaces
1152 2878 1165 2914 :
1216 2860 1451 2929 ideoque
1495 2859 1739 2914 adduxit

127 2960 417 3014 adversum
452 2973 546 3013 eos
573 2957 757 3028 plagas
777 2996 794 3022 ,
823 2955 949 3022 quia
977 2953 1103 3006 dum
1132 2952 1287 3006 daret
1313 2951 1595 3015 beneﬁcia,
1622 2966 1717 3005 eos

128 3053 367 3106 suadere
415 3064 520 3103 non
560 3049 734 3118 potuit
773 3065 786 3101 :
823 3044 999 3101 voluit
1038 3057 1167 3115 ergo
1208 3058 1301 3098 eos
1328 3044 1559 3114 puniens
1597 3058 1720 3113 per-

1810 1954 1972 2014 caput
2014 1943 2165 1999 vobis
2213 1944 2441 2008 fecistis,
2490 1960 2611 1998 cum
2662 1944 2999 2014 Beelphegor
3035 1948 3395 2017 vosmetipsos

1810 2036 2192 2103 consecrastis,
2223 2051 2343 2091 cum
2367 2036 2638 2090 ﬂammam
2663 2037 2802 2105 ignis
2824 2020 3248 2105 contempsistis,
3269 2054 3393 2093 cum

1810 2128 2156 2198 serpentibus
2189 2127 2686 2193 interﬁciebamiui,
2722 2145 2826 2183 non
2871 2128 3002 2184 estis
3037 2131 3181 2185 suasi
3210 2148 3224 2184 :
3271 2147 3394 2187 cum

1814 2228 1956 2275 terra
2005 2219 2397 2275 admirabiliter
2422 2235 2483 2274 os
2518 2234 2674 2274 suum
2718 2219 2964 2289 aperiens
2997 2219 3279 2275 absorbuit
3301 2236 3396 2277 vos

1812 2313 2076 2380 viventes,
2114 2327 2288 2383 neque
2331 2328 2428 2368 vos
2458 2316 2714 2369 cessastis
2744 2315 2811 2368 ab
2838 2314 3015 2380 idolis,
3045 2330 3218 2386 neque
3251 2316 3393 2372 Deus

1816 2406 2066 2471 recessit,
2100 2415 2158 2460 ut
2216 2421 2322 2461 non
2357 2407 2509 2462 vobis
2558 2407 2760 2462 faceret
2811 2407 2992 2475 bene;
3037 2418 3091 2463 et
3121 2409 3398 2465 habebatis

1814 2498 2107 2567 prophetas
2144 2497 2447 2551 vobiscum.
2494 2497 2942 2568 Comparavintus
2984 2501 3150 2569 igitur
3180 2501 3269 2554 illa
3316 2500 3398 2555 Itis

1815 2604 1934 2658 quae
1967 2606 2073 2644 non
2106 2599 2233 2643 sunt
2261 2589 2401 2660 (7i),
2434 2599 2488 2644 et
2536 2591 2989 2661 interrogavimus
3021 2609 3113 2649 eos
3137 2611 3234 2649 cur
3275 2607 3399 2651 tunc

1816 2696 1937 2734 eum
1964 2690 2111 2735 tanta
2137 2681 2329 2738 ﬁerent
2349 2696 2377 2735 a
2404 2681 2579 2747 vobis,
2601 2697 2793 2752 passus
2817 2683 2930 2755 (72)
2979 2695 3061 2741 est
3084 2687 3236 2742 vobis
3284 2686 3399 2758 (75)

1822 2771 1979 2837 Deus,
1999 2779 2052 2824 et
2074 2788 2213 2827 nunc
2230 2788 2350 2827 cum
2370 2771 2663 2826 Sabbatum
2680 2776 2963 2831 custoditis
2980 2786 3038 2832 ut
3053 2778 3400 2847 pollicemini,

1818 2872 1873 2917 et
1899 2864 2068 2934 legem
2101 2864 2300 2935 legitis,
2329 2876 2385 2921 et
2424 2866 2592 2922 libros
2636 2869 3045 2937 prophetarum,
3096 2886 3230 2940 quos
3261 2888 3398 2941 pra:-

1820 2965 2004 3010 sentes
2058 2956 2277 3025 quide'm
2331 2956 2709 3024 iuterfeeistis,
2763 2959 2931 3015 libros
2976 2971 3159 3017 autem
3207 2978 3396 3018 eorum

1820 3046 2105 3113 purpureis
2140 3047 2319 3116 palliis
2366 3048 2690 3105 honoratis:
2726 3065 2846 3120 quae
2879 3068 3044 3108 causa
3077 3063 3161 3109 est
3189 3064 3244 3108 ut
3279 3065 3403 3111 tunc

128 3156 353 3213 urgere.
401 3139 573 3207 Quam
619 3139 763 3193 enim
807 3138 1020 3208 plagam
1055 3136 1135 3190 eis
1183 3149 1291 3188 non
1343 3134 1534 3188 misit?
1579 3133 1715 3201 Quid
1747 3182 1788 3240 Ο
1824 3136 2040 3206 quidem
2073 3146 2220 3193 tanta
2254 3140 2408 3195 vobis
2446 3141 2771 3199 facientibus
2818 3144 2977 3211 mala,
3018 3156 3164 3202 tanta
3203 3148 3402 3204 ﬁebant

129 3236 283 3290 enim
312 3233 389 3287 ait
420 3234 534 3302 ipse
586 3232 653 3286 ad
692 3230 826 3285 eos?
860 3230 987 3284 Sine
1012 3244 1173 3284 causa
1208 3227 1442 3296 percussi
1464 3227 1607 3295 ﬁlios
1638 3243 1720 3280 ve-

126 3336 276 3384 stros
320 3339 339 3377 :
420 3323 759 3393 disciplinam
805 3339 908 3376 non
962 3321 1236 3391 accepistis
1267 3320 1337 3376 ⁷⁰.
1389 3318 1523 3374 Cum
1576 3319 1720 3374 enim

131 3417 398 3475 beneﬁcia
433 3432 528 3471 sua
566 3416 645 3470 eis
690 3417 1037 3485 exprobaret,
1074 3415 1325 3469 dicebat:
1367 3412 1509 3479 Quid
1550 3411 1722 3465 adhuc

132 3510 293 3565 debui
318 3508 490 3579 facere
515 3510 676 3563 vinea:
695 3523 841 3570 meat,
865 3517 915 3561 et
938 3523 1041 3560 non
1065 3506 1225 3577 feci“
1244 3504 1267 3560 ‘.’
1288 3505 1421 3560 Cum
1445 3514 1625 3560 autem
1649 3505 1726 3559 itt-

134 3601 513 3657 credulitatem
540 3600 605 3654 ad
633 3599 816 3670 plagas
848 3599 1120 3654 addebat:
1151 3598 1280 3653 Sine
1303 3614 1462 3651 causa
1491 3596 1725 3667 percussi

134 3695 283 3765 filios
316 3704 553 3749 vestros:
583 3692 919 3757 disciplinam
946 3707 1049 3745 non
1078 3690 1372 3760 accepistis.
1393 3689 1460 3744 Et
1484 3690 1676 3743 iterum
1705 3707 1717 3742 :

138 3784 289 3851 Quid
324 3782 496 3837 adhuc
538 3780 907 3853 percutiamini
945 3779 1194 3833 addentes
1239 3786 1454 3848 peccata
1483 3776 1569 3829 7'?
1611 3774 1727 3830 Hoc

138 3885 250 3940 est,
296 3890 395 3946 ego
438 3873 698 3929 evacnavi
745 3870 928 3941 plagas
961 3888 974 3925 :
1006 3885 1100 3925 vos
1137 3881 1318 3923 autem
1359 3882 1466 3923 non
1499 3867 1726 3921 cessatis

141 3978 461 4039 peccantes.
509 3964 617 4021 Sed
661 3964 801 4018 forte
849 3961 1125 4032 simplices
1163 3960 1346 4030 plagas
1384 3960 1588 4029 putatis
1630 3965 1732 4012 :et

141 4059 325 4132 gladio
352 4056 622 4113 interfecti
651 4065 799 4121 sunt,
831 4055 919 4125 qui
952 4064 1114 4124 caput
1144 4056 1247 4109 sibi
1277 4051 1431 4107 vituli
1463 4051 1728 4115 fecerunt,

142 4162 208 4208 ut
230 4153 520 4206 adorarent
546 4168 560 4205 :
591 4160 647 4205 et
672 4148 1027 4205 nihilominus
1058 4146 1497 4215 indisciplinatus
1530 4144 1732 4198 mansit

144 4244 315 4301 Israel
345 4262 358 4297 :
385 4252 438 4298 et
463 4254 605 4298 terra
638 4240 865 4295 miriﬁce
884 4241 1137 4295 ostendat
1161 4239 1414 4309 aperiens
1438 4251 1499 4291 os
1527 4250 1683 4290 suum
1711 4247 1727 4286 :

146 4338 305 4392 vivos
333 4335 597 4405 quosdam
633 4332 915 4388 absorbuit
943 4347 958 4385 :
998 4340 1053 4386 et
1083 4330 1176 4400 qui
1208 4328 1382 4383 relicti
1414 4336 1564 4393 sunt,
1598 4327 1732 4379 ade-

146 4451 348 4507 rabant
392 4463 498 4502 non
546 4446 812 4502 viventes.
859 4444 1102 4501 Flamma
1143 4457 1237 4499 eos
1281 4441 1620 4513 consumpsit
1662 4453 1731 4494 ne

1826 3228 1878 3281 in
1914 3228 2067 3283 vobis
2103 3229 2197 3284 Dei
2232 3230 2390 3294 bona,
2422 3240 2481 3285 et
2520 3233 2741 3301 spiritus
2765 3234 2921 3289 vobis
2953 3235 3165 3304 aderat,
3195 3248 3249 3292 et
3285 3253 3403 3307 pro-

1824 3318 2002 3386 pheta:
2034 3320 2310 3374 vobiscum
2340 3322 2535 3375 erant?
2562 3321 2716 3379 Nunc
2748 3334 2955 3391 autem,
2982 3341 3105 3380 cum
3147 3338 3200 3382 et
3231 3327 3406 3395 legem

1825 3409 2027 3480 legitis,
2051 3420 2106 3467 et
2135 3412 2339 3477 dicitis,
2367 3422 2421 3467 et
2444 3416 2749 3480 custoditis,
2777 3426 2830 3471 et
2862 3417 3157 3485 feriamini,
3188 3430 3243 3476 et
3273 3423 3406 3476 Sab-

1824 3502 2011 3559 batum
2051 3505 2373 3572 observatis,
2409 3515 2465 3560 et
2521 3509 2587 3562 ab
2620 3508 2761 3563 escis
2791 3524 2887 3564 vos
2930 3512 3250 3579 abstinetis;
3292 3515 3406 3568 sine

1826 3615 1990 3655 causa
2015 3600 2300 3665 laboratis,
2331 3607 2389 3657 et”
2412 3602 2667 3673 vigilatis,
2690 3619 2787 3674 per
2818 3616 3033 3661 noctem
3062 3608 3299 3677 psalmos
3327 3610 3407 3663 di-

1828 3701 2034 3757 centes,
2062 3701 2115 3747 et
2144 3706 2239 3763 per
2256 3693 2505 3748 civitates
2525 3702 2582 3747 et
2606 3697 2857 3751 nationes
2880 3711 3180 3769 synagogas
3208 3702 3403 3755 consti-

1828 3785 2029 3849 tuistis,
2060 3795 2117 3841 et
2137 3801 2322 3841 arcam
2354 3796 2409 3843 et
2437 3788 2759 3843 candelabra
2786 3798 2841 3845 et
2872 3806 3113 3856 mensas,
3140 3805 3193 3848 et
3226 3796 3410 3848 omnia

1830 3875 1991 3930 vultis
2027 3874 2206 3930 facere
2236 3891 2380 3931 nunc
2404 3878 2576 3948 magis
2604 3894 2764 3948 quam
2802 3880 2855 3934 in
2884 3890 3024 3936 terra
3055 3884 3273 3938 vestra?
3302 3883 3408 3940 Cur

1831 3976 1958 4023 tunc
1986 3984 2107 4024 eum
2135 3978 2282 4023 tanta
2317 3970 2457 4024 mala
2486 3970 2767 4027 faciebatis
2793 3982 2973 4029 tantos
2996 3974 3274 4031 habebatis
3296 3994 3395 4047 pro

1830 4060 2045 4129 phetas,
2073 4068 2129 4114 et
2158 4059 2376 4132 Moysen
2401 4076 2560 4130 quem
2582 4063 2832 4118 voluistis
2854 4063 3114 4133 lapidare,
3139 4076 3194 4121 et
3225 4068 3410 4123 Aaron

1833 4152 1919 4207 cui
1949 4153 2059 4210 vim
2092 4153 2374 4224 irrogastis
2396 4171 2411 4209 :
2434 4170 2576 4210 nunc
2599 4164 2923 4212 autemcqu
2960 4158 3212 4213 videmini
3237 4169 3413 4215 custo-

1834 4243 1950 4297 dire
1978 4243 2168 4314 legem,
2193 4246 2441 4300 etontnia
2470 4246 2650 4303 facere
2681 4259 2738 4303 ut
2761 4249 3076 4314 praedictum
3100 4261 3203 4315 est,
3233 4253 3414 4308 nullus

1835 4336 2112 4390 vobiscum
2137 4336 2401 4406 propheta
2419 4336 2543 4393 est?
2573 4337 2741 4393 Putas
2760 4340 2883 4408 quia
2909 4338 3164 4405 Romani,
3185 4342 3415 4410 compel-

1836 4425 2006 4481 litnini
2037 4428 2182 4482 enim
2224 4428 2427 4494 dicere,
2473 4431 2597 4499 quia
2623 4432 2762 4485 citra
2800 4431 3132 4487 voluntatem
3188 4434 3278 4487 Dei
3325 4435 3415 4489 de-

148 4540 451 4597 adorarent
476 4538 638 4605 idola,
673 4547 728 4593 et
756 4536 992 4592 comedit
1025 4534 1226 4589 multos
1268 4550 1282 4587 :
1318 4542 1375 4589 et
1416 4533 1509 4601 qui
1554 4529 1728 4585 relicti
1764 4542 1809 4597 ι)
1838 4531 2156 4577 struxerunt
2204 4532 2437 4577 vestram
2479 4522 2801 4577 civitatem?
2849 4522 3109 4592 Spiritum
3163 4535 3415 4579 sanctum

148 4641 303 4696 sunt,
331 4633 625 4687 adorarunt
650 4630 945 4685 simulacra
972 4627 1389 4683 daemoniorum.
1422 4627 1485 4680 lit
1518 4623 1593 4678 illi
1622 4624 1736 4691 qui.

151 4728 280 4783 dem
317 4725 798 4788 consumebantur,
844 4733 904 4777 ut
950 4737 1055 4777 non
1104 4721 1411 4784 adorarent,
1447 4726 1502 4772 at
1536 4715 1737 4770 nihilo-

154 4820 338 4874 minus
376 4817 676 4872 adorabant
719 4815 853 4887 (70).
897 4813 1005 4869 Nos
1052 4822 1234 4868 autem
1270 4809 1645 4866 consumimur
1678 4815 1737 4861 ut

152 4905 467 4969 adoremus,
500 4913 555 4958 et
600 4919 706 4959 non
760 4904 1076 4959 adoramus.
1132 4900 1247 4955 Non
1303 4899 1505 4969 quippe
1552 4906 1738 4951 nostra

152 4996 384 5060 virtute,
416 4995 511 5049 sed
543 4996 723 5050 crucis
756 4992 1018 5063 potentia.
1055 4991 1352 5059 Serpentes
1388 5004 1480 5044 eos
1523 4990 1742 5043 morde-

154 5088 320 5153 bant,
352 5097 409 5142 et
435 5088 678 5143 immisso
715 5101 924 5141 veneno
966 5085 1310 5147 occidebant,
1342 5093 1397 5138 et
1428 5096 1524 5145 per
1553 5095 1743 5136 omnes

234 5225 284 5256 θ’
318 5222 422 5279 lsa.
451 5239 507 5289 v,
530 5223 586 5277 4.
658 5223 706 5256 ²⁰
741 5221 941 5278 Jerem.
963 5238 1027 5286 tt,
1049 5220 1139 5277 50.
1176 5221 1220 5252 ⁷³
1265 5220 1364 5274 lsa.
1392 5236 1444 5284 v,
1467 5219 1522 5272 4.

235 5344 352 5414 (66)
388 5342 730 5397 Inccdantur.
758 5341 923 5414 Forte
950 5340 1259 5394 incidantur
1307 5338 1424 5403 (aut
1448 5339 1737 5393 incendan-

159 5413 275 5479 ων,
317 5426 364 5468 et
392 5419 628 5478 ardeant,
659 5423 705 5466 et
734 5413 1018 5477 nudentur,
1046 5421 1151 5465 ete.

236 5485 357 5556 (67)
400 5483 855 5556 interﬁciendum.
886 5482 990 5556 Pro
1020 5479 1433 5556 interfectorum.

237 5547 355 5626 (68)
398 5547 745 5608 Excusamus.
785 5553 897 5626 νέοι(
922 5547 1201 5626 interpreti
1229 5560 1411 5626 nostro
1435 5547 1740 5626 familiaris,

206 5620 270 5682 ro
295 5620 361 5679 eo
379 5627 521 5693 quod
544 5634 629 5678 est
652 5625 949 5692 repudiare,
979 5623 1209 5693 rejicere.
1238 5620 1329 5674 Sic
1350 5635 1532 5688 supra,
1559 5620 1649 5693 lib.
1676 5634 1740 5672 tt.

206 5644 270 5682 I'O
295 5644 361 5679 eo
379 5644 521 5693 quou
544 5644 629 5678 εει
652 5644 949 5692 repudiare,
979 5644 1209 5689 reﬁcere.
1238 5644 1329 5674 DIC
1350 5644 1532 5688 supra,
1559 5644 1649 5673 uu.
1679 5644 1740 5672 ιι.

158 5644 247 5756 ﬁt:
279 5697 382 5750 fide
411 5697 531 5748 adv.
554 5695 756 5749 Sabell.
790 5695 889 5746 sub
908 5693 997 5745 litt.
1019 5709 1031 5743 :
1052 5689 1292 5745 Contenti
1315 5694 1478 5743 simus
1508 5691 1742 5750 veritate,

162 5781 476 5823 excusemus
508 5764 655 5827 lites;
685 5775 740 5818 et
763 5763 855 5817 lib.
886 5777 924 5816 I.
953 5762 1027 5815 De
1067 5776 1266 5815 resurr.
1309 5763 1451 5815 circa
1484 5761 1657 5814 med.:
1688 5758 1748 5813 Si

165 5840 298 5894 talis
322 5846 454 5891 esset
481 5835 815 5900 resurrectio,
842 5847 1210 5888 excusaremus
1236 5833 1416 5900 utique
1442 5844 1747 5897 resurgere;

1600 5218 1646 5249 τ’
1684 5216 1849 5283 lsa.],
1878 5216 1929 5270 5.
2008 5213 2274 5269 "Esecb.
2302 5226 2488 5275 xxxvi,
2536 5213 2621 5265 19.

1840 4613 1962 4683 quis
2001 4612 2224 4668 abstulit
2264 4630 2293 4667 a
2328 4613 2515 4668 vobis?
2545 4613 2647 4669 Ubi
2679 4629 2822 4669 nunc
2851 4615 2992 4682 apud
3026 4630 3122 4671 vos
3154 4619 3418 4687 prepheta

1844 4706 1959 4761 est?
1989 4705 2129 4761 Dicit
2170 4707 2311 4762 Deus
2336 4708 2389 4761 in
2424 4707 2674 4763 Ezechiel
2704 4709 2965 4777 propheta
2995 4724 3010 4763 :
3054 4709 3291 4779 Populus
3323 4712 3417 4766 ists

1843 4801 2075 4869 peccavit
2112 4800 2168 4852 in
2215 4815 2316 4864 me,
2358 4809 2405 4854 et
2442 4798 2563 4852 misi
2589 4815 2675 4853 eos
2714 4800 2783 4853 ad
2824 4801 3177 4869 captivitatem
3211 4802 3278 4857 ⁷⁸.
3318 4801 3421 4856 Sed

1847 4909 1951 4948 non
1975 4893 2077 4947 ista
2098 4900 2419 4956 metuentes,
2442 4891 2631 4960 inquit,
2650 4892 2716 4945 ad
2742 4900 2931 4960 gentes
2957 4893 3281 4949 audiebant:
3312 4893 3420 4947 Iste

1848 4997 1926 5041 est
1953 4986 2178 5056 populus
2217 4984 2311 5039 Dei
2350 4994 2397 5039 et
2429 4994 2567 5037 terra
2600 4982 2696 5037 Dei
2721 4984 2787 5037 ⁷⁸.
2828 4985 2895 5039 Ει
2929 4987 3180 5052 educam,
3222 4987 3416 5055 inquit,

1850 5090 2071 5148 propter
2094 5092 2292 5132 nomen
2314 5091 2513 5140 meum,
2541 5085 2598 5131 et
2618 5076 2873 5132 reducam
2903 5092 3017 5142 eos,
3042 5088 3098 5133 et
3122 5079 3284 5133 dicito
3307 5079 3384 5134 eis
3408 5098 3420 5133 :

2701 5211 2748 5241 "‘
2788 5210 2917 5267 ibid.
2948 5211 3039 5266 20.

1847 5343 1904 5388 et
1944 5332 2082 5387 infra
2110 5349 2127 5385 :
2156 5329 2357 5385 Factus
2387 5345 2439 5384 es
2485 5328 2767 5398 perfectus,
2819 5328 3079 5395 [armatus
3117 5342 3191 5393 es,
3240 5341 3430 5379 excusa

1846 5403 2001 5465 illud,
2028 5416 2133 5457 etc.

1941 5475 2032 5529 69)
2065 5471 2323 5526 Ecclesia.
2353 5469 2519 5525 Forte
2564 5469 2829 5524 Ecclesiae.

1941 5475 2009 5529 69
2065 5475 2323 5526 Ecclesia.
2354 5475 2519 5525 Forte
2564 5475 2829 5524 Ecclesiae.

2221 5541 2295 5620 E_t_
2318 5542 2656 5595 nihilominus
2688 5541 3003 5594 adorabant.

1922 5612 2036 5684 (Ἠ)
2074 5613 2218 5684 Non.
2235 5612 2417 5684 ‘Forte
2448 5628 2607 5665 nunc.

1925 5620 2005 5684 (“ll
2074 5620 2218 5666 Non.
2256 5620 2417 5666 Forte
2448 5628 2607 5665 nunc.

1925 5620 2037 5756 (7-2;
2080 5682 2179 5738 .‘lls.
2212 5682 2420 5756 Passus
2446 5692 2523 5737 est
2563 5698 2594 5735 α
2641 5681 2787 5737 nobis
2826 5678 2986 5737 Deus.
3019 5679 3272 5737 Fortasse
3309 5696 3415 5754 pas

1856 5754 1944 5812 sus
1971 5754 2044 5809 est
2081 5772 2112 5807 α
2139 5754 2299 5808 vobis.

1936 5826 2046 5894 (75)
2104 5822 2280 5881 Vobis.
2307 5823 2468 5881 Forte
2496 5841 2601 5882 vos.
