3822 6218
376 310 381 317 ’
458 346 596 403 nos

1156 341 1421 398 EUSEBII
1451 340 1929 399 CA‘ISARIENSIS
1966 340 2117 399 OPP.
2162 338 2340 395 PARS
2390 338 2481 393 ιγ.
2516 364 2584 378 -
2613 335 3026 395 DOGMATICA.

3552 342 3699 398 1104

461 466 584 521 Νοη
612 472 821 535 propter
842 479 929 518 vos
961 463 1124 531 facio,
1146 471 1330 517 domus
1356 461 1545 526 Israel,
1566 463 1660 516 sed
1686 469 1898 531 propter
1927 477 2021 514 no-
2051 464 2094 519 A
2123 458 2306 530 pulum
2338 473 2434 529 per
2463 457 2613 528 signa
2648 472 2752 511 non
2806 456 2996 523 suasit,
3040 453 3197 511 Jesus
3228 466 3408 513 autem
3434 472 3535 527 per
3567 473 3701 513 cru-

450 575 571 612 men
601 571 770 609 meum
798 554 866 608 ⁷⁸.
901 553 991 606 Ille
1024 553 1161 607 Deus
1189 553 1281 622 qui
1308 552 1444 608 dixit
1483 561 1633 618 tunc,
1658 549 1775 606 Non
1802 562 2021 621 propter

461 664 553 702 vos
587 646 749 709 facio,
781 646 876 700 sed
909 654 1128 715 propter
1166 658 1360 698 nomen
1393 658 1592 706 meum,
1629 656 1770 697 nunc
1795 643 2023 699 audiens

460 753 553 791 vos
601 737 861 801 dicentes,
910 736 1035 807 quia
1084 734 1334 804 religiose
1378 733 1604 789 fecimus
1658 733 2022 803 crucifigendo

459 828 757 892 Christum,
777 838 832 881 et
859 826 970 882 sint
997 826 1072 879 illi
1101 826 1243 895 digni
1269 835 1486 895 propter
1503 826 1653 895 prius
1672 825 2018 893 opprobrium

458 922 695 994 gentium
726 920 869 975 dicat
895 928 953 973 ut
979 919 1113 974 dixit
1142 935 1154 970 :
1186 928 1239 971 et
1262 933 1421 983 nunc,
1450 917 1492 973 si
1536 928 1715 972 tamen
1758 917 2022 987 permittit

460 1024 695 1069 vestrum
738 1021 1039 1081 peccatum,
1086 1011 1137 1065 in
1183 1026 1345 1063 unum
1388 1026 1495 1064 non
1538 1018 1756 1080 propter
1802 1009 2020 1064 domum

460 1102 621 1159 lsrael
669 1102 827 1168 facio,
878 1101 970 1157 sed
1020 1111 1237 1168 propter
1272 1114 1466 1153 nomen
1505 1113 1682 1152 meum
1717 1114 1732 1151 :
1775 1109 1830 1151 et
1873 1104 2021 1151 certe

461 1200 679 1263 propter
708 1207 900 1246 nomen
942 1205 1096 1245 suum
1144 1203 1286 1243 nunc
1325 1203 1419 1243 vos
1459 1204 1562 1243 non
1609 1188 1835 1267 reducit.
1871 1187 2022 1242 Sicut

456 1284 603 1338 enim
631 1292 757 1337 tunc
784 1291 1001 1352 propter
1030 1296 1221 1337 nomen
1250 1296 1404 1335 suum
1438 1279 1708 1335 revocavit
1733 1293 1748 1333 :
1782 1279 1853 1332 ita
1881 1293 2023 1347 nunc

458 1384 677 1445 prOpter
706 1390 899 1429 nomen
931 1388 1087 1427 suum
1114 1388 1208 1427 vos
1236 1387 1340 1427 non
1368 1380 1603 1425 revocat.
1638 1369 1693 1424 Si
1722 1370 1865 1423 enim
1892 1385 2020 1438 pro-

456 1476 579 1535 pter
610 1480 802 1520 nomen
828 1480 977 1517 suum
1010 1463 1141 1517 facit
1161 1463 1301 1532 quod
1340 1476 1443 1515 non
1476 1460 1621 1524 facit,
1649 1460 1806 1515 debet
1834 1471 1889 1514 et
1916 1474 2018 1513 non

458 1558 771 1628 permittere
821 1555 934 1610 ﬁeri
988 1571 1048 1609 ea
1102 1570 1219 1623 qua-
1268 1553 1517 1624 praedixit
1564 1551 1837 1617 Salvator,
1897 1567 2017 1605 cum

460 1648 807 1705 ostenderent
835 1647 882 1702 ei
925 1647 1125 1715 lapides
1158 1647 1360 1715 templi,
1401 1645 1524 1715 quia
1562 1662 1663 1697 non
1696 1644 2020 1714 relinquetur

460 1738 593 1805 lapis
624 1754 778 1807 super
808 1737 1054 1805 lapidem,
1091 1737 1180 1806 qui
1221 1752 1321 1789 non
1354 1736 1651 1789 destruatur
1675 1743 1723 1775 ⁷⁸
1756 1752 1771 1791 :
1804 1744 1859 1788 et
1896 1750 2017 1788 cum

2122 567 2261 617 cem,
2290 567 2385 621 per
2415 549 2750 617 scandalum,
2778 559 2830 604 et
2852 566 2955 604 non
2989 563 3084 620 per
3108 551 3256 620 signa
3293 561 3387 607 aut
3422 552 3697 622 prodigia,

2123 646 2381 700 mundum
2420 644 2692 699 transtulit
2722 644 2788 697 ad
2836 643 2925 698 Dei
2966 642 3230 697 culturam
3274 662 3289 698 :
3346 644 3563 715 Moyses
3613 645 3699 697 lu-

2123 750 2282 790 cerna
2326 749 2394 790 ne
2432 734 2648 804 quidem
2696 734 2789 788 uni
2820 733 3002 788 domui
3046 732 3279 800 suliicit,
3316 732 3477 789 Jesus
3515 744 3701 790 autem

2124 827 2203 882 sol
2238 828 2483 897 iustitiae,
2529 827 2573 882 si
2611 841 2713 881 non
2752 826 2917 896 fulget
2959 828 3186 883 mundus
3238 838 3291 883 et
3340 828 3702 895 illuminatur,

2124 934 2228 973 non
2260 918 2331 973 sit
2364 918 2469 975 sol.
2501 918 2575 971 Ex
2614 918 2841 987 negotiis
2875 918 3020 972 enim
3043 928 3092 974 et
3125 921 3554 989 nuncupationes
3572 933 3705 976 sunt

2122 1010 2463 1080 accipiendae.
2486 1010 2541 1065 Si
2574 1010 2904 1065 illuininatur
2948 1013 3199 1075 mundos,
3225 1011 3303 1065 sol
3321 1011 3547 1081 iustitia:
3571 1022 3660 1068 est
3690 1034 3701 1068 :

2122 1101 2211 1155 ubi
2239 1100 2381 1155 enim
2408 1101 2684 1170 praecurrit
2710 1115 2868 1169 opus,
2908 1101 3159 1170 adjuncta
3206 1102 3277 1155 sit
3318 1109 3373 1155 et
3420 1117 3705 1172 nuncupa-

2125 1194 2215 1248 tio.
2256 1193 2464 1263 Moyses
2520 1192 2740 1248 lucerna
2796 1208 2965 1262 quare
3010 1192 3185 1247 dictus
3225 1202 3329 1258 est,
3374 1195 3467 1262 qui
3528 1209 3706 1261 neque

2122 1282 2379 1337 fratribus
2410 1282 2522 1339 suis
2550 1291 2606 1337 et
2628 1281 2878 1352 cognatis
2912 1281 3091 1336 lucere
3140 1281 3311 1336 valuit
3347 1284 3371 1336 ?
3419 1282 3704 1352 Siquidem

2121 1376 2187 1428 ad
2224 1376 2355 1429 lines
2387 1374 2500 1446 (77)
2530 1374 2646 1444 ejus
2675 1374 2783 1443 igni
2812 1374 3119 1446 consumpti
3145 1385 3271 1427 sunt
3299 1375 3399 1429 sub
3436 1375 3529 1429 illo
3568 1389 3704 1444 pec-

2120 1473 2307 1519 cantes
2336 1506 2352 1530 ,
2399 1445 2467 1519 et
2514 1465 2695 1519 Aaron
2724 1478 2818 1533 per
2864 1477 2925 1517 os
2957 1445 3123 1531 ipsius
3172 1462 3338 1535 Moysi
3383 1463 3709 1535 obiurgatus

2120 1565 2241 1620 est,
2271 1566 2324 1610 et
2348 1565 2567 1626 propter
2601 1555 2776 1627 ipsum
2822 1554 3045 1625 Moysen
3071 1555 3385 1625 obiurgatus
3412 1570 3441 1608 a
3476 1554 3590 1610 Deo
3618 1565 3707 1610 est

2122 1650 2323 1701 Aaron.
2356 1646 2457 1713 Qui
2496 1654 2698 1700 norunt
2748 1643 3061 1711 Scripturas
3106 1644 3288 1698 sciunt
3336 1659 3460 1714 qua:
3511 1646 3710 1699 dicun-

2129 1746 2234 1791 tur.
2272 1736 2491 1808 Moysen
2522 1737 2825 1805 producunt
2846 1733 2988 1803 quod
3013 1733 3263 1803 jurgatus
3306 1747 3334 1787 a
3373 1732 3485 1788 Deo
3514 1743 3624 1799 est,
3655 1744 3710 1787 et

462 1831 682 1885 defieret
708 1825 1062 1891 Hierusalem,
1098 1800 1152 1880 et
1190 1826 1501 1894 praediceret
1550 1825 1673 1894 quia
1719 1824 2022 1879 circumda-
2056 1800 2095 1854 Β
2128 1828 2286 1882 ﬁnem
2308 1800 2734 1897 justum—habuit
2766 1800 2910 1879 vitae.
2946 1800 3052 1879 Sed
3081 1800 3177 1878 nos
3208 1823 3585 1893 compellimur
3625 1826 3711 1877 di-

460 1921 591 1975 bunt
618 1935 735 1975 eam
768 1919 993 1981 inimici,
1026 1928 1078 1973 et
1111 1919 1387 1973 destruent
1427 1932 1545 1971 eam
1576 1935 1589 1983 ;
1632 1927 1688 1972 et
1726 1933 1847 1970 cum
1879 1916 2025 1971 dice-

460 2022 543 2069 ret
571 2014 777 2068 filiabus
807 2011 971 2066 Israel
1000 2028 1015 2064 :
1060 2009 1211 2064 Filia:
1252 2008 1443 2074 Israel,
1474 2009 1630 2063 nolite
1671 2009 1878 2077 plorare
1920 2025 2021 2074 me,

461 2106 548 2161 sed
563 2106 793 2175 plangite
816 2122 900 2157 vos
920 2113 967 2157 et
1001 2102 1139 2171 ﬁlios
1174 2113 1362 2155 vestros
1387 2114 1405 2152 :
1433 2102 1629 2155 venient
1651 2103 1808 2166 enim,
1830 2101 2021 2170 inquit,

461 2199 566 2252 dies
592 2212 708 2251 cum
740 2195 1013 2264 patiemini
1037 2212 1099 2249 ea
1138 2210 1254 2263 qua:
1284 2207 1452 2262 passa?
1483 2204 1600 2246 sunt
1627 2193 1693 2249 ⁷⁷.
1734 2191 1829 2247 His
1857 2191 2024 2247 semel

460 2299 512 2345 et
536 2288 618 2345 bis
646 2298 701 2343 et
728 2288 887 2343 tertio
911 2302 940 2341 ε
965 2284 1246 2341 Salvatore
1266 2283 1559 2355 przedictis,
1582 2282 1627 2337 si
1660 2282 1889 2337 mendax
1919 2291 2021 2349 est,

461 2380 573 2436 etsi
595 2390 781 2435 contra
808 2379 975 2450 legem
1012 2377 1238 2440 faciens,
1276 2379 1319 2432 si
1350 2376 1700 2431 defendentes
1735 2374 1904 2444 legem
1932 2388 2024 2428 oc-

461 2472 877 2542 cideruntquem
901 2470 1244 2536 occiderunt;
1274 2470 1491 2524 deberet
1515 2469 1653 2522 Deus
1684 2474 1740 2522 ut
1773 2473 2024 2536 argueret

460 2566 870 2635 praedicationes
897 2564 1204 2627 mendaces,
1236 2562 1346 2633 pati
1375 2561 1491 2616 illos
1521 2560 1683 2617 etiam
1718 2575 1861 2615 nunc
1893 2574 2022 2628 pec-

460 2666 670 2720 contes,
701 2667 757 2710 ut
792 2666 842 2711 et
882 2666 1038 2710 antea
1068 2668 1259 2724 passus
1297 2660 1398 2707 est.
1439 2653 1496 2708 Si
1547 2663 1724 2708 autem
1772 2636 2025 2707 Salvator

460 2747 673 2818 quidem
703 2745 975 2815 praedixit,
1008 2745 1170 2799 Pater
1196 2752 1375 2798 autem
1405 2743 1630 2799 audiens
1656 2742 2021 2809 conﬁrmavit,

460 2847 512 2893 et
544 2852 707 2909 opera
736 2845 1028 2902 testantur,
1075 2834 1464 2905 praedicatione
1512 2834 1802 2903 dupliciter
1844 2826 2025 2889 convi-

460 2937 579 2984 ctus
607 2937 691 2984 est
723 2926 908 2983 Israel.
937 2924 1072 2993 Quia
1106 2924 1271 2996 igitur
1314 2934 1540 2994 apparet
1584 2924 1857 2994 correptio
1904 2938 2025 2993 qua:

459 3037 555 3092 per
601 3034 818 3075 crucem
875 3018 1015 3072 lacta
1063 3017 1115 3071 in
1155 3017 1352 3070 mundo
1391 3014 1614 3081 effulsit,
1668 3014 2023 3084 interrogavi-

428 3107 578 3169 'mus
605 3128 718 3178 eos,
746 3126 904 3179 quem
934 3108 1099 3163 vultis
1138 3123 1258 3164 esse
1298 3107 1479 3163 Jesum
1516 3106 1539 3161 ?
1585 3107 1858 3161 hominem
1891 3121 2020 3176 pec-
2050 3138 2092 3197 ε

461 3214 697 3259 calorem
726 3212 780 3255 et
801 3208 990 3255 contra
1022 3201 1188 3270 legem
1214 3198 1544 3254 facientem?
1577 3197 1714 3268 Ergo
1739 3198 2023 3267 producite

462 3303 667 3347 vestros
689 3291 887 3362 justos,
915 3302 968 3343 et
999 3289 1092 3343 tiat
1118 3287 1473 3357 comparatio.
1501 3287 1655 3341 Absit
1694 3296 1751 3341 ut
1797 3304 1825 3340 a
1869 3287 2026 3342 nobis

460 3382 656 3449 servis,
686 3384 750 3435 ad
778 3380 1058 3435 Dominum
1092 3381 1105 3432 !
1136 3378 1271 3446 Quia
1310 3388 1491 3433 autem
1514 3379 1579 3432 ad
1612 3376 1826 3432 Judmos
1857 3377 2025 3447 loqui-

460 3494 599 3541 mur,
631 3484 845 3545 Oportet
896 3489 991 3529 nos
1036 3472 1335 3529 infantiarl.
1380 3471 1769 3541 Comparemus
1815 3471 1868 3525 in
1909 3470 2023 3545 (74)

460 3568 632 3639 signa,
667 3575 721 3620 et
749 3562 1088 3634 opponamus
1141 3562 1387 3618 lucernas
1434 3562 1617 3633 plures
1654 3561 1751 3617 soli
1804 3578 1929 3621 uno.
1971 3570 2026 3616 et

459 3663 701 3716 dicamus
725 3658 924 3714 Judzeis
950 3655 1153 3723 :Quem
1182 3655 1344 3710 vultis
1365 3654 1547 3710 Jesum
1577 3654 1732 3710 esse?
1760 3663 1817 3708 ut
1845 3654 2021 3709 Abra-

460 3752 634 3808 ham?
666 3751 943 3807 Ostendite
992 3758 1124 3818 ergo
1177 3764 1335 3817 quem
1376 3748 1547 3802 suasit
1590 3746 1890 3810 Abraham,
1938 3745 2023 3800 vel

460 3858 621 3899 unum
666 3843 812 3910 licet,
871 3844 938 3896 ab
981 3840 1279 3896 idololatria
1318 3840 1384 3893 ad
1434 3837 1883 3909 religiositatem:
1928 3849 2023 3893 aut

460 3950 564 3991 non
598 3936 701 3991 hoc
726 3936 957 4004 primum
999 3942 1053 3988 et
1089 3934 1143 3987 in
1176 3941 1356 3986 vestra
1394 3931 1513 4002 lege
1563 3932 1873 3985 mandatum
1919 3942 2019 3984 est.

459 4026 566 4083 Sed
604 4027 756 4080 Isaac
784 4022 1187 4095 comparabitur
1225 4024 1300 4078 rei
1339 4023 1449 4095 (75)
1484 4024 1615 4093 ipse,
1660 4031 1714 4076 et
1756 4021 1823 4077 de
1871 4010 2022 4076 Isaac

460 4120 567 4174 erit
592 4134 790 4174 sermo.
849 4118 1017 4184 Quem
1064 4114 1462 4172 suasitlsaac?
1500 4117 1605 4173 Sed
1645 4117 1834 4184 Jacoh,
1870 4118 2023 4188 cujus

442 4220 514 4264 'et
548 4224 704 4263 socer
738 4208 795 4262 in
823 4206 1125 4263 idololatria
1177 4208 1521 4278 permansit?
1553 4207 1659 4263 Sed
1698 4208 1886 4280 Moysi,
1930 4208 2021 4278 qui

459 4316 565 4355 non
588 4300 760 4369 potuit
784 4312 882 4369 per
910 4297 1071 4351 multa
1100 4297 1253 4367 signa
1276 4306 1331 4352 et
1360 4298 1601 4368 prodigia
1632 4299 1770 4352 lilios
1791 4298 2022 4353 Abrahae

458 4393 523 4447 ad
568 4390 833 4447 culturam
883 4390 1115 4444 Abrahae
1162 4387 1503 4443 transferre?
1551 4390 1643 4458 qui
1697 4404 1801 4443 non
1851 4391 2022 4458 potuit

458 4483 686 4539 suadere
726 4494 926 4537 ‘socero
985 4481 1126 4536 suo?
1164 4479 1352 4535 Nonne
1380 4480 1528 4534 mare
1555 4479 1920 4543 scindebatur,
1967 4488 2023 4535 et

458 4575 653 4628 iterum
680 4571 1137 4642 copulabatur,'et
1169 4585 1365 4624 manna
1399 4570 1463 4623 ad
1500 4570 1670 4623 vicem
1709 4570 1896 4625 imbris
1932 4571 2025 4625 de-

460 4666 775 4731 ducebatur,
802 4672 856 4719 et
893 4673 1059 4735 petrae
1096 4668 1162 4716 ex
1206 4662 1328 4717 imis
1376 4661 1697 4716 emittebant
1749 4677 1939 4732 aquas,
1970 4672 2026 4718 et

458 4757 634 4812 omnis
680 4766 874 4810 natura
928 4753 1367 4810 transferebatur
1393 4768 1491 4824 per
1518 4753 1689 4824 signa,
1717 4765 1771 4810 et
1800 4754 2027 4825 populus

461 4848 713 4903 manebat
744 4849 796 4902 in
824 4847 1127 4902 idololatria
1160 4846 1191 4899 ?'
1232 4845 1371 4913 Quid
1411 4846 1581 4901 valuit
1620 4844 1834 4902 lucerna
1876 4847 2025 4919 Moy-

459 4940 591 4995 ses?
613 4936 738 4995 Ideo
766 4939 904 4994 bene
927 4939 1057 4994 dicit
1102 4937 1361 4992 Dominus
1389 4954 1403 4991 :
1442 4936 1634 4991 Nolite
1674 4938 1922 5007 judicare
1952 4938 2023 4993 ad

458 5029 666 5095 facient,
699 5029 790 5083 sed
815 5029 1017 5098 justum
1062 5027 1316 5095 iudicium
1342 5026 1575 5093 iudicate
1597 5026 1643 5058 ⁷⁸
1668 5043 1682 5080 :
1712 5042 1816 5081 non
1846 5028 2022 5081 nomi-‘-

457 5121 639 5183 nibus,
664 5120 757 5174 sed
788 5118 1020 5188 negotiis
1048 5135 1062 5173 :
1100 5118 1227 5186 quid
1265 5117 1508 5172 correxit
1545 5115 1783 5188 Moyses,
1803 5128 1856 5172 et
1890 5133 2021 5189 pras-

456 5212 755 5265 honoretur
779 5209 891 5280 (76)
919 5225 948 5263 a
981 5210 1131 5264 vobis
1150 5207 1349 5264 Jesus?
1394 5206 1452 5264 Si
1491 5217 1670 5264 autem
1727 5224 1890 5264 unum
1921 5224 2043 5278 po-.

2125 1933 2249 1974 cere
2280 1919 2567 1971 adversum
2598 1925 2818 1971 sanctos
2847 1930 2981 1984 quos
3006 1916 3253 1986 cupimus
3278 1915 3569 1969 honorare.
3600 1913 3707 1969 Sed

2126 2024 2231 2063 non
2281 2008 2512 2062 dicimus
2583 2007 2846 2060 adversus
2898 2005 3141 2075 Moysen,
3188 2007 3281 2062 sed
3327 2021 3389 2059 ea
3430 2004 3709 2075 loquimur

2124 2116 2243 2171 quae
2287 2099 2436 2154 vult:
2466 2099 2580 2169 ipse
2605 2098 2736 2153 dicit
2765 2097 2994 2169 Moyses.
3022 2096 3153 2150 Nam
3181 2107 3235 2152 et
3261 2098 3304 2151 si
3330 2099 3709 2168 compellimur

2125 2195 2325 2260 dicere,
2367 2192 2597 2248 dicimus
2634 2191 2754 2245 ideo
2791 2201 2848 2244 ut
2880 2191 3321 2246 commendemus
3353 2206 3415 2245 ea
3440 2206 3563 2260 quae
3592 2191 3706 2259 ipse

2125 2285 2332 2356 Moyses
2380 2283 2447 2339 de
2489 2280 2710 2337 Christo
2769 2279 2979 2335 locutus
3029 2289 3137 2335 est.
3188 2280 3326 2351 Ergo
3369 2281 3505 2334 falso
3530 2278 3705 2335 Judzi

2124 2376 2342 2449 Moysen
2371 2375 2632 2429 adversus
2659 2372 2878 2445 Moysen
2915 2373 3117 2443 legunt.
3146 2372 3405 2442 Legentes
3436 2374 3589 2427 enim
3621 2374 3706 2424 di-

2125 2476 2273 2532 cunt,
2309 2468 2434 2538 quia
2469 2464 2606 2520 nihil
2643 2466 2756 2518 veri
2814 2463 3069 2533 loquitur.
3120 2461 3229 2517 Nos
3259 2475 3436 2518 autem
3478 2462 3707 2535 Moysen

2123 2572 2222 2628 pro
2252 2555 2433 2626 Moyse
2458 2556 2705 2623 legimus.
2743 2554 2808 2607 Et
2838 2553 2964 2623 quid
2989 2554 3361 2608 contendimus
3388 2553 3455 2607 ad
3482 2552 3701 2610 Iudaeos

2125 2660 2252 2702 vere
2289 2645 2503 2700 adicere
2530 2644 2640 2716 (78)
2664 2659 2784 2715 quae
2816 2645 2953 2713 apud
2984 2643 3201 2699 Juilteos
3233 2645 3527 2710 habentur,
3556 2662 3711 2715 quae-

2124 2753 2230 2809 que
2270 2738 2424 2793 nobis
2468 2736 2829 2792 concedunt?
2882 2736 2955 2791 At
3002 2737 3139 2791 idem
3190 2734 3360 2791 Judaei
3404 2739 3711 2793 concedant

2126 2830 2282 2885 nobis
2313 2830 2438 2901 quia
2465 2828 2677 2899 Moyses
2696 2840 2822 2883 vera
2857 2827 3067 2883 locutus
3094 2837 3197 2895 est,
3227 2838 3281 2883 et
3314 2828 3491 2885 nullus
3515 2846 3550 2886 e
3581 2848 3710 2900 pro-

2123 2921 2303 2991 phetis
2333 2922 2595 2976 mentitus
2630 2929 2738 2986 est,
2788 2936 2963 2991 neque
3009 2921 3149 2976 Deus
3199 2921 3414 2976 horum.
3467 2923 3712 2977 Dicimus

2123 3013 2266 3067 enim
2300 3012 2421 3083 quia
2455 3026 2642 3066 omnes
2671 3012 3057 3081 promis-siones
3093 3010 3212 3079 Dei,
3252 3027 3372 3082 quae
3409 3028 3507 3083 per
3531 3012 3710 3083 legem

2125 3104 2279 3159 facta
2307 3112 2436 3159 sunt
2467 3113 2519 3158 et
2562 3118 2658 3174 per
2705 3103 3013 3175 prophetas,
3053 3101 3287 3173 impletae
3328 3116 3456 3159 sunt
3501 3106 3558 3159 in
3613 3107 3712 3159 ad—

2130 3205 2288 3250 ventu
2322 3195 2533 3251 Domini
2562 3197 2787 3261 Christi,
2847 3205 2900 3250 et
2938 3198 3115 3250 adhuc
3162 3210 3333 3265 usque
3387 3195 3708 3265 implentur.

2126 3286 2240 3341 Hoc
2274 3295 2358 3341 est
2388 3287 2659 3343 honorare
2702 3287 2873 3342 libros
2906 3288 3319 3358 prophetarum,
3358 3303 3465 3341 non
3497 3303 3711 3357 purpu-

2128 3383 2237 3437 reis
2266 3382 2429 3452 pallis
2467 3397 2496 3436 a
2538 3382 2690 3448 foris,
2720 3384 2813 3438 sed
2859 3383 3007 3436 illum
3040 3384 3130 3453 qui
3189 3383 3335 3437 intus
3378 3384 3714 3453 praedicatur

2125 3488 2439 3544 agnoscere.
2486 3472 2604 3529 Non
2655 3485 2737 3529 est
2781 3475 3041 3531 mentitus
3095 3474 3304 3547 Moyses
3357 3491 3457 3546 pro
3501 3474 3711 3543 nobis;

2123 3580 2260 3635 opus
2284 3565 2428 3620 enim
2470 3566 2644 3635 ipsum
2679 3566 2728 3620 ei
2772 3566 3138 3621 testimonium
3175 3577 3415 3635 praestat.
3464 3566 3587 3621 Non
3621 3581 3711 3623 est

2147 3660 2403 3714 mentitus
2439 3656 2650 3728 Moyses
2676 3656 2937 3712 adversus
2962 3658 3126 3713 Israel
3158 3675 3173 3723 ;
3226 3659 3511 3727 captivitas
3560 3663 3709 3715 enim

2137 3763 2324 3804 eorum
2350 3759 2403 3803 et
2433 3748 2733 3803 Immiliatio
2766 3757 3018 3805 testatur.
3046 3748 3155 3803 Non
3188 3760 3311 3804 sunt
3343 3752 3559 3803 mentiti
3587 3768 3711 3820 prn-

2128 3843 2309 3912 plieta:
2358 3841 2694 3895 vocationem
2753 3841 2990 3910 gentium
3052 3840 3452 3909 praadicentes;
3529 3844 3706 3895 vocati

2123 3935 2269 3988 enim
2314 3924 2447 3988 sunt'
2484 3943 2542 3987 ut
2574 3932 2785 3987 videtis.
2819 3930 2934 3985 Non
2979 3941 3103 3986 sunt
3144 3932 3355 3985 mentiti
3404 3931 3707 4001 prophetae,

2123 4024 2326 4078 exitum
2356 4032 2410 4078 et
2442 4022 2798 4091 abjectionem
2827 4021 2994 4075 Israel
3034 4021 3444 4090 prophetantes.
3508 4019 3568 4074 Si
3612 4038 3707 4074 au-

2125 4123 2230 4167 tem
2264 4128 2543 4168 sermones
2576 4112 2822 4182 praedicti
2866 4121 3014 4173 sunt,
3047 4120 3103 4166 et
3148 4110 3360 4180 negotia
3410 4120 3709 4177 testantur,

2123 4206 2249 4274 quid
2274 4206 2450 4259 adhuc
2486 4205 2767 4273 impudens
2791 4202 3001 4257 Israel?
3026 4202 3320 4272 aliquando
3358 4202 3584 4271 quidem
3642 4202 3709 4257 ad

2123 4298 2287 4361 dicta,
2340 4311 2483 4349 nunc
2522 4304 2702 4349 autem
2756 4305 2810 4349 et
2849 4295 2916 4348 ad
2973 4295 3087 4362 ipsa
3136 4294 3371 4363 negotia.
3426 4294 3706 4364 Scriptum

2122 4382 2229 4454 est,
2270 4388 2325 4443 et
2353 4390 2676 4457 promissum
2714 4387 2767 4441 in
2813 4388 2928 4457 lege
2967 4395 3087 4450 est,
3130 4384 3255 4455 quia
3290 4386 3337 4441 si
3386 4386 3597 4441 fuerint
3620 4388 3706 4456 qui

2056 4479 2357 4551 D'dispersi
2402 4489 2529 4535 sum
2558 4495 2587 4534 e
2625 4480 2825 4548 populo
2876 4481 2942 4533 ad
2993 4479 3128 4534 lines
3181 4492 3353 4548 usque
3404 4480 3622 4538 mundi.
3654 4490 3707 4533 et

2126 4573 2452 4644 ptenitentes
2480 4570 2834 4625 custodierint
2884 4569 3099 4640 legem:
3142 4570 3267 4624 inde
3307 4586 3396 4624 eos
3432 4571 3704 4633 reducm,

2124 4665 2256 4718 dicit
2294 4663 2549 4717 Dominus
2574 4663 2643 4717 "’.
2687 4663 2788 4716 Ista
2818 4662 2911 4717 Dei
2958 4663 3245 4732 promissio
3270 4671 3371 4717 est.
3404 4661 3707 4734 Interroga-

2123 4757 2303 4810 vimus
2330 4770 2461 4825 ergo
2486 4754 2720 4817 Judaeos,
2754 4766 2933 4807 utrum
2970 4755 3201 4809 servatis
3239 4753 3413 4824 legem
3442 4764 3540 4809 aut
3564 4753 3706 4809 non?

2126 4846 2185 4901 Si
2218 4861 2324 4901 non
2350 4847 2601 4910 servatis,
2633 4847 2762 4914 quid
2788 4857 2845 4900 et
2882 4845 3216 4916 loquimini?
3263 4848 3321 4901 Si
3367 4859 3552 4901 autem
3591 4863 3704 4902 ser-

2125 4937 2288 5002 vatis,
2316 4936 2444 5006 quid
2476 4938 2599 5005 quia
2634 4950 2740 4989 non
2774 4934 3105 4989 revocamini
3133 4931 3295 4988 ?Non
3328 4935 3479 4988 enim
3519 4934 3703 4987 menti-

2127 5035 2216 5082 tur
2240 5026 2403 5082 Deus.
2439 5026 2496 5081 Si
2538 5035 2714 5080 auteln
2752 5027 3170 5094 praevaricantes
3201 5025 3375 5094 legem
3423 5025 3702 5079 habebatis

2122 5117 2444 5182 civitatem;
2486 5131 2627 5171 nunc
2667 5127 2725 5171 ut
2753 5115 2932 5171 dicitis
2957 5124 3239 5168 servantes
3266 5113 3441 5183 legem
3469 5113 3698 5183 dispersi

2125 5208 2259 5264 estis
2312 5206 2369 5283 in
2423 5207 2731 5263 civitatibus
2787 5224 2803 5261 :
2867 5203 3158 5261 manifesta
3192 5218 3339 5274 ergo
3392 5213 3483 5259 est
3526 5214 3697 5258 vestra

523 5369 568 5401 "
610 5371 807 5425 Ezecli.
852 5385 1036 5433 xxxvi,
1062 5367 1152 5434 22,
1225 5367 1272 5400 "
1294 5366 1461 5423 Marc.
1493 5382 1615 5433 xm,
1643 5366 1700 5421 2.
1775 5367 1820 5399 ⁷⁷
1846 5366 1973 5423 Luc.
2010 5382 2170 5431 xxm,
2196 5366 2301 5433 28;
2332 5381 2446 5431 xix,
2472 5365 2564 5421 ιι.
2638 5365 2685 5398 *⁸
2714 5363 2871 5420 Joau.
2902 5378 3003 5434 vti,
3036 5362 3129 5417 24.
3204 5364 3251 5396 τ’
3276 5363 3435 5418 Deut.
3470 5378 3600 5429 xxx,
3632 5362 3686 5418 5.

525 5489 636 5560 (74)
666 5490 750 5560 I_n.
790 5489 955 5544 Forte
978 5494 1116 5558 jam.

524 5556 635 5631 (75)
658 5556 1070 5631 βοηιραιιαὸὶὶιιγ
1104 5559 1198 5610 rei.
1233 5556 1484 5616 Fortasse
1520 5560 1914 5631 comparabitur
1939 5558 2011 5631 ei,

454 5632 506 5683 id
538 5629 623 5683 est
647 5629 771 5684 Jesu
800 5630 1016 5684 Christo
1043 5644 1057 5702 ς
1090 5644 1283 5702 nempe
1327 5632 1501 5702 littera
1548 5647 1596 5695 r,
1638 5630 1833 5698 prioris
1865 5630 2015 5683 vocis

453 5711 744 5762 postrema,
774 5700 1055 5765 perperam
1091 5700 1316 5765 repetita
1342 5700 1523 5753 fuerit.

531 5714 744 5761 Sll‘etlla,
774 5714 871 5765 per
908 5714 1055 5750 eram
1091 5714 1316 5765 repetita
1342 5714 1523 5753 ltIeI'Il.

531 5766 637 5829 (76)
669 5766 733 5818 Et
765 5714 1177 5833 vrwlionoretur,
1201 5776 1303 5824 etc.
1327 5768 1510 5835 Forte,
1543 5777 1595 5822 ut
1623 5767 2014 5834 prwhonoretur

2120 5503 2151 5539 a
2177 5486 2316 5552 vobis
2340 5484 2521 5541 Jcsus.

2159 5556 2304 5638 ,(77)
2334 5554 2415 5610 Λᾶ
2458 5556 2609 5624 ﬁnes.
2643 5554 2899 5611 Fortasse
2926 5554 3085 5609 unica
3132 5568 3267 5609 voce
3306 5554 3539 5620 adﬁnes,
3568 5564 3688 5621 pro-

2119 5641 2470 5766 ρηὸιὲϊνενε
2500 5694 2723 5750 adicere.
2754 5694 3010 5751 Fortasse
3057 5709 3173 5748 vere
3207 5709 3282 5766 ea
3305 5732 3319 5752 .
3351 5692 3437 5746 vel
3470 5706 3582 5747 vero
3602 5690 3686 5743 di-

2121 5763 2233 5820 cere
2263 5780 2281 5819 :
2315 5769 2395 5822 vel
2417 5768 2625 5822 adicere
2651 5767 2856 5823 dictum
2886 5774 2963 5821 est
2994 5780 3092 5833 pro
3124 5763 3379 5833 adjicere.
