3822 6218
139 346 168 397 1
186 342 298 399 1υῦ

136 452 548 510 inexcusabilis
575 451 801 506 audacia
831 448 1108 521 sanguinis
1140 447 1290 517 justi.
1322 444 1387 498 Et
1420 449 1565 497 certe
1590 434 1724 491 mul~
1754 442 1799 497 Α
1830 427 1988 491 dixit,

141 556 334 601 torum
368 546 755 616 prophetarum
806 542 1076 598 effudistis
1112 540 1448 610 sanguinem,
1479 546 1535 592 et
1558 534 1723 590 habe-

139 638 297 692 batis
328 647 562 692 vestram
593 637 865 691 civitatem
894 651 907 687 :
936 643 990 687 et
1025 632 1298 703 prioribus
1323 631 1608 702 prophetis
1643 629 1724 682 in-

144 727 426 795 tet'fectis,
453 727 672 781 secundi
719 725 1029 789 veniebant,
1087 735 1141 779 et
1181 724 1574 778 convincebant
1604 735 1718 775 vos.

144 816 437 882 Quomodo
470 831 597 887 ergo
631 816 916 869 multorum
953 812 1339 883 prophetarum
1371 812 1590 881 sanguis
1616 827 1720 865 non

148 909 439 963 intercidit
471 907 843 976 prophetiam;
875 906 1033 959 unius
1060 914 1258 967 autem,
1294 911 1351 957 ut
1373 903 1575 969 dicitis,
1601 916 1725 957 con-

150 1015 245 1057 tra
274 1004 443 1073 legem
474 1002 720 1057 facientis
740 1001 980 1071 sanguis,
1006 1001 1192 1054 statuit
1218 999 1331 1070 (79)
1355 1013 1568 1053 omnem
1598 1013 1724 1067 pro-

150 1092 442 1163 phetiam?
470 1094 533 1149 Et
570 1093 836 1162 quomodo
865 1107 1051 1146 omnes
1078 1092 1347 1161 propheta:
1371 1104 1489 1144 cum
1514 1090 1721 1159 legisla-

146 1195 279 1241 tore
320 1192 372 1237 et
405 1184 619 1253 regibus
647 1183 825 1251 justis,
853 1190 910 1236 et
951 1181 1202 1237 omnibus
1241 1180 1575 1235 mirabilibus
1604 1196 1724 1250 qute

147 1268 299 1327 iacta
331 1275 468 1342 apud
507 1273 797 1343 Egyptum
826 1273 1095 1338 videntur,
1128 1281 1183 1326 et
1230 1272 1281 1326 in
1318 1265 1631 1336 deserto,'et
1668 1270 1720 1326 in

152 1364 285 1433 ipsa
330 1374 470 1417 terra
499 1364 884 1432 promissionis,
914 1372 967 1416 et
996 1378 1116 1416 cum
1153 1361 1404 1417 omnibus
1449 1361 1723 1417 beneﬁciis

142 1463 209 1506 et
239 1454 415 1522 poenis
453 1469 556 1507 non
583 1454 1258 1508 statueruntidololatriam
1306 1468 1372 1508 ne
1391 1454 1606 1523 quidem
1655 1453 1722 1507 ab

147 1546 277 1616 ipso
317 1545 514 1600 Israel?
540 1546 729 1603 Crucis
769 1557 949 1601 autem
985 1561 1163 1602 sermo
1189 1555 1244 1601 et
1274 1547 1462 1601 orbem
1503 1548 1719 1601 univer-

143 1653 275 1692 sum
338 1640 625 1702 convertit,
669 1650 723 1694 et
770 1639 931 1695 Israel
967 1641 1012 1694 si
1066 1639 1196 1693 nihil
1233 1639 1400 1704 aliud,
1447 1649 1620 1695 tamen
1655 1642 1722 1696 ab

147 1728 465 1783 idololatria
504 1730 819 1799 prohibuit?
844 1729 983 1796 Quid
1008 1732 1112 1784 hoc
1141 1729 1461 1785 ellicientius
1495 1731 1621 1784 mihi
1651 1731 1723 1784 vi-

1229 326 1316 382 DE
1355 298 1960 379 RESURRECTIONE.
2002 338 2068 351 -—
2102 304 2232 363 LIB.
2271 300 2334 357 ll.

3246 281 3385 343 U06

2034 429 2327 493 negaturos
2372 426 2495 471 esse
2534 421 2744 476 onrnes,
2781 406 2976 464 Petrus
3011 401 3226 487 dicebat
3258 415 3275 455 :
3324 398 3383 455 Si

1823 484 2000 573 omnes
2028 524 2077 567 to
2104 484 2391 581 negabant,
2423 520 2517 577 ego
2548 518 2651 557 non
2677 510 2725 556 te
2763 498 3000 570 negabo;
3028 484 3125 550 sed
3169 499 3385 562 paratus

1822 623 1935 662 sum
1964 620 2058 675 pro
2085 611 2133 657 te
2167 599 2301 654 mori
2328 598 2396 662 υ,
2424 604 2479 651 et
2508 602 2633 650 ante
2652 601 2705 649 te
2728 590 2884 647 mori.
2918 588 2984 643 Et
3011 601 3131 641 cum
3160 583 3387 684 dixisset

1823 697 1948 768 quia
1987 703 2042 749 et
2079 695 2192 763 ipse
2243 700 2323 747 ter
2371 686 2733 756 abnegaturus
2770 689 2955 744 esset,
2995 691 3099 768 non
3137 681 3386 768 recessit,

1824 764 2155 842 contendens
2194 788 2249 837 et
2293 778 2501 842 dicens,
2542 774 2664 829 Non
2712 783 2760 828 te
2808 768 3023 841 negabo.
3058 764 3162 833 Qui
3206 773 3385 817 autem

1823 875 1962 932 dixit
2010 885 2173 942 saepe,
2220 868 2346 939 quia
2398 879 2505 920 non
2544 859 2770 932 negabo,
2814 866 2868 912 et
2922 856 3109 909 horum
3152 847 3385 903 habebat

1823 963 2173 1028 memoriam;
2208 958 2332 1030 quia
2365 954 2544 1029 puella
2572 953 2813 1022 quaedam
2854 944 3118 1003 accedens
3146 942 3382 996 interro-

1824 1056 1983 1128 gabat
2012 1066 2161 1117 eum,
2188 1064 2330 1106 nunc
2350 1045 2603 1102 Galilaeus
2624 1052 2724 1108 est,
2757 1055 2897 1096 nunc
2925 1051 3045 1092 cum
3071 1032 3201 1091 Jesu
3227 1039 3377 1128 erat;

1824 1124 1988 1215 ccepit
2015 1154 2068 1199 et
2091 1142 2302 1212 iurare,
2335 1137 2480 1209 quod
2517 1151 2622 1191 non
2661 1141 2979 1205 poposcerat
3004 1127 3201 1199 puella,
3233 1134 3289 1180 et
3310 1124 3384 1178 di-

1822 1251 1967 1307 cere,
2007 1234 2133 1305 quia
2178 1231 2362 1288 nescio
2403 1227 2702 1292 hominem,
2740 1238 2841 1280 nec
2899 1231 2958 1276 ut
3002 1219 3299 1309 hominem,
3347 1229 3381 1270 ο

1823 1347 1979 1402 Petre
2005 1348 2020 1401 !
2052 1353 2107 1401 et
2142 1346 2246 1401 hoc
2280 1341 2469 1409 semel,
2502 1349 2556 1395 et
2583 1339 2666 1395 bis
2698 1348 2751 1393 et
2780 1346 2879 1393 ter.
2910 1335 2978 1389 Et
2998 1339 3143 1388 certe
3171 1326 3384 1383 vivebat

1822 1438 2093 1508 Magister,
2130 1445 2183 1491 et
2212 1435 2481 1490 incertum
2514 1440 2632 1486 erat
2670 1430 2716 1485 si
2741 1434 3044 1483 moreretur
3092 1423 3270 1478 Petro.
3302 1419 3384 1488 lp-

1822 1529 1935 1583 sius
1963 1534 2047 1581 est
2069 1524 2215 1580 enim
2247 1537 2345 1577 vox
2371 1536 2492 1590 quae
2520 1521 2691 1575 dixit:
2721 1513 3088 1571 Misericordia
3129 1509 3245 1575 tibi,
3282 1508 3385 1562 Do-

1822 1618 1977 1684 mine,
2004 1619 2067 1671 ab
2095 1616 2174 1669 his
2205 1616 2272 1668 ⁸⁸.
2314 1608 2774 1681 Quemadmodum
2819 1608 2921 1662 iste
2961 1618 3164 1674 negans
3208 1612 3286 1657 ter
3330 1610 3384 1655 et

1818 1706 2032 1777 jurans,
2084 1715 2137 1761 et
2194 1704 2297 1760 hoc
2343 1710 2563 1774 propter
2599 1715 2785 1767 vocem
2832 1696 3019 1769 puellm
3061 1695 3219 1749 unius
3257 1700 3381 1745 ante

145 1819 335 1882 detur,
383 1787 520 1888 quia.
569 1787 897 1872 resurrectib
951 1820 1179 1874 viventis
1237 1836 1355 1890 qua;
1405 1822 1508 1875 hoc
1566 1820 1715 1886 fecit,
1748 1810 1791 1864 Β
1821 1807 2084 1890 "longi":
2126 1805 2252 1866 ροεο
2281 1801 2889 1890 ειςιιεθιιιτροειρδυεοε
2922 1787 3376 1890 ίξ¹γίξῆάξθ⁸μ¹⁸¹ξοιῖ

145 1923 302 1962 mors
332 1923 491 1976 quam
531 1908 803 1962 sustinuit.
832 1909 889 1964 Si
920 1910 1065 1964 enim
1110 1909 1299 1964 aﬂixus
1347 1919 1428 1963 est
1460 1911 1527 1964 ob
1576 1910 1721 1964 inlir-

145 1997 424 2057 mitatem.
480 2007 539 2051 ut
566 1999 696 2053 dicit
716 1996 913 2054 Paulus
946 2001 1014 2066 ⁸ο,
1064 2003 1157 2057 sed
1206 2002 1336 2056 vivit
1368 2011 1427 2055 ut
1456 2002 1716 2056 videmus.

144 2084 218 2137 Et
248 2103 346 2141 nos
367 2087 581 2157 quidem
610 2090 757 2143 illum
782 2106 942 2160 quem
982 2107 1087 2146 non
1127 2092 1368 2147 videmus
1410 2108 1515 2147 non
1558 2109 1714 2163 nega-

145 2194 314 2233 mus:
359 2180 623 2235 viventem
665 2191 844 2237 autem
879 2199 945 2238 ex
970 2183 1058 2239 his
1084 2200 1203 2256 qua;
1243 2184 1405 2239 elIicit
1450 2187 1712 2241 videmus.

144 2269 291 2336 Quia
321 2280 496 2325 autem
531 2272 649 2326 ausi
679 2282 826 2338 sunt,
860 2274 911 2327 in
944 2289 1047 2344 qua
1080 2286 1210 2330 sunt
1248 2290 1409 2347 pmna
1462 2276 1565 2346 ipsi
1607 2278 1720 2331 edi-

144 2371 303 2415 cant.
336 2361 479 2433 Ergo
506 2364 692 2419 vivens
721 2374 774 2419 et
801 2366 944 2435 apud
970 2381 1065 2422 eos
1099 2368 1375 2423 invenitur
1404 2371 1495 2439 qui
1528 2386 1719 2441 passus

144 2462 258 2507 est.
292 2454 395 2520 Qui
428 2456 571 2509 enim
603 2457 962 2512 adversantur
985 2459 1038 2514 in
1073 2459 1427 2515 dissolutione
1458 2471 1585 2515 sunt
1613 2480 1626 2515 :
1666 2472 1720 2517 et

144 2544 385 2613 gentiles
430 2546 540 2615 jam
584 2563 687 2602 non
735 2550 1006 2616 gentiles:
1058 2560 1113 2605 et
1157 2549 1326 2606 Juda3i
1373 2562 1715 2621 superantur.

147 2636 295 2702 Quid
328 2638 582 2707 deestqui
616 2640 825 2695 vincit?
861 2642 1096 2698 Ecclesia
1131 2643 1328 2713 quippe
1354 2646 1493 2699 unde
1514 2645 1719 2701 habens

145 2728 333 2785 ﬁlios!
386 2729 462 2785 lia
497 2735 641 2787 enim
672 2743 756 2788 est
790 2735 1101 2799 admiratio,
1129 2737 1255 2804 quia
1281 2753 1309 2789 a
1333 2735 1533 2792 Iudaeis
1578 2740 1720 2795 acci-

144 2818 306 2888 piens
355 2831 534 2889 patres
577 2823 869 2891 apostolos,
920 2838 948 2875 a
1008 2824 1259 2893 gentibus
1285 2835 1463 2881 autem
1511 2828 1650 2884 ﬁlios
1687 2844 1717 2883 a

144 2925 259 2965 non
288 2912 670 2979 credentibus;
707 2914 870 2967 habet
901 2915 1013 2970 illic
1048 2915 1275 2971 salutem
1310 2917 1561 2987 ﬁliorum,
1597 2922 1719 2977 istic

142 3017 256 3055 non
288 3002 667 3059 creditJudaais
693 3004 827 3077 (80).
861 3005 965 3060 Sed
996 3006 1063 3062 ab
1103 3009 1494 3078 abnegautibus
1520 3010 1719 3069 Judaais

142 3089 311 3146 habet
344 3102 507 3147 testes
537 3095 829 3164 apostolos,
868 3109 925 3150 ut
959 3096 1171 3151 illorum
1225 3101 1543 3169 couspersio
1578 3106 1717 3171 apud

1820 1886 1898 1955 pit
1925 1884 2163 1940 clamare
2186 1894 2242 1940 et
2272 1883 2338 1938 ad
2371 1880 2621 1952 populum
2660 1878 2841 1935 dicere
2877 1894 2892 1932 :
2946 1874 3060 1943 Viri
3102 1873 3294 1953 fratres
3329 1881 3377 1926 et

1816 1985 2015 2045 patres,
2045 1974 2221 2029 audite
2241 1974 2306 2029 ⁸³.
2332 1972 2565 2028 Puellam
2593 1985 2699 2025 non
2723 1967 2895 2034 audis,
2925 1976 2975 2025 et
3004 1965 3150 2021 viros
3182 1963 3377 2018 fratres

1819 2077 1871 2122 et
1903 2078 2082 2137 patres
2108 2080 2269 2122 vocas
2299 2074 2357 2120 ut
2388 2064 2714 2119 suadeantur
2747 2060 2771 2115 ‘t
2817 2060 2874 2115 lu
2920 2066 3074 2113 nocte
3109 2068 3274 2124 negas
3317 2052 3370 2107 in

1817 2193 1921 2248 qua
1961 2193 2148 2248 posses
2176 2187 2231 2234 et
2255 2177 2444 2243 latere,
2477 2184 2530 2230 et
2557 2174 2715 2230 tertia
2747 2174 2877 2228 hora
2906 2178 3224 2228 constanter
3255 2183 3375 2238 pro-

1818 2269 2060 2325 clamans
2089 2268 2332 2339 loqueris
2350 2267 2417 2321 ad
2442 2269 2695 2337 populum
2733 2263 3089 2319 universum?
3119 2260 3224 2316 Sed
3246 2269 3374 2329 puta

1817 2360 1943 2428 quia
1972 2358 2170 2414 Petrus
2190 2359 2562 2414 contentiosus
2590 2368 2695 2420 est,
2718 2365 2771 2412 et
2797 2355 2979 2410 omnia
3011 2353 3218 2409 donans
3255 2350 3376 2406 Ma-

1817 2450 2007 2520 gistro,
2059 2464 2222 2505 ausus
2265 2451 2363 2504 ruit
2409 2448 2609 2505 Iudaeis
2658 2457 2715 2503 et
2759 2447 2924 2518 loqui,
2953 2462 2984 2500 a
3015 2444 3210 2515 quibus
3256 2444 3372 2513 ipsa

1817 2541 2040 2596 audacia
2067 2540 2292 2597 exstitit.
2338 2540 2797 2609 Quemadmodum
2838 2536 3012 2595 Iudaei
3050 2552 3152 2591 non
3191 2535 3374 2591 statim

1817 2628 2049 2689 fustibus
2081 2642 2134 2686 et
2180 2632 2463 2702 lapidibus,
2496 2640 2590 2686 aut
2613 2631 2854 2701 quolibet
2894 2628 3000 2683 alio
3042 2641 3240 2698 genere
3276 2628 3374 2682 oh-

1819 2736 1978 2777 ruere
2027 2734 2340 2793 arguentem
2377 2723 2401 2777 ἲ
2434 2724 2489 2777 Si
2518 2723 2661 2777 enim
2692 2723 2875 2787 Deum,
2914 2722 3003 2791 qui
3032 2722 3184 2792 signa
3224 2721 3376 2789 fecit,

1816 2815 1932 2869 ausi
1978 2824 2102 2869 sunt
2153 2813 2368 2886 alﬁgere
2412 2814 2582 2880 cruci,
2626 2814 3083 2881 quemadmodum
3155 2813 3376 2869 Petrum

1816 2907 2227 2963 convincentem
2261 2921 2355 2962 eos
2404 2917 2523 2977 post
2566 2908 2726 2963 istam
2756 2907 3033 2962 audaciam
3060 2922 3167 2961 non
3194 2906 3377 2962 statim

1818 2997 2049 3053 fustibus
2075 3009 2166 3052 aut
2193 2998 2463 3068 lapidibus
2509 2998 2849 3055 obruerunt?
2884 2997 3038 3053 Nunc
3081 3012 3215 3069 ergo
3254 3007 3383 3054 sunt

1818 3089 1871 3143 in
1899 3090 2208 3160 captivitate
2238 3098 2291 3144 et
2314 3090 2706 3155 humiliatioue,
2754 3105 2875 3146 cum
2916 3090 3081 3145 lloret,
3106 3090 3377 3155 Ecclesia;

144 3199 250 3237 nos
287 3201 392 3239 non
431 3186 500 3240 sit
530 3187 765 3245 illorum.
812 3187 945 3242 Cum
999 3190 1142 3244 enim
1195 3190 1398 3246 ferrum
1433 3208 1713 3263 ερεθριυιη
1744 3200 1786 3265 C
1819 3193 1874 3237 et
1915 3186 2142 3239 adorant
2186 3183 2466 3239 nobiscum
2508 3193 2563 3240 et
2613 3200 2768 3253 reges
2811 3194 2865 3240 et
2906 3184 3133 3254 iudices.
3170 3184 3383 3240 Audeat

141 3272 313 3329 fuerit
342 3293 371 3331 a
410 3281 763 3349 congeriebus
788 3281 1042 3350 lapidum,
1069 3293 1158 3338 aut
1194 3301 1225 3339 a
1257 3298 1399 3341 terra
1429 3303 1494 3342 ex
1519 3305 1623 3359 qua
1662 3301 1717 3346 et

141 3367 439 3422 conﬂatum
460 3371 693 3439 est,jam
728 3389 832 3428 non
865 3383 947 3428 est
969 3376 1109 3443 quod
1148 3388 1268 3431 erat
1296 3378 1347 3432 in
1381 3390 1561 3435 monte
1605 3399 1619 3435 :
1663 3391 1718 3436 et

143 3459 379 3526 apostoli
412 3475 442 3514 a
470 3460 671 3517 Judaeis
697 3465 927 3533 accepti,
949 3464 1059 3532 jam
1080 3482 1185 3520 non
1211 3478 1337 3522 sunt
1362 3484 1426 3525 ex
1462 3471 1587 3525 illis.
1613 3471 1716 3527 Per

146 3548 331 3619 ignem
383 3552 528 3606 enim
583 3556 876 3620 emundati,
932 3554 1078 3610 aliud
1123 3574 1280 3626 quam
1330 3559 1533 3630 lapides
1588 3562 1715 3619 facti

145 3647 302 3693 sunt.
354 3638 434 3694 Illi
475 3642 617 3696 enim
662 3643 1127 3700 interﬁciebantur
1177 3658 1235 3702 ut
1276 3664 1381 3704 non
1429 3652 1719 3709 adorarent

143 3730 294 3785 idola
323 3748 337 3796 ;
363 3743 417 3787 et
454 3733 761 3802 lapidabant
791 3734 1009 3805 Moysen
1060 3739 1185 3807 quia
1228 3757 1331 3797 non
1387 3746 1717 3800 concedebat

140 3822 231 3875 eis
261 3824 525 3878 adorare:
558 3824 864 3893 Stephanus
892 3839 1069 3884 autem
1102 3833 1285 3886 statim
1319 3849 1386 3887 ex
1420 3835 1552 3903 ipsis
1580 3835 1717 3905 lapi-

139 3911 401 3979 dabatur,
430 3934 495 3972 eo
535 3920 679 3988 quod
719 3938 825 3977 non
864 3926 1079 3995 negavit
1109 3942 1273 3982 causa
1314 3931 1497 3983 crucis
1535 3930 1715 3983 Domi-

141 4019 278 4056 num
305 4003 507 4062 Jesum.
545 4010 708 4064 Putas
740 4011 829 4067 isti
866 4030 932 4069 ex
963 4013 1164 4071 Iudaeis
1193 4017 1365 4071 sunt?
1393 4016 1588 4073 Petrus
1622 4016 1713 4088 qui

141 4096 370 4153 inverso
401 4100 581 4169 capite
609 4101 798 4159 aliixus
836 4115 921 4159 est
951 4106 1121 4173 cruci,
1167 4106 1366 4163 Paulus
1402 4110 1494 4179 qui
1531 4124 1716 4180 perse-

138 4190 418 4246 cutionem
455 4201 537 4247 est
559 4209 780 4263 passus,
826 4206 883 4250 et
918 4198 1185 4267 gloriatus
1223 4209 1307 4253 est
1347 4201 1398 4254 in
1438 4202 1713 4271 periculis.

140 4282 258 4339 Sed
285 4287 628 4342 meminimus
673 4288 822 4344 Petri
860 4302 911 4345 et
954 4289 1105 4345 Pauli
1130 4303 1180 4345 et
1213 4291 1490 4362 Stephani.
1524 4294 1717 4350 Petrus

136 4382 277 4433 ante
309 4390 525 4430 crucem
553 4377 798 4434 inﬁrmus
841 4388 895 4433 et
932 4380 1189 4446 incertus,
1221 4384 1287 4449 ζει
1325 4390 1405 4437 ter
1441 4384 1715 4454 abnegaus

140 4463 432 4525 Dominum
458 4482 475 4532 ;
499 4468 717 4536 quando
755 4469 930 4539 magis
975 4472 1262 4538 oportebat
1296 4487 1420 4528 eum
1468 4478 1714 4546 negare?

139 4570 271 4610 cum
304 4558 477 4612 adhuc
513 4559 722 4615 viveret
745 4562 1006 4631 magister
1040 4562 1063 4615 ?
1095 4571 1190 4617 aut
1240 4573 1365 4619 tunc
1404 4581 1526 4625 cum
1578 4570 1713 4624 satis

141 4645 247 4698 sibi
276 4646 401 4699 fecit
428 4648 519 4717 qui
548 4658 631 4704 est
690 4652 988 4709 mortuus?
1042 4651 1097 4706 Si
1143 4665 1322 4708 autem
1373 4669 1548 4724 neque
1585 4668 1713 4713 ante

143 4747 380 4793 mortem
412 4750 658 4809 negaret,
707 4750 852 4795 esset
892 4742 1284 4799 contentiosum
1330 4748 1510 4801 omnia
1540 4749 1712 4803 domi-

143 4829 332 4882 nantis
364 4828 621 4900 Magistro
646 4831 782 4904 (8l).
814 4832 868 4889 Si
901 4845 1079 4890 autem
1109 4846 1235 4890 ante
1271 4851 1488 4894 crucem
1525 4850 1707 4910 negat,

138 4929 198 4977 et
228 4930 310 4975 ter
342 4937 444 4975 non
472 4923 810 4992 simpliciter,
850 4927 943 4980 sed
977 4940 1072 4991 per
1099 4941 1284 4981 vocem
1316 4927 1503 4994 puella:
1530 4930 1710 4993 unius,

140 5020 199 5065 et
234 5010 337 5067 hoc
361 5010 590 5068 Domino
623 5015 951 5083 praedicente
986 5016 1058 5081 ei,
1088 5024 1143 5069 et
1178 5024 1328 5071 certe
1366 5017 1411 5070 sl
1447 5032 1551 5070 non
1592 5033 1712 5084 pro-

138 5113 264 5174 pter
320 5104 492 5171 aliud,
552 5116 771 5176 propter
835 5107 1293 5177 contemptionem
1348 5108 1715 5176 praedictionis

142 5192 369 5265 deberet
393 5193 589 5250 Petrus
619 5209 725 5250 non
756 5209 978 5264 negare.
1027 5196 1095 5251 Et
1119 5205 1270 5252 certe
1301 5211 1423 5250 cum
1452 5196 1714 5253 Dominus

1818 3278 1938 3345 quis
1977 3277 2182 3346 ingredi
2207 3292 2554 3348 synagogam,
2592 3280 2741 3333 visus
2762 3278 2887 3334 licet
2910 3277 3024 3350 (82)
3047 3278 3290 3348 alicujus,
3323 3287 3378 3331 et

1818 3371 2020 3432 dicere,
2067 3368 2223 3425 Jesus
2255 3370 2546 3425 cruciﬁxus
2590 3367 2760 3424 Filius
2805 3378 2892 3424 est
2933 3369 3047 3423 Dei.
3097 3367 3153 3423 Si
3186 3367 3383 3423 exierit

1818 3461 2055 3515 exinde?
2080 3472 2135 3516 et
2167 3462 2267 3516 hoc
2298 3476 2421 3516 cum
2453 3476 2557 3515 non
2591 3462 2661 3516 sit
2689 3476 2755 3515 ex
2796 3460 3019 3525 Judaeis,
3059 3461 3153 3515 sed
3187 3475 3251 3514 ex
3285 3474 3380 3513 no-

1819 3549 1902 3604 bis
1930 3566 1944 3602 :
1976 3564 2098 3603 cum
2127 3559 2182 3603 et
2232 3550 2378 3619 leges
2426 3551 2722 3614 vindicant,
2754 3561 2809 3606 et
2836 3565 2991 3621 reges
3026 3553 3275 3615 adorant,
3324 3560 3379 3604 et

1819 3656 1942 3696 cum
1996 3640 2234 3697 Ecclesia
2270 3652 2413 3698 tenet
2448 3640 2584 3714 (83).
2645 3642 2703 3698 Si
2734 3652 2918 3699 autem
2964 3657 3107 3697 nunc
3150 3655 3254 3696 non
3299 3650 3382 3695 est

1818 3733 1932 3787 sine
1963 3732 2199 3802 periculo
2228 3733 2457 3804 aliquem
2485 3751 2590 3789 nou
2637 3734 2877 3791 Judaeum
2914 3733 3121 3804 ingredi
3155 3733 3208 3787 in
3247 3747 3378 3803 syn-

1818 3838 2039 3894 agogam
2093 3838 2279 3879 eorum
2329 3827 2420 3894 qui
2452 3827 2504 3880 in
2529 3827 2844 3895 captivitate
2867 3825 3155 3889 habentur,
3185 3835 3240 3879 et
3274 3826 3376 3879 hoc

1819 3915 1873 3968 in
1912 3917 2029 3970 vico
2055 3916 2143 3971 tibi
2179 3927 2287 3971 tres
2322 3926 2416 3973 aut
2454 3927 2687 3986 quatuor
2731 3918 3054 3989 colliguntur
3099 3916 3289 3983 Judaei,
3323 3928 3380 3975 et

1818 4010 1998 4063 dicere
2032 4011 2310 4065 veritatem
2336 4027 2352 4076 ;
2388 4011 2839 4079 quemadmodum
2869 4011 3060 4069 Petrus
3084 4027 3147 4068 ex
3177 4010 3377 4068 Judaeis

1816 4098 2069 4158 Galilatus
2088 4101 2235 4157 ?Nec
2256 4102 2398 4156 enim
2424 4102 2525 4157 hoc
2542 4114 2625 4158 est
2644 4105 2823 4160 dicere
2844 4106 2969 4174 quia
2994 4106 3378 4175 ingenuitatem

1817 4190 1936 4259 ejus
1969 4192 2325 4256 honorarunt,
2354 4201 2409 4247 et
2440 4208 2545 4246 non
2583 4200 2706 4247 sunt
2726 4194 2842 4248 ausi
2869 4211 2883 4248 :
2914 4208 3015 4249 nec
3041 4195 3167 4263 quia
3196 4196 3381 4249 erudi-

1818 4283 2039 4349 tionem,
2076 4299 2174 4339 nec
2212 4284 2339 4353 quia
2368 4284 2607 4340 divitias.
2637 4284 2755 4340 Jam
2781 4297 2959 4340 autem
3010 4302 3109 4342 nec
3144 4290 3380 4356 piscator

1816 4384 1955 4441 erat,
1987 4376 2080 4431 sed
2111 4392 2281 4446 egeno
2306 4379 2570 4448 egentior.
2620 4378 2675 4432 In
2718 4387 2924 4433 tantmn
2977 4385 3155 4432 autem
3195 4378 3380 4432 aderat

1817 4466 1864 4518 ei
1895 4476 1952 4521 ut
1984 4482 2087 4521 non
2114 4469 2443 4538 loqueretur,
2463 4470 2555 4538 qui
2580 4468 2705 4524 dum
2734 4470 3138 4540 periclitaretur
3159 4469 3380 4533 animae,

1750 4554 1791 4607 D
1817 4568 1872 4611 et
1902 4556 2330 4627 interrogaretur
2359 4560 2404 4614 si
2433 4560 2688 4616 Galilaaus
2736 4570 2904 4623 esset,
2955 4575 3158 4631 negans
3198 4570 3253 4615 et
3303 4559 3380 4613 di-

1818 4663 1971 4714 cens,
2006 4665 2136 4715 non,
2166 4650 2220 4703 in
2249 4651 2361 4721 ipsa
2394 4651 2746 4722 abuegatioue
2772 4652 3050 4707 convictus
3085 4662 3190 4706 est.
3244 4650 3379 4719 Quia

1818 4741 1959 4796 enim
1989 4743 2246 4797 naturalis
2271 4754 2356 4797 est
2391 4742 2583 4813 liugum
2605 4742 2738 4814 (84).
2760 4744 2929 4813 partis
2967 4742 3379 4815 uniuscujusque

1819 4843 1979 4889 terra:
2018 4837 2366 4890 meditantem
2399 4837 2676 4892 assuelicri
2703 4838 2769 4892 ad
2789 4838 3169 4907 eloquendum,
3203 4838 3381 4893 oriens

1818 4927 1885 4981 ad
1929 4927 2089 4982 aliam
2141 4940 2349 4998 partem
2401 4931 2587 4994 utitur,
2630 4930 2893 5002 Syrorum
2939 4931 3122 5002 lingua
3180 4931 3233 4986 iu
3277 4931 3380 4984 alio

1818 5018 2035 5086 clamet,
2069 5023 2338 5079 nationem
2368 5024 2582 5093 quidem
2615 5023 2785 5093 ipsum
2814 5038 2957 5087 esse,
2989 5032 3246 5076 mutatam
3286 5037 3380 5076 au-

1821 5120 1927 5167 tem
1957 5114 2008 5168 in
2040 5130 2175 5172 sono
2216 5118 2424 5173 haberi.
2459 5117 2545 5172 Fit
2579 5119 2721 5174 enim
2752 5127 2806 5173 et
2836 5118 2936 5175 hoc
2973 5121 3112 5190 apud
3133 5116 3380 5174 Judaeos:

1819 5213 1875 5258 et
1896 5215 2112 5264 cetera.
2167 5206 2373 5264 Galilaei
2427 5208 2689 5266 llehraica
2742 5210 2957 5280 quidem
3007 5211 3379 5281 loquebantur,

212 5373 262 5407 ³⁸
294 5374 332 5431 ll
360 5376 489 5432 Cor.
524 5393 645 5446 xm,
678 5377 733 5432 4.
810 5379 852 5411 ⁸⁸
885 5376 1072 5433 Matth.
1110 5393 1257 5443 xxvi,
1282 5378 1472 5434 διδ-55.
1546 5379 1593 5411 ⁸’
1620 5377 1808 5434 Matth.
1842 5393 1953 5443 va,
1977 5378 2069 5453 2'3.
2146 5378 2193 5411 ⁸³
2214 5379 2334 5433 Act.
2368 5393 2461 5442 vn,
2486 5380 2541 5434 2.

212 5494 329 5562 (79)
354 5493 572 5553 Statuit.
603 5497 658 5550 ld
687 5508 792 5563 est,
821 5497 977 5552 stitit.

214 5567 328 5635 (80)
361 5564 587 5635 Iudaeis.
620 5566 783 5622 Forte
818 5567 1068 5623 Judteas.

217 5634 333 5705 (8|)
376 5634 571 5688 Omnia
623 5638 970 5691 dominantis.
1020 5637 1182 5692 Forte
1233 5639 1410 5691 omnia
1467 5639 1715 5693 donantis

149 5704 428 5773 Magistro.
486 5706 580 5761 Sic
616 5707 773 5774 paulo
822 5718 941 5775 post
979 5726 992 5761 :
1039 5708 1138 5761 Sed
1182 5720 1308 5774 puta
1351 5710 1473 5774 quia
1523 5706 1711 5764 Petrus

150 5780 506 5830 contentiosa:
540 5788 641 5842 est,
672 5786 717 5832 et
751 5779 923 5832 omnia
966 5780 1165 5832 donans
1201 5777 1477 5846 Magistro.

1900 5498 2015 5576 (εἰ)
2053 5499 2205 5555 Visus
2227 5501 2369 5576 licet.
2405 5501 2661 5576 Quamvis
2686 5502 2923 5572 aliquant
2956 5502 3359 5576 speciemtligni

1827 5573 1955 5625 tatis
1989 5586 2085 5626 ore
2118 5586 2181 5624 ac
2211 5572 2360 5623 vultu
2393 5572 2708 5640 praeferens.

1890 5660 2005 5731 (83)
2045 5660 2224 5715 Tenet.
2258 5663 2485 5731 Κρατεῖ.

1892 5753 2004 5820 (84)
2035 5750 2134 5807 Ms.
2162 5751 2424 5809 Naturale
2456 5766 2528 5810 est
2559 5754 2771 5827 linguas.
