3822 6218
436 300 574 355 “0‘7

1106 292 1372 347 EUSEBII
1414 289 1891 345 C/ESARIENSIS
1931 289 1993 343 01

2127 290 2307 345 PARS
2346 289 2435 344 IV.
2476 320 2545 331 ——
2587 288 3007 345 DOGMATICA.

3563 288 3697 341 1108

433 418 611 487 lingua
664 421 843 468 autem
899 410 1141 483 impediti
1196 419 1289 465 aut
1333 411 1683 465 immutantes
1733 409 2021 465 convince-
2051 413 2091 467 A
2122 425 2225 479 qua
2260 426 2356 479 spe
2388 408 2536 475 elati,
2569 408 2699 477 quid
2732 417 2857 462 ante
2886 406 3074 462 oculos
3116 404 3379 461 habentes
3406 405 3527 459 ausi
3576 418 3696 458 sunt

433 510 632 563 bantur
662 505 785 577 quia
822 519 926 558 non
950 513 1107 557 erant
1141 517 1171 557 e
1200 502 1443 557 civitate.
1476 501 1629 557 Sicut
1657 513 1710 556 et
1734 502 1874 572 apud
1913 515 2012 557 nos

432 614 577 655 nunc
611 596 862 659 eﬂicitur,
899 596 987 664 qui
1026 610 1185 665 agros
1240 594 1508 662 habitant,
1557 596 1911 649 immutantur
1944 598 2011 649 ab

429 692 510 745 eis
543 691 632 760 qui
683 690 737 744 in
794 690 1110 745 civitatibus
1149 689 1463 742 habitantes
1507 687 1741 758 linguam
1784 688 2007 742 habent.

435 781 600 836 Forte
635 790 815 834 autem
846 789 899 833 et
930 780 1350 847 uniuscuiusque
1385 778 1589 833 civitati
1623 779 1812 833 vicina:
1838 778 2011 833 diver-

432 888 547 926 sam
579 872 779 926 habent
807 872 1043 941 linguam
1081 880 1300 941 propter
1330 869 1773 925 consuetudinem
1804 884 1999 924 assue-

432 972 566 1015 tam.
603 960 727 1017 lltec
759 978 879 1015 cum
936 963 1006 1015 ita
1055 970 1365 1031 agerentur,
1413 974 1477 1013 ex
1518 960 1908 1014 consuetudine
1936 960 2009 1014 ita

429 1061 709 1123 apparent.
756 1052 809 1107 ln
865 1053 1004 1106 libro
1057 1052 1303 1107 Judicum
1337 1052 1594 1120 scriptum
1633 1059 1716 1106 est
1769 1050 1835 1115 ⁸⁸,
1883 1052 2006 1119 quia

428 1146 677 1213 provenit
714 1145 910 1199 bellum
937 1146 1075 1198 inter
1096 1160 1152 1198 se
1178 1158 1333 1213 agere
1360 1152 1579 1213 propter
1607 1144 2003 1199 accusationem

430 1234 609 1288 nescio
649 1250 807 1303 quam
837 1250 902 1289 ex
933 1235 1085 1288 istius
1110 1234 1278 1303 partis
1311 1232 1431 1305 (sic)
1462 1233 1725 1288 homines.
1753 1233 2006 1288 Commu-

426 1326 510 1381 nis
534 1327 677 1381 enim
709 1335 826 1381 erat
856 1326 1215 1381 circumcisio.
1260 1326 1314 1381 Si
1357 1328 1421 1381 ad
1469 1327 1692 1382 alteram
1728 1327 2002 1379 venissent

426 1423 658 1483 partem,
699 1430 794 1484 per
827 1414 1063 1485 linguam
1095 1427 1214 1469 erat
1241 1431 1426 1470 eorum
1452 1416 1726 1471 discretio.
1758 1416 1997 1471 Interro-

425 1507 624 1574 gabant
661 1507 805 1561 enim
846 1507 1077 1562 victores
1136 1520 1230 1561 eos
1273 1522 1407 1575 quos
1465 1509 1708 1563 vicerant
1751 1508 1892 1562 unde
1917 1522 2004 1561 es-

426 1604 548 1649 sent
576 1614 591 1648 :
630 1610 725 1664 pro
754 1596 929 1650 salute
953 1611 1017 1650 ex
1055 1606 1207 1666 parte
1230 1598 1457 1651 adversa
1490 1597 1698 1664 haberi,
1734 1611 2003 1667 propone-

427 1689 556 1739 bant
589 1702 892 1741 sermonem
924 1688 1234 1756 quemdam,
1282 1704 1386 1743 non
1432 1698 1686 1757 poterant
1728 1702 1876 1744 recte
1926 1690 1997 1743 ita

2123 502 2468 573 hoc?’,Unde
2520 511 2697 558 autem
2748 501 2829 555 eis
2880 501 2996 555 hzec
3046 498 3375 568 prudentia?
3424 498 3695 568 quomodo

2118 607 2275 666 putas
2302 595 2523 649 adunati
2566 596 2683 649 haec
2713 593 3059 663 impudenter
3087 591 3156 645 ad
3189 590 3514 644 alterutrum
3551 589 3695 642 dice-

2122 690 2271 753 bant,
2317 687 2570 758 MagiSter
2592 686 2782 741 fefellit
2814 685 2958 741 nos?
2986 685 3121 751 Quia
3168 698 3299 753 ergo
3344 681 3535 737 fefellit
3574 699 3691 750 nos,

2115 790 2169 834 et
2199 794 2297 833 nos
2330 778 2577 832 fallamus
2613 778 2897 833 mundum.
2940 776 3199 832 Dicebant
3229 778 3357 846 quia
3410 777 3696 831 suscitavit

2117 885 2213 925 nos
2249 870 2384 943 (87),
2411 879 2467 925 et
2500 870 2613 939 ipse
2646 878 2891 924 mortuus
2942 885 3046 923 non
3103 870 3425 925 resurrexit.
3485 871 3541 925 Si
3578 872 3694 925 haec

2114 964 2450 1019 conscientia
2481 979 2668 1019 eorum
2706 965 2776 1018 ita
2812 964 2979 1018 sciret
3022 977 3144 1018 esse
3185 965 3484 1027 contraria,
3527 966 3693 1020 debe-

2118 1066 2235 1112 rent
2285 1058 2487 1124 dicere,
2542 1067 2597 1112 et
2653 1071 2875 1126 negare,
2922 1066 2978 1113 et
3028 1056 3311 1125 pceniteri,
3351 1065 3405 1111 et
3437 1056 3693 1111 confiteri

2112 1164 2380 1214 errorem,
2425 1160 2481 1205 et
2527 1158 2655 1204 ante
2685 1149 2903 1205 Iudaeos
2934 1149 3117 1205 dicere
3150 1164 3270 1218 qua:
3312 1148 3574 1205 dieebant
3603 1147 3696 1203 Ju-

2112 1240 2210 1293 daei
2275 1238 2441 1311 (88):
2490 1238 2748 1294 seductor
2802 1247 2942 1303 erat,
2988 1240 3203 1294 seduxit
3260 1254 3403 1304 nos;
3458 1239 3694 1308 putaba-

2112 1346 2271 1397 mus,
2353 1331 2704 1400 promittebat
2757 1330 3249 1395 resurrectionem;
3313 1329 3494 1399 argnit
3566 1344 3695 1384 eum

2109 1421 2502 1491 operimentum
2526 1420 2662 1493 (89).
2693 1421 2980 1476 Debuisset
3008 1421 3379 1490 unusquisque
3406 1434 3699 1476 recurrere

2108 1510 2176 1565 ad
2210 1511 2341 1566 retia
2368 1521 2613 1580 paterna,
2646 1512 2935 1582 providere
2969 1511 3070 1565 sibi
3114 1512 3338 1574 victum,
3394 1511 3687 1575 abscondi,

2107 1602 2432 1657 erubescere
2470 1601 2765 1656 falsitatem
2813 1601 3075 1671 Magistri,
3106 1602 3381 1671 propriam
3410 1601 3701 1663 seductio-

2110 1708 2232 1747 nem
2275 1692 2578 1757 occultare,
2613 1691 2781 1747 multo
2828 1692 3247 1762 magisjurgare
3282 1691 3393 1763 (90)
3429 1694 3559 1762 quia
3595 1708 3698 1749 nec

428 1779 572 1849 loqui
605 1780 746 1852 (85),
776 1789 834 1834 ut
884 1780 958 1835 illi
1010 1782 1103 1851 qui
1157 1783 1600 1852 interrogabant:
1630 1793 1679 1837 et
1706 1783 1797 1852 qui
1831 1796 1998 1853 nega-
2035 1775 2076 1833 Β
2107 1786 2338 1840 vidimus
2377 1800 2523 1840 eum.
2582 1783 2707 1839 Hmc
2746 1784 3002 1839 deberent
3034 1784 3238 1851 facere,
3274 1785 3318 1839 si
3353 1800 3478 1838 vera
3509 1795 3699 1839 essent

426 1874 578 1938 bant,
610 1888 673 1928 ex
700 1873 879 1943 lingua
922 1886 1299 1945 arguerentur.
1341 1873 1452 1929 Hoc
1474 1875 1616 1929 enim
1672 1875 1724 1928 in
1766 1887 2001 1943 evange-

433 1964 520 2017 liis
552 1974 844 2018 reuovatur
888 1968 1029 2035 quod
1060 1966 1199 2034 apud
1224 1964 1443 2021 Judires
1476 1965 1734 2035 scriptum
1766 1975 1869 2019 est.
1902 1965 2000 2020 Pe~

425 2067 540 2109 trus
572 2056 713 2109 enim
757 2057 991 2126 negabat
1023 2070 1080 2111 se
1107 2058 1251 2112 scire
1306 2057 1578 2113 hominem
1617 2072 1632 2111 :
1684 2056 1866 2126 lingua
1912 2077 2001 2115 au-

427 2157 535 2200 tem
572 2162 670 2215 per
703 2148 870 2215 ipsam
901 2150 1310 2219 abnegatiOnem
1340 2152 1692 2208 convincebat
1715 2168 1837 2208 eum
1873 2155 1996 2224 quia

420 2236 671 2292 Galilaeus
703 2250 840 2293 erat.
879 2238 982 2293 Iste
1018 2238 1211 2295 Petrus
1234 2242 1322 2310 qui
1352 2242 1785 2311 periclitabatur,
1817 2253 1871 2298 et
1900 2260 1992 2298 cu-

419 2330 599 2398 piebat
628 2344 779 2383 suam
810 2329 1099 2385 immutare
1129 2331 1364 2402 linguam
1400 2348 1429 2386 a
1460 2333 1678 2388 Galilaea
1716 2334 1782 2387 ad
1804 2333 1992 2389 Judaio

418 2438 559 2489 eam,
593 2433 647 2477 et
682 2438 873 2493 parum
917 2424 1045 2491 quid
1082 2426 1381 2495 corrigere,
1415 2426 1529 2479 haec
1581 2428 1805 2495 cupiens
1834 2439 1889 2481 et
1916 2429 1995 2482 fe-

418 2516 627 2569 stinans
670 2524 724 2568 et
772 2524 999 2569 mortem
1058 2518 1276 2583 timens,
1323 2517 1472 2571 dicat
1523 2519 1651 2587 quid
1702 2520 1992 2587 putaverit.

421 2610 703 2675 Quomodo
735 2610 882 2664 omni
911 2610 1111 2664 mundo
1133 2611 1371 2679 loquitur
1394 2610 1497 2665 iste
1526 2609 1764 2677 Iudaeus,
1795 2614 1902 2666 imo
1927 2629 1995 2669 ex

422 2700 624 2755 Judteis
655 2701 791 2772 (86),
821 2703 988 2765 dicat,
1021 2711 1074 2756 et
1097 2704 1329 2772 gentiles
1355 2704 1660 2758 convincat.
1713 2703 1864 2760 Unde
1893 2706 1995 2760 iste

417 2793 503 2845 cui
537 2792 655 2846 sine
677 2806 814 2846 voce
842 2801 963 2846 erat
1013 2791 1219 2862 lingua,
1280 2792 1420 2845 umle
1473 2791 1667 2845 Petrus
1712 2792 1994 2859 loquitur?

418 2885 524 2939 Sed
568 2900 673 2939 non
726 2895 809 2939 est
858 2885 1091 2947 locutus,
1139 2883 1234 2939 sed
1292 2891 1478 2938 tacens
1508 2883 1677 2937 suasit
1711 2884 1990 2937 mundum.

417 2978 670 3047 Majorem
705 2977 861 3031 nobis
892 2977 987 3030 das
1034 2975 1491 3030 admirationem:
1541 2976 1585 3030 is
1625 2977 1715 3046 qui
1762 2977 1993 3045 negabat

415 3071 509 3125 sed
554 3069 766 3124 locutus
803 3076 909 3133 est,
964 3083 1069 3137 qua
1108 3066 1327 3137 lingua?
1364 3068 1493 3136 ipsis
1524 3068 1669 3121 enim
1713 3068 1805 3136 qui
1850 3068 1989 3137 apud

419 3160 844 3231 Hierosolymam
880 3168 1058 3223 erant,
1106 3160 1376 3228 quomodo
1412 3168 1624 3227 poterat
1668 3158 1857 3228 loqui?
1902 3170 1986 3213 ta-

419 3267 539 3305 men
593 3251 855 3319 loquitur,
908 3259 962 3305 ct
1004 3259 1122 3319 post
1176 3260 1411 3319 quantos
1460 3252 1577 3307 dies
1629 3252 1991 3309 couvictionis

416 3359 542 3398 cum
571 3358 668 3411 per
690 3342 923 3411 linguam
954 3351 1037 3396 est
1067 3342 1391 3398 convictus?
1423 3343 1523 3397 iste
1552 3353 1668 3397 erat
1695 3344 1811 3399 dies
1833 3346 1993 3413 quin-

417 3436 749 3505 quagesima:
800 3434 1119 3504 completio,
1208 3434 1585 3502 abnegationis
1621 3446 1799 3491 autem
1845 3435 1989 3491 Petri

415 3536 543 3581 ante
572 3527 967 3596 quinquaginta
992 3526 1110 3580 dies
1135 3526 1317 3594 passio
1345 3527 1521 3582 fuerat
1554 3528 1787 3582 Domini.
1825 3527 1991 3583 Putas

415 3620 469 3677 in
500 3619 891 3690 quinquaginta
920 3618 1112 3674 diebus
1145 3620 1382 3689 piscator
1412 3621 1722 3676 rusticanus
1765 3635 1833 3675 ex
1869 3621 1991 3675 vico

413 3711 619 3766 studuit
649 3725 863 3765 omnem
896 3710 1137 3781 linguam
1162 3711 1185 3765 ?
1211 3712 1265 3765 ln
1292 3711 1515 3765 Actibus
1544 3712 1687 3765 enim
1730 3713 1988 3782 scriptmn

413 3811 498 3856 est
526 3801 897 3870 apostolorum
927 3819 940 3853 :
965 3811 1019 3855 et
1052 3817 1161 3855 non
1192 3801 1476 3865 credatur,
1514 3800 1557 3855 si
1596 3818 1681 3855 res
1714 3801 1843 3870 ipsae
1884 3819 1988 3856 non

415 3891 778 3944 consentiunt.
814 3890 1084 3959 Scriptum
1117 3901 1200 3946 est
1222 3893 1369 3944 enim
1395 3891 1522 3960 quia
1565 3894 1692 3945 dum
1731 3892 1989 3962 implere-

415 3990 503 4033 tur
550 3982 665 4035 dies
715 3983 1187 4052 quinquagesima.
1225 3992 1384 4038 erant
1440 3974 1659 4039 adunati
1713 3986 1765 4038 in
1821 4002 1986 4039 unum

413 4073 643 4140 apostoli
673 4072 742 4139 ⁸⁵,
777 4089 909 4141 quos
945 4086 1222 4142 sparserat
1250 4076 1467 4143 quidem
1500 4092 1655 4143 crux,
1689 4076 1987 4147 collegerat

414 4173 594 4216 autem
643 4166 1010 4230 resurrectio;
1048 4174 1103 4218 et
1131 4164 1382 4220 adunatis
1417 4167 1602 4221 iisdem
1633 4168 1823 4222 divisa:
1863 4178 1991 4224 sunt

412 4258 607 4329 lingua:
639 4270 891 4330 tanquam
921 4261 1059 4331 ignis
1086 4262 1386 4317 dividentes
1414 4305 1429 4329 ,
1480 4274 1532 4320 et
1571 4266 1888 4320 insederunt
1934 4268 1987 4321 in

413 4366 853 4421 unumquemque
896 4353 1133 4417 illorum,
1177 4364 1233 4409 et
1276 4367 1562 4425 cmperunt
1605 4358 1805 4429 linguis
1842 4359 1985 4429 loqui

2103 1892 2224 1947 quae
2276 1874 2448 1931 Judaei
2488 1876 2761 1931 volebant.
2818 1874 2923 1929 Sed
2982 1884 3142 1944 putas
3190 1876 3583 1930 convenientes
3640 1876 3695 1929 in

2101 1985 2265 2023 unum
2302 1968 2645 2037 impudenter
2690 1967 2943 2021 dicebant
2978 1967 3044 2020 ad
3075 1968 3439 2035 semetipsos:
3476 1965 3617 2033 Quid
3648 1968 3694 2021 si

2099 2060 2307 2118 seducti
2339 2061 2564 2116 sumus?
2587 2060 2680 2115 sed
2716 2076 2822 2115 non
2853 2060 3234 2115 concedamus.
3269 2058 3525 2128 Magister
3548 2074 3699 2112 mor-

2103 2163 2225 2208 tuus
2263 2162 2383 2220 est;
2416 2153 2661 2207 dicamus
2707 2151 2836 2222 quia
2873 2152 3174 2206 resurrexit
3203 2169 3216 2205 :
3249 2159 3309 2204 ut
3348 2150 3479 2220 quid
3514 2151 3699 2205 lucra-

2102 2244 2324 2299 rentur?
2349 2245 2477 2313 quid
2514 2245 2783 2300 commodi
2818 2243 3166 2313 acciperent?
3199 2243 3427 2296 aurum?
3457 2244 3553 2295 sed
3587 2258 3695 2296 non

2100 2338 2349 2406 permisit
2374 2338 2689 2391 mandatum
2723 2354 2737 2391 :
2766 2334 3096 2405 argentum?
3123 2344 3176 2388 et
3207 2336 3319 2403 ipsa
3356 2336 3494 2389 retia
3531 2335 3695 2388 dere-

2097 2427 2397 2497 liquerunt.
2431 2426 2538 2483 Sed
2574 2437 2631 2482 ut
2669 2429 3113 2483 honorarentur?
3139 2428 3225 2496 qui
3267 2427 3484 2481 inverso
3512 2429 3697 2496 capite

2098 2520 2471 2590 adigebantur.
2515 2520 2657 2587 Quid
2692 2530 2811 2576 erat
2838 2522 2981 2590 quod
3015 2531 3201 2590 posset
3230 2536 3325 2576 eos
3358 2521 3593 2587 hortari,
3632 2529 3697 2576 ut

2097 2615 2458 2669 mentirentur
2488 2613 2556 2668 de
2585 2628 2651 2668 eo
2671 2613 2764 2682 qui
2803 2629 2908 2666 non
2938 2612 3352 2667 resurrexerat?
3375 2612 3512 2678 Quis
3544 2628 3695 2680 prae—

2098 2705 2287 2760 buerat
2333 2704 2415 2759 eis
2473 2704 2798 2760 audaciam?
2859 2703 2917 2757 In
2964 2718 3073 2773 quo
3124 2703 3460 2757 confidentes
3502 2715 3696 2758 essent

2098 2794 2403 2850 inscientiae
2448 2810 2591 2860 sua’,
2650 2795 2982 2863 rusticitati,
3045 2795 3405 2865 ingenuitati,
3456 2794 3694 2860 divitiis,

2096 2887 2448 2951 multitudini,
2480 2887 2763 2942 duodecim
2814 2890 2882 2942 ad
2924 2887 3222 2941 mundum?
3269 2886 3374 2942 Sed
3419 2889 3691 2957 praedica-

2097 2981 2297 3035 tionem
2332 2980 2449 3048 ejus
2483 2979 2574 3048 qui
2608 2978 2801 3035 afﬁxus
2834 2989 2917 3034 est
2948 2980 3119 3034 cruci.
3161 2977 3341 3048 Ipsum
3377 2980 3552 3035 solum
3590 2998 3695 3034 au-

2096 3072 2223 3126 dere
2254 3071 2407 3127 exire
2450 3072 2517 3125 ad
2565 3073 2848 3139 mundum,
2879 3073 3084 3139 grande
3112 3082 3216 3128 est.
3259 3071 3392 3125 Puta
3426 3073 3527 3127 ista
3565 3076 3694 3129 ausi

2092 3173 2220 3218 sunt
2273 3181 2287 3217 :
2324 3162 2491 3219 Judaei
2534 3165 2804 3233 quomodo
2844 3165 2986 3234 passi
3042 3176 3169 3219 sunt
3222 3181 3330 3220 non
3371 3181 3465 3220 eos
3496 3170 3693 3220 statim

2092 3254 2446 3311 interimere?
2484 3254 2672 3309 Nonne
2702 3256 2875 3324 parati
2910 3266 3037 3310 sunt
3066 3256 3131 3309 ad
3174 3257 3647 3327 interemptionem
3669 3258 3697 3302 7

2092 3346 2412 3419 Magistrum
2463 3347 2769 3411 alIixerunt,
2825 3349 2917 3417 qui
2971 3364 3077 3401 non
3106 3349 3281 3415 arguit
3311 3363 3406 3403 eos
3456 3350 3697 3403 homici-

2094 3441 2191 3494 das
2223 3457 2237 3494 :
2272 3440 2405 3495 istos
2432 3440 2522 3509 qui
2555 3439 2909 3494 convicerunt
2930 3440 3057 3509 quia
3084 3440 3369 3495 homicidae
3391 3450 3543 3503 sunt,
3575 3457 3689 3496 non

2094 3530 2264 3585 multo
2302 3531 2474 3601 magis
2508 3531 2821 3586 debuissent
2855 3532 3201 3587 interimere?
3232 3531 3341 3587 Cur
3363 3534 3693 3602 sanguinem

2093 3624 2341 3696 Magistri
2371 3626 2548 3681 adhuc
2581 3626 2842 3681 habentes
2890 3626 2943 3680 in
2989 3626 3268 3691 manibus,
3293 3626 3575 3695 patiuntur
3603 3626 3694 3694 pi-

2090 3719 2383 3774 scatores?
2431 3728 2488 3774 et
2532 3728 2682 3773 certe
2731 3735 2857 3775 eum
2917 3721 3287 3775 interficerent
3340 3719 3689 3787 Magistrum,

2091 3811 2195 3865 nisi
2240 3819 2492 3879 negasset
2533 3811 2725 3866 Petrus
2763 3812 2961 3866 fuisset
3002 3822 3266 3866 mortuus.
3294 3810 3394 3877 Qui
3424 3827 3558 3878 ergo
3591 3829 3691 3866 vo-

2092 3904 2275 3963 lebant
2298 3918 2419 3957 eum
2446 3911 2739 3973 antequam
2789 3913 3095 3958 moreretur
3119 3902 3376 3973 Magister
3403 3904 3689 3969 oecidere,

2092 3993 2551 4063 quemadmodum
2579 4009 2701 4048 eum
2753 4010 2859 4047 non
2886 3994 3141 4047 occidunt
3181 4005 3303 4064 post
3332 3994 3579 4064 Magistri
3614 3998 3694 4051 in-

2093 4085 2514 4141 terfectionem?
2540 4085 3039 4154 quemadmodum?
3075 4102 3194 4155 quae
3225 4097 3310 4141 est
3337 4103 3504 4142 causa
3521 4088 3549 4142 ?
3593 4090 3689 4141 sed

2093 4180 2382 4234 noluerunt
2430 4196 2444 4233 :
2497 4187 2551 4233 et
2577 4179 2703 4247 quis
2753 4187 2837 4232 est
2868 4178 2959 4247 qui
3009 4181 3277 4234 convertit
3306 4196 3497 4233 eorum
3535 4197 3692 4235 men-

2093 4272 2240 4326 tem?
2291 4272 2398 4326 Sed
2448 4271 2739 4325 voluerunt
2788 4288 2801 4325 :
2850 4279 2905 4325 et
2954 4273 3076 4339 quis
3127 4280 3211 4325 est
3258 4272 3350 4339 qui
3400 4273 3690 4340 prohibuit

2091 4379 2278 4419 eorum
2304 4364 2680 4435 propositum?
2706 4365 2800 4419 sed
2824 4364 3116 4419 voluerunt
3137 4373 3193 4417 et
3215 4380 3321 4417 non
3351 4376 3685 4432 potuerunt:

409 4456 547 4511 quas
574 4458 677 4496 non
713 4444 1032 4498 didicerant.
1067 4443 1191 4500 Haec
1227 4445 1507 4517 Scriptura
1542 4448 1712 4515 dicit;
1750 4452 1842 4519 qui
1872 4452 1985 4505 vult
2018 4473 2062 4527 ι)
2092 4468 2145 4511 et
2173 4457 2298 4525 quis
2342 4465 2426 4512 est
2458 4458 2549 4527 qui
2588 4457 2865 4526 superavit
2897 4466 3085 4510 eorum
3138 4456 3399 4510 malitiam
3422 4457 3451 4509 ?
3492 4473 3690 4525 quem-

410 4533 727 4604 interroget.
780 4534 836 4588 Si
885 4552 991 4589 non
1022 4545 1109 4591 est
1150 4538 1370 4603 factmn,
1400 4542 1672 4607 quomodo
1700 4542 1987 4597 audierunt

408 4626 643 4693 gentes?
672 4626 777 4680 Sed
810 4630 1097 4683 audierunt
1126 4641 1337 4699 gentes.
1368 4632 1512 4699 Ergo
1546 4634 1687 4702 quod
1720 4635 1982 4705 scriptum

407 4727 512 4781 est,
550 4717 751 4773 factum
782 4730 885 4775 est.
911 4721 1041 4788 Quis
1075 4732 1158 4777 est
1186 4723 1278 4793 qui
1318 4725 1577 4778 donavit?
1604 4727 1695 4795 qui
1730 4739 1976 4781 mortuus

411 4816 535 4873 est;
593 4811 888 4877 etquidem
932 4823 1227 4884 antequam
1266 4821 1565 4886 pateretur,
1615 4834 1719 4872 non
1766 4819 1989 4873 donavit

412 4899 670 4968 linguam.
700 4901 851 4968 Quod
883 4920 1012 4974 ergo
1042 4922 1145 4960 non
1181 4908 1405 4962 donavit
1452 4920 1742 4980 antequam
1773 4922 1987 4981 patere-

411 5002 519 5058 tur,
555 4996 1011 5062 quemadmodum
1059 4999 1225 5053 donat
1270 5013 1533 5069 mortuus,
1582 5005 1685 5058 nisi
1719 5006 1847 5073 quia
1898 5021 1984 5059 re-

407 5086 689 5139 surrexit?
736 5086 842 5142 Sed
893 5106 995 5144 non
1050 5093 1288 5156 donavit,
1345 5110 1441 5148 nee
1496 5112 1622 5150 vera
1672 5096 1798 5151 dicit
1834 5097 1983 5152 Scri-

410 5191 587 5250 ptura.
614 5181 890 5248 Quomodo
920 5188 1035 5240 ausi
1055 5201 1179 5241 sunt
1213 5193 1440 5259 apostoli
1468 5193 1618 5246 exire
1650 5194 1715 5247 ad
1750 5195 1982 5263 gentes?

477 5317 526 5348 ”
557 5317 734 5374 Judic.
768 5337 865 5386 xtt,
899 5322 952 5378 6.
1043 5325 1089 5355 ⁸⁸
1114 5327 1232 5379 Aet.
1264 5342 1322 5390 ll,
1361 5330 1410 5381 l.

626 5474 722 5549 Ms.
756 5475 1017 5533 Naturale
1040 5492 1115 5533 est
1145 5484 1359 5549 (iugum.

410 5611 461 5665 lo
484 5543 597 5624 (85)
632 5545 729 5600 Ms.
766 5550 1077 5615 Quemdum,
1117 5543 1269 5622 quem
1312 5571 1414 5606 nou
1448 5563 1687 5621 poterant
1736 5568 1870 5611 recte
1902 5556 1977 5610 ita

465 5630 574 5680 qui.

637 5685 722 5757 Ea:
749 5685 975 5742 Iudicis.
1007 5690 1166 5744 Forte
1194 5703 1242 5743 et
1265 5692 1492 5747 ludatis.

483 5754 594 5819 (87)
625 5754 905 5811 Suscitavit
943 5778 1053 5817 nos.
1086 5762 1342 5820 Fortasse
1388 5766 1587 5821 diccbat
1645 5769 1767 5824 auia
1812 5770 1973 5823 susci-

2095 4550 2386 4604 admodum
2413 4551 2650 4618 superati
2684 4549 2844 4604 sunt?
2866 4549 2910 4601 si
2943 4563 3049 4602 non
3077 4557 3159 4601 est
3193 4548 3335 4602 facta
3365 4550 3684 4614 admiratio,

2094 4642 2368 4711 quomodo
2407 4643 2631 4696 vincunt
2655 4640 2994 4710 piscatores?
3033 4640 3172 4695 Ecce
3219 4640 3323 4692 alia
3361 4642 3683 4702 admiratio,

2089 4736 2133 4789 si
2169 4734 2310 4788 nulla
2335 4734 2693 4789 admiratione
2724 4734 2966 4787 vincunt.
3006 4733 3071 4787 Et
3103 4742 3252 4787 certe
3284 4732 3473 4785 volunt
3506 4731 3684 4786 Jtldti

2089 4827 2358 4888 occidere,
2399 4834 2453 4880 et
2476 4826 2730 4880 concedit
2759 4824 3015 4879 Dominus
3034 4824 3114 4879 eis
3145 4834 3202 4879 ut
3224 4824 3501 4879 occidant.
3533 4824 3683 4878 Mar-

2091 4918 2286 4987 tyrium
2323 4918 2505 4985 itaque
2541 4918 2661 4971 tulit
2708 4918 3038 4986 Stephanus.
3072 4917 3355 4983 Quomodo
3384 4934 3518 4988 ergo
3555 4918 3683 4972 Ste-

2093 5011 2306 5077 phanus
2336 5008 2556 5076 quidem
2590 5010 2658 5062 ab
2702 5008 2820 5062 istis
2858 5008 3155 5061 occiditur?
3201 5006 3342 5062 Utile
3378 5010 3526 5063 enim
3560 5018 3682 5063 erat

2090 5102 2206 5167 ejus
2236 5101 2581 5171 martyrium,
2615 5110 2673 5154 ut
2697 5100 3009 5156 ﬁrmaretur
3038 5118 3134 5170 per
3168 5112 3397 5156 mortem
3434 5116 3681 5156 resurre-

2088 5197 2195 5249 ctio
2226 5213 2239 5249 :
2271 5203 2327 5248 et
2366 5197 2551 5249 caeteri
2586 5210 2692 5248 non
2725 5195 3087 5251 occiduntur?
3122 5195 3227 5250 Sed
3275 5196 3450 5250 noluit
3491 5194 3675 5251 Israel.

2088 5489 2407 5627 ἀίξῖίδῖοιῗίε.
2447 5559 2635 5613 Dicere
2660 5576 2719 5612 ea
2751 5574 2870 5629 qua!
2901 5560 3143 5614 dicebant
3176 5560 3379 5616 Judm‘.

2164 5630 2276 5697 (89)
2306 5628 2405 5687 Ms.
2438 5632 2623 5699 Arguit
2652 5646 2768 5683 eum
2802 5633 3234 5695 experimentum.

2158 5699 2271 5771 (90)
2321 5700 2565 5772 Iurgare.
2598 5701 2758 5757 Forte
2792 5702 2991 5764 iurare.
