3822 6218
153 287 177 333 1
200 285 302 340 109

1230 286 1318 341 DE
1374 284 1977 343 RESURRECTIONE.
2016 318 2081 327 —
2118 286 2245 341 LIB.
2284 286 2347 341 ll.

3267 294 3397 345 illi!

146 395 442 461 Quomodo
473 395 587 449 vult
620 394 995 466 Stephanum?
1018 397 1093 452 De
1132 398 1236 454 hoc
1269 402 1517 455 concedit
1560 400 1739 455 Domi-
1768 407 1814 462 Α
1842 401 2076 454 daeorum
2116 400 2357 468 primarii
2391 398 2708 472 Synagogae,
2742 408 2835 457 aut
2862 402 3216 460 transferrent
3242 408 3396 459 corda

149 502 259 540 nus
297 503 311 539 :
342 482 534 541 suﬁ‘l’cit
579 487 679 542 hoc
724 488 790 541 ad
821 488 1120 542 victoriam.
1178 493 1458 557 Quomodo
1491 490 1736 545 concedit

150 576 521 647 Stephanum,
554 587 607 631 et
638 593 742 631 non
775 580 1022 633 concedit
1064 587 1119 633 et
1165 580 1337 635 alios?
1365 581 1433 637 Ut
1477 595 1737 652 agnosce-

152 680 312 725 retur
340 671 467 740 quia
520 681 729 724 mortua
778 681 862 726 est
906 688 1070 740 mors,
1107 683 1160 728 et
1192 676 1315 742 quia
1363 688 1459 743 per
1506 684 1733 729 mortem

152 761 411 815 ﬁrmatur
441 752 797 826 resurrectio;
832 772 891 818 ut
925 774 1310 832 agnosceretur
1337 766 1459 834 quia
1489 765 1620 818 vivit
1646 764 1734 831 qui

151 853 422 907 vivificat.
452 852 652 907 Volunt
680 852 849 908 Judaei
883 864 938 909 et
985 871 1087 910 non
1124 866 1369 925 possunt.
1412 856 1627 926 Moysen
1656 855 1734 909 fa-

156 945 395 998 cientem
428 945 579 1016 signa
612 945 779 999 voluit
829 944 994 1002 Israel
1039 948 1303 1018 lapidare,
1351 955 1408 1002 et
1452 948 1738 1017 prephetas

156 1034 502 1096 occiderunt,
540 1041 594 1088 et
636 1034 737 1089 hoc
781 1036 852 1089 ita
889 1036 1210 1105 prohibente
1239 1038 1373 1106 lege.
1407 1036 1734 1099 Piscatores.

158 1131 458 1193 arguentes
492 1138 586 1178 eos
623 1132 674 1179 et
700 1124 1052 1193 praedicantes
1080 1123 1433 1191 Cruciﬁxum,
1465 1140 1569 1178 non
1592 1124 1737 1178 occi-

160 1218 411 1270 derunt:
450 1214 735 1280 Lazarum,
767 1217 893 1287 quia
942 1218 1239 1271 resurrexit
1288 1231 1318 1271 a
1370 1220 1736 1282 mortuis,vo-

159 1306 385 1361 luerunt
423 1306 695 1369 occidere,
747 1315 807 1360 ut
854 1306 1247 1361 mortificarent
1286 1307 1735 1370 admirationem;

160 1405 220 1450 et
247 1411 344 1451 eos
373 1397 464 1465 qui
505 1396 798 1460 praedicant
834 1396 1281 1450 resurrectionem
1313 1394 1459 1448 afﬁxi
1493 1395 1636 1449 cruci
1674 1393 1740 1447 ah

160 1488 322 1556 ipsis,
380 1502 484 1540 non
525 1486 861 1540 occiderunt.
914 1484 1017 1541 Sed
1067 1494 1190 1555 puta
1241 1486 1365 1554 quia
1410 1483 1579 1539 Judaei
1614 1484 1737 1539 victi

160 1587 316 1633 sunt.
361 1578 757 1649 Cogitaverunt‘
797 1585 975 1631 autem
1032 1577 1325 1646 piscatores
1370 1576 1435 1630 ad
1482 1575 1737 1630 mundum

162 1672 342 1728 exire.
372 1671 416 1725 si
452 1669 699 1724 homines
728 1670 793 1723 ad
833 1668 1095 1723 terminos
1144 1667 1326 1721 mundi
1377 1667 1492 1721 sine
1522 1665 1736 1731 litteris,

162 1762 234 1815 ad
264 1762 506 1816 eruditos
537 1761 798 1829 imperiti,
825 1759 1086 1828 ignobiles
1116 1759 1183 1811 ad
1218 1760 1508 1826 ingenuos;
1540 1757 1739 1827 cogita-
1771 1752 1812 1806 Β

165 1863 365 1910 verunt
393 1862 447 1908 et
479 1862 629 1907 tanto
669 1853 1006 1907 donaverunt
1040 1850 1151 1920 (91)
1204 1848 1460 1919 Magistro
1505 1858 1738 1911 mortuo,

165 1963 293 2002 cum
330 1960 436 2015 quo
467 1953 521 2000 et
555 1945 756 2000 fuere:
814 1953 942 2014 puta
999 1943 1127 2011 quia
1191 1941 1289 2011 ipsi
1346 1941 1739 2009 cogitaverunt,

166 2049 298 2109 puta
332 2039 459 2108 quia
492 2038 665 2092 victus
692 2047 774 2091 est
802 2055 814 2090 :
847 2034 1117 2105 quomodo
1150 2042 1338 2101 gentes
1364 2039 1740 2099 susceperunt,

166 2140 223 2187 et
276 2139 466 2202 gentes
518 2128 806 2198 discipulos
860 2126 1182 2181 audiebant?
1246 2121 1361 2179 Non
1416 2123 1743 2177 consuetudo

168 2234 293 2281 erat
328 2233 507 2284 vetus,
562 2238 671 2277 non
720 2220 1006 2276 simulacra
1060 2218 1342 2281 adornata,
1396 2230 1501 2269 non
1550 2214 1743 2282 templa

171 2316 419 2379 excelsa,
450 2330 553 2369 non
603 2314 840 2369 sacraria
894 2326 1016 2382 quae
1065 2309 1233 2364 multo
1287 2316 1569 2363 tenuerant
1609 2318 1746 2359 tem-

170 2424 329 2479 pore,
383 2423 489 2462 non
521 2422 711 2460 versus
744 2404 1052 2473 compositi,
1102 2416 1208 2457 non
1240 2400 1486 2469 superbia
1537 2400 1749 2467 sapien-

172 2503 335 2567 tium,
373 2516 476 2555 non
514 2498 802 2554 multitudo
834 2508 1134 2567 poetarum,
1175 2510 1279 2548 non
1313 2492 1557 2546 remissio
1592 2489 1748 2543 feria-

176 2611 323 2659 rum,
360 2609 467 2648 non
508 2592 727 2648 traditio
758 2599 1066 2659 parentum,
1111 2602 1217 2641 non
1266 2583 1530 2639 mirabilia
1574 2582 1659 2635 illa
1696 2581 1747 2633 in

179 2688 501 2751 ambitione,
532 2701 649 2755 quae
681 2699 777 2754 per
815 2692 960 2736 artes
999 2690 1053 2735 et
1085 2678 1365 2733 machinas
1394 2685 1447 2730 et
1486 2674 1751 2743 composi-

176 2783 359 2836 tiones
407 2789 589 2834 vatum
644 2778 759 2833 fieri
818 2770 1251 2830 consueverant?
1303 2768 1583 2836 Quomodo
1633 2767 1748 2821 ausi

180 2881 314 2927 sunt
350 2872 647 2941 piscatores
690 2884 755 2922 ne
788 2868 1004 2935 quidem
1048 2880 1211 2935 panes
1241 2870 1515 2933 portantes
1546 2858 1749 2929 ingredi

181 2967 404 3020 domum
434 2960 699 3032 alicujus?
728 2962 794 3014 ad
831 2974 992 3029 quam
1037 2952 1450 3026 cognationem?
1496 2951 1560 3005 ad
1590 2963 1750 3019 quam

1835 507 1929 545 sua
1963 492 2169 561 lapidea
2216 493 2281 546 ad
2333 493 2513 557 fidem,
2546 503 2639 546 aut
2666 501 2908 550 tacentes
2955 497 3140 564 utique
3169 495 3395 551 confun-

1836 587 2110 640 derentur.
2143 585 2461 641 Scribantur
2496 585 2612 640 ista:
2652 586 2934 641 suasiones
2966 587 3015 639 in
3065 585 3395 655 uniuscujus-

1835 694 1939 749 que
1994 680 2175 747 corde,
2224 696 2328 735 non
2370 688 2717 734 atramento:
2759 695 2862 735 non
2898 681 3042 734 enim
3096 689 3398 735 atramento

1836 780 1960 827 sunt
1989 772 2147 842 digna
2195 790 2208 825 :
2258 772 2301 827 si
2334 772 2463 841 quid
2513 784 2691 826 autem
2737 787 2859 827 cum
2892 773 2941 826 vi
2991 772 3247 841 loquitur,
3291 771 3399 826 noli

1837 863 1947 933 pati
1988 865 2303 918 mentientes
2323 864 2435 935 (95)
2471 883 2483 918 :
2517 874 2569 919 et
2598 865 2641 918 si
2669 864 2933 919 donamus
2972 864 3170 933 aliquid
3196 878 3400 918 sermo-

1838 954 1915 1019 ni,
1969 954 2134 1009 nolite
2183 954 2387 1010 seduci.
2444 954 2498 1010 Si
2548 966 2726 1010 autem
2773 957 2885 1012 sole
2924 956 3151 1012 clariora
3188 957 3400 1025 negotia

1838 1057 1984 1111 sunt,
2032 1047 2198 1103 nolite
2252 1048 2366 1102 fieri
2418 1048 2564 1102 caeci.
2618 1049 2803 1105 Videte
2839 1049 3120 1103 Dominum
3150 1046 3328 1101 Jesum
3369 1064 3399 1101 a

1839 1140 2066 1195 mortuis
2093 1149 2482 1210 resurgentem.
2513 1140 2705 1195 Videte
2733 1156 2855 1195 eum
2892 1140 2957 1194 ad
2987 1140 3264 1195 dexteram
3301 1138 3403 1191 Pa-

1840 1233 1939 1287 tris
1974 1247 2093 1287 cum
2124 1232 2295 1302 gloria
2337 1232 2636 1287 sedentem.
2669 1231 2870 1300 Quibus
2897 1233 3068 1287 oculis
3088 1233 3111 1286 ?
3133 1231 3404 1301 apostolo-

1841 1338 1958 1376 rum
1998 1323 2196 1392 quippe
2226 1322 2438 1377 illorum
2480 1324 2697 1389 virtute,
2725 1324 2939 1379 illorum
2976 1323 3220 1379 scientia.
3255 1322 3401 1389 Quo-

1842 1415 2000 1469 modo
2029 1415 2261 1484 suscepti
2310 1415 2469 1469 sunt?
2495 1417 2761 1485 quomodo
2799 1415 3059 1471 creditum
3105 1415 3228 1470 est?
3268 1429 3404 1484 qus-

1843 1507 2000 1561 modo
2022 1508 2293 1562 destructa
2328 1516 2454 1562 sunt
2496 1508 2754 1562 veterna?
2792 1508 3061 1576 quomodo
3104 1504 3404 1559 introducta

1842 1613 1961 1668 qua:
2000 1600 2051 1654 in
2089 1601 2466 1669 prtedicatione
2510 1608 2669 1654 erant
2701 1609 2954 1668 tanquam
2988 1596 3305 1653 inhonesta?
3342 1595 3408 1650 Et

1844 1700 1988 1745 certe
2020 1694 2183 1746 multa
2239 1700 2394 1746 erant
2422 1692 2805 1762 impedimenta
2839 1691 2976 1761 apud
3019 1706 3145 1751 eos;
3180 1702 3407 1744 consue-

1844 1782 1969 1835 tudo
1991 1796 2110 1852 quae
2129 1785 2417 1851 putabatur
2437 1792 2612 1848 vetus,
2637 1784 2917 1852 imperium
2943 1783 3400 1843 adversariorum,

1845 1874 2091 1930 remissio
2125 1874 2480 1940 feriarum,et
2510 1890 2573 1931 ea
2610 1891 2730 1945 quae
2754 1875 3115 1946 particulatim
3150 1874 3405 1945 prtedicta

1843 1976 1967 2022 sunt
1994 1985 2006 2021 :
2032 1968 2101 2022 ab
2133 1982 2198 2022 eo
2230 1979 2411 2022 autem
2454 1968 2545 2038 qui
2577 1968 2973 2038 pmdicabatur
2998 1984 3153 2032 crux,
3179 1978 3234 2024 et
3266 1969 3408 2037 quod

1845 2059 1897 2114 in
1927 2073 1992 2113 eo
2020 2069 2138 2114 erat
2192 2060 2508 2116 incredibile
2558 2069 2613 2116 et
2662 2062 2781 2115 sine
2822 2061 3044 2116 honore.
3092 2060 3406 2115 Praeconum

1846 2162 2024 2206 autem
2044 2150 2300 2220 abjectio,
2333 2153 2667 2220 ignobilitas,
2701 2154 2843 2207 nulla
2876 2152 3144 2213 doctrina,
3172 2161 3407 2221 egestas,

1848 2256 2105 2296 numerus
2133 2256 2349 2311 parvus.
2384 2244 2466 2299 Ab
2494 2243 2610 2313 ipsa
2650 2256 2829 2299 autem
2865 2242 3247 2313 praedicatione
3272 2240 3412 2311 jeju-

1848 2333 1995 2387 nium
2040 2347 2138 2401 pro
2168 2334 2455 2397 ebrietate,
2486 2335 2743 2402 pudicitia
2794 2350 2892 2405 pro
2932 2334 3172 2396 libidine,
3211 2332 3414 2385 donare

1849 2440 1944 2480 sua
1980 2441 2140 2494 quam
2190 2443 2402 2497 rapere.
2450 2428 2507 2483 Si
2545 2428 2709 2499 igitur
2760 2429 2849 2497 qui
2893 2426 3291 2498 praedicabatur
3333 2425 3416 2478 in-

1849 2518 2218 2573 credulitatem
2282 2520 2519 2575 habebat
2588 2528 2807 2589 propter
2868 2517 3236 2587 impotentiam
3296 2530 3417 2585 qua:

1850 2611 2137 2678 putabatur
2161 2610 2360 2676 crucis,
2402 2620 2458 2664 et
2498 2610 2586 2679 qui
2621 2611 2989 2679 praedicabant
3020 2609 3199 2663 omnia
3234 2609 3415 2662 incre-

1851 2702 2067 2767 dlbilia;
2099 2704 2234 2758 adde
2274 2714 2455 2757 autem
2489 2712 2543 2759 et
2564 2704 2995 2773 persecutionem
3029 2704 3261 2771 ipsorum
3290 2716 3415 2754 cum

1853 2793 2188 2860 vapularent,
2230 2809 2351 2851 cum
2404 2792 2626 2861 injurias
2683 2793 3029 2857 sustinerent,
3069 2808 3191 2846 cum
3247 2791 3419 2846 reclu-

1854 2881 2106 2936 derentur
2153 2894 2208 2937 et
2258 2882 2728 2947 interﬁcerentur;
2793 2881 2839 2935 si
2882 2882 2973 2951 qui
3026 2882 3421 2950 praedicabatur

1854 2972 2171 3028 interfectus
2210 2975 2436 3043 est,.qui
2469 2974 2763 3043 praedicant
2791 2972 3210 3035 interficiuntur,
3234 2981 3287 3025 et
3324 2971 3416 3039 qni

180 3057 418 3113 similem
474 3054 749 3123 linguam?
794 3055 859 3105 ad
913 3067 1072 3121 quam
1108 3049 1382 3103 civitatem
1432 3054 1486 3099 et
1536 3044 1751 3097 domum

1858 3066 2087 3120 credunt
2133 3065 2560 3135 persecutionem
2612 3065 2898 3119 sustinent.
2950 3063 3105 3119 Unde
3138 3062 3422 3117 creditur?

181 3148 614 3222 agnoscentum?
655 3146 758 3201 Sed
801 3143 1109 3215 praedicatio
1139 3155 1257 3196 erat
1286 3141 1532 3195 honesta.
1571 3138 1756 3191 Cruci-

182 3244 330 3298 lixus
360 3240 781 3311 praedicabatur,
813 3247 866 3292 et
899 3237 987 3305 qui
1017 3235 1385 3305 praedicabant
1420 3231 1677 3292 humiles,
1704 3237 1759 3282 et

185 3334 389 3404 quibus
429 3331 828 3403 przrdicabatur
867 3327 1123 3398 praeventi
1172 3334 1348 3381 erant.
1384 3324 1536 3377 Nunc
1568 3337 1757 3375 ascen—

185 3430 283 3483 dat
337 3426 457 3495 quis
504 3424 569 3477 ad
612 3422 895 3490 templum,
944 3420 1089 3473 dicat
1118 3418 1261 3487 quod
1305 3431 1487 3469 verum
1520 3422 1603 3467 est
1636 3412 1758 3480 quia

185 3535 296 3574 non
343 3524 468 3571 sunt
511 3516 584 3568 dii
621 3513 873 3580 lapides:
916 3512 958 3565 si
992 3509 1224 3579 poluerit
1277 3507 1621 3560 dinumerare
1665 3517 1760 3555 eos

189 3609 286 3679 qui
321 3609 603 3663 adversum
650 3620 707 3659 se
742 3603 1029 3671 iaciuntur.
1076 3602 1132 3655 Si
1181 3610 1357 3654 autem
1393 3613 1569 3665 reges,
1606 3609 1761 3650 excr-

190 3703 333 3757 citus
361 3710 415 3753 et
454 3699 597 3769 leges
635 3712 731 3766 pro
772 3696 1033 3764 religione
1068 3701 1215 3757 sunt,
1246 3699 1298 3745 et
1324 3689 1605 3743 multitudo
1634 3687 1764 3740 ﬁde-

188 3793 347 3857 lium,
375 3800 535 3845 tanta:
567 3790 724 3843 minre
760 3789 1044 3843 adversum
1070 3802 1165 3841 eos
1190 3786 1279 3855 qui
1311 3786 1426 3838 haec
1459 3800 1561 3837 non
1593 3780 1766 3836 susci-

190 3888 369 3957 piunt,
411 3883 586 3937 nullus
615 3897 780 3937 ausus
815 3890 898 3935 est
936 3897 950 3934 :
1007 3890 1061 3935 et
1107 3879 1155 3933 si
1211 3877 1372 3932 fuerit
1426 3890 1615 3937 ausus,
1659 3888 1763 3925 non

194 3983 360 4035 vivet.
424 3980 480 4033 Si
536 3978 755 4040 dixerit,
810 3976 896 4030 isti
955 3975 1025 4029 dii
1094 3989 1198 4028 non
1243 3982 1367 4027 sunt
1408 3970 1503 4033 dii,
1568 3969 1662 4021 sed
1722 3966 1766 4021 si

197 4092 345 4132 nunc
372 4074 483 4145 (92)
515 4074 585 4127 ita
623 4082 984 4140 repetentem,
1017 4070 1136 4123 vide
1167 4084 1285 4137 quae
1309 4075 1426 4122 erat
1457 4065 1626 4117 virtus
1655 4062 1771 4115 sine

196 4168 421 4239 his(93)
455 4166 545 4235 qui
584 4164 886 4218 circuibant
931 4160 1186 4215 mundum
1240 4177 1254 4213 ε
1307 4168 1362 4213 et
1408 4157 1592 4211 dicunt
1644 4155 1770 4223 quia

197 4265 307 4319 ista
337 4278 440 4315 non
488 4269 611 4315 sunt
643 4274 761 4328 quae
791 4264 1074 4326 apparent,
1109 4267 1283 4322 neque
1338 4251 1439 4305 ista
1495 4259 1768 4316 putantur,

200 4370 378 4425 neque
430 4354 517 4408 illa
547 4368 669 4423 qua:
711 4350 982 4421 sapientes
1013 4348 1198 4401 dicunt
1252 4352 1343 4398 aut
1372 4352 1541 4413 poeta!
1569 4339 1773 4394 conlin-

1857 3158 1925 3209 ab
1954 3156 2071 3225 ipso
2090 3195 2102 3209 .
2140 3172 2169 3208 a
2199 3156 2311 3210 suis
2342 3153 2823 3224 praedicatoribus?
2852 3153 2920 3207 ab
2942 3154 3026 3208 his
3050 3154 3138 3222 qui
3171 3166 3423 3220 suscepe-

1859 3248 2023 3302 runt?
2050 3247 2156 3303 Sed
2186 3262 2253 3303 ex
2289 3246 2679 3303 consuetudine
2720 3262 2839 3315 qua!
2865 3246 3137 3301 contraria
3169 3258 3421 3315 suggere-

1860 3339 1989 3394 bat?
2015 3341 2107 3394 sed
2134 3342 2202 3395 ab
2233 3339 2534 3396 acerbitate
2567 3339 2967 3407 praedicationis
2998 3338 3082 3393 cui
3109 3335 3425 3392 adversaba-

1863 3439 1948 3483 tur
1982 3430 2197 3497 requies
2221 3446 2338 3500 quae
2367 3430 2417 3483 in
2454 3428 2631 3483 Veteri
2678 3438 2797 3483 erat
2830 3428 3175 3483 Testamento
3201 3428 3427 3496 permis-

1861 3538 1920 3575 sa
1953 3523 2102 3593 (96)?
2128 3524 2221 3577 sed
2253 3539 2282 3575 a
2310 3522 2798 3591 promissionibus?
2828 3524 3069 3575 Mortuus
3090 3528 3195 3581 est,
3228 3518 3425 3587 inquit,

1861 3615 2102 3684 quidam,
2136 3621 2191 3669 et
2235 3612 2870 3682 resurrexitaliquando;
2903 3621 2957 3666 et
2984 3609 3283 3680 persecutio
3308 3607 3427 3677 qui-

1862 3706 1983 3761 dem
2029 3708 2237 3771 aderat,
2288 3706 2677 3774 promissiones
2723 3713 2900 3757 autem
2932 3702 3265 3756 dicebantur.
3318 3698 3426 3753 Sed

1865 3805 2021 3863 putas
2069 3804 2435 3863 provenerunt
2485 3794 2605 3858 ista,
2649 3802 2705 3846 et
2734 3801 3023 3847 suaserunt
3068 3789 3336 3858 discipuli,
3375 3800 3428 3843 et

1868 3886 2161 3940 translatus
2187 3892 2271 3939 est
2301 3886 2554 3951 mundus,
2595 3892 2649 3939 el
2677 3883 2845 3939 ιυύωί
2877 3881 3199 3937 cessarunt?
3229 3880 3429 3949 Impos.

1868 3957 2043 4029 sibilia
2089 3974 2229 4028 facta
2263 3984 2390 4027 sunt
2429 3972 2732 4041 possibilia,
2764 3982 2817 4026 et
2861 3974 3054 4026 iterum
3085 3970 3302 4024 silentio
3331 3985 3345 4021 :
3378 3978 3431 4021 et

1868 4066 1915 4121 si
1949 4066 2170 4121 fortuitu
2216 4065 2349 4137 (97).
2383 4065 2439 4119 Si
2492 4076 2669 4119 autem
2715 4064 2965 4133 praedixit
3014 4079 3076 4117 ea
3122 4060 3282 4116 Jesus
3309 4071 3435 4114 ante

1869 4173 2106 4222 crucem,
2139 4158 2367 4227 perfecit
2403 4167 2581 4211 autem
2623 4167 2741 4225 post
2776 4170 3015 4216 crucem,
3050 4153 3181 4223 quid
3214 4169 3317 4208 non
3350 4152 3435 4204 vi-

1871 4251 2061 4303 demus
2091 4251 2156 4302 ad
2208 4249 2399 4312 solem,
2448 4248 2535 4302 ubi
2574 4259 2627 4301 et
2677 4248 2960 4318 prtcdixil?
3006 4246 3104 4301 Ubi
3136 4246 3279 4300 enim
3330 4261 3435 4299 non

1873 4340 2155 4408 praedixit?
2185 4340 2240 4393 Si
2287 4340 2408 4407 quis
2454 4348 2631 4391 autem
2663 4348 2938 4391 scrutatus
2975 4336 3135 4390 fuerit
3175 4336 3292 4404 ejus
3320 4350 3439 4389 sero

200 4458 337 4519 gunt
382 4458 437 4502 et
479 4461 597 4515 quae
627 4446 942 4513 loquuntur.
982 4441 1314 4494 Mentiuntur
1346 4434 1582 4490 sacraria
1616 4450 1630 4484 :
1664 4446 1767 4484 non
1801 4436 1845 4489 ι)
1878 4448 2081 4494 mones.
2111 4447 2215 4486 non
2255 4441 2339 4487 est
2388 4435 2504 4498 ejus
2549 4446 2750 4491 sermo,
2783 4432 2833 4484 in
2864 4445 2971 4500 quo
3007 4444 3109 4483 non
3143 4439 3224 4483 est
3257 4428 3440 4483 statim

201 4559 332 4597 vera
389 4541 641 4596 dicuntur
682 4535 1114 4590 vaticinationes.
1156 4528 1460 4584 Praemissio
1509 4523 1619 4593 (9i)
1654 4522 1767 4590 ipsa

203 4648 407 4689 nocens
436 4645 489 4687 et
518 4647 607 4685 ars
650 4629 871 4684 mentita
902 4637 1004 4681 est.
1032 4622 1251 4691 Templa
1292 4619 1428 4672 male
1459 4623 1768 4671 constructa

203 4733 354 4789 sunt,
378 4723 612 4778 recedite
636 4736 665 4775 a
708 4719 948 4790 paternis
977 4727 1032 4771 et
1074 4716 1274 4769 credite
1315 4710 1603 4767 Crucilixo.
1638 4705 1768 4773 Quis

205 4827 366 4888 putas
396 4816 467 4869 ita
514 4815 784 4884 lapideum
814 4811 978 4865 habet
1007 4808 1136 4863 cor?
1168 4808 1276 4867 Ego
1321 4813 1447 4874 puto
1478 4801 1599 4870 quia
1642 4810 1694 4851 ct
1726 4799 1770 4851 si

208 4908 487 4981 gentilium
520 4908 757 4976 ipsorum
796 4903 1010 4973 quidem
1050 4902 1297 4955 adessent
1326 4896 1551 4966 priores,
1583 4902 1637 4945 et
1676 4889 1769 4943 Ju-

278 5048 327 5082 ⁶⁸
349 5046 537 5102 Matth.
566 5062 641 5109 Iv,
667 5046 752 5101 19.

287 5188 400 5256 (91)
440 5185 609 5240 Tanto
631 5183 972 5256 donaverunt.
1000 5177 1267 5256 P‘tltl0,1‘:f
1293 5188 1437 5228 tanta
1460 5175 1777 5256 donaperunt

212 5245 507 5328 mdgisiro,’
538 5267 598 5308 ut
618 5268 777 5322 Supra
807 5252 909 5307 col.
933 5249 1066 5304 1106
1090 5248 1153 5315 Β,
1182 5245 1366 5300 Petrus
1390 5246 1562 5298 omnia
1580 5246 1780 5295 donans

210 5332 485 5395 magistro.

286 5384 401 5467 (92)
442 5394 544 5451 Sed
571 5395 615 5447 si
628 5407 816 5467 nunc.
856 5389 1126 5451 Fortasse,
1162 5389 1253 5467 sed
1296 5386 1340 5439 si
1366 5400 1507 5467 nunc
1534 5384 1612 5436 ita
1640 5398 1785 5467 repe:

220 5456 342 5521 tat‘?
372 5456 421 5520 id
443 5476 525 5520 est
550 5464 677 5533 quid
711 5463 759 5515 si
800 5462 904 5531 ista
928 5476 1032 5514 non
1069 5457 1258 5523 semel,
1286 5458 1379 5511 sed
1412 5456 1606 5508 iterum
1646 5462 1783 5520 apud

214 5533 705 5609 paganos__dixcrit?
774 5602 785 5609 _
961 5601 969 5609 _
1075 5598 1119 5609 __
1197 5596 1235 5609 ﬂ
1311 5606 1318 5609 _
1624 5602 1635 5609 _
1709 5591 1719 5600 η

293 5596 574 5677 (95)(ὶιιω
603 5613 713 5657 erat
740 5602 902 5677 virtus
928 5598 1166 5677 sine__his.
1197 5596 1357 5650 Forte
1384 5610 1499 5665 qtta’
1526 5602 1637 5646 erat
1676 5596 1780 5645 vir-

221 5669 514 5737 tns‘in'ltis,
544 5688 736 5738 nempe
768 5672 819 5723 in
853 5669 1123 5738 apostolis.

293 5747 404 5810 (94)
450 5742 765 5798 Pra'mis:.io.
801 5740 959 5795 Forte
994 5743 1286 5808 promissio.

1874 4536 1927 4581 et
1951 4525 2284 4594 przedicalio.
2312 4525 2615 4579 Piscatores
2643 4524 2787 4580 enim
2819 4522 3123 4577 nominavit
3151 4520 3442 4589 discipulos

1874 4633 2047 4672 suos:
2090 4618 2140 4671 in
2189 4632 2255 4671 eo
2304 4617 2431 4671 dum
2468 4627 2689 4671 vocaret
2725 4615 3039 4682 piscatores,
3086 4613 3439 4683 piscationem

1874 4707 2216 4762 annuutiavit
2274 4706 2451 4773 Ipsum
2482 4705 2626 4759 enim
2675 4719 2892 4769 nomen,
2930 4699 3326 4771 praedicationis
3361 4708 3444 4753 est

1878 4800 2225 4867 nuncupatio.
2277 4798 2501 4852 Vocavit
2552 4811 2646 4850 eos
2702 4797 2998 4865 piscatores
3046 4793 3325 4848 hominum
3377 4792 3443 4843 ad

1876 4891 2103 4945 salutem
2131 4891 2197 4944 ⁸⁸.
2230 4889 2429 4944 Piscati
2457 4899 2583 4942 sunt
2612 4902 2812 4942 autem.
2842 4886 2900 4939 Si
2931 4901 3033 4941 non
3067 4894 3192 4939 sunt
3218 4882 3440 4953 ,piscati,

1960 5166 2070 5236 (95)
2114 5165 2210 5236 llis.
2242 5163 2555 5236 Nolite__pati
2582 5161 2902 5236 mentientes.

1959 5231 2069 5307 (96)
2116 5233 2396 5307 Eermissa.
2425 5231 2883 5307 Fortepromissq.

1961 5238 2048 5307 (96
2116 5238 2396 5287 Permissa.
2425 5238 2582 5285 Forte
2610 5238 2883 5297 promissa.

1961 5238 2183 5376 (97)Ἐι
2212 5307 2401 5376 iteru_nt
2430 5301 2637 5376 silentio
2672 5316 2702 5376 ᾖ
2725 5309 2771 5351 et
2816 5297 2860 5349 si
2887 5294 3127 5376 fortuitu.
3163 5292 3443 5376 Sententia

1890 5362 2105 5433 videtur
2133 5389 2253 5428 esse
2287 5391 2300 5426 :
2330 5373 2393 5426 Et
2429 5372 2624 5423 iterum
2652 5370 2821 5431 dices,
2840 5362 2962 5434 quid
2994 5366 3037 5416 si
3062 5364 3175 5434 haec
3204 5362 3440 5434 silentio,

1894 5449 1947 5502 id
1980 5455 2063 5501 est
2089 5445 2226 5499 clam
2258 5453 2310 5496 et
2344 5441 2574 5494 obscure
2613 5449 2825 5506 peracta
2859 5433 3023 5488 sunt?
3048 5433 3175 5506 quid
3208 5433 3249 5485 si
3278 5434 3441 5486 etiam

1895 5517 2117 5572 fortuito
2151 5523 2205 5569 et
2241 5523 2439 5565 temere
2482 5503 2858 5577 contigerunt?
2902 5503 3230 5577 Respondet,
3260 5518 3446 5577 neque

1888 5590 2025 5641 clam
2056 5600 2175 5639 esse
2208 5590 2444 5649 peracta,
2495 5580 2618 5647 quia
2635 5572 2710 5649 ad
2735 5576 2925 5649 solem,
2961 5576 3011 5626 id
3035 5583 3147 5649 _est_
3188 5572 3361 5649 palam
3394 5581 3447 5623 ιιι

1889 5639 2069 5724 aperte
2101 5639 2247 5722 gest'a
2278 5639 2635 5724 suun-neque
2689 5646 2925 5711 fortuito,
2961 5644 3083 5713 quia
3136 5641 3246 5695 host:
3290 5639 3446 5695 Iesus

1888 5722 2051 5781 multo
2081 5735 2203 5777 ante
2232 5722 2570 5783 praedixerat.
