3822 6218
376 252 495 305 Hii

1038 247 1309 306 EUSEBII
1348 246 1827 307 CESARIENSIS
1864 253 2014 309 OPP.
2056 254 2237 311 PARS
2275 253 2364 312 IV.
2403 286 2473 296 —
2512 253 2933 310 DOGMATICA.

3470 224 3619 303 tua

371 364 628 420 mentitus
650 371 734 422 est
756 371 810 418 et
841 371 1105 418 mortuus.
1139 363 1197 418 Si
1222 374 1404 419 autem
1432 374 1485 418 et
1520 367 1770 420 absentes
1792 382 1934 420 nunc
1963 374 2010 431 Α
2040 372 2424 436 pt'trdicabitur
2449 381 2496 422 et
2539 371 2635 421 hoc
2672 370 2813 432 quod
2843 365 2962 434 fecit
2988 368 3090 418 ista
3126 362 3191 417 ⁹².
3227 362 3292 416 Et
3319 376 3485 431 parva
3518 360 3605 412 illa

372 472 538 525 usque
564 456 841 525 piscantur
874 455 1141 520 homines,
1165 471 1341 510 nonne
1382 466 1602 525 apparet
1628 458 1753 526 quia
1786 459 1935 512 adest

369 549 460 618 qui
508 547 656 602 misit
688 547 989 616 piscatores
1026 547 1091 601 ad
1140 547 1503 617 piscandum?
1553 548 1619 603 Et
1666 565 1789 604 cum
1832 551 1941 605 sint

371 644 642 705 absentes,
675 641 820 697 sales
852 656 945 696 eos
978 641 1266 710 appellavit
1293 644 1360 699 ⁸⁷.
1406 643 1463 695 Si
1500 658 1605 697 non
1635 652 1943 698 statuerunt

372 742 611 789 nostram
658 732 1033 801 putredinem,
1078 732 1124 786 si
1191 750 1296 787 non
1343 734 1685 788 deterserunt
1733 745 1943 788 nostras

372 827 578 890 sordes,
612 824 655 877 si
689 839 793 877 non
838 824 1267 878 enmndaverunt
1295 834 1510 879 nostras
1548 825 1861 894 spurcities,
1897 822 1942 878 si

373 933 478 972 non
511 918 851 971 immiserunt
894 916 944 969 in
983 917 1138 971 nobis
1182 931 1461 985 saporem,
1498 930 1603 969 non
1652 916 1759 970 sint
1800 916 1943 985 quod

372 1009 499 1062 dicti
530 1018 674 1062 sunt.
713 1008 771 1061 Si
797 1018 979 1064 autem
1005 1026 1033 1061 a
1063 1010 1341 1077 spurcitiis
1376 1024 1475 1062 nos
1508 1017 1561 1060 et
1593 1007 1787 1063 faetore
1812 1009 1944 1062 lihe-

372 1109 580 1165 rarunt,
622 1110 931 1155 statuerunt
972 1111 1154 1157 autem
1188 1110 1403 1157 nostras
1452 1102 1801 1161 defluxiones.
1855 1102 1947 1155 de-

373 1202 650 1248 ter-serunt
685 1203 904 1248 nostras
940 1195 1151 1259 sordes,
1180 1195 1334 1248 suavi
1384 1205 1563 1250 autem
1600 1196 1768 1249 odore
1805 1194 1945 1263 pleni

372 1297 558 1338 sumus
592 1298 687 1352 per
718 1284 861 1347 illos,
893 1294 949 1337 et
975 1298 1161 1338 sumus
1191 1297 1315 1337 esca
1348 1284 1525 1338 divina
1562 1302 1575 1338 :
1610 1285 1946 1355 reprehendo

374 1374 833 1443 praedicationem,
873 1376 917 1429 si
960 1375 1224 1429 concedet
1270 1374 1363 1428 tibi
1396 1375 1572 1428 exitus
1620 1389 1825 1428 rerum.
1860 1374 1947 1428 Pi-

372 1477 619 1522 scatores
669 1466 811 1522 sales
846 1482 940 1521 eos
976 1466 1110 1520 dixit
1149 1474 1203 1519 et
1231 1466 1495 1519 exhibuit.
1544 1466 1785 1533 Denique
1813 1476 1865 1519 et
1896 1466 1946 1519 in

376 1558 486 1613 alia
512 1557 898 1627 prtedicatione
922 1557 1099 1610 lumen
1124 1572 1219 1611 eos
1248 1556 1373 1610 facit
1396 1566 1453 1611 et
1474 1557 1603 1611 dicit
1639 1574 1653 1610 :
1701 1554 1801 1610 Vos
1826 1560 1949 1612 estis

374 1649 548 1703 lumen
578 1650 844 1702 mundi”.
871 1649 1179 1704 Piscatores
1207 1648 1422 1716 privati,
1449 1648 1733 1717 ignobiles,
1765 1650 1944 1718 egeni,

2038 466 2254 518 occasio
2286 463 2545 532 unguenti
2599 470 2805 514 tantam
2851 457 3279 528 magnitudinem
3316 453 3617 508 introduxit

2039 556 2445 623 praedicationis
2473 572 2487 608 :
2521 564 2573 606 et
2596 554 2799 629 dictum
2831 562 2913 605 est
2942 550 3070 619 quia
3097 559 3209 603 toto
3250 548 3449 603 mundo
3482 562 3595 616 pra:

2041 648 2308 702 dicabitnr
2349 661 2546 701 nomen
2587 662 2788 709 meum,
2822 655 2877 699 et
2926 644 3071 696 illius
3116 640 3359 714 mulieris
3388 638 3540 692 lusus
3567 638 3622 691 in

2045 742 2367 797 memoriam
2415 741 2541 795 erit.
2570 738 2701 806 Quae
2736 738 3035 792 auctoritas
3069 735 3225 789 istius
3260 732 3446 793 vocis?
3483 730 3623 797 Quid

2043 835 2189 887 enim
2234 834 2363 888 dicit
2408 833 2499 902 qui
2536 842 2781 885 mortuus
2816 840 2901 884 est
2951 838 3073 898 post
3109 837 3338 882 mortem
3396 827 3483 880 bis
3527 823 3623 892 qui

2044 924 2445 992 praedicarunt?
2478 921 2635 976 Exite
2668 919 2737 974 ad
2781 921 3085 973 universum
3131 919 3410 973 mundum.
3453 917 3624 975 Dixit.

2044 1024 2137 1069 aut
2180 1031 2285 1069 non
2335 1015 2508 1068 dixit?
2552 1014 2609 1068 Si
2670 1028 2774 1068 non
2832 1012 2987 1079 dixit,
3041 1012 3311 1082 quomodo
3360 1021 3627 1065 exeuntes

2047 1107 2392 1175 perfecerunt
2412 1121 2531 1175 quae
2556 1103 2753 1173 jussit?
2774 1105 3047 1174 quomodo
3063 1104 3299 1173 suspecti
3318 1112 3445 1157 sunt
3470 1102 3583 1171 (99)
3602 1103 3627 1156 τ

2046 1200 2317 1271 quomodo
2339 1202 2429 1269 qui
2460 1207 2706 1253 mortuus
2736 1205 2838 1262 est,
2871 1207 3117 1250 mortuus
3145 1195 3259 1250 est?
3288 1194 3390 1255 Ite.
3424 1196 3625 1257 docete,

2049 1291 2246 1360 inquit,
2277 1307 2456 1343 omnes
2488 1298 2662 1358 gentes
2685 1303 2704 1341 :
2739 1303 2772 1341 ο
2804 1288 2949 1356 regia
2978 1302 3105 1349 vox,
3141 1301 3174 1340 o
3203 1285 3440 1341 tenentis
3469 1300 3628 1338 mun-

2048 1385 2174 1438 dum
2226 1381 2547 1451 promissio!
2589 1379 2690 1445 Ite,
2736 1383 2915 1433 docete
2955 1394 3133 1431 omnes
3166 1386 3360 1445 gentes.
3396 1376 3629 1442 Quantis

2049 1475 2187 1529 dicis
2223 1474 2357 1534 haec,
2392 1488 2424 1527 ο
2464 1472 2726 1527 Domine?
2758 1470 3052 1523 Duodecim
3102 1468 3411 1522 hominibus
3442 1467 3509 1519 ad
3538 1467 3628 1519 in-

2051 1564 2441 1620 numerabilem
2474 1563 2724 1633 populum
2753 1578 2768 1616 :
2805 1572 2852 1615 et
2886 1561 3147 1626 baptizata
3181 1576 3268 1613 eos
3298 1559 3366 1623 ”,
3407 1559 3627 1628 inquit;

2049 1668 2105 1711 et
2134 1656 2379 1710 fecerunt
2422 1670 2542 1723 qua:
2593 1655 2855 1707 videmus.
2904 1653 3101 1707 lterum
3131 1667 3264 1705 sane
3296 1665 3630 1718 comparans

377 1742 555 1796 lumen
610 1740 792 1795 mundi
842 1740 1110 1794 dicuntur.
1166 1738 1363 1792 Domus
1409 1739 1555 1792 enim
1607 1739 1653 1794 si
1701 1727 1946 1805 dixisset,

2055 1748 2333 1819 parabolas
2357 1747 2599 1817 pratdicil
2625 1763 2639 1801 :
2670 1745 2858 1801 Simile
2879 1754 2954 1799 est
2981 1760 3199 1813 regnum
3225 1742 3499 1805 caelorum,
3523 1741 3630 1796 huc

374 1849 483 1890 non
509 1841 654 1888 esset
683 1847 958 1901 magnum,
988 1832 1032 1883 si
1062 1830 1145 1882 via
1182 1828 1408 1897 alicujus
1432 1844 1538 1883 non
1561 1838 1729 1884 esset.
1760 1832 1949 1884 Adhuc

377 1926 571 1994 majus.
606 1925 858 1980 Civitatis
901 1925 1045 1978 enim
1076 1922 1235 1976 unius
1271 1922 1314 1976 si
1343 1921 1587 1976 dixisset.
1620 1923 1725 1977 Sed
1764 1922 1945 1975 lumen

375 2036 468 2076 eos
501 2035 622 2074 esse
653 2034 756 2073 non
785 2025 870 2073 est
909 2017 1227 2071 incredibile
1269 2015 1507 2069 nationis
1535 2014 1760 2085 integrae
1799 2032 1813 2068 :
1855 2014 1948 2068 sed

376 2113 583 2175 mundi,
638 2111 835 2181 inquit,
881 2111 1014 2166 estis
1048 2111 1250 2163 lumen.
1297 2107 1352 2162 Si
1403 2108 1541 2161 dixit
1586 2122 1859 2175 magnum,
1897 2115 1951 2159 et

378 2220 485 2258 non
533 2204 661 2258 fecit
690 2201 1009 2268 maximum,
1046 2215 1172 2254 num
1217 2200 1473 2253 mentitus
1503 2206 1589 2253 est
1620 2197 1860 2266 aliquid?
1892 2196 1947 2252 Si

377 2306 556 2349 autem
589 2295 720 2348 dicit
763 2308 980 2362 magna,
1022 2300 1281 2360 operatur
1323 2303 1499 2345 autem
1544 2290 1772 2358 majora,
1820 2288 1950 2357 quid

378 2386 639 2441 faciemus
669 2384 736 2439 de
762 2383 848 2439 his
875 2398 995 2452 qua!
1039 2381 1329 2435 videntur?
1368 2380 1514 2434 Dicit
1542 2379 1701 2434 Petro
1737 2396 1750 2433 :
1782 2378 1862 2431 Tu
1895 2394 1950 2432 es

378 2476 592 2541 Petrus,
623 2484 673 2530 et
702 2491 860 2544 super
890 2475 1047 2526 istaut
1090 2482 1293 2541 petram
1332 2472 1607 2539 ardi/icabo
1649 2469 1945 2524 Ecclesium

378 2585 544 2622 meum
576 2566 643 2620 ”.
676 2566 835 2621 Certe
861 2564 1254 2619 mdilieaturnm
1292 2578 1349 2617 se
1380 2562 1727 2632 promittebat
1761 2563 1952 2616 Eccle-

378 2662 515 2715 siam
561 2674 741 2714 suam.
774 2657 833 2711 Si
869 2652 972 2709 non
1003 2654 1309 2713 :ediftcavit.
1350 2664 1597 2708 mortuus
1624 2662 1724 2708 est.
1763 2654 1819 2708 Si
1856 2668 1950 2706 au-

379 2760 484 2805 tem
516 2747 808 2805 :edilicavit
830 2746 921 2815 qui
960 2760 1062 2798 non
1102 2745 1253 2805 vivit,
1282 2744 1466 2797 dic-ant
1494 2744 1763 2811 quomodo
1785 2743 1951 2796 aedili—

378 2844 521 2896 eavit
569 2860 582 2895 :
636 2840 730 2896 sed
780 2837 1090 2901 aediﬁcavit,
1144 2836 1275 2889 nihil
1327 2846 1508 2889 autem
1553 2835 1796 2888 addidit?
1856 2834 1951 2889 sed

378 2934 510 2987 dit-it
528 2951 539 2986 :
559 2944 606 2986 et
628 2940 794 2997 portae
817 2930 974 2997 inferi
998 2944 1099 2982 non
1114 2926 1463 2996 prevalebunt
1483 2927 1732 2978 adversus
1753 2940 1865 2978 eam
1880 2924 1949 2978 ".

378 3024 435 3078 Si
472 3040 578 3078 non
617 3023 747 3077 moti
774 3021 936 3091 gladii
966 3029 1111 3083 sunt,
1142 3029 1195 3072 et
1218 3017 1518 3081 exercitus,
1547 3027 1601 3070 et
1630 3018 1869 3088 tyranni,
1896 3026 1952 3071 et

380 3115 543 3186 leges,
594 3124 649 3168 et
681 3129 877 3182 pinnae,
928 3121 984 3165 et
1032 3125 1200 3172 mors,
1254 3120 1308 3163 et
1349 3109 1585 3162 varietas
1635 3108 1850 3174 horum,
1899 3117 1955 3163 et

381 3205 542 3275 ignis,
570 3214 625 3259 et
656 3218 823 3267 mare,
867 3212 921 3256 et
965 3200 1135 3266 fluvii,
1168 3208 1220 3254 et
1265 3200 1445 3253 omnia
1494 3199 1655 3253 simul
1698 3199 1956 3255 adversus

381 3299 540 3352 istam
580 3296 1041 3365 praedicationem,
1077 3303 1130 3348 et
1173 3307 1268 3361 per
1306 3291 1487 3347 omnia
1526 3292 1792 3346 transiens
1821 3306 1957 3362 prat-

380 3387 582 3442 dicatio
612 3386 841 3441 conﬂata
881 3396 999 3452 est;
1026 3394 1081 3440 et
1104 3387 1168 3438 de
1199 3395 1368 3447 terra,
1403 3394 1457 3439 et
1486 3384 1745 3454 castigata
1770 3399 1955 3438 oSten—

381 3478 529 3533 ditur
560 3479 685 3546 quia
708 3479 866 3533 inferi
894 3488 950 3534 et
983 3488 1184 3532 mortes
1215 3478 1456 3548 plurimm
1479 3494 1583 3530 non
1619 3476 1958 3531 transferunt

382 3571 594 3625 Domini
630 3553 1091 3639 prredicationem.
1130 3571 1187 3625 Si
1234 3587 1340 3625 non
1386 3568 1528 3623 facta
1572 3569 1803 3623 fuissent
1832 3569 1955 3635 ista,

384 3664 523 3719 forte
573 3664 969 3733 relinqueretur
1000 3663 1285 3717 dubitatio.
1330 3661 1385 3716 Si
1432 3671 1609 3717 autem
1646 3676 1741 3730 per
1776 3662 1955 3714 omnia

387 3766 494 3811 tota
530 3756 628 3810 ista
663 3756 974 3825 praedicatio
1008 3766 1137 3821 stat,
1172 3757 1303 3809 vivit
1345 3756 1530 3823 utique
1563 3734 1718 3823 cujus
1762 3752 1958 3822 pracdi-

382 3854 527 3906 catio
567 3866 673 3907 non
712 3853 997 3906 evertitur.
1039 3852 1145 3905 Sed
1177 3867 1242 3906 ex
1277 3850 1504 3905 modicis
1532 3863 1736 3919 magnae
1765 3847 1959 3916 praedi-

384 3948 630 4001 cationes
660 3957 789 4002 sunt
824 3947 999 4001 factm.
1042 3946 1409 4010 Recumbebat,
1450 3942 1646 4012 inquit,
1684 3941 1956 4006 Dominus,

384 4049 432 4092 et
463 4040 599 4093 venit
644 4039 713 4091 ad
748 4054 864 4090 eum
908 4038 1150 4105 quedam
1188 4035 1377 4088 mulier
1403 4034 1468 4086 “.
1510 4034 1575 4088 Et
1605 4032 1746 4101 quod
1774 4034 1959 4099 porta-'

386 4128 502 4182 vit?
535 4139 867 4199 unguentum
923 4128 1110 4182 effudit
1156 4143 1321 4194 super
1366 4136 1527 4197 caput
1570 4125 1706 4195 ejus.
1752 4122 1958 4177 irasce-

387 4221 582 4273 bantur
603 4230 781 4271 antem
808 4218 1078 4287 discipuli,
1110 4217 1343 4271 scientes
1374 4217 1515 4283 quod
1552 4221 1825 4282 unguento
1851 4227 1959 4266 non

388 4312 590 4380 indiget
627 4310 907 4381 Magister.
943 4308 1281 4363 Irascebatur
1314 4317 1492 4360 autem
1532 4315 1587 4360 et
1622 4304 1787 4358 ludas
1830 4317 1958 4372 pro-

2048 1851 2128 1895 est
2171 1839 2484 1908 praedicatio
2541 1841 2665 1903 ista,
2719 1842 2973 1901 fermento
3018 1839 3085 1890 ".
3132 1836 3442 1891 Secundum
3492 1835 3629 1903 quid

2048 1930 2410 1987 fermentum?
2460 1930 2583 1999 quia
2628 1938 2684 1984 et
2735 1930 3001 1984 fermento
3038 1928 3250 1982 modico
3302 1942 3332 1980 a
3401 1926 3629 1981 muliere

2049 2020 2103 2074 in
2138 2020 2302 2073 multa
2338 2020 2717 2089 conspersione
2776 2018 3124 2083 abscondito,
3182 2018 3358 2087 ipsum
3409 2016 3629 2085 quidem

2048 2128 2151 2166 non
2186 2114 2508 2166 obscuratur
2540 2128 2567 2165 a
2599 2113 3004 2179 conspersione,
3033 2111 3128 2165 sed
3159 2126 3284 2164 cum
3327 2112 3401 2163 sit
3434 2122 3629 2178 parum

2051 2213 2219 2256 totum
2268 2202 2578 2265 fermentat,
2617 2211 2672 2255 et
2722 2199 3015 2255 fermentat
3069 2200 3185 2253 sine
3232 2197 3485 2266 strepitu.
3524 2196 3630 2263 Ita,

2050 2287 2261 2363 inquit,
2297 2308 2415 2347 mea
2448 2293 2762 2363 praedicatio
2809 2291 2990 2345 brevis
3044 2305 3138 2360 per
3182 2290 3493 2354 duodecim,
3533 2302 3627 2355 per

2049 2387 2191 2442 istud
2245 2386 2602 2449 fermentum,
2658 2393 2795 2447 toto,
2864 2384 3077 2453 inquit,
3142 2383 3452 2452 insparsum
3520 2396 3630 2434 non

2051 2474 2528 2534 transmutabitur,
2564 2474 2657 2527 sed
2686 2488 2900 2527 onmem
2928 2473 3185 2525 mundum
3228 2470 3525 2524 transferet
3560 2470 3632 2525 ad

2052 2569 2487 2638 religiositatem.
2549 2565 2662 2621 Hoc
2724 2567 2929 2620 dictum
2991 2572 3073 2619 est
3134 2578 3230 2632 per
3289 2562 3629 2632 parabolam.

2050 2657 2369 2712 Praedicatio
2397 2669 2575 2711 autem
2607 2657 2749 2711 facta
2776 2665 2881 2719 est,
2928 2665 3020 2708 aut
3057 2654 3207 2707 non?
3252 2654 3307 2707 Si
3346 2653 3490 2707 facta
3518 2662 3631 2720 est,

2050 2751 2180 2820 quid
2209 2750 2457 2805 dubitas?
2490 2750 2533 2803 si
2566 2759 2742 2802 autem
2776 2764 2880 2803 nou
2912 2758 2994 2802 est
3027 2747 3192 2811 facta,
3233 2760 3420 2815 argue.
3450 2745 3629 2798 Aliam

2053 2846 2246 2901 iterum
2298 2844 2608 2914 parabolam
2659 2843 2888 2896 similem
2941 2841 3067 2895 huic
3117 2839 3435 2893 introducit.
3490 2838 3631 2904 Quid

2053 2938 2194 2992 enim
2223 2935 2388 2990 dicit?
2415 2934 2604 2989 Simile
2637 2944 2710 2987 est
2749 2950 2966 3003 regnum
3004 2931 3253 2985 caelorum
3285 2946 3453 3000 grano
3484 2930 3635 2982 sina-

1980 3068 2020 3125 C
2053 3032 2153 3098 μὴ,
2177 3029 2317 3099 quod
2347 3029 2547 3081 brevius
2581 3026 2787 3097 quidem
2819 3037 2891 3078 est
2923 3026 2988 3077 ab
3023 3025 3266 3079 omnibus
3294 3022 3586 3076 seminibus
3614 3036 3635 3075 :

2055 3136 2169 3174 cum
2204 3132 2381 3173 au'cm
2427 3122 2669 3183 creverit,
2703 3117 2875 3187 majus
2908 3116 2966 3186 ﬁt
3017 3118 3261 3170 omnibus
3300 3116 3532 3168 oleribus
3563 3115 3632 3168 ".

2057 3214 2120 3267 Et
2148 3211 2461 3281 praedicatio
2488 3212 2537 3264 in
2575 3209 2855 3263 duodecim
2883 3218 3001 3262 erat
3024 3208 3305 3275 apostolis,
3334 3216 3390 3258 et
3412 3204 3636 3259 Judais-

2056 3320 2175 3358 mus
2204 3313 2258 3357 et
2282 3302 2553 3373 gentilitas
2586 3312 2723 3356 erat.
2755 3298 2888 3354 Cum
2921 3311 3099 3353 autem
3142 3300 3332 3361 crevit,
3354 3297 3636 3365 superavit

2056 3408 2304 3467 utraque.
2351 3395 2440 3449 lsti
2491 3404 2617 3449 ante
2667 3406 2881 3448 crucem
2932 3404 3211 3445 sermones
3261 3398 3427 3452 sunt,
3509 3394 3635 3454 post

2057 3503 2275 3544 crucem
2316 3497 2496 3541 autem
2534 3501 2696 3552 Opera
2741 3499 2863 3554 qua:
2905 3482 3167 3536 videmus.
3215 3480 3436 3534 interim
3473 3494 3636 3531 vene-

2058 3590 2184 3635 runt
2208 3579 2424 3648 quidem
2460 3577 2714 3647 gentiles,
2745 3585 2799 3629 et
2828 3574 3017 3629 dicunt
3041 3570 3293 3641 Philippo
3327 3589 3341 3625 :
3382 3569 3635 3622 Volumus

2055 3672 2237 3726 Jesum
2267 3673 2439 3725 ridere
2468 3671 2539 3737 ",
2592 3679 2646 3721 et
2689 3669 2817 3721 dicit
2853 3664 3051 3720 Jesus:
3086 3663 3240 3718 Venit
3268 3664 3421 3727 hora,
3456 3664 3637 3715 crucis

2062 3767 2243 3827 timor,
2288 3777 2342 3817 ut
2374 3763 2702 3833 gloriﬁcatur
2740 3757 2914 3811 Filius
2954 3757 3177 3810 hominis
3203 3757 3268 3810 "’.
3307 3756 3467 3819 Dicit,
3507 3754 3635 3823 quia

2058 3874 2180 3912 cum
2231 3858 2521 3910 cruciﬁxus
2580 3855 2737 3907 fuero
2788 3852 3150 3920 gloriﬁcabor.
3197 3848 3307 3902 Hoc
3338 3849 3495 3911 dixit,
3527 3862 3636 3898 non

2060 3951 2171 4013 fiat,
2214 3962 2269 4001 et
2302 3957 2547 4001 mortuus
2573 3956 2675 3999 est.
2716 3944 2771 3998 Si
2802 3952 2980 3995 autem
3013 3940 3260 4010 praedixit
3289 3951 3339 3992 et
3367 3954 3463 4007 per
3489 3953 3639 3990 mor-

2060 4050 2165 4095 tem
2216 4038 2464 4108 perfecit,
2514 4054 2547 4091 ο
2594 4036 2829 4106 potentia
2881 4033 3098 4086 virtutis
3146 4047 3241 4100 per
3264 4046 3326 4084 ea
3360 4045 3481 4100 quae
3526 4047 3634 4081 non

2058 4142 2185 4187 sunt
2229 4132 2429 4185 fortia!
2480 4111 2589 4183 Sed»
2635 4127 2797 4181 nolite
2829 4125 3057 4192 fatigare
3096 4124 3163 4176 de
3206 4122 3633 4184 resurrectione,

2058 4225 2112 4280 in
2166 4225 2256 4279 die
2291 4222 2673 4291 assumptionis
2720 4219 2929 4273 audire.
2982 4215 3272 4269 Festivitas
3316 4223 3402 4267 est
3453 4214 3631 4282 primo

2058 4318 2287 4380 animas,
2329 4327 2383 4370 et
2422 4317 2495 4369 ita
2535 4322 2748 4368 ventres
2780 4312 2880 4384 (l).
2915 4311 3101 4365 Primo
3131 4309 3293 4363 debes
3317 4307 3640 4361 condiscere

386 4412 507 4472 Ρῑθτ
541 4402 808 4465 "uelum;
843 4409 896 4454 ει
938 4401 1062 4469 fillia
1110 4407 1164 4453 θῑ
1204 4397 1531 4468 Pauperibus
1560 4398 1726 4450 ἀοιιεη
1772 4395 1956 4448 i'lcm“
1989 4408 2034 4463 Ι)
2059 4411 2144 4466 cui
2184 4409 2445 4475 feriaris;
2483 4408 2661 4477 primo
2709 4408 2871 4461 debes
2903 4416 3201 4475 agnoscere
3233 4402 3359 4470 quia
3404 4400 3539 4451 vivit
3586 4398 3639 4451 it.

389 4494 583 4548 rentia.
619 4494 876 4548 Dominus
905 4503 1083 4546 autem
1133 4493 1198 4544 ad
1234 4493 1534 4545 irascentes
1584 4506 1598 4540 :
1644 4487 1839 4549 Nolite,
1878 4486 1959 4538 in-

386 4587 522 4652 quit,
564 4601 809 4653 querere
835 4588 962 4655 quid
992 4601 1092 4656 ego
1125 4585 1310 4649 velim,
1355 4584 1447 4638 sed
1478 4582 1601 4651 quis
1640 4590 1695 4634 et
1730 4595 1849 4650 quae
1878 4589 1962 4631 est

388 4677 645 4732 voluntas
669 4682 787 4746 ejus
817 4678 906 4747 qui
932 4678 1154 4733 immisit
1189 4677 1323 4747 (98).
1359 4674 1529 4730 Nolite
1559 4688 1678 4727 esse
1707 4671 1914 4725 molesti
1943 4687 1957 4724 :

388 4768 519 4824 fecit
558 4772 727 4828 enim.
778 4770 931 4836 Quod
982 4780 1162 4825 autem
1214 4769 1343 4824 fecit
1386 4769 1511 4830 ista,
1564 4782 1668 4821 non
1723 4765 1957 4834 ignorat.

387 4861 724 4917 Praenuntiat
769 4864 873 4919 ista
920 4880 1095 4919 meam
1145 4874 1395 4918 mortem.
1452 4861 1766 4917 immittitur
1809 4860 1953 4914 enim

387 4953 639 5024 gentibus
669 4954 759 5020 qui
799 4954 1105 5009 ιιιοιίιιιιιιιι·
1126 4966 1476 5023 unguentum.
1510 4954 1575 5007 Et
1610 4968 1712 5006 una
1736 4950 1955 5021 quidem

389 5045 699 5113 prtedicatio
745 5047 871 5114 quia
918 5047 1180 5100 morietur
1216 5063 1231 5100 :
1277 5047 1368 5100 sed
1414 5047 1517 5101 ista
1554 5060 1660 5098 non
1696 5044 1767 5097 sit
1797 5042 1958 5095 mira-

390 5136 530 5191 bilis.
566 5137 729 5191 Addit
757 5140 903 5193 enim
937 5158 950 5193 :
985 5141 1146 5193 Amen
1176 5158 1328 5192 auten
1358 5140 1474 5192 dico
1509 5137 1665 5199 vobis,
1694 5136 1814 5204 quia
1838 5150 1956 5188 cum

390 5229 737 5294 praedicatum
781 5230 944 5299 fuerit
1000 5248 1185 5284 nomen
1231 5246 1403 5284 meum
1461 5232 1516 5283 in
1566 5230 1707 5282 omni
1738 5229 1955 5291 mundo,

458 5410 503 5442 ⁸⁷
531 5410 723 5468 Matth.
748 5426 802 5474 v,
843 5412 927 5463 l5.

392 5496 585 5549 xxvnt,
613 5480 699 5536 i9.
799 5481 847 5515 ³⁸
871 5481 1057 5535 Matth.
1090 5496 1207 5545 xttt,
1251 5482 1339 5535 55.

1006 5411 1052 5443 ⁸⁸
1096 5410 1223 5464 ibid.
1257 5410 1344 5463 Η.
1415 5409 1460 5439 ⁸⁸
1491 5408 1675 5461 Matth.
1700 5422 1811 5465 xt't,
1842 5406 1927 5458 i8.

1419 5480 1461 5509 "
1496 5480 1622 5533 ibid.
1652 5478 1739 5534 51.

468 5641 579 5709 (98)
624 5640 726 5704 Qui
762 5641 996 5693 immisit.
1031 5640 1189 5709 Eortc
1217 5639 1306 5709 qui
1339 5656 1414 5709 nte
1442 5639 1599 5693 misit.

465 5710 571 5769 (99)
612 5709 846 5764 διηνθειὶ
877 5720 1017 5762 sunt.
1048 5708 1149 5764 Pro
1180 5708 1399 5772 suscepti
1427 5720 1565 5762 sunt.

2006 5408 2052 5439 ”
2083 5407 2210 5461 ibid.

1816 5478 1859 5508 ⁹⁶
1886 5476 2041 5533 Juan.
2080 5495 2181 5542 xu,
2215 5477 2304 5531 ‘21.
2380 5477 2421 5507 ’⁷

2062 4516 2168 4569 quo
2216 4501 2447 4553 ltabetur
2493 4514 2638 4569 spes,
2686 4507 2745 4552 ut
2784 4514 3009 4553 securus
3043 4500 3360 4550 manduces.
3394 4490 3451 4544 Si
3498 4505 3643 4544 mor—

2063 4602 2186 4645 tuus
2233 4602 2311 4644 eSI
2360 4591 2449 4658 qui
2489 4591 2833 4655 adhortatur,
2882 4588 3047 4658 lugeri
3083 4593 3315 4656 oportet.
3363 4580 3419 4635 Si
3458 4592 3638 4634 autem

2063 4682 2208 4738 suasi
2263 4682 2528 4736 fuerimus
2556 4683 2680 4749 quia
2717 4682 2850 4735 vivit
2892 4693 2943 4735 et
2974 4678 3231 4744 vivificat,
3253 4683 3308 4730 et
3336 4674 3383 4729 si
3415 4674 3642 4727 mandu-

2062 4774 2375 4827 caverimus
2402 4782 2457 4828 et
2502 4774 2823 4837 biberimns,
2863 4781 2917 4825 et
2956 4783 3296 4841 quaecunque
3345 4764 3451 4818 alia
3497 4762 3641 4816 fece-

2064 4863 2271 4925 rimus,
2327 4862 2377 4915 in
2428 4861 2653 4932 gloriam
2708 4862 2944 4914 viventis
2997 4857 3279 4912 faciemus.
3338 4854 3643 4908 Suademus

2064 4954 2228 5022 igitur
2258 4964 2314 5007 et
2361 4964 2412 5007 ut
2446 4955 2746 5022 gaudentes
2771 4954 3071 5023 epulemur.
3120 4951 3284 5005 Putas
3313 4948 3463 5002 enim
3512 4947 3639 5015 quia

2063 5046 2240 5099 adhuc
2272 5046 2609 5101 necessarius
2646 5061 2825 5099 sermo
2863 5055 2965 5099 est.
3018 5045 3206 5098 Adhuc
3248 5042 3396 5096 enim
3446 5039 3641 5093 suade—

2065 5152 2203 5189 tuur.
2234 5134 2409 5190 Unum
2435 5137 2580 5191 enim
2630 5153 2696 5190 ex
2757 5135 2840 5189 his
2868 5152 2987 5204 quae
3015 5136 3159 5189 dicta
3194 5144 3324 5189 sunt
3363 5147 3472 5187 non
3529 5130 3642 5186 suf-

2077 5229 2190 5282 lieit
2220 5237 2276 5282 et
2317 5230 2547 5298 lapidem
2577 5231 2946 5285 comminuere
2979 5247 2994 5283 :
3028 5238 3205 5282 tamen
3244 5242 3410 5280 unum
3442 5241 3511 5281 ex
3561 5224 3642 5279 bis

2292 5405 2333 5437 ⁹¹
2368 5406 2557 5459 Matth.
2592 5422 2743 5468 xxvu,
2770 5406 2827 5470 6,
2851 5408 2903 5460 7.

2982 5407 3030 5439 υ
3064 5405 3193 5459 ibid.
3230 5404 3317 5459 ιδ.
3371 5405 3421 5435 οι
3448 5400 3638 5477 uana.

2477 5478 2603 5530 ibid.
2638 5477 2728 5531 2'5.

2138 5635 2213 5702 (l’)
2256 5635 2318 5688 Et
2355 5636 2429 5688 ita
2466 5647 2682 5705 ventres.
2716 5638 2975 5698 Subaudi,
3029 5653 3236 5693 curare.
3281 5636 3346 5691 Et
3387 5638 3484 5705 ita,
3509 5636 3638 5694 torte

2064 5722 2128 5761 ex
2158 5706 2344 5762 Graeco
2373 5706 2465 5760 καὶ
2497 5702 2635 5770 εἶτα,
2672 5708 2722 5763 id
2753 5718 2836 5763 est
2871 5718 2915 5761 et
2940 5708 3143 5763 deinde.
