3822 6218
215 331 357 381 1115

1200 326 1289 387 ΒΕ
1327 324 1788 382 INCORPORALI
1827 325 1915 381 ET
1954 326 2297 383 INVISIBILI
2341 326 2493 383 DEO.

3316 328 3449 385 HM

216 448 441 501 addam.
477 447 669 502 Omnis
698 448 842 501 enim
887 457 946 501 ιιι
988 447 1187 511 dicam,
1236 465 1335 504 nec
1368 449 1621 504 saeculum
1672 449 1786 503 suf-
1816 465 1860 520 Α
1897 452 2021 517 quia
2051 452 2345 505 moriturus
2373 456 2514 515 Sum,
2554 459 2609 505 et
2634 450 2916 507 exaltabor
2945 452 2997 506 In
3022 465 3257 516 crucem,
3283 462 3373 506 aut
3403 455 3452 507 in

214 536 349 590 ﬁcit.
404 536 730 594 Mensurabo
781 555 914 593 sane
961 548 1244 595 tractatum
1278 550 1496 609 propter
1525 555 1774 607 corpora,

215 629 438 688 propter
484 621 861 685 festivitatem,
919 632 1137 691 propter
1195 623 1562 678 refectionem.
1636 624 1782 679 Dicit

214 710 413 764 iterum
463 713 719 766 Dominus
756 732 772 767 :
807 713 1042 768 Granum
1090 716 1255 773 tritici
1287 716 1389 768 nisi
1420 717 1611 769 cadens
1644 732 1787 769 mor-

215 812 368 858 tuum
401 805 584 870 fuerit,
635 806 805 874 ipsum
852 805 1021 859 solum
1073 817 1246 860 manet
1281 807 1347 860 ⁹⁸.
1396 806 1465 862 Ut
1517 808 1679 861 habet
1726 823 1785 864 se

214 906 413 949 natura
451 896 657 950 locutus
699 905 803 950 est.
847 895 901 949 Si
935 896 1078 950 enim
1111 898 1431 951 seminatum
1465 914 1569 951 non
1598 897 1782 966 fuerit,

214 987 419 1041 nudum
456 1003 682 1058 granum
714 988 969 1042 manebit.
1010 987 1067 1041 Si
1120 998 1300 1042 autem
1329 990 1548 1055 cadens,
1588 991 1782 1061 inquit,

216 1075 384 1131 fuerit
435 1090 731 1142 mortuum,
763 1089 821 1137 ut
859 1089 1085 1134 testatur
1112 1096 1141 1133 a
1184 1092 1371 1135 natura
1400 1123 1414 1148 ,
1448 1084 1641 1139 multos
1670 1087 1783 1139 fru-

212 1179 340 1223 ctus
384 1167 563 1226 aﬂ'ert.
609 1170 674 1226 Et
703 1186 824 1240 ego,
862 1174 1054 1241 inquit,
1089 1176 1135 1227 si
1179 1190 1283 1229 non
1331 1174 1484 1231 fuero
1516 1186 1781 1242 mortuus,

216 1271 326 1309 non
354 1256 548 1326 colligo
592 1278 604 1313 :
643 1260 686 1313 si
742 1274 922 1314 autem
959 1263 1159 1317 cadens
1207 1265 1258 1317 in
1311 1274 1508 1319 terram
1543 1278 1784 1323 mortuus

216 1348 393 1412 fuero,
428 1352 624 1405 multos
655 1350 861 1406 fructus
887 1353 1055 1409 aﬂ'ero
1097 1357 1388 1411 secundum
1422 1372 1649 1429 granum
1685 1359 1783 1412 tri-

218 1440 333 1494 tici.
367 1440 431 1494 Et
466 1457 560 1511 per
599 1444 870 1497 modicum
902 1446 1115 1512 quidem
1146 1461 1371 1515 granum
1416 1448 1669 1516 parabola
1703 1450 1787 1504 di-

218 1542 304 1585 cta
344 1543 448 1596 est,
492 1550 785 1606 permagna
820 1547 998 1591 autem
1047 1538 1402 1592 admiratione
1446 1555 1581 1608 opus
1608 1549 1786 1594 osten-

218 1624 384 1678 ditur.
424 1624 481 1679 Si
534 1626 699 1691 enim,
755 1628 951 1696 inquit,
990 1640 1232 1684 mortuus
1284 1646 1389 1684 non
1453 1630 1624 1696 fuero,
1680 1648 1782 1687 non

217 1717 435 1787 colligo.
488 1718 789 1787 Antequam
847 1720 1361 1786 enim,morerelur,
1411 1731 1466 1777 et
1518 1723 1781 1777 mirabilia

1888 540 2059 593 caelos
2091 542 2245 611 (nihil
2281 544 2426 596 enim
2461 542 2710 611 prohibet
2741 554 2968 613 utraque
3000 544 3070 598 ita
3102 544 3373 616 intelligi),
3400 555 3453 601 et

1888 629 2100 687 traham
2142 646 2331 685 omnes
2380 633 2445 685 ad
2486 648 2571 687 me
2608 650 2621 686 :
2659 633 2798 687 dixit
2839 634 3142 689 modicum?
3174 635 3453 691 miremur.

1886 721 1991 773 Sed
2026 734 2279 789 magnum
2313 722 2440 789 quid
2475 721 2630 786 dixit,
2664 731 2719 776 et
2746 723 3010 776 modicum
3055 723 3219 779 fecit?
3241 726 3452 779 minuao

1886 826 2007 866 mus
2049 811 2485 864 admirationem.
2544 811 2600 865 Si
2652 822 2831 867 autem
2870 829 3119 882 tnagnum
3159 816 3313 879 dixit,
3347 831 3454 869 ma-

1884 914 2048 969 gnum
2081 912 2132 954 et
2164 900 2314 964 fecit,
2346 911 2398 956 et
2436 903 2535 956 hoc
2564 917 2657 971 per
2687 918 2923 965 crucem.
2958 914 3013 958 et
3043 915 3161 973 post
3188 916 3449 971 mortem;

1885 991 2146 1063 pellamus
2191 992 2584 1045 dubitationem
2636 1004 2689 1046 et
2735 995 3091 1063 suscipiamus
3150 996 3328 1053 Iidem.
3385 996 3452 1051 Et

1886 1082 2079 1135 iterum
2115 1083 2180 1134 ad
2217 1079 2431 1136 Iudaeos
2457 1084 2585 1136 dicit
2614 1083 2801 1137 eadem
2836 1100 2851 1137 :
2882 1085 3033 1150 Cum,
3074 1086 3267 1155 inquit,
3308 1087 3453 1140 exat-

1884 1173 2114 1226 taveritis
2152 1170 2353 1225 Filium
2384 1174 2635 1236 hominis,
2665 1181 2786 1226 tunc
2810 1176 2977 1229 scietis
3011 1178 3133 1246 quia
3164 1193 3256 1245 ego
3285 1194 3399 1231 sum
3431 1194 3449 1232 :

1884 1275 1934 1317 et
1962 1282 1991 1317 η
2023 1281 2108 1317 me
2142 1266 2251 1331 ipsa
2280 1280 2383 1318 non
2422 1267 2559 1330 reni,
2583 1268 2672 1319 sed
2698 1284 2728 1319 a
2766 1266 2889 1333 Deo,
2922 1284 3037 1321 cum
3076 1285 3231 1336 opera
3262 1281 3451 1323 testata

1884 1355 2075 1424 fuerint
2125 1357 2205 1409 Itis
2234 1372 2349 1425 qua:
2380 1356 2497 1408 dico
2531 1357 2571 1409 ¹.
2622 1356 2683 1409 Ili
2720 1368 2845 1411 sunt
2889 1369 3075 1427 gustus
3119 1359 3451 1427 praedicatio-

1887 1463 2010 1501 num
2056 1448 2263 1501 Domini
2310 1462 2324 1500 :
2362 1446 2516 1515 plena
2552 1456 2734 1501 autem
2774 1446 3061 1515 Evangelia
3111 1459 3235 1503 sunt
3272 1451 3453 1505 voleno

1888 1538 2031 1592 tibus
2064 1539 2198 1592 bene
2242 1539 2458 1607 degere,
2491 1537 2630 1607 pleni
2676 1538 2845 1594 Actus
2893 1540 3254 1609 apostolorum
3303 1552 3452 1607 sunt,

1885 1640 1939 1683 et
1969 1629 2222 1698 Epistolae
2252 1630 2425 1693 Pauli,
2466 1640 2520 1684 et
2559 1632 2800 1686 civitates
2848 1633 3112 1686 mirabilia
3148 1634 3248 1705 (‘5).
3285 1633 3453 1703 plena

1889 1730 2016 1774 sunt
2046 1722 2208 1776 urbes
2246 1722 2368 1775 (ide.
2411 1722 2553 1776 Laus
2599 1723 2688 1775 uni
2727 1739 2831 1778 non
2863 1733 2992 1778 nato
3024 1723 3153 1786 Deo.
3184 1727 3273 1795 qui
3307 1727 3454 1781 misit

218 1806 443 1874 faceret,
478 1825 580 1865 nec
622 1811 900 1865 duodecim
928 1811 1185 1882 collegit;
1242 1828 1347 1865 non
1376 1824 1787 1881 permanserunt
1819 1814 1859 1868 Β
1890 1812 2044 1867 nobis
2090 1828 2255 1866 unum
2306 1811 2472 1867 Deum
2520 1815 2849 1885 unigenitum
2904 1830 3059 1870 suum
3090 1815 3306 1881 Filium,
3362 1833 3455 1887 per

217 1901 363 1954 enim
399 1917 521 1955 cum
567 1917 653 1959 eo.
706 1904 846 1958 Dicit
888 1906 1029 1959 enim
1065 1922 1078 1958 :
1110 1906 1242 1971 Quia
1276 1904 1321 1958 si
1364 1920 1468 1957 non
1512 1920 1606 1959 ero
1639 1920 1779 1958 mor-

218 2000 362 2058 tuus,
396 2008 499 2047 non
533 1994 777 2065 colligam
806 1996 880 2065 (2)
907 2010 921 2049 :
954 1995 1085 2049 Cum
1117 2005 1291 2050 autem
1322 1995 1588 2049 exaltatus
1630 1996 1780 2064 fuero

219 2096 250 2132 ιι
290 2094 455 2149 terra,
487 2101 662 2139 omnes
711 2086 920 2141 traham
965 2090 1035 2140 ad
1069 2103 1148 2141 me
1176 2088 1244 2140 °’.
1294 2086 1405 2141 Iloc
1449 2086 1592 2155 quod
1621 2085 1777 2149 dixit.

1890 1919 2048 1973 quem
2094 1915 2176 1959 est
2219 1905 2267 1958 ei
2305 1906 2494 1975 gloria,
2527 1910 2718 1973 honor,
2771 1909 3074 1978 imperium,
3115 1911 3367 1980 majestas
3399 1911 3451 1963 in

1887 1993 2092 2063 Spiritu
2141 2005 2352 2062 sancto,
2389 2008 2443 2052 et
2497 2016 2661 2065 nunc,
2696 2010 2751 2056 et
2798 2016 3015 2072 semper
3044 2011 3098 2057 et
3132 2016 3228 2073 per
3269 2018 3448 2057 omma

1885 2087 2077 2141 saecula
2109 2090 2445 2145 saeculorum.
2489 2092 2680 2147 Amen.

1165 2386 1725 2503 EUSEBII
1810 2388 2490 2574 PAMPHILI

661 2625 808 2715 DE
887 2622 1703 2717 INCORPORALI
1776 2624 1932 2713 ET
2006 2625 2651 2717 INVISIBILI
2733 2629 3010 2722 ΠΕΟ.

288 2975 684 3047 lncorporalem
716 2990 837 3031 esse
867 2976 1029 3032 Deum
1056 2990 1188 3032 voce
1220 2990 1411 3044 magna
1447 2975 1771 3043 clamemus,
1806 2966 1974 3055 Qqui
2016 2984 2069 3033 et
2109 2976 2306 3032 animis
2359 2950 2541 3030 tribuit
2585 2985 2640 3031 et
2700 2976 3208 3046 incorporalitatem.
3257 2978 3453 3036 Paulus

214 3083 269 3124 et
301 3072 353 3125 in
382 3084 609 3139 corpore
635 3070 933 3135 constituti,
958 3080 1013 3123 et
1039 3085 1067 3122 a
1096 3070 1413 3138 corporibus
1446 3072 1781 3126 recedentes.

217 3161 414 3218 Vivent
451 3163 594 3217 enim
628 3163 819 3216 anima:
856 3162 1285 3231 incorporaliter,
1314 3171 1368 3217 et
1404 3172 1525 3232 post
1557 3173 1784 3219 mortem

216 3258 609 3326 incorporalem
636 3256 730 3327 (4),
762 3266 815 3310 et
844 3256 1070 3309 necdum
1103 3270 1221 3323 quae
1248 3270 1278 3309 a
1311 3253 1420 3311 Deo
1448 3265 1630 3310 creata
1662 3266 1787 3311 sunt

220 3356 422 3401 tantam
461 3349 659 3402 habent
696 3347 1033 3417 dignitatem.
1066 3347 1180 3416 Ipse
1223 3356 1403 3403 autem
1446 3349 1534 3419 qui
1574 3364 1703 3419 pura
1736 3360 1788 3405 et

218 3440 500 3509 perspicua
526 3450 775 3509 operatus
797 3450 909 3506 est;
940 3440 1295 3509 incorporalia
1325 3451 1478 3511 putas
1511 3444 1786 3513 aperietur

219 3541 400 3585 mente
446 3532 813 3602 insipientium
863 3531 1127 3600 corpore?
1187 3531 1574 3601 Consignemus
1624 3533 1785 3601 igitur

218 3616 453 3679 nostros
481 3625 746 3695 cogitatus
791 3639 821 3678 a
857 3624 1049 3679 divinis
1083 3624 1395 3693 Scripturis.
1450 3626 1583 3693 Quia
1641 3625 1783 3679 enim

218 3714 346 3769 inde
397 3726 678 3770 moventur
728 3717 1083 3785 quaestiones,
1131 3716 1251 3768 inde
1280 3717 1491 3771 veniant
1539 3702 1784 3771 cl'solu-

220 3810 412 3862 tiones.
443 3809 634 3862 Anima
666 3809 982 3864 immortalis
1021 3819 1124 3874 est,
1150 3818 1205 3862 et
1236 3809 1510 3873 passiones
1546 3812 1787 3880 corporis

218 3916 328 3956 non
380 3903 599 3955 veniunt
643 3904 707 3954 ad
755 3916 895 3956 eam.
946 3899 1049 3956 Per
1096 3918 1216 3955 eum
1284 3902 1426 3955 enim
1480 3917 1576 3970 per
1625 3918 1785 3971 quem

216 3994 397 4047 omnia
436 3994 571 4047 facta
618 4003 764 4058 sunt,
801 4004 855 4047 et
884 3995 1075 4046 anima:
1114 4002 1312 4047 creatae
1355 4004 1502 4047 sunt.
1536 3993 1652 4064 Ipse
1688 3995 1789 4050 hoc

218 4086 583 4153 pronuntiavit
631 4085 885 4139 Dominus
927 4095 980 4139 et
1024 4085 1156 4137 dixit
1200 4104 1212 4139 :
1262 4083 1439 4138 Nolite
1484 4088 1661 4140 timere
1700 4103 1786 4140 eos

215 4177 309 4245 qui
363 4180 603 4232 accidunt
655 4194 867 4239 coruus.
920 4179 1149 4231 animum
1195 4188 1368 4231 autem
1426 4195 1528 4233 non
1570 4188 1786 4251 possunt

218 4272 452 4326 occidere
507 4274 549 4324 ³.
600 4271 713 4326 Non
762 4271 895 4325 dixit
947 4269 1071 4338 quia
1123 4270 1306 4325 nolunt
1342 4260 1635 4336 occidere,
1688 4272 1782 4327 sed

216 4365 342 4433 quia
388 4380 491 4418 non
528 4372 780 4432 possunt,
826 4364 1033 4433 inquit,
1068 4364 1333 4417 occidere.
1385 4361 1604 4419 Natura:
1641 4365 1784 4419 enim

218 4457 413 4510 animm
452 4457 745 4527 potentiam
792 4456 988 4525 posuit,
1028 4464 1081 4511 et
1125 4472 1226 4509 non
1266 4456 1595 4525 propositmn
1645 4456 1787 4511 deci-

217 4549 500 4619 pientium.
547 4549 601 4603 Si
643 4549 804 4618 igitur
851 4558 1047 4603 nostrae
1086 4548 1301 4609 animae,
1341 4562 1459 4615 quae
1500 4547 1549 4599 in
1592 4560 1786 4615 corpo-

218 4642 367 4695 ribus
416 4652 471 4695 et
511 4641 655 4696 circa
709 4655 931 4709 corpora
984 4641 1267 4705 habentur,
1317 4655 1602 4708 corporum
1663 4654 1787 4707 pas-

216 4735 400 4789 siones
428 4750 531 4787 non
570 4734 881 4796 admittunt,
918 4734 1080 4786 etiam
1116 4732 1243 4786 dum
1279 4731 1474 4785 adsunt
1511 4730 1563 4784 in
1594 4744 1786 4798 θοι-ρος

217 4826 404 4888 ribus;
449 4835 650 4893 quanto
685 4826 854 4893 magis
886 4823 962 4894 (5)
995 4824 1078 4878 his
1118 4824 1209 4894 qui
1250 4823 1533 4877 honoravit
1576 4823 1784 4877 animas

218 4919 546 4987 incorporali
598 4928 811 4981 natura,
859 4920 970 4988 ipse
1006 4918 1176 4988 magis
1203 4926 1284 4971 cst
1313 4915 1684 4985 incorporalis,
1729 4924 1784 4969 ct

217 5026 323 5064 non
360 5012 432 5064 ita
474 5012 825 5080 incorporalis
867 5020 925 5064 ut
962 5009 1188 5063 animae?
1224 5007 1357 5062 Cum
1403 5008 1546 5061 enim
1587 5008 1652 5061 de
1701 5007 1784 5061 his

217 5107 546 5157 meverinms
593 5119 927 5169 sermonem,
971 5100 1468 5171 et'inquisierimus
1514 5099 1782 5169 quomodo

217 5194 572 5261 incorporalis
607 5194 675 5247 ab
732 5192 1158 5261 incorporalibus
1217 5189 1435 5254 differt;
1482 5200 1606 5243 tunc
1660 5204 1778 5243 cum

214 5284 329 5353 ipse
357 5284 497 5340 Deus
529 5286 847 5357 impertierit
872 5284 937 5339 de
969 5285 1052 5338 his
1093 5284 1394 5353 loquemur.
1439 5281 1655 5336 Interim
1686 5294 1784 5333 au-

214 5386 325 5433 tem
358 5392 533 5435 motus
572 5388 653 5433 est
698 5393 910 5439 sermo,
936 5377 1061 5446 quia
1107 5376 1244 5429 Deus
1295 5373 1648 5443 incorporalis
1677 5381 1783 5435 est,

283 5473 331 5549 ξς
353 5467 509 5549 Joan.
558 5484 654 5549 xu,
686 5456 795 5522 ‘24.
893 5467 938 5498 ”
978 5466 1107 5521 ibid.
1164 5465 1251 5522 5L
1342 5465 1357 5495 ‘
1397 5462 1551 5518 Joan.
1587 5478 1713 5530 vttt,
1754 5461 1843 5518 28.
1928 5452 1958 5497 ’³
1998 5466 2184 5549 Matth.
2221 5466 2370 5529 κᾶε.
2457 5466 2478 5498 ³
2518 5465 2559 5519 II
2584 5466 2707 5522 Cor.
2755 5482 2805 5534 ι,
2854 5466 2909 5521 3.

214 5540 238 5573 ⁵
279 5540 469 5594 Matth.
507 5554 557 5601 ν,
597 5540 648 5593 8.

287 5629 368 5699 (Ξ)
407 5628 504 5683 Ms.
540 5628 703 5694 Dicit,
732 5629 857 5697 quia
908 5627 953 5681 si
987 5643 1088 5680 tton
1120 5642 1209 5679 ero
1250 5635 1503 5689 mortuus,
1540 5641 1641 5678 non
1683 5625 1784 5677 Cul-

217 5702 396 5771 ligant.

288 5770 365 5828 I5)
408 5767 696 5823 Mirabilia.
729 5768 830 5824 Pro
860 5766 1203 5821 mirabilibus.

1887 3079 2065 3125 autem
2095 3081 2151 3125 et
2200 3071 2251 3124 in
2301 3086 2526 3139 corpore
2576 3070 2921 3135 constitutus,
2962 3080 3018 3125 et
3070 3072 3124 3126 in
3171 3086 3334 3130 carne
3363 3074 3453 3128 ‘vi-

1887 3179 2039 3228 rens,
2074 3178 2179 3218 non
2209 3163 2421 3219 volebat
2465 3164 2517 3217 in
2548 3177 2712 3218 carne
2752 3178 2890 3218 esse.
2934 3163 3069 3217 Dicit
3117 3163 3303 3219 enim:
3345 3164 3458 3223 Au-

1886 3257 2013 3311 dent
2040 3257 2258 3326 quidam
2290 3265 2540 3327 putantes
2574 3270 2672 3310 nos
2703 3255 2753 3309 in
2781 3270 2942 3310 carne
2978 3255 3154 3309 vivere
3181 3272 3198 3322 ;
3238 3264 3292 3309 et
3326 3256 3454 3325 quia

1886 3350 2101 3403 vivebat
2135 3350 2185 3403 in
2215 3364 2398 3412 carne,
2438 3348 2584 3402 addit
2617 3365 2630 3402 :
2668 3346 2724 3401 In
2764 3363 2925 3402 carne
2959 3347 3106 3405 enim
3147 3348 3455 3415 constituti,

1889 3458 1993 3497 non
2024 3457 2085 3496 ea
2128 3457 2248 3509 quae
2275 3441 2458 3495 carnis
2496 3450 2621 3493 sunt
2663 3455 2950 3507 operantur
2975 3442 3017 3495 ³.
3054 3441 3108 3494 Si
3156 3441 3320 3510 igitur
3360 3441 3453 3510 qui

1887 3546 2003 3589 erat
2040 3535 2093 3587 in
2130 3549 2293 3587 carne
2332 3532 2669 3586 alacritatem
2704 3531 2991 3586 refundens
3039 3532 3090 3584 in
3131 3532 3321 3599 spiritu
3372 3545 3457 3584 re-

1887 3622 2028 3682 cedit
2064 3643 2091 3679 a
2131 3640 2379 3694 corpore,
2412 3634 2611 3693 quanto
2647 3624 2815 3690 magis
2855 3623 3197 3676 immaculata
3220 3632 3275 3676 et
3307 3623 3455 3674 inac-

1887 3720 2152 3774 cessibilis
2188 3727 2241 3771 et
2280 3733 2409 3787 pttra
2458 3717 2541 3770 illa
2589 3726 2776 3769 natura
2812 3715 2915 3769 hoc
2947 3715 3051 3767 erit
3090 3723 3145 3768 et
3184 3729 3454 3779 sermone,

1886 3813 2027 3884 quod
2064 3821 2147 3866 est
2183 3813 2241 3865 'et
2303 3810 2539 3864 natura?
2590 3808 2859 3863 Habemus
2904 3823 3032 3862 sane
3072 3817 3127 3859 et
3175 3808 3226 3860 in
3274 3805 3453 3859 Evan-

1887 3907 2039 3976 geliis
2066 3906 2347 3973 scriptum,
2378 3903 2493 3971 ipso
2520 3900 2800 3956 SaIvatore
2829 3900 3040 3954 dicente
3066 3917 3079 3953 :
3111 3899 3274 3953 Deum
3304 3914 3455 3951 nemo

1887 3997 2012 4049 vidit
2071 4011 2300 4049 unauam
2332 3994 2376 4049 δ.
2440 3993 2665 4057 Nullus,
2726 3993 2932 4063 inquit.
2987 4007 3220 4061 unquam
3274 3991 3452 4047 vidit:

1886 4105 2074 4143 omnes
2110 4104 2367 4158 personas
2400 4085 2846 4154 comprehendit:
2875 4083 3054 4138 omnia
3097 4098 3203 4137 non
3249 4082 3450 4147 simul,

1889 4198 1993 4235 non
2020 4183 2351 4251 separatim;
2385 4194 2621 4249 unquam
2652 4178 2890 4249 potuisse
2918 4176 3101 4230 videre
3135 4174 3302 4230 Deum
3333 4190 3456 4243 pro-

1892 4254 2191 4327 nuntiavit?
2216 4274 2396 4327 omnia
2433 4274 2605 4341 spatia
2642 4271 3090 4341 comprehendit:
3127 4278 3186 4323 ut
3218 4284 3286 4323 ne
3336 4268 3457 4337 quis

1890 4364 2116 4430 diceret,
2153 4365 2424 4434 prophetis
2458 4362 2726 4433 apparuit,
2758 4372 2849 4413 aut.
2880 4360 3314 4430 legislatori,_aut
3350 4359 3456 4410 alio

1889 4457 2070 4511 alicui.
2108 4454 2247 4522 Quid
2293 4455 2461 4524 ergo?
2512 4457 2839 4508 ntentiuntur
2883 4452 3173 4521 Scriptura:
3204 4465 3325 4521 qua:
3374 4450 3455 4502 di-

1888 4559 2054 4604 cunt:
2092 4549 2223 4602 Veni
2260 4558 2313 4601 et
2342 4547 2479 4612 vidi,
2507 4555 2562 4600 et
2591 4546 2802 4599 audivi?
2830 4543 3078 4597 Vultibus
3119 4557 3222 4595 non
3262 4552 3345 4595 est
3380 4543 3455 4594 vi-

1889 4640 2062 4694 sibilis
2097 4639 2256 4694 Deus.
2297 4639 2759 4704 Quemadmodum
2783 4650 2911 4705 ergo
2948 4633 3327 4704 agnoscibilis?
3355 4633 3454 4699 Qui

1887 4722 2064 4787 autem
2103 4733 2249 4787 solus
2286 4732 2433 4785 novit
2462 4746 2584 4784 eum
2630 4729 2721 4798 qui
2768 4743 2827 4783 se
2868 4727 3070 4794 genuit,
3103 4726 3271 4779 dicit:
3308 4723 3455 4777 Beati

1890 4812 2083 4878 mundo
2115 4826 2292 4890 corde,
2339 4825 2585 4889 quoniam
2641 4824 2739 4882 ipsi
2795 4819 2960 4873 Deum
3013 4819 3252 4871 videbunt
3297 4818 3341 4870 ⁵.
3398 4816 3453 4870 Si

1887 4919 2033 4973 enim
2080 4919 2331 4983 dixisset,
2376 4916 2521 4970 Beati
2565 4915 2657 4985 qui
2704 4914 2847 4967 acuti
2897 4920 3021 4965 sunt
3055 4910 3247 4965 oculis.
3288 4908 3437 4961 dice-

1889 5006 2071 5066 remus
2116 5011 2237 5080 quia
2285 5010 2458 5065 oculis
2521 5006 2857 5074 mancipavit
2908 5005 3104 5058 visum.
3164 5002 3219 5055 Si
3275 5010 3451 5053 autem

1892 5103 2030 5157 sicut
2058 5104 2243 5157 oculus
2272 5117 2437 5170 purus
2478 5101 2619 5155 videt
2646 5114 2767 5166 quae
2798 5097 2964 5152 oculis
3009 5104 3135 5151 sunt
3166 5091 3454 5153 naturalia,

1890 5193 1963 5246 ita
2013 5202 2067 5246 et
2099 5193 2276 5246 anima
2335 5190 2529 5246 munda
2576 5192 2724 5247 videt
2794 5205 2912 5259 qua:
2958 5197 3083 5244 sunt
3126 5201 3286 5255 supra
3335 5186 3454 5237 ani-

1891 5272 2071 5347 mam;
2106 5284 2198 5353 qui
2231 5284 2393 5339 corde
2424 5283 2657 5347 videtur,
2699 5281 2869 5337 oculis
2900 5296 3003 5334 non
3049 5278 3301 5333 videtur:
3337 5290 3455 5344 qua:

1892 5384 2072 5429 autem
2105 5376 2276 5431 oculis
2306 5376 2578 5438 videntur,
2624 5372 2902 5442 subiacent
2936 5373 3261 5427 motionibus
3306 5384 3453 5424 mcu-

3005 5464 3027 5496 ⁸
3061 5463 3215 5519 Joan.
3272 5478 3313 5528 ι,
3362 5460 3446 5516 18.

1962 5620 2042 5687 (ι)
2092 5619 2188 5674 Ms.
2228 5630 2278 5673 et
2315 5630 2426 5687 post
2476 5629 2693 5675 mortem
2739 5630 2949 5689 propter
2978 5617 3381 5685 incorporalem.

1961 5692 2034 5760 (ὅ)
2080 5690 2192 5746 "is.
2230 5690 2332 5745 Pro
2353 5692 2415 5743 is.
