3822 6218
363 287 504 345 HIS

1038 283 1311 341 EUSEBII
1348 279 1824 340 CAESARIENSIS
1860 277 2008 336 opp.
2051 277 2228 335 PARS
2269 277 2358 334 IV.
2398 312 2468 323 _
2504 277 2922 335 DOGMATICA.
2986 235 2991 246 ς

3477 275 3610 328 IIIS

362 411 454 462 tis.
501 408 697 462 lterum
739 405 885 460 enim
935 405 1131 460 Paulus
1168 405 1301 459 dicit
1333 424 1346 460 :
1389 405 1555 470 Quem
1607 384 1930 458 nemo-vidit
1960 408 2007 463 Α
2033 403 2229 456 mundo
2260 409 2400 466 erat,
2438 400 2708 470 quomodo
2743 399 2888 452 Venit
2921 397 2974 450 in
3033 395 3322 449 mundum?
3353 395 3490 450 Cum
3525 413 3613 450 au-

360 499 652 562 hominum,
685 513 774 551 nec
804 498 978 552 videre
1009 508 1173 568 potest
1198 499 1240 554 ⁸.
1279 497 1414 564 Quia
1444 496 1588 552 enim
1616 505 1790 567 potest
1821 495 1935 548 fieri

360 608 484 646 eum
534 593 622 660 qui
680 592 828 647 audit
881 607 945 646 ea
981 606 1102 661 quas
1149 605 1254 645 non
1303 590 1450 646 videt
1495 591 1764 660 cogitare;
1811 588 1934 657 quia

365 700 470 738 uon
513 686 796 754 pervenit,
843 695 936 738 aut
975 684 1275 754 prohibitus
1320 694 1420 744 est,
1471 694 1561 736 aut
1597 683 1792 737 etelum
1831 697 1934 735 non

359 777 638 843 permisit;
687 784 972 844 amputans
1029 789 1242 829 onmem
1295 774 1658 843 suspicionem
1705 775 1936 840 Aposto-

363 869 472 933 lus,
505 881 560 923 et
590 869 1012 922 invisibilitatem
1045 867 1152 922 Deo
1193 867 1500 922 custodiens
1541 865 1680 934 quod
1713 865 1937 934 conjun-

362 973 506 1016 ctum
549 973 630 1015 est
663 961 1019 1032 iucnrporali,
1057 978 1160 1015 non
1194 961 1364 1015 solum
1393 961 1554 1021 dixit,
1595 975 1744 1012 nemo
1779 959 1934 1022 vidit,

361 1047 588 1106 sed‘nec
637 1054 834 1117 videre,
883 1053 1085 1122 inquit,
1135 1063 1321 1122 potest.
1366 1052 1430 1106 Et
1478 1052 1618 1105 sicut
1667 1052 1936 1116 animam,

367 1159 473 1197 non
509 1145 632 1213 quia
663 1145 938 1208 nolebant,
972 1145 1066 1199 sed
1105 1145 1227 1212 quia
1273 1160 1377 1197 non
1411 1154 1659 1211 poterant
1689 1144 1940 1196 occidere

363 1248 580 1307 propter
634 1249 899 1301 naturain,
952 1239 1020 1292 ita
1071 1248 1125 1293 et
1174 1237 1298 1292 istic
1334 1239 1538 1290 dictum
1586 1247 1703 1301 est,
1767 1251 1940 1305 neque

362 1328 548 1382 videre
594 1337 854 1398 possunt:
883 1329 1004 1396 quia
1041 1343 1146 1381 non
1187 1328 1380 1382 caelum
1422 1326 1709 1380 obumbrat
1749 1341 1815 1380 ne
1860 1327 1942 1379 vi-

363 1421 574 1484 deatur,
606 1422 698 1474 sed
743 1430 935 1474 natura
975 1436 1080 1474 non
1134 1419 1628 1489 comprehenditur.
1662 1419 1732 1474 Ut
1759 1429 1937 1473 autem

363 1513 505 1568 scias
554 1512 680 1580 quia
727 1511 922 1566 cadum
969 1526 1074 1564 non
1123 1511 1299 1580 Operit
1353 1526 1446 1564 eos
1491 1525 1556 1564 ne
1589 1509 1806 1564 videant
1850 1508 1940 1578 qui

362 1605 546 1658 videre
591 1619 692 1656 non
738 1613 987 1672 possunt;
1033 1604 1253 1658 adverte
1299 1604 1425 1672 quid
1462 1603 1538 1656 ait
1589 1604 1704 1671 ipse
1752 1603 1937 1656 Deus:

365 1693 558 1747 Nonne
584 1693 766 1747 caelum
795 1703 844 1746 et
875 1702 1074 1746 terram
1114 1709 1205 1762 ego
1239 1692 1429 1759 impleo
1450 1692 1512 1745 "?
1562 1691 1773 1746 Intuere
1813 1691 1937 1760 quia

2037 502 2144 546 tem
2193 491 2430 547 audieris
2470 491 2595 559 quia
2630 488 2764 543 Deus
2810 488 3042 541 ambulat
3072 488 3129 540 in
3164 487 3419 555 paradiso
3443 487 3510 550 ",
3541 488 3610 540 ita

2036 585 2158 640 audi
2191 593 2245 639 et
2273 584 2338 638 de
2367 581 2504 637 Filio
2543 583 2669 652 quia
2700 582 2866 637 venit.
2908 581 3046 650 Ergo
3071 587 3126 634 et
3156 595 3278 632 cum
3312 579 3550 633 audieris
3581 597 3609 633 a

2037 677 2347 747 propheta:
2398 673 2530 740 Quis
2577 683 2653 728 est
2711 677 2801 745 qui
2846 675 2984 728 venit
3030 690 3093 728 ea:
3140 671 3312 725 Edam
3348 672 3426 725 "i
3475 673 3618 726 sicut

2037 767 2185 820 venit
2226 767 2312 834 qui
2348 769 2501 820 adest
2544 765 2596 819 in
2637 767 2864 828 mundo,
2909 765 2982 818 ita
3023 764 3168 819 venit
3216 765 3309 832 qui
3357 764 3509 817 venit
3549 779 3616 817 ex

2039 859 2228 914 Edom.
2257 859 2446 914 Vestes
2474 868 2655 913 autem
2689 858 2738 911 ei
2781 859 2974 912 rubras
3020 857 3274 926 imposuit
3307 856 3616 926 prophetia,

2039 967 2162 1007 cum
2194 951 2380 1006 Daniel
2415 951 2615 1004 dixerit
2645 950 2764 1004 alba
2793 965 2914 1005 esse
2950 949 3066 1018 ejus
3100 949 3447 1003 vestimenta.
3476 947 3619 1001 Mota

2039 1052 2218 1098 autem
2263 1044 2417 1098 nobis
2452 1043 2626 1099 fuerat
2660 1045 2763 1098 ista
2805 1043 3030 1112 quaestio
3057 1051 3112 1096 et
3145 1041 3211 1096 de
3245 1041 3484 1095 vestibus
3513 1059 3526 1092 :
3559 1049 3621 1093 et

2041 1139 2086 1193 si
2124 1153 2227 1192 non
2269 1137 2457 1193 fuisset
2493 1148 2670 1202 mota,
2700 1137 2926 1192 rationis
2966 1145 3084 1191 erat
3122 1150 3226 1188 non
3267 1149 3389 1189 eam
3433 1144 3618 1188 trans-

2043 1231 2142 1286 ire.
2176 1230 2567 1285 Condiscamus
2604 1229 2729 1299 quid
2758 1238 2842 1284 est
2879 1229 3020 1298 quod
3061 1227 3260 1282 dicitur
3295 1235 3475 1281 vestes
3516 1226 3621 1280 ha-

2043 1320 2173 1374 bere
2218 1319 2415 1384 Deum,
2455 1327 2510 1374 et
2551 1320 2650 1374 has
2691 1320 2847 1374 modo
2889 1319 3103 1382 rubras,
3145 1317 3304 1372 modo
3336 1326 3516 1370 autem
3549 1316 3627 1369 al-

2041 1413 2160 1466 bas.
2205 1411 2317 1466 Non
2367 1412 2508 1466 enim
2540 1417 2800 1482 jactatum
2835 1411 3010 1465 dicam
3046 1410 3210 1464 Deum
3253 1408 3306 1462 in
3353 1409 3624 1475 vestibus,

2041 1511 2097 1556 et
2138 1516 2279 1556 nunc
2307 1501 2524 1571 quidem
2573 1502 2644 1555 ita
2686 1499 2890 1564 vestiri,
2926 1515 3072 1555 nunc
3115 1509 3294 1554 autem
3329 1500 3458 1565 alia,
3507 1510 3628 1554 tan-

2041 1607 2202 1663 quam
2250 1592 2564 1648 obsoletatis
2617 1593 2916 1662 prioribus.
2981 1602 3073 1646 aut
3122 1608 3226 1646 non
3286 1593 3626 1646 obsoletatis.

2044 1683 2272 1751 Quidam
2305 1685 2397 1739 sed
2428 1684 2612 1738 volunt
2643 1687 2810 1738 Deum
2835 1684 2887 1737 in
2925 1683 3164 1737 vestibus
3201 1682 3465 1749 jactatum
3493 1697 3620 1736 esse

364 1787 520 1840 adest
563 1787 800 1854 quidem,
835 1801 938 1839 non
968 1787 1178 1839 videtur
1207 1797 1384 1839 autem
1421 1787 1542 1853 quia
1578 1794 1630 1838 et
1665 1786 1835 1839 adest.
1865 1783 1938 1837 Ita
1973 1773 2016 1831 Β
2043 1783 2098 1829 el
2124 1774 2328 1828 clarum
2362 1775 2560 1841 videri,
2607 1784 2860 1842 tanquam
2914 1789 3020 1828 non
3067 1773 3296 1828 suiliciat
3335 1774 3386 1828 ei
3432 1785 3628 1827 natura

364 1879 562 1932 iterum
595 1877 734 1931 idem
766 1877 1056 1945 Apostolus
1087 1879 1152 1932 de
1186 1878 1466 1949 unigenito
1493 1878 1628 1931 Filio
1655 1878 1730 1932 ait
1757 1901 1766 1933 :
1797 1878 1938 1944 Quia

363 1980 442 2024 est
479 1971 653 2039 imago
695 1971 974 2024 invisibilis
1004 1969 1163 2024 Dei“.
1199 1969 1254 2024 Si
1283 1971 1427 2024 enim
1469 1971 1698 2025 dixisset
1749 1971 1940 2040 imagi-

366 2078 486 2115 nem
520 2069 744 2125 tantum,
774 2077 1139 2129 quaereremus
1185 2062 1480 2116 secundum
1512 2065 1637 2132 quid
1676 2077 1817 2116 nunc
1848 2077 1940 2116 ac-

362 2152 508 2222 cepit
559 2151 985 2206 similitudinem.
1042 2153 1099 2207 Si
1152 2161 1332 2206 autem
1386 2154 1550 2207 addat
1604 2153 1937 2223 imaginem,

362 2244 657 2299 secundum
704 2243 831 2313 quid
876 2244 1084 2314 accepit
1141 2243 1597 2298 similitudinem?
1649 2243 1936 2298 manifeste

363 2333 595 2386 dicens:
646 2331 940 2387 Invisibilis
980 2343 1064 2388 est
1111 2333 1290 2399 Pater,
1338 2333 1626 2389 invisibilis
1674 2345 1728 2389 et
1771 2333 1940 2390 Filius

363 2423 562 2481 Patris.
617 2423 768 2479 Sicut
816 2426 959 2479 enim
1009 2427 1062 2480 in
1113 2425 1299 2480 Genesi
1347 2427 1606 2494 scriptum
1655 2437 1780 2479 est:
1829 2424 1941 2479 Fa-

363 2516 563 2568 ciamus
595 2515 855 2569 hominem
889 2519 956 2568 ad
998 2517 1278 2585 imaginem
1315 2527 1361 2569 et
1397 2517 1798 2570 similitudinem
1848 2533 1942 2570 no-

363 2613 529 2657 stram
553 2604 596 2668 ',
628 2615 681 2658 et
716 2607 767 2658 in
810 2606 1159 2674 sequentibus
1201 2605 1438 2660 ostendit
1479 2607 1772 2660 secundum
1814 2605 1944 2675 quid

363 2694 794 2749 similitudinem.
839 2697 929 2749 Ait
977 2696 1160 2750 enim:
1196 2694 1268 2748 Et
1300 2697 1602 2749 dominetur
1635 2714 1794 2761 supra
1834 2709 1940 2751 ter-

363 2803 478 2840 ram
520 2787 762 2842 omnibus
807 2788 1036 2853 piscibus
1087 2790 1270 2852 maris,
1301 2799 1350 2842 et
1389 2789 1682 2843 volatilibus
1715 2788 1862 2856 coeli,
1894 2798 1945 2842 et

363 2878 682 2931 animalibus
715 2890 868 2931 terra:
898 2877 961 2929 ³ο.
1012 2877 1078 2930 Ει
1116 2877 1378 2946 accipitur
1420 2877 1714 2930 secundum
1760 2877 1947 2947 imagi-

367 2985 486 3022 nem
527 2985 629 3022 non
661 2969 804 3024 aliud
831 2969 930 3023 nisi
955 2969 1044 3038 qui
1077 2986 1103 3020 a
1129 2984 1253 3034 rege
1284 2969 1392 3022 Deo
1449 2969 1699 3021 omnibus
1737 2969 1942 3022 consti-

367 3071 482 3114 tuto
518 3077 609 3114 rex
657 3061 749 3115 fiet.
801 3069 856 3112 et
905 3061 1065 3114 homo
1107 3073 1295 3112 eorum
1361 3074 1479 3128 qua:
1529 3073 1692 3127 supra
1743 3069 1942 3112 terram

365 3162 510 3205 sunt.
553 3151 618 3204 Et
657 3153 971 3205 dominante
1009 3151 1115 3203 Deo
1154 3149 1402 3205 onmibus
1437 3150 1520 3204 his
1555 3166 1674 3220 qua:
1715 3149 1844 3205 fecit
1891 3151 1944 3204 in

365 3242 507 3298 «mlo
533 3252 589 3295 et
614 3243 667 3296 in
705 3251 871 3306 terra,
899 3241 1263 3295 dominabitur
1292 3251 1347 3295 ct
1386 3241 1546 3295 homo
1582 3241 1832 3295 omnibus
1861 3243 1947 3296 his

365 3348 502 3403 quos
534 3334 857 3404 susceperit.
890 3333 1044 3387 Sicut
1090 3334 1233 3386 enim
1279 3333 1388 3388 illic
1428 3333 1724 3388 similitudo
1753 3348 1947 3388 secun-

366 3427 492 3479 dum
537 3425 828 3495 imaginem
887 3425 1130 3479 salvatur
1172 3425 1226 3478 in
1273 3423 1731 3491 dominationem;
1782 3425 1856 3479 ita
1894 3434 1948 3479 et

367 3517 488 3572 istic
531 3518 671 3587 quod
713 3517 950 3580 dicitur,
997 3517 1087 3586 qui
1127 3526 1208 3570 est
1258 3517 1432 3585 imago
1486 3516 1770 3572 invisibilis
1815 3517 1949 3586 Dei,

365 3611 654 3663 conifitetur
699 3610 826 3678 quia
873 3609 1014 3664 sicut
1061 3607 1226 3664 Pater
1280 3608 1566 3663 invisibilis
1610 3621 1723 3675 est,
1779 3611 1850 3663 ita
1894 3619 1949 3664 et

368 3701 536 3757 Filius
571 3703 688 3766 Dei,
722 3704 812 3773 qui
858 3712 942 3758 est
986 3704 1164 3772 imago
1207 3701 1383 3756 Patris
1429 3703 1734 3766 invisibilis,
1769 3704 1939 3757 habe-

369 3807 476 3848 tur.
506 3794 684 3866 Imago
713 3796 857 3848 enim
889 3796 1296 3849 similitudinem
1338 3796 1578 3850 exhibet.
1612 3796 1677 3850 Et
1711 3795 1852 3850 sicut
1881 3795 1947 3848 de

369 3886 529 3940 Patre
572 3888 771 3941 dictum
800 3898 900 3949 est,
940 3887 1049 3941 imo
1077 3889 1145 3943 ab
1175 3888 1278 3942 isto
1306 3888 1500 3944 Patre:
1535 3887 1730 3942 Catum
1763 3897 1808 3940 et
1848 3901 1947 3944 ter-

367 3995 480 4031 ram
511 3995 602 4048 ego
642 3979 828 4047 impleo
857 3979 920 4042 ¹¹,
955 3990 1008 4034 et
1041 3996 1163 4034 cum
1213 3981 1368 4034 adest
1405 3982 1655 4036 omnibus
1707 4000 1809 4037 non
1866 3984 1948 4036 vi-

366 4072 568 4123 detur:
607 4071 680 4122 ita
715 4079 768 4124 et
798 4069 865 4123 de
903 4069 1038 4123 Filio
1071 4071 1273 4124 dictum
1314 4080 1432 4125 est:
1468 4070 1536 4125 In
1575 4073 1773 4125 mundo
1813 4084 1946 4138 emt,

366 4169 417 4214 et
448 4161 669 4213 mundus
697 4177 812 4213 eum
843 4179 944 4214 non
972 4163 1210 4230 cognovit
1239 4163 1307 4216 ¹¹.
1335 4161 1403 4215 Ει
1431 4174 1579 4217 certe
1613 4164 1744 4218 dicit
1779 4164 1951 4218 Evan-

369 4251 564 4322 gelium
603 4271 617 4306 :
656 4253 780 4306 Erat
830 4253 1003 4307 lumen
1043 4269 1219 4306 rerum
1249 4254 1310 4308 ¹³.
1360 4253 1566 4308 Lumen
1627 4265 1806 4310 autem
1870 4258 1950 4310 vi—

369 4348 527 4400 detur
570 4346 909 4400 conducibile
941 4363 1062 4401 esse
1111 4351 1301 4406 oculis.
1352 4349 1607 4403 Naturale
1659 4351 1803 4403 enim
1860 4361 1946 4404 est

1973 3115 2019 3177 C

2038 1884 2134 1923 sua
2165 1885 2178 1920 :
2213 1879 2266 1921 ut
2309 1883 2451 1920 nunc
2485 1869 2699 1937 quidem
2743 1867 2862 1921 aliis
2899 1867 3140 1922 vestibus
3186 1868 3435 1933 indutus,
3471 1869 3632 1921 nobis

2041 1959 2226 2014 sedeat
2274 1959 2570 2013 secundum
2625 1956 2920 2021 Danielem,
2971 1971 3115 2012 nunc
3159 1966 3339 2011 autem
3385 1956 3508 2011 aliis
3537 1957 3628 2009 in-

2041 2048 2201 2103 dutus
2231 2049 2411 2102 veniat
2448 2051 2743 2102 secundum
2790 2048 3004 2104 Isaiam.
3045 2048 3150 2103 Sed
3188 2048 3270 2101 ba:
3313 2048 3443 2117 ipsa:
3483 2064 3634 2117 qua:-

2041 2142 2242 2196 stiones
2285 2143 2455 2212 magis
2497 2144 2650 2197 nobis
2702 2143 3128 2212 interpretantur
3178 2152 3449 2197 naturam.
3497 2141 3632 2208 Quis

2043 2233 2209 2297 enim,
2245 2233 2440 2301 inquit,
2473 2243 2546 2286 est
2578 2234 2668 2303 qui
2694 2234 2829 2288 venit
2858 2249 2924 2287 ea:
2955 2231 3148 2297 Edam,
3178 2234 3477 2304 interrogat
3509 2250 3636 2306 pro-

2041 2323 2236 2393 pheta,
2283 2325 2442 2377 rubra
2487 2327 2791 2378 vestimenta
2843 2325 3037 2379 habens
3089 2341 3155 2380 ea:
3206 2324 3486 2380 Bosar"?
3527 2327 3632 2380 lsta

2041 2417 2184 2470 enim
2223 2415 2363 2469 illius
2401 2417 2634 2470 nationis
2668 2416 2983 2486 metropolis
3022 2425 3161 2471 erat.
3193 2416 3490 2485 Respondit
3537 2432 3639 2487 per

2046 2514 2148 2568 hoc
2192 2514 2415 2582 spiritus
2465 2513 2742 2583 pr0phetze
2783 2514 2876 2582 qui
2932 2514 3367 2583 interrogaverat
3408 2532 3421 2566 :
3462 2514 3638 2582 magis

2043 2617 2225 2660 autem
2267 2606 2487 2674 spiritus
2522 2606 2661 2661 Deus
2695 2616 2922 2675 utraque
2961 2605 3091 2660 facit
3123 2621 3138 2669 ;
3174 2615 3229 2660 et
3272 2607 3633 2676 interrogavit

2046 2697 2328 2766 prOpheta,
2371 2705 2424 2749 et
2456 2696 2744 2763 respondet
2785 2706 2845 2750 ut
2886 2696 3026 2750 Deus
3072 2713 3086 2749 :
3123 2693 3257 2765 Ego,
3295 2697 3502 2765 inquit,
3540 2697 3638 2766 qui

2045 2787 2230 2857 loquor
2263 2785 2531 2856 justitiam
2567 2785 2628 2841 ⁸⁸.
2673 2786 2803 2851 Cur,
2865 2787 3073 2854 inquit,
3121 2788 3298 2840 rubrm
3353 2796 3483 2840 sunt
3530 2796 3642 2840 tua:

2048 2877 2259 2932 vestes?
2298 2877 2462 2932 Dicit:
2485 2877 2741 2932 Turcular
2773 2879 2970 2932 calcavi
2998 2878 3143 2932 solus
3169 2879 3233 2931 ¹⁰.
3277 2878 3333 2933 Si
3374 2890 3640 2948 quantum

2047 2970 2114 3022 ad
2148 2969 2347 3022 dictum
2381 2978 2619 3037 spectat,
2665 2969 2789 3037 quia
2830 2982 3111 3022 sermones
3153 2969 3310 3023 nobis
3357 2969 3642 3038 proferunt

2050 3060 2252 3115 inimici
2306 3080 2320 3114 :
2367 3060 2720 3130 inccrporalis
2756 3061 3012 3125 torcular,
3052 3061 3253 3129 inquit,
3299 3060 3546 3126 calcavi;
3590 3071 3646 3113 et

2050 3154 2193 3209 sicut
2237 3153 2528 3208 toreularia
2591 3169 2777 3223 sparsa
2825 3164 2949 3210 sunt
2999 3155 3333 3208 vestimenta
3389 3154 3543 3223 ejus,
3589 3165 3645 3206 et

2050 3245 2281 3300 rubredo
2334 3246 2613 3315 quaedam,
2655 3262 2758 3300 non
2808 3257 2986 3301 tamen
3036 3245 3260 3310 fucatio,
3302 3255 3424 3299 erat
3472 3245 3641 3297 vesti-

2051 3347 2351 3393 mentorum
2395 3339 2696 3404 naturalis,
2746 3353 2924 3407 neque
2975 3339 3066 3392 illa
3132 3353 3254 3407 quae
3292 3353 3359 3392 ex
3408 3337 3644 3392 artiﬁcio

2052 3428 2168 3483 fieri
2217 3430 2518 3484 consuevit.
2570 3430 2674 3484 Sed
2726 3431 2854 3501 quid
2912 3430 3110 3485 erant?
3154 3430 3500 3498 aspersiones
3539 3431 3643 3482 uti-

2049 3535 2172 3588 que,
2203 3523 2314 3573 uta
2349 3520 2603 3575 torculari
2641 3521 2755 3576 ﬁeri
2798 3505 2935 3576 solet
2968 3536 3356 3591 nonnunquam
3395 3513 3636 3588 vino-ja-

2051 3621 2277 3664 ctatum.
2310 3610 2447 3677 Quid
2493 3627 2622 3684 ergo
2667 3613 2718 3666 in
2763 3613 2932 3668 Edom
2980 3614 3141 3668 habet
3177 3615 3316 3667 Deus
3367 3613 3640 3668 torcular?

2051 3703 2107 3757 Si
2139 3705 2261 3773 quis
2293 3714 2471 3760 autem
2518 3707 2810 3762 calcaverit
2858 3709 3115 3774 torcular,
3148 3707 3416 3777 justitiam
3465 3709 3637 3778 loqui-

2053 3802 2156 3848 tur.
2187 3794 2244 3849 Si
2292 3805 2469 3851 autem
2510 3799 2917 3856 considerantes
2959 3801 3330 3855 invenerimus
3357 3816 3482 3869 quae
3523 3809 3637 3854 erat

2050 3887 2150 3941 ista
2184 3903 2336 3956 gens,
2365 3901 2420 3942 et
2449 3904 2553 3958 qua
2583 3890 2931 3946 damnatione
2962 3891 3192 3946 dehitris
3229 3893 3556 3958 habebatur,
3585 3904 3636 3946 et

2050 3995 2209 4048 quam
2251 3979 2542 4034 vindictam
2585 3981 2652 4036 de
2695 3982 2884 4037 eadem
2920 3984 3046 4037 fecit
3087 3981 3262 4048 Deus,
3307 3995 3363 4038 et
3401 3999 3514 4052 quo
3557 3985 3634 4037 in-

2053 4071 2656 4140 terlieiuuturjudicio:
2701 4089 3057 4146 agnoscemus
3085 4076 3208 4144 quia
3243 4079 3488 4130 torcular
3524 4092 3624 4129 non

2049 4173 2132 4219 est
2187 4164 2458 4230 torcular,
2505 4168 2598 4242 sed
2656 4167 2894 4221 vindicta
2945 4183 3042 4236 per
3112 4169 3455 4236 sanguinem.
3501 4169 3636 4223 Esau

2051 4265 2232 4309 autem
2279 4258 2348 4311 ob
2393 4258 2601 4312 ventris
2665 4259 2986 4312 edacitatem
3045 4259 3357 4314 distraheus
3414 4273 3633 4330 prOpter

2052 4355 2295 4400 ventrem
2348 4355 2556 4400 natura:
2600 4347 2903 4415 primitias;
2945 4347 3068 4414 quia
3115 4346 3261 4400 enim
3323 4347 3428 4400 hoc
3467 4349 3636 4415 ipsum

368 4437 579 4502 lumini,
607 4449 661 4491 ut
692 4454 787 4508 per
822 4453 946 4492 eum
971 4438 1220 4515 'visibilia
1261 4439 1565 4493 videantur.
1598 4439 1702 4494 Sed
1739 4443 1782 4495 si
1819 4441 1949 4495 sim—
1982 4461 2026 4515 ι)
2053 4437 2435 4492 incontinentia
2477 4448 2626 4506 erat,
2671 4454 2740 4494 ex
2780 4440 2912 4493 vitio
2957 4439 3144 4494 habuit
3183 4449 3239 4493 et
3277 4439 3636 4508 nuncupatio-

366 4531 579 4600 pliciter
616 4531 795 4586 lumen
835 4533 1094 4596 dixisset,
1138 4535 1422 4603 oportebat
1466 4550 1564 4590 nos
1611 4536 1679 4589 de
1722 4536 1824 4590 hoc
1869 4536 1943 4588 lu-

369 4621 810 4695 minqsuspicari
839 4625 1064 4689 dictmn,
1105 4635 1159 4680 et
1198 4627 1266 4682 de
1296 4629 1412 4683 istis
1446 4629 1636 4682 oculis.
1681 4629 1786 4683 Sed
1826 4629 1951 4698 quia

371 4729 476 4767 non
509 4715 828 4782 simpliciter
861 4717 993 4769 dicit
1043 4717 1220 4772 lumen
1253 4737 1265 4772 :
1301 4721 1397 4775 sed
1439 4731 1583 4787 erat,
1630 4721 1835 4792 inquit,
1868 4722 1952 4775 lu-

369 4825 484 4862 men
517 4825 692 4862 verum
719 4809 801 4861 “:
846 4809 996 4878 pellit
1028 4811 1168 4864 istud
1205 4810 1382 4866 lumen
1424 4815 1566 4881 quod
1611 4829 1795 4867 verum
1844 4829 1947 4866 non

367 4911 471 4954 est.
523 4898 652 4951 Erat
703 4899 876 4952 lumen
915 4917 1089 4954 verum
1133 4902 1340 4955 ueniens
1387 4902 1443 4954 in
1491 4901 1627 4957 hunc
1673 4905 1944 4957 mundum.

369 4990 502 5056 Quia
546 4991 689 5044 enim
726 4991 862 5044 dixit
890 4993 1124 5057 veniens,
1154 4995 1390 5062 suspicio
1420 5003 1536 5048 erat
1565 4994 1688 5062 quia
1727 4996 1947 5051 veniens

369 5081 604 5132 nondum
635 5080 948 5135 advenerat.
977 5080 1224 5136 lncidens
1268 5093 1448 5136 autem
1492 5085 1755 5139 sermonis
1795 5085 1945 5139 inﬁr-

369 5174 607 5227 mitatem
643 5174 985 5229 conﬁrmavit
1015 5176 1210 5228 mentis
1256 5175 1604 5230 intellectum.
1635 5177 1768 5243 Quia
1799 5181 1942 5232 enim

367 5263 534 5328 dixit,
587 5263 718 5317 Erat
767 5265 942 5319 lumen
997 5282 1183 5320 verum
1234 5268 1455 5320 vcuieus
1497 5268 1547 5320 in
1597 5267 1738 5321 hunc
1786 5285 1945 5321 mun-

367 5353 494 5404 dum
536 5370 551 5405 :
595 5365 652 5406 ut
695 5370 800 5407 non
849 5363 1096 5422 putares,
1142 5356 1270 5426 quia
1316 5371 1419 5410 non
1469 5357 1655 5411 aderat
1704 5374 1942 5427 prtesens

367 5453 656 5510 antequam
707 5449 949 5512 veniret,
992 5459 1051 5502 ut
1083 5449 1283 5503 dicitur
1316 5464 1345 5502 a
1391 5450 1742 5518 quibusdam,
1790 5452 1939 5506 addit

364 5533 645 5604 corrigens
690 5553 1032 5596 sermonem:
1065 5539 1132 5594 In
1177 5539 1376 5595 mundo
1413 5553 1544 5596 erat.
1581 5541 1639 5597 Si
1677 5544 1842 5612 igitur
1879 5543 1931 5598 in

440 5691 460 5720 ⁶
501 5693 516 5744 l
566 5691 672 5748 I‘iui
727 5712 795 5754 vt.
834 5697 916 5748 I6.

1005 5699 1024 5729 ⁷
1069 5699 1210 5753 IIICI‘.
1244 5716 1404 5760 xxiii,
1446 5701 1534 5754 Eli.

372 5763 411 5801 ι’
451 5760 604 5816 Joan.
634 5780 670 5828 ι,
706 5765 787 5817 Ιυ.

868 5767 908 5796 ’³
950 5767 1147 5823 ibid.9.
1228 5771 1268 5800 “
1309 5772 1438 5826 ibid.
1520 5773 1560 5802 ¹⁵
1602 5773 1735 5828 Gen.
1765 5788 1846 5840 ιιι,
1880 5777 1936 5842 ὃ.

1612 5704 1631 5732 ⁸
1672 5703 1877 5756 Coloss.
1912 5719 1951 5768 ι,

2059 4546 2201 4585 nem.
2234 4531 2301 4584 Et
2340 4541 2424 4586 est
2455 4531 2620 4584 Edom
2655 4531 2797 4600 quod
2842 4531 3228 4600 interpretatur
3269 4531 3521 4584 avaritia.
3565 4530 3638 4584 Ex

2058 4623 2163 4675 isto
2208 4621 2371 4692 igitur
2416 4622 2555 4676 Esau
2605 4621 2744 4676 facta
2803 4633 2886 4677 est
2939 4637 3067 4690 gens
3108 4623 3487 4677 ldutmeorum.
3535 4622 3640 4675 Ista

2058 4726 2222 4780 gens,
2260 4711 2382 4780 quia
2436 4721 2490 4766 et
2529 4712 2668 4766 Esau
2712 4723 2830 4766 erat
2879 4706 3045 4766 frater
3088 4711 3276 4778 Iacob,
3311 4713 3501 4782 utique
3551 4716 3642 4765 de—

2059 4804 2172 4855 buit
2209 4803 2469 4872 :equalem
2512 4803 2806 4858 fraternam
2839 4805 3126 4872 quamdam
3171 4803 3513 4858 affectionem
3544 4806 3642 4859 ba-

2057 4894 2184 4947 bere
2225 4897 2292 4948 ad
2341 4895 2614 4964 populum.
2663 4893 2764 4962 Qui
2815 4909 2938 4949 cum
2989 4912 3094 4948 non
3145 4897 3407 4962 haberet,
3459 4898 3640 4950 incre-

2056 4993 2216 5051 patur
2244 4983 2292 5036 ei
2334 4999 2362 5036 a
2397 4983 2507 5038 Deo
2536 4977 2662 5053 quia
2695 4999 2801 5038 non
2843 4986 3083 5039 servavit
3120 4997 3336 5054 pactum
3381 4985 3643 5040 fraterni-

2057 5077 2185 5129 tatis
2240 5079 2306 5130 ad
2358 5077 2638 5144 populum.
2697 5075 2836 5144 Quid
2893 5092 3024 5146 ergo
3073 5077 3453 5145 praevaricavit
3509 5091 3639 5131 con-

2054 5169 2278 5223 scientia
2312 5169 2379 5222 ad
2414 5169 2656 5234 fratrem,
2685 5180 2738 5224 et
2766 5170 2943 5224 erexit
2968 5169 3204 5239 judicem
3245 5169 3510 5223 adversus
3541 5168 3644 5222 se?

2055 5259 2322 5328 Propheta
2359 5269 2538 5314 autem
2587 5261 2885 5331 przevideus
2920 5261 3158 5316 futurum
3200 5263 3268 5316 de
3307 5262 3514 5316 eisdem
3558 5261 3642 5331 ju-

2051 5359 2250 5413 dicium
2289 5367 2345 5411 et
2384 5358 2702 5423 vindictam,
2735 5369 2792 5412 ut
2838 5359 3095 5413 Israelita:
3133 5360 3200 5413 de
3227 5357 3482 5412 Idumaeis
3528 5361 3641 5412 vin-

2047 5449 2381 5514 dicarentur,
2410 5457 2699 5517 antequam
2733 5448 2888 5504 fieret
2913 5449 3148 5504 vindicta
3178 5449 3637 5518 videtjudiciuin,

2039 5555 2098 5600 et
2135 5542 2264 5599 dicit
2305 5555 2322 5595 :
2384 5541 2518 5607 Quis
2551 5551 2625 5596 est
2681 5542 2771 5612 qui
2816 5543 2946 5597 venit
2998 5558 3062 5597 ea:
3108 5541 3331 5598 Edam?
3373 5543 3444 5598 Et
3497 5554 3637 5598 cert.-

2667 5704 2710 5734 ¹⁰
2753 5704 2881 5759 ibid.
2963 5704 3001 5735 ¹¹
3045 5703 3151 5757 Jcr.
3197 5719 3377 5765 χχιιι,
3423 5701 3519 5757 24.

2841 5776 2882 5808 ’⁸
2922 5775 3046 5831 ibid.
3086 5775 3139 5830 ὖ.
3221 5775 3262 5804 ⁸⁸
3301 5773 3437 5828 ibid.

2156 5704 2177 5734 9
2216 5703 2354 5758 Gen.
2394 5720 2448 5770 ι,
2488 5705 2578 5759 9.6.

2018 5776 2057 5805 ¹⁶
2097 5775 2199 5830 Isa.
2231 5791 2383 5844 LXIII,
2420 5779 2464 5829 ί.
2547 5779 2585 5814 ³⁷
2631 5774 2758 5832 ibid.
