3822 6218
174 321 316 375 1117

1168 315 1257 368 ne
1297 314 1761 370 InconponALt
1800 309 1889 365 ET
1929 278 2270 367 lNVlSlBlLl
2302 310 2455 366 nso.

3299 309 3436 364 1118

170 446 439 508 quantum
495 436 562 490 ad
608 449 720 490 rem
768 435 998 489 necdum
1044 434 1145 489 hoc
1185 435 1408 489 scierat.
1457 433 1513 488 Si
1573 442 1755 488 autem
1783 432 1830 491 Α
1860 447 2056 501 capere
2111 433 2297 487 volunt
2342 430 2664 499 strepitibus
2708 429 3033 497 quihusdam
3081 434 3135 480 et
3179 430 3346 490 sonis.
3382 438 3439 483 et

172 531 406 585 necdum
438 527 584 583 facto
614 526 821 594 judicio
865 537 1120 596 tanquam
1154 525 1266 594 jam
1307 525 1545 591 fecisset,
1574 533 1627 578 et
1669 538 1758 578 ve-

171 620 296 675 nire
329 620 544 675 videtur
584 634 706 673 cum
751 617 951 672 dicitur
992 631 1283 686 apparere,
1322 616 1548 669 necdum
1595 628 1760 682 appa-

170 721 281 777 ret,
316 726 422 766 non
467 709 592 779 quia
632 716 856 778 apparet
897 716 1185 775 antequam
1228 706 1409 761 veniat
1439 720 1507 759 ex
1540 704 1707 758 Edom
1738 720 1754 770 ;

169 806 291 859 viso
328 804 471 858 enim
509 816 615 855 non
647 800 859 854 videtur
886 798 977 868 qui
1024 798 1286 867 praevenit
1319 797 1616 859 visionem,
1669 810 1762 849 ne-

171 911 280 965 que
310 894 634 948 vestimenta
667 893 851 957 habet,
880 889 1064 960 qualia
1098 885 1351 959 apparuit
1380 887 1583 942 habens
1613 905 1625 941 :
1665 886 1758 940 sed

170 988 301 1057 quia
338 985 451 1039 vult
483 984 647 1039 veluti
693 984 907 1054 aspergi
952 999 1045 1038 sua
1077 981 1395 1035 vestimenta
1440 994 1468 1032 a
1503 979 1763 1047 sanguine

170 1095 358 1134 eorum
388 1080 479 1149 qui
516 1077 663 1148 digni
709 1087 835 1131 sunt
877 1084 1073 1130 morte.
1109 1073 1225 1129 Non
1274 1072 1420 1127 enim
1457 1072 1523 1125 ad
1566 1071 1760 1125 caelum

175 1168 562 1223 transmittitur
616 1166 1058 1221 interficientium
1114 1163 1374 1234 sanguis,
1415 1163 1510 1216 sed
1549 1176 1616 1215 ex
1661 1162 1764 1216 hoc

173 1258 411 1312 maxime
450 1256 761 1326 agnoscitur
793 1254 919 1323 quia
968 1249 1327 1321 incorporalis
1372 1257 1455 1303 est
1496 1246 1670 1311 Deus,
1708 1254 1765 1300 et

172 1347 516 1403 vesﬁmentis
560 1362 667 1401 non
716 1345 941 1413 indiget.
988 1342 1126 1409 Quia
1165 1355 1285 1411 quae
1333 1347 1557 1408 apparet
1601 1338 1761 1391 indu-

173 1449 286 1504 tus,
312 1437 634 1510 significatio
667 1445 752 1490 est
784 1435 952 1504 magis
984 1432 1282 1488 efﬁcientia:
1312 1446 1472 1500 quam
1504 1429 1765 1483 exhibitio

172 1540 403 1587 naturae.
443 1530 579 1583 Cum
627 1527 835 1597 judicat
864 1526 1031 1580 habet
1075 1531 1291 1587 sedem,
1331 1531 1387 1575 et
1429 1520 1518 1590 qui
1557 1519 1764 1590 judicat

172 1623 469 1689 mundum,
519 1618 670 1674 albas
713 1618 830 1686 ejus
879 1630 1000 1671 esse
1052 1627 1229 1671 veStes
1280 1612 1559 1682 Scriptura
1611 1609 1761 1665 dicit.

171 1714 307 1772 Cum
362 1721 543 1768 autem
598 1713 796 1767 iterum
844 1709 1086 1763 vindicta
1136 1707 1459 1777 completur,
1497 1717 1753 1774 tanquam

1867 524 2224 594 thymiamate
2254 524 2503 578 volantes
2531 523 2813 577 detinent:
2841 522 2914 576 ita
2945 530 2999 573 et
3036 520 3293 573 immundi
3336 521 3441 588 spi-

1863 617 2003 671 ritus
2039 617 2184 672 circa
2216 617 2492 671 immunda
2534 623 2822 685 vagantur,
2861 624 2917 668 et
2944 623 3191 684 quaerunt
3214 630 3319 668 non
3348 615 3437 669 ubi

1864 724 2032 779 purus
2068 717 2152 762 est
2198 706 2317 774 flos,
2374 709 2467 762 sed
2516 707 2604 761 ubi
2658 707 3075 768 contaminatio,
3109 705 3197 759 ubi
3244 705 3441 760 fabulae

1863 801 2181 864 mendaces,
2234 801 2328 854 ubi
2362 800 2536 870 imago
2590 799 2721 853 false
2754 800 3001 869 figurata,
3032 799 3121 851 ubi
3173 799 3438 852 sacrificia

1865 892 2154 957 malitiosa,
2200 892 2290 945 ubi
2330 892 2585 945 mulieres
2628 892 2933 960 impudicae,
2977 891 3066 943 ubi
3110 891 3209 943 viri
3261 890 3437 955 incisi,

1864 982 1953 1035 ubi
1986 982 2073 1035 dei
2106 980 2336 1035 adulteri
2372 981 2472 1050 (Ἰ),
2512 981 2602 1034 ubi
2635 981 2747 1035 deae
2790 980 3148 1042 iornicantes,
3184 980 3271 1033 ubi
3315 995 3443 1033 san-

1862 1072 1984 1142 guis
2030 1081 2082 1126 et
2100 1072 2343 1141 pollutio,
2372 1072 2460 1125 ubi
2495 1072 2659 1137 tibiae,
2693 1072 2782 1125 ubi
2814 1071 3051 1135 saltatio,
3081 1071 3169 1124 ubi
3203 1071 3438 1133 nuditas,

1863 1164 1953 1219 ubi
1985 1165 2164 1219 omnis
2198 1164 2497 1233 turpitudo.
2528 1163 2587 1217 ln
2636 1164 2937 1218 istiusmodi
2984 1164 3246 1218 immundi
3281 1165 3441 1234 spiri-

1866 1264 1950 1309 tus
1979 1256 2346 1325 requiescnnt.
2376 1255 2431 1311 Si
2465 1267 2651 1311 autem
2688 1257 2889 1311 viderit
2916 1256 3151 1326 aliquem
3183 1257 3234 1311 in
3253 1257 3439 1311 habitu

1862 1349 2059 1418 pudico
2102 1359 2159 1404 et
2198 1351 2453 1418 honesto,
2481 1351 2730 1404 indutum
2768 1364 2888 1403 esse
2922 1350 3203 1403 Dominum
3232 1347 3442 1411 Jesum,

1863 1440 2047 1493 statim
2095 1438 2259 1504 dicit;
2308 1454 2431 1507 quae
2481 1438 2617 1494 dicit
2687 1439 2987 1508 permitte:
3020 1439 3150 1508 quid
3192 1440 3345 1493 nobis
3387 1447 3443 1493 et

1867 1531 2001 1586 tibi?
2043 1530 2159 1585 Non
2201 1541 2284 1586 est
2320 1541 2506 1601 aptum
2552 1530 2731 1585 lumen
2775 1531 2860 1585 his
2889 1531 2983 1601 qui
3018 1531 3128 1586 laesi
3166 1543 3291 1586 sunt
3316 1549 3447 1587 ocu-

1864 1624 1964 1689 lis;
2014 1625 2079 1678 ad
2116 1623 2370 1678 tenebras
2399 1624 2545 1678 enim
2568 1632 2982 1687 convertentur,
3014 1624 3264 1678 tenebras
3301 1624 3444 1678 inse-

1866 1726 2121 1784 quentur,
2150 1715 2204 1768 in
2245 1714 2491 1769 tenebris
2537 1714 2910 1783 requiescunt.
2944 1714 3076 1769 Cum
3112 1725 3288 1769 autem
3332 1717 3444 1784 spi-

175 1806 486 1878 regrediens
517 1803 680 1859 rubra
723 1806 843 1876 ejus
871 1803 1004 1859 dicit
1047 1817 1166 1872 qua:
1216 1815 1321 1855 ιιοιι
1371 1808 1529 1855 erant
1561 1799 1752 1862 rubra,
1785 1779 1828 1834 Β
1861 1808 1999 1861 ritus
2025 1806 2338 1860 immundus
2364 1806 2646 1874 quaesierit
2683 1806 2737 1858 in
2773 1806 3002 1860 desertis
3033 1817 3088 1860 et
3120 1807 3286 1861 aridis
3311 1806 3443 1862 locis

171 1910 229 1954 et
257 1901 581 1955 vestimenta
622 1912 743 1968 quae
788 1913 896 1953 non
929 1903 1086 1951 erant
1118 1893 1439 1948 vestimenta
1480 1908 1493 1944 :
1532 1899 1591 1944 ut
1634 1898 1761 1944 ante

170 1993 383 2047 audiret
428 1990 653 2062 populus
697 1990 823 2061 quia
866 1988 1155 2043 vindictam
1214 1985 1366 2039 facit.
1419 1983 1531 2052 Ego
1579 1990 1759 2037 autem

173 2084 460 2138 audiebam
508 2082 831 2152 prephetam
894 2079 1159 2133 dicentem
1211 2091 1314 2130 non
1363 2074 1428 2129 de
1466 2073 1577 2128 Deo
1621 2072 1758 2136 solo,

174 2176 271 2230 sed
314 2182 369 2230 et
412 2175 478 2230 de
514 2174 816 2237 sacerdote,
862 2171 1046 2226 nescio
1093 2184 1218 2239 quo,
1251 2168 1342 2238 qui
1378 2166 1597 2220 indutus
1645 2171 1763 2219 erat

174 2270 491 2325 vestimenta
526 2268 665 2322 sicut
694 2266 966 2320 induimur
1008 2272 1064 2319 et
1100 2277 1217 2316 nos.
1250 2261 1380 2327 Quae
1421 2268 1599 2311 autem
1629 2255 1763 2309 vidit

172 2360 442 2431 propheta
478 2358 825 2420 vestimenta,
859 2364 913 2409 et
951 2367 1071 2423 qua:
1116 2348 1423 2405 immutavit
1463 2346 1761 2407 visionem,

172 2467 281 2506 non
330 2457 455 2505 sunt
502 2450 604 2504 ista
661 2447 985 2502 vestimenta
1040 2459 1161 2514 quae
1196 2457 1296 2498 nos
1354 2441 1649 2497 induimur.
1702 2436 1761 2491 Si

171 2554 352 2597 autem
398 2544 487 2611 qui
535 2539 774 2595 induitur
821 2538 923 2592 ista
977 2536 1297 2591 vestimenta
1342 2535 1504 2589 homo
1546 2530 1763 2599 conspi-

171 2636 317 2691 citur
369 2635 589 2689 indutus
643 2642 699 2688 et
762 2642 1009 2695 mutans,
1060 2638 1116 2684 et
1171 2627 1477 2697 patiebatur
1542 2626 1760 2695 quidem

171 2730 268 2788 ille
307 2728 438 2784 nihil
478 2743 666 2783 eorum
708 2742 830 2796 quae
873 2726 1009 2779 vidit
1051 2722 1345 2794 propheta,
1396 2719 1538 2775 facta
1583 2730 1761 2773 autem

172 2833 335 2886 sunt,
372 2835 491 2891 qua:
530 2818 674 2873 videt
710 2818 971 2886 propheta
1018 2813 1093 2885 (6)
1128 2834 1140 2868 :
1188 2813 1232 2868 si
1276 2812 1341 2867 de
1387 2810 1606 2865 homine
1640 2809 1762 2872 ista,

173 2922 382 2984 quanto
413 2911 584 2981 magis
622 2911 689 2966 de
746 2908 900 2963 Deo?
964 2906 1170 2962 Dicitur
1219 2906 1273 2960 in
1334 2904 1597 2958 Zacharia
1639 2917 1764 2972 pro-

174 3008 377 3076 pheta:
417 3004 656 3059 0stendit
690 3003 821 3057 mihi
866 3001 1009 3056 Deus
1053 3000 1238 3055 Jesum
1284 3013 1548 3053 summum
1586 3013 1761 3050 sacer-

173 3101 351 3153 dotem
385 3098 431 3130 ²⁰
479 3116 493 3153 :
545 3096 727 3153 Jesum
779 3097 964 3150 dicens
1026 3093 1396 3156 sacerdotem,
1449 3106 1557 3146 non
1613 3090 1759 3143 illum
1789 3126 1832 3185 ο

173 3192 413 3247 ostendit
458 3190 738 3244 Dominum
796 3188 978 3243 Jesum
1009 3187 1098 3257 qui
1136 3196 1219 3241 est
1250 3184 1490 3252 pontifex
1542 3182 1761 3252 pontifi-

175 3300 300 3338 cum
336 3292 389 3338 et
416 3282 669 3337 sacerdos
692 3281 1053 3335 sacerdotum.
1085 3277 1151 3331 Et
1178 3280 1290 3340 iste,
1325 3274 1760 3345 inquit,‘vestitus

176 3379 289 3423 erat
322 3370 626 3423 vestimenta
671 3368 922 3431 sordida,
956 3376 1003 3420 et
1042 3366 1214 3420 stabat
1257 3364 1501 3418 diabolus
1542 3381 1574 3417 a
1627 3364 1760 3416 dex-

176 3462 276 3514 tris
319 3460 433 3529 ejus
487 3461 701 3529 cupiens
738 3477 856 3515 eum
911 3475 1093 3513 nocere
1114 3459 1183 3514 “.
1235 3459 1405 3513 Erant
1452 3457 1596 3513 enim
1648 3458 1763 3525 ejus

177 3552 397 3606 sordida
439 3553 779 3608 vestimenta.
824 3552 978 3607 Sicut
1022 3552 1167 3608 enim
1204 3564 1386 3605 mures
1431 3550 1496 3603 ad
1546 3550 1761 3603 nidores

179 3654 512 3699 concurrunt
543 3662 556 3698 :
585 3644 658 3698 ita
686 3643 934 3699 diabolus
962 3652 1015 3697 et
1066 3642 1210 3697 illius
1241 3642 1513 3697 exercitus
1558 3642 1648 3695 illo
1674 3642 1764 3695 de-

182 3736 414 3791 lectatur
438 3738 650 3791 nidore.
684 3734 750 3791 Et
780 3736 882 3791 hoc
906 3736 1049 3806 quod
1080 3744 1199 3790 erat
1238 3729 1435 3791 lectum
1475 3744 1560 3789 est
1586 3753 1599 3787 :
1629 3734 1760 3788 Cum

176 3829 397 3897 spiritus
432 3844 655 3898 nequam
709 3828 896 3882 exierit
941 3828 1005 3881 ab
1045 3827 1274 3894 homine,
1307 3827 1492 3880 circuit
1532 3827 1760 3879 desertos

178 3916 344 3983 locos,
366 3928 413 3971 et
439 3919 626 3989 quierit
669 3918 977 3988 requiem”.
1014 3917 1172 3971 Sicut
1198 3926 1254 3972 et
1288 3931 1452 3970 canes
1501 3915 1761 3984 coquina-

181 4027 302 4067 rum
330 4012 610 4082 requirunt
646 4010 736 4066 ubi
779 4010 1021 4081 sanguis,
1050 4010 1138 4064 ubi
1183 4021 1421 4074 stercus,
1450 4009 1539 4064 ubi
1584 4009 1762 4062 inlota:

181 4104 497 4171 interaneze,
533 4113 587 4157 et
635 4103 745 4158 illic
792 4112 1142 4158 concurrunt.
1189 4103 1255 4157 Et
1300 4104 1441 4157 sicut
1477 4103 1569 4172 qui
1628 4101 1759 4157 foris

181 4205 425 4259 currunt,
482 4195 833 4250 adinveniunt
872 4196 1015 4264 quod
1068 4203 1221 4264 turpe
1253 4205 1338 4249 est
1384 4194 1629 4258 verbum,
1669 4195 1760 4260 qui

180 4297 335 4343 actus
384 4286 603 4351 fmdos;
658 4286 733 4340 ita
780 4301 903 4341 cum
952 4285 1173 4355 spiritus
1216 4285 1526 4339 immundus
1568 4285 1761 4339 exierit

180 4379 249 4432 ab
278 4378 518 4441 homine,
551 4377 744 4432 circuit
789 4378 999 4431 deserta
1055 4385 1110 4429 et
1157 4375 1306 4429 arida
1350 4375 1467 4429 loca
1510 4389 1760 4445 quaerens

1864 1898 2102 1966 requiem
2133 1906 2187 1952 et
2218 1912 2322 1952 non
2349 1897 2636 1962 invenerit,
2672 1899 2878 1952 exierat
2900 1898 3044 1953 enim
3072 1900 3140 1951 ab
3179 1900 3393 1954 homine
3427 1916 3442 1953 :

1862 1988 2116 2053 Redeam,
2146 1989 2346 2059 inquit,
2372 1991 2439 2042 ad
2482 1990 2691 2043 domum
2724 2006 2891 2043 meum
2918 1991 3054 2044 unde
3078 1992 3213 2046 exivi
3234 1992 3299 2045 ”.
3336 1991 3444 2046 Do-

1863 2096 2009 2136 mum
2066 2095 2219 2135 suam
2282 2090 2441 2135 vocat
2484 2080 2749 2150 eum,qui
2786 2081 3021 2135 voluerit
3080 2084 3272 2136 domus
3325 2096 3447 2139 esse

1861 2172 2000 2243 ejus.
2040 2170 2098 2227 Si
2134 2178 2319 2226 autem’
2350 2171 2591 2236 redierit,
2624 2171 2819 2240 inquit,
2847 2171 3071 2238 spiritus
3106 2172 3438 2235 immundus,

1862 2273 1917 2319 et
1955 2263 2219 2318 invenerit
2274 2263 2548 2317 hominem
2612 2263 2761 2317 illum
2822 2274 3069 2333 paratum
3122 2264 3271 2318 sibi:
3315 2266 3444 2334 quia

1862 2357 2004 2409 enim
2041 2357 2174 2410 vidit
2211 2358 2447 2427 spatium
2501 2356 2554 2409 in
2614 2356 2779 2421 malo,
2825 2370 2931 2408 non
2983 2356 3098 2409 vult
3147 2355 3259 2424 jam
3298 2356 3447 2411 solus

1863 2449 2132 2515 habitare,
2163 2451 2256 2504 sed
2284 2450 2433 2524 vadit
2465 2458 2519 2503 et
2547 2448 2780 2503 assumit
2807 2448 2945 2504 alios
2971 2458 3181 2519 septem
3220 2449 3447 2520 spiritus

1863 2541 1966 2597 sibi
2013 2541 2326 2610 nequiores,
2363 2555 2417 2596 et
2468 2540 2685 2610 octuplo
2735 2550 2999 2611 quantum
3039 2540 3106 2594 ad
3156 2554 3444 2594 numerum

1862 2632 1989 2703 quia
2022 2632 2235 2702 pejores
2268 2633 2519 2687 assumit.
2556 2632 2673 2687 Non
2706 2635 2850 2687 enim
2879 2643 3143 2700 quantum
3187 2646 3448 2686 numerus

1864 2725 2210 2795 multiplicat,
2243 2733 2450 2779 tantum
2484 2725 2659 2781 solum
2692 2734 2746 2781 et
2776 2726 2980 2780 malitia
3017 2725 3183 2781 addit.
3217 2723 3291 2778 lta
3322 2738 3445 2778 cum

1865 2822 2094 2889 creperit
2118 2820 2241 2889 quis
2267 2820 2471 2875 moveri
2505 2821 2572 2875 ad
2608 2836 2829 2875 cursum
2864 2821 3089 2884 malum,
3120 2829 3214 2873 aut
3239 2820 3306 2873 ad
3330 2828 3447 2874 tur:

1865 2925 1987 2981 pem
2017 2910 2284 2980 loquelam
2315 2925 2470 2964 suam
2498 2910 2773 2978 paraverit
2799 2911 3072 2979 linguam;
3107 2910 3313 2965 invenit
3335 2910 3444 2977 spi-

1868 3003 2006 3057 ritus
2033 3003 2347 3056 immundus
2373 3013 2786 3071 operamentum
2814 3000 2924 3069 jam
2971 3002 3265 3071 incipiente
3298 3002 3439 3056 mala

1867 3095 1935 3148 ab
1970 3093 2215 3159 homine,
2268 3102 2322 3146 et
2368 3093 2614 3164 suggerit
2658 3092 2862 3161 pejora,
2902 3101 2958 3146 et
2992 3091 3157 3147 eliicit
3193 3092 3293 3147 ista
3321 3107 3444 3161 qu:e

1866 3195 1923 3240 et
1952 3185 2171 3255 videtis.
2208 3184 2326 3240 Non
2360 3185 2503 3238 enim
2537 3192 2622 3239 est
2651 3183 2796 3253 quod
2842 3183 3039 3238 videtis
3080 3192 3313 3247 tantum,
3350 3183 3446 3237 sed

1866 3277 2240 3346 unusquisque
2287 3290 2478 3328 eorum
2510 3284 2716 3344 septem
2752 3284 2807 3327 et
2836 3274 3019 3344 plures
3059 3284 3204 3329 sunt.
3236 3272 3369 3326 Nam
3396 3282 3449 3325 et

1867 3369 2049 3437 plures
2098 3367 2302 3422 habent
2332 3367 2623 3421 daemones.
2665 3366 2723 3419 Si
2749 3368 2876 3436 quis
2922 3375 3101 3419 autem
3141 3365 3441 3419 recedenti-

1865 3461 1965 3516 bus
1992 3460 2350 3520 da‘monibus,
2386 3460 2528 3512 sicut
2578 3457 2841 3512 ebrietate
2873 3458 3178 3519 recedente,
3210 3457 3443 3510 voluerit

1871 3554 2237 3623 interrogare.
2279 3554 2323 3607 si
2366 3563 2545 3606 tamen
2579 3562 2633 3605 et
2669 3551 2957 3620 agnoverit
2986 3548 3216 3617 aliquem
3253 3562 3443 3601 eormn

1866 3644 1958 3713 qui
1998 3658 2144 3698 nunc
2174 3642 2485 3712 gloriantur
2514 3643 2565 3695 in
2601 3639 3028 3709 turpitudinibus
3060 3638 3197 3701 suis,
3231 3637 3345 3705 ipse
3371 3638 3446 3690 sit

1863 3737 1951 3804 qui
1996 3734 2229 3789 faciebat
2260 3736 2396 3796 haec.
2441 3744 2533 3787 aut
2576 3731 2723 3796 fecit,
2769 3739 2863 3783 aut
2899 3729 3109 3783 locutus
3140 3737 3264 3793 est;
3319 3741 3446 3781 vere

1863 3828 2094 3884 efﬁcitur
2141 3828 2271 3882 illud
2323 3827 2677 3897 apostolicum
2729 3824 2930 3878 dictum
2966 3837 2979 3874 :
3010 3822 3163 3886 Quod
3215 3821 3446 3890 fructum

1869 3921 2139 3975 habebatis
2170 3930 2317 3984 tunc,
2347 3920 2399 3971 in
2423 3919 2611 3988 quibus
2637 3932 2772 3969 nunc
2798 3912 3284 3983 confundimini"?
3323 3910 3447 3966 Sic-

1864 4022 1921 4066 ut
1961 4013 2105 4065 enim
2172 4025 2313 4065 nunc
2362 4011 2607 4064 videmus
2668 4008 2975 4061 immundos
3023 4006 3248 4076 spiritus
3301 4005 3447 4058 acci-

1865 4105 2074 4174 pientes
2111 4102 2477 4162 occasionem,
2527 4100 2777 4169 persequi
2809 4115 2870 4153 ea
2916 4113 3035 4167 qua:
3080 4097 3277 4151 similia
3315 4105 3445 4151 sunt

1864 4198 1964 4251 sibi
1995 4197 2109 4251 :ita
2155 4203 2210 4249 et
2270 4203 2399 4247 tunc
2449 4194 2573 4261 quia
2625 4192 2844 4245 sordida
2918 4199 3075 4244 erant
3123 4189 3449 4244 veSIimenta

1864 4288 2167 4343 sacerdotis
2206 4287 2325 4356 ejus
2376 4285 2467 4353 qui
2520 4283 2700 4339 fuerat
2757 4285 2925 4345 visus,
2968 4284 3147 4337 stabat
3205 4281 3450 4335 diabolus

1864 4381 1931 4433 ad
1992 4380 2271 4433 dexteram
2340 4376 2455 4444 ejus
2514 4375 2736 4444 cupiens
2805 4389 2928 4428 eum
2993 4388 3185 4426 nocere
3232 4381 3451 4439 propter

181 4474 449 4538 requiem,
498 4470 624 4539 quia
673 4484 780 4523 non
824 4468 1121 4523 delectatur
1168 4482 1379 4537 pacem,
1431 4482 1605 4537 neque
1649 4467 1755 4522 vult

1867 4472 2082 4527 sordida
2124 4471 2475 4526 vestimenta.
2528 4468 2719 4522 Stabat
2774 4477 2954 4520 autem
2988 4476 3041 4517 et
3073 4462 3297 4532 angelus
3331 4460 3444 4514 Dei.

182 4562 511 4626 habitacula,
534 4565 628 4619 sed
658 4564 871 4616 deserta
904 4561 1122 4630 quaerit,
1152 4572 1245 4615 aut
1286 4569 1484 4615 terram
1517 4569 1609 4614 aut
1638 4561 1757 4613 ani-

184 4669 330 4707 mam
356 4654 569 4723 quaerit.
608 4652 718 4709 Nec
742 4653 829 4706 uhi
851 4667 1042 4706 aurum
1076 4652 1232 4707 malis
1276 4653 1481 4708 artibus
1515 4667 1757 4708 comma-

180 4745 463 4799 chinatum
504 4756 589 4799 est
626 4746 679 4798 in
724 4746 1031 4801 simulacris
1059 4745 1279 4813 quaerit,
1308 4759 1408 4799 nec
1433 4745 1522 4799 ubi
1568 4760 1760 4814 argen-

183 4845 296 4889 tum
343 4836 485 4890 male
529 4824 828 4890 conﬂatuni
873 4845 955 4890 est
983 4843 1040 4888 ut
1085 4835 1424 4889 adoraretur.
1463 4836 1647 4892 Sicubi
1689 4836 1756 4889 li-

179 4941 346 4994 gnum
383 4942 472 4980 ars
502 4936 595 4981 aut
622 4925 817 4981 idolum
852 4926 1093 4997 sculpsit,
1144 4928 1315 4983 sicubi
1350 4927 1580 4997 lapidem
1636 4944 1754 4983 ere-

178 5028 382 5073 xerunt
412 5034 603 5074 manus
637 5020 703 5073 ad
736 5018 1060 5087 colendum;
1117 5019 1251 5074 tales
1299 5022 1493 5091 quaerit
1536 5024 1750 5093 requies

182 5113 408 5178 spiritus
452 5113 779 5166 immundus.
832 5110 1015 5166 Sicubi
1068 5113 1308 5183 sanguis,
1342 5113 1518 5168 sicubi
1570 5116 1752 5182 nidor,

183 5202 363 5265 sicubi
398 5205 749 5267 seducantur,
787 5202 960 5259 sicubi
988 5202 1223 5264 theatra,
1258 5203 1435 5258 sicubi
1469 5204 1597 5257 nudi
1628 5220 1758 5259 cur-

215 5306 393 5359 entes,
426 5295 596 5350 sicubi
632 5297 803 5365 turpia
832 5295 1140 5363 loquentes,
1190 5303 1249 5348 et
1280 5295 1519 5363 turpiora
1564 5298 1761 5352 admit-

201 5424 209 5431 ι
244 5397 386 5456 ntes,
428 5400 482 5443 et
521 5389 661 5444 sicut
704 5391 882 5458 apium
925 5390 1212 5458 progenies
1261 5390 1758 5459 acerrimiquidam

253 5573 301 5605 ’°
338 5572 503 5632 Zach.
540 5590 621 5641 ιιι,
653 5577 705 5630 1.
780 5575 823 5607 ³³
865 5575 993 5631 ibid.
1029 5576 1080 5631 8.
1192 5577 1236 5607 "
1262 5575 1449 5632 Matth.
1474 5591 1569 5641 xu,
1603 5576 1690 5632 45.

216 5691 337 5815 Ι(ῗέ
394 5691 492 5748 Ms.
548 5692 709 5747 Facta
755 5704 927 5748 autem
974 5704 1093 5759 sunt
1143 5695 1243 5749 ista
1279 5710 1395 5765 qua?
1430 5693 1588 5758 vides,
1641 5711 1759 5764 pro-

233 5784 277 5815 ιτ
306 5783 359 5815 ιι.

181 5776 359 5819 Ditem.

1790 5580 1836 5612 “
1859 5578 1987 5636 ibid.
2017 5576 2107 5631 44.

1867 4560 1937 4613 Et
1974 4561 2122 4624 dicit,
2169 4558 2365 4627 inquit,
2411 4556 2629 4626 angelus
2675 4554 2766 4608 Dei
2807 4551 3317 4619 diabolo:lncrepet
3355 4549 3447 4603 tibi

1866 4652 2148 4707 Dominus.
2200 4649 2340 4714 Hoc,
2391 4649 2586 4717 inquit,
2621 4648 2861 4700 relictum
2906 4655 2979 4697 est
3019 4646 3083 4697 ab
3123 4645 3259 4712 igne,
3284 4652 3331 4695 et
3372 4642 3447 4696 vis

1866 4762 1985 4798 eum
2028 4741 2427 4797 comburere"?
2475 4741 2541 4793 Et
2584 4750 2707 4809 post
2762 4738 2866 4791 hoc
2924 4736 3180 4806 praecepit
3226 4732 3449 4804 angelus

1866 4835 2067 4890 auferri
2105 4849 2133 4887 a
2183 4834 2470 4888 sacerdote
2509 4830 2724 4885 sordida
2769 4829 3108 4890 vestimenta,
3158 4837 3209 4879 et
3257 4826 3442 4880 vestiri

1866 4944 1989 4984 eum
2029 4927 2251 4981 munda.
2280 4926 2348 4980 Et
2374 4925 2628 4979 sacerdos
2649 4923 2866 4993 quidem
2897 4922 2986 4989 qui
3023 4920 3302 4973 videbatur
3335 4933 3438 4971 non

1873 5019 2100 5084 aderat;
2140 5018 2234 5073 sed
2275 5018 2571 5072 constituto
2615 5030 2680 5069 eo
2721 5013 2870 5078 alibi,
2919 5013 3201 5066 videbatur
3245 5026 3272 5062 a
3324 5024 3445 5077 pro-

1869 5114 2053 5182 pheta,
2084 5120 2139 5166 et
2161 5111 2381 5167 sordida
2412 5092 2640 5164 vestitus
2665 5118 2784 5161 erat
2819 5105 3162 5168 vestimenta,
3186 5103 3275 5157 illo
3306 5102 3446 5154 forte

1867 5203 2101 5259 candida
2138 5203 2359 5257 vestito.
2416 5200 2481 5255 Et
2529 5200 2725 5255 iterum
2776 5200 3095 5253 immutatur
3127 5196 3245 5262 ejus
3280 5188 3445 5247 vestis

1866 5299 1958 5369 qui
2003 5297 2287 5352 videbatur
2331 5312 2359 5349 a
2407 5297 2693 5365 propheta,
2723 5304 2777 5348 et
2818 5294 2904 5346 ille
2954 5308 3059 5346 non
3094 5288 3318 5344 mutavit
3352 5284 3443 5355 qui

1869 5410 1975 5447 non
2013 5402 2132 5446 erat
2162 5394 2213 5444 in
2248 5390 2474 5444 visione.
2511 5390 2576 5443 Et
2607 5389 2857 5459 provenit
2893 5398 3151 5459 quantum
3189 5388 3253 5439 ad
3284 5385 3444 5438 visio-

2208 5575 2254 5608 "
2292 5577 2445 5630 Rern.
2476 5564 2685 5638 vt,?.l.'
2740 5573 2784 5603 ”
2818 5571 2979 5628 Zacb.
3019 5587 3099 5637 Ill,
3122 5569 3159 5623 9.

1940 5696 2015 5767 (7)
2049 5693 2144 5750 Ms.
2176 5691 2279 5748 Ubi
2314 5694 2396 5746 dei
2425 5691 2802 5749 adulterantes.
