3822 6218
352 287 490 344 “f9

1029 283 1293 339 EUSEDll
1333 279 1813 338 CESARIENSIS
1850 277 2006 334 OPP.
2044 275 2224 332 PARS
2262 275 2352 332 IV.
2391 305 2464 318 —
2497 270 2918 330 DOGMATICA.

3467 267 3612 320 ηξο

355 420 502 469 nem,
544 401 818 472 duplicem
855 415 977 457 esse
1016 405 1352 458 sacerdotem
1395 401 1579 456 istum.
1617 400 1745 454 Erat
1781 399 1926 455 enim
1959 403 2004 456 Δ
2033 396 2250 452 videbat
2291 395 2432 451 Deus
2495 393 2712 448 athleta!
2753 403 3028 446 coronam.
3081 386 3223 457 Ergo
3276 400 3403 443 cum
3453 384 3611 439 Scri-

351 507 403 548 et
433 495 592 548 homo
639 493 704 547 ad
747 493 1096 562 semetipsum
1137 491 1247 556 ille,
1278 503 1333 546 et
1364 491 1550 560 utique
1581 506 1681 545 nec
1709 484 1923 544 sordida

356 587 588 640 habebat
613 585 956 650 vestimenta,
990 599 1166 654 neque
1199 584 1508 639 immutavit
1540 598 1664 638 cum
1706 583 1812 638 isto
1834 582 1924 651 qui

357 678 407 728 iu
439 675 649 729 visione
679 684 797 728 erat
836 673 1001 728 visus.
1040 674 1248 744 Agente
1295 685 1473 729 autem
1511 689 1577 728 eo
1603 683 1656 728 et
1676 673 1846 736 salvo,
1872 681 1926 727 et

356 775 550 832 agente
601 765 652 818 in
692 764 775 818 his
813 764 947 818 locis
989 765 1042 820 in
1080 765 1276 834 quibus
1317 773 1436 819 erat
1469 764 1749 833 propheta,
1792 763 1928 818 vidit

354 873 503 920 eum,
537 872 641 916 non
684 857 857 925 ipsum
891 857 1056 920 videt,
1091 866 1144 912 et
1173 872 1294 911 eum
1329 867 1647 924 praesentem
1677 857 1927 910 vestitum

358 946 574 1000 sordida
599 947 943 1013 vestimenta,
973 963 1091 1016 quze
1124 962 1228 1002 non
1259 947 1490 1001 habebat
1522 946 1628 1013 ille,
1655 962 1752 1001 nec
1785 947 1928 1001 enim

359 1045 516 1090 erant
547 1038 872 1093 vestimenta
921 1039 1013 1093 sed
1061 1046 1305 1107 peccata.
1341 1037 1666 1094 Vestimenta
1713 1041 1930 1110 quidem

360 1135 547 1194 utpote
591 1127 824 1181 hominis
865 1137 1022 1182 erant
1076 1128 1302 1182 candida
1358 1146 1371 1182 :
1410 1130 1498 1182 ubi
1553 1139 1731 1184 autem
1766 1130 1932 1184 vesti-

364 1229 545 1271 menta
581 1233 684 1271 non
705 1227 883 1282 erant,
906 1217 1229 1272 vestimenta
1263 1227 1483 1287 peccata
1511 1232 1666 1273 erant
1693 1220 1932 1276 sordida.

363 1309 496 1374 Quia
531 1309 673 1361 enim
709 1321 934 1376 peccata
967 1319 1144 1376 erant,
1182 1311 1397 1364 sordida
1431 1312 1755 1366 vestimenta
1781 1313 1934 1368 dicit.

363 1399 497 1468 Quia
529 1410 707 1456 autem
741 1403 976 1470 peccatis
997 1402 1299 1457 delectatur
1329 1403 1594 1466 diabolus,
1627 1405 1817 1458 adorat
1843 1421 1938 1475 per

363 1490 625 1546 visionem
656 1508 670 1542 :
701 1491 788 1544 ubi
820 1491 964 1546 enim
993 1501 1112 1545 erat
1141 1493 1317 1558 nidor,
1359 1493 1465 1548 illic
1492 1495 1706 1550 sordida
1728 1496 1938 1550 anima-

367 1577 437 1634 lia
469 1597 484 1636 :
513 1581 601 1634 ubi
639 1590 936 1650 peccatum,
987 1581 1094 1636 illic
1133 1583 1454 1637 adinventor
1495 1584 1562 1638 ab
1617 1585 1770 1641 initio
1812 1601 1939 1653 pec-

367 1671 496 1726 cati.
524 1671 789 1742 ,Objurgat
829 1672 995 1740 igitur
1028 1674 1250 1743 angelus
1282 1686 1605 1744 praesentem
1637 1676 1937 1740 diabolum,

2031 500 2193 562 ptura
2244 488 2446 557 aliquid
2498 493 2718 557 propter
2771 499 2870 540 nos
2915 481 3170 551 loquitur,
3215 495 3322 534 non
3365 489 3611 534 nostram

2029 581 2402 638 infirmitatem
2427 579 2537 635 Deo
2570 577 2694 633 forti
2727 576 3082 648 applicemus.
3119 571 3176 626 Si
3200 572 3343 627 enim
3395 570 3448 624 in
3491 584 3616 624 cor-

2018 689 2166 746 pore
2193 683 2246 728 et
2279 673 2332 727 in
2369 686 2536 727 carne
2581 679 2727 725 totus
2773 675 3074 724 conventus
3109 668 3415 726 daemonum
3463 662 3612 732 legio

2032 765 2087 820 in
2145 765 2438 835 Evangelio
2484 764 2662 818 dictus
2700 772 2784 817 est
2803 762 2872 825 ⁸⁸,
2920 770 2976 814 et
3020 774 3126 815 non
3177 757 3440 814 sustinuit
3488 755 3615 810 Filii

2030 859 2124 914 Dei
2173 857 2551 928 praesentiam;
2589 845 2712 908 nam
2742 863 2798 909 et
2825 851 3072 908 diabolus
3118 851 3235 922 ipse
3272 850 3327 905 in
3354 863 3609 918 corpore,

2031 959 2228 1020 agente
2270 947 2408 1002 Filio
2443 947 2536 1003 Dei
2579 963 2681 1001 non
2727 945 2826 1000 fuit
2875 960 3039 1000 ausus
3070 944 3332 998 accedere
3361 941 3606 1011 quandiu

2034 1041 2285 1102 esuriret,
2324 1049 2378 1092 et
2413 1039 2732 1092 immitteret
2769 1036 2818 1091 ei
2844 1035 3099 1104 laqueum
3142 1049 3238 1103 per
3289 1031 3554 1101 ejusmodi
3587 1047 3606 1086 τ

2036 1132 2490 1203 quemadmodum
2548 1143 2839 1198 possumus
2883 1127 2992 1196 pati
3040 1137 3097 1180 et
3135 1125 3318 1179 dicere
3339 1123 3465 1194 quia
3499 1123 3619 1176 dia-

2037 1225 2191 1279 bolus
2226 1224 2333 1278 Deo
2375 1238 2440 1277 ex
2478 1222 2789 1290 aequalitate
2841 1220 3054 1274 locutus
3087 1218 3208 1272 est?
3243 1218 3342 1272 Cui
3369 1225 3426 1270 et
3453 1228 3620 1283 ange-

2038 1316 2120 1372 lus
2165 1316 2256 1370 Dei
2298 1311 2427 1368 dicit
2460 1313 2738 1383 :lncrepet
2788 1313 2881 1366 tibi
2933 1311 3070 1364 Deus
3089 1311 3156 1364 ”.
3198 1309 3264 1364 Et
3310 1308 3436 1378 quid
3484 1308 3613 1360 dico

2039 1406 2260 1477 angelus
2296 1405 2428 1459 Dei?
2473 1403 2732 1459 Vermes:
2765 1403 2856 1474 qui
2902 1417 3001 1456 nec
3047 1400 3248 1456 vermis
3291 1398 3609 1468 accepimus

2041 1500 2293 1554 virtutem
2332 1498 2384 1551 in
2416 1498 2633 1551 nomine
2659 1497 2861 1562 crucis,
2896 1504 2953 1549 ut
2987 1495 3315 1564 imperemus
3351 1492 3620 1546 daemoni-

2041 1591 2142 1646 bus
2173 1599 2228 1644 et
2251 1589 2485 1654 diabolo,
2520 1603 2722 1657 eosque
2765 1587 3031 1656 fugamus.
3082 1585 3137 1639 Si
3185 1584 3346 1653 igitur
3383 1592 3486 1637 nos
3528 1581 3624 1636 in—

2043 1697 2352 1749 crepamus,
2382 1682 2520 1734 Dens
2547 1681 2613 1734 ad
2645 1679 3056 1735 collocationem
3100 1677 3267 1730 venit.
3299 1674 3364 1728 Et
3386 1683 3539 1729 certe
3574 1672 3623 1727 si

367 1773 418 1816 et
443 1764 691 1833 praecipit
722 1779 933 1818 mutare
959 1767 1278 1820 vestimenta
1303 1767 1622 1832 sacerdotis,
1652 1777 1706 1822 et
1739 1769 1940 1823 auferri
1975 1743 2014 1797 Β
2047 1784 2371 1843 iit-ceperunt
2399 1780 2722 1842 potestatem
2772 1769 3021 1824 homines
3051 1766 3263 1820 Domini
3293 1764 3508 1820 calcare
3540 1763 3628 1818 Vi-

369 1857 439 1909 ab
466 1871 530 1910 eo
560 1858 801 1920 sordida,
839 1860 1026 1914 vestiri
1063 1869 1238 1913 autem
1283 1875 1403 1914 eum
1446 1861 1666 1925 munda,
1696 1868 1749 1916 et
1775 1861 1942 1914 inter-

369 1957 614 2014 pretatur
644 1949 1010 2015 eﬂicientiam,
1043 1963 1096 2006 et
1128 1952 1257 2006 dicit
1289 1974 1302 2009 :
1333 1951 1486 2016 Ecce,
1527 1953 1719 2022 inquit,
1749 1952 1945 2008 abstuli

367 2055 400 2091 α
436 2047 484 2093 le
520 2051 732 2107 peccata
783 2049 876 2095 tua
896 2041 963 2098 ".
1002 2043 1058 2097 Si
1096 2043 1212 2096 istae
1259 2044 1401 2097 circa
1455 2044 1724 2098 hominem
1769 2055 1944 2100 vestes

372 2143 475 2184 non
505 2141 661 2183 erant
695 2138 895 2197 vestes,
923 2133 1016 2186 sed
1048 2134 1206 2187 modo
1228 2134 1443 2203 quidem
1485 2145 1831 2203 peccatorum
1862 2135 1946 2188 in-

369 2221 564 2290 signia,
606 2225 764 2277 modo
795 2233 974 2277 autem
1018 2224 1309 2292 puritatis:
1339 2239 1510 2294 quare
1549 2242 1610 2280 ea
1650 2241 1769 2296 qua:
1798 2227 1943 2281 circa

373 2313 642 2368 hominem
684 2328 810 2370 sunt
863 2317 1136 2385 descripta
1179 2317 1503 2372 vestimenta
1560 2335 1662 2372 non
1711 2320 1946 2389 suscipi-

371 2421 510 2467 mus,
548 2409 676 2476 quia
710 2409 853 2462 circa
889 2411 1163 2465 hominem
1197 2410 1410 2464 fuerant
1453 2427 1572 2480 quae
1606 2424 1658 2466 et
1690 2412 1944 2478 vestitur;

371 2513 492 2565 quae
520 2509 697 2552 autem
747 2500 894 2554 circa
939 2499 1106 2554 Deum
1143 2503 1397 2554 dicuntur
1429 2502 1780 2564 vestimenta,
1816 2516 1948 2556 con-

375 2590 646 2645 tendimus
667 2584 788 2647 esse
813 2593 1165 2646 vestimenta?
1191 2592 1371 2646 Multis
1400 2593 1612 2648 demtdo
1645 2594 1797 2648 vobis
1825 2609 1945 2648 om-

372 2695 495 2734 nem
534 2692 743 2750 partem
794 2683 948 2737 istam
999 2681 1315 2752 Scripturaa.
1359 2683 1470 2738 Nec
1499 2682 1654 2738 Jesus
1692 2685 1947 2740 sacerdos

373 2770 464 2835 ille
493 2772 680 2828 aderat
702 2774 832 2840 illic,
872 2791 977 2830 non
1010 2776 1154 2830 enim
1188 2778 1375 2830 aderat
1403 2794 1416 2830 :
1446 2779 1538 2832 sed
1571 2792 1670 2832 nec
1700 2777 1948 2833 diabolus

374 2865 581 2932 aderat,
617 2882 792 2937 neque
819 2868 1044 2938 angelus
1066 2870 1278 2934 aderat,
1303 2871 1396 2924 sed
1433 2880 1604 2923 totum
1637 2879 1756 2924 erat
1788 2869 1944 2924 visio.

375 2957 441 3012 Et
463 2960 717 3014 sacerdos
746 2961 964 3029 quidem
1001 2972 1219 3031 propter
1252 2973 1537 3031 peccatum
1579 2972 1805 3030 apparet
1831 2977 1946 3016 sor-

375 3049 516 3105 didis
549 3053 883 3108 vestimentis
928 3055 1293 3122 indutos;qui
1349 3069 1451 3108 non
1503 3063 1556 3108 et
1608 3055 1815 3116 aderat,
1848 3068 1948 3108 nec

374 3152 494 3195 erat
519 3145 746 3198 vestitus
776 3146 990 3200 sordida
1032 3147 1378 3200 vestimenta.
1415 3146 1478 3199 Et
1507 3145 1752 3199 diabolus
1782 3145 1945 3200 veluti

376 3236 612 3297 videtur,
643 3237 769 3306 quia
813 3238 933 3292 istis
979 3239 1175 3292 talibus
1203 3239 1421 3309 gaudet,
1458 3248 1513 3291 et
1544 3239 1610 3291 ad
1649 3239 1780 3292 istos
1815 3237 1949 3292 tales

376 3326 639 3396 exsurgit.
675 3327 744 3382 Et
765 3328 986 3398 angelus
1019 3329 1179 3383 veluti
1232 3329 1379 3384 visus
1411 3339 1512 3394 est,
1547 3338 1607 3381 ut
1634 3329 1950 3384 ostendere-

377 3429 468 3472 tur
520 3421 645 3488 quia
691 3436 786 3489 per
827 3422 1049 3490 angelos
1091 3421 1254 3491 justis
1313 3422 1548 3476 ellicitur
1597 3420 1948 3489 adiutorium,

378 3513 550 3580 magis
596 3525 774 3566 autem
819 3529 914 3581 pro
952 3515 1326 3580 peccatoribus
1377 3514 1769 3584 pcenitentibus
1816 3529 1952 3584 gau-

380 3604 550 3658 dium.
607 3602 714 3658 Nec
759 3605 903 3658 enim
953 3605 1080 3658 illud
1132 3615 1379 3673 putemus
1403 3607 1545 3660 sicut
1581 3618 1634 3661 et
1679 3616 1952 3674 putamus,

378 3693 501 3761 quia
533 3705 586 3747 et
615 3695 664 3748 iu
688 3694 786 3749 .lob
816 3696 952 3750 libro
979 3696 1222 3751 diabolus
1247 3697 1432 3751 aderat
1452 3707 1576 3751 ante
1604 3708 1952 3766 conspectum

381 3786 507 3849 Dei,
555 3795 609 3838 et
660 3785 854 3838 locutio
909 3795 1028 3841 erat
1096 3787 1186 3842 Dei
1247 3804 1368 3841 cum
1411 3788 1622 3842 diabolo
1661 3805 1725 3844 ex
1777 3803 1955 3858 acqua-

379 3875 610 3930 litate".
666 3877 734 3932 Et
779 3879 913 3932 dixit
955 3881 1232 3944 Dominus,
1279 3889 1334 3934 et
1386 3881 1522 3935 dixit
1579 3880 1862 3946 diabolus,
1901 3891 1954 3934 et

382 3966 732 4036 interrogavit
801 3968 1054 4024 Dominus
1135 3971 1445 4037 diabolum,
1516 3971 1651 4025 unde
1712 3973 1948 4027 venisti?

381 4055 488 4110 Sed
533 4057 643 4110 lucc
688 4059 752 4109 ad
794 4058 1118 4111 auditionem
1165 4070 1398 4113 vestram
1448 4060 1590 4114 velut
1653 4062 1954 4129 composita

383 4151 733 4206 inducuntur.
783 4151 975 4204 Totum
1029 4160 1208 4205 autem
1259 4152 1390 4206 illud
1432 4163 1516 4206 est
1557 4153 1824 4220 quomodo
1857 4150 1956 4208 Job

386 4239 602 4309 quidem
638 4249 756 4294 erat
798 4241 882 4294 vir
931 4242 1441 4311 irreprehensibilis,
1483 4243 1727 4298 diabolus
1777 4255 1955 4298 autem

382 4331 613 4386 invidus.
665 4333 746 4386 Ad
806 4334 1102 4388 istiusmodi
1155 4344 1208 4388 et
1263 4335 1403 4389 Deus
1467 4335 1719 4390 defensor
1764 4337 1955 4389 horum

2047 1882 2203 1936 peras
2243 1875 2298 1921 et
2347 1865 2661 1933 scorpiones
2709 1872 2763 1917 et
2805 1876 3019 1914 omnem
3057 1860 3316 1916 virtutem
3361 1858 3628 1912 adversa—

2047 1957 2202 2024 rii”;
2247 1957 2291 2010 si
2341 1955 2588 2010 homines
2636 1962 2964 2022 acceperunt
3011 1947 3625 2020 potestatem-calcare,

2048 2051 2189 2103 Deus
2211 2063 2274 2102 ex
2317 2046 2626 2115 aequalitate
2657 2045 2898 2112 loquitur
2939 2044 2988 2096 ei
3025 2043 3118 2113 qui
3150 2040 3435 2096 calcatur?
3461 2038 3627 2094 Venit

2050 2140 2263 2196 diabolo
2316 2139 2542 2204 fortior;
2593 2139 2816 2192 vincens
2856 2150 2981 2190 eum
3032 2135 3238 2204 ligavit.
3281 2132 3393 2188 Leo
3435 2142 3622 2185 autem

2047 2234 2271 2303 ligatus,
2329 2247 2429 2288 nec
2474 2241 2533 2286 ut
2575 2233 2729 2286 canis
2772 2237 2970 2299 potest.
3014 2226 3177 2281 Forte
3226 2238 3404 2280 autem
3447 2224 3625 2287 dices,

2047 2329 2172 2398 quia
2202 2326 2248 2380 si
2277 2325 2502 2379 veniens
2539 2323 2692 2388 vicit,
2731 2321 2954 2375 vincens
2996 2319 3205 2388 ligavit,
3233 2327 3290 2370 et
3328 2317 3507 2386 ligans
3537 2314 3632 2368 de-

2047 2419 2128 2471 dit
2155 2415 2376 2478 calcari,
2421 2429 2526 2468 non
2561 2412 2780 2481 quidem
2810 2411 2881 2463 sit
2914 2409 3042 2462 talis
3074 2424 3088 2459 :
3120 2417 3246 2462 tunc
3287 2417 3470 2459 autem
3501 2419 3626 2458 cum

2052 2517 2222 2570 esset,
2268 2505 2366 2558 sub
2406 2501 2506 2556 .lob
2548 2509 2666 2555 erat
2698 2518 2711 2553 :
2744 2501 2921 2553 adhuc
2977 2497 3066 2550 ille
3126 2504 3337 2566 poterat
3370 2493 3626 2546 fiduciam

2050 2601 2292 2657 habere:
2321 2597 2556 2652 nondum
2602 2594 2745 2648 enim
2791 2603 2902 2647 erat
2935 2591 3128 2662 ligatus
3157 2586 3486 2643 hominibus.
3522 2582 3629 2639 Pu-

2061 2700 2144 2745 tas
2182 2688 2252 2743 sit
2295 2690 2452 2757 Iupus
2493 2696 2683 2756 potens
2713 2683 2998 2737 adversum
3038 2694 3189 2741 Oves,
3228 2679 3273 2731 si
3315 2684 3498 2730 autem
3527 2691 3629 2744 po-

2051 2795 2168 2838 tens
2193 2790 2246 2836 et
2271 2782 2552 2834 adversum
2585 2774 2838 2831 leonem?
2878 2783 2934 2826 ut
2957 2773 3029 2826 ita
3055 2767 3453 2842 quodammodo
3474 2781 3630 2824 com-

2051 2873 2427 2946 parationibus
2474 2879 2690 2923 utamur
2739 2877 2957 2936 pr0pter
2993 2864 3296 2918 fortiorem.
3327 2859 3445 2914 Non
3479 2859 3630 2914 enim

2052 2965 2371 3036 ampliorem
2420 2961 2631 3031 accepit
2685 2958 2942 3013 virtutem
2993 2972 3022 3009 a
3077 2969 3309 3024 corpore
3368 2953 3633 3008 Dominus

2051 3058 2227 3122 Jesus,
2259 3067 2316 3111 ιιι
2341 3061 2625 3124 superaret
2669 3051 2965 3106 diabolum.
3000 3047 3106 3103 Sed
3137 3062 3237 3101 cur
3269 3045 3384 3113 ipsa
3433 3053 3490 3098 et
3518 3043 3634 3096 col-

2057 3151 2277 3206 luctatio
2305 3147 2444 3202 facta
2469 3143 2590 3200 est?
2622 3144 2758 3211 Quia
2785 3143 2931 3196 enim
2959 3138 3212 3211 produxit
3233 3152 3434 3208 agnum
3469 3136 3626 3205 lupo:

2053 3240 2210 3310 lupus
2250 3247 2429 3292 autem
2473 3235 2661 3289 videns
2711 3247 2910 3300 agnum
2949 3229 3038 3299 qui
3080 3229 3365 3283 videbatur
3398 3241 3467 3281 ex
3497 3241 3632 3281 con-

2053 3331 2338 3386 suetudine
2372 3342 2678 3393 accnrrere,
2706 3335 2756 3378 et
2791 3333 2940 3378 extra
2965 3320 3413 3376 consuetudinem
3447 3320 3632 3373 deten-

2055 3428 2142 3475 tus
2171 3427 2275 3472 est.
2317 3417 2372 3471 Si
2408 3416 2552 3469 enim
2586 3414 2820 3468 maxime
2864 3423 2919 3467 et
2963 3412 3216 3466 inimicus
3255 3418 3509 3471 vocatur,
3538 3408 3631 3460 ad-

2054 3511 2330 3566 versarius
2360 3506 2610 3562 diabolus
2641 3520 2656 3559 :
2681 3505 2806 3576 quia
2832 3504 2975 3560 enim
3011 3512 3064 3558 et
3091 3501 3294 3556 inimici
3325 3502 3506 3556 crucis
3533 3500 3613 3552 di-

2054 3611 2249 3658 cuntur
2293 3600 2542 3655 homines
2573 3597 2650 3668 (8)
2698 3613 2848 3652 :non
2891 3597 3015 3667 quia
3069 3595 3322 3650 inimicus
3380 3593 3622 3647 nomina-

2059 3705 2166 3760 tur,
2204 3693 2318 3762 jam
2355 3691 2578 3761 aequalis
2608 3699 2713 3746 est.
2757 3688 2872 3742 Non
2907 3689 3050 3744 enim
3098 3687 3380 3758 aequaliter
3407 3685 3609 3740 habens

2059 3783 2311 3838 virtutem
2349 3783 2550 3837 dicitur
2607 3781 2977 3847 adversarius,
3043 3781 3136 3834 sed
3187 3779 3305 3832 ideo
3344 3778 3472 3846 quia
3529 3790 3628 3829 non

2058 3873 2233 3942 placet
2280 3873 2390 3928 Deo
2410 3873 2527 3943 ejus
2565 3871 2891 3941 malignitas.
2937 3869 3053 3924 Non
3101 3871 3240 3924 sicut
3274 3870 3514 3923 tenebrae
3553 3868 3629 3920 vi-

2059 3966 2254 4021 dentur
2303 3964 2492 4019 lumini
2547 3979 2615 4017 ex
2661 3964 2854 4031 aequali
2887 3964 3088 4016 virtute
3122 3961 3475 4024 adversariae,
3513 3960 3632 4029 quia

2061 4069 2211 4112 tanta
2234 4057 2476 4111 detinent
2508 4057 2682 4124 spatia
2715 4055 2972 4119 tenehrre,
3012 4063 3214 4122 quanta
3241 4063 3295 4106 et
3325 4052 3527 4106 lumen.
3578 4051 3632 4104 Si

2059 4159 2243 4202 autem
2268 4157 2323 4202 et
2353 4147 2456 4201 hoc
2489 4146 2620 4211 tale,
2649 4161 2754 4201 non
2786 4146 2859 4198 ita
2891 4146 3210 4198 adversatur
3233 4145 3483 4198 diabolus
3508 4145 3631 4204 Deo.

2061 4255 2166 4293 non
2213 4255 2280 4294 ex
2317 4239 2650 4307 aequalitate,
2678 4241 2773 4293 sed
2817 4239 2941 4308 quia
2969 4237 3110 4292 Deus
3141 4237 3381 4306 maligno
3405 4252 3512 4290 non
3545 4235 3634 4288 de-

2067 4331 2298 4386 lectatur
2325 4350 2340 4387 :
2370 4340 2427 4386 et
2464 4347 2529 4384 ex
2568 4345 2634 4384 eo
2676 4329 2823 4399 quod
2864 4329 3117 4393 vertitur,
3159 4337 3212 4382 et
3263 4343 3370 4381 non
3422 4326 3536 4380 vult
3584 4336 3635 4382 et

385 4425 627 4494 permisit
681 4425 950 4479 diabolum
1021 4435 1143 4480 ante
1208 4436 1554 4494 conspectum
1623 4443 1797 4481 suum.
1849 4427 1954 4481 Sed
1988 4450 2031 4506 υ
2071 4425 2211 4489 odit,
2242 4426 2285 4479 si
2320 4434 2498 4478 tamen
2533 4427 2606 4478 ita
2640 4423 2800 4479 debet
2826 4421 2952 4488 dici,
2987 4421 3212 4475 adversa
3246 4420 3497 4474 voluntas
3533 4436 3635 4483 tat,

384 4516 487 4572 hoc
543 4517 618 4570 ita
675 4528 780 4571 est.
829 4517 972 4570 Vidit
1029 4517 1273 4572 diabolus
1338 4517 1738 4572 immaculatum
1783 4535 1797 4570 :
1840 4533 1959 4587 pro-

382 4608 594 4677 peravit
631 4608 905 4677 imponere
949 4609 1239 4662 maculam.
1283 4609 1628 4678 Quaecunque
1675 4610 1816 4664 enim
1845 4627 1958 4664 moo

385 4697 562 4752 tiones
605 4711 760 4752 erant
811 4698 1006 4752 diaboli
1058 4697 1347 4753 adversum
1381 4697 1517 4761 Job,
1562 4700 1675 4754 haec
1712 4716 1808 4770 per
1843 4715 1960 4755 ser-

386 4803 572 4843 mones
614 4801 976 4844 contexuntur
1018 4791 1071 4844 in
1112 4790 1424 4860 Scriptura;
1471 4802 1660 4860 utpote
1709 4793 1753 4848 si
1806 4793 1956 4848 dice-

387 4879 478 4934 bat
527 4880 771 4936 diabolus
834 4881 902 4935 ad
975 4883 1460 4950 semctipsum:Si
1535 4899 1640 4937 non
1710 4885 1954 4938 timerem

387 4969 574 5032 Deum,
625 4982 896 5040 tangerem
946 4974 1127 5027 omnia
1168 4990 1289 5042 quae
1339 4974 1498 5028 habet
1532 4972 1676 5038 Job;
1738 4974 1961 5029 abstulit

388 5063 452 5115 ab
492 5077 557 5115 ro
593 5062 734 5117 Deus
779 5064 1046 5130 timorem,
1087 5073 1143 5119 et
1189 5082 1294 5119 non
1347 5066 1639 5134 prohibuit.
1696 5065 1950 5120 Contexi-

392 5161 480 5206 tnr
514 5152 625 5220 jam
677 5156 998 5224 compositio
1042 5155 1191 5211 libri.
1233 5157 1378 5211 Dixit
1422 5157 1688 5220 diabolus,
1738 5167 1791 5212 et
1830 5157 1964 5211 dixit

390 5242 550 5298 Deus.
591 5245 700 5299 lloc
733 5256 837 5313 est,
875 5245 1043 5301 voluit
1103 5247 1368 5314 diabolus,
1414 5258 1468 5302 et
1529 5265 1634 5303 non
1692 5248 1966 5316 prohibuit

390 5337 550 5394 Deus.
606 5337 714 5393 Cur
763 5351 942 5394 autem
990 5356 1098 5396 non
1143 5343 1452 5411 prohibuit?
1507 5344 1642 5410 Quia
1701 5359 1804 5397 non
1879 5342 1963 5396 in-

462 5537 506 5568 ³⁸
531 5536 784 5606 Zach,ul,
818 5541 870 5593 4.
947 5538 990 5568 ’⁷
1019 5535 1115 5592 Job
1146 5553 1206 5600 ll,
1234 5538 1282 5596 ί.
1346 5540 1391 5572 ⁸⁸
1419 5540 1582 5596 Marc.
1611 5557 1663 5607 ν,
1696 5541 1756 5608 9;
1793 5541 1925 5600 Luc.

2073 5582 2086 5610 ,
2114 5541 2204 5598 30.

470 5692 547 5762 (8)
579 5689 676 5745 Ms.
719 5691 854 5756 Quia
882 5702 924 5746 et
953 5692 1147 5748 inimici
1174 5695 1343 5750 crucis
1367 5697 1612 5751 dicuntur
1635 5698 1886 5753 homines.

2064 4535 2167 4571 non
2199 4527 2375 4571 tamen
2409 4518 2600 4570 virtus.
2627 4517 2683 4569 Si
2715 4516 2857 4569 enim
2905 4530 3078 4582 neque
3108 4516 3176 4567 ab
3211 4513 3523 4566 hominibus
3559 4519 3640 4566 est

2064 4608 2262 4662 melior
2295 4608 2544 4662 diabolus
2578 4620 2754 4674 neque
2797 4604 3011 4665 fortior,
3048 4619 3166 4672 qua:
3200 4605 3392 4664 horum
3427 4604 3628 4670 proba-

2065 4701 2137 4754 tio
2161 4700 2184 4754 ?
2210 4700 2349 4766 Quid
2405 4699 2522 4752 vult
2575 4697 2858 4752 diabolus?
2893 4696 3253 4750 Perditionem
3303 4695 3587 4749 hominum
3621 4711 3636 4748 :

2061 4791 2106 4846 si
2136 4791 2372 4845 correxit
2397 4790 2581 4853 homo,
2618 4787 2812 4842 fortior
2845 4788 3059 4842 illoest.
3104 4786 3162 4840 Si
3193 4800 3373 4839 autem
3396 4785 3638 4854 quotidie

2065 4883 2329 4952 spoliatur
2356 4892 2411 4937 et
2441 4881 2773 4945 denudatur,
2806 4890 2862 4934 et
2889 4887 3188 4933 evacuatur
3215 4877 3305 4945 qui
3336 4875 3641 4930 hominibus

2067 4991 2262 5030 nocere
2299 4975 2596 5034 contendit.
2627 4983 2683 5028 et
2711 4989 2828 5027 'uon
2867 4982 3066 5041 potest,
3094 4971 3189 5026 sed
3219 4969 3440 5024 nomine
3462 4969 3555 5023 Dei
3589 4979 3643 5022 et

2067 5069 2468 5138 nuncupatione
2509 5066 2641 5132 sola,
2671 5076 2722 5120 et
2783 5066 2851 5119 ab
2894 5064 3202 5118 hominibus
3239 5061 3478 5116 vincitur
3508 5079 3521 5114 :
3553 5060 3640 5128 qui

2065 5175 2201 5230 ergo
2237 5176 2343 5214 non
2374 5158 2558 5213 suffert
2594 5157 3051 5225 nuncupationem
3084 5154 3200 5219 Dei,
3225 5151 3498 5222 quomodo
3535 5151 3641 5204 vir-

2067 5262 2236 5305 tutem
2263 5257 2444 5320 posset
2470 5247 2696 5303 suﬂ'erre
2724 5248 2860 5303 Dei?
2884 5248 2948 5301 Ει
2971 5256 3117 5302 certe
3145 5260 3244 5300 nec
3262 5245 3437 5314 ipsum
3470 5244 3639 5296 Adam

2077 5357 2382 5413 provocans
2408 5341 2556 5406 vicit,
2596 5342 2691 5396 sed
2719 5341 2953 5396 suadens
2977 5350 3033 5395 et
3058 5339 3332 5409 decipiens
3350 5346 3403 5391 et
3428 5334 3638 5390 fallens.

2282 5543 2324 5575 "
2356 5540 2583 5598 Zachar.
2629 5555 2714 5606 ιιι,
2739 5540 2797 5595 2.
2874 5539 2918 5572 ³⁸
2944 5538 3070 5593 Luc.
3105 5553 3159 5605 ι,
3198 5534 3282 5592 19.
