3822 6218
253 346 379 402 1121

1199 344 1285 399 DE
1325 344 1785 401 INCORPORALI
1825 347 1914 401 ET
1955 347 2293 403 lNVlSlBlLl
2328 348 2483 404 DEO.

3344 359 3481 412 11ΐῖ

253 461 363 514 Hoc
398 471 573 515 autem
616 460 949 515 infirmitatis
992 470 1075 516 est
1115 477 1269 533 Opus.
1308 461 1580 529 Quantum
1615 462 1681 516 ad
1700 464 1815 517 dia-
1844 471 1889 526 Α
1919 463 2047 517 tiam
2094 466 2159 518 ad
2199 465 2481 519 Dominum
2535 464 2861 534 religiosam,
2894 468 2959 520 ad
3005 472 3480 539 conservosjusti-

251 552 431 606 bolum
461 562 690 622 spectat,
716 553 857 606 nulla
886 555 975 621 sil,
1011 555 1200 624 inquit,
1231 557 1382 624 virgo
1407 570 1420 607 :
1458 558 1690 610 vincitur
1717 573 1816 609 au-
1849 618 1863 631 ι

251 646 359 691 tem
390 652 419 689 a
458 636 643 691 tantis.
674 636 945 704 Quantum
974 639 1117 691 enim
1162 641 1229 693 ad
1259 640 1528 693 diabolum
1556 640 1813 709 pertinet,

250 742 318 780 ne
352 728 564 794 quidem
589 744 727 783 unus
754 729 1015 785 salvator.
1044 730 1113 784 At
1156 732 1355 801 nuptiae
1395 733 1636 788 honestae
1665 741 1811 799 sunt,

250 826 304 871 ct
327 820 566 874 diabolus
603 836 633 874 a
667 821 833 876 tantis
876 832 958 877 est
992 822 1240 879 obrutus.
1271 825 1542 891 Quantum
1573 825 1718 879 enim
1747 827 1813 880 ad

250 909 522 963 diabolum
547 912 798 980 pertinet,
831 913 1006 968 nullus
1035 930 1249 969 sursum
1277 916 1504 985 aspiciat
1537 932 1768 986 unquam
1795 936 1809 972 :

248 1002 604 1072 disrumpitur
632 1013 810 1057 autem
837 1014 1018 1059 tantos
1053 1007 1264 1061 videns.
1297 1010 1569 1073 Quantum
1607 1010 1672 1062 ad
1697 1007 1815 1063 dia-

250 1090 456 1151 bolum,
484 1106 552 1144 ne
583 1093 801 1161 quidem
834 1098 1116 1164 vestigium
1163 1098 1432 1166 pudicitia:
1461 1099 1579 1153 vult
1605 1114 1725 1154 esse
1758 1101 1810 1153 in

249 1190 417 1237 terra.
454 1183 678 1238 Feriunt
720 1193 894 1240 autem
929 1189 1018 1256 qui
1066 1191 1374 1257 percutiunt
1413 1207 1510 1245 cor
1557 1194 1811 1249 errantis.

254 1274 525 1340 Quantmn
577 1277 642 1329 ad
688 1276 958 1332 diabolum
985 1320 1000 1343 ,
1039 1295 1139 1335 nec
1186 1297 1379 1337 nomen
1426 1282 1652 1352 justitia:
1692 1300 1814 1345 esse

250 1367 422 1434 cupit.
458 1364 557 1431 Qui
597 1378 773 1422 autem
816 1370 1003 1424 dicunt
1030 1375 1270 1439 peccavi,
1298 1373 1440 1429 illius
1462 1391 1621 1433 aures
1651 1382 1814 1435 casti-

247 1463 397 1523 gant.
423 1454 537 1508 Non
564 1456 678 1510 vult
714 1459 1085 1525 prenitentiam
1119 1476 1260 1524 esse,
1300 1473 1353 1515 et
1378 1463 1603 1520 efﬁcitur
1636 1472 1809 1537 pinni-

250 1547 440 1599 tentia.
487 1546 665 1601 Movet
710 1552 1169 1617 persecutionem,
1227 1561 1283 1605 et
1331 1554 1461 1609 fiunt
1518 1568 1808 1629 martyres.

246 1638 459 1704 Quanta
489 1636 602 1705 ejus
633 1640 802 1707 capita
838 1639 1004 1696 incisa
1043 1643 1210 1696 sunt?
1254 1644 1354 1698 hoc
1382 1655 1464 1701 est
1490 1647 1654 1715 ipsius
1691 1650 1811 1703 dia-

248 1730 377 1783 boli.
404 1728 532 1797 Quae
555 1733 699 1785 enim
724 1734 1033 1787 inciduntur
1057 1750 1154 1803 pro
1177 1737 1391 1792 Christo
1421 1742 1617 1809 capita,
1641 1742 1806 1811 ipsius

1917 556 2071 622 tiam,
2102 557 2291 611 videns
2311 559 2437 627 quia
2464 573 2595 614 oves
2626 576 2759 627 quas
2801 562 3061 628 orphanis
3089 564 3392 628 occidebat,
3424 577 3480 621 et

1919 654 2101 699 tauros
2140 660 2371 714 quorum
2402 661 2596 702 carnes
2622 649 2795 702 vidute
2823 658 2879 704 et
2920 650 3149 717 orphani
3187 653 3479 709 manduca-

1914 736 2070 801 bant,
2104 748 2160 793 et
2193 739 2369 794 omnis
2403 742 2675 807 possessio
2703 742 2855 809 cujus
2888 752 3004 797 erat
3034 744 3378 813 dispensator
3407 749 3475 803 ad

1913 840 2009 879 eos
2050 827 2140 895 qui
2176 827 2445 882 habebant
2476 830 2634 895 nihil,
2665 831 2716 883 in
2760 846 2867 884 uno
2909 844 3185 893 momento
3224 843 3475 904 tanquam

1916 929 1946 969 a
1974 914 2081 969 Deo
2109 915 2309 981 ablata,
2328 931 2505 971 nonne
2524 920 2811 974 doluisset?
2845 921 2949 975 Sed
2973 920 3074 975 Joh
3111 923 3312 992 gratias
3342 925 3472 992 egit,

1915 1015 2040 1075 puta
2070 1008 2197 1076 quia
2230 1009 2416 1061 omnia
2446 1008 2623 1063 subito
2646 1011 2863 1080 abrepta
2893 1022 3015 1066 sunt
3042 1012 3176 1079 ejus,
3209 1015 3472 1082 siquidem

1913 1106 1967 1151 et
1993 1096 2109 1151 filii.
2139 1097 2194 1153 Si
2229 1108 2406 1152 autem
2432 1108 2486 1153 et
2514 1099 2633 1164 lilii,
2669 1111 2726 1155 ut
2755 1104 2883 1169 quid
2922 1103 3009 1155 tali
3052 1102 3258 1157 morte?
3286 1105 3394 1158 Cur
3420 1105 3473 1158 in

1916 1188 2044 1255 ipsis
2084 1189 2286 1242 mensis
2311 1190 2471 1243 simul
2493 1205 2680 1245 omnes
2708 1191 2894 1245 decem
2924 1194 3167 1261 oppressi
3208 1195 3373 1247 sunt?
3407 1194 3475 1249 Et

1916 1280 2016 1333 hoc
2046 1282 2239 1334 iterum
2277 1280 2571 1349 putabatur
2602 1283 2740 1337 Deus
2788 1283 3004 1337 fecisse.
3043 1284 3171 1338 Puta
3197 1287 3323 1353 quia
3356 1303 3473 1341 om-

1913 1370 1997 1423 nis
2024 1369 2254 1424 facultas
2280 1379 2334 1423 et
2373 1372 2641 1438 possessio
2692 1380 2745 1424 et
2792 1372 2911 1426 lilii.
2958 1373 3093 1438 Quid
3138 1386 3314 1428 autem
3347 1380 3473 1446 quia

1911 1470 1966 1514 et
2016 1475 2144 1514 caro
2177 1459 2343 1530 ipsius
2383 1457 2482 1513 Job
2526 1460 2896 1531 expugnatur?
2923 1462 2987 1516 Et
3021 1465 3134 1517 hare
3164 1466 3342 1518 omnia
3374 1450 3473 1534 pu-

1912 1559 2022 1604 tata
2060 1561 2190 1605 sunt
2232 1567 2351 1607 esse
2387 1569 2415 1606 a
2440 1553 2569 1617 Deo,
2596 1564 2650 1607 et
2688 1568 2782 1621 per
2805 1554 2915 1607 Iure
2941 1554 3186 1608 universa
3215 1552 3313 1609 Job
3352 1572 3475 1623 gra-

1914 1642 2015 1696 tias
2049 1644 2157 1712 egit
2206 1643 2335 1698 Deo.
2378 1643 2491 1699 Non
2543 1645 2706 1714 igitur
2734 1654 2785 1697 te
2812 1653 3012 1697 terreat
3051 1646 3335 1700 diabolus:
3364 1662 3471 1702 non

1912 1735 1981 1787 sit
2008 1733 2200 1789 donius
2242 1750 2430 1799 vacua,
2462 1750 2634 1804 neque
2660 1735 2731 1788 illi
2754 1745 2966 1805 parata,
3000 1744 3178 1789 etnon
3213 1737 3372 1791 habet
3399 1736 3468 1790 lo-

244 1822 423 1889 capita
462 1822 723 1886 incidunt,
751 1824 959 1891 quoties
981 1827 1031 1877 in
1068 1825 1284 1882 [ian-ma
1326 1838 1413 1883 est
1447 1832 1646 1886 missus
1679 1845 1804 1888 ante

1911 1838 2056 1877 cum.
2104 1825 2186 1878 Sit
2218 1826 2311 1879 tibi
2366 1826 2696 1893 comparatio
2745 1822 2846 1878 Job
2892 1826 2958 1878 ad
2993 1826 3269 1879 victoriam
3299 1842 3313 1879 :
3342 1841 3472 1880 con-

244 1912 543 1982 gehennam
599 1914 651 1968 in
689 1916 962 1984 gehenna!
992 1918 1309 1987 Quicunque
1350 1922 1493 1975 enim
1529 1921 1654 1977 facti
1681 1935 1810 1980 sunt

244 2003 617 2059 holocaustum
647 2006 881 2072 Christo,
912 2009 1000 2063 isti
1049 2010 1317 2066 diabolum
1358 2027 1811 2083 consumpserunt

243 2094 375 2162 igni,
411 2105 463 2148 et
489 2097 580 2149 alii
606 2111 727 2151 eum
761 2099 1190 2168 praefocaverunt
1229 2103 1281 2157 in
1317 2106 1474 2169 mari,
1503 2106 1591 2160 alii
1624 2118 1805 2164 autem

243 2185 513 2238 dederunt
555 2188 671 2255 ejus
703 2202 899 2258 corpus
947 2194 1212 2247 meatibus
1257 2192 1561 2251 fluviorum.
1609 2198 1804 2265 Quanti

240 2290 367 2329 eum
417 2280 732 2334 torserunt?
760 2280 934 2336 Etiam
970 2282 1005 2337 ii
1038 2285 1128 2353 qui
1163 2285 1265 2339 visi
1309 2297 1433 2340 sunt
1457 2291 1716 2357 superati.
1748 2292 1804 2347 Si

240 2366 390 2423 enim
416 2378 471 2422 et
493 2370 619 2423 vicit
645 2374 998 2440 quorumdam
1044 2389 1289 2445 corpora,
1320 2380 1410 2433 sed
1440 2395 1543 2434 non
1571 2383 1806 2450 pruden-

242 2463 371 2516 tiam
407 2474 461 2517 et
482 2463 836 2520 inteiiectum.
876 2465 1138 2535 Malignus
1167 2469 1368 2522 athleta
1400 2480 1503 2537 est,
1529 2480 1583 2525 et
1618 2472 1798 2528 incon-

240 2556 509 2612 sideratus
542 2571 799 2614 certator.
826 2559 959 2615 Cum
987 2560 1129 2613 enim
1161 2562 1376 2616 videtur
1414 2562 1577 2619 ferire
1607 2564 1800 2633 alium,

242 2650 589 2719 semetipsum
645 2653 930 2720 percussit.
991 2649 1143 2718 Quod
1199 2652 1366 2706 habes
1420 2656 1691 2725 negotium
1738 2657 1805 2712 ad

238 2737 361 2803 Job,
400 2754 433 2794 ο
460 2741 703 2797 diabole?
739 2742 805 2799 Ut
845 2744 969 2812 quid
1015 2752 1188 2797 vtetus
1228 2744 1325 2797 es?
1350 2747 1608 2812 peccasti,
1640 2756 1800 2815 tace;

178 2844 179 2849 η
242 2829 417 2883 victus
449 2845 529 2894 es,
555 2833 795 2895 quiesce.
826 2833 931 2887 Sed
965 2832 1221 2896 secundo,
1254 2834 1448 2903 inquit,
1480 2847 1693 2906 oportet
1719 2855 1805 2896 me

241 2923 384 2974 vinci
421 2942 434 2976 :
468 2938 572 2977 non
605 2925 729 2992 quia
767 2927 879 2980 hmc
910 2927 1099 2992 voluit,
1145 2928 1239 2982 sed
1280 2931 1405 2996 quia
1448 2929 1560 2984 haec
1610 2945 1802 2999 passus

243 3022 347 3064 est.
402 3013 537 3079 Quid
591 3017 957 3072 intremiscis?
1007 3017 1145 3083 Quid
1197 3020 1397 3073 times?
1433 3016 1533 3077 Job
1584 3035 1805 3078 nonest

239 3106 490 3172 angelus,
525 3109 617 3161 sed
652 3109 813 3162 homo
862 3107 1125 3171 mortalis,
1154 3109 1240 3162 cui
1273 3110 1662 3164 colluctabatur
1687 3112 1801 3166 dia-

244 3196 397 3250 bolus
431 3196 791 3261 invisibiliter,
824 3198 996 3253 victus
1039 3208 1214 3253 autem
1257 3211 1339 3255 est
1394 3201 1696 3256 visibiliter.
1728 3202 1797 3257 Et

238 3302 309 3339 ne
350 3288 514 3341 lateat
567 3299 616 3342 te
665 3289 807 3343 illius
848 3291 1131 3359 paviditas.
1165 3292 1489 3346 Certabatur
1519 3294 1665 3346 enim
1698 3308 1802 3347 non

240 3393 508 3445 apparens
536 3397 549 3430 :
582 3388 635 3434 et
663 3395 767 3434 nun
797 3382 938 3435 sicut
966 3382 1016 3435 in
1043 3382 1229 3438 stadiis
1254 3392 1307 3438 et
1337 3382 1805 3440 colluctationibus

242 3469 369 3522 nudi
408 3470 475 3522 ad
518 3472 688 3524 nudos
732 3480 1028 3538 certantur,
1069 3474 1161 3529 sed
1211 3475 1384 3529 latens
1434 3476 1710 3537 mittebat.
1750 3487 1804 3530 et

238 3574 346 3612 non
376 3573 644 3628 apparens
668 3559 913 3627 feriebat,
945 3571 1000 3616 et
1026 3564 1337 3631 percutiens
1365 3564 1539 3619 victus
1569 3574 1670 3621 est.
1702 3565 1803 3622 Job

236 3649 381 3703 enim
435 3650 700 3719 ignoravit
752 3655 872 3722 quis
920 3663 1065 3708 esset
1107 3655 1198 3724 qui
1223 3654 1524 3710 luctaretur
1554 3658 1619 3711 ad
1654 3672 1796 3723 eum,

238 3741 333 3795 sed
376 3750 431 3795 et
474 3745 679 3811 putavit
711 3755 764 3797 et
798 3745 956 3812 dixit,
989 3746 1113 3815 quia
1147 3761 1177 3799 a
1227 3746 1338 3801 Deo
1385 3746 1548 3801 habet
1597 3746 1799 3817 plagas.

238 3834 390 3888 Alius
442 3846 559 3889 erat
614 3837 705 3904 qui
759 3840 1047 3906 pugnabat,
1100 3848 1155 3893 et
1199 3837 1336 3892 alius
1367 3838 1458 3907 qui
1509 3838 1805 3907 putabatur

238 3925 546 3980 emendare.
577 3926 687 3981 Hoc
713 3929 911 3980 furtum
942 3928 1112 3997 magis
1144 3944 1301 3998 quam
1328 3930 1471 3983 lucta
1500 3937 1601 3983 est.
1630 3931 1798 3982 Adam

238 4015 447 4068 seducit
475 4030 490 4067 :
522 4018 589 4070 ah
620 4017 718 4071 Job
747 4019 1068 4072 occultatur.
1092 4019 1192 4075 Job
1224 4022 1367 4074 enim
1403 4021 1690 4075 admiratio
1715 4032 1799 4076 est

239 4107 365 4172 ista,
418 4109 543 4178 quia
593 4121 787 4178 putans
840 4128 869 4166 a
915 4112 1022 4165 Deo
1065 4113 1168 4167 sibi
1206 4115 1396 4167 venire
1448 4113 1653 4182 plagas,
1692 4130 1802 4168 non

239 4203 491 4255 conscius
520 4213 696 4256 autem
732 4204 833 4258 sibi
865 4216 1164 4273 peccatum,
1204 4205 1541 4259 cOnvertitur
1578 4207 1645 4259 ad
1686 4206 1802 4257 dia-

239 4293 420 4346 bolum
464 4297 686 4365 sagittas
716 4311 835 4365 quae
874 4296 1040 4365 ipsius
1081 4305 1260 4350 erant.
1292 4295 1392 4351 Job
1430 4296 1573 4351 enim
1606 4307 1801 4364 putans

242 4383 409 4437 Deum
437 4400 558 4440 esse
583 4387 672 4456 qui
712 4386 918 4452 feriret,
949 4396 1003 4441 et
1052 4388 1356 4457 suSpicatus
1383 4397 1466 4442 est
1497 4402 1617 4442 esse
1642 4404 1670 4440 a
1695 4387 1802 4441 Deo

242 4477 464 4546 plagas:
496 4488 550 4530 et
596 4490 789 4545 putans
840 4479 1006 4533 Deum
1051 4494 1171 4534 esse
1212 4481 1303 4550 qui
1350 4479 1558 4543 feriret,
1599 4480 1801 4549 gratias

238 4572 349 4640 egit
382 4572 432 4623 in
470 4570 652 4640 plagis.
694 4572 1004 4642 Magnitudo
1046 4582 1227 4627 autem
1281 4572 1629 4642 malignitatis
1690 4573 1802 4625 dia-

240 4660 349 4714 boli
373 4675 631 4715 conversa
655 4671 737 4716 est
773 4665 838 4717 ad
878 4664 1297 4732 magnitudinem
1325 4679 1651 4718 coronarum
1673 4662 1799 4718 Job.

243 4752 300 4806 Si
329 4754 471 4807 enim
505 4755 670 4809 sciret
691 4756 816 4824 quia
839 4756 1122 4810 adversum
1156 4754 1232 4825 (9)
1265 4753 1505 4809 invidum
1538 4764 1593 4808 et
1626 4754 1805 4809 inimi-

240 4861 363 4900 cum
384 4846 630 4911 haberet,
657 4848 795 4902 forte
818 4848 1205 4902 contentiosius
1233 4848 1436 4918 egisset
1469 4855 1523 4899 et
1547 4845 1801 4913 alacrius,

238 4948 333 4991 aut
365 4949 418 4992 et
444 4940 922 5009 contemptibilius.
966 4939 1119 4994 Nunc
1149 4950 1326 4993 autent
1360 4938 1534 4993 malus
1565 4939 1719 4993 canis
1751 4948 1805 4993 et

240 5029 542 5085 malitiosus
580 5030 733 5101 lupus
769 5033 1114 5101 semetipsum
1146 5032 1407 5097 occultat,
1443 5041 1500 5087 et
1526 5044 1801 5102 pastorem

240 5122 507 5188 producit,
564 5132 618 5176 et
669 5122 769 5178 Job
813 5124 1227 5181 admirationem
1280 5125 1526 5179 adauxit.
1584 5124 1690 5180 Per
1738 5141 1803 5181 ea
1848 5126 1874 5181 .'

237 5213 382 5266 enim
415 5230 533 5283 qua:
567 5217 772 5284 putavit
796 5217 1028 5272 maxime
1050 5230 1108 5271 se
1131 5217 1414 5287 instigare,
1452 5231 1547 5286 per
1575 5222 1689 5271 haec
1716 5217 1801 5271 in-

237 5304 467 5373 stigatus
484 5318 539 5360 et
568 5308 760 5374 victus,
792 5318 846 5364 et
880 5325 1042 5380 supra
1076 5324 1289 5366 omnem
1329 5324 1479 5379 spem
1512 5318 1800 5379 superatus

236 5403 474 5457 ostendit
504 5404 787 5457 victorem.
831 5402 962 5469 Quis
1008 5405 1151 5457 enim
1182 5411 1237 5456 et
1265 5401 1491 5457 suﬂerre
1534 5403 1799 5472 potuisset

238 5495 418 5550 sciens
450 5510 601 5549 suam
630 5496 794 5548 vitam
824 5493 1260 5549 immaculatam?
1289 5492 1479 5551 Sciens
1506 5494 1794 5551 conscien-

310 5606 355 5639 ³¹
390 5606 471 5661 lsa
523 5623 615 5674 ut,
641 5608 725 5662 11.

336 5698 391 5761 9)
416 5699 720 5752 Adversum.
750 5698 850 5753 Pro
879 5698 1257 5753 adversarium.

342 5770 422 5831 10)
455 5771 679 5824 l'rodiit.
710 5769 872 5825 Forte
897 5770 1147 5822 prodidit.

1912 1916 2060 1970 disce
2101 1932 2195 1985 per
2227 1931 2348 1970 eum
2382 1916 2585 1971 inimici
2617 1916 3003 1971 infirmitatem.
3029 1916 3132 1971 Sed
3164 1918 3295 1972 dicis
3323 1935 3337 1971 :
3366 1933 3470 1971 non

1911 2009 2055 2061 enim
2087 2008 2305 2061 abducit
2332 2017 2385 2061 et
2416 2007 2791 2068 adducitloca,
2820 2018 3028 2077 gentes,
3059 2008 3284 2075 populos
3307 2023 3474 2077 quan-

1913 2108 1997 2153 tos
2035 2108 2090 2153 et
2139 2098 2423 2153 videmus?
2449 2098 2682 2151 Adducit
2712 2116 2725 2152 :
2757 2100 2848 2151 sed
2890 2106 2945 2151 et
2979 2109 3224 2166 apportat
3255 2114 3350 2152 eos
3377 2098 3467 2166 qui

1911 2188 2117 2253 volunt,
2153 2188 2287 2257 fugit
2329 2198 2509 2241 autem
2553 2202 2645 2241 eos
2676 2187 2763 2255 qui
2806 2187 3101 2253 increpant.
3153 2184 3285 2238 Cum
3320 2188 3465 2239 enim

1910 2280 2055 2333 dedit
2083 2279 2130 2333 ei
2172 2278 2347 2332 locum
2390 2277 2583 2344 Judas,
2622 2278 2894 2344 ingressus
2939 2286 3021 2331 est
3056 2278 3107 2329 iu
3137 2277 3253 2345 ejus
3282 2279 3466 2343 corde,

1909 2370 2118 2424 furatus
2145 2379 2248 2435 est,
2285 2371 2485 2438 prodiit
2513 2368 2644 2440 (to).
2672 2366 2863 2422 Petrus
2895 2367 2941 2420 ei
2972 2367 3142 2420 factus
3168 2376 3251 2422 est
3275 2378 3423 2436 petra
3453 2389 3465 2423 :

1909 2462 2080 2530 magis
2102 2461 2244 2513 enim
2279 2459 2507 2528 plagavit
2538 2473 2695 2527 quam
2728 2457 2969 2525 plagatus
3000 2466 3105 2512 est.
3148 2456 3252 2510 Sed
3286 2458 3421 2511 dicis
3450 2479 3463 2512 :

1907 2568 2011 2606 non
2034 2551 2245 2621 negavit
2270 2550 2485 2605 Petrus?
2504 2548 2705 2615 Quare?
2724 2558 2936 2618 quando
2961 2551 3183 2601 necdum
3204 2560 3321 2603 erat
3343 2564 3466 2601 eru-

1907 2642 1986 2696 cis
2028 2652 2280 2711 tropa-um
2321 2651 2578 2696 erectmn.
2615 2639 2793 2693 Nolite
2821 2654 2940 2692 esse
2978 2639 3167 2703 timidi,
3192 2638 3355 2694 nolite
3385 2639 3470 2691 in-

1906 2733 2050 2802 digni
2087 2749 2115 2785 a
2150 2736 2382 2799 proavis.
2418 2733 2619 2784 Aurutn
2659 2728 2875 2799 quidem
2925 2728 3017 2782 Det
3048 2739 3125 2783 est
3157 2745 3172 2781 :
3203 2729 3469 2794 dicamus,

1906 2825 2066 2879 alfers
2095 2824 2297 2895 ignem,
2327 2823 2487 2877 affers
2521 2822 2778 2892 gladium,
2808 2821 3084 2885 addentes,
3130 2821 3308 2875 omnia
3346 2837 3472 2891 pos-

1907 2929 2028 2970 sum
2085 2924 2304 2984 propter
2364 2928 2486 2968 eum
2523 2912 2615 2982 qui
2646 2912 2901 2965 misertus
2946 2919 3027 2965 est
3065 2910 3216 2964 mihi.
3249 2910 3471 2967 Gladius

1907 3008 2090 3062 Jesum
2126 3021 2230 3061 non
2271 3004 2480 3071 incidit,
2517 3019 2689 3073 neque
2719 3002 2860 3072 ignis
2898 3016 3019 3061 eum
3057 3005 3343 3069 consumit,
3375 3006 3469 3058 sed

1909 3100 2113 3153 incisus
2169 3097 2456 3167 aliquando
2504 3106 2587 3150 est
2635 3110 2732 3165 per
2776 3093 3006 3150 clavum.
3035 3093 3171 3161 Quid
3206 3105 3289 3149 est
3328 3096 3471 3164 quod

1909 3193 2137 3247 incisum
2183 3190 2308 3244 est?
2346 3187 2462 3244 Noli
2519 3188 2783 3255 ignorare,
2832 3188 2956 3257 quia
2988 3203 3087 3243 nec
3139 3188 3192 3243 in
3232 3188 3469 3242 animam

1907 3283 2205 3353 ingreditur
2237 3282 2439 3335 clavus.
2473 3279 2755 3334 Passioues
2801 3281 2943 3334 enim
3001 3280 3308 3350 corporales
3351 3296 3472 3336 cor-

1905 3376 2126 3444 poribus
2149 3382 2275 3428 sunt
2299 3372 2681 3428 conducibiles.
2703 3371 2910 3438 Corpus
2929 3386 2957 3424 a
2981 3385 3207 3438 corpore
3223 3370 3424 3439 patitur
3451 3387 3467 3424 :

1907 3465 2240 3534 incorporale
2285 3478 2388 3517 non
2433 3463 2604 3524 ardet,
2630 3477 2733 3514 non
2786 3461 3054 3514 inciditur.
3097 3457 3245 3514 Talis
3280 3468 3469 3515 natura

1910 3569 2017 3609 non
2056 3553 2329 3621 dividitur,
2363 3568 2466 3608 non
2513 3551 2852 3621 praefocatur.
2884 3550 2952 3613 .Si
2982 3550 3122 3603 enim
3149 3550 3468 3607 translatum

1907 3646 2071 3700 fuerit
2097 3660 2314 3715 corpus,
2344 3660 2449 3698 non
2486 3654 2568 3698 est
2599 3643 2687 3697 ubi
2715 3644 2915 3711 capiat.
2959 3642 3064 3696 Sed
3116 3641 3239 3697 nolo
3289 3643 3469 3696 dicere

1905 3738 2047 3807 quod
2096 3737 2357 3805 sequitur,
2380 3734 2503 3803 quia
2562 3747 2661 3787 nec
2691 3733 2914 3785 rationis
2944 3743 3029 3786 est
3079 3730 3468 3800 blasphemiam

1906 3827 2049 3897 loqui
2081 3828 2132 3881 in
2159 3826 2421 3883 Ecclesia.
2462 3823 2535 3878 Ea
2564 3823 2729 3892 igitur
2757 3837 2875 3891 quae
2903 3821 2968 3876 de
2998 3820 3209 3876 diabolo
3238 3836 3342 3875 non
3367 3823 3468 3875 im-

1906 3957 2133 4019 portune
2186 3943 2661 4007 occurrerunt,-ita
2710 3939 3106 4008 quodammodo
3151 3939 3291 3996 facta
3342 3945 3472 3996 sunt

1908 4038 2215 4093 manifesta.
2267 4036 2376 4092 Nos
2438 4044 2616 4090 autem
2654 4033 3009 4087 confidamus
3063 4032 3117 4086 in
3159 4032 3393 4095 Christo,
3416 4040 3471 4086 et

1906 4131 2240 4185 confidentes
2261 4129 2601 4196 increpemus
2622 4132 2693 4195 ei,
2716 4138 2771 4183 et
2831 4128 3166 4195 increpantes
3209 4140 3470 4177 memores

1906 4223 2074 4277 simus
2103 4224 2219 4291 ejus
2273 4221 2363 4290 qui
2401 4221 2476 4274 ait
2504 4237 2521 4295 t
2553 4219 2708 4275 Exite
2742 4221 2805 4273 ab
2847 4223 2921 4273 eis
2969 4229 3015 4272 et
3056 4216 3393 4285 separamini,
3420 4224 3469 4265 et

1905 4315 2229 4368 immundum
2269 4328 2332 4366 ne
2378 4314 2736 4383 tetigerttis".
2773 4312 2907 4379 Quid
2947 4311 3090 4364 enim
3128 4309 3209 4363 eis
3248 4317 3303 4360 et
3331 4304 3467 4361 difIi-

1906 4404 2035 4459 ciles
2058 4404 2279 4458 smnus?
2303 4403 2428 4472 quid
2456 4406 2534 4457 eis
2562 4412 2616 4457 et
2648 4401 2974 4457 irascimur?
2998 4414 3116 4468 quae
3140 4398 3283 4453 enim
3312 4411 3468 4466 praua

1833 4512 1875 4567 υ
1908 4497 2011 4550 alia
2042 4497 2123 4552 eis
2152 4496 2414 4552 debetur?
2434 4496 2490 4550 Si
2534 4497 2656 4565 quis
2690 4495 2769 4549 eis
2800 4495 3147 4555 irasceretur,
3176 4490 3358 4559 utique
3384 4490 3468 4545 di-

1907 4597 2053 4642 ceret
2093 4606 2107 4642 :
2142 4587 2384 4657 Spoliare
2408 4630 2422 4655 ,
2457 4588 2726 4642 denudare
2750 4624 2766 4649 ,
2794 4586 3097 4652 deturpare,
3136 4580 3468 4653 infrigidare.

1911 4684 2100 4736 Statue
2133 4698 2253 4736 eum
2285 4683 2484 4736 nudum
2534 4682 2587 4737 in
2643 4681 2864 4751 frigore,
2892 4680 3057 4734 facito
3101 4692 3223 4733 eum
3249 4687 3470 4732 currere

1911 4781 2035 4826 ante
2062 4788 2301 4826 currum.
2324 4770 2555 4826 Laboret
2587 4770 2872 4825 ambulans
2893 4809 2909 4833 ,
2952 4771 3263 4836 deturpetur
3305 4768 3472 4821 denu-

1912 4863 2086 4923 datus,
2111 4864 2256 4915 dicat
2290 4862 2483 4929 turpia.
2541 4860 2678 4926 Quid
2726 4859 2923 4928 quaeris
2962 4858 3157 4927 punire
3198 4871 3321 4911 eum
3378 4854 3469 4923 qui

1908 4952 2253 5022 semetipsum
2290 4951 2543 5005 damnat?
2570 4948 2766 5005 suﬂicit
2805 4949 2885 5004 eis
2913 4950 3039 5018 quia
3084 4962 3189 5002 non
3232 4954 3356 5001 sunt
3380 4960 3472 4999 no-

1908 5044 2113 5098 biscum
2152 5042 2390 5100 :sufﬁcit
2428 5042 2583 5097 nobis
2615 5041 2737 5106 quia
2770 5054 2873 5094 non
2926 5053 3113 5093 sumus
3147 5051 3268 5091 cum
3318 5036 3469 5104 ipsis.

1908 5134 2154 5189 Habeant
2180 5136 2321 5204 quod
2347 5134 2569 5199 habent,
2601 5133 2725 5201 quia
2756 5143 2811 5187 et
2844 5131 3050 5187 volunt.
3084 5128 3201 5185 Non
3226 5128 3276 5200 (1
3291 5128 3338 5199 1)
3372 5128 3471 5182 ba-

1906 5227 2094 5282 hemus
2122 5242 2283 5298 quem
2312 5228 2593 5291 habemus,
2618 5227 2742 5296 quia
2776 5235 2830 5279 et
2858 5224 3123 5280 volumus.
3171 5222 3278 5275 Sed
3308 5219 3470 5290 fugiat

1904 5326 1960 5371 et
1997 5333 2148 5373 mens
2173 5320 2412 5384 insanos,
2445 5328 2497 5373 et
2518 5318 2674 5374 sileat
2707 5317 2886 5386 lingua
2913 5332 2926 5382 ;
2955 5314 3077 5370 inde
3105 5323 3159 5367 et
3190 5321 3457 5367 converta-

1906 5416 1995 5461 tur
2016 5408 2083 5462 ad
2118 5423 2307 5477 purum
2333 5420 2385 5463 et
2433 5407 2825 5479 incorporalem
2864 5406 3056 5469 Deum,
3082 5404 3150 5458 ad
3198 5411 3469 5464 sanctum,

1904 5510 1958 5553 et
1984 5499 2138 5555 istius
2166 5500 2317 5555 chori
2354 5498 2661 5556 Dominum.
2692 5497 2810 5556 Non
2839 5511 2965 5555 eum
3012 5498 3323 5566 operiamus
3347 5506 3469 5547 cor-

1976 5695 2087 5768 (il)
2117 5695 2261 5752 Non.
2294 5698 2370 5753 An
2404 5698 2543 5787 nos.’
