3822 6218
354 352 493 404 11ξό

1057 344 1324 399 EUSEBH
1364 340 1837 398 CAESARIENSIS
1875 339 2023 394 OPP.
2068 336 2249 392 PARS
2288 335 2376 392 1V.
2418 365 2487 377 —
2524 327 2949 387 DOGMA'l‘lCA.

3486 324 3621 377 ιω

353 478 504 533 pore,
535 460 659 531 quia
684 475 781 515 nec
806 460 1009 529 patitur
1044 476 1059 514 :
1091 476 1196 515 non
1237 476 1359 514 eum
1419 459 1719 513 vestiamus
1781 458 1943 511 veSti-
1971 462 2016 515 A
2048 464 2188 508 terra
2240 463 2295 507 ut
2356 448 2650 505 scabellum
2715 454 2923 501 tactum
2972 442 3165 512 pedum
3220 447 3622 501 mensuratmn,

353 566 559 618 mento,
579 554 699 623 quia
737 570 837 607 nec
864 554 1069 622 indiget
1107 570 1121 606 :
1159 569 1264 607 non
1289 553 1338 606 ei
1398 550 1695 605 offeramus
1723 550 1931 605 sacriﬁ-
1982 614 1992 625 .

353 645 459 709 cia,
483 646 606 714 quia
646 660 745 698 nec
777 645 932 713 petit.
962 643 1198 698 Estima
1231 645 1359 712 quid
1396 644 1549 698 dicis.
1602 642 1657 695 Si
1713 642 1926 696 dederis

354 734 401 788 ci
430 749 647 803 corpus,
673 733 934 802 separasti
960 735 1007 787 ei
1031 735 1204 787 locum
1227 756 1242 799 ;
1269 733 1619 801 composuisti
1639 730 1937 799 simplicem

354 836 628 889 naturam,
682 824 1001 893 placabilem
1041 823 1212 879 fecisti
1278 823 1692 893 implacabilem.
1728 821 1781 875 In
1825 821 1941 876 loco

354 933 473 971 eum
498 917 586 985 qui
614 926 668 969 et
715 933 742 969 a
770 915 901 971 locis
933 916 1069 971 liber
1109 926 1192 971 est
1242 915 1596 970 constituisti.
1639 914 1693 967 Si
1737 914 1941 968 dixeris

354 1024 572 1078 corpus,
601 1008 753 1061 dabis
806 1007 1015 1071 oculos,
1065 1006 1217 1060 dabis
1274 1020 1434 1059 aures
1480 1006 1627 1059 circa
1662 1005 1853 1068 Deum,
1885 1013 1939 1058 et

358 1102 621 1170 linguam,
653 1109 708 1154 et
738 1114 981 1162 sensum,
1010 1104 1061 1153 et
1090 1113 1233 1163 ossa,
1268 1107 1324 1151 et
1370 1098 1603 1159 viscera,
1630 1106 1683 1149 et
1722 1110 1939 1158 nervos,

354 1203 408 1246 et
431 1207 595 1246 venas
633 1208 648 1243 :
678 1202 732 1244 et
763 1192 977 1259 ignoras
1009 1191 1077 1243 de
1112 1204 1218 1258 quo
1255 1187 1523 1257 loqueris.
1556 1186 1698 1256 Fuge
1723 1187 1943 1240 demen-

356 1286 508 1349 tiam,
549 1295 604 1337 ut
636 1282 1063 1353 comprehendas
1093 1298 1196 1335 non
1230 1292 1463 1349 quantus
1502 1289 1583 1333 est
1608 1289 1822 1342 natura,
1846 1278 1941 1333 sed

355 1386 615 1447 quantum
643 1376 735 1428 tibi
766 1374 1020 1442 possibile
1037 1382 1123 1427 est
1149 1386 1327 1426 nosse.
1352 1371 1408 1425 Si
1438 1385 1634 1440 corpus
1659 1380 1743 1424 est
1762 1369 1939 1422 Deus:

357 1470 478 1531 quis
517 1477 598 1519 est
624 1466 715 1535 qui
758 1472 1057 1533 supportat,
1084 1464 1177 1532 qui
1203 1461 1509 1529 subbajulat
1553 1461 1751 1516 caelum
1778 1461 1801 1514 ?
1832 1464 1944 1515 An-

358 1570 572 1625 tequam
605 1572 732 1625 ergo
764 1556 957 1610 coelum
991 1555 1167 1619 ﬁeret,
1205 1553 1294 1607 ubi
1324 1562 1441 1606 erat
1469 1553 1650 1607 Deus?
1682 1551 1849 1606 Terra
1894 1552 1942 1607 ei

354 1649 648 1703 scabellqu
676 1658 758 1702 est
784 1667 796 1701 :
826 1656 1120 1715 antequam
1151 1656 1434 1699 crearetur
1455 1654 1620 1708 terra,
1670 1644 1759 1698 tibi
1788 1652 1944 1699 erant

354 1739 551 1808 pedes?
580 1737 685 1793 Sed
714 1738 929 1807 quando
976 1738 1178 1791 dictum
1240 1746 1323 1790 est
1368 1737 1512 1791 hoc:
1557 1736 1757 1791 Catum
1812 1736 1942 1789 mihi

2043 547 2315 616 quomodo
2355 551 2537 615 potest
2568 538 2802 594 transire
2824 536 3117 592 scahellum
3147 534 3338 602 pedum
3371 531 3626 587 suorum?

2041 638 2315 708 quomodo
2349 632 2681 690 ambulavit?
2738 631 2834 684 sed
2872 629 3078 683 habitat
3120 626 3262 681 Deus
3303 626 3357 679 in
3402 624 3623 688 animis,

2043 728 2256 783 habitat
2289 737 2343 780 et
2376 722 2691 778 inambulat.
2718 720 2907 775 Latior
2934 717 3079 771 enim
3109 716 3261 770 sinus
3288 722 3375 767 est
3405 712 3624 778 animae,

2042 833 2202 887 quam
2238 816 2437 870 coelum
2466 830 2479 867 :
2511 822 2729 867 sanctus
2753 813 2807 865 in
2850 808 3053 865 sanctis
3091 806 3404 876 requiescit.
3430 803 3626 857 Indui—

2042 908 2195 973 mim‘,
2230 906 2425 975 inquit,
2480 904 2743 959 Christum
2795 899 3002 963 Jesum,
3036 898 3165 954 dicit
3218 897 3511 967 Apostolus
3547 895 3618 947 “.

2043 998 2236 1064 Quanti
2271 998 2415 1052 enim
2470 993 2809 1051 induuntur?
2856 992 3039 1062 quanti
3077 1000 3132 1044 et
3166 990 3341 1043 vocati
3397 997 3548 1052 sunt,
3575 998 3632 1041 et

2045 1099 2330 1154 vocantur,
2356 1098 2406 1142 et
2433 1084 2805 1142 vocabuntur?
2833 1094 2889 1138 et
2938 1081 3310 1151 unusquisque
3339 1090 3534 1144 totum,
3567 1087 3626 1130 et

2043 1193 2231 1233 omnes
2264 1187 2457 1241 totum,
2498 1185 2553 1230 et
2585 1187 2761 1244 neque
2797 1172 3061 1226 dividitur
3104 1170 3205 1233 eis,
3259 1181 3436 1235 neque
3491 1167 3631 1219 inci-

2050 1268 2218 1331 ditur,
2273 1281 2450 1334 neque
2508 1264 2794 1325 scinditur,
2846 1269 2901 1315 et
2952 1259 3204 1314 omnibus
3252 1257 3425 1323 adest,
3451 1264 3507 1309 et
3560 1258 3632 1308 ab

2047 1357 2302 1412 omnibus
2339 1364 2626 1423 separatus
2660 1359 2760 1414 est,
2789 1357 2844 1403 et
2868 1361 3055 1401 omnes
3094 1345 3267 1414 replet
3299 1361 3311 1396 :
3343 1343 3471 1412 quia
3522 1356 3631 1395 noa

2047 1457 2137 1502 est
2170 1461 2370 1514 corpus
2401 1444 2569 1509 Deus,
2603 1456 2778 1510 neque
2804 1454 3003 1507 corpus
3025 1438 3172 1493 circa
3212 1438 3410 1503 ipsum,
3450 1446 3631 1500 neque

2050 1541 2395 1594 vestimenta.
2435 1535 2712 1605 Siquidem
2738 1542 2791 1588 et
2839 1546 2965 1586 cum
3028 1529 3083 1582 in
3139 1540 3372 1595 corpore
3430 1521 3633 1587 Filius,

2048 1647 2148 1688 nec
2176 1643 2303 1687 tunc
2350 1629 2497 1685 cadit
2555 1628 2606 1682 in
2642 1639 2879 1695 corpus:
2920 1623 3011 1678 sed
3048 1619 3218 1689 magis
3270 1614 3633 1686 incorporalis

2049 1735 2240 1777 natura
2301 1718 2619 1775 elﬁcientias
2678 1714 2806 1769 fecit
2846 1727 3046 1781 corpus
3106 1710 3337 1764 suﬁerre
3368 1747 3385 1773 ,
3430 1719 3632 1775 corpus

354 1797 497 1883 sedes
524 1867 538 1893 ,
581 1797 746 1882 terra.
781 1839 953 1881 autem
1008 1827 1297 1880 scabellum
1362 1829 1552 1896 pedum
1600 1844 1834 1881 meorum
1851 1827 1940 1881 “?
1977 1811 2015 1864 Β
2042 1814 2189 1868 enim
2217 1826 2381 1880 supra
2422 1808 2622 1864 ﬂuetus
2666 1822 2773 1862 "0“
2805 1804 3048 1859 ambul“
3082 1801 3127 1842 δ’
3163 1819 3179 1855 ³
3217 1797 3517 1853 ³π¹δ¹¹¹³νίί
3540 1811 3633 1849 er"

355 1918 489 1973 Cum
515 1919 676 1972 Israel
713 1934 963 1988 maguum
1006 1919 1134 1986 quid
1158 1929 1375 1987 saperet
1408 1920 1473 1973 de
1507 1918 1725 1987 templo,
1784 1920 1937 1973 adin-

354 2014 579 2065 veniens
607 2012 709 2064 sibi
738 2010 1017 2079 templum.
1053 2009 1366 2078 Corripiens
1419 2011 1562 2063 enim
1616 2008 1845 2064 humiles
1886 2016 1941 2063 et

354 2103 675 2166 admonens,
709 2102 832 2171 quia
864 2101 1004 2154 Deus
1029 2100 1226 2169 templo
1258 2116 1365 2155 non
1391 2102 1784 2167 circumdatur,
1815 2111 1941 2154 tunc

354 2194 484 2247 dicit
511 2211 524 2247 :
554 2192 751 2248 Caelum
773 2194 901 2247 mihi
930 2194 1075 2247 sedes
1103 2236 1117 2260 ,
1147 2205 1281 2247 terra
1324 2203 1497 2246 autem
1534 2194 1815 2246 scabellum
1848 2209 1942 2260 pe-

354 2284 480 2336 dum
506 2300 758 2336 meorum.
790 2282 897 2338 Hoc
926 2293 983 2336 ut
1011 2283 1193 2350 parvis
1235 2282 1496 2351 loquitur.
1534 2283 1599 2337 Et
1625 2284 1753 2353 quid
1793 2283 1942 2337 addit

356 2373 719 2442 interpretans
742 2388 804 2427 ea
838 2388 957 2442 qua:
981 2374 1119 2427 dixit
1146 2391 1158 2427 :
1191 2373 1359 2439 Quam
1403 2374 1616 2426 domum
1652 2373 1942 2441 redi/Scabi-

356 2465 423 2517 tis
446 2466 593 2524 milii,
621 2476 668 2519 et
703 2466 817 2529 quis
852 2464 996 2519 locus
1047 2466 1384 2535 requietionis
1447 2483 1576 2521 mea:
1597 2465 1681 2521 ”?
1706 2467 1784 2520 Ad
1841 2465 1943 2520 hoc

357 2552 484 2606 illud
510 2554 640 2608 utile
668 2572 682 2607 :
711 2553 775 2607 ad
806 2563 1055 2607 naturam
1081 2566 1260 2609 autem
1289 2571 1357 2610 ne
1373 2557 1590 2625 quidem
1615 2556 1769 2610 illud.
1799 2556 1942 2611 Audi

356 2644 500 2696 enim
531 2643 673 2698 illius
710 2645 1003 2714 magniﬁca:
1035 2648 1181 2700 vocis
1211 2646 1617 2700 admirationem
1646 2662 1660 2700 :
1690 2645 1754 2699 In
1789 2662 1945 2698 mun-

360 2733 430 2787 do
465 2745 601 2801 erat,
635 2745 727 2800 et,
782 2738 915 2789 venit
961 2738 1028 2789 ad
1067 2741 1317 2791 mundum
1336 2737 1399 2789 ³⁵.
1456 2741 1755 2807 Antequam
1801 2738 1944 2791 enim

365 2838 646 2897 putaretur
694 2831 908 2896 adesse,
950 2830 1169 2907 aderat.
1208 2830 1323 2885 Non
1361 2842 1444 2885 est
1472 2832 1560 2885 ubi
1593 2847 1697 2885 non
1725 2841 1852 2886 est:
1890 2839 1947 2885 et

357 2919 481 2987 quia
516 2920 717 2990 ubique
764 2932 864 2987 est,
898 2938 1001 2977 non
1038 2923 1404 2976 circumdatur
1433 2936 1461 2976 a
1500 2923 1638 2977 loco.
1697 2922 1752 2976 Si
1790 2923 1938 2977 enim

360 3013 415 3067 in
448 3012 568 3068 loco
596 3024 731 3075 erat.
752 3015 803 3067 in
835 3015 943 3071 alio
974 3015 1090 3070 loco
1116 3032 1221 3070 non
1248 3026 1387 3070 erat.
1414 3015 1549 3082 Quia
1588 3016 1730 3069 enim
1759 3017 1943 3071 omnia

357 3104 549 3176 implet
574 3106 688 3160 loca
712 3147 726 3172 ,
758 3117 811 3162 et
849 3108 1100 3162 omnibus
1160 3120 1446 3178 separatus
1474 3116 1575 3173 est,
1610 3110 1788 3172 adest,
1838 3124 1942 3163 non

2041 1922 2108 1978 go
2148 1904 2307 1961 Jesus
2330 1918 2427 1974 per
2458 1917 2677 1970 corpus.
2714 1898 2830 1955 Non
2854 1911 2985 1968 ergo
3019 1895 3193 1951 deitas
3223 1892 3450 1947 deducta
3480 1898 3562 1943 est
3599 1902 3631 1938 a

2042 2011 2293 2067 corpore,
2347 1995 2443 2051 sed
2474 2007 2675 2063 corpus
2710 1991 2979 2045 elevatum
3016 1996 3101 2041 est
3130 2000 3159 2039 a
3192 1984 3436 2038 deitate:
3482 1980 3632 2048 apuit

2042 2105 2260 2160 corpus,
2286 2089 2405 2158 ejus
2436 2087 2582 2142 enim
2606 2092 2801 2139 natura
2841 2089 2947 2136 est.
2978 2078 3079 2146 Qui
3105 2086 3285 2131 autem
3314 2075 3367 2129 in
3399 2087 3633 2141 corpore

2042 2184 2230 2235 adesse
2261 2179 2513 2248 dignatus
2556 2184 2660 2241 est,
2690 2171 2851 2228 simul
2899 2185 3023 2225 cum
3046 2176 3204 2236 sputo
3240 2164 3424 2219 emisit
3451 2163 3631 2216 virtue

2045 2281 2149 2326 tem
2177 2285 2279 2324 non
2312 2269 2557 2323 incidens
2586 2282 2615 2319 a
2645 2280 2728 2331 se,
2761 2273 2814 2319 et
2839 2262 3010 2317 lutum
3034 2260 3195 2316 ﬁebat
3220 2274 3287 2314 ex
3320 2267 3483 2328 sputo
3514 2273 3530 2313 :
3561 2269 3631 2310 ex

2043 2372 2202 2431 sputo
2237 2372 2419 2415 autem
2464 2370 2519 2413 et
2569 2357 2683 2411 luto
2733 2354 2923 2411 oculos
2979 2353 3072 2423 qui
3136 2361 3344 2405 natura:
3395 2349 3631 2402 deerant

2044 2452 2429 2524 ﬁguravit:ut
2457 2449 2701 2504 abinitio
2732 2446 2964 2501 intueris
3000 2452 3168 2499 totum
3228 2441 3448 2513 quidem
3505 2454 3634 2494 cor-

2044 2562 2145 2618 pus
2170 2545 2503 2603 alleviatum.
2530 2550 2584 2596 et
2630 2541 2953 2596 vestimenta
3003 2535 3248 2606 corporis
3290 2533 3578 2588 cllicientia
3614 2546 3630 2582 :

2044 2647 2101 2692 et
2146 2637 2213 2691 ad
2268 2635 2622 2698 vestimenta,
2660 2641 2718 2686 ut
2763 2631 2948 2685 videas
2965 2630 3089 2699 quia
3116 2628 3303 2683 divina
3332 2626 3509 2680 virtus
3532 2640 3634 2692 per

2045 2744 2240 2785 omnes
2294 2736 2546 2798 penetrat
2579 2725 2671 2795 qui
2733 2723 3048 2792 tetigerunt.
3108 2720 3264 2774 Sicut
3309 2717 3455 2771 enim
3491 2716 3635 2785 ignis

2045 2820 2299 2877 calefacit
2331 2817 2581 2890 proxima
2623 2816 2764 2879 sibi,
2814 2824 2869 2869 et
2909 2828 3005 2882 per
3054 2809 3313 2866 calefacta
3366 2808 3451 2862 his
3513 2821 3635 2877 qua:

2046 2914 2415 2984 adiunguntur
2493 2906 2767 2963 calefactis
2848 2905 3081 2960 calorem
3160 2900 3402 2969 impertit
3468 2911 3485 2949 :
3561 2897 3634 2950 ita

2047 3001 2407 3060 sanctiﬁcavit
2442 3000 2704 3057 Dominus
2733 3012 2931 3068 corpus
2967 2995 3110 3066 quod
3170 2992 3403 3061 accepit,
3426 2998 3484 3045 et
3536 3004 3635 3058 per

2047 3110 2248 3165 corpus
2275 3102 2520 3163 sputum,
2550 3102 2606 3147 et
2639 3106 2735 3161 per
2758 3104 2960 3158 corpus
2988 3086 3331 3143 vestimenta.
3360 3082 3454 3138 illa
3486 3082 3632 3138 enim

359 3166 515 3251 adest
549 3214 562 3251 :
601 3166 723 3251 non.
742 3206 896 3267 potes
936 3166 1240 3267 intelligere
1277 3207 1353 3252 tu.
1387 3198 1498 3252 Hoc
1517 3166 1661 3252 enim
1691 3166 1943 3267 estquod
1972 3166 2015 3223 δ
2056 3186 2252 3241 mulier
2272 3200 2393 3254 quae
2421 3183 2791 3238 summitatem
2841 3178 3068 3233 ﬁmbriae
3113 3175 3285 3246 tetigit
3343 3174 3632 3228 vesﬁmen-

358 3290 625 3359 quatritur
676 3306 689 3343 :
754 3288 891 3343 nihil
941 3289 1385 3354 Samaritanum,
1443 3289 1574 3343 nihil
1639 3288 1940 3354 Iudaicum,

361 3378 491 3431 nihil
523 3378 623 3431 tale
651 3386 707 3430 ut
737 3378 888 3432 dicas
920 3396 933 3432 :
974 3378 1163 3432 Patres
1194 3380 1357 3432 nostri
1404 3380 1457 3431 in
1485 3388 1660 3432 monte
1682 3379 1779 3432 ltoc
1811 3382 1942 3431 ado-

359 3479 606 3523 raverunt
652 3469 717 3521 ³⁵.
774 3467 887 3523 Hoc
942 3470 1086 3523 enim
1152 3468 1615 3524 Samaritanorum
1650 3479 1783 3523 est:
1839 3467 1943 3522 Vos

360 3570 533 3613 autem
586 3562 763 3615 dicitis
818 3561 875 3613 in
931 3559 1304 3630 Hierosolyma
1374 3577 1483 3614 esse
1530 3559 1777 3614 locum“.
1826 3558 1942 3614 Non

363 3651 495 3705 mihi
545 3662 779 3715 montes,
817 3667 925 3706 non
988 3651 1208 3720 templa,
1239 3666 1342 3705 non
1379 3651 1676 3716 civitatem,
1708 3667 1815 3705 non
1855 3664 1943 3705 re-

363 3745 600 3813 gionem,
654 3760 761 3798 non
827 3743 1028 3808 locum,
1090 3759 1190 3798 nec
1244 3755 1606 3808 terram,nec
1640 3757 1811 3809 mare,
1845 3757 1943 3798 nec

361 3851 588 3901 aerem;
634 3850 754 3890 cum
817 3836 955 3891 cmlo
1008 3835 1140 3889 nihil
1186 3834 1491 3890 Judaicum.
1524 3835 1670 3890 Bona
1698 3836 1781 3888 lex
1810 3846 1939 3891 est:

365 3926 451 3981 lac
478 3929 661 3997 parvis
685 3927 818 3982 utile
849 3937 953 3982 est.
989 3927 1190 3982 Factus
1243 3942 1302 3982 es
1352 3927 1641 3997 perfectus,
1681 3926 1943 3981 formatus

359 4034 441 4088 es,
491 4036 691 4076 excusa
716 4021 867 4085 illud,
897 4021 1039 4089 quod
1073 4020 1368 4089 aliquando
1421 4019 1515 4074 tibi
1545 4019 1832 4073 videbatur
1864 4018 1942 4072 ci-

359 4115 501 4168 vitas
556 4114 672 4180 Dei,
732 4113 989 4183 templum
1043 4111 1158 4180 Dei,
1215 4112 1471 4181 templum
1521 4111 1760 4166 Domini.
1800 4110 1941 4164 Dicit

358 4207 502 4260 enim
537 4202 835 4258 Jereinias:
889 4201 1163 4271 Templum
1214 4200 1448 4265 Domini,
1500 4203 1545 4255 si
1592 4200 1935 4263 servaveritis,

360 4296 553 4363 inquit,
582 4294 831 4347 mandata
857 4293 1066 4346 Domini
1089 4291 1155 4342 ³⁷.
1206 4291 1411 4347 Decora
1452 4308 1552 4346 vox
1581 4293 1754 4361 primo
1794 4292 1936 4344 testi.

362 4381 614 4436 Salomon
669 4392 849 4435 autem
906 4380 1190 4433 aediﬁcavit
1225 4380 1327 4433 sibi
1371 4381 1609 4445 domum,
1662 4382 1738 4435 ait
1779 4396 1795 4435 :
1845 4381 1939 4435 sed

358 4470 679 4533 Altissimus,
711 4471 900 4539 inquit,
932 4486 1033 4522 non
1067 4469 1269 4522 habitat
1299 4470 1354 4522 in
1404 4470 1721 4539 manufuctis
1756 4472 1933 4525 homi-

360 4578 483 4614 num
504 4561 570 4613 ⁸⁸.
599 4562 910 4615 Altissimus
941 4572 995 4614 et
1026 4577 1130 4616 non
1163 4562 1213 4615 in
1240 4563 1464 4616 civitate
1493 4580 1505 4615 :
1536 4562 1850 4618 Altissimus
1882 4576 1932 4619 et

358 4669 463 4707 non
534 4654 587 4707 in
650 4655 869 4723 templo.
923 4654 989 4708 Et
1054 4654 1190 4709 dicit
1237 4670 1333 4724 per
1365 4656 1531 4708 alium
1562 4659 1932 4725 prophetam:

359 4743 587 4798 Sanctus
618 4762 757 4810 sum,
786 4755 833 4798 et
864 4761 965 4799 non
996 4747 1262 4813 ingrediar
1296 4748 1561 4801 civitatem
1577 4747 1641 4801 ³9.
1670 4748 1725 4802 Si
1754 4761 1933 4805 autem

359 4836 411 4888 in
462 4838 734 4890 civitatem
801 4854 905 4892 non
964 4839 1289 4907 ingreditur,
1338 4840 1390 4893 in
1424 4840 1623 4910 templo
1661 4844 1935 4910 quomodo

358 4922 602 4975 habitat?
627 4930 677 4975 ut
712 4922 924 4976 dicatur
949 4924 1145 4978 coelum
1170 4924 1351 4991 sedes,
1388 4936 1575 4979 utnon
1604 4926 1798 4980 domus
1831 4941 1933 4996 pu-

358 5022 502 5068 tetur
530 5023 581 5067 et
615 5023 761 5067 terra
795 5015 1134 5069 scabellum?
1166 5015 1266 5082 Qui
1292 5025 1469 5069 autem
1513 5018 1664 5070 novit
1692 5033 1815 5071 eum
1841 5018 1932 5086 qui

356 5118 414 5157 se
447 5104 653 5172 genuit,
679 5105 794 5171 ipse
825 5107 930 5159 scit
977 5115 1033 5158 et
1069 5107 1273 5159 revelat
1305 5107 1431 5175 quia
1487 5106 1663 5160 nullus
1700 5122 1823 5161 eum
1854 5109 1934 5161 vi-

357 5195 455 5252 dit.
493 5196 560 5249 Et
604 5207 753 5251 certe
787 5197 935 5251 venit
982 5197 1167 5261 Pater,
1196 5207 1251 5252 et
1286 5199 1489 5252 habitat
1525 5209 1577 5253 et
1611 5198 1930 5254 inambulat.

359 5288 425 5341 Et
452 5298 601 5345 certe
626 5290 715 5343 illa
763 5290 1151 5358 consequentia
1189 5306 1298 5344 non
1326 5292 1571 5346 consedit
1599 5291 1713 5363 (η)
1746 5293 1934 5346 ambu-

355 5375 633 5436 lationem.
663 5379 723 5434 Si
753 5381 896 5434 enim
936 5389 1105 5434 totum
1137 5380 1339 5435 cmlum
1372 5383 1528 5436 sedes
1557 5381 1693 5449 ejus,
1728 5390 1783 5436 et
1823 5392 1931 5436 tota

448 5560 491 5590 ³²
525 5559 630 5633 lsa.
653 5578 795 5626 vai,
831 5563 883 5616 1.
958 5561 1005 5596 ³³
1039 5564 1168 5623 ibid.
1232 5566 1454 5621 “Joan.
1492 5581 1531 5633 ι,
1554 5566 1639 5620 l0.

358 5630 448 5684 24.
526 5632 568 5662 ³³
601 5631 724 5686 Ose.
761 5649 835 5697 xi,
862 5634 915 5686 9.
1025 5633 1069 5664 ιθ
1107 5638 1261 5690 Hom.
1289 5630 1523 5705 “11,14.

433 5718 543 5786 (12)
576 5718 841 5773 Consedit.
864 5720 1021 5773 Forte
1049 5724 1304 5781 concedit.

433 5787 545 5852 (ιῦ)
580 5788 711 5843 Nos.
751 5788 915 5844 Forte
941 5807 1061 5843 non.

1717 5567 1761 5599 "
1783 5566 1940 5623 Joan.
1968 5583 2043 5629 iv,
2068 5567 2157 5622 20.

1599 5636 1642 5668 “
1674 5637 1833 5695 Joan.
1871 5653 1947 5707 vt,
1993 5639 2079 5694 t9.

2054 3288 2252 3343 torum,
2288 3277 2487 3332 fontem
2513 3274 2871 3328 insanabilem
2901 3269 3179 3339 sanguinis
3241 3267 3468 3328 habens,
3500 3265 3609 3319 hau

2053 3370 2143 3425 riit
2169 3384 2265 3439 per
2312 3369 2579 3422 ﬁmbriam
2614 3365 2866 3421 sanitatis
2905 3360 3172 3417 medelam
3201 3358 3246 3390 δ’
3289 3376 3304 3413 :
3344 3372 3376 3410 a
3430 3356 3633 3411 deitate

2052 3462 2259 3517 scilicet
2289 3475 2411 3531 quae
2447 3460 2634 3513 aderat
2668 3459 2720 3513 in
2743 3470 2969 3525 corpore
3002 3452 3131 3507 :sed
3166 3449 3495 3505 vestimenta
3520 3450 3634 3517 ejus

2051 3555 2419 3626 praesentiam.
2450 3550 2638 3619 Neque
2673 3550 2837 3620 igitur
2868 3549 2983 3617 ipse
3016 3558 3217 3614 corpus
3262 3541 3630 3596 necessarium

2051 3644 2242 3701 habuit
2267 3660 2280 3697 :
2313 3645 2406 3699 sed
2429 3645 2627 3715 quibus
2664 3651 2784 3698 erat
2807 3640 2936 3694 utile
2965 3638 3281 3706 contingere
3303 3645 3359 3691 et
3393 3635 3627 3689 tunicam

2049 3744 2106 3791 et
2163 3750 2380 3804 corpus,
2410 3745 2466 3789 et
2522 3750 2619 3805 per
2671 3734 2924 3805 spiritum
2979 3731 3166 3784 videre
3234 3726 3627 3797 incorporalem

2050 3825 2241 3891 Deum,
2262 3825 2353 3894 qui
2390 3824 2694 3879 ministerio
2724 3820 3142 3890 iucorporalium
3176 3819 3326 3873 dives
3360 3827 3500 3873 erat.
3531 3815 3624 3868 Mi-

2049 3917 2330 3972 nisterium
2372 3925 2553 3970 autem
2579 3916 2806 3969 audiens
2840 3929 2947 3968 nou
3001 3911 3385 3966 necessitatem
3441 3906 3625 3961 audire

2049 4008 2231 4073 debes,
2267 4008 2359 4063 sed
2399 4006 2726 4063 beneﬁcium
2770 4021 2959 4061 eorum
2994 4004 3088 4072 qui
3139 4002 3477 4067 ministrant,
3519 4013 3621 4053 non

2049 4115 2203 4153 usum
2255 4107 2436 4154 tamen
2493 4097 2611 4167 ejus
2663 4098 2757 4166 qui
2789 4096 3174 4150 ministratur:
3210 4091 3437 4147 multum
3478 4090 3615 4145 enim

2048 4211 2146 4250 nos
2185 4195 2295 4266 (1⁸5)
2323 4209 2609 4264 prosumus
2637 4193 2767 4255 Deo,
2792 4191 2921 4261 quia
2946 4190 3189 4243 videmur
3227 4201 3325 4255 pro
3360 4186 3471 4240 Deo
3497 4199 3623 4240 con-

2050 4287 2288 4341 tendere.
2318 4284 2488 4340 Nohis
2514 4283 2657 4337 enim
2687 4281 2895 4336 lucrum
2925 4289 3027 4343 est,
3058 4288 3118 4332 ut
3148 4276 3386 4347 religiosi
3407 4276 3577 4330 simus
3604 4292 3619 4329 :

2047 4378 2201 4432 nobis
2228 4377 2437 4431 lucrum
2471 4384 2556 4429 est
2590 4375 2636 4428 si
2679 4388 2784 4428 non
2816 4385 3101 4442 perversas
3153 4368 3507 4423 habuerimus
3559 4369 3624 4422 de

2048 4470 2157 4524 Deo
2183 4479 2410 4534 mentes,
2445 4481 2511 4521 ne
2532 4476 2587 4521 et
2615 4465 2930 4519 decidamus
2976 4478 3005 4516 a
3035 4462 3166 4517 Deo.
3201 4459 3410 4513 Decidit
3445 4468 3623 4513 autem

2042 4562 2224 4617 omnis
2257 4576 2285 4613 a
2317 4558 2572 4628 Deo,,qui
2610 4557 2784 4611 aliena
2823 4555 2984 4625 sapit.
3014 4556 3088 4608 De
3138 4566 3245 4622 quo
3282 4551 3327 4605 si
3371 4550 3623 4605 didiceris

2043 4654 2113 4706 ita
2149 4661 2207 4704 ut
2229 4660 2331 4716 est,
2370 4644 2543 4703 habes
2574 4662 2695 4701 eum
2731 4663 2746 4701 :
2786 4646 2832 4701 si
2865 4653 3045 4697 autem
3071 4642 3234 4696 alium
3267 4655 3367 4709 pro
3390 4640 3497 4694 alio
3527 4654 3621 4708 pu-

2044 4745 2261 4808 taveris,
2299 4757 2420 4796 eum
2450 4742 2539 4809 qui
2586 4749 2669 4794 est
2704 4754 2811 4793 non
2843 4737 3090 4792 habebis.
3135 4733 3271 4800 Quia
3320 4747 3428 4787 non
3460 4745 3622 4801 agno-

2040 4835 2166 4889 visti
2191 4848 2349 4903 quem
2383 4844 2560 4903 putas,
2597 4847 2703 4884 non
2730 4831 2897 4884 habes
2919 4844 3041 4884 eum
3072 4827 3232 4896 :quia
3276 4838 3384 4878 non
3423 4832 3507 4877 est
3543 4833 3623 4875 ta-

2039 4925 2106 4979 lis
2133 4925 2341 4994 qualem
2372 4912 2554 4993 putas.
2613 4921 2731 4976 Non
2783 4923 2849 4975 de
2890 4919 3131 4989 quolibet
3186 4924 3464 4971 certamen
3514 4921 3619 4967 est.

2040 5015 2333 5069 lrridemus
2361 5029 2457 5068 eos
2503 5022 2557 5067 et
2583 5013 2707 5082 quia
2764 5013 2867 5066 ista
2932 5025 3097 5081 parva
3156 5006 3481 5074 delinquunt
3527 5003 3621 5072 qui

2040 5108 2291 5178 ignorant
2323 5116 2467 5159 artes
2496 5121 2510 5157 :
2539 5105 2629 5158 ubi
2661 5119 2753 5157 ars
2784 5112 2866 5157 est
2895 5099 3223 5162 necessaria,
3271 5111 3366 5151 eos
3388 5096 3480 5164 qui
3512 5110 3618 5147 non

2040 5208 2401 5269 assequuntur
2469 5212 2533 5253 ea
2592 5211 2712 5265 quae
2761 5196 3008 5257 audiunt,
3072 5192 3387 5260 frequenter
3432 5187 3619 5241 dicen-

2040 5301 2147 5347 tem
2173 5292 2284 5362 (M)
2315 5292 2484 5355 vides,
2518 5290 2770 5350 dicimus,
2806 5302 2910 5340 non
2950 5284 3128 5351 audis,
3174 5298 3279 5336 non
3335 5279 3615 5347 intelligis.

2040 5382 2206 5452 Igitur
2230 5385 2297 5438 de
2326 5384 2409 5437 his
2442 5397 2561 5451 quae
2592 5379 2871 5435 hominum
2903 5386 3052 5440 sunt,
3100 5373 3255 5443 culpa
3303 5382 3388 5427 est
3420 5373 3466 5424 si
3512 5383 3617 5423 non

2236 5567 2280 5599 ³ο
2319 5567 2450 5622 ibid.
2527 5563 2938 5629 "Jer.vn,4.
3015 5552 3614 5629 «Aci.vu,48;xm.

2185 5639 2229 5670 “
2266 5637 2455 5691 Matth.
2491 5653 2569 5700 ix,
2600 5635 2793 5690 20-29.

2113 5726 2226 5797 (14)
2254 5728 2542 5783 Dicentem.
2571 5725 2731 5783 Forte
2760 5726 3007 5781 dicentes.
