3822 6218
180 347 322 403 1125

1136 345 1223 400 DE
1256 344 1719 402 INCORPORALI
1761 344 1848 398 ET
1884 345 2227 401 INVISIBILI
2269 345 2424 403 DEO.

3308 349 3447 404 “26

175 466 530 523 habuerimus
589 466 656 520 de
686 462 943 521 invisibili
997 466 1127 520 Deo.
1153 468 1285 521 Cum
1315 478 1492 521 autem
1524 468 1647 537 quis
1674 474 1767 520 aut
1797 471 1841 527 Α
1870 466 2135 519 intettecla
2168 465 2644 535 conspiciuntur“.
2694 464 2832 533 Quid
2872 475 2978 531 est,
3010 465 3282 521 intellecta
3309 483 3447 522 con.

174 560 509 628 despexerit,
541 570 634 614 aut
690 560 877 615 audire
934 560 1189 625 noluerit,
1218 570 1311 614 aut
1334 561 1633 630 intelligere
1661 562 1762 614 mi-

174 669 278 707 nus
326 652 587 723 potuerit,
617 654 744 721 quid
790 662 946 722 putas
974 652 1118 707 erit?
1170 652 1287 708 Noli
1324 669 1509 708 errare
1547 670 1576 707 a
1628 654 1756 707 Deo.

172 745 317 799 Laus
346 746 460 809 Dei,
485 746 689 814 agnitio
716 756 800 799 est
835 745 950 800 Dei.
981 746 1290 801 Secundum
1328 748 1472 814 quod
1496 756 1580 800 est
1604 748 1760 802 nobis

171 837 433 905 possibile
473 837 728 891 recedere
777 852 805 890 a
862 836 1283 892 consuetudine.
1330 836 1444 890 Non
1480 837 1757 892 hominem

171 932 373 997 qtntvris
423 940 482 984 ut
512 931 726 998 aperias
774 928 822 984 ei
874 929 1058 984 oculos
1085 928 1197 1001 (15)
1223 938 1276 983 et
1317 945 1498 993 aures,
1531 942 1586 983 et
1617 945 1678 984 os
1704 938 1758 983 et

171 1022 435 1091 linguam,
488 1035 540 1074 et
575 1036 791 1085 manus,
829 1030 882 1075 et
908 1031 1117 1090 pectus,
1148 1031 1204 1075 et
1250 1021 1437 1091 pedes,
1471 1028 1526 1075 et
1588 1036 1757 1090 ponas

167 1117 269 1168 sub
294 1128 357 1168 eo
386 1114 608 1179 sedem,
642 1123 696 1166 et
727 1113 988 1183 subjicias
1019 1100 1335 1174 scabellum,
1366 1121 1421 1166 et
1481 1127 1755 1182 supponas

177 1217 403 1260 terram.
450 1204 567 1260 Non
623 1215 706 1259 est
755 1220 821 1258 ex
878 1205 1034 1259 nobis
1066 1204 1350 1267 Dmninus,
1385 1205 1478 1259 sed
1526 1220 1624 1260 nos
1659 1221 1755 1274 per

168 1301 344 1368 ipsum
388 1314 594 1352 sumus.
625 1298 718 1352 Vis
759 1310 939 1351 autem
989 1298 1232 1353 ediscere
1258 1298 1381 1366 quia
1431 1312 1535 1351 non
1574 1307 1656 1352 est
1686 1314 1752 1352 ex

167 1392 367 1445 nobis?
396 1390 469 1445 De
496 1391 633 1445 Filio
664 1390 780 1459 ejus
802 1406 925 1443 cum
962 1390 1163 1444 dictum
1191 1399 1363 1453 esset,
1414 1388 1751 1455 Emmanuel,

166 1482 438 1535 nobiscum
499 1481 729 1547 Deus“;
782 1496 888 1535 non
956 1480 1275 1549 simpliciter
1332 1481 1610 1534 nobiscum
1668 1490 1753 1535 est

164 1574 392 1637 dictum,
422 1573 517 1626 sed
552 1590 673 1626 cum
717 1573 768 1627 in
826 1588 1056 1642 corpore
1105 1575 1249 1627 venit
1299 1572 1587 1638 Dominus,
1624 1583 1751 1629 tunc

164 1667 448 1721 nobiscum
478 1683 492 1721 :
518 1682 640 1720 cum
670 1665 830 1737 Virgo
858 1667 910 1719 in
946 1676 1099 1721 utero
1149 1666 1402 1735 concepit
1435 1708 1451 1733 ,
1482 1675 1607 1720 tunc
1656 1660 1750 1720 nol

165 1763 381 1815 biscum
430 1761 592 1815 Deus.
632 1762 772 1816 Ante
820 1762 977 1816 istam
1036 1770 1216 1815 autem
1264 1762 1747 1831 dispensationem,

162 1854 329 1907 etiam
367 1853 490 1906 dum
521 1864 667 1907 esset
696 1869 952 1922 praesens,
1007 1869 1114 1907 non
1164 1863 1281 1907 erat
1332 1855 1636 1909 nobiscum.
1692 1852 1747 1909 Si

161 1944 309 1996 enim
339 1957 536 2011 corpus
572 1941 767 1998 ieceris
799 1945 962 1997 Deum
989 1981 1004 2008 ,
1029 1954 1084 1997 et
1112 1958 1308 2012 corpus
1352 1944 1748 2015 plenitudinem

160 2036 285 2091 caeli
320 2044 375 2090 et
407 2046 588 2099 terra,
623 2044 717 2089 aut
747 2037 891 2106 quod
930 2049 1153 2105 superat
1180 2052 1341 2108 supra
1368 2039 1512 2105 haec;
1543 2040 1595 2093 iu
1633 2039 1751 2109 ipso

159 2143 333 2197 pones
362 2126 582 2193 coelum,
608 2137 661 2181 et
692 2136 852 2182 terra:
878 2127 1107 2197 lapides,
1135 2138 1190 2184 et
1234 2133 1414 2185 omnia
1450 2146 1568 2200 qua:
1602 2140 1746 2187 sunt.

158 2218 217 2272 Si
238 2219 381 2271 enim
413 2228 473 2273 ut
495 2234 692 2287 corpus
716 2228 1067 2273 coextensum
1098 2230 1181 2273 est
1203 2222 1548 2290 corporibus,
1574 2224 1750 2291 primo

158 2311 380 2377 quidem
403 2312 657 2366 abstrahe
696 2312 878 2366 omnia
906 2353 921 2377 ,
965 2323 1021 2366 ut
1052 2312 1226 2368 locmn
1258 2314 1455 2368 habeat
1489 2315 1651 2370 Deus.
1690 2315 1746 2370 Si

156 2403 306 2455 enim
355 2417 552 2472 corpus
591 2413 999 2473 estmagnum:
1031 2412 1326 2472 egestatem
1385 2404 1506 2459 dico
1546 2420 1748 2475 paupe-

158 2511 311 2561 rum,
344 2511 449 2548 non
480 2496 670 2564 implet
690 2496 868 2549 omnia
906 2511 918 2545 :
947 2496 1128 2549 nullus
1152 2497 1290 2549 alius
1318 2497 1514 2551 habeat
1545 2498 1744 2569 locum.

156 2585 359 2640 Omnia
395 2587 538 2641 enim
568 2586 828 2655 prmvenit
864 2584 1026 2643 Deus.
1060 2586 1125 2639 Et
1159 2587 1302 2641 sicut
1337 2587 1603 2656 repletum
1650 2604 1744 2644 vas

162 2679 352 2739 fuerit,
378 2692 444 2732 eo
471 2679 561 2747 qui
593 2666 949 2747 praecesserat
988 2678 1250 2746 replente,
1296 2695 1401 2735 non
1453 2691 1537 2734 est
1598 2680 1747 2736 locus

155 2783 218 2823 ut
242 2771 659 2839 supermittatur
699 2770 898 2839 aliquid
948 2770 1093 2824 aliud
1125 2788 1139 2825 :
1175 2772 1245 2825 ita
1294 2773 1338 2826 si
1374 2771 1515 2827 Deus
1551 2789 1747 2841 corpus

154 2872 260 2923 est,
307 2863 582 2931 prmcessit
642 2872 821 2916 autem
880 2864 1103 2930 omnia,
1144 2880 1250 2917 non
1299 2864 1494 2919 haheat
1548 2866 1744 2922 coelum

154 2955 338 3009 locum
388 2964 447 3011 ut
502 2956 688 3022 faciat,
752 2970 928 3025 neque
989 2965 1131 3009 terra
1188 2956 1404 3022 locum;
1469 2961 1746 3027 praecessit

154 3049 304 3102 enim
332 3048 490 3103 Deus.
526 3050 580 3103 Si
622 3058 802 3102 autem
834 3058 915 3101 est
944 3047 1138 3101 malum
1168 3059 1224 3103 et
1250 3058 1415 3113 terra,
1460 3059 1513 3105 et
1551 3066 1702 3105 mare
1727 3091 1743 3116 ,

160 3151 215 3194 et
257 3157 383 3206 aer,
418 3142 599 3195 nullus
622 3141 770 3196 locus
809 3151 894 3196 est
924 3155 1161 3196 vacuus:
1209 3156 1384 3211 neque
1434 3158 1501 3196 ex
1550 3156 1742 3196 natura
1770 3164 1814 3221 ρ

151 3250 346 3287 eorum
404 3249 693 3301 corporum
752 3250 873 3304 qua:
920 3234 1123 3298 insunt,
1159 3248 1335 3301 neque
1358 3248 1425 3288 ex
1455 3238 1743 3303 pt'wsentia

158 3326 255 3379 Dei
288 3343 302 3390 ;
338 3328 463 3396 quia
498 3342 592 3393 per
621 3341 847 3394 corpora
876 3335 1168 3397 penetrans
1193 3326 1368 3389 adest,
1406 3341 1511 3379 non
1543 3342 1744 3397 corpus

152 3421 272 3487 ipse
301 3429 402 3473 est.
436 3417 714 3488 Siquidem
746 3434 842 3474 nec
892 3420 937 3473 si
964 3420 1141 3473 anima
1188 3430 1369 3473 nostra
1422 3430 1571 3475 esset
1618 3435 1741 3475 cor-

154 3530 278 3581 pus,
310 3524 526 3583 poterat
561 3530 679 3567 esse
708 3514 759 3566 in
792 3529 1041 3583 corpore.
1062 3513 1218 3569 Sicut
1249 3514 1393 3569 enim
1434 3516 1740 3585 suscipiens

153 3623 350 3675 aquam
376 3624 483 3661 non
520 3618 700 3661 manet
732 3618 993 3677 quantum
1021 3617 1161 3670 erat,
1194 3607 1288 3661 sed
1315 3608 1741 3665 additamentum

153 3708 319 3768 auget
362 3698 787 3768 magnitudinem
821 3713 1089 3752 mensura:
1118 3714 1130 3749 :
1163 3698 1234 3752 ita
1287 3713 1483 3767 corpus
1518 3699 1737 3767 corpori

151 3793 539 3860 compositum.
570 3790 635 3844 Et
669 3792 805 3845 sicut
850 3791 1118 3856 aediliciis,
1149 3800 1201 3845 et
1233 3792 1483 3854 navibus,
1516 3802 1571 3844 et
1609 3792 1741 3846 cho-

153 3883 258 3948 ris,
288 3890 342 3935 et
376 3882 608 3951 populis,
634 3890 688 3935 et
708 3880 1038 3945 civitatibus,
1064 3889 1119 3935 et
1161 3879 1327 3950 agris,
1356 3888 1408 3933 et
1435 3878 1739 3943 arboribus,

150 3973 299 4027 aliud
321 3972 425 4027 alio
457 3972 699 4026 additum
747 3980 909 4041 auget
946 3971 1416 4040 magnitudinem:
1468 3970 1511 4024 si
1559 3979 1738 4023 autem

149 4074 419 4134 angustus
448 4062 615 4117 fuerit
645 4062 816 4127 locus,
850 4076 971 4130 qua:
1014 4068 1448 4129 praecesserunt,
1480 4074 1601 4128 qua)
1638 4074 1732 4111 an-

149 4168 260 4211 tem
316 4155 878 4219 subintroducuntur,
943 4169 1046 4207 non
1095 4153 1370 4207 habebunt
1434 4151 1636 4206 locum.
1680 4151 1737 4206 Si

148 4246 317 4314 igitur
367 4258 595 4312 corpora
658 4240 933 4296 adduntur
988 4243 1203 4312 corpori
1255 4244 1551 4297 constituto
1604 4242 1735 4311 Dee,

148 4337 465 4406 angelisque
498 4337 659 4398 Deus,
693 4344 849 4403 putas
873 4351 977 4390 non
1001 4345 1120 4389 erat
1147 4334 1421 4404 perfectus
1442 4345 1735 4406 antequam

147 4430 442 4485 adderetur
471 4428 706 4484 malum?
740 4427 796 4482 Si
828 4438 1009 4481 autem
1054 4428 1170 4497 ipse
1199 4438 1315 4482 erat
1350 4429 1625 4498 perfectus
1682 4440 1737 4483 et

1863 558 2203 623 Spiciuntur?
2238 558 2400 622 Deus,
2452 558 2650 627 inquit,
2710 557 2980 612 intellecta
3021 558 3273 613 visibilis.
3302 557 3449 614 Visi-

1862 649 1986 703 hilis
2043 658 2222 703 autem
2271 650 2469 705 dicitur
2509 650 2584 704 ita
2625 650 2767 703 sicut
2793 649 3052 718 scriptum
3089 660 3191 717 est,
3242 648 3310 705 Et
3337 651 3445 706 vidi

1860 741 2124 795 visionem
2156 742 2247 797 Dei
2285 760 2299 795 :
2337 741 2633 805 intellecta,
2664 751 2853 811 utpote
2881 753 3208 812 suggerente
3244 742 3441 807 oculis,

1859 847 1979 901 qua:
2001 833 2131 887 vidit
2155 847 2277 887 esse
2304 833 2564 901 inscripta
2589 833 2639 886 in
2669 833 2928 901 operibus
2957 832 3094 900 ejus.
3130 833 3261 901 Quae
3298 836 3443 889 enim

1861 921 2123 990 inscripta
2151 934 2298 989 sunt,
2343 924 2497 978 nobis
2542 923 2847 978 necessaria
2885 924 3156 978 videntur.
3190 924 3302 979 Cur
3344 940 3441 979 au—

1859 1022 1967 1066 tem
1998 1012 2088 1067 illa
2115 1014 2272 1068 audis
2298 1028 2417 1083 quae.
2447 1013 2733 1068 visibiliter
2757 1014 2901 1069 dicta
2948 1024 3093 1080 sunt,
3121 1027 3312 1070 natura
3344 1032 3442 1071 au-

1862 1116 1966 1161 tem
2019 1122 2147 1161 vere
2180 1117 2235 1161 et
2268 1107 2642 1176 principaliter
2690 1122 2796 1160 non
2836 1106 3115 1162 admittis?
3159 1107 3275 1162 Vidi
3331 1109 3438 1163 Do-

1860 1201 2087 1265 minum,
2121 1200 2317 1253 audisti
2353 1214 2367 1251 :
2408 1198 2700 1253 invisibilia
2725 1197 2841 1264 ejus
2864 1213 2969 1252 non
3005 1199 3243 1253 audisti?
3268 1199 3437 1252 Audi-

1858 1294 1924 1348 sti
1953 1294 2080 1363 quia
2112 1294 2203 1348 ille
2232 1295 2419 1349 nescio
2453 1295 2542 1363 qui
2567 1294 2704 1347 vidit
2740 1293 3051 1359 Dominum,
3090 1294 3259 1349 Deum
3283 1311 3441 1351 nemo

1856 1386 1989 1440 vidit
2028 1402 2263 1454 unquam
2297 1403 2401 1442 non
2432 1386 2673 1441 audisti?
2701 1386 2915 1441 Audisti
2949 1387 3073 1456 quia
3119 1388 3210 1444 ille
3264 1390 3437 1453 novit,

1856 1493 2032 1548 neque
2067 1479 2221 1542 vidit,
2249 1494 2431 1549 neque
2460 1479 2647 1534 videre
2674 1480 2875 1550 poterit
2904 1497 2917 1532 :
2954 1496 3059 1534 non
3097 1482 3315 1549 audisti,
3342 1481 3441 1536 sed

1854 1571 2062 1625 audivit
2097 1587 2219 1626 eum
2247 1571 2415 1627 Filius
2440 1586 2576 1627 suus
2605 1574 2822 1643 magis?
2865 1586 3127 1644 quantum
3154 1576 3268 1644 ipse
3291 1574 3438 1629 enim

1857 1665 2006 1718 novit
2050 1664 2265 1718 Patrem
2307 1680 2467 1720 suum
2517 1667 2607 1736 qui
2644 1667 2720 1719 ait
2751 1686 2764 1721 :
2803 1665 2986 1736 Neque
3009 1683 3179 1720 vocem
3209 1667 3323 1737 ejus
3348 1682 3442 1721 un-

1853 1775 2008 1826 quam
2032 1758 2281 1823 audistis,
2311 1775 2473 1829 neque
2518 1759 2709 1829 faciem
2734 1758 2847 1827 ejus
2887 1760 3088 1812 vidistis
3115 1758 3183 1813 ⁸⁸.
3242 1757 3297 1813 Si
3344 1772 3442 1812 au-

1857 1862 1964 1905 tem
1990 1851 2228 1906 volueris
2255 1867 2322 1905 ex
2353 1853 2460 1907 tuis
2487 1867 2784 1924 agnoscere
2815 1852 3006 1915 Deum,
3031 1864 3087 1908 et
3110 1864 3160 1906 te
3188 1862 3242 1906 et
3269 1852 3437 1907 Deum

1855 1944 2129 2013 ignorabis
2161 1959 2174 1994 :
2211 1942 2309 1999 sed
2349 1959 2576 2029 sequere
2612 1945 2852 2009 humilis,
2882 1947 3165 2000 considera
3204 1945 3299 2000 ubi
3337 1945 3433 2000 sis.

1854 2036 1898 2090 0
1937 2047 2197 2095 quantum
2239 2037 2383 2091 inter
2439 2046 2490 2092 te
2549 2045 2603 2091 et
2642 2038 2840 2092 caelum
2898 2038 3158 2092 interest!
3201 2036 3436 2104 amplius

1852 2137 2033 2181 autem
2063 2129 2459 2197 derelinquilur
2489 2129 2685 2183 cmlum
2711 2145 2739 2183 a
2762 2129 2889 2184 Deo.
2912 2129 3024 2183 Non
3058 2130 3248 2199 spatiis
3273 2129 3431 2182 dico:

1852 2219 1985 2273 nihil
2019 2222 2164 2272 enim
2196 2221 2471 2274 desertum
2503 2219 2611 2273 Deo
2642 2229 2723 2275 est
2760 2239 2771 2273 :
2805 2221 2856 2273 in
2900 2220 3045 2273 nullo
3078 2229 3259 2274 autem
3300 2220 3431 2272 reti-

1851 2319 2011 2363 netur
2034 2309 2196 2364 Deus.
2233 2310 2396 2365 Forte
2434 2310 2523 2364 isti
2553 2325 2835 2366 sermones
2877 2312 3034 2364 aliam
3072 2311 3307 2381 linguam
3334 2326 3433 2364 ne-

1850 2401 2141 2455 cessariam
2183 2402 2552 2470 habent,quia
2598 2402 2739 2457 etde
2765 2403 2869 2455 alia
2908 2412 3098 2455 natura
3160 2403 3430 2456 dicuntur.

1849 2492 1982 2546 Cum
2039 2493 2201 2561 igitur
2252 2508 2531 2549 sermones
2598 2494 2726 2547 moti
2808 2494 3009 2547 fuerint
3066 2493 3116 2547 in
3177 2493 3433 2556 ecclesia,

1849 2583 2114 2652 siquidem
2142 2584 2207 2638 de
2238 2585 2489 2639 humanis
2521 2586 2752 2655 negotiis
2778 2626 2793 2649 ,
2841 2586 3210 2655 unusquisque
3239 2595 3436 2640 acutus

1848 2684 1902 2729 et
1929 2690 2052 2729 acer
2081 2676 2315 2741 auditor,
2346 2686 2399 2730 et
2429 2694 2496 2732 ex
2542 2680 2740 2747 quibus
2774 2679 3004 2747 patitur,
3049 2690 3103 2732 et
3139 2692 3205 2731 ex
3235 2679 3433 2746 quibus

1848 2766 2083 2820 admittit
2114 2770 2409 2836 respiciens
2440 2771 2506 2823 ad
2541 2771 2838 2833 dicentem,
2867 2778 2923 2825 et
2961 2783 3285 2839 comparans
3310 2785 3430 2840 qua:

1848 2857 2098 2912 dicantur
2129 2860 2211 2912 his
2243 2874 2363 2929 quae
2401 2864 2536 2930 agit,
2564 2872 2621 2916 et
2646 2879 2765 2931 qua:
2792 2862 3145 2931 proferuntur
3194 2864 3277 2917 his
3314 2878 3435 2934 quae

1849 2952 2084 3019 patitur;
2112 2954 2293 3006 statim
2345 2957 2583 3023 prudens
2625 2966 2679 3009 et
2722 2957 3076 3025 scrupulosus
3103 2957 3318 3011 auditor
3375 2968 3431 3010 et

1848 3048 2066 3113 agnovit
2093 3055 2146 3101 et
2174 3049 2471 3102 consensit.
2499 3047 2631 3102 Cum
2676 3062 2857 3104 autem
2885 3054 3434 3106 transmutaverimus

1848 3152 2176 3205 sermonem,
2209 3141 2349 3193 etab
2378 3141 2628 3195 humanis
2662 3143 3071 3208 recesserimus,
3098 3151 3151 3197 et
3176 3143 3243 3197 ad
3263 3143 3428 3197 Deum

1848 3237 2083 3281 mentem
2134 3232 2537 3286 ostenderimus
2574 3231 2688 3303 (17)
2742 3243 2983 3288 nostram
3028 3251 3040 3288 :
3102 3233 3225 3289 istic
3275 3232 3427 3288 multi

1846 3320 2063 3390 quidem
2106 3322 2468 3387 suscitantur,
2516 3324 2733 3394 quidam
2790 3336 3086 3393 gravantur
3131 3339 3163 3379 a
3215 3338 3430 3388 somno,

1846 3411 2193 3467 aliidelirare
2234 3424 2431 3481 putant
2458 3415 2753 3470 dicentem.
2792 3416 2860 3471 Ut
2911 3427 3094 3472 autem
3143 3418 3429 3472 condiscas

1845 3502 1949 3557 hoc
1977 3504 2168 3557 vitium
2197 3505 2269 3558 ita
2304 3520 2445 3567 esse,
2488 3507 2688 3560 audeat
2738 3509 2863 3577 quis
2899 3510 3158 3563 honestus
3216 3509 3431 3579 ingres-

1845 3608 1938 3649 sus
1969 3595 2235 3673 theatrum
2263 3597 2445 3652 dicere
2474 3613 2601 3652 vera
2654 3600 2738 3654 his
2778 3602 2868 3670 qui
2917 3602 3171 3656 mendose
3211 3603 3428 3657 conﬁn-

1844 3696 1996 3757 gunt,
2022 3698 2075 3742 et
2104 3704 2386 3745 assumere
2418 3693 2782 3746 constantiam
2811 3693 3101 3759 decoram;
3139 3694 3183 3748 si
3239 3704 3423 3750 autem

1843 3790 1896 3835 et
1928 3782 1979 3835 in
2007 3781 2098 3836 illo
2127 3783 2382 3837 decorum
2408 3795 2491 3839 est
2515 3785 2721 3855 ingredi
2753 3785 2907 3852 loco;
2940 3795 2994 3839 et
3026 3786 3248 3855 incipiat
3273 3788 3421 3842 dice-

1844 3887 1903 3930 re
1931 3892 1943 3926 :
1976 3874 2248 3939 Insanitis,
2270 3890 2304 3929 ο
2329 3874 2577 3930 homines
2610 3893 2625 3933 :
2662 3892 2771 3932 non
2809 3878 3003 3932 videtis
3045 3877 3216 3932 oculis
3250 3897 3263 3932 :
3297 3893 3425 3931 sur-

1844 3967 1924 4021 dae
1948 3968 2099 4022 vobis
2120 3978 2247 4024 sunt
2275 3984 2455 4024 aures.
2488 3970 2594 4024 Iste
2637 3971 2781 4026 enim
2809 3971 2901 4040 qui
2934 3971 3116 4037 saltat,
3150 3971 3289 4024 ludit
3328 3986 3423 4025 ve-

1843 4063 2342 4128 suameultionem,
2366 4064 2614 4132 deturpat
2641 4079 2705 4118 ea
2750 4080 2868 4133 qua:
2906 4064 3118 4130 colitis,
3158 4063 3420 4117 mentitur

1843 4159 1967 4223 iste,
1997 4166 2052 4211 et
2081 4173 2179 4212 vos
2202 4156 2545 4212 consentitis.
2576 4157 2742 4211 Putas
2771 4159 3048 4228 patientur
3069 4198 3084 4221 ,
3116 4167 3172 4209 ut
3207 4156 3427 4226 impleat

1842 4249 2247 4304 accusationem
2276 4260 2330 4303 et
2360 4251 2790 4314 convictionem,
2815 4260 2869 4304 et
2897 4266 3002 4303 non
3030 4249 3198 4319 ipsius
3226 4248 3427 4304 theatri

1843 4336 2174 4405 aecipientcs
2210 4338 2415 4406 lapides
2452 4340 2630 4393 mittet
2675 4348 2769 4392 aut
2805 4340 2985 4392 volvet
3027 4339 3425 4408 unusquisque,

1842 4437 1902 4482 ut
1931 4430 1977 4483 ei
2022 4427 2185 4483 fuerit
2210 4431 2404 4495 virtus,
2436 4442 2691 4501 tanquam
2747 4433 2811 4485 ad
2853 4434 3196 4500 deceptorem
3238 4442 3293 4486 et
3343 4434 3425 4487 in-

147 4531 489 4593 praavenerat
520 4521 723 4584 omnia,
749 4537 854 4573 non
889 4520 1161 4573 habebant
1189 4518 1366 4573 locum
1401 4535 1575 4587 mare,
1621 4530 1733 4574 ter-
1767 4507 1812 4562 Ῑ)
1842 4523 2200 4578 terlicicntem
2241 4526 2333 4594 qui
2384 4526 2708 4579 beneﬁcium
2756 4525 3066 4579 tribuebat?
3127 4524 3182 4579 Si
3245 4536 3424 4580 autem

148 4634 208 4670 ra
232 4624 289 4670 et
320 4614 539 4670 emtum.
573 4613 630 4668 Si
667 4623 847 4666 autem
890 4613 1109 4681 quidem
1140 4612 1241 4666 ista
1268 4624 1420 4677 sunt,
1459 4612 1600 4668 Deus
1638 4629 1735 4667 au-

146 4718 259 4760 tem
284 4722 345 4759 ea
401 4705 548 4768 fecit,
579 4714 635 4757 et
668 4705 954 4773 gubernat,
980 4714 1034 4758 et
1074 4705 1249 4773 regit;
1310 4704 1599 4760 invisibilis
1652 4716 1736 4759 est

146 4809 330 4850 rector
366 4794 724 4849 invisibilibus
772 4794 927 4862 aquis
974 4803 1310 4863 superstans.
1356 4793 1413 4849 Si
1446 4794 1589 4847 enim
1620 4796 1735 4864 ipse

145 4903 256 4941 nun
330 4897 571 4954 regeret,
628 4902 900 4955 nunquam
944 4900 1101 4955 passa
1152 4888 1340 4940 fuisset
1387 4896 1529 4940 terra
1559 4902 1732 4952 mare,

142 4989 201 5031 et
229 4991 402 5046 neque
427 4994 575 5031 mare
599 4987 824 5044 terram,
870 4977 1097 5032 adversa
1149 4989 1205 5032 et
1247 4977 1473 5047 jurgans
1535 4991 1728 5033 natura

142 5083 200 5124 et
222 5073 438 5142 erigens
481 5086 574 5134 se,
604 5083 658 5125 et
708 5072 997 5139 extollens,
1052 5082 1108 5125 et
1158 5072 1393 5137 minans,
1425 5072 1619 5125 indeus
1674 5080 1728 5127 et

144 5165 482 5218 contendens
514 5163 623 5233 (16)
652 5180 665 5226 ;
696 5163 952 5217 invisibili
982 5174 1161 5218 autem
1193 5179 1351 5218 manu
1378 5180 1472 5218 sua
1509 5166 1732 5220 statutis

143 5258 250 5311 sibi
279 5257 525 5310 terminis
552 5258 617 5311 lis
640 5272 743 5309 non
778 5256 1194 5325 transgreditur.
1242 5255 1386 5323 Ergo
1412 5270 1508 5326 per
1542 5258 1731 5311 visibi-

143 5350 214 5403 lia
258 5350 543 5403 invisibilis
612 5350 968 5419 conspicitur,
997 5352 1141 5404 sicut
1168 5350 1433 5420 scriptum
1461 5361 1541 5404 est
1576 5370 1589 5404 :
1627 5349 1728 5404 1η-

146 5444 372 5498 tisibilia
396 5455 570 5497 autem
597 5445 710 5497 eius
745 5460 837 5513 per
863 5453 1163 5497 creaturam
1186 5444 1370 5497 mundi
1397 5460 1461 5497 ea:
1484 5445 1725 5513 aperibus

214 5597 261 5629 ⁸³
290 5588 478 5654 Matth.
498 5613 538 5665 ι,
569 5596 660 5653 25.
736 5597 783 5629 “
806 5597 961 5653 Rom.
984 5614 1021 5662 ι,
1051 5597 1142 5652 20.
1220 5597 1265 5629 "
1289 5596 1448 5653 Joan.
1476 5613 1530 5667 ν,
1558 5598 1655 5653 37.

216 5760 327 5829 (ίεί)
353 5759 449 5812 Ms.
489 5758 560 5813 Ut
595 5777 826 5827 apponas
847 5761 894 5813 ei
916 5760 1113 5817 oculos.

220 5832 333 5888 illi)
359 5831 456 5888 ills.
479 5832 545 5887 Et
581 5833 750 5886 minas
778 5834 957 5886 induis
982 5842 1028 5887 et
1056 5829 1389 5887 contendens.

1843 4629 1898 4671 et
1926 4633 2211 4687 personam
2246 4619 2502 4682 commdi,
2531 4630 2622 4672 aut
2643 4619 2860 4673 illorum
2887 4619 2977 4688 qui
3016 4617 3089 4670 illi
3130 4617 3423 4686 plurimum

1842 4711 2081 4765 clamore
2111 4721 2464 4774 consuerunt,
2521 4712 2784 4765 inducens
2826 4710 2948 4778 quis
2992 4709 3154 4763 fuerit
3218 4709 3423 4778 ingres-

1843 4818 1938 4856 sus
1967 4802 2019 4856 in
2060 4802 2243 4857 habitu
2278 4804 2496 4873 quidem
2539 4803 2670 4872 lupi.
2716 4803 2935 4872 int'ipial
2982 4812 3161 4857 autem
3206 4803 3421 4856 dicere:

1842 4894 1939 4949 Est
1966 4893 2130 4959 Deus,
2164 4906 2218 4949 et
2250 4896 2353 4949 iste
2378 4912 2482 4949 non
2521 4896 2571 4949 in
2612 4895 2847 4963 templis,
2872 4912 2977 4949 non
3008 4896 3059 4949 in
3089 4895 3421 4958 simulacris,

1842 5003 1949 5041 non
1983 4988 2035 5042 in
2067 4989 2316 5058 picturis,
2344 5004 2450 5042 non
2474 4988 2526 5042 in
2559 4990 2809 5042 manibus
2853 4988 3121 5043 artiﬁcum
3148 5006 3163 5041 :
3196 4989 3239 5043 si
3267 4988 3420 5041 dixe-

1840 5081 1913 5134 rit
1939 5095 2063 5135 vera
2095 5082 2236 5150 apud
2261 5096 2356 5136 eos
2385 5081 2474 5149 qui
2507 5080 2837 5135 meditantur
2862 5082 3053 5134 menda
3085 5080 3222 5150 (18),
3263 5090 3421 5150 putas

1838 5171 2141 5225 concedent
2190 5171 2412 5239 implere
2465 5170 2710 5223 veritatis
2773 5185 3076 5234 sermones,
3122 5187 3225 5223 non
3295 5181 3419 5223 ante

1839 5278 2117 5318 sermones
2177 5263 2405 5317 obruent
2444 5278 2565 5317 eum
2610 5262 2878 5329 lapidibus
2926 5263 3237 5316 dicentem?
3286 5261 3418 5317 Nam

1839 5354 1941 5407 etsi
1968 5354 2091 5407 talia
2125 5370 2229 5407 non
2266 5355 2402 5408 ﬁunt
2446 5356 2496 5408 in
2557 5356 2822 5419 ecclesiis,
2862 5365 3039 5408 tamen
3078 5370 3201 5409 cum
3250 5371 3418 5425 supra

1838 5446 2251 5501 sensibilitatem
2318 5448 2650 5503 moverimus
2704 5462 3014 5503 sermonem
3050 5485 3067 5515 ,
3119 5446 3271 5503 multi
3317 5464 3417 5504 nos

1911 5756 2023 5829 (l7)
2065 5756 2459 5812 Ostenderimus
2505 5756 2669 5811 Forte
2695 5756 3101 5817 extenderimus.

1909 5829 2021 5891 (l8)
2059 5829 2272 5885 Merula.
2301 5829 2463 5887 Forte
2497 5831 2793 5884 mendacia.
