  <div class='ocr_page' id='page_1' title='image "/cluster/home/n/w/nwhite01/storage/ocr_20150623/24/nnc1.0046978259/803.png"; bbox 0 0 3822 6218; ppageno 0'>
   <div class='ocr_carea' id='block_1_1' title="bbox 376 331 516 386">
    <p class='ocr_par' dir='ltr' id='par_1_1' title="bbox 376 331 516 386">
     <span class='ocr_line' id='line_1_1' title="bbox 376 331 516 386; baseline -0.021 0"><span class='ocrx_word' id='word_1_1' title='bbox 376 331 516 386; x_wconf 69' lang='lat'><strong>“&#39;27</strong></span> 
     </span>
    </p>
   </div>
   <div class='ocr_carea' id='block_1_2' title="bbox 1085 319 2990 382">
    <p class='ocr_par' dir='ltr' id='par_1_2' title="bbox 1085 319 2990 382">
     <span class='ocr_line' id='line_1_2' title="bbox 1085 319 2990 382; baseline -0.004 -2"><span class='ocrx_word' id='word_1_2' title='bbox 1085 326 1353 382; x_wconf 81' lang='lat' dir='ltr'><strong>EUSEBII</strong></span> <span class='ocrx_word' id='word_1_3' title='bbox 1391 324 1878 381; x_wconf 63' lang='lat' dir='ltr'><strong>CxESABlENSIS</strong></span> <span class='ocrx_word' id='word_1_4' title='bbox 1916 323 2064 379; x_wconf 88' lang='lat' dir='ltr'><strong>OPP.</strong></span> <span class='ocrx_word' id='word_1_5' title='bbox 2111 323 2291 377; x_wconf 75' lang='lat' dir='ltr'><strong>PARS</strong></span> <span class='ocrx_word' id='word_1_6' title='bbox 2329 320 2422 377; x_wconf 77' lang='lat' dir='ltr'><strong>IV.</strong></span> <span class='ocrx_word' id='word_1_7' title='bbox 2464 351 2533 365; x_wconf 92' lang='lat'><strong>-</strong></span> <span class='ocrx_word' id='word_1_8' title='bbox 2572 319 2990 378; x_wconf 77' lang='lat' dir='ltr'><strong>DOGMATICA.</strong></span> 
     </span>
    </p>
   </div>
   <div class='ocr_carea' id='block_1_3' title="bbox 3496 320 3627 371">
    <p class='ocr_par' dir='ltr' id='par_1_3' title="bbox 3496 320 3627 371">
     <span class='ocr_line' id='line_1_3' title="bbox 3496 320 3627 371; baseline -0.008 0"><span class='ocrx_word' id='word_1_9' title='bbox 3496 320 3627 371; x_wconf 72' lang='grc'><strong>1128</strong></span> 
     </span>
    </p>
   </div>
   <div class='ocr_carea' id='block_1_4' title="bbox 376 434 3629 513">
    <p class='ocr_par' dir='ltr' id='par_1_4' title="bbox 376 434 3629 513">
     <span class='ocr_line' id='line_1_4' title="bbox 376 434 3629 513; baseline -0.005 -10"><span class='ocrx_word' id='word_1_10' title='bbox 376 446 799 513; x_wconf 86' lang='lat' dir='ltr'><strong>derelinquunt:</strong></span> <span class='ocrx_word' id='word_1_11' title='bbox 838 451 893 495; x_wconf 85' lang='lat' dir='ltr'><strong>et</strong></span> <span class='ocrx_word' id='word_1_12' title='bbox 923 455 1149 509; x_wconf 88' lang='lat' dir='ltr'><strong>corpore</strong></span> <span class='ocrx_word' id='word_1_13' title='bbox 1169 440 1383 508; x_wconf 82' lang='lat' dir='ltr'><strong>quidem</strong></span> <span class='ocrx_word' id='word_1_14' title='bbox 1434 440 1761 494; x_wconf 87' lang='lat' dir='ltr'><strong>erubescunt</strong></span> <span class='ocrx_word' id='word_1_15' title='bbox 1806 455 1951 493; x_wconf 83' lang='lat' dir='ltr'><strong>rece-</strong></span> <span class='ocrx_word' id='word_1_16' title='bbox 1981 450 2024 504; x_wconf 81' lang='grc' dir='ltr'>Α</span> <span class='ocrx_word' id='word_1_17' title='bbox 2053 453 2247 493; x_wconf 87' lang='lat' dir='ltr'><strong>carnes</strong></span> <span class='ocrx_word' id='word_1_18' title='bbox 2287 436 2401 508; x_wconf 76' lang='lat'><strong>(9.0)</strong></span> <span class='ocrx_word' id='word_1_19' title='bbox 2448 437 2631 490; x_wconf 87' lang='lat' dir='ltr'><strong>vivent</strong></span> <span class='ocrx_word' id='word_1_20' title='bbox 2662 452 2679 500; x_wconf 85' lang='lat'><strong>;</strong></span> <span class='ocrx_word' id='word_1_21' title='bbox 2729 436 2823 490; x_wconf 88' lang='lat' dir='ltr'><strong>sed</strong></span> <span class='ocrx_word' id='word_1_22' title='bbox 2877 436 3055 488; x_wconf 83' lang='lat' dir='ltr'><strong>anima</strong></span> <span class='ocrx_word' id='word_1_23' title='bbox 3080 471 3098 498; x_wconf 91' lang='lat'><strong>,</strong></span> <span class='ocrx_word' id='word_1_24' title='bbox 3150 442 3206 488; x_wconf 90' lang='lat' dir='ltr'><strong>et</strong></span> <span class='ocrx_word' id='word_1_25' title='bbox 3248 434 3554 504; x_wconf 80' lang='lat' dir='ltr'><strong>cogitatus,</strong></span> <span class='ocrx_word' id='word_1_26' title='bbox 3582 440 3629 487; x_wconf 74' lang='grc' dir='ltr'><strong>ε·</strong></span> 
     </span>
    </p>
   </div>
   <div class='ocr_carea' id='block_1_5' title="bbox 377 530 1953 599">
    <p class='ocr_par' dir='ltr' id='par_1_5' title="bbox 377 530 1953 599">
     <span class='ocr_line' id='line_1_5' title="bbox 377 530 1953 599; baseline -0.005 -8"><span class='ocrx_word' id='word_1_27' title='bbox 377 542 528 599; x_wconf 84' lang='lat' dir='ltr'><strong>dere,</strong></span> <span class='ocrx_word' id='word_1_28' title='bbox 556 544 738 589; x_wconf 88' lang='lat' dir='ltr'><strong>mente</strong></span> <span class='ocrx_word' id='word_1_29' title='bbox 765 541 946 586; x_wconf 91' lang='lat' dir='ltr'><strong>autem</strong></span> <span class='ocrx_word' id='word_1_30' title='bbox 974 532 1103 586; x_wconf 91' lang='lat' dir='ltr'><strong>olim</strong></span> <span class='ocrx_word' id='word_1_31' title='bbox 1134 530 1541 597; x_wconf 89' lang='lat' dir='ltr'><strong>dereliquerunt</strong></span> <span class='ocrx_word' id='word_1_32' title='bbox 1580 545 1593 581; x_wconf 88' lang='lat'><strong>:</strong></span> <span class='ocrx_word' id='word_1_33' title='bbox 1634 540 1953 599; x_wconf 75' lang='lat' dir='ltr'><strong>reputantes</strong></span> 
     </span>
    </p>
   </div>
   <div class='ocr_carea' id='block_1_6' title="bbox 376 621 1954 698">
    <p class='ocr_par' dir='ltr' id='par_1_6' title="bbox 376 621 1954 698">
     <span class='ocr_line' id='line_1_6' title="bbox 376 621 1954 698; baseline -0.008 -14"><span class='ocrx_word' id='word_1_34' title='bbox 376 629 519 698; x_wconf 78' lang='lat' dir='ltr'><strong>apud</strong></span> <span class='ocrx_word' id='word_1_35' title='bbox 547 642 627 689; x_wconf 84' lang='lat' dir='ltr'><strong>se,</strong></span> <span class='ocrx_word' id='word_1_36' title='bbox 663 625 834 693; x_wconf 79' lang='lat' dir='ltr'><strong>magis</strong></span> <span class='ocrx_word' id='word_1_37' title='bbox 860 635 1041 677; x_wconf 87' lang='lat' dir='ltr'><strong>autem</strong></span> <span class='ocrx_word' id='word_1_38' title='bbox 1070 621 1385 675; x_wconf 87' lang='lat' dir='ltr'><strong>fraudautes</strong></span> <span class='ocrx_word' id='word_1_39' title='bbox 1419 632 1474 675; x_wconf 90' lang='lat' dir='ltr'><strong>et</strong></span> <span class='ocrx_word' id='word_1_40' title='bbox 1504 637 1611 675; x_wconf 92' lang='lat' dir='ltr'><strong>non</strong></span> <span class='ocrx_word' id='word_1_41' title='bbox 1658 622 1954 674; x_wconf 85' lang='lat' dir='ltr'><strong>admitten-</strong></span> 
     </span>
    </p>
   </div>
   <div class='ocr_carea' id='block_1_7' title="bbox 376 713 1952 786">
    <p class='ocr_par' dir='ltr' id='par_1_7' title="bbox 376 713 1952 786">
     <span class='ocr_line' id='line_1_7' title="bbox 376 713 1952 786; baseline -0.006 -11"><span class='ocrx_word' id='word_1_42' title='bbox 376 729 481 775; x_wconf 83' lang='lat' dir='ltr'><strong>tes.</strong></span> <span class='ocrx_word' id='word_1_43' title='bbox 535 718 630 773; x_wconf 83' lang='lat' dir='ltr'><strong>Est</strong></span> <span class='ocrx_word' id='word_1_44' title='bbox 677 731 806 786; x_wconf 86' lang='lat' dir='ltr'><strong>ergo</strong></span> <span class='ocrx_word' id='word_1_45' title='bbox 860 714 1063 782; x_wconf 90' lang='lat' dir='ltr'><strong>aliquid</strong></span> <span class='ocrx_word' id='word_1_46' title='bbox 1107 713 1249 780; x_wconf 90' lang='lat' dir='ltr'><strong>quod</strong></span> <span class='ocrx_word' id='word_1_47' title='bbox 1283 728 1387 767; x_wconf 94' lang='lat' dir='ltr'><strong>non</strong></span> <span class='ocrx_word' id='word_1_48' title='bbox 1428 722 1605 780; x_wconf 89' lang='lat' dir='ltr'><strong>potest</strong></span> <span class='ocrx_word' id='word_1_49' title='bbox 1654 728 1842 766; x_wconf 88' lang='lat' dir='ltr'><strong>manus</strong></span> <span class='ocrx_word' id='word_1_50' title='bbox 1883 721 1952 766; x_wconf 89' lang='lat' dir='ltr'><strong>te-</strong></span> 
     </span>
    </p>
   </div>
   <div class='ocr_carea' id='block_1_8' title="bbox 378 802 1951 875">
    <p class='ocr_par' dir='ltr' id='par_1_8' title="bbox 378 802 1951 875">
     <span class='ocr_line' id='line_1_8' title="bbox 378 802 1951 875; baseline -0.006 -10"><span class='ocrx_word' id='word_1_51' title='bbox 378 825 507 865; x_wconf 78' lang='lat' dir='ltr'><strong>nere</strong></span> <span class='ocrx_word' id='word_1_52' title='bbox 540 827 554 864; x_wconf 89' lang='lat'><strong>:</strong></span> <span class='ocrx_word' id='word_1_53' title='bbox 587 817 671 863; x_wconf 88' lang='lat' dir='ltr'><strong>est</strong></span> <span class='ocrx_word' id='word_1_54' title='bbox 727 806 927 875; x_wconf 90' lang='lat' dir='ltr'><strong>aliquid</strong></span> <span class='ocrx_word' id='word_1_55' title='bbox 956 803 1101 873; x_wconf 88' lang='lat' dir='ltr'><strong>quod</strong></span> <span class='ocrx_word' id='word_1_56' title='bbox 1128 819 1235 857; x_wconf 92' lang='lat' dir='ltr'><strong>non</strong></span> <span class='ocrx_word' id='word_1_57' title='bbox 1268 812 1447 872; x_wconf 89' lang='lat' dir='ltr'><strong>potest</strong></span> <span class='ocrx_word' id='word_1_58' title='bbox 1488 804 1679 857; x_wconf 86' lang='lat' dir='ltr'><strong>oculus</strong></span> <span class='ocrx_word' id='word_1_59' title='bbox 1724 802 1951 856; x_wconf 90' lang='lat' dir='ltr'><strong>videre:</strong></span> 
     </span>
    </p>
   </div>
   <div class='ocr_carea' id='block_1_9' title="bbox 378 893 1955 970">
    <p class='ocr_par' dir='ltr' id='par_1_9' title="bbox 378 893 1955 970">
     <span class='ocr_line' id='line_1_9' title="bbox 378 893 1955 970; baseline -0.006 -13"><span class='ocrx_word' id='word_1_60' title='bbox 378 910 462 957; x_wconf 89' lang='lat' dir='ltr'><strong>est</strong></span> <span class='ocrx_word' id='word_1_61' title='bbox 495 900 695 970; x_wconf 89' lang='lat' dir='ltr'><strong>aliquid</strong></span> <span class='ocrx_word' id='word_1_62' title='bbox 729 898 871 969; x_wconf 89' lang='lat' dir='ltr'><strong>quod</strong></span> <span class='ocrx_word' id='word_1_63' title='bbox 935 913 1039 951; x_wconf 91' lang='lat' dir='ltr'><strong>non</strong></span> <span class='ocrx_word' id='word_1_64' title='bbox 1104 906 1188 951; x_wconf 88' lang='lat' dir='ltr'><strong>est</strong></span> <span class='ocrx_word' id='word_1_65' title='bbox 1227 895 1586 950; x_wconf 87' lang='lat' dir='ltr'><strong>sensibilitas.</strong></span> <span class='ocrx_word' id='word_1_66' title='bbox 1639 893 1755 949; x_wconf 78' lang='lat' dir='ltr'><strong>Non</strong></span> <span class='ocrx_word' id='word_1_67' title='bbox 1790 895 1955 948; x_wconf 86' lang='lat' dir='ltr'><strong>habes</strong></span> 
     </span>
    </p>
   </div>
   <div class='ocr_carea' id='block_1_10' title="bbox 380 988 1951 1062">
    <p class='ocr_par' dir='ltr' id='par_1_10' title="bbox 380 988 1951 1062">
     <span class='ocr_line' id='line_1_10' title="bbox 380 988 1951 1062; baseline -0.008 -10"><span class='ocrx_word' id='word_1_68' title='bbox 380 996 663 1053; x_wconf 83' lang='lat' dir='ltr'><strong>animam?</strong></span> <span class='ocrx_word' id='word_1_69' title='bbox 688 994 867 1049; x_wconf 82' lang='lat' dir='ltr'><strong>vidisti</strong></span> <span class='ocrx_word' id='word_1_70' title='bbox 902 993 999 1047; x_wconf 89' lang='lat' dir='ltr'><strong>ista</strong></span> <span class='ocrx_word' id='word_1_71' title='bbox 1025 989 1179 1062; x_wconf 72' lang='lat'><strong>(19)?</strong></span> <span class='ocrx_word' id='word_1_72' title='bbox 1207 1001 1366 1060; x_wconf 88' lang='lat' dir='ltr'><strong>putas</strong></span> <span class='ocrx_word' id='word_1_73' title='bbox 1384 1006 1534 1059; x_wconf 85' lang='lat' dir='ltr'><strong>ergo,</strong></span> <span class='ocrx_word' id='word_1_74' title='bbox 1564 988 1688 1057; x_wconf 84' lang='lat' dir='ltr'><strong>quia</strong></span> <span class='ocrx_word' id='word_1_75' title='bbox 1717 988 1951 1041; x_wconf 82' lang='lat' dir='ltr'><strong>animam</strong></span> 
     </span>
    </p>
   </div>
   <div class='ocr_carea' id='block_1_11' title="bbox 382 1081 1954 1152">
    <p class='ocr_par' dir='ltr' id='par_1_11' title="bbox 382 1081 1954 1152">
     <span class='ocr_line' id='line_1_11' title="bbox 382 1081 1954 1152; baseline -0.008 -7"><span class='ocrx_word' id='word_1_76' title='bbox 382 1108 485 1145; x_wconf 86' lang='lat' dir='ltr'><strong>non</strong></span> <span class='ocrx_word' id='word_1_77' title='bbox 518 1089 698 1143; x_wconf 79' lang='lat' dir='ltr'><strong>vidisti</strong></span> <span class='ocrx_word' id='word_1_78' title='bbox 727 1098 895 1148; x_wconf 83' lang='lat' dir='ltr'><strong>luant,</strong></span> <span class='ocrx_word' id='word_1_79' title='bbox 927 1102 1030 1139; x_wconf 91' lang='lat' dir='ltr'><strong>non</strong></span> <span class='ocrx_word' id='word_1_80' title='bbox 1061 1093 1145 1139; x_wconf 89' lang='lat' dir='ltr'><strong>est</strong></span> <span class='ocrx_word' id='word_1_81' title='bbox 1178 1083 1321 1152; x_wconf 90' lang='lat' dir='ltr'><strong>quod</strong></span> <span class='ocrx_word' id='word_1_82' title='bbox 1363 1082 1567 1136; x_wconf 87' lang='lat' dir='ltr'><strong>habes?</strong></span> <span class='ocrx_word' id='word_1_83' title='bbox 1609 1091 1665 1135; x_wconf 90' lang='lat' dir='ltr'><strong>et</strong></span> <span class='ocrx_word' id='word_1_84' title='bbox 1710 1095 1858 1135; x_wconf 78' lang='lat' dir='ltr'><strong>certe</strong></span> <span class='ocrx_word' id='word_1_85' title='bbox 1889 1081 1954 1134; x_wconf 91' lang='lat' dir='ltr'><strong>de</strong></span> 
     </span>
    </p>
   </div>
   <div class='ocr_carea' id='block_1_12' title="bbox 378 1174 1950 1243">
    <p class='ocr_par' dir='ltr' id='par_1_12' title="bbox 378 1174 1950 1243">
     <span class='ocr_line' id='line_1_12' title="bbox 378 1174 1950 1243; baseline -0.007 -5"><span class='ocrx_word' id='word_1_86' title='bbox 378 1185 559 1238; x_wconf 85' lang='lat' dir='ltr'><strong>anima</strong></span> <span class='ocrx_word' id='word_1_87' title='bbox 592 1181 787 1235; x_wconf 90' lang='lat' dir='ltr'><strong>dubius</strong></span> <span class='ocrx_word' id='word_1_88' title='bbox 821 1194 940 1232; x_wconf 89' lang='lat' dir='ltr'><strong>esse</strong></span> <span class='ocrx_word' id='word_1_89' title='bbox 967 1194 1071 1233; x_wconf 91' lang='lat' dir='ltr'><strong>non</strong></span> <span class='ocrx_word' id='word_1_90' title='bbox 1102 1177 1265 1229; x_wconf 83' lang='lat' dir='ltr'><strong>debes</strong></span> <span class='ocrx_word' id='word_1_91' title='bbox 1290 1176 1332 1229; x_wconf 91' lang='lat' dir='ltr'><strong>si</strong></span> <span class='ocrx_word' id='word_1_92' title='bbox 1363 1183 1468 1237; x_wconf 90' lang='lat' dir='ltr'><strong>est,</strong></span> <span class='ocrx_word' id='word_1_93' title='bbox 1493 1175 1585 1227; x_wconf 90' lang='lat' dir='ltr'><strong>sed</strong></span> <span class='ocrx_word' id='word_1_94' title='bbox 1611 1174 1677 1226; x_wconf 89' lang='lat' dir='ltr'><strong>de</strong></span> <span class='ocrx_word' id='word_1_95' title='bbox 1705 1189 1950 1243; x_wconf 85' lang='lat' dir='ltr'><strong>corpore.</strong></span> 
     </span>
    </p>
   </div>
   <div class='ocr_carea' id='block_1_13' title="bbox 377 1264 1951 1340">
    <p class='ocr_par' dir='ltr' id='par_1_13' title="bbox 377 1264 1951 1340">
     <span class='ocr_line' id='line_1_13' title="bbox 377 1264 1951 1340; baseline -0.01 -10"><span class='ocrx_word' id='word_1_96' title='bbox 377 1273 604 1340; x_wconf 83' lang='lat' dir='ltr'><strong>Corpori</strong></span> <span class='ocrx_word' id='word_1_97' title='bbox 644 1272 786 1324; x_wconf 88' lang='lat' dir='ltr'><strong>enim</strong></span> <span class='ocrx_word' id='word_1_98' title='bbox 825 1280 885 1323; x_wconf 86' lang='lat' dir='ltr'><strong>ut</strong></span> <span class='ocrx_word' id='word_1_99' title='bbox 918 1270 1012 1333; x_wconf 86' lang='lat' dir='ltr'><strong>sil,</strong></span> <span class='ocrx_word' id='word_1_100' title='bbox 1051 1268 1337 1335; x_wconf 73' lang='lat' dir='ltr'><strong>praesentia</strong></span> <span class='ocrx_word' id='word_1_101' title='bbox 1368 1264 1497 1318; x_wconf 80' lang='lat' dir='ltr'><strong>facit</strong></span> <span class='ocrx_word' id='word_1_102' title='bbox 1533 1265 1727 1318; x_wconf 70' lang='lat' dir='ltr'><strong>anima:</strong></span> <span class='ocrx_word' id='word_1_103' title='bbox 1768 1283 1781 1318; x_wconf 92' lang='lat'><strong>:</strong></span> <span class='ocrx_word' id='word_1_104' title='bbox 1825 1280 1951 1317; x_wconf 90' lang='lat' dir='ltr'><strong>num</strong></span> 
     </span>
    </p>
   </div>
   <div class='ocr_carea' id='block_1_14' title="bbox 379 1355 1955 1427">
    <p class='ocr_par' dir='ltr' id='par_1_14' title="bbox 379 1355 1955 1427">
     <span class='ocr_line' id='line_1_14' title="bbox 379 1355 1955 1427; baseline -0.009 -7"><span class='ocrx_word' id='word_1_105' title='bbox 379 1369 543 1420; x_wconf 84' lang='lat' dir='ltr'><strong>debes</strong></span> <span class='ocrx_word' id='word_1_106' title='bbox 571 1362 855 1419; x_wconf 82' lang='lat' dir='ltr'><strong>dubitare?</strong></span> <span class='ocrx_word' id='word_1_107' title='bbox 891 1363 945 1415; x_wconf 82' lang='lat' dir='ltr'><strong>Si</strong></span> <span class='ocrx_word' id='word_1_108' title='bbox 980 1362 1129 1414; x_wconf 84' lang='lat' dir='ltr'><strong>videt</strong></span> <span class='ocrx_word' id='word_1_109' title='bbox 1152 1358 1342 1413; x_wconf 85' lang='lat' dir='ltr'><strong>oculus</strong></span> <span class='ocrx_word' id='word_1_110' title='bbox 1381 1368 1523 1421; x_wconf 90' lang='lat' dir='ltr'><strong>tuus,</strong></span> <span class='ocrx_word' id='word_1_111' title='bbox 1549 1358 1594 1411; x_wconf 87' lang='lat' dir='ltr'><strong>si</strong></span> <span class='ocrx_word' id='word_1_112' title='bbox 1637 1364 1817 1427; x_wconf 86' lang='lat' dir='ltr'><strong>gustat</strong></span> <span class='ocrx_word' id='word_1_113' title='bbox 1854 1355 1955 1407; x_wconf 86' lang='lat' dir='ltr'><strong>lin-</strong></span> 
     </span>
    </p>
   </div>
   <div class='ocr_carea' id='block_1_15' title="bbox 379 1449 1951 1529">
    <p class='ocr_par' dir='ltr' id='par_1_15' title="bbox 379 1449 1951 1529">
     <span class='ocr_line' id='line_1_15' title="bbox 379 1449 1951 1529; baseline -0.006 -19"><span class='ocrx_word' id='word_1_114' title='bbox 379 1476 478 1529; x_wconf 85' lang='lat' dir='ltr'><strong>gua</strong></span> <span class='ocrx_word' id='word_1_115' title='bbox 509 1469 559 1512; x_wconf 91' lang='lat' dir='ltr'><strong>et</strong></span> <span class='ocrx_word' id='word_1_116' title='bbox 608 1459 868 1528; x_wconf 83' lang='lat' dir='ltr'><strong>loquitur,</strong></span> <span class='ocrx_word' id='word_1_117' title='bbox 897 1465 951 1509; x_wconf 88' lang='lat' dir='ltr'><strong>et</strong></span> <span class='ocrx_word' id='word_1_118' title='bbox 994 1455 1036 1508; x_wconf 95' lang='lat' dir='ltr'><strong>si</strong></span> <span class='ocrx_word' id='word_1_119' title='bbox 1080 1454 1251 1522; x_wconf 91' lang='lat' dir='ltr'><strong>tangit</strong></span> <span class='ocrx_word' id='word_1_120' title='bbox 1311 1467 1540 1515; x_wconf 88' lang='lat' dir='ltr'><strong>manus;</strong></span> <span class='ocrx_word' id='word_1_121' title='bbox 1572 1466 1669 1505; x_wconf 91' lang='lat' dir='ltr'><strong>cur</strong></span> <span class='ocrx_word' id='word_1_122' title='bbox 1717 1449 1951 1512; x_wconf 87' lang='lat' dir='ltr'><strong>dubitas,</strong></span> 
     </span>
    </p>
   </div>
   <div class='ocr_carea' id='block_1_16' title="bbox 379 1542 1956 1619">
    <p class='ocr_par' dir='ltr' id='par_1_16' title="bbox 379 1542 1956 1619">
     <span class='ocr_line' id='line_1_16' title="bbox 379 1542 1956 1619; baseline -0.008 -15"><span class='ocrx_word' id='word_1_123' title='bbox 379 1562 435 1604; x_wconf 89' lang='lat' dir='ltr'><strong>ct</strong></span> <span class='ocrx_word' id='word_1_124' title='bbox 467 1567 575 1606; x_wconf 91' lang='lat' dir='ltr'><strong>non</strong></span> <span class='ocrx_word' id='word_1_125' title='bbox 610 1551 781 1619; x_wconf 84' lang='lat' dir='ltr'><strong>magis</strong></span> <span class='ocrx_word' id='word_1_126' title='bbox 815 1547 1099 1602; x_wconf 78' lang='lat' dir='ltr'><strong>edoceris?</strong></span> <span class='ocrx_word' id='word_1_127' title='bbox 1153 1543 1394 1600; x_wconf 77' lang='lat' dir='ltr'><strong>Ostende</strong></span> <span class='ocrx_word' id='word_1_128' title='bbox 1439 1542 1534 1595; x_wconf 87' lang='lat' dir='ltr'><strong>tibi</strong></span> <span class='ocrx_word' id='word_1_129' title='bbox 1575 1556 1773 1611; x_wconf 85' lang='lat' dir='ltr'><strong>corpus</strong></span> <span class='ocrx_word' id='word_1_130' title='bbox 1820 1555 1956 1595; x_wconf 89' lang='lat' dir='ltr'><strong>mor-</strong></span> 
     </span>
    </p>
   </div>
   <div class='ocr_carea' id='block_1_17' title="bbox 382 1633 1952 1702">
    <p class='ocr_par' dir='ltr' id='par_1_17' title="bbox 382 1633 1952 1702">
     <span class='ocr_line' id='line_1_17' title="bbox 382 1633 1952 1702; baseline -0.007 -7"><span class='ocrx_word' id='word_1_131' title='bbox 382 1645 455 1695; x_wconf 90' lang='lat' dir='ltr'><strong>tui</strong></span> <span class='ocrx_word' id='word_1_132' title='bbox 486 1658 499 1695; x_wconf 87' lang='lat'><strong>:</strong></span> <span class='ocrx_word' id='word_1_133' title='bbox 535 1642 720 1698; x_wconf 86' lang='lat' dir='ltr'><strong>oculus</strong></span> <span class='ocrx_word' id='word_1_134' title='bbox 749 1640 796 1695; x_wconf 92' lang='lat' dir='ltr'><strong>ei</strong></span> <span class='ocrx_word' id='word_1_135' title='bbox 850 1657 955 1694; x_wconf 86' lang='lat' dir='ltr'><strong>nea</strong></span> <span class='ocrx_word' id='word_1_136' title='bbox 1014 1639 1182 1700; x_wconf 90' lang='lat' dir='ltr'><strong>deest,</strong></span> <span class='ocrx_word' id='word_1_137' title='bbox 1232 1645 1283 1689; x_wconf 91' lang='lat' dir='ltr'><strong>et</strong></span> <span class='ocrx_word' id='word_1_138' title='bbox 1320 1652 1424 1691; x_wconf 88' lang='lat' dir='ltr'><strong>non</strong></span> <span class='ocrx_word' id='word_1_139' title='bbox 1488 1634 1676 1697; x_wconf 85' lang='lat' dir='ltr'><strong>videt;</strong></span> <span class='ocrx_word' id='word_1_140' title='bbox 1715 1633 1952 1702; x_wconf 77' lang='lat' dir='ltr'><strong>linguam</strong></span> 
     </span>
    </p>
   </div>
   <div class='ocr_carea' id='block_1_18' title="bbox 380 1724 1955 1799">
    <p class='ocr_par' dir='ltr' id='par_1_18' title="bbox 380 1724 1955 1799">
     <span class='ocr_line' id='line_1_18' title="bbox 380 1724 1955 1799; baseline -0.009 -10"><span class='ocrx_word' id='word_1_141' title='bbox 380 1735 563 1799; x_wconf 82' lang='lat' dir='ltr'><strong>habet,</strong></span> <span class='ocrx_word' id='word_1_142' title='bbox 617 1747 673 1788; x_wconf 89' lang='lat' dir='ltr'><strong>et</strong></span> <span class='ocrx_word' id='word_1_143' title='bbox 737 1747 1039 1787; x_wconf 88' lang='lat' dir='ltr'><strong>sermonem</strong></span> <span class='ocrx_word' id='word_1_144' title='bbox 1074 1747 1176 1785; x_wconf 81' lang='lat' dir='ltr'><strong>tum</strong></span> <span class='ocrx_word' id='word_1_145' title='bbox 1222 1729 1418 1794; x_wconf 81' lang='lat' dir='ltr'><strong>habet;</strong></span> <span class='ocrx_word' id='word_1_146' title='bbox 1490 1741 1649 1780; x_wconf 86' lang='lat' dir='ltr'><strong>aures</strong></span> <span class='ocrx_word' id='word_1_147' title='bbox 1678 1724 1857 1786; x_wconf 87' lang='lat' dir='ltr'><strong>habet,</strong></span> <span class='ocrx_word' id='word_1_148' title='bbox 1902 1732 1955 1777; x_wconf 89' lang='lat' dir='ltr'><strong>et</strong></span> 
     </span>
    </p>
   </div>
   <div class='ocr_carea' id='block_1_19' title="bbox 2053 527 3623 596">
    <p class='ocr_par' dir='ltr' id='par_1_19' title="bbox 2053 527 3623 596">
     <span class='ocr_line' id='line_1_19' title="bbox 2053 527 3623 596; baseline -0.002 -13"><span class='ocrx_word' id='word_1_149' title='bbox 2053 543 2265 583; x_wconf 83' lang='lat' dir='ltr'><strong>sensus.</strong></span> <span class='ocrx_word' id='word_1_150' title='bbox 2301 529 2357 583; x_wconf 92' lang='lat' dir='ltr'><strong>Si</strong></span> <span class='ocrx_word' id='word_1_151' title='bbox 2395 539 2573 582; x_wconf 88' lang='lat' dir='ltr'><strong>autem</strong></span> <span class='ocrx_word' id='word_1_152' title='bbox 2597 538 2652 583; x_wconf 89' lang='lat' dir='ltr'><strong>et</strong></span> <span class='ocrx_word' id='word_1_153' title='bbox 2682 527 3011 583; x_wconf 85' lang='lat' dir='ltr'><strong>contenditis</strong></span> <span class='ocrx_word' id='word_1_154' title='bbox 3041 541 3162 581; x_wconf 85' lang='lat' dir='ltr'><strong>esse</strong></span> <span class='ocrx_word' id='word_1_155' title='bbox 3186 542 3413 596; x_wconf 88' lang='lat' dir='ltr'><strong>corpora</strong></span> <span class='ocrx_word' id='word_1_156' title='bbox 3444 538 3623 582; x_wconf 67' lang='lat' dir='ltr'><strong>eteae-</strong></span> 
     </span>
    </p>
   </div>
   <div class='ocr_carea' id='block_1_20' title="bbox 2054 617 3630 688">
    <p class='ocr_par' dir='ltr' id='par_1_20' title="bbox 2054 617 3630 688">
     <span class='ocr_line' id='line_1_20' title="bbox 2054 617 3630 688; baseline -0.003 -12"><span class='ocrx_word' id='word_1_157' title='bbox 2054 637 2149 676; x_wconf 89' lang='lat' dir='ltr'><strong>nes</strong></span> <span class='ocrx_word' id='word_1_158' title='bbox 2188 620 2319 681; x_wconf 89' lang='lat' dir='ltr'><strong>Deo,</strong></span> <span class='ocrx_word' id='word_1_159' title='bbox 2352 634 2455 673; x_wconf 93' lang='lat' dir='ltr'><strong>non</strong></span> <span class='ocrx_word' id='word_1_160' title='bbox 2486 632 2826 688; x_wconf 90' lang='lat' dir='ltr'><strong>opponamus</strong></span> <span class='ocrx_word' id='word_1_161' title='bbox 2865 618 2913 673; x_wconf 86' lang='lat' dir='ltr'><strong>ei</strong></span> <span class='ocrx_word' id='word_1_162' title='bbox 2958 618 3050 687; x_wconf 88' lang='lat' dir='ltr'><strong>qui</strong></span> <span class='ocrx_word' id='word_1_163' title='bbox 3097 633 3201 672; x_wconf 93' lang='lat' dir='ltr'><strong>non</strong></span> <span class='ocrx_word' id='word_1_164' title='bbox 3233 617 3500 686; x_wconf 81' lang='lat' dir='ltr'><strong>suscipit,</strong></span> <span class='ocrx_word' id='word_1_165' title='bbox 3541 620 3630 671; x_wconf 89' lang='lat' dir='ltr'><strong>sed</strong></span> 
     </span>
    </p>
   </div>
   <div class='ocr_carea' id='block_1_21' title="bbox 2054 709 3630 781">
    <p class='ocr_par' dir='ltr' id='par_1_21' title="bbox 2054 709 3630 781">
     <span class='ocr_line' id='line_1_21' title="bbox 2054 709 3630 781; baseline -0.003 -15"><span class='ocrx_word' id='word_1_166' title='bbox 2054 714 2123 767; x_wconf 89' lang='lat' dir='ltr'><strong>sit</strong></span> <span class='ocrx_word' id='word_1_167' title='bbox 2151 722 2431 781; x_wconf 87' lang='lat' dir='ltr'><strong>separatus</strong></span> <span class='ocrx_word' id='word_1_168' title='bbox 2459 720 2511 764; x_wconf 89' lang='lat' dir='ltr'><strong>ul</strong></span> <span class='ocrx_word' id='word_1_169' title='bbox 2560 718 2664 776; x_wconf 89' lang='lat' dir='ltr'><strong>est,</strong></span> <span class='ocrx_word' id='word_1_170' title='bbox 2714 711 2785 766; x_wconf 87' lang='lat' dir='ltr'><strong>sit</strong></span> <span class='ocrx_word' id='word_1_171' title='bbox 2829 725 3013 780; x_wconf 91' lang='lat' dir='ltr'><strong>purus,</strong></span> <span class='ocrx_word' id='word_1_172' title='bbox 3058 709 3129 762; x_wconf 87' lang='lat' dir='ltr'><strong>sit</strong></span> <span class='ocrx_word' id='word_1_173' title='bbox 3173 709 3308 763; x_wconf 84' lang='lat' dir='ltr'><strong>liber</strong></span> <span class='ocrx_word' id='word_1_174' title='bbox 3362 710 3630 778; x_wconf 84' lang='lat' dir='ltr'><strong>corporaii</strong></span> 
     </span>
    </p>
   </div>
   <div class='ocr_carea' id='block_1_22' title="bbox 2055 801 3630 867">
    <p class='ocr_par' dir='ltr' id='par_1_22' title="bbox 2055 801 3630 867">
     <span class='ocr_line' id='line_1_22' title="bbox 2055 801 3630 867; baseline -0.003 -10"><span class='ocrx_word' id='word_1_175' title='bbox 2055 802 2247 858; x_wconf 80' lang='lat' dir='ltr'><strong>all&#39;ectu</strong></span> <span class='ocrx_word' id='word_1_176' title='bbox 2282 803 2349 856; x_wconf 90' lang='lat' dir='ltr'><strong>ab</strong></span> <span class='ocrx_word' id='word_1_177' title='bbox 2383 804 2529 857; x_wconf 88' lang='lat' dir='ltr'><strong>onmi</strong></span> <span class='ocrx_word' id='word_1_178' title='bbox 2565 801 2703 866; x_wconf 91' lang='lat' dir='ltr'><strong>loco,</strong></span> <span class='ocrx_word' id='word_1_179' title='bbox 2730 801 2800 855; x_wconf 90' lang='lat' dir='ltr'><strong>ah</strong></span> <span class='ocrx_word' id='word_1_180' title='bbox 2825 801 2971 855; x_wconf 92' lang='lat' dir='ltr'><strong>omni</strong></span> <span class='ocrx_word' id='word_1_181' title='bbox 3003 801 3239 867; x_wconf 81' lang='lat' dir='ltr'><strong>regione,</strong></span> <span class='ocrx_word' id='word_1_182' title='bbox 3270 801 3339 856; x_wconf 90' lang='lat' dir='ltr'><strong>ab</strong></span> <span class='ocrx_word' id='word_1_183' title='bbox 3367 802 3512 855; x_wconf 91' lang='lat' dir='ltr'><strong>omni</strong></span> <span class='ocrx_word' id='word_1_184' title='bbox 3538 818 3630 855; x_wconf 88' lang='lat' dir='ltr'><strong>na-</strong></span> 
     </span>
    </p>
   </div>
   <div class='ocr_carea' id='block_1_23' title="bbox 2056 892 3631 962">
    <p class='ocr_par' dir='ltr' id='par_1_23' title="bbox 2056 892 3631 962">
     <span class='ocr_line' id='line_1_23' title="bbox 2056 892 3631 962; baseline -0.001 -15"><span class='ocrx_word' id='word_1_185' title='bbox 2056 905 2195 948; x_wconf 90' lang='lat' dir='ltr'><strong>tura.</strong></span> <span class='ocrx_word' id='word_1_186' title='bbox 2228 893 2387 948; x_wconf 85' lang='lat' dir='ltr'><strong>Sulns</strong></span> <span class='ocrx_word' id='word_1_187' title='bbox 2413 896 2558 947; x_wconf 85' lang='lat' dir='ltr'><strong>enim</strong></span> <span class='ocrx_word' id='word_1_188' title='bbox 2589 902 2677 947; x_wconf 86' lang='lat' dir='ltr'><strong>est</strong></span> <span class='ocrx_word' id='word_1_189' title='bbox 2711 894 2762 946; x_wconf 92' lang='lat' dir='ltr'><strong>in</strong></span> <span class='ocrx_word' id='word_1_190' title='bbox 2807 892 3133 962; x_wconf 90' lang='lat' dir='ltr'><strong>semetipso,</strong></span> <span class='ocrx_word' id='word_1_191' title='bbox 3170 892 3315 945; x_wconf 89' lang='lat' dir='ltr'><strong>solus</strong></span> <span class='ocrx_word' id='word_1_192' title='bbox 3363 892 3500 960; x_wconf 89' lang='lat' dir='ltr'><strong>apud</strong></span> <span class='ocrx_word' id='word_1_193' title='bbox 3543 907 3631 945; x_wconf 86' lang='lat' dir='ltr'><strong>se-</strong></span> 
     </span>
    </p>
   </div>
   <div class='ocr_carea' id='block_1_24' title="bbox 2056 983 3630 1055">
    <p class='ocr_par' dir='ltr' id='par_1_24' title="bbox 2056 983 3630 1055">
     <span class='ocr_line' id='line_1_24' title="bbox 2056 983 3630 1055; baseline -0.003 -15"><span class='ocrx_word' id='word_1_194' title='bbox 2056 987 2372 1055; x_wconf 88' lang='lat' dir='ltr'><strong>metipsum,</strong></span> <span class='ocrx_word' id='word_1_195' title='bbox 2426 985 2572 1039; x_wconf 90' lang='lat' dir='ltr'><strong>solus</strong></span> <span class='ocrx_word' id='word_1_196' title='bbox 2623 994 2900 1052; x_wconf 88' lang='lat' dir='ltr'><strong>reparatus</strong></span> <span class='ocrx_word' id='word_1_197' title='bbox 2940 987 3006 1039; x_wconf 91' lang='lat' dir='ltr'><strong>ad</strong></span> <span class='ocrx_word' id='word_1_198' title='bbox 3047 1001 3134 1051; x_wconf 88' lang='lat' dir='ltr'><strong>se,</strong></span> <span class='ocrx_word' id='word_1_199' title='bbox 3184 994 3237 1039; x_wconf 90' lang='lat' dir='ltr'><strong>et</strong></span> <span class='ocrx_word' id='word_1_200' title='bbox 3279 999 3400 1038; x_wconf 91' lang='lat' dir='ltr'><strong>cum</strong></span> <span class='ocrx_word' id='word_1_201' title='bbox 3438 983 3508 1038; x_wconf 89' lang='lat' dir='ltr'><strong>sit</strong></span> <span class='ocrx_word' id='word_1_202' title='bbox 3551 999 3630 1036; x_wconf 85' lang='lat' dir='ltr'><strong>re-</strong></span> 
     </span>
    </p>
   </div>
   <div class='ocr_carea' id='block_1_25' title="bbox 2056 1077 3627 1147">
    <p class='ocr_par' dir='ltr' id='par_1_25' title="bbox 2056 1077 3627 1147">
     <span class='ocr_line' id='line_1_25' title="bbox 2056 1077 3627 1147; baseline -0.002 -16"><span class='ocrx_word' id='word_1_203' title='bbox 2056 1089 2277 1147; x_wconf 90' lang='lat' dir='ltr'><strong>paratus</strong></span> <span class='ocrx_word' id='word_1_204' title='bbox 2305 1077 2368 1131; x_wconf 88' lang='lat' dir='ltr'><strong>ad</strong></span> <span class='ocrx_word' id='word_1_205' title='bbox 2396 1092 2473 1141; x_wconf 91' lang='lat' dir='ltr'><strong>se,</strong></span> <span class='ocrx_word' id='word_1_206' title='bbox 2508 1078 2738 1146; x_wconf 90' lang='lat' dir='ltr'><strong>complet</strong></span> <span class='ocrx_word' id='word_1_207' title='bbox 2761 1077 2969 1144; x_wconf 86' lang='lat' dir='ltr'><strong>omnia,</strong></span> <span class='ocrx_word' id='word_1_208' title='bbox 3004 1078 3097 1130; x_wconf 89' lang='lat' dir='ltr'><strong>sed</strong></span> <span class='ocrx_word' id='word_1_209' title='bbox 3124 1092 3228 1129; x_wconf 92' lang='lat' dir='ltr'><strong>non</strong></span> <span class='ocrx_word' id='word_1_210' title='bbox 3255 1077 3627 1144; x_wconf 81' lang='lat' dir='ltr'><strong>corporaliter.</strong></span> 
     </span>
    </p>
   </div>
   <div class='ocr_carea' id='block_1_26' title="bbox 2056 1166 3631 1238">
    <p class='ocr_par' dir='ltr' id='par_1_26' title="bbox 2056 1166 3631 1238">
     <span class='ocr_line' id='line_1_26' title="bbox 2056 1166 3631 1238; baseline -0.003 -17"><span class='ocrx_word' id='word_1_211' title='bbox 2056 1166 2206 1221; x_wconf 86' lang='lat' dir='ltr'><strong>Tuba</strong></span> <span class='ocrx_word' id='word_1_212' title='bbox 2237 1183 2372 1238; x_wconf 89' lang='lat' dir='ltr'><strong>opus</strong></span> <span class='ocrx_word' id='word_1_213' title='bbox 2398 1178 2511 1234; x_wconf 90' lang='lat' dir='ltr'><strong>est;</strong></span> <span class='ocrx_word' id='word_1_214' title='bbox 2571 1182 2673 1221; x_wconf 79' lang='lat' dir='ltr'><strong>vox</strong></span> <span class='ocrx_word' id='word_1_215' title='bbox 2703 1167 2938 1221; x_wconf 74' lang='lat' dir='ltr'><strong>maxima</strong></span> <span class='ocrx_word' id='word_1_216' title='bbox 2972 1167 3281 1220; x_wconf 87' lang='lat' dir='ltr'><strong>necessaria</strong></span> <span class='ocrx_word' id='word_1_217' title='bbox 3319 1177 3403 1220; x_wconf 90' lang='lat' dir='ltr'><strong>est</strong></span> <span class='ocrx_word' id='word_1_218' title='bbox 3450 1181 3465 1218; x_wconf 91' lang='lat'><strong>:</strong></span> <span class='ocrx_word' id='word_1_219' title='bbox 3520 1182 3631 1218; x_wconf 85' lang='lat' dir='ltr'><strong>tua-</strong></span> 
     </span>
    </p>
   </div>
   <div class='ocr_carea' id='block_1_27' title="bbox 2055 1260 3635 1331">
    <p class='ocr_par' dir='ltr' id='par_1_27' title="bbox 2055 1260 3635 1331">
     <span class='ocr_line' id='line_1_27' title="bbox 2055 1260 3635 1331; baseline -0.004 -15"><span class='ocrx_word' id='word_1_220' title='bbox 2055 1263 2137 1331; x_wconf 80' lang='lat' dir='ltr'><strong>gis</strong></span> <span class='ocrx_word' id='word_1_221' title='bbox 2166 1271 2347 1315; x_wconf 84' lang='lat' dir='ltr'><strong>autem</strong></span> <span class='ocrx_word' id='word_1_222' title='bbox 2373 1276 2471 1317; x_wconf 89' lang='lat' dir='ltr'><strong>nec</strong></span> <span class='ocrx_word' id='word_1_223' title='bbox 2517 1277 2639 1325; x_wconf 81' lang='lat' dir='ltr'><strong>vox,</strong></span> <span class='ocrx_word' id='word_1_224' title='bbox 2678 1277 2777 1316; x_wconf 89' lang='lat' dir='ltr'><strong>nec</strong></span> <span class='ocrx_word' id='word_1_225' title='bbox 2826 1260 2976 1325; x_wconf 88' lang='lat' dir='ltr'><strong>tuba,</strong></span> <span class='ocrx_word' id='word_1_226' title='bbox 3031 1262 3127 1314; x_wconf 92' lang='lat' dir='ltr'><strong>sed</strong></span> <span class='ocrx_word' id='word_1_227' title='bbox 3185 1273 3337 1313; x_wconf 87' lang='lat' dir='ltr'><strong>mens</strong></span> <span class='ocrx_word' id='word_1_228' title='bbox 3388 1274 3543 1330; x_wconf 88' lang='lat' dir='ltr'><strong>pura,</strong></span> <span class='ocrx_word' id='word_1_229' title='bbox 3574 1267 3635 1310; x_wconf 92' lang='lat' dir='ltr'><strong>ut</strong></span> 
     </span>
    </p>
   </div>
   <div class='ocr_carea' id='block_1_28' title="bbox 2054 1351 3634 1423">
    <p class='ocr_par' dir='ltr' id='par_1_28' title="bbox 2054 1351 3634 1423">
     <span class='ocr_line' id='line_1_28' title="bbox 2054 1351 3634 1423; baseline -0.003 -17"><span class='ocrx_word' id='word_1_230' title='bbox 2054 1354 2303 1407; x_wconf 90' lang='lat' dir='ltr'><strong>videatur</strong></span> <span class='ocrx_word' id='word_1_231' title='bbox 2332 1354 2423 1423; x_wconf 87' lang='lat' dir='ltr'><strong>qui</strong></span> <span class='ocrx_word' id='word_1_232' title='bbox 2459 1368 2565 1407; x_wconf 91' lang='lat' dir='ltr'><strong>non</strong></span> <span class='ocrx_word' id='word_1_233' title='bbox 2595 1353 2828 1416; x_wconf 86' lang='lat' dir='ltr'><strong>videtur,</strong></span> <span class='ocrx_word' id='word_1_234' title='bbox 2876 1362 2936 1406; x_wconf 93' lang='lat' dir='ltr'><strong>ut</strong></span> <span class='ocrx_word' id='word_1_235' title='bbox 2961 1352 3211 1404; x_wconf 84' lang='lat' dir='ltr'><strong>audiatur</strong></span> <span class='ocrx_word' id='word_1_236' title='bbox 3264 1351 3353 1419; x_wconf 89' lang='lat' dir='ltr'><strong>qui</strong></span> <span class='ocrx_word' id='word_1_237' title='bbox 3400 1365 3504 1403; x_wconf 90' lang='lat' dir='ltr'><strong>non</strong></span> <span class='ocrx_word' id='word_1_238' title='bbox 3545 1365 3634 1403; x_wconf 86' lang='lat' dir='ltr'><strong>au-</strong></span> 
     </span>
    </p>
   </div>
   <div class='ocr_carea' id='block_1_29' title="bbox 2059 1440 3631 1514">
    <p class='ocr_par' dir='ltr' id='par_1_29' title="bbox 2059 1440 3631 1514">
     <span class='ocr_line' id='line_1_29' title="bbox 2059 1440 3631 1514; baseline -0.003 -17"><span class='ocrx_word' id='word_1_239' title='bbox 2059 1444 2226 1512; x_wconf 90' lang='lat' dir='ltr'><strong>ditur,</strong></span> <span class='ocrx_word' id='word_1_240' title='bbox 2259 1454 2316 1499; x_wconf 94' lang='lat' dir='ltr'><strong>ut</strong></span> <span class='ocrx_word' id='word_1_241' title='bbox 2358 1444 2687 1514; x_wconf 78' lang='lat' dir='ltr'><strong>intelligatur</strong></span> <span class='ocrx_word' id='word_1_242' title='bbox 2715 1444 2805 1513; x_wconf 91' lang='lat' dir='ltr'><strong>qui</strong></span> <span class='ocrx_word' id='word_1_243' title='bbox 2844 1459 2948 1497; x_wconf 92' lang='lat' dir='ltr'><strong>non</strong></span> <span class='ocrx_word' id='word_1_244' title='bbox 3002 1443 3417 1512; x_wconf 87' lang='lat' dir='ltr'><strong>interpretatur,</strong></span> <span class='ocrx_word' id='word_1_245' title='bbox 3463 1452 3517 1495; x_wconf 87' lang='lat' dir='ltr'><strong>et</strong></span> <span class='ocrx_word' id='word_1_246' title='bbox 3546 1440 3631 1496; x_wconf 74' lang='lat' dir='ltr'><strong>di—</strong></span> 
     </span>
    </p>
   </div>
   <div class='ocr_carea' id='block_1_30' title="bbox 2057 1534 3635 1605">
    <p class='ocr_par' dir='ltr' id='par_1_30' title="bbox 2057 1534 3635 1605">
     <span class='ocr_line' id='line_1_30' title="bbox 2057 1534 3635 1605; baseline -0.004 -14"><span class='ocrx_word' id='word_1_247' title='bbox 2057 1549 2207 1591; x_wconf 88' lang='lat' dir='ltr'><strong>catur</strong></span> <span class='ocrx_word' id='word_1_248' title='bbox 2235 1536 2324 1604; x_wconf 90' lang='lat' dir='ltr'><strong>qui</strong></span> <span class='ocrx_word' id='word_1_249' title='bbox 2358 1550 2460 1588; x_wconf 91' lang='lat' dir='ltr'><strong>non</strong></span> <span class='ocrx_word' id='word_1_250' title='bbox 2492 1535 2723 1599; x_wconf 87' lang='lat' dir='ltr'><strong>dicitur,</strong></span> <span class='ocrx_word' id='word_1_251' title='bbox 2753 1543 2810 1587; x_wconf 92' lang='lat' dir='ltr'><strong>ut</strong></span> <span class='ocrx_word' id='word_1_252' title='bbox 2834 1545 3160 1605; x_wconf 81' lang='lat' dir='ltr'><strong>agnoscatur</strong></span> <span class='ocrx_word' id='word_1_253' title='bbox 3198 1534 3291 1603; x_wconf 88' lang='lat' dir='ltr'><strong>qui</strong></span> <span class='ocrx_word' id='word_1_254' title='bbox 3344 1548 3449 1587; x_wconf 91' lang='lat' dir='ltr'><strong>non</strong></span> <span class='ocrx_word' id='word_1_255' title='bbox 3484 1547 3635 1588; x_wconf 87' lang='lat' dir='ltr'><strong>com-</strong></span> 
     </span>
    </p>
   </div>
   <div class='ocr_carea' id='block_1_31' title="bbox 2056 1625 3633 1699">
    <p class='ocr_par' dir='ltr' id='par_1_31' title="bbox 2056 1625 3633 1699">
     <span class='ocr_line' id='line_1_31' title="bbox 2056 1625 3633 1699; baseline -0.003 -17"><span class='ocrx_word' id='word_1_256' title='bbox 2056 1629 2443 1699; x_wconf 81' lang='lat' dir='ltr'><strong>prehenditur,</strong></span> <span class='ocrx_word' id='word_1_257' title='bbox 2503 1638 2558 1681; x_wconf 89' lang='lat' dir='ltr'><strong>et</strong></span> <span class='ocrx_word' id='word_1_258' title='bbox 2626 1629 2698 1681; x_wconf 90' lang='lat' dir='ltr'><strong>sit</strong></span> <span class='ocrx_word' id='word_1_259' title='bbox 2755 1627 2841 1681; x_wconf 90' lang='lat' dir='ltr'><strong>isti</strong></span> <span class='ocrx_word' id='word_1_260' title='bbox 2903 1627 2994 1680; x_wconf 89' lang='lat' dir='ltr'><strong>tali</strong></span> <span class='ocrx_word' id='word_1_261' title='bbox 3066 1626 3173 1680; x_wconf 90' lang='lat' dir='ltr'><strong>Deo</strong></span> <span class='ocrx_word' id='word_1_262' title='bbox 3228 1641 3323 1695; x_wconf 89' lang='lat' dir='ltr'><strong>per</strong></span> <span class='ocrx_word' id='word_1_263' title='bbox 3374 1639 3498 1679; x_wconf 91' lang='lat' dir='ltr'><strong>eum</strong></span> <span class='ocrx_word' id='word_1_264' title='bbox 3539 1625 3633 1695; x_wconf 89' lang='lat' dir='ltr'><strong>qui</strong></span> 
     </span>
    </p>
   </div>
   <div class='ocr_carea' id='block_1_32' title="bbox 2055 1717 3635 1787">
    <p class='ocr_par' dir='ltr' id='par_1_32' title="bbox 2055 1717 3635 1787">
     <span class='ocr_line' id='line_1_32' title="bbox 2055 1717 3635 1787; baseline -0.002 -13"><span class='ocrx_word' id='word_1_265' title='bbox 2055 1722 2217 1775; x_wconf 84' lang='lat' dir='ltr'><strong>talem</strong></span> <span class='ocrx_word' id='word_1_266' title='bbox 2247 1719 2404 1775; x_wconf 92' lang='lat' dir='ltr'><strong>nobis</strong></span> <span class='ocrx_word' id='word_1_267' title='bbox 2451 1721 2730 1775; x_wconf 92' lang='lat' dir='ltr'><strong>annuntiat</strong></span> <span class='ocrx_word' id='word_1_268' title='bbox 2775 1730 2827 1774; x_wconf 89' lang='lat' dir='ltr'><strong>et</strong></span> <span class='ocrx_word' id='word_1_269' title='bbox 2876 1718 3266 1787; x_wconf 86' lang='lat' dir='ltr'><strong>interpretatur</strong></span> <span class='ocrx_word' id='word_1_270' title='bbox 3304 1719 3473 1771; x_wconf 86' lang='lat' dir='ltr'><strong>Deum</strong></span> <span class='ocrx_word' id='word_1_271' title='bbox 3521 1717 3635 1786; x_wconf 80' lang='lat' dir='ltr'><strong>glo-</strong></span> 
     </span>
    </p>
   </div>
   <div class='ocr_carea' id='block_1_33' title="bbox 380 1803 3633 1890">
    <p class='ocr_par' dir='ltr' id='par_1_33' title="bbox 380 1803 3633 1890">
     <span class='ocr_line' id='line_1_33' title="bbox 380 1803 3633 1890; baseline -0.005 -11"><span class='ocrx_word' id='word_1_272' title='bbox 380 1827 620 1881; x_wconf 87' lang='lat' dir='ltr'><strong>auditum</strong></span> <span class='ocrx_word' id='word_1_273' title='bbox 658 1841 761 1879; x_wconf 91' lang='lat' dir='ltr'><strong>non</strong></span> <span class='ocrx_word' id='word_1_274' title='bbox 791 1824 949 1878; x_wconf 84' lang='lat' dir='ltr'><strong>habet</strong></span> <span class='ocrx_word' id='word_1_275' title='bbox 982 1841 995 1887; x_wconf 83' lang='lat'><strong>;</strong></span> <span class='ocrx_word' id='word_1_276' title='bbox 1036 1839 1141 1876; x_wconf 91' lang='lat' dir='ltr'><strong>non</strong></span> <span class='ocrx_word' id='word_1_277' title='bbox 1171 1832 1357 1890; x_wconf 85' lang='lat' dir='ltr'><strong>gustus</strong></span> <span class='ocrx_word' id='word_1_278' title='bbox 1392 1821 1463 1885; x_wconf 91' lang='lat' dir='ltr'><strong>ei,</strong></span> <span class='ocrx_word' id='word_1_279' title='bbox 1502 1835 1605 1872; x_wconf 90' lang='lat' dir='ltr'><strong>non</strong></span> <span class='ocrx_word' id='word_1_280' title='bbox 1648 1827 1843 1872; x_wconf 90' lang='lat' dir='ltr'><strong>tactus.</strong></span> <span class='ocrx_word' id='word_1_281' title='bbox 1877 1815 1958 1868; x_wconf 88' lang='lat' dir='ltr'><strong>ln-</strong></span> <span class='ocrx_word' id='word_1_282' title='bbox 1986 1803 2030 1859; x_wconf 82' lang='grc' dir='ltr'><strong><em>Β</em></strong></span> <span class='ocrx_word' id='word_1_283' title='bbox 2061 1814 2160 1878; x_wconf 91' lang='lat' dir='ltr'><strong>ria,</strong></span> <span class='ocrx_word' id='word_1_284' title='bbox 2198 1813 2391 1876; x_wconf 86' lang='lat' dir='ltr'><strong>honor,</strong></span> <span class='ocrx_word' id='word_1_285' title='bbox 2425 1813 2710 1882; x_wconf 89' lang='lat' dir='ltr'><strong>imperium</strong></span> <span class='ocrx_word' id='word_1_286' title='bbox 2736 1850 2753 1876; x_wconf 92' lang='lat'><strong>,</strong></span> <span class='ocrx_word' id='word_1_287' title='bbox 2788 1811 3043 1878; x_wconf 86' lang='lat' dir='ltr'><strong>majestas</strong></span> <span class='ocrx_word' id='word_1_288' title='bbox 3095 1810 3149 1864; x_wconf 91' lang='lat' dir='ltr'><strong>in</strong></span> <span class='ocrx_word' id='word_1_289' title='bbox 3199 1810 3403 1879; x_wconf 89' lang='lat' dir='ltr'><strong>Spiritu</strong></span> <span class='ocrx_word' id='word_1_290' title='bbox 3439 1821 3633 1863; x_wconf 89' lang='lat' dir='ltr'><strong>sancto</strong></span> 
     </span>
    </p>
   </div>
   <div class='ocr_carea' id='block_1_34' title="bbox 379 1911 1954 1985">
    <p class='ocr_par' dir='ltr' id='par_1_34' title="bbox 379 1911 1954 1985">
     <span class='ocr_line' id='line_1_34' title="bbox 379 1911 1954 1985; baseline -0.006 -16"><span class='ocrx_word' id='word_1_291' title='bbox 379 1918 543 1971; x_wconf 82' lang='lat' dir='ltr'><strong>tueris</strong></span> <span class='ocrx_word' id='word_1_292' title='bbox 581 1915 700 1985; x_wconf 90' lang='lat' dir='ltr'><strong>quia</strong></span> <span class='ocrx_word' id='word_1_293' title='bbox 740 1915 1001 1969; x_wconf 84' lang='lat' dir='ltr'><strong>abscessit</strong></span> <span class='ocrx_word' id='word_1_294' title='bbox 1035 1914 1229 1967; x_wconf 77' lang='lat' dir='ltr'><strong>artifex</strong></span> <span class='ocrx_word' id='word_1_295' title='bbox 1281 1911 1570 1963; x_wconf 79' lang='lat' dir='ltr'><strong>invisibilis</strong></span> <span class='ocrx_word' id='word_1_296' title='bbox 1594 1952 1608 1975; x_wconf 95' lang='lat'><strong>,</strong></span> <span class='ocrx_word' id='word_1_297' title='bbox 1657 1917 1711 1962; x_wconf 87' lang='lat' dir='ltr'><strong>et</strong></span> <span class='ocrx_word' id='word_1_298' title='bbox 1767 1921 1954 1961; x_wconf 86' lang='lat' dir='ltr'><strong>cessa-</strong></span> 
     </span>
    </p>
   </div>
   <div class='ocr_carea' id='block_1_35' title="bbox 382 2004 1949 2076">
    <p class='ocr_par' dir='ltr' id='par_1_35' title="bbox 382 2004 1949 2076">
     <span class='ocr_line' id='line_1_35' title="bbox 382 2004 1949 2076; baseline -0.004 -16"><span class='ocrx_word' id='word_1_299' title='bbox 382 2017 507 2062; x_wconf 90' lang='lat' dir='ltr'><strong>runt</strong></span> <span class='ocrx_word' id='word_1_300' title='bbox 563 2007 796 2063; x_wconf 87' lang='lat' dir='ltr'><strong>visibilia</strong></span> <span class='ocrx_word' id='word_1_301' title='bbox 849 2004 1432 2076; x_wconf 68' lang='lat' dir='ltr'><strong>operamentaiNuuc</strong></span> <span class='ocrx_word' id='word_1_302' title='bbox 1489 2015 1684 2070; x_wconf 89' lang='lat' dir='ltr'><strong>corpus</strong></span> <span class='ocrx_word' id='word_1_303' title='bbox 1736 2017 1750 2053; x_wconf 88' lang='lat'><strong>:</strong></span> <span class='ocrx_word' id='word_1_304' title='bbox 1806 2015 1949 2054; x_wconf 92' lang='lat' dir='ltr'><strong>nunc</strong></span> 
     </span>
    </p>
   </div>
   <div class='ocr_carea' id='block_1_36' title="bbox 395 2188 507 2206">
    <p class='ocr_par' dir='ltr' id='par_1_36' title="bbox 395 2188 507 2206">
     <span class='ocr_line' id='line_1_36' title="bbox 395 2188 507 2206; baseline 0 -3"><span class='ocrx_word' id='word_1_305' title='bbox 395 2188 507 2206; x_wconf 77' lang='lat'><strong><em>—</em></strong></span> 
     </span>
    </p>
   </div>
   <div class='ocr_carea' id='block_1_37' title="bbox 511 2178 2418 2205">
    <p class='ocr_par' dir='ltr' id='par_1_37' title="bbox 511 2178 2418 2205">
     <span class='ocr_line' id='line_1_37' title="bbox 511 2178 2418 2205; baseline -0.002 -10"><span class='ocrx_word' id='word_1_306' title='bbox 511 2178 2418 2205; x_wconf 82' lang='lat'><strong>___________________________.</strong></span> 
     </span>
    </p>
   </div>
   <div class='ocr_carea' id='block_1_38' title="bbox 2056 1899 3629 1974">
    <p class='ocr_par' dir='ltr' id='par_1_38' title="bbox 2056 1899 3629 1974">
     <span class='ocr_line' id='line_1_38' title="bbox 2056 1899 3629 1974; baseline -0.002 -15"><span class='ocrx_word' id='word_1_307' title='bbox 2056 1915 2112 1959; x_wconf 90' lang='lat' dir='ltr'><strong>et</strong></span> <span class='ocrx_word' id='word_1_308' title='bbox 2143 1921 2283 1959; x_wconf 88' lang='lat' dir='ltr'><strong>nunc</strong></span> <span class='ocrx_word' id='word_1_309' title='bbox 2312 1917 2373 1959; x_wconf 90' lang='lat' dir='ltr'><strong>et</strong></span> <span class='ocrx_word' id='word_1_310' title='bbox 2400 1918 2612 1974; x_wconf 87' lang='lat' dir='ltr'><strong>semper</strong></span> <span class='ocrx_word' id='word_1_311' title='bbox 2629 1942 2646 1969; x_wconf 92' lang='lat'><strong>,</strong></span> <span class='ocrx_word' id='word_1_312' title='bbox 2672 1911 2726 1958; x_wconf 91' lang='lat' dir='ltr'><strong>et</strong></span> <span class='ocrx_word' id='word_1_313' title='bbox 2758 1916 2852 1973; x_wconf 87' lang='lat' dir='ltr'><strong>per</strong></span> <span class='ocrx_word' id='word_1_314' title='bbox 2870 1902 3049 1958; x_wconf 92' lang='lat' dir='ltr'><strong>omnia</strong></span> <span class='ocrx_word' id='word_1_315' title='bbox 3069 1899 3263 1956; x_wconf 71' lang='lat' dir='ltr'><strong>saecula</strong></span> <span class='ocrx_word' id='word_1_316' title='bbox 3285 1901 3629 1956; x_wconf 66' lang='lat' dir='ltr'><strong>saeculorum.</strong></span> 
     </span>
    </p>
   </div>
   <div class='ocr_carea' id='block_1_39' title="bbox 2052 2000 2245 2056">
    <p class='ocr_par' dir='ltr' id='par_1_39' title="bbox 2052 2000 2245 2056">
     <span class='ocr_line' id='line_1_39' title="bbox 2052 2000 2245 2056; baseline 0 -2"><span class='ocrx_word' id='word_1_317' title='bbox 2052 2000 2245 2056; x_wconf 84' lang='lat' dir='ltr'><strong>Amen.</strong></span> 
     </span>
    </p>
   </div>
   <div class='ocr_carea' id='block_1_40' title="bbox 2474 2168 3626 2193">
    <p class='ocr_par' dir='ltr' id='par_1_40' title="bbox 2474 2168 3626 2193">
     <span class='ocr_line' id='line_1_40' title="bbox 2474 2168 3626 2193; baseline -0.003 -5"><span class='ocrx_word' id='word_1_318' title='bbox 2474 2168 3626 2193; x_wconf 49' lang='grc' dir='ltr'><em>Μ</em></span> 
     </span>
    </p>
   </div>
   <div class='ocr_carea' id='block_1_41' title="bbox 1349 2391 2678 2510">
    <p class='ocr_par' dir='ltr' id='par_1_41' title="bbox 1349 2391 2678 2510">
     <span class='ocr_line' id='line_1_41' title="bbox 1349 2391 2678 2510; baseline -0.002 -2"><span class='ocrx_word' id='word_1_319' title='bbox 1349 2391 1909 2510; x_wconf 84' lang='lat' dir='ltr'><strong>EUSEBll</strong></span> <span class='ocrx_word' id='word_1_320' title='bbox 1986 2392 2678 2507; x_wconf 86' lang='lat' dir='ltr'><strong>PAMPHILI</strong></span> 
     </span>
    </p>
   </div>
   <div class='ocr_carea' id='block_1_42' title="bbox 1209 2616 2840 2780">
    <p class='ocr_par' dir='ltr' id='par_1_42' title="bbox 1209 2616 2840 2780">
     <span class='ocr_line' id='line_1_42' title="bbox 1209 2616 2840 2780; baseline -0.006 -30"><span class='ocrx_word' id='word_1_321' title='bbox 1209 2644 2840 2780; x_wconf 77' lang='lat' dir='ltr'><strong>DEINCORPORALI,</strong></span> 
     </span>
    </p>
   </div>
   <div class='ocr_carea' id='block_1_43' title="bbox 1706 2873 2331 2936">
    <p class='ocr_par' dir='ltr' id='par_1_43' title="bbox 1706 2873 2331 2936">
     <span class='ocr_line' id='line_1_43' title="bbox 1706 2873 2331 2936; baseline -0.002 0"><span class='ocrx_word' id='word_1_322' title='bbox 1706 2873 1938 2936; x_wconf 77' lang='lat' dir='ltr'><strong>LIBER</strong></span> <span class='ocrx_word' id='word_1_323' title='bbox 1984 2874 2301 2936; x_wconf 82' lang='lat' dir='ltr'><strong>PRIMUS.</strong></span> <span class='ocrx_word' id='word_1_324' title='bbox 2328 2900 2331 2901; x_wconf 49' lang='grc' dir='ltr'><em>ν</em></span> 
     </span>
    </p>
   </div>
   <div class='ocr_carea' id='block_1_44' title="bbox 457 3286 3643 3359">
    <p class='ocr_par' dir='ltr' id='par_1_44' title="bbox 457 3286 3643 3359">
     <span class='ocr_line' id='line_1_44' title="bbox 457 3286 3643 3359; baseline -0.001 -14"><span class='ocrx_word' id='word_1_325' title='bbox 457 3288 737 3345; x_wconf 77' lang='lat' dir='ltr'><strong>Multitudo</strong></span> <span class='ocrx_word' id='word_1_326' title='bbox 761 3286 1117 3359; x_wconf 82' lang='lat' dir='ltr'><strong>quaestionum</strong></span> <span class='ocrx_word' id='word_1_327' title='bbox 1148 3287 1202 3343; x_wconf 89' lang='lat' dir='ltr'><strong>in</strong></span> <span class='ocrx_word' id='word_1_328' title='bbox 1235 3287 1321 3342; x_wconf 89' lang='lat' dir='ltr'><strong>his</strong></span> <span class='ocrx_word' id='word_1_329' title='bbox 1346 3302 1466 3355; x_wconf 68' lang='lat' dir='ltr'><strong>qum</strong></span> <span class='ocrx_word' id='word_1_330' title='bbox 1497 3288 1632 3343; x_wconf 90' lang='lat' dir='ltr'><strong>lecta</strong></span> <span class='ocrx_word' id='word_1_331' title='bbox 1682 3296 1807 3344; x_wconf 89' lang='lat' dir='ltr'><strong>sunt</strong></span> <span class='ocrx_word' id='word_1_332' title='bbox 1842 3289 1959 3344; x_wconf 67' lang='lat' dir='ltr'><strong>haec</strong></span> <span class='ocrx_word' id='word_1_333' title='bbox 1986 3297 2032 3359; x_wconf 74' lang='grc' dir='ltr'>ο</span> <span class='ocrx_word' id='word_1_334' title='bbox 2063 3290 2242 3345; x_wconf 84' lang='lat' dir='ltr'><strong>omnia</strong></span> <span class='ocrx_word' id='word_1_335' title='bbox 2274 3303 2558 3359; x_wconf 90' lang='lat' dir='ltr'><strong>corporum</strong></span> <span class='ocrx_word' id='word_1_336' title='bbox 2596 3296 2721 3342; x_wconf 89' lang='lat' dir='ltr'><strong>sunt</strong></span> <span class='ocrx_word' id='word_1_337' title='bbox 2753 3286 2883 3342; x_wconf 86' lang='lat' dir='ltr'><strong>vitia</strong></span> <span class='ocrx_word' id='word_1_338' title='bbox 2908 3296 2965 3344; x_wconf 88' lang='lat' dir='ltr'><strong>et</strong></span> <span class='ocrx_word' id='word_1_339' title='bbox 2996 3287 3304 3359; x_wconf 82' lang='lat' dir='ltr'><strong>passiones,</strong></span> <span class='ocrx_word' id='word_1_340' title='bbox 3333 3296 3392 3342; x_wconf 88' lang='lat' dir='ltr'><strong>et</strong></span> <span class='ocrx_word' id='word_1_341' title='bbox 3420 3288 3643 3343; x_wconf 82' lang='lat' dir='ltr'><strong>divisio-</strong></span> 
     </span>
    </p>
   </div>
   <div class='ocr_carea' id='block_1_45' title="bbox 385 3378 1964 3457">
    <p class='ocr_par' dir='ltr' id='par_1_45' title="bbox 385 3378 1964 3457">
     <span class='ocr_line' id='line_1_45' title="bbox 385 3378 1964 3457; baseline -0.001 -19"><span class='ocrx_word' id='word_1_342' title='bbox 385 3382 715 3438; x_wconf 83' lang='lat' dir='ltr'><strong>continetur.</strong></span> <span class='ocrx_word' id='word_1_343' title='bbox 754 3379 819 3435; x_wconf 88' lang='lat' dir='ltr'><strong>Et</strong></span> <span class='ocrx_word' id='word_1_344' title='bbox 867 3378 1007 3457; x_wconf 80' lang='lat' dir='ltr'><strong>forte</strong></span> <span class='ocrx_word' id='word_1_345' title='bbox 1054 3395 1176 3435; x_wconf 91' lang='lat' dir='ltr'><strong>cum</strong></span> <span class='ocrx_word' id='word_1_346' title='bbox 1233 3380 1439 3450; x_wconf 82' lang='lat' dir='ltr'><strong>jejunio</strong></span> <span class='ocrx_word' id='word_1_347' title='bbox 1492 3382 1739 3449; x_wconf 89' lang='lat' dir='ltr'><strong>poteritis</strong></span> <span class='ocrx_word' id='word_1_348' title='bbox 1774 3381 1964 3436; x_wconf 89' lang='lat' dir='ltr'><strong>audire</strong></span> 
     </span>
    </p>
   </div>
   <div class='ocr_carea' id='block_1_46' title="bbox 383 3474 1967 3544">
    <p class='ocr_par' dir='ltr' id='par_1_46' title="bbox 383 3474 1967 3544">
     <span class='ocr_line' id='line_1_46' title="bbox 383 3474 1967 3544; baseline -0.001 -15"><span class='ocrx_word' id='word_1_349' title='bbox 383 3486 435 3529; x_wconf 86' lang='lat' dir='ltr'><strong>et</strong></span> <span class='ocrx_word' id='word_1_350' title='bbox 471 3490 589 3544; x_wconf 64' lang='lat' dir='ltr'><strong>quae</strong></span> <span class='ocrx_word' id='word_1_351' title='bbox 622 3482 743 3528; x_wconf 88' lang='lat' dir='ltr'><strong>sunt</strong></span> <span class='ocrx_word' id='word_1_352' title='bbox 770 3489 890 3543; x_wconf 72' lang='lat' dir='ltr'><strong>qua:</strong></span> <span class='ocrx_word' id='word_1_353' title='bbox 922 3483 1236 3543; x_wconf 58' lang='lat' dir='ltr'><strong>quaeruntur</strong></span> <span class='ocrx_word' id='word_1_354' title='bbox 1260 3513 1276 3540; x_wconf 93' lang='lat'><strong>,</strong></span> <span class='ocrx_word' id='word_1_355' title='bbox 1320 3482 1375 3527; x_wconf 90' lang='lat' dir='ltr'><strong>et</strong></span> <span class='ocrx_word' id='word_1_356' title='bbox 1418 3488 1537 3542; x_wconf 66' lang='lat' dir='ltr'><strong>quae</strong></span> <span class='ocrx_word' id='word_1_357' title='bbox 1567 3488 1752 3527; x_wconf 80' lang='lat' dir='ltr'><strong>eorum</strong></span> <span class='ocrx_word' id='word_1_358' title='bbox 1797 3474 1967 3527; x_wconf 89' lang='lat' dir='ltr'><strong>inter-</strong></span> 
     </span>
    </p>
   </div>
   <div class='ocr_carea' id='block_1_47' title="bbox 386 3564 1963 3639">
    <p class='ocr_par' dir='ltr' id='par_1_47' title="bbox 386 3564 1963 3639">
     <span class='ocr_line' id='line_1_47' title="bbox 386 3564 1963 3639; baseline -0.002 -18"><span class='ocrx_word' id='word_1_359' title='bbox 386 3567 621 3639; x_wconf 88' lang='lat' dir='ltr'><strong>pretatio</strong></span> <span class='ocrx_word' id='word_1_360' title='bbox 649 3566 933 3620; x_wconf 82' lang='lat' dir='ltr'><strong>habeatur.</strong></span> <span class='ocrx_word' id='word_1_361' title='bbox 968 3566 1239 3632; x_wconf 81' lang='lat' dir='ltr'><strong>Quaeritur</strong></span> <span class='ocrx_word' id='word_1_362' title='bbox 1270 3566 1414 3619; x_wconf 92' lang='lat' dir='ltr'><strong>enim</strong></span> <span class='ocrx_word' id='word_1_363' title='bbox 1449 3566 1500 3619; x_wconf 92' lang='lat' dir='ltr'><strong>in</strong></span> <span class='ocrx_word' id='word_1_364' title='bbox 1545 3566 1628 3619; x_wconf 92' lang='lat' dir='ltr'><strong>his</strong></span> <span class='ocrx_word' id='word_1_365' title='bbox 1669 3579 1791 3634; x_wconf 70' lang='lat' dir='ltr'><strong>quae</strong></span> <span class='ocrx_word' id='word_1_366' title='bbox 1826 3564 1963 3620; x_wconf 90' lang='lat' dir='ltr'><strong>lecta</strong></span> 
     </span>
    </p>
   </div>
   <div class='ocr_carea' id='block_1_48' title="bbox 387 3658 1963 3727">
    <p class='ocr_par' dir='ltr' id='par_1_48' title="bbox 387 3658 1963 3727">
     <span class='ocr_line' id='line_1_48' title="bbox 387 3658 1963 3727; baseline -0.003 -11"><span class='ocrx_word' id='word_1_367' title='bbox 387 3671 535 3727; x_wconf 84' lang='lat' dir='ltr'><strong>sunt,</strong></span> <span class='ocrx_word' id='word_1_368' title='bbox 590 3662 635 3715; x_wconf 91' lang='lat' dir='ltr'><strong>si</strong></span> <span class='ocrx_word' id='word_1_369' title='bbox 696 3659 838 3714; x_wconf 88' lang='lat' dir='ltr'><strong>Deus</strong></span> <span class='ocrx_word' id='word_1_370' title='bbox 889 3660 941 3714; x_wconf 92' lang='lat' dir='ltr'><strong>in</strong></span> <span class='ocrx_word' id='word_1_371' title='bbox 1000 3668 1237 3713; x_wconf 89' lang='lat' dir='ltr'><strong>montem</strong></span> <span class='ocrx_word' id='word_1_372' title='bbox 1284 3658 1562 3713; x_wconf 77' lang='lat' dir='ltr'><strong>descendit</strong></span> <span class='ocrx_word' id='word_1_373' title='bbox 1596 3659 1751 3722; x_wconf 88' lang='lat' dir='ltr'><strong>Sina,</strong></span> <span class='ocrx_word' id='word_1_374' title='bbox 1810 3666 1866 3711; x_wconf 87' lang='lat' dir='ltr'><strong>et</strong></span> <span class='ocrx_word' id='word_1_375' title='bbox 1918 3658 1963 3711; x_wconf 88' lang='lat' dir='ltr'><strong>si</strong></span> 
     </span>
    </p>
   </div>
   <div class='ocr_carea' id='block_1_49' title="bbox 387 3749 1964 3817">
    <p class='ocr_par' dir='ltr' id='par_1_49' title="bbox 387 3749 1964 3817">
     <span class='ocr_line' id='line_1_49' title="bbox 387 3749 1964 3817; baseline -0.003 -10"><span class='ocrx_word' id='word_1_376' title='bbox 387 3753 755 3817; x_wconf 85' lang='lat' dir='ltr'><strong>circumdatur</strong></span> <span class='ocrx_word' id='word_1_377' title='bbox 802 3752 942 3807; x_wconf 88' lang='lat' dir='ltr'><strong>Deus</strong></span> <span class='ocrx_word' id='word_1_378' title='bbox 1003 3752 1055 3805; x_wconf 91' lang='lat' dir='ltr'><strong>in</strong></span> <span class='ocrx_word' id='word_1_379' title='bbox 1106 3760 1290 3805; x_wconf 88' lang='lat' dir='ltr'><strong>monte</strong></span> <span class='ocrx_word' id='word_1_380' title='bbox 1338 3760 1432 3805; x_wconf 89' lang='lat' dir='ltr'><strong>aut</strong></span> <span class='ocrx_word' id='word_1_381' title='bbox 1495 3749 1634 3805; x_wconf 89' lang='lat' dir='ltr'><strong>loco.</strong></span> <span class='ocrx_word' id='word_1_382' title='bbox 1690 3750 1964 3816; x_wconf 68' lang='lat' dir='ltr'><strong>Quaeritur</strong></span> 
     </span>
    </p>
   </div>
   <div class='ocr_carea' id='block_1_50' title="bbox 387 3842 1963 3916">
    <p class='ocr_par' dir='ltr' id='par_1_50' title="bbox 387 3842 1963 3916">
     <span class='ocr_line' id='line_1_50' title="bbox 387 3842 1963 3916; baseline -0.001 -17"><span class='ocrx_word' id='word_1_383' title='bbox 387 3846 551 3899; x_wconf 88' lang='lat' dir='ltr'><strong>etiam</strong></span> <span class='ocrx_word' id='word_1_384' title='bbox 581 3860 701 3913; x_wconf 75' lang='lat' dir='ltr'><strong>qua:</strong></span> <span class='ocrx_word' id='word_1_385' title='bbox 749 3855 868 3899; x_wconf 88' lang='lat' dir='ltr'><strong>erat</strong></span> <span class='ocrx_word' id='word_1_386' title='bbox 917 3846 1079 3910; x_wconf 91' lang='lat' dir='ltr'><strong>tuba,</strong></span> <span class='ocrx_word' id='word_1_387' title='bbox 1127 3859 1249 3914; x_wconf 69' lang='lat' dir='ltr'><strong>quae</strong></span> <span class='ocrx_word' id='word_1_388' title='bbox 1293 3859 1388 3899; x_wconf 91' lang='lat' dir='ltr'><strong>ore</strong></span> <span class='ocrx_word' id='word_1_389' title='bbox 1429 3843 1802 3913; x_wconf 79' lang='lat' dir='ltr'><strong>proferebatur</strong></span> <span class='ocrx_word' id='word_1_390' title='bbox 1848 3842 1963 3916; x_wconf 78' lang='lat' dir='ltr'><strong>Dei.</strong></span> 
     </span>
    </p>
   </div>
   <div class='ocr_carea' id='block_1_51' title="bbox 392 3934 1964 4007">
    <p class='ocr_par' dir='ltr' id='par_1_51' title="bbox 392 3934 1964 4007">
     <span class='ocr_line' id='line_1_51' title="bbox 392 3934 1964 4007; baseline -0.001 -17"><span class='ocrx_word' id='word_1_391' title='bbox 392 3935 685 4003; x_wconf 67' lang='lat' dir='ltr'><strong>Quaeritur,</strong></span> <span class='ocrx_word' id='word_1_392' title='bbox 734 3950 831 3989; x_wconf 90' lang='lat' dir='ltr'><strong>cur</strong></span> <span class='ocrx_word' id='word_1_393' title='bbox 878 3936 1373 4005; x_wconf 84' lang='lat' dir='ltr'><strong>appmpinquantes</strong></span> <span class='ocrx_word' id='word_1_394' title='bbox 1423 3936 1487 3988; x_wconf 88' lang='lat' dir='ltr'><strong>ad</strong></span> <span class='ocrx_word' id='word_1_395' title='bbox 1538 3945 1747 3989; x_wconf 91' lang='lat' dir='ltr'><strong>montes</strong></span> <span class='ocrx_word' id='word_1_396' title='bbox 1770 3934 1881 4007; x_wconf 75' lang='grc'><strong>(21)</strong></span> <span class='ocrx_word' id='word_1_397' title='bbox 1914 3935 1964 3988; x_wconf 93' lang='lat' dir='ltr'><strong>in</strong></span> 
     </span>
    </p>
   </div>
   <div class='ocr_carea' id='block_1_52' title="bbox 392 4027 1968 4098">
    <p class='ocr_par' dir='ltr' id='par_1_52' title="bbox 392 4027 1968 4098">
     <span class='ocr_line' id='line_1_52' title="bbox 392 4027 1968 4098; baseline -0.001 -17"><span class='ocrx_word' id='word_1_398' title='bbox 392 4043 499 4098; x_wconf 82' lang='lat' dir='ltr'><strong>quo</strong></span> <span class='ocrx_word' id='word_1_399' title='bbox 556 4038 675 4081; x_wconf 92' lang='lat' dir='ltr'><strong>erat</strong></span> <span class='ocrx_word' id='word_1_400' title='bbox 725 4027 886 4091; x_wconf 83' lang='lat' dir='ltr'><strong>Deus,</strong></span> <span class='ocrx_word' id='word_1_401' title='bbox 930 4027 1431 4092; x_wconf 84' lang='lat' dir='ltr'><strong>interficiebantur,</strong></span> <span class='ocrx_word' id='word_1_402' title='bbox 1485 4036 1541 4082; x_wconf 86' lang='lat' dir='ltr'><strong>et</strong></span> <span class='ocrx_word' id='word_1_403' title='bbox 1584 4027 1968 4098; x_wconf 85' lang='lat' dir='ltr'><strong>prohibebatur</strong></span> 
     </span>
    </p>
   </div>
   <div class='ocr_carea' id='block_1_53' title="bbox 390 4117 1969 4190">
    <p class='ocr_par' dir='ltr' id='par_1_53' title="bbox 390 4117 1969 4190">
     <span class='ocr_line' id='line_1_53' title="bbox 390 4117 1969 4190; baseline -0.001 -18"><span class='ocrx_word' id='word_1_404' title='bbox 390 4121 619 4190; x_wconf 88' lang='lat' dir='ltr'><strong>populus</strong></span> <span class='ocrx_word' id='word_1_405' title='bbox 651 4118 1099 4188; x_wconf 84' lang='lat' dir='ltr'><strong>appropinquare.</strong></span> <span class='ocrx_word' id='word_1_406' title='bbox 1143 4117 1280 4185; x_wconf 87' lang='lat' dir='ltr'><strong>Quid</strong></span> <span class='ocrx_word' id='word_1_407' title='bbox 1310 4117 1412 4172; x_wconf 88' lang='lat' dir='ltr'><strong>sibi</strong></span> <span class='ocrx_word' id='word_1_408' title='bbox 1447 4118 1560 4173; x_wconf 88' lang='lat' dir='ltr'><strong>vult</strong></span> <span class='ocrx_word' id='word_1_409' title='bbox 1590 4119 1843 4173; x_wconf 88' lang='lat' dir='ltr'><strong>columna</strong></span> <span class='ocrx_word' id='word_1_410' title='bbox 1868 4134 1969 4172; x_wconf 90' lang='lat' dir='ltr'><strong>nu-</strong></span> 
     </span>
    </p>
   </div>
   <div class='ocr_carea' id='block_1_54' title="bbox 391 4209 1968 4279">
    <p class='ocr_par' dir='ltr' id='par_1_54' title="bbox 391 4209 1968 4279">
     <span class='ocr_line' id='line_1_54' title="bbox 391 4209 1968 4279; baseline -0.002 -14"><span class='ocrx_word' id='word_1_411' title='bbox 391 4213 474 4267; x_wconf 85' lang='lat' dir='ltr'><strong>bis</strong></span> <span class='ocrx_word' id='word_1_412' title='bbox 510 4210 597 4265; x_wconf 91' lang='lat' dir='ltr'><strong>ubi</strong></span> <span class='ocrx_word' id='word_1_413' title='bbox 629 4220 711 4263; x_wconf 90' lang='lat' dir='ltr'><strong>est</strong></span> <span class='ocrx_word' id='word_1_414' title='bbox 742 4209 920 4263; x_wconf 84' lang='lat' dir='ltr'><strong>Deus?</strong></span> <span class='ocrx_word' id='word_1_415' title='bbox 956 4210 1085 4279; x_wconf 92' lang='lat' dir='ltr'><strong>quid</strong></span> <span class='ocrx_word' id='word_1_416' title='bbox 1112 4209 1273 4262; x_wconf 88' lang='lat' dir='ltr'><strong>etiam</strong></span> <span class='ocrx_word' id='word_1_417' title='bbox 1309 4223 1464 4263; x_wconf 90' lang='lat' dir='ltr'><strong>mons</strong></span> <span class='ocrx_word' id='word_1_418' title='bbox 1498 4209 1757 4264; x_wconf 84' lang='lat' dir='ltr'><strong>fumans?</strong></span> <span class='ocrx_word' id='word_1_419' title='bbox 1783 4210 1968 4263; x_wconf 81' lang='lat' dir='ltr'><strong>Adda—</strong></span> 
     </span>
    </p>
   </div>
   <div class='ocr_carea' id='block_1_55' title="bbox 391 4301 1969 4370">
    <p class='ocr_par' dir='ltr' id='par_1_55' title="bbox 391 4301 1969 4370">
     <span class='ocr_line' id='line_1_55' title="bbox 391 4301 1969 4370; baseline -0.003 -11"><span class='ocrx_word' id='word_1_420' title='bbox 391 4314 478 4359; x_wconf 90' lang='lat' dir='ltr'><strong>tur</strong></span> <span class='ocrx_word' id='word_1_421' title='bbox 512 4316 691 4358; x_wconf 91' lang='lat' dir='ltr'><strong>autem</strong></span> <span class='ocrx_word' id='word_1_422' title='bbox 725 4302 838 4367; x_wconf 81' lang='lat' dir='ltr'><strong>his,</strong></span> <span class='ocrx_word' id='word_1_423' title='bbox 871 4316 970 4356; x_wconf 90' lang='lat' dir='ltr'><strong>cur</strong></span> <span class='ocrx_word' id='word_1_424' title='bbox 997 4302 1041 4355; x_wconf 89' lang='lat' dir='ltr'><strong>si</strong></span> <span class='ocrx_word' id='word_1_425' title='bbox 1093 4301 1213 4370; x_wconf 86' lang='lat' dir='ltr'><strong>quis</strong></span> <span class='ocrx_word' id='word_1_426' title='bbox 1240 4302 1465 4356; x_wconf 86' lang='lat' dir='ltr'><strong>vidisset</strong></span> <span class='ocrx_word' id='word_1_427' title='bbox 1500 4303 1663 4358; x_wconf 90' lang='lat' dir='ltr'><strong>Deum</strong></span> <span class='ocrx_word' id='word_1_428' title='bbox 1700 4302 1969 4357; x_wconf 87' lang='lat' dir='ltr'><strong>morieba-</strong></span> 
     </span>
    </p>
   </div>
   <div class='ocr_carea' id='block_1_56' title="bbox 392 4393 1968 4465">
    <p class='ocr_par' dir='ltr' id='par_1_56' title="bbox 392 4393 1968 4465">
     <span class='ocr_line' id='line_1_56' title="bbox 392 4393 1968 4465; baseline 0.002 -17"><span class='ocrx_word' id='word_1_429' title='bbox 392 4405 503 4460; x_wconf 91' lang='lat' dir='ltr'><strong>tur,</strong></span> <span class='ocrx_word' id='word_1_430' title='bbox 535 4405 719 4450; x_wconf 89' lang='lat' dir='ltr'><strong>etnon</strong></span> <span class='ocrx_word' id='word_1_431' title='bbox 754 4395 924 4465; x_wconf 82' lang='lat' dir='ltr'><strong>magis</strong></span> <span class='ocrx_word' id='word_1_432' title='bbox 968 4394 1207 4449; x_wconf 87' lang='lat' dir='ltr'><strong>vivebat.</strong></span> <span class='ocrx_word' id='word_1_433' title='bbox 1256 4393 1365 4449; x_wconf 80' lang='lat' dir='ltr'><strong>Has</strong></span> <span class='ocrx_word' id='word_1_434' title='bbox 1412 4411 1601 4451; x_wconf 90' lang='lat' dir='ltr'><strong>omnes</strong></span> <span class='ocrx_word' id='word_1_435' title='bbox 1643 4396 1968 4464; x_wconf 66' lang='lat' dir='ltr'><strong>quaestiones</strong></span> 
     </span>
    </p>
   </div>
   <div class='ocr_carea' id='block_1_57' title="bbox 391 4486 1969 4556">
    <p class='ocr_par' dir='ltr' id='par_1_57' title="bbox 391 4486 1969 4556">
     <span class='ocr_line' id='line_1_57' title="bbox 391 4486 1969 4556; baseline -0.001 -15"><span class='ocrx_word' id='word_1_436' title='bbox 391 4488 559 4541; x_wconf 85' lang='lat' dir='ltr'><strong>ambit</strong></span> <span class='ocrx_word' id='word_1_437' title='bbox 576 4487 723 4542; x_wconf 91' lang='lat' dir='ltr'><strong>locus</strong></span> <span class='ocrx_word' id='word_1_438' title='bbox 736 4487 826 4555; x_wconf 90' lang='lat' dir='ltr'><strong>qui</strong></span> <span class='ocrx_word' id='word_1_439' title='bbox 853 4487 1027 4541; x_wconf 90' lang='lat' dir='ltr'><strong>lectus</strong></span> <span class='ocrx_word' id='word_1_440' title='bbox 1042 4488 1384 4542; x_wconf 86' lang='lat' dir='ltr'><strong>est.0rantes</strong></span> <span class='ocrx_word' id='word_1_441' title='bbox 1404 4486 1569 4555; x_wconf 83' lang='lat' dir='ltr'><strong>igitur</strong></span> <span class='ocrx_word' id='word_1_442' title='bbox 1586 4486 1758 4556; x_wconf 90' lang='lat' dir='ltr'><strong>ipsum</strong></span> <span class='ocrx_word' id='word_1_443' title='bbox 1779 4486 1969 4553; x_wconf 87' lang='lat' dir='ltr'><strong>Deum,</strong></span> 
     </span>
    </p>
   </div>
   <div class='ocr_carea' id='block_1_58' title="bbox 390 4576 1971 4648">
    <p class='ocr_par' dir='ltr' id='par_1_58' title="bbox 390 4576 1971 4648">
     <span class='ocr_line' id='line_1_58' title="bbox 390 4576 1971 4648; baseline -0.001 -17"><span class='ocrx_word' id='word_1_444' title='bbox 390 4578 481 4648; x_wconf 90' lang='lat' dir='ltr'><strong>qui</strong></span> <span class='ocrx_word' id='word_1_445' title='bbox 514 4577 661 4631; x_wconf 89' lang='lat' dir='ltr'><strong>solus</strong></span> <span class='ocrx_word' id='word_1_446' title='bbox 689 4586 866 4644; x_wconf 82' lang='lat' dir='ltr'><strong>potest</strong></span> <span class='ocrx_word' id='word_1_447' title='bbox 894 4591 991 4631; x_wconf 88' lang='lat' dir='ltr'><strong>sua</strong></span> <span class='ocrx_word' id='word_1_448' title='bbox 1019 4576 1251 4641; x_wconf 89' lang='lat' dir='ltr'><strong>edicere,</strong></span> <span class='ocrx_word' id='word_1_449' title='bbox 1284 4577 1353 4629; x_wconf 89' lang='lat' dir='ltr'><strong>ita</strong></span> <span class='ocrx_word' id='word_1_450' title='bbox 1384 4579 1448 4630; x_wconf 89' lang='lat' dir='ltr'><strong>ad</strong></span> <span class='ocrx_word' id='word_1_451' title='bbox 1467 4577 1763 4631; x_wconf 85' lang='lat' dir='ltr'><strong>solutiones</strong></span> <span class='ocrx_word' id='word_1_452' title='bbox 1790 4578 1971 4631; x_wconf 87' lang='lat' dir='ltr'><strong>istius-</strong></span> 
     </span>
    </p>
   </div>
   <div class='ocr_carea' id='block_1_59' title="bbox 2067 3378 3644 3444">
    <p class='ocr_par' dir='ltr' id='par_1_59' title="bbox 2067 3378 3644 3444">
     <span class='ocr_line' id='line_1_59' title="bbox 2067 3378 3644 3444; baseline -0.002 -8"><span class='ocrx_word' id='word_1_453' title='bbox 2067 3396 2163 3436; x_wconf 91' lang='lat' dir='ltr'><strong>nes</strong></span> <span class='ocrx_word' id='word_1_454' title='bbox 2190 3391 2245 3435; x_wconf 90' lang='lat' dir='ltr'><strong>et</strong></span> <span class='ocrx_word' id='word_1_455' title='bbox 2276 3382 2617 3444; x_wconf 85' lang='lat' dir='ltr'><strong>partitiones.</strong></span> <span class='ocrx_word' id='word_1_456' title='bbox 2660 3378 2752 3433; x_wconf 86' lang='lat' dir='ltr'><strong>llla</strong></span> <span class='ocrx_word' id='word_1_457' title='bbox 2788 3392 2969 3435; x_wconf 86' lang='lat' dir='ltr'><strong>autem</strong></span> <span class='ocrx_word' id='word_1_458' title='bbox 3022 3391 3213 3435; x_wconf 88' lang='lat' dir='ltr'><strong>natura</strong></span> <span class='ocrx_word' id='word_1_459' title='bbox 3264 3380 3435 3435; x_wconf 85' lang='lat' dir='ltr'><strong>libera</strong></span> <span class='ocrx_word' id='word_1_460' title='bbox 3484 3390 3568 3435; x_wconf 86' lang='lat' dir='ltr'><strong>est</strong></span> <span class='ocrx_word' id='word_1_461' title='bbox 3617 3396 3644 3433; x_wconf 72' lang='grc' dir='ltr'><strong><em>ο</em></strong></span> 
     </span>
    </p>
   </div>
   <div class='ocr_carea' id='block_1_60' title="bbox 2065 3472 3649 3542">
    <p class='ocr_par' dir='ltr' id='par_1_60' title="bbox 2065 3472 3649 3542">
     <span class='ocr_line' id='line_1_60' title="bbox 2065 3472 3649 3542; baseline 0.001 -15"><span class='ocrx_word' id='word_1_462' title='bbox 2065 3473 2407 3540; x_wconf 91' lang='lat' dir='ltr'><strong>corporibus,</strong></span> <span class='ocrx_word' id='word_1_463' title='bbox 2443 3486 2547 3525; x_wconf 93' lang='lat' dir='ltr'><strong>non</strong></span> <span class='ocrx_word' id='word_1_464' title='bbox 2576 3472 2750 3526; x_wconf 90' lang='lat' dir='ltr'><strong>solum</strong></span> <span class='ocrx_word' id='word_1_465' title='bbox 2788 3482 2846 3526; x_wconf 93' lang='lat' dir='ltr'><strong>ut</strong></span> <span class='ocrx_word' id='word_1_466' title='bbox 2886 3488 2995 3526; x_wconf 87' lang='lat' dir='ltr'><strong>non</strong></span> <span class='ocrx_word' id='word_1_467' title='bbox 3024 3474 3097 3526; x_wconf 92' lang='lat' dir='ltr'><strong>sit</strong></span> <span class='ocrx_word' id='word_1_468' title='bbox 3123 3488 3319 3542; x_wconf 89' lang='lat' dir='ltr'><strong>corpus</strong></span> <span class='ocrx_word' id='word_1_469' title='bbox 3344 3515 3357 3536; x_wconf 92' lang='lat'><strong>,</strong></span> <span class='ocrx_word' id='word_1_470' title='bbox 3388 3474 3485 3527; x_wconf 89' lang='lat' dir='ltr'><strong>sed</strong></span> <span class='ocrx_word' id='word_1_471' title='bbox 3508 3483 3559 3528; x_wconf 88' lang='lat' dir='ltr'><strong>et</strong></span> <span class='ocrx_word' id='word_1_472' title='bbox 3593 3485 3649 3528; x_wconf 92' lang='lat' dir='ltr'><strong>ut</strong></span> 
     </span>
    </p>
   </div>
   <div class='ocr_carea' id='block_1_61' title="bbox 2065 3564 3646 3635">
    <p class='ocr_par' dir='ltr' id='par_1_61' title="bbox 2065 3564 3646 3635">
     <span class='ocr_line' id='line_1_61' title="bbox 2065 3564 3646 3635; baseline -0.001 -14"><span class='ocrx_word' id='word_1_473' title='bbox 2065 3582 2172 3621; x_wconf 92' lang='lat' dir='ltr'><strong>non</strong></span> <span class='ocrx_word' id='word_1_474' title='bbox 2205 3566 2401 3619; x_wconf 81' lang='lat' dir='ltr'><strong>habeat</strong></span> <span class='ocrx_word' id='word_1_475' title='bbox 2424 3580 2643 3635; x_wconf 88' lang='lat' dir='ltr'><strong>corpus.</strong></span> <span class='ocrx_word' id='word_1_476' title='bbox 2678 3564 2788 3621; x_wconf 88' lang='lat' dir='ltr'><strong>Nec</strong></span> <span class='ocrx_word' id='word_1_477' title='bbox 2810 3566 2956 3619; x_wconf 90' lang='lat' dir='ltr'><strong>enim</strong></span> <span class='ocrx_word' id='word_1_478' title='bbox 3003 3575 3061 3619; x_wconf 91' lang='lat' dir='ltr'><strong>ut</strong></span> <span class='ocrx_word' id='word_1_479' title='bbox 3110 3566 3288 3619; x_wconf 85' lang='lat' dir='ltr'><strong>anima</strong></span> <span class='ocrx_word' id='word_1_480' title='bbox 3322 3566 3646 3635; x_wconf 84' lang='lat' dir='ltr'><strong>incorpora-</strong></span> 
     </span>
    </p>
   </div>
   <div class='ocr_carea' id='block_1_62' title="bbox 2066 3656 3647 3727">
    <p class='ocr_par' dir='ltr' id='par_1_62' title="bbox 2066 3656 3647 3727">
     <span class='ocr_line' id='line_1_62' title="bbox 2066 3656 3647 3727; baseline 0 -16"><span class='ocrx_word' id='word_1_481' title='bbox 2066 3658 2133 3712; x_wconf 92' lang='lat' dir='ltr'><strong>lis</strong></span> <span class='ocrx_word' id='word_1_482' title='bbox 2180 3656 2399 3726; x_wconf 89' lang='lat' dir='ltr'><strong>quidem</strong></span> <span class='ocrx_word' id='word_1_483' title='bbox 2451 3667 2554 3725; x_wconf 89' lang='lat' dir='ltr'><strong>est,</strong></span> <span class='ocrx_word' id='word_1_484' title='bbox 2594 3657 2737 3712; x_wconf 90' lang='lat' dir='ltr'><strong>circa</strong></span> <span class='ocrx_word' id='word_1_485' title='bbox 2780 3671 2976 3727; x_wconf 91' lang='lat' dir='ltr'><strong>corpus</strong></span> <span class='ocrx_word' id='word_1_486' title='bbox 3023 3668 3203 3711; x_wconf 88' lang='lat' dir='ltr'><strong>autem</strong></span> <span class='ocrx_word' id='word_1_487' title='bbox 3246 3658 3647 3726; x_wconf 85' lang='lat' dir='ltr'><strong>quodammodo</strong></span> 
     </span>
    </p>
   </div>
   <div class='ocr_carea' id='block_1_63' title="bbox 2066 3744 3645 3819">
    <p class='ocr_par' dir='ltr' id='par_1_63' title="bbox 2066 3744 3645 3819">
     <span class='ocr_line' id='line_1_63' title="bbox 2066 3744 3645 3819; baseline 0.001 -16"><span class='ocrx_word' id='word_1_488' title='bbox 2066 3758 2169 3812; x_wconf 87' lang='lat' dir='ltr'><strong>est,</strong></span> <span class='ocrx_word' id='word_1_489' title='bbox 2212 3758 2305 3801; x_wconf 91' lang='lat' dir='ltr'><strong>aut</strong></span> <span class='ocrx_word' id='word_1_490' title='bbox 2330 3763 2528 3818; x_wconf 92' lang='lat' dir='ltr'><strong>corpus</strong></span> <span class='ocrx_word' id='word_1_491' title='bbox 2556 3744 2701 3803; x_wconf 88' lang='lat' dir='ltr'><strong>circa</strong></span> <span class='ocrx_word' id='word_1_492' title='bbox 2730 3749 2901 3817; x_wconf 88' lang='lat' dir='ltr'><strong>ipsam</strong></span> <span class='ocrx_word' id='word_1_493' title='bbox 2922 3786 2940 3814; x_wconf 87' lang='lat'><strong>,</strong></span> <span class='ocrx_word' id='word_1_494' title='bbox 2969 3760 3062 3802; x_wconf 92' lang='lat' dir='ltr'><strong>aut</strong></span> <span class='ocrx_word' id='word_1_495' title='bbox 3096 3750 3366 3819; x_wconf 86' lang='lat' dir='ltr'><strong>quomodo</strong></span> <span class='ocrx_word' id='word_1_496' title='bbox 3396 3751 3521 3817; x_wconf 87' lang='lat' dir='ltr'><strong>quis</strong></span> <span class='ocrx_word' id='word_1_497' title='bbox 3550 3766 3645 3804; x_wconf 82' lang='lat' dir='ltr'><strong>vo-</strong></span> 
     </span>
    </p>
   </div>
   <div class='ocr_carea' id='block_1_64' title="bbox 2069 3839 3644 3917">
    <p class='ocr_par' dir='ltr' id='par_1_64' title="bbox 2069 3839 3644 3917">
     <span class='ocr_line' id='line_1_64' title="bbox 2069 3839 3644 3917; baseline 0.001 -23"><span class='ocrx_word' id='word_1_498' title='bbox 2069 3839 2230 3894; x_wconf 90' lang='lat' dir='ltr'><strong>luerit</strong></span> <span class='ocrx_word' id='word_1_499' title='bbox 2266 3840 2447 3917; x_wconf 86' lang='lat' dir='ltr'><strong>dicere</strong></span> <span class='ocrx_word' id='word_1_500' title='bbox 2479 3854 2493 3891; x_wconf 90' lang='lat'><strong>:</strong></span> <span class='ocrx_word' id='word_1_501' title='bbox 2530 3854 2706 3906; x_wconf 88' lang='lat' dir='ltr'><strong>neque</strong></span> <span class='ocrx_word' id='word_1_502' title='bbox 2750 3841 2851 3894; x_wconf 92' lang='lat' dir='ltr'><strong>hoc</strong></span> <span class='ocrx_word' id='word_1_503' title='bbox 2884 3841 3253 3910; x_wconf 88' lang='lat' dir='ltr'><strong>accipiendqu</strong></span> <span class='ocrx_word' id='word_1_504' title='bbox 3296 3842 3363 3896; x_wconf 90' lang='lat' dir='ltr'><strong>de</strong></span> <span class='ocrx_word' id='word_1_505' title='bbox 3400 3843 3513 3897; x_wconf 91' lang='lat' dir='ltr'><strong>Deo</strong></span> <span class='ocrx_word' id='word_1_506' title='bbox 3539 3853 3644 3907; x_wconf 86' lang='lat' dir='ltr'><strong>est,</strong></span> 
     </span>
    </p>
   </div>
   <div class='ocr_carea' id='block_1_65' title="bbox 2068 3922 3646 4003">
    <p class='ocr_par' dir='ltr' id='par_1_65' title="bbox 2068 3922 3646 4003">
     <span class='ocr_line' id='line_1_65' title="bbox 2068 3922 3646 4003; baseline 0.003 -19"><span class='ocrx_word' id='word_1_507' title='bbox 2068 3934 2193 4001; x_wconf 89' lang='lat' dir='ltr'><strong>quia</strong></span> <span class='ocrx_word' id='word_1_508' title='bbox 2225 3949 2400 4003; x_wconf 89' lang='lat' dir='ltr'><strong>neque</strong></span> <span class='ocrx_word' id='word_1_509' title='bbox 2450 3948 2646 4002; x_wconf 90' lang='lat' dir='ltr'><strong>corpus</strong></span> <span class='ocrx_word' id='word_1_510' title='bbox 2688 3943 2772 3987; x_wconf 91' lang='lat' dir='ltr'><strong>est</strong></span> <span class='ocrx_word' id='word_1_511' title='bbox 2818 3933 2993 3997; x_wconf 85' lang='lat' dir='ltr'><strong>Deus,</strong></span> <span class='ocrx_word' id='word_1_512' title='bbox 3045 3922 3219 4002; x_wconf 84' lang='lat' dir='ltr'><strong>neque</strong></span> <span class='ocrx_word' id='word_1_513' title='bbox 3264 3950 3467 4003; x_wconf 88' lang='lat' dir='ltr'><strong>corpus</strong></span> <span class='ocrx_word' id='word_1_514' title='bbox 3504 3938 3646 3991; x_wconf 71' lang='lat' dir='ltr'><strong>circa</strong></span> 
     </span>
    </p>
   </div>
   <div class='ocr_carea' id='block_1_66' title="bbox 2070 4016 3647 4097">
    <p class='ocr_par' dir='ltr' id='par_1_66' title="bbox 2070 4016 3647 4097">
     <span class='ocr_line' id='line_1_66' title="bbox 2070 4016 3647 4097; baseline 0.001 -20"><span class='ocrx_word' id='word_1_515' title='bbox 2070 4024 2268 4093; x_wconf 91' lang='lat' dir='ltr'><strong>ipsum,</strong></span> <span class='ocrx_word' id='word_1_516' title='bbox 2293 4040 2466 4094; x_wconf 90' lang='lat' dir='ltr'><strong>neque</strong></span> <span class='ocrx_word' id='word_1_517' title='bbox 2495 4026 2547 4078; x_wconf 94' lang='lat' dir='ltr'><strong>in</strong></span> <span class='ocrx_word' id='word_1_518' title='bbox 2576 4039 2802 4094; x_wconf 90' lang='lat' dir='ltr'><strong>corpore</strong></span> <span class='ocrx_word' id='word_1_519' title='bbox 2825 4036 2908 4079; x_wconf 89' lang='lat' dir='ltr'><strong>est</strong></span> <span class='ocrx_word' id='word_1_520' title='bbox 2932 4016 3064 4093; x_wconf 89' lang='lat' dir='ltr'><strong>ipse.</strong></span> <span class='ocrx_word' id='word_1_521' title='bbox 3100 4024 3167 4079; x_wconf 86' lang='lat' dir='ltr'><strong>Et</strong></span> <span class='ocrx_word' id='word_1_522' title='bbox 3186 4026 3309 4097; x_wconf 93' lang='lat' dir='ltr'><strong>quis</strong></span> <span class='ocrx_word' id='word_1_523' title='bbox 3330 4028 3647 4094; x_wconf 79' lang='lat' dir='ltr'><strong>corporibus</strong></span> 
     </span>
    </p>
   </div>
   <div class='ocr_carea' id='block_1_67' title="bbox 2071 4115 3647 4187">
    <p class='ocr_par' dir='ltr' id='par_1_67' title="bbox 2071 4115 3647 4187">
     <span class='ocr_line' id='line_1_67' title="bbox 2071 4115 3647 4187; baseline 0.003 -20"><span class='ocrx_word' id='word_1_524' title='bbox 2071 4115 2366 4169; x_wconf 89' lang='lat' dir='ltr'><strong>innutritus</strong></span> <span class='ocrx_word' id='word_1_525' title='bbox 2415 4115 2554 4170; x_wconf 89' lang='lat' dir='ltr'><strong>forte</strong></span> <span class='ocrx_word' id='word_1_526' title='bbox 2600 4116 2986 4183; x_wconf 88' lang='lat' dir='ltr'><strong>suspicabitur,</strong></span> <span class='ocrx_word' id='word_1_527' title='bbox 3048 4117 3182 4171; x_wconf 89' lang='lat' dir='ltr'><strong>nihil</strong></span> <span class='ocrx_word' id='word_1_528' title='bbox 3221 4132 3341 4172; x_wconf 89' lang='lat' dir='ltr'><strong>esse</strong></span> <span class='ocrx_word' id='word_1_529' title='bbox 3385 4119 3647 4187; x_wconf 90' lang='lat' dir='ltr'><strong>eum,qui</strong></span> 
     </span>
    </p>
   </div>
   <div class='ocr_carea' id='block_1_68' title="bbox 2071 4206 3646 4278">
    <p class='ocr_par' dir='ltr' id='par_1_68' title="bbox 2071 4206 3646 4278">
     <span class='ocr_line' id='line_1_68' title="bbox 2071 4206 3646 4278; baseline 0.002 -19"><span class='ocrx_word' id='word_1_530' title='bbox 2071 4219 2180 4259; x_wconf 91' lang='lat' dir='ltr'><strong>non</strong></span> <span class='ocrx_word' id='word_1_531' title='bbox 2212 4214 2445 4271; x_wconf 88' lang='lat' dir='ltr'><strong>tenetur,</strong></span> <span class='ocrx_word' id='word_1_532' title='bbox 2471 4221 2571 4261; x_wconf 89' lang='lat' dir='ltr'><strong>nec</strong></span> <span class='ocrx_word' id='word_1_533' title='bbox 2597 4206 2829 4270; x_wconf 86' lang='lat' dir='ltr'><strong>videtur,</strong></span> <span class='ocrx_word' id='word_1_534' title='bbox 2856 4220 2956 4260; x_wconf 90' lang='lat' dir='ltr'><strong>nec</strong></span> <span class='ocrx_word' id='word_1_535' title='bbox 2978 4216 3243 4273; x_wconf 89' lang='lat' dir='ltr'><strong>aretatur,</strong></span> <span class='ocrx_word' id='word_1_536' title='bbox 3260 4223 3357 4262; x_wconf 92' lang='lat' dir='ltr'><strong>nec</strong></span> <span class='ocrx_word' id='word_1_537' title='bbox 3392 4213 3646 4278; x_wconf 77' lang='lat' dir='ltr'><strong>tangitur.</strong></span> 
     </span>
    </p>
   </div>
   <div class='ocr_carea' id='block_1_69' title="bbox 2072 4288 3648 4370">
    <p class='ocr_par' dir='ltr' id='par_1_69' title="bbox 2072 4288 3648 4370">
     <span class='ocr_line' id='line_1_69' title="bbox 2072 4288 3648 4370; baseline 0 -17"><span class='ocrx_word' id='word_1_538' title='bbox 2072 4300 2177 4353; x_wconf 87' lang='lat' dir='ltr'><strong>Sed</strong></span> <span class='ocrx_word' id='word_1_539' title='bbox 2232 4313 2531 4353; x_wconf 82' lang='lat' dir='ltr'><strong>conversus</strong></span> <span class='ocrx_word' id='word_1_540' title='bbox 2578 4299 2866 4352; x_wconf 88' lang='lat' dir='ltr'><strong>edoceatur</strong></span> <span class='ocrx_word' id='word_1_541' title='bbox 2914 4288 3164 4351; x_wconf 86' lang='lat' dir='ltr'><strong>naluram</strong></span> <span class='ocrx_word' id='word_1_542' title='bbox 3225 4300 3465 4370; x_wconf 86' lang='lat' dir='ltr'><strong>negotii,</strong></span> <span class='ocrx_word' id='word_1_543' title='bbox 3528 4302 3648 4369; x_wconf 84' lang='lat' dir='ltr'><strong>quia</strong></span> 
     </span>
    </p>
   </div>
   <div class='ocr_carea' id='block_1_70' title="bbox 2069 4389 3652 4461">
    <p class='ocr_par' dir='ltr' id='par_1_70' title="bbox 2069 4389 3652 4461">
     <span class='ocr_line' id='line_1_70' title="bbox 2069 4389 3652 4461; baseline 0.001 -18"><span class='ocrx_word' id='word_1_544' title='bbox 2069 4407 2192 4461; x_wconf 69' lang='lat' dir='ltr'><strong>qua:</strong></span> <span class='ocrx_word' id='word_1_545' title='bbox 2228 4392 2501 4453; x_wconf 87' lang='lat' dir='ltr'><strong>videntur,</strong></span> <span class='ocrx_word' id='word_1_546' title='bbox 2534 4399 2589 4443; x_wconf 90' lang='lat' dir='ltr'><strong>et</strong></span> <span class='ocrx_word' id='word_1_547' title='bbox 2620 4390 2852 4444; x_wconf 87' lang='lat' dir='ltr'><strong>tactibus</strong></span> <span class='ocrx_word' id='word_1_548' title='bbox 2881 4389 3181 4453; x_wconf 91' lang='lat' dir='ltr'><strong>incurrunt,</strong></span> <span class='ocrx_word' id='word_1_549' title='bbox 3221 4399 3277 4442; x_wconf 90' lang='lat' dir='ltr'><strong>et</strong></span> <span class='ocrx_word' id='word_1_550' title='bbox 3324 4391 3652 4459; x_wconf 78' lang='lat' dir='ltr'><strong>eogitatibus</strong></span> 
     </span>
    </p>
   </div>
   <div class='ocr_carea' id='block_1_71' title="bbox 2073 4482 3653 4551">
    <p class='ocr_par' dir='ltr' id='par_1_71' title="bbox 2073 4482 3653 4551">
     <span class='ocr_line' id='line_1_71' title="bbox 2073 4482 3653 4551; baseline 0.002 -15"><span class='ocrx_word' id='word_1_551' title='bbox 2073 4482 2491 4551; x_wconf 86' lang='lat' dir='ltr'><strong>amplectuntur,</strong></span> <span class='ocrx_word' id='word_1_552' title='bbox 2542 4496 2668 4536; x_wconf 88' lang='lat' dir='ltr'><strong>vere</strong></span> <span class='ocrx_word' id='word_1_553' title='bbox 2724 4496 3000 4549; x_wconf 90' lang='lat' dir='ltr'><strong>nunquam</strong></span> <span class='ocrx_word' id='word_1_554' title='bbox 3058 4492 3204 4536; x_wconf 89' lang='lat' dir='ltr'><strong>sunt.</strong></span> <span class='ocrx_word' id='word_1_555' title='bbox 3255 4482 3313 4535; x_wconf 78' lang='lat' dir='ltr'><strong>Si</strong></span> <span class='ocrx_word' id='word_1_556' title='bbox 3369 4491 3555 4538; x_wconf 83' lang='lat' dir='ltr'><strong>autem</strong></span> <span class='ocrx_word' id='word_1_557' title='bbox 3602 4497 3653 4539; x_wconf 82' lang='lat' dir='ltr'><strong>et</strong></span> 
     </span>
    </p>
   </div>
   <div class='ocr_carea' id='block_1_72' title="bbox 2075 4575 3653 4647">
    <p class='ocr_par' dir='ltr' id='par_1_72' title="bbox 2075 4575 3653 4647">
     <span class='ocr_line' id='line_1_72' title="bbox 2075 4575 3653 4647; baseline 0.003 -19"><span class='ocrx_word' id='word_1_558' title='bbox 2075 4575 2402 4629; x_wconf 87' lang='lat' dir='ltr'><strong>transfertur</strong></span> <span class='ocrx_word' id='word_1_559' title='bbox 2432 4584 2489 4628; x_wconf 88' lang='lat' dir='ltr'><strong>et</strong></span> <span class='ocrx_word' id='word_1_560' title='bbox 2517 4584 2936 4647; x_wconf 82' lang='lat' dir='ltr'><strong>transmutatur,</strong></span> <span class='ocrx_word' id='word_1_561' title='bbox 2968 4584 3023 4628; x_wconf 91' lang='lat' dir='ltr'><strong>et</strong></span> <span class='ocrx_word' id='word_1_562' title='bbox 3052 4576 3337 4642; x_wconf 88' lang='lat' dir='ltr'><strong>scinditur,</strong></span> <span class='ocrx_word' id='word_1_563' title='bbox 3371 4587 3429 4631; x_wconf 91' lang='lat' dir='ltr'><strong>et</strong></span> <span class='ocrx_word' id='word_1_564' title='bbox 3457 4580 3653 4632; x_wconf 72' lang='lat' dir='ltr'><strong>diridi-</strong></span> 
     </span>
    </p>
   </div>
   <div class='ocr_carea' id='block_1_73' title="bbox 393 4662 3656 4739">
    <p class='ocr_par' dir='ltr' id='par_1_73' title="bbox 393 4662 3656 4739">
     <span class='ocr_line' id='line_1_73' title="bbox 393 4662 3656 4739; baseline -0 -15"><span class='ocrx_word' id='word_1_565' title='bbox 393 4670 537 4725; x_wconf 87' lang='lat' dir='ltr'><strong>modi</strong></span> <span class='ocrx_word' id='word_1_566' title='bbox 587 4670 885 4722; x_wconf 89' lang='lat' dir='ltr'><strong>venienms.</strong></span> <span class='ocrx_word' id='word_1_567' title='bbox 946 4667 1111 4721; x_wconf 80' lang='lat' dir='ltr'><strong>Deum</strong></span> <span class='ocrx_word' id='word_1_568' title='bbox 1171 4670 1393 4737; x_wconf 88' lang='lat' dir='ltr'><strong>quidem</strong></span> <span class='ocrx_word' id='word_1_569' title='bbox 1442 4670 1745 4723; x_wconf 86' lang='lat' dir='ltr'><strong>circumdat</strong></span> <span class='ocrx_word' id='word_1_570' title='bbox 1802 4671 1967 4735; x_wconf 88' lang='lat' dir='ltr'><strong>nihil;</strong></span> <span class='ocrx_word' id='word_1_571' title='bbox 2001 4662 2046 4717; x_wconf 78' lang='grc' dir='ltr'><strong>Ι)</strong></span> <span class='ocrx_word' id='word_1_572' title='bbox 2076 4678 2182 4729; x_wconf 90' lang='lat' dir='ltr'><strong>tur,</strong></span> <span class='ocrx_word' id='word_1_573' title='bbox 2207 4677 2263 4720; x_wconf 87' lang='lat' dir='ltr'><strong>et</strong></span> <span class='ocrx_word' id='word_1_574' title='bbox 2309 4668 2590 4736; x_wconf 87' lang='lat' dir='ltr'><strong>putrescit,</strong></span> <span class='ocrx_word' id='word_1_575' title='bbox 2641 4677 2697 4721; x_wconf 90' lang='lat' dir='ltr'><strong>et</strong></span> <span class='ocrx_word' id='word_1_576' title='bbox 2750 4682 3026 4736; x_wconf 90' lang='lat' dir='ltr'><strong>nunquam</strong></span> <span class='ocrx_word' id='word_1_577' title='bbox 3076 4667 3249 4736; x_wconf 89' lang='lat' dir='ltr'><strong>ipsum</strong></span> <span class='ocrx_word' id='word_1_578' title='bbox 3292 4667 3405 4737; x_wconf 67' lang='grc'><strong>(22)</strong></span> <span class='ocrx_word' id='word_1_579' title='bbox 3458 4670 3656 4739; x_wconf 80' lang='lat' dir='ltr'><strong>accipit</strong></span> 
     </span>
    </p>
   </div>
   <div class='ocr_carea' id='block_1_74' title="bbox 391 4760 1968 4832">
    <p class='ocr_par' dir='ltr' id='par_1_74' title="bbox 391 4760 1968 4832">
     <span class='ocr_line' id='line_1_74' title="bbox 391 4760 1968 4832; baseline -0.001 -15"><span class='ocrx_word' id='word_1_580' title='bbox 391 4762 695 4818; x_wconf 86' lang='lat' dir='ltr'><strong>circumdat</strong></span> <span class='ocrx_word' id='word_1_581' title='bbox 732 4770 913 4815; x_wconf 90' lang='lat' dir='ltr'><strong>autem</strong></span> <span class='ocrx_word' id='word_1_582' title='bbox 950 4760 1092 4814; x_wconf 90' lang='lat' dir='ltr'><strong>Deus</strong></span> <span class='ocrx_word' id='word_1_583' title='bbox 1136 4762 1318 4815; x_wconf 91' lang='lat' dir='ltr'><strong>omnia</strong></span> <span class='ocrx_word' id='word_1_584' title='bbox 1345 4803 1361 4829; x_wconf 95' lang='lat'><strong>,</strong></span> <span class='ocrx_word' id='word_1_585' title='bbox 1420 4777 1526 4816; x_wconf 90' lang='lat' dir='ltr'><strong>non</strong></span> <span class='ocrx_word' id='word_1_586' title='bbox 1591 4762 1968 4832; x_wconf 86' lang='lat' dir='ltr'><strong>corporaliter.</strong></span> 
     </span>
    </p>
   </div>
   <div class='ocr_carea' id='block_1_75' title="bbox 395 4852 1972 4922">
    <p class='ocr_par' dir='ltr' id='par_1_75' title="bbox 395 4852 1972 4922">
     <span class='ocr_line' id='line_1_75' title="bbox 395 4852 1972 4922; baseline 0.003 -18"><span class='ocrx_word' id='word_1_587' title='bbox 395 4852 606 4907; x_wconf 81' lang='lat' dir='ltr'><strong>Virtute</strong></span> <span class='ocrx_word' id='word_1_588' title='bbox 650 4854 792 4907; x_wconf 89' lang='lat' dir='ltr'><strong>enim</strong></span> <span class='ocrx_word' id='word_1_589' title='bbox 844 4853 1169 4922; x_wconf 87' lang='lat' dir='ltr'><strong>ineorporali</strong></span> <span class='ocrx_word' id='word_1_590' title='bbox 1222 4852 1377 4907; x_wconf 90' lang='lat' dir='ltr'><strong>adest</strong></span> <span class='ocrx_word' id='word_1_591' title='bbox 1443 4854 1731 4916; x_wconf 80' lang='lat' dir='ltr'><strong>omnibus,</strong></span> <span class='ocrx_word' id='word_1_592' title='bbox 1775 4854 1972 4922; x_wconf 89' lang='lat' dir='ltr'><strong>ubique</strong></span> 
     </span>
    </p>
   </div>
   <div class='ocr_carea' id='block_1_76' title="bbox 396 4945 1969 5015">
    <p class='ocr_par' dir='ltr' id='par_1_76' title="bbox 396 4945 1969 5015">
     <span class='ocr_line' id='line_1_76' title="bbox 396 4945 1969 5015; baseline 0.001 -18"><span class='ocrx_word' id='word_1_593' title='bbox 396 4960 634 5015; x_wconf 62' lang='lat' dir='ltr'><strong>praesens</strong></span> <span class='ocrx_word' id='word_1_594' title='bbox 659 4956 762 5012; x_wconf 84' lang='lat' dir='ltr'><strong>est,</strong></span> <span class='ocrx_word' id='word_1_595' title='bbox 794 4954 849 5001; x_wconf 92' lang='lat' dir='ltr'><strong>et</strong></span> <span class='ocrx_word' id='word_1_596' title='bbox 873 4946 940 4999; x_wconf 90' lang='lat' dir='ltr'><strong>ab</strong></span> <span class='ocrx_word' id='word_1_597' title='bbox 967 4946 1217 4999; x_wconf 88' lang='lat' dir='ltr'><strong>omnibus</strong></span> <span class='ocrx_word' id='word_1_598' title='bbox 1244 4956 1525 5015; x_wconf 90' lang='lat' dir='ltr'><strong>separatus</strong></span> <span class='ocrx_word' id='word_1_599' title='bbox 1554 4959 1655 5001; x_wconf 88' lang='lat' dir='ltr'><strong>est.</strong></span> <span class='ocrx_word' id='word_1_600' title='bbox 1683 4945 1799 4999; x_wconf 87' lang='lat' dir='ltr'><strong>Non</strong></span> <span class='ocrx_word' id='word_1_601' title='bbox 1827 4946 1969 5000; x_wconf 91' lang='lat' dir='ltr'><strong>enim</strong></span> 
     </span>
    </p>
   </div>
   <div class='ocr_carea' id='block_1_77' title="bbox 396 5037 1974 5108">
    <p class='ocr_par' dir='ltr' id='par_1_77' title="bbox 396 5037 1974 5108">
     <span class='ocr_line' id='line_1_77' title="bbox 396 5037 1974 5108; baseline 0.004 -21"><span class='ocrx_word' id='word_1_602' title='bbox 396 5049 453 5091; x_wconf 89' lang='lat' dir='ltr'><strong>ut</strong></span> <span class='ocrx_word' id='word_1_603' title='bbox 484 5037 873 5108; x_wconf 89' lang='lat' dir='ltr'><strong>permisceatur</strong></span> <span class='ocrx_word' id='word_1_604' title='bbox 903 5038 1077 5099; x_wconf 88' lang='lat' dir='ltr'><strong>adest,</strong></span> <span class='ocrx_word' id='word_1_605' title='bbox 1106 5048 1198 5091; x_wconf 89' lang='lat' dir='ltr'><strong>aut</strong></span> <span class='ocrx_word' id='word_1_606' title='bbox 1226 5049 1284 5092; x_wconf 91' lang='lat' dir='ltr'><strong>ut</strong></span> <span class='ocrx_word' id='word_1_607' title='bbox 1313 5038 1617 5108; x_wconf 87' lang='lat' dir='ltr'><strong>cepuletur,</strong></span> <span class='ocrx_word' id='word_1_608' title='bbox 1656 5049 1748 5093; x_wconf 92' lang='lat' dir='ltr'><strong>aut</strong></span> <span class='ocrx_word' id='word_1_609' title='bbox 1774 5049 1830 5091; x_wconf 88' lang='lat' dir='ltr'><strong>ut</strong></span> <span class='ocrx_word' id='word_1_610' title='bbox 1852 5038 1974 5108; x_wconf 79' lang='lat' dir='ltr'><strong>jun-</strong></span> 
     </span>
    </p>
   </div>
   <div class='ocr_carea' id='block_1_78' title="bbox 395 5129 1968 5200">
    <p class='ocr_par' dir='ltr' id='par_1_78' title="bbox 395 5129 1968 5200">
     <span class='ocr_line' id='line_1_78' title="bbox 395 5129 1968 5200; baseline -0.001 -17"><span class='ocrx_word' id='word_1_611' title='bbox 395 5141 580 5200; x_wconf 83' lang='lat' dir='ltr'><strong>gatur;</strong></span> <span class='ocrx_word' id='word_1_612' title='bbox 630 5130 723 5185; x_wconf 83' lang='lat' dir='ltr'><strong>sed</strong></span> <span class='ocrx_word' id='word_1_613' title='bbox 755 5129 892 5184; x_wconf 88' lang='lat' dir='ltr'><strong>liber</strong></span> <span class='ocrx_word' id='word_1_614' title='bbox 927 5138 982 5184; x_wconf 90' lang='lat' dir='ltr'><strong>et</strong></span> <span class='ocrx_word' id='word_1_615' title='bbox 1024 5141 1307 5200; x_wconf 76' lang='lat' dir='ltr'><strong>separatus</strong></span> <span class='ocrx_word' id='word_1_616' title='bbox 1348 5131 1522 5185; x_wconf 89' lang='lat' dir='ltr'><strong>adest.</strong></span> <span class='ocrx_word' id='word_1_617' title='bbox 1575 5129 1743 5184; x_wconf 81' lang='lat' dir='ltr'><strong>Adest</strong></span> <span class='ocrx_word' id='word_1_618' title='bbox 1790 5139 1968 5183; x_wconf 89' lang='lat' dir='ltr'><strong>autem</strong></span> 
     </span>
    </p>
   </div>
   <div class='ocr_carea' id='block_1_79' title="bbox 398 5220 1971 5293">
    <p class='ocr_par' dir='ltr' id='par_1_79' title="bbox 398 5220 1971 5293">
     <span class='ocr_line' id='line_1_79' title="bbox 398 5220 1971 5293; baseline 0 -17"><span class='ocrx_word' id='word_1_619' title='bbox 398 5238 503 5276; x_wconf 90' lang='lat' dir='ltr'><strong>non</strong></span> <span class='ocrx_word' id='word_1_620' title='bbox 526 5222 753 5285; x_wconf 87' lang='lat' dir='ltr'><strong>divisus,</strong></span> <span class='ocrx_word' id='word_1_621' title='bbox 783 5232 876 5276; x_wconf 89' lang='lat' dir='ltr'><strong>aut</strong></span> <span class='ocrx_word' id='word_1_622' title='bbox 903 5222 1126 5284; x_wconf 88' lang='lat' dir='ltr'><strong>scissus,</strong></span> <span class='ocrx_word' id='word_1_623' title='bbox 1158 5230 1250 5276; x_wconf 84' lang='lat' dir='ltr'><strong>aut</strong></span> <span class='ocrx_word' id='word_1_624' title='bbox 1276 5233 1609 5293; x_wconf 84' lang='lat' dir='ltr'><strong>segregatus.</strong></span> <span class='ocrx_word' id='word_1_625' title='bbox 1639 5220 1823 5291; x_wconf 86' lang='lat' dir='ltr'><strong>Neque</strong></span> <span class='ocrx_word' id='word_1_626' title='bbox 1846 5236 1971 5291; x_wconf 88' lang='lat' dir='ltr'><strong>pars</strong></span> 
     </span>
    </p>
   </div>
   <div class='ocr_carea' id='block_1_80' title="bbox 398 5312 1973 5384">
    <p class='ocr_par' dir='ltr' id='par_1_80' title="bbox 398 5312 1973 5384">
     <span class='ocr_line' id='line_1_80' title="bbox 398 5312 1973 5384; baseline -0.001 -17"><span class='ocrx_word' id='word_1_627' title='bbox 398 5316 613 5384; x_wconf 86' lang='lat' dir='ltr'><strong>quidem</strong></span> <span class='ocrx_word' id='word_1_628' title='bbox 648 5314 764 5382; x_wconf 87' lang='lat' dir='ltr'><strong>ejus</strong></span> <span class='ocrx_word' id='word_1_629' title='bbox 818 5314 1004 5376; x_wconf 86' lang='lat' dir='ltr'><strong>adest,</strong></span> <span class='ocrx_word' id='word_1_630' title='bbox 1034 5328 1158 5382; x_wconf 89' lang='lat' dir='ltr'><strong>pars</strong></span> <span class='ocrx_word' id='word_1_631' title='bbox 1211 5324 1388 5368; x_wconf 89' lang='lat' dir='ltr'><strong>autem</strong></span> <span class='ocrx_word' id='word_1_632' title='bbox 1422 5315 1613 5380; x_wconf 90' lang='lat' dir='ltr'><strong>abest;</strong></span> <span class='ocrx_word' id='word_1_633' title='bbox 1660 5328 1833 5382; x_wconf 86' lang='lat' dir='ltr'><strong>neque</strong></span> <span class='ocrx_word' id='word_1_634' title='bbox 1883 5312 1973 5367; x_wconf 89' lang='lat' dir='ltr'><strong>hic</strong></span> 
     </span>
    </p>
   </div>
   <div class='ocr_carea' id='block_1_81' title="bbox 398 5404 1970 5481">
    <p class='ocr_par' dir='ltr' id='par_1_81' title="bbox 398 5404 1970 5481">
     <span class='ocr_line' id='line_1_81' title="bbox 398 5404 1970 5481; baseline 0 -22"><span class='ocrx_word' id='word_1_635' title='bbox 398 5406 615 5476; x_wconf 85' lang='lat' dir='ltr'><strong>quidem</strong></span> <span class='ocrx_word' id='word_1_636' title='bbox 647 5422 771 5477; x_wconf 91' lang='lat' dir='ltr'><strong>pars</strong></span> <span class='ocrx_word' id='word_1_637' title='bbox 796 5406 932 5471; x_wconf 90' lang='lat' dir='ltr'><strong>alia,</strong></span> <span class='ocrx_word' id='word_1_638' title='bbox 966 5406 1068 5459; x_wconf 90' lang='lat' dir='ltr'><strong>alia</strong></span> <span class='ocrx_word' id='word_1_639' title='bbox 1096 5416 1276 5481; x_wconf 79' lang='lat' dir='ltr'><strong>autem</strong></span> <span class='ocrx_word' id='word_1_640' title='bbox 1326 5421 1453 5475; x_wconf 88' lang='lat' dir='ltr'><strong>pars</strong></span> <span class='ocrx_word' id='word_1_641' title='bbox 1489 5405 1639 5460; x_wconf 88' lang='lat' dir='ltr'><strong>alibi.</strong></span> <span class='ocrx_word' id='word_1_642' title='bbox 1678 5404 1781 5459; x_wconf 87' lang='lat' dir='ltr'><strong>Ista</strong></span> <span class='ocrx_word' id='word_1_643' title='bbox 1825 5406 1970 5460; x_wconf 90' lang='lat' dir='ltr'><strong>enim</strong></span> 
     </span>
    </p>
   </div>
   <div class='ocr_carea' id='block_1_82' title="bbox 474 5623 1141 5692">
    <p class='ocr_par' dir='ltr' id='par_1_82' title="bbox 474 5623 1141 5692">
     <span class='ocr_line' id='line_1_82' title="bbox 474 5623 1141 5692; baseline 0.006 -18"><span class='ocrx_word' id='word_1_644' title='bbox 474 5623 585 5692; x_wconf 81' lang='lat' dir='ltr'><strong>(l9)</strong></span> <span class='ocrx_word' id='word_1_645' title='bbox 616 5623 751 5692; x_wconf 70' lang='lat' dir='ltr'><strong>Ista.</strong></span> <span class='ocrx_word' id='word_1_646' title='bbox 781 5625 942 5681; x_wconf 83' lang='lat' dir='ltr'><strong>Forte</strong></span> <span class='ocrx_word' id='word_1_647' title='bbox 964 5626 1141 5678; x_wconf 77' lang='lat' dir='ltr'><strong>istam.</strong></span> 
     </span>
    </p>
   </div>
   <div class='ocr_carea' id='block_1_83' title="bbox 473 5691 1975 5763">
    <p class='ocr_par' dir='ltr' id='par_1_83' title="bbox 473 5691 1975 5763">
     <span class='ocr_line' id='line_1_83' title="bbox 473 5691 1975 5763; baseline 0 -19"><span class='ocrx_word' id='word_1_648' title='bbox 473 5692 584 5762; x_wconf 79' lang='lat'><strong>(‘20)</strong></span> <span class='ocrx_word' id='word_1_649' title='bbox 617 5691 772 5749; x_wconf 86' lang='lat' dir='ltr'><strong>Nunc</strong></span> <span class='ocrx_word' id='word_1_650' title='bbox 797 5712 1003 5763; x_wconf 78' lang='lat' dir='ltr'><strong>corpus,</strong></span> <span class='ocrx_word' id='word_1_651' title='bbox 1034 5712 1169 5749; x_wconf 84' lang='lat' dir='ltr'><strong>nunc</strong></span> <span class='ocrx_word' id='word_1_652' title='bbox 1201 5710 1404 5749; x_wconf 74' lang='lat' dir='ltr'><strong>carnes.</strong></span> <span class='ocrx_word' id='word_1_653' title='bbox 1429 5692 1607 5759; x_wconf 83' lang='lat' dir='ltr'><strong>Forte,</strong></span> <span class='ocrx_word' id='word_1_654' title='bbox 1633 5707 1732 5747; x_wconf 81' lang='lat' dir='ltr'><strong>non</strong></span> <span class='ocrx_word' id='word_1_655' title='bbox 1766 5707 1975 5761; x_wconf 77' lang='lat' dir='ltr'><strong>corpus,</strong></span> 
     </span>
    </p>
   </div>
   <div class='ocr_carea' id='block_1_84' title="bbox 404 5779 735 5818">
    <p class='ocr_par' dir='ltr' id='par_1_84' title="bbox 404 5779 735 5818">
     <span class='ocr_line' id='line_1_84' title="bbox 404 5779 735 5818; baseline 0.003 -1"><span class='ocrx_word' id='word_1_656' title='bbox 404 5780 505 5817; x_wconf 84' lang='lat' dir='ltr'><strong>non</strong></span> <span class='ocrx_word' id='word_1_657' title='bbox 533 5779 735 5818; x_wconf 69' lang='lat' dir='ltr'><strong>carnea.</strong></span> 
     </span>
    </p>
   </div>
   <div class='ocr_carea' id='block_1_85' title="bbox 2071 4756 3655 4827">
    <p class='ocr_par' dir='ltr' id='par_1_85' title="bbox 2071 4756 3655 4827">
     <span class='ocr_line' id='line_1_85' title="bbox 2071 4756 3655 4827; baseline 0.001 -15"><span class='ocrx_word' id='word_1_658' title='bbox 2071 4768 2293 4812; x_wconf 80' lang='lat' dir='ltr'><strong>Statum.</strong></span> <span class='ocrx_word' id='word_1_659' title='bbox 2328 4757 2535 4824; x_wconf 89' lang='lat' dir='ltr'><strong>Quibus</strong></span> <span class='ocrx_word' id='word_1_660' title='bbox 2573 4757 2719 4810; x_wconf 88' lang='lat' dir='ltr'><strong>enim</strong></span> <span class='ocrx_word' id='word_1_661' title='bbox 2753 4756 3055 4827; x_wconf 88' lang='lat' dir='ltr'><strong>proprietas</strong></span> <span class='ocrx_word' id='word_1_662' title='bbox 3080 4766 3202 4821; x_wconf 88' lang='lat' dir='ltr'><strong>est,</strong></span> <span class='ocrx_word' id='word_1_663' title='bbox 3228 4759 3524 4815; x_wconf 86' lang='lat' dir='ltr'><strong>minoratio</strong></span> <span class='ocrx_word' id='word_1_664' title='bbox 3558 4768 3655 4814; x_wconf 85' lang='lat' dir='ltr'><strong>ista</strong></span> 
     </span>
    </p>
   </div>
   <div class='ocr_carea' id='block_1_86' title="bbox 2071 4845 3656 4922">
    <p class='ocr_par' dir='ltr' id='par_1_86' title="bbox 2071 4845 3656 4922">
     <span class='ocr_line' id='line_1_86' title="bbox 2071 4845 3656 4922; baseline 0.003 -21"><span class='ocrx_word' id='word_1_665' title='bbox 2071 4849 2317 4903; x_wconf 89' lang='lat' dir='ltr'><strong>videtur:</strong></span> <span class='ocrx_word' id='word_1_666' title='bbox 2337 4848 2462 4917; x_wconf 86' lang='lat' dir='ltr'><strong>quid</strong></span> <span class='ocrx_word' id='word_1_667' title='bbox 2483 4848 2624 4901; x_wconf 90' lang='lat' dir='ltr'><strong>enim</strong></span> <span class='ocrx_word' id='word_1_668' title='bbox 2654 4845 2931 4915; x_wconf 88' lang='lat' dir='ltr'><strong>proprium</strong></span> <span class='ocrx_word' id='word_1_669' title='bbox 2952 4854 3036 4898; x_wconf 91' lang='lat' dir='ltr'><strong>est</strong></span> <span class='ocrx_word' id='word_1_670' title='bbox 3061 4848 3383 4914; x_wconf 86' lang='lat' dir='ltr'><strong>corporibus</strong></span> <span class='ocrx_word' id='word_1_671' title='bbox 3410 4850 3514 4903; x_wconf 91' lang='lat' dir='ltr'><strong>nisi</strong></span> <span class='ocrx_word' id='word_1_672' title='bbox 3543 4852 3656 4922; x_wconf 73' lang='lat'><strong>(23)</strong></span> 
     </span>
    </p>
   </div>
   <div class='ocr_carea' id='block_1_87' title="bbox 2072 4940 3653 5013">
    <p class='ocr_par' dir='ltr' id='par_1_87' title="bbox 2072 4940 3653 5013">
     <span class='ocr_line' id='line_1_87' title="bbox 2072 4940 3653 5013; baseline 0.003 -19"><span class='ocrx_word' id='word_1_673' title='bbox 2072 4942 2458 4996; x_wconf 82' lang='lat' dir='ltr'><strong>veterascant?</strong></span> <span class='ocrx_word' id='word_1_674' title='bbox 2488 4940 2546 4996; x_wconf 89' lang='lat' dir='ltr'><strong>Si</strong></span> <span class='ocrx_word' id='word_1_675' title='bbox 2572 4942 2717 4994; x_wconf 91' lang='lat' dir='ltr'><strong>enim</strong></span> <span class='ocrx_word' id='word_1_676' title='bbox 2746 4947 2893 4993; x_wconf 90' lang='lat' dir='ltr'><strong>esset</strong></span> <span class='ocrx_word' id='word_1_677' title='bbox 2917 4952 3206 5007; x_wconf 89' lang='lat' dir='ltr'><strong>corporum</strong></span> <span class='ocrx_word' id='word_1_678' title='bbox 3244 4949 3438 4994; x_wconf 88' lang='lat' dir='ltr'><strong>natura</strong></span> <span class='ocrx_word' id='word_1_679' title='bbox 3473 4943 3653 5013; x_wconf 84' lang='lat' dir='ltr'><strong>perfe-</strong></span> 
     </span>
    </p>
   </div>
   <div class='ocr_carea' id='block_1_88' title="bbox 2074 5032 3652 5109">
    <p class='ocr_par' dir='ltr' id='par_1_88' title="bbox 2074 5032 3652 5109">
     <span class='ocr_line' id='line_1_88' title="bbox 2074 5032 3652 5109; baseline 0.003 -24"><span class='ocrx_word' id='word_1_680' title='bbox 2074 5041 2195 5097; x_wconf 89' lang='lat' dir='ltr'><strong>cta,</strong></span> <span class='ocrx_word' id='word_1_681' title='bbox 2231 5048 2337 5087; x_wconf 92' lang='lat' dir='ltr'><strong>non</strong></span> <span class='ocrx_word' id='word_1_682' title='bbox 2390 5034 2657 5109; x_wconf 81' lang='lat' dir='ltr'><strong>indigeret</strong></span> <span class='ocrx_word' id='word_1_683' title='bbox 2702 5032 2860 5086; x_wconf 91' lang='lat' dir='ltr'><strong>istam</strong></span> <span class='ocrx_word' id='word_1_684' title='bbox 2914 5032 3270 5085; x_wconf 90' lang='lat' dir='ltr'><strong>additamenti</strong></span> <span class='ocrx_word' id='word_1_685' title='bbox 3316 5048 3652 5090; x_wconf 83' lang='lat' dir='ltr'><strong>mensuram.</strong></span> 
     </span>
    </p>
   </div>
   <div class='ocr_carea' id='block_1_89' title="bbox 2075 5123 3656 5198">
    <p class='ocr_par' dir='ltr' id='par_1_89' title="bbox 2075 5123 3656 5198">
     <span class='ocr_line' id='line_1_89' title="bbox 2075 5123 3656 5198; baseline 0.001 -18"><span class='ocrx_word' id='word_1_686' title='bbox 2075 5125 2150 5180; x_wconf 88' lang='lat' dir='ltr'><strong>Ita</strong></span> <span class='ocrx_word' id='word_1_687' title='bbox 2177 5126 2320 5180; x_wconf 90' lang='lat' dir='ltr'><strong>enim</strong></span> <span class='ocrx_word' id='word_1_688' title='bbox 2348 5140 2575 5195; x_wconf 91' lang='lat' dir='ltr'><strong>corpora</strong></span> <span class='ocrx_word' id='word_1_689' title='bbox 2603 5123 2817 5179; x_wconf 78' lang='lat' dir='ltr'><strong>infirma</strong></span> <span class='ocrx_word' id='word_1_690' title='bbox 2841 5132 3001 5191; x_wconf 89' lang='lat' dir='ltr'><strong>sunt,</strong></span> <span class='ocrx_word' id='word_1_691' title='bbox 3037 5136 3094 5180; x_wconf 90' lang='lat' dir='ltr'><strong>et</strong></span> <span class='ocrx_word' id='word_1_692' title='bbox 3126 5125 3213 5178; x_wconf 90' lang='lat' dir='ltr'><strong>illa</strong></span> <span class='ocrx_word' id='word_1_693' title='bbox 3258 5127 3500 5181; x_wconf 77' lang='lat' dir='ltr'><strong>maxime</strong></span> <span class='ocrx_word' id='word_1_694' title='bbox 3538 5146 3656 5198; x_wconf 63' lang='lat' dir='ltr'><strong>quae</strong></span> 
     </span>
    </p>
   </div>
   <div class='ocr_carea' id='block_1_90' title="bbox 2079 5216 3655 5289">
    <p class='ocr_par' dir='ltr' id='par_1_90' title="bbox 2079 5216 3655 5289">
     <span class='ocr_line' id='line_1_90' title="bbox 2079 5216 3655 5289; baseline 0.003 -19"><span class='ocrx_word' id='word_1_695' title='bbox 2079 5218 2331 5272; x_wconf 88' lang='lat' dir='ltr'><strong>videntur</strong></span> <span class='ocrx_word' id='word_1_696' title='bbox 2365 5216 2662 5271; x_wconf 86' lang='lat' dir='ltr'><strong>fortissima</strong></span> <span class='ocrx_word' id='word_1_697' title='bbox 2698 5232 2839 5278; x_wconf 89' lang='lat' dir='ltr'><strong>esse,</strong></span> <span class='ocrx_word' id='word_1_698' title='bbox 2886 5218 3012 5287; x_wconf 83' lang='lat' dir='ltr'><strong>quia</strong></span> <span class='ocrx_word' id='word_1_699' title='bbox 3036 5218 3290 5288; x_wconf 83' lang='lat' dir='ltr'><strong>adjuvare</strong></span> <span class='ocrx_word' id='word_1_700' title='bbox 3313 5233 3374 5271; x_wconf 88' lang='lat' dir='ltr'><strong>se</strong></span> <span class='ocrx_word' id='word_1_701' title='bbox 3399 5235 3506 5273; x_wconf 88' lang='lat' dir='ltr'><strong>non</strong></span> <span class='ocrx_word' id='word_1_702' title='bbox 3536 5236 3655 5289; x_wconf 82' lang='lat' dir='ltr'><strong>pos-</strong></span> 
     </span>
    </p>
   </div>
   <div class='ocr_carea' id='block_1_91' title="bbox 2076 5305 3653 5379">
    <p class='ocr_par' dir='ltr' id='par_1_91' title="bbox 2076 5305 3653 5379">
     <span class='ocr_line' id='line_1_91' title="bbox 2076 5305 3653 5379; baseline -0.001 -16"><span class='ocrx_word' id='word_1_703' title='bbox 2076 5317 2220 5365; x_wconf 90' lang='lat' dir='ltr'><strong>sunt.</strong></span> <span class='ocrx_word' id='word_1_704' title='bbox 2249 5309 2305 5362; x_wconf 88' lang='lat' dir='ltr'><strong>Si</strong></span> <span class='ocrx_word' id='word_1_705' title='bbox 2342 5308 2484 5361; x_wconf 90' lang='lat' dir='ltr'><strong>enim</strong></span> <span class='ocrx_word' id='word_1_706' title='bbox 2514 5309 2700 5377; x_wconf 90' lang='lat' dir='ltr'><strong>pulsus</strong></span> <span class='ocrx_word' id='word_1_707' title='bbox 2725 5306 2887 5361; x_wconf 82' lang='lat' dir='ltr'><strong>fuerit</strong></span> <span class='ocrx_word' id='word_1_708' title='bbox 2913 5308 3046 5376; x_wconf 88' lang='lat' dir='ltr'><strong>lapis</strong></span> <span class='ocrx_word' id='word_1_709' title='bbox 3066 5348 3082 5374; x_wconf 93' lang='lat'><strong>,</strong></span> <span class='ocrx_word' id='word_1_710' title='bbox 3110 5318 3162 5360; x_wconf 88' lang='lat' dir='ltr'><strong>et</strong></span> <span class='ocrx_word' id='word_1_711' title='bbox 3191 5305 3361 5361; x_wconf 89' lang='lat' dir='ltr'><strong>semel</strong></span> <span class='ocrx_word' id='word_1_712' title='bbox 3388 5313 3653 5379; x_wconf 84' lang='lat' dir='ltr'><strong>acceperit</strong></span> 
     </span>
    </p>
   </div>
   <div class='ocr_carea' id='block_1_92' title="bbox 2079 5397 3651 5470">
    <p class='ocr_par' dir='ltr' id='par_1_92' title="bbox 2079 5397 3651 5470">
     <span class='ocr_line' id='line_1_92' title="bbox 2079 5397 3651 5470; baseline 0.001 -16"><span class='ocrx_word' id='word_1_713' title='bbox 2079 5400 2289 5455; x_wconf 89' lang='lat' dir='ltr'><strong>initium</strong></span> <span class='ocrx_word' id='word_1_714' title='bbox 2320 5400 2589 5465; x_wconf 89' lang='lat' dir='ltr'><strong>utcadat,</strong></span> <span class='ocrx_word' id='word_1_715' title='bbox 2625 5410 2681 5454; x_wconf 89' lang='lat' dir='ltr'><strong>et</strong></span> <span class='ocrx_word' id='word_1_716' title='bbox 2703 5397 3285 5469; x_wconf 68' lang='lat' dir='ltr'><strong>emperitconnninui,</strong></span> <span class='ocrx_word' id='word_1_717' title='bbox 3324 5414 3435 5454; x_wconf 88' lang='lat' dir='ltr'><strong>non</strong></span> <span class='ocrx_word' id='word_1_718' title='bbox 3487 5412 3651 5470; x_wconf 45' lang='lat' dir='ltr'><strong>potes.</strong></span> 
     </span>
    </p>
   </div>
   <div class='ocr_carea' id='block_1_93' title="bbox 2153 5616 2917 5687">
    <p class='ocr_par' dir='ltr' id='par_1_93' title="bbox 2153 5616 2917 5687">
     <span class='ocr_line' id='line_1_93' title="bbox 2153 5616 2917 5687; baseline 0 -16"><span class='ocrx_word' id='word_1_719' title='bbox 2153 5616 2264 5687; x_wconf 71' lang='grc'><strong>(21)</strong></span> <span class='ocrx_word' id='word_1_720' title='bbox 2292 5617 2515 5671; x_wconf 74' lang='lat' dir='ltr'><strong>Montes.</strong></span> <span class='ocrx_word' id='word_1_721' title='bbox 2544 5616 2646 5671; x_wconf 81' lang='lat' dir='ltr'><strong>Pro</strong></span> <span class='ocrx_word' id='word_1_722' title='bbox 2673 5628 2917 5672; x_wconf 73' lang='lat' dir='ltr'><strong>montem.</strong></span> 
     </span>
    </p>
   </div>
   <div class='ocr_carea' id='block_1_94' title="bbox 2155 5687 3004 5759">
    <p class='ocr_par' dir='ltr' id='par_1_94' title="bbox 2155 5687 3004 5759">
     <span class='ocr_line' id='line_1_94' title="bbox 2155 5687 3004 5759; baseline 0.004 -19"><span class='ocrx_word' id='word_1_723' title='bbox 2155 5689 2266 5759; x_wconf 57' lang='lat' dir='ltr'><strong>(ait!)</strong></span> <span class='ocrx_word' id='word_1_724' title='bbox 2297 5688 2503 5759; x_wconf 54' lang='lat' dir='ltr'><strong>Ipsum.</strong></span> <span class='ocrx_word' id='word_1_725' title='bbox 2522 5687 2713 5747; x_wconf 82' lang='grc' dir='ltr'>Αὐτόν,</span> <span class='ocrx_word' id='word_1_726' title='bbox 2746 5691 3004 5759; x_wconf 77' lang='lat' dir='ltr'><strong>eumdem.</strong></span> 
     </span>
    </p>
   </div>
   <div class='ocr_carea' id='block_1_95' title="bbox 2156 5756 2881 5825">
    <p class='ocr_par' dir='ltr' id='par_1_95' title="bbox 2156 5756 2881 5825">
     <span class='ocr_line' id='line_1_95' title="bbox 2156 5756 2881 5825; baseline 0.006 -15"><span class='ocrx_word' id='word_1_727' title='bbox 2156 5756 2269 5825; x_wconf 42' lang='lat'><strong>(25&#39;)</strong></span> <span class='ocrx_word' id='word_1_728' title='bbox 2302 5756 2440 5813; x_wconf 73' lang='lat' dir='ltr'><strong>Nisi.</strong></span> <span class='ocrx_word' id='word_1_729' title='bbox 2467 5756 2644 5817; x_wconf 79' lang='lat' dir='ltr'><strong>Forte.</strong></span> <span class='ocrx_word' id='word_1_730' title='bbox 2679 5758 2780 5812; x_wconf 68' lang='lat' dir='ltr'><strong>nisi</strong></span> <span class='ocrx_word' id='word_1_731' title='bbox 2803 5768 2881 5814; x_wconf 81' lang='lat' dir='ltr'><strong>ut.</strong></span> 
     </span>
    </p>
   </div>
  </div>
