3822 6218
197 343 335 400 1129

1489 348 1579 403 DE
1612 346 2096 405 INCORPORALI.

3295 354 3433 410 “50

186 476 438 517 revocare
496 474 647 516 suam
705 464 955 529 ruinam;
996 476 1049 520 et
1096 467 1140 522 si
1198 468 1398 524 scissus
1446 471 1607 526 fuerit
1647 490 1752 527 non
1782 476 1826 531 Α
1856 467 1935 539 git
1961 468 2105 523 enim
2139 469 2353 525 ﬂamma
2387 485 2534 525 eum-
2563 469 2619 525 Si
2651 479 2831 526 autem
2870 470 3013 543 ignis
3056 473 3432 535 confabulalus

177 554 538 625 coniungitur,
574 564 627 607 et
654 555 858 610 divisus
898 556 1068 612 distat
1093 574 1122 613 a
1156 562 1467 632 semetipso.
1498 562 1576 618 ita
1605 576 1659 620 et
1686 567 1754 622 de

177 645 446 699 mentibus
472 644 778 701 eiiiciuntur
806 647 1099 705 incisioues
1129 661 1182 704 et
1226 653 1422 717 ruinae;
1458 663 1511 709 et
1534 668 1751 724 'quanto

174 735 378 803 majora
422 746 547 790 sunt
582 752 701 806 quae
729 738 1084 805 scinduntur,
1113 751 1264 797 tanto
1295 760 1499 815 magna:
1542 756 1669 802 sunt
1698 758 1753 802 et

173 827 365 881 ruinm.
398 824 464 880 Et
490 840 596 879 non
626 826 677 881 in
728 828 1089 885 crassitudine
1130 832 1305 887 virtus
1337 843 1439 887 est.
1462 833 1518 888 Si
1570 845 1750 891 autem

172 926 383 987 oportet
421 927 475 973 et
516 919 754 987 ipsorum
785 934 1073 990 corporum
1107 926 1341 979 scrutari
1373 934 1593 982 naturas
1614 968 1629 993 ,
1663 941 1749 984 se-

172 1008 405 1061 cundum
435 1011 763 1079 prepositam
794 1013 1147 1080 quaestionem
1179 1026 1575 1085 consequenter
1602 1020 1749 1076 vide-

172 1098 365 1160 bimus,
415 1101 539 1168 quia
576 1110 629 1155 et
683 1103 922 1181 ipsorum
978 1119 1266 1175 corporum
1318 1110 1588 1166 subtilitas
1630 1126 1748 1181 quae

172 1200 429 1257 putantur
450 1177 830 1257 esseinfirm‘a,
877 1194 1103 1250 fortiora
1135 1199 1536 1266 quodammodo
1581 1177 1749 1273 appa-

172 1289 287 1332 rent
326 1293 341 1331 :
379 1289 435 1333 ut
464 1288 599 1348 puta
628 1281 769 1349 quod
799 1281 919 1338 dico
939 1325 953 1350 ,
986 1292 1128 1339 terra
1159 1289 1315 1357 aquis
1347 1300 1430 1345 est
1484 1295 1744 1360 crassior,

171 1384 324 1439 aquae
379 1386 409 1426 a
460 1382 604 1427 terra
658 1373 835 1429 minus
882 1390 1077 1431 crassa?
1126 1378 1419 1436 habentur.
1472 1383 1575 1438 Sed
1622 1401 1744 1440 cum

172 1468 311 1515 terra
366 1462 654 1516 incurrerit
695 1478 914 1532 aquam,
975 1466 1339 1524 dissolvitur:
1388 1487 1508 1525 cum
1563 1485 1743 1529 autem

170 1565 308 1619 aqua
333 1552 750 1621 apprehenderit
782 1562 1005 1619 terram,
1035 1567 1280 1626 penetrat
1328 1575 1469 1617 eam.
1508 1563 1573 1616 Et
1602 1568 1745 1633 quod

168 1642 372 1710 patitur
418 1650 560 1696 terra
605 1642 674 1697 ab
726 1656 886 1712 aqua,
920 1646 1020 1701 hoc
1080 1648 1283 1716 patitur
1327 1666 1466 1721 aqua
1504 1654 1571 1707 ab
1600 1668 1740 1707 aere.

168 1731 310 1799 Quid
361 1735 505 1790 enim
556 1737 1010 1805 improvectiones
1062 1740 1174 1813 (24)
1235 1743 1354 1798 istae
1417 1747 1742 1802 ostendunt?

1855 561 2015 615 fuerit
2041 560 2227 631 lapidi,
2264 576 2363 631 per
2389 572 2555 617 totum
2607 561 2838 633 lapidem
2877 574 3141 636 penetrat.
3174 566 3249 621 ita
3296 577 3351 622 et
3386 569 3433 624 si

1852 659 2206 705 mramentum
2229 652 2524 706 immissum
2554 650 2715 708 fuerit
2738 655 2789 708 in
2816 655 2956 726 igne,
2983 665 3076 709 aut
3097 655 3324 722 ferrum,
3342 668 3434 711 aut

1852 739 2025 809 ipsum
2053 753 2275 803 aurum,
2310 742 2669 797 immutantur
2711 743 2921 799 colores
2949 745 3188 799 omnium
3212 787 3227 812 ,
3268 757 3322 801 et
3362 747 3431 801 ad

1853 830 1998 901 ignis
2056 831 2476 887 transferuntur
2516 834 2749 889 colorem
2799 844 2855 890 et
2906 836 3221 905 magistrum
3264 837 3426 907 (27):

1852 924 2102 992 quodque
2132 937 2319 978 eorum
2350 924 2509 995 ignis,
2538 935 2633 980 aut
2668 927 2768 980 hoc
2799 940 2905 996 qua
2941 927 3139 981 dicitur
3167 936 3221 983 et
3250 927 3427 982 calore

1850 1022 1904 1068 et
1943 1012 2149 1083 fulgore
2191 1020 2247 1068 et
2297 1015 2550 1070 omnibus
2596 1017 3014 1085 proprietatibus
3070 1017 3231 1087 ignis‘.
3290 1014 3427 1087 Quia

1849 1113 2027 1157 autem
2053 1103 2193 1173 ignis
2222 1105 2290 1158 ad
2331 1120 2521 1160 aurum
2557 1122 2663 1160 non
2691 1108 2853 1174 cadit,
2883 1122 3071 1162 aurum
3110 1119 3288 1163 autem
3334 1126 3427 1165 cad-

1849 1190 2073 1260 iefacit;
2106 1194 2398 1252 manifesta
2428 1206 2511 1252 est
2543 1198 2854 1253 eminentia.
2900 1199 2965 1253 Et
2993 1200 3118 1270 quia
3155 1202 3290 1270 ignis
3317 1216 3423 1256 non

1848 1284 2165 1340 dissolvitur
2192 1301 2221 1340 a
2260 1287 2460 1355 petris,
2496 1288 2739 1344 dissolvit
2782 1299 2959 1345 antem
2987 1301 3201 1360 petras;
3235 1304 3423 1361 aperta

1847 1387 1933 1432 est
1983 1379 2181 1435 virtus.
2230 1379 2295 1434 Et
2333 1380 2458 1449 quia
2505 1381 2644 1451 ignis
2687 1398 2791 1437 non
2839 1384 3110 1438 detinetur
3159 1383 3226 1437 ab
3277 1398 3425 1452 aere,

1847 1469 2041 1524 scindit
2083 1480 2264 1527 autem
2302 1480 2356 1526 et
2383 1487 2595 1526 sursum
2626 1474 2795 1528 currit
2819 1483 3102 1544 ;‘apertum
3140 1475 3423 1544 imperium

1846 1568 1949 1615 est.
1982 1560 2049 1614 Et
2074 1562 2198 1631 quia
2228 1572 2383 1632 urget
2417 1577 2630 1617 sursum
2675 1565 2813 1628 tieri,
2849 1578 2904 1620 et
2953 1566 3218 1634 positione
3260 1575 3344 1621 est
3370 1575 3427 1620 et

1801 1646 1805 1650 ’
1847 1653 2046 1708 virtute
2069 1664 2124 1709 et
2156 1654 2338 1708 colore
2367 1653 2582 1710 fortior.
2624 1656 2729 1711 Sed
2765 1656 2904 1711 forte
2945 1659 3163 1727 quidam
3191 1658 3424 1729 jurgium

1854 1758 2114 1813 aquarum
2142 1746 2428 1800 adversum
2458 1746 2634 1817 ignem
2675 1749 2851 1813 videt,
2888 1751 3013 1817 quia
3044 1750 3111 1803 ab
3145 1751 3298 1819 aquis
3330 1765 3427 1803 ex.

169 1823 273 1878 hoc
298 1839 462 1879 unum
493 1828 727 1883 maxime
750 1869 765 1894 ,
801 1831 926 1900 quia
967 1833 1035 1887 ad
1066 1833 1560 1905 ittcorporalitalem
1590 1850 1645 1895 et
1675 1821 1813 1917 au'B
1852 1835 2146 1904 stinguitur
2185 1836 2325 1905 ignis
2352 1852 2365 1889 :
2393 1838 2535 1907 quod
2568 1836 2785 1907 quidem
2819 1840 3053 1894 recessio
3079 1842 3249 1910 magis
3287 1841 3426 1912 ignis

167 1914 341 1971 levius
365 1931 582 1986 corpus,
614 1921 873 1989 majorem
905 1923 1186 1993 imponunt
1213 1927 1464 1984 virtutem
1494 1932 1743 1989 subtilio-

166 2007 337 2061 ribus.
386 2009 494 2063 Aer
533 2012 675 2079 enim
706 2027 803 2082 per
839 2028 1009 2085 aquas
1047 2026 1336 2086 penetrat;
1369 2031 1615 2090 penetrat
1645 2040 1742 2079 aus

169 2106 277 2151 tem
309 2098 382 2152 ita
414 2107 472 2152 ut
511 2100 614 2154 vim
643 2100 811 2157 faciat
858 2119 1027 2175 aquas
1055 2110 1229 2163 emitti
1265 2125 1361 2180 per
1403 2127 1462 2168 se
1495 2116 1560 2168 ad
1587 2130 1742 2185 supe-

167 2189 341 2245 riores
368 2201 549 2261 partes
571 2231 587 2257 ,
619 2195 761 2266 quod
801 2196 917 2264 ejus
946 2213 1050 2255 non
1082 2210 1164 2256 est
1191 2212 1417 2260 naturai.
1451 2206 1515 2260 Et
1540 2210 1584 2262 si
1618 2211 1741 2278 quis

164 2282 397 2340 voluerit
426 2284 529 2342 hoc
560 2302 741 2355 nosse,
769 2289 895 2359 quia
932 2304 1037 2345 non
1070 2293 1380 2350 detinentur
1412 2312 1643 2367 superna
1673 2303 1740 2356 ab

165 2375 250 2429 his
276 2390 395 2444 quae
417 2377 663 2432 deorsum
687 2389 832 2445 sunt,
861 2379 908 2435 si
931 2383 1053 2451 quis
1077 2383 1362 2453 repleverit
1391 2403 1516 2442 aere
1542 2401 1736 2453 utrem,

163 2480 397 2536 eumque
440 2468 763 2524 demerserit
810 2472 865 2525 in
911 2487 1141 2542 aquam;
1192 2484 1246 2529 et
1311 2489 1457 2533 certe
1500 2496 1622 2534 cum
1670 2484 1740 2536 sit

160 2558 382 2625 pellium
416 2568 607 2613 natura
636 2563 870 2617 crassior
899 2574 954 2617 et
982 2567 1201 2634 gravior
1240 2569 1409 2638 magis
1448 2587 1609 2640 quam
1647 2586 1740 2629 aer

161 2648 417 2714 habetur,
446 2666 542 2705 aer
566 2666 815 2721 quaerens
856 2669 1011 2710 suum
1048 2654 1283 2711 ofIicium
1335 2669 1389 2716 et
1440 2665 1735 2732 regionem,

160 2752 341 2807 neque
369 2754 490 2793 cum
519 2743 853 2811 gravissimis
883 2746 1093 2803 utribus
1125 2750 1398 2804 detinetur
1420 2792 1435 2816 ,
1476 2753 1570 2806 sed
1599 2755 1739 2809 scin-

160 2831 298 2885 dens
335 2845 503 2901 aquas
526 2848 741 2888 sursum
768 2838 1017 2891 educitur
1041 2854 1160 2893 cum
1186 2842 1445 2908 gravibus
1467 2858 1563 2912 per
1585 2861 1735 2901 aera.

158 2921 327 2976 Istam
360 2923 525 2993 igitur
550 2926 851 2993 passionem
878 2943 1042 2998 quam
1076 2946 1231 3000 aqua:
1262 2933 1330 2987 ab
1359 2949 1483 2990 aere
1524 2940 1738 3006 patiun-

159 3022 272 3080 tur,
304 3022 361 3067 et
383 3030 477 3069 aer
506 3015 573 3069 ab
604 3019 726 3087 igne
757 3021 1026 3083 sustinet,
1048 3031 1102 3075 et
1130 3025 1280 3078 testis
1313 3025 1425 3097 (25)
1471 3030 1739 3084 sermonis

161 3104 396 3159 ﬂamma:
415 3114 541 3160 sunt
567 3117 622 3162 et
647 3108 897 3165 lucerna).
933 3109 1057 3167 Ideo
1086 3115 1229 3168 enim
1252 3125 1560 3172 attenuatur
1581 3117 1734 3173 fiam-

157 3212 265 3251 mae
292 3198 599 3263 summitas,
622 3200 748 3269 quia
780 3201 968 3256 incidit
992 3204 1153 3258 istum
1182 3209 1507 3264 ambientem
1528 3226 1728 3268 aerem.

158 3288 228 3342 Et
262 3289 475 3345 videtur
501 3291 714 3359 quidem
768 3292 905 3363 ignis
964 3310 995 3348 a
1039 3297 1368 3362 videntibus,
1420 3302 1732 3367 agnoscitur

155 3392 340 3436 autem
374 3383 441 3437 ab
470 3383 553 3437 his
576 3385 666 3452 qui
702 3397 923 3454 possunt
950 3388 1065 3457 ejus
1089 3399 1333 3444 naturam
1359 3393 1538 3447 videre
1558 3433 1572 3456 ,
1605 3397 1730 3464 quia

154 3474 227 3527 ad
260 3488 413 3528 suam
462 3474 682 3530 festinat
718 3477 987 3555 regionem
1015 3518 1030 3542 ,
1079 3482 1146 3533 ad
1183 3482 1459 3550 superiora
1504 3484 1729 3539 scilicet.

155 3562 268 3617 Iste
296 3564 460 3632 igitur
487 3563 867 3619 subtilissimus
902 3566 1042 3633 ignis
1080 3582 1202 3621 cum
1251 3569 1321 3622 sit
1366 3584 1503 3623 unus
1553 3584 1583 3623 e
1609 3585 1732 3624 cor-

154 3654 401 3723 poribus,
432 3658 707 3724 proximns
736 3666 817 3710 est
853 3656 1301 3725 incorporalibus.
1340 3656 1554 3714 intuere
1584 3661 1728 3714 enim

152 3754 392 3813 quantas
420 3746 616 3803 habeat
642 3748 999 3817 proprietates
1037 3748 1323 3802 adversum
1374 3760 1568 3805 caetera
1603 3765 1728 3805 cor.

152 3851 311 3906 pora.
350 3835 405 3890 in
439 3838 602 3891 certis
641 3842 785 3892 enim
836 3839 1155 3908 corporibus
1196 3840 1577 3896 eondiscamus
1625 3843 1729 3895 im-

151 3926 367 3997 perium
417 3941 538 3981 esse
587 3928 863 3982 subtilium
916 3943 986 3982 ne
1036 3943 1252 3983 crassus
1297 3928 1521 3985 eﬂ‘ectus
1570 3932 1731 3985 cadat

150 4018 297 4071 sicut
321 4028 376 4071 et
399 4032 622 4086 corpora
654 4033 833 4072 crassa
870 4034 884 4071 :
924 4020 1023 4074 sed
1067 4032 1299 4075 mentem
1344 4022 1411 4076 ad
1440 4022 1678 4077 laetitiam
1710 4041 1725 4078 :

148 4111 483 4180 corporibus
509 4112 726 4181 quidem
774 4112 852 4167 sis
883 4112 1018 4167 iiber
1040 4152 1056 4178 ,
1091 4114 1158 4166 ad
1194 4113 1508 4184 incorporea
1545 4123 1725 4169 autem

149 4202 398 4257 festines.
452 4203 596 4273 ignis
646 4204 810 4273 igitur
855 4204 1031 4275 primo
1081 4206 1299 4275 quidem
1349 4208 1527 4262 dicam
1583 4208 1728 4264 idem

149 4291 340 4360 gloriae
363 4301 447 4347 est
470 4308 629 4362 supra
654 4294 834 4348 omnia
863 4310 1089 4365 corpora
1111 4334 1127 4361 ,
1159 4305 1215 4349 et
1255 4296 1531 4352 illuminat
1564 4296 1669 4351 alia
1710 4314 1725 4351 :

147 4400 214 4439 se
242 4394 420 4438 autem
456 4400 559 4439 non
588 4385 741 4440 facile
770 4388 837 4441 ad
867 4387 969 4440 alia
1004 4386 1266 4441 tenebrat.
1298 4386 1557 4441 Penetrat
1577 4387 1724 4441 enim

1844 1934 1927 1979 est
1979 1940 2140 1995 quam
2192 1928 2519 1996 corruptela.
2570 1927 2721 1983 Sicut
2770 1928 2912 1983 enim
2958 1944 2987 1982 a
3043 1930 3276 1985 tenebris
3317 1946 3422 1983 non

1845 2017 2218 2081 consumitur,
2267 2020 2360 2073 sed
2424 2018 2735 2073 cohabitare
2791 2019 2979 2073 iisdem
3036 2034 3141 2073 non
3197 2020 3418 2090 patitur.

1844 2103 2195 2162 lmmutemus
2228 2117 2433 2173 autem,
2460 2118 2517 2163 et
2543 2110 2821 2164 videamus
2869 2124 2990 2164 cum
3021 2124 3161 2178 aqua
3217 2110 3271 2164 in
3321 2126 3422 2165 vas

1842 2195 2009 2250 fuerit
2063 2196 2330 2263 immissa,
2387 2209 2444 2253 et
2486 2200 2723 2254 oblatum
2755 2213 2845 2254 vas
2886 2198 3048 2253 fuerit
3074 2199 3205 2268 igni,
3234 2200 3357 2269 quis
3389 2216 3420 2253 a

1843 2301 1949 2355 quo
1978 2287 2097 2341 istic
2124 2288 2482 2353 consumitur,
2512 2289 2641 2358 quid
2686 2297 2864 2344 autem
2896 2290 3056 2343 veluti
3082 2304 3269 2358 pinnas
3304 2304 3421 2345 sus-

1844 2379 2013 2443 tinet,
2056 2389 2117 2434 et
2150 2389 2307 2435 sonat
2356 2392 2411 2434 et
2452 2381 2624 2434 bullit.
2679 2381 2823 2449 Ignis
2870 2381 3014 2435 enim
3067 2395 3341 2451 nunquam
3386 2395 3418 2436 a

1842 2469 2038 2540 frigida
2065 2487 2203 2539 aqua
2252 2472 2434 2525 factus
2469 2481 2551 2525 est
2590 2471 2815 2540 frigidus
2851 2492 2865 2527 :
2910 2482 3050 2540 aqua
3083 2480 3263 2526 autem
3314 2473 3424 2528 fre-

1840 2570 2067 2630 quenter
2089 2572 2143 2615 et
2168 2576 2401 2630 semper,
2435 2572 2493 2617 ut
2521 2564 2592 2617 ita
2619 2564 2816 2624 dicam,
2836 2562 2903 2616 ab
2925 2562 3048 2632 igne
3075 2562 3307 2618 eliicitur
3333 2579 3424 2619 ca-

1840 2653 1969 2710 lida.
1996 2652 2138 2721 Ergo
2180 2661 2234 2707 et
2284 2654 2441 2719 istic,
2490 2654 2616 2724 quia
2679 2668 2817 2722 aqua
2874 2652 3105 2707 assumit
3160 2652 3419 2717 calorem,

1842 2746 1983 2817 ignis
2020 2756 2199 2801 autem
2257 2746 2553 2816 frigdorem
2611 2758 2720 2801 non
2770 2745 3004 2800 admittit
3036 2762 3051 2797 :
3083 2746 3422 2801 consumitur

1840 2847 2018 2893 autem
2048 2853 2186 2907 aqua
2215 2839 2449 2907 amplius
2493 2836 2753 2893 calefacta
2774 2877 2790 2903 ,
2821 2839 2889 2891 ab
2931 2837 3073 2906 igne,
3120 2846 3175 2891 et
3208 2836 3421 2891 fervens

1840 2937 2026 2997 utpote
2061 2936 2116 2983 et
2148 2930 2344 2984 emissa
2373 2938 2428 2985 et
2456 2929 2753 2995 ebulliens,
2789 2928 2926 2998 fugit
2953 2939 3136 2997 partes
3163 2942 3417 2983 vasorum

1842 3019 1906 3072 ad
1932 3034 2067 3088 quas
2095 3019 2541 3089 propinquaverit
2567 3018 2708 3090 ignis
2729 3057 2747 3085 ,
2767 3027 2824 3073 et
2866 3028 3089 3087 urgetur
3115 3017 3350 3090 effugere
3388 3034 3421 3075 e

1837 3110 1983 3164 vasis
2009 3119 2065 3164 et
2089 3107 2312 3164 effundi.
2355 3108 2470 3163 Non
2493 3109 2637 3165 enim
2663 3118 2842 3179 potest
2866 3109 3007 3177 ignis
3043 3108 3272 3165 sufferre
3300 3126 3431 3165 crur

1836 3202 2033 3255 ciatus.
2088 3200 2229 3270 Ergo
2280 3201 2334 3255 in
2384 3201 2504 3256 istis
2557 3200 2812 3256 omnibus
2856 3200 3139 3255 subtiliora
3189 3216 3419 3272 corpora

1836 3290 2060 3365 fortiora
2093 3300 2224 3345 sunt
2255 3292 2471 3345 caeteris
2504 3307 2517 3342 :
2561 3291 2797 3346 secunda
2827 3302 3005 3345 autem
3042 3305 3105 3345 ea
3144 3305 3263 3345 esse
3304 3292 3417 3345 vir-

1831 3395 1977 3451 tute,
2005 3400 2124 3455 qure
2158 3386 2336 3439 minus
2363 3385 2630 3439 habentur
2674 3385 2727 3439 in
2756 3384 3055 3440 subtilitate
3079 3422 3094 3448 ,
3142 3393 3196 3438 et
3225 3399 3420 3439 secun-

1832 3477 1959 3532 dum
1992 3477 2405 3544 competentiam
2454 3475 2883 3544 uniuscujusque
2932 3487 3104 3544 usque
3153 3474 3220 3528 ad
3260 3489 3418 3545 quar-

1835 3575 1966 3619 tum.
2006 3564 2075 3620 Ut
2102 3576 2281 3618 autem
2309 3573 2364 3619 et
2394 3564 2493 3618 ista
2522 3564 2825 3629 addantur,
2865 3562 3081 3617 flamma
3107 3563 3278 3617 incisa
3306 3578 3412 3617 non

1834 3655 2108 3710 inciditur.
2145 3655 2251 3710 Sed
2278 3663 2333 3709 et
2358 3654 2403 3709 si
2443 3653 2681 3709 volueris
2715 3667 3001 3708 assumens
3045 3653 3249 3708 ferrum
3272 3692 3287 3717 ,
3318 3666 3415 3708 aut

1831 3746 1973 3801 aliud
1998 3746 2204 3816 aliquid
2228 3748 2372 3815 quod
2419 3746 2633 3801 videtur
2673 3746 2948 3808 incidere,
2974 3752 3030 3800 et
3066 3744 3137 3800 ad
3179 3745 3410 3801 alteram

1830 3839 2146 3911 perduxeris
2176 3849 2383 3907 partem
2409 3854 2503 3907 per
2529 3837 2824 3901 ﬂammam,
2852 3845 3037 3890 manet
3061 3843 3195 3903 tota,
3232 3845 3286 3890 et
3328 3836 3413 3890 in-

1833 3933 2093 3988 cisionem
2122 3947 2233 3987 non
2283 3931 2533 4001 suscipit.
2592 3930 2649 3984 Si
2701 3934 2884 3983 autem
2928 3943 3035 3984 non
3068 3928 3413 3987 intellexistis

1831 4023 1971 4092 Quod
1998 4022 2202 4077 dictum
2230 4030 2333 4087 est,
2367 4032 2706 4075 transeamus
2733 4019 2801 4073 ad
2846 4018 3031 4073 radios
3064 4018 3196 4074 solis
3233 4035 3248 4073 :
3279 4019 3411 4079 istos

1831 4114 1875 4168 si
1900 4112 2133 4168 voluerit
2160 4113 2281 4181 quis
2332 4112 2570 4165 incidere
2601 4110 2813 4179 gladio,
2857 4109 2910 4163 in
2966 4108 3210 4164 inferiori
3259 4118 3413 4181 parte

1833 4219 1937 4259 non
1972 4204 2316 4259 invenientur
2358 4222 2372 4258 :
2415 4217 2629 4257 sursum
2676 4202 2818 4256 enim
2857 4209 3141 4256 remanent
3182 4216 3286 4254 non
3328 4202 3411 4255 in—

1829 4298 1949 4352 cisi.
1980 4297 2059 4351 ita
2098 4307 2151 4350 et
2186 4294 2424 4359 ﬂamma,
2457 4295 2546 4348 ubi
2569 4296 2689 4363 ejus
2728 4292 2890 4346 fuerit
2921 4291 3107 4355 radix,
3155 4291 3264 4345 illic
3300 4299 3409 4349 tota

1830 4387 2122 4457 colligitur.
2159 4384 2273 4439 Non
2303 4395 2386 4440 est
2416 4385 2558 4439 enim
2593 4384 2774 4437 videre
2819 4390 3029 4451 partem
3072 4379 3299 4435 flamma:
3326 4395 3409 4433 suo

148 4490 250 4545 per
276 4490 488 4539 omnes,
519 4486 574 4531 et
619 4477 863 4534 dissolvit
901 4480 1081 4533 omnia
1122 4493 1371 4548 corpora.
1403 4477 1719 4548 Quanquam
1756 4503 1799 4557 υ
1832 4480 2015 4549 perius
2039 4479 2218 4549 gladio
2249 4478 2474 4531 incisam
2498 4487 2801 4535 remanere,
2837 4482 3046 4541 partem
3099 4482 3280 4524 autem
3326 4474 3408 4524 in-

145 4565 299 4619 enim
332 4580 481 4633 petra
519 4567 592 4621 ita
628 4576 713 4622 est
737 4569 900 4636 dura,
934 4578 1030 4622 aut
1077 4584 1199 4639 quas
1230 4578 1408 4640 potest
1458 4569 1723 4624 confabu-

146 4657 265 4710 iata
311 4657 425 4728 (36)
469 4658 696 4713 flamma:
743 4675 851 4715 non
924 4662 1213 4716 ostendere
1272 4661 1553 4716 fortiorem
1604 4676 1727 4716 esse

142 4748 382 4803 flammat
412 4749 665 4804 virtutem
691 4768 721 4805 a
751 4752 835 4807 sui
885 4763 1077 4806 natura
1117 4770 1130 4807 :
1168 4751 1441 4807 emollitur
1480 4752 1625 4807 enim
1672 4762 1728 4807 et

143 4839 356 4895 ferrum
390 4854 485 4909 per
517 4842 712 4911 ignem,
746 4843 1004 4911 probatur
1046 4854 1101 4897 et
1130 4860 1344 4909 aurum,
1371 4845 1585 4899 colatur
1636 4861 1725 4899 ar-

141 4939 395 5000 gentum,
420 4930 688 4986 conflatur
709 4932 1006 5000 plumbum,
1037 4943 1091 4987 et
1113 4934 1293 4988 omnia
1325 4949 1445 5002 qua;
1472 4944 1727 5002 putantur

140 5022 372 5077 fortiora
400 5036 521 5078 esse
544 5037 796 5094 corpora,
830 5024 938 5095 igni
980 5025 1178 5080 cedunt
1217 5035 1441 5096 propter
1471 5025 1720 5080 subtilem

142 5117 290 5184 ignis
342 5126 610 5172 naturam.
670 5116 909 5186 Denique
953 5118 996 5172 si
1051 5118 1343 5188 proieceris
1391 5119 1620 5188 lapidem
1668 5120 1719 5172 in

137 5207 383 5273 Minuta,
419 5208 608 5262 transit
633 5208 871 5276 quidem,
909 5210 1000 5263 sed
1027 5224 1130 5263 non
1159 5224 1252 5278 per
1281 5208 1574 5264 flammam.
1612 5208 1720 5263 Fu-

216 5408 331 5485 (ξι)
364 5407 387 5460 1
396 5410 841 5485 mprovectiones._
870 5406 1027 5460 Forte
1062 5407 1114 5485 in
1148 5420 1276 5485 voce
1309 5407 1406 5485 hac
1432 5421 1715 5477 perperam

134 5477 385 5536 additum
415 5479 505 5538 im,
529 5493 590 5529 ex
618 5478 879 5533 vocabulo
910 5477 1228 5545 praecedenti
1255 5477 1603 5545 geminatum.

212 5548 332 5613 (‘25)
357 5546 543 5601 Testis.
578 5546 756 5611 Forte,
785 5560 958 5601 testes.

212 5619 326 5688 (i6)
356 5620 458 5670 Aut
481 5634 598 5687 qua:
630 5627 815 5688 potest.
850 5617 1021 5688 Forte
1069 5630 1163 5688 per
1209 5616 1712 5688 interrogationem,

134 5685 240 5740 Aut
272 5685 389 5754 qua:
417 5685 579 5750 potest
612 5686 946 5752 confabulatu
965 5686 1291 5755 (ὁμιλήσασει
1321 5685 1538 5754 sociata)
1556 5686 1713 5755 [ium-

136 5776 261 5826 mw,
295 5757 529 5813 τις.ἳὸἱο
559 5768 677 5825 post
708 5771 893 5822 pauca,
927 5754 981 5807 si
1002 5754 1137 5822 ignis
1163 5755 1522 5825 confabulatu:
1552 5754 1712 5824 fuerit

424 5854 697 5915 Parant.
733 5851 852 5912 Gn.
888 5852 938 5912 Χ
953 5849 1034 5911 Χι
1049 5851 1118 5914 ν.

1832 4571 2023 4634 ferius,
2047 4570 2139 4626 sed
2175 4578 2286 4622 tota
2319 4568 2385 4622 ad
2409 4565 2755 4635 semetipsum
2784 4559 3148 4632 coniungitur.
3177 4560 3402 4631 Lignum

1824 4671 2001 4717 autem
2035 4671 2089 4715 et
2118 4669 2323 4714 terram
2348 4700 2364 4724 ,
2401 4666 2455 4712 et
2504 4672 2634 4710 saxa
2692 4654 2989 4709 incidentes
3039 4652 3330 4707 dividimus
3373 4669 3404 4708 a

1823 4753 2149 4822 semetipsis,
2200 4761 2256 4806 et
2311 4749 2671 4817 disjungimus
2709 4755 2917 4816 partem
2963 4759 2992 4797 a
3031 4754 3225 4813 parte:
3262 4745 3405 4798 forte

1825 4854 2003 4901 autem
2036 4843 2329 4899 incidimus
2364 4852 2420 4895 et
2451 4854 2657 4903 aerem,
2701 4837 2795 4892 sed
2829 4836 3005 4904 ejecto
3049 4850 3115 4890 eo
3138 4834 3278 4903 quod
3318 4836 3403 4889 in-

1822 4942 1970 5005 cidit,
2012 4941 2193 4996 statim
2239 4938 2311 4993 ob
2354 4936 2704 4993 subtilitatem
2756 4934 2839 4988 sui
2889 4931 3238 4999 semetipsum
3272 4941 3403 4981 con-

1826 5031 2022 5101 jungit.
2051 5030 2243 5085 Gladio
2277 5030 2444 5094 enim,
2472 5037 2564 5082 aut
2590 5027 2763 5097 ligno,
2791 5033 2885 5078 aut
2916 5024 3095 5094 lapide
3114 5064 3129 5090 ,
3159 5036 3256 5093 per
3281 5032 3401 5088 quae

1833 5121 2023 5175 incisio
2051 5119 2278 5174 efﬁcitur
2316 5120 2437 5188 (per
2467 5119 2629 5173 multa
2669 5118 2811 5171 enim
2846 5114 3082 5170 admittit
3115 5113 3253 5167 ratio
3282 5109 3400 5165 fieri

1831 5210 2450 5275 incisiouemisubiato.
2503 5226 2597 5265 aer
2638 5218 2862 5280 propter
2909 5203 3263 5262 subtilitatem
3314 5203 3400 5257 sui

1820 5409 2009 5477 lapidi,
2040 5419 2091 5462 et
2120 5410 2257 5464 infra
2292 5410 2355 5464 de
2386 5412 2642 5476 incorpor.
2673 5407 2827 5463 lib."
2849 5408 2946 5463 sub
2965 5406 3057 5461 fin.
3084 5400 3400 5473 siconfabu.

1820 5480 2134 5554 futurisque
2170 5481 2590 5554 fuisset(ign_i_s).
2715 5548 2726 5554 _
2800 5546 2813 5554 _
2977 5548 2989 5554 _
3189 5552 3196 5554 _
3344 5542 3370 5554 ν,

1892 5549 2003 5619 (‘27)
2030 5545 2093 5601 Et
2121 5545 2452 5619 magistrum:
2481 5545 2644 5619 Forte
2686 5548 2762 5601 sic
2800 5546 3083 5619 legendum
3102 5585 3126 5619 _,_
3148 5552 3199 5597 et
3221 5545 3399 5619 pingi-

1818 5613 2250 5691 mammam:
2287 5636 2462 5674 eorum
2501 5618 2633 5688 ignis
2656 5628 2760 5674 etc.
2791 5613 2886 5670 acati.
2926 5615 3185 5679 δέσποζον
3212 5613 3399 5691 (domt-

1821 5691 1971 5753 mms)
1995 5689 2053 5740 τὺ
2082 5688 2192 5760 πῦρ

2961 5845 3040 5905 36
