3822 6218
399 329 531 418 1151

1065 324 1329 382 EUSEB"
1364 323 1847 383 CASSARIENSIS
1885 326 2034 384 OPP.
2072 328 2255 384 PARS
2290 327 2377 385 IV.
2414 360 2483 371 —
2522 329 2947 387 DOGMATICA.

3514 331 3652 389 1153

396 448 675 523 coniungit
704 453 883 517 partes
910 446 1128 501 incisas.
1162 447 1218 502 Si
1267 458 1444 502 autem
1478 449 1582 503 hoc
1625 458 1844 520 prapter
1892 449 1974 502 in-
2004 453 2049 509 Α
2076 466 2231 505 ramo
2257 450 2458 518 potitus
2489 449 2623 520 (50).
2649 449 2982 517 Quibusdam
3007 456 3190 503 autem
3217 446 3541 516 compositio
3572 458 3653 502 est

395 542 764 598 visibilitatem
797 540 978 594 minus
1017 542 1331 610 agnoscitur
1352 581 1368 604 ,
1398 542 1452 594 in
1484 543 1637 610 aquis
1660 542 1972 610 agnoscitur

395 635 537 706 quod
564 632 783 688 dicitur.
812 631 947 687 Cum
995 632 1165 686 incisa
1214 632 1379 687 fuerit
1438 648 1599 700 aqua,
1656 644 1751 688 aut
1801 634 1971 688 scissa

393 714 491 793 per
539 722 765 791 lignum,
816 732 909 777 aut
950 738 1046 792 per
1091 721 1238 775 aliud
1294 722 1513 791 aliquod
1573 724 1970 793 operimentum

394 816 531 889 (28),
567 825 689 885 post
720 825 900 870 autem
932 815 977 869 si
1012 814 1304 869 abstuleris
1335 815 1387 869 id
1424 815 1567 883 quod
1616 815 1827 879 incidit,
1878 832 1971 869 ur-

394 921 550 982 getur
582 924 722 981 aqua
775 909 844 963 ad
881 907 1315 977 conjunctionem
1351 907 1435 960 sui
1476 921 1487 954 :
1532 915 1615 960 est
1646 908 1789 961 enim
1832 922 1970 974 aqua

394 1024 424 1061 a
460 1015 604 1061 terra
634 1002 903 1058 subtilior.
934 1000 1115 1055 Terra
1158 1001 1302 1054 enim
1348 999 1422 1053 ita
1466 998 1569 1053 sibi
1606 1008 1663 1053 ut
1695 1002 1972 1068 aqua_ad-—

389 1101 581 1169 iuvare
612 1112 718 1151 non
770 1104 953 1165 potest
982 1110 996 1148 :
1032 1102 1091 1147 ut
1124 1108 1188 1146 ex
1232 1092 1337 1146 hoc
1367 1100 1662 1160 appareat,
1693 1091 1817 1159 quia
1853 1107 1973 1161 qua:

394 1195 648 1249 dicuntur
687 1190 912 1244 fortiora
964 1200 1217 1254 corpora,
1250 1184 1355 1237 ista
1410 1183 1580 1239 multo
1643 1184 1816 1252 magis
1848 1190 1974 1241 sunt

394 1286 715 1349 infirmiora,
776 1292 832 1337 et
874 1294 980 1334 non
1033 1280 1086 1333 in
1143 1275 1512 1346 magnitudine
1574 1284 1657 1329 est
1709 1273 1968 1344 potentia.

392 1377 531 1445 Quid
561 1376 705 1431 enim
736 1382 944 1427 tantum
974 1372 1138 1425 habet
1163 1384 1339 1433 mons,
1368 1376 1624 1437 quantum
1652 1367 1810 1421 habet
1831 1381 1973 1420 mar-

392 1472 566 1540 garita
611 1468 677 1523 ad
719 1462 1214 1536 pulchritudinem?
1264 1459 1577 1528 magnitudo
1618 1458 1763 1513 enim
1797 1458 1973 1512 calca-

393 1575 502 1628 tur,
551 1563 603 1617 in
654 1560 803 1615 brevi
853 1568 1028 1621 autem
1084 1554 1429 1623 pulchritudo
1480 1553 1797 1621 requiritur.
1866 1552 1972 1607 Sed

393 1665 734 1708 transeamus
754 1665 782 1703 a
804 1648 993 1718 primis
1018 1664 1137 1710 qua:
1170 1648 1423 1702 dicuntur
1453 1649 1792 1719 corporibus,
1812 1658 1971 1703 terrae

392 1746 515 1800 dico
568 1755 622 1797 et
665 1742 802 1813 ignis
841 1749 895 1795 et
928 1754 1079 1809 aqua!
1131 1748 1185 1794 et
1212 1742 1389 1805 aeris,
1426 1742 1490 1794 ad
1525 1756 1587 1795 ea
1612 1756 1732 1811 qum
1764 1757 1829 1795 ex
1886 1742 1970 1795 bis

2080 544 2131 595 in
2164 541 2488 597 butronibus
2521 543 2634 613 (51)
2660 541 2949 611 conjungi,
2981 549 3037 596 et
3065 541 3369 596 immutatio
3412 542 3653 596 colurqu

2079 636 2131 688 in
2162 635 2349 690 iisdem
2379 645 2482 701 est,
2534 645 2589 690 et
2615 635 2781 703 ipsius
2807 632 2921 703 (ὖὲ)
2946 633 3196 703 generis,
3230 643 3286 687 et
3323 634 3494 703 ipsius
3534 649 3657 702 spe-

2080 730 2181 784 ciei
2217 746 2230 783 :
2280 730 2639 798 quorumdam
2690 728 2907 797 quidem
2949 727 3353 781 manducantur
3376 741 3439 780 ea
3469 742 3591 796 quae
3627 742 3656 779 a

2078 822 2213 877 foris
2260 822 2545 887 habentur,
2595 821 2953 891 quorumdam
3000 828 3182 873 autem
3235 819 3303 874 ab
3358 818 3502 872 intus
3534 826 3658 872 sunt

2078 931 2200 986 quae
2230 917 2602 973 comeduntur.
2641 914 2707 967 Et
2737 915 2903 967 multa
2935 922 3021 967 est
3060 913 3297 967 varietas
3333 911 3659 965 annuntians

2078 1024 2176 1079 per
2203 1010 2383 1063 omnia
2422 1009 2683 1078 sapientis
2706 1007 3053 1077 sapientiam,
3081 1017 3137 1060 et
3169 1006 3341 1075 ipsius
3360 1004 3548 1074 operis
3577 1004 3659 1056 di—

2081 1101 2389 1171 sciplinam.
2426 1101 2631 1154 Tamen
2690 1099 2744 1153 in
2800 1098 2920 1155 istis
2940 1099 3263 1167 corporibus
3297 1098 3426 1166 quia
3483 1094 3659 1152 oﬁicia

2081 1194 2327 1262 quaedam
2357 1202 2413 1246 et
2440 1192 2660 1246 ordines
2691 1190 3123 1258 conspiciuntur,
3167 1198 3223 1244 et
3281 1204 3573 1252 mensurae,
3603 1198 3660 1242 et

2081 1292 2343 1352 tempora,
2361 1290 2416 1335 et
2436 1280 2763 1352 agnitiones,
2788 1289 2846 1333 ut
2865 1279 3212 1334 emolliantur
3238 1293 3363 1335 cum
3388 1279 3657 1348 incipiunt

2079 1375 2318 1429 fructum
2360 1371 2595 1438 afferre;
2628 1374 2922 1443 projiciunt
2952 1372 3095 1426 enim
3143 1371 3356 1426 etiamsi
3416 1372 3661 1426 floruerit

2080 1469 2147 1521 ad
2176 1466 2431 1534 fructum,
2461 1475 2516 1520 et
2545 1467 2870 1530 educantur,
2907 1477 2962 1521 et
2995 1466 3197 1520 sensim
3236 1464 3544 1530 accedunt,
3603 1473 3662 1518 et

2081 1562 2147 1615 ad
2178 1570 2387 1629 tempus
2415 1568 2748 1623 occurrunt;
2782 1573 3059 1627 nunquam
3095 1567 3274 1614 autem
3319 1568 3506 1612 essent
3548 1557 3656 1612 ista

2078 1669 2199 1724 quae
2228 1662 2374 1721 sunt,
2400 1651 2514 1707 nisi
2540 1667 2605 1707 ea
2634 1651 2998 1721 incorporalis
3030 1652 3277 1720 quaedam
3304 1650 3479 1704 virtus
3522 1650 3661 1719 figu-

2080 1756 2262 1800 raret:
2309 1744 2384 1799 ila
2418 1752 2473 1799 et
2504 1744 2557 1798 in
2590 1743 2917 1799 animalibus
2960 1743 3107 1813 leges
3165 1752 3448 1812 praecepta:
3503 1752 3658 1806 sunt,

392 1843 518 1890 sunt
545 1833 841 1903 composita
894 1841 949 1886 et
990 1832 1245 1886 videnlur
1279 1832 1463 1885 omnia
1514 1847 1579 1887 ex
1627 1833 1710 1887 his
1753 1833 1973 1895 habere,
2010 1818 2051 1873 Β
2080 1847 2137 1893 ιιι
2169 1838 2237 1893 ab
2260 1838 2418 1909 equis
2440 1839 2587 1909 equi,
2617 1846 2673 1893 ei,
2718 1839 2785 1892 ab
2844 1849 3172 1906 unoquoque
3229 1848 3431 1905 genere
3487 1848 3659 1904 genus

390 1925 624 1981 calorem
650 1925 768 1979 dico
795 1933 849 1977 et
876 1924 1156 1978 humorem
1186 1933 1242 1978 et
1269 1924 1690 1979 crassitudinem
1722 1936 1776 1991 et
1802 1925 1974 1980 subti-

390 2020 597 2073 litatem
630 2027 684 2071 et
711 2016 851 2081 alia;
886 2025 942 2070 et
971 2017 1251 2071 videamus
1282 2016 1327 2070 si
1354 2026 1440 2070 est
1472 2017 1524 2070 in
1560 2018 1641 2072 bis
1683 2018 1973 2082 stabilitas,

389 2114 435 2166 si
471 2119 555 2166 est
587 2109 818 2164 mansio.
866 2109 932 2164 Et
988 2125 1055 2163 ne
1104 2110 1227 2179 quis
1281 2119 1433 2178 putet
1480 2111 1770 2164 materiam
1803 2110 1973 2165 intro-

388 2205 509 2259 duci
534 2216 803 2266 sermone,
829 2210 923 2256 aut
941 2202 1210 2271 quomodo
1234 2202 1658 2256 introducuntur
1678 2202 1971 2265 elementa,

388 2298 583 2364 quibus
606 2304 662 2349 et
692 2294 1038 2349 inducuntur.
1074 2292 1183 2347 Sed
1210 2293 1339 2348 illud
1368 2294 1512 2359 dico,
1542 2295 1667 2363 quia
1698 2295 1749 2347 in
1780 2308 1974 2364 corpo-

387 2391 543 2443 ribus
564 2404 682 2457 quae
710 2396 997 2442 moventur
1028 2401 1043 2439 :
1085 2388 1376 2441 motionem
1413 2396 1591 2441 autem
1626 2386 1748 2441 dico
1777 2387 1965 2453 istam,

387 2480 794 2551 quaenat’uralis
824 2488 910 2535 est
946 2494 1136 2533 eorum
1187 2480 1276 2549 qui
1334 2478 1537 2533 habent
1595 2486 1652 2531 ut
1699 2486 1971 2543 crescant,

387 2575 478 2643 qui
511 2574 711 2629 habent
739 2581 798 2627 ut
823 2573 1173 2637 minuantur;
1221 2587 1405 2626 eorum
1438 2571 1528 2641 qui
1565 2570 1799 2626 fructum
1840 2572 1972 2626 affe-

386 2676 536 2732 runt,
564 2682 749 2722 eorum
785 2668 877 2735 qui
906 2674 1193 2720 moventur
1219 2680 1249 2718 a
1283 2664 1418 2718 locis
1463 2664 1529 2717 ad
1579 2663 1715 2729 loca,
1762 2664 1973 2718 anima-

384 2759 515 2815 lium
542 2768 727 2828 utpote
753 2770 807 2813 et
845 2758 1104 2811 arborum
1160 2766 1214 2810 et
1264 2755 1567 2810 hominum.
1616 2755 1969 2811 Varificatum

384 2852 531 2907 enim
560 2860 644 2906 est
666 2864 866 2919 corpus
907 2858 962 2903 et
1004 2848 1383 2917 compositum.
1424 2846 1793 2918 Compositum
1828 2849 1971 2903 enim

384 2958 469 3001 ost
492 2958 546 3001 et
579 2945 828 2999 Salvator
862 2942 974 3014 (‘29)
1019 2959 1114 3012 per
1165 2941 1536 3010 incorporales
1588 2940 1835 2995 virtutes.
1863 2940 1970 2994 Ne-

386 3054 490 3107 que
517 3039 663 3094 enim
685 3036 908 3091 arbores
941 3036 1158 3089 sibimet
1186 3034 1312 3100 ipsa:
1347 3039 1590 3087 statuunt
1651 3040 1863 3101 tempus
1911 3040 1973 3085 ut

384 3132 634 3209 floreant,
664 3144 769 3183 non
824 3127 1248 3196 magnitudinem
1287 3124 1540 3178 foliorum
1566 3163 1579 3185 ,
1611 3138 1715 3177 non
1765 3133 1972 3192 tempus

386 3223 621 3291 frugum,
652 3236 756 3275 non
783 3220 1233 3289 compositionem
1260 3230 1447 3269 eorum
1481 3229 1601 3283 quae
1647 3214 1970 3282 ﬁgurantur,

384 3331 492 3370 non
522 3330 733 3385 eaquae
760 3316 905 3369 intus
938 3321 1068 3367 sunt
1094 3313 1163 3366 ad
1203 3310 1652 3374 custodiendum,
1695 3322 1803 3362 non
1854 3323 1975 3378 quas

386 3410 534 3465 foras
566 3417 694 3464 sunt
728 3409 795 3462 ad
828 3405 1066 3461 tutelam.
1114 3404 1229 3458 Non
1284 3403 1433 3458 enim
1483 3400 1537 3455 in
1583 3401 1836 3455 arborum
1890 3410 1975 3454 est

383 3510 671 3571 potestate,
704 3499 773 3554 de
802 3500 885 3554 his
913 3513 1035 3568 quae
1062 3506 1189 3552 sunt
1216 3496 1269 3550 in
1302 3492 1610 3549 arboribus.
1654 3491 1711 3546 Si
1742 3491 1885 3546 enim
1918 3501 1975 3546 et

385 3595 438 3649 in
463 3594 619 3649 nobis
648 3590 1064 3647 rationabilibus
1112 3604 1219 3643 non
1271 3596 1357 3642 est
1399 3594 1649 3656 potestas
1702 3598 1977 3639 mensura-

386 3703 529 3753 rum,
558 3702 666 3740 non
700 3694 919 3740 aetatum
940 3724 955 3749 ,
993 3697 1099 3737 non
1132 3682 1525 3744 membrorum,
1558 3691 1731 3745 neque
1758 3675 1974 3745 quando

387 3781 579 3835 debeat
630 3792 940 3848 procreare,
996 3785 1089 3829 aut
1135 3774 1305 3838 nasci,
1346 3781 1441 3827 aut
1484 3785 1766 3834 crescere,
1800 3783 1975 3837 neque

387 3888 558 3943 usque
591 3872 658 3925 ad
688 3870 914 3940 capillos
949 3887 961 3919 :
997 3883 1103 3923 non
1157 3866 1330 3921 solum
1381 3875 1440 3918 ut
1478 3862 1692 3932 quando
1723 3859 1971 3923 ﬂoreant,

388 3976 440 4021 ct
486 3965 704 4035 quando
743 3963 1010 4026 debeant,
1055 3960 1145 4029 qui
1189 3958 1419 4013 necdum
1471 3963 1737 4010 venerunt
1765 3954 1833 4007 ad
1861 3950 1969 4035 flo-

386 4074 540 4125 rem;
576 4057 670 4112 sed
722 4070 896 4125 neque
930 4055 997 4108 de
1030 4068 1095 4107 eo
1143 4061 1200 4105 ut
1238 4048 1533 4105 transferat
1573 4046 1837 4109 colorem,
1861 4030 1916 4098 et
1944 4060 1973 4097 a

386 4152 547 4221 nigro
576 4149 761 4204 veniat
789 4148 856 4201 ad
888 4146 1093 4210 album,
1122 4136 1207 4199 est
1238 4145 1293 4197 in
1326 4152 1513 4196 nostra
1544 4146 1843 4209 potestate,
1882 4135 1973 4204 qui

388 4247 681 4315 cogitatum
711 4239 1049 4311 possidemus
1080 4248 1135 4291 et
1168 4250 1388 4292 sensum
1419 4252 1435 4291 :
1462 4234 1506 4287 si
1544 4232 1710 4304 igitur
1740 4239 1795 4286 et
1823 4245 1972 4298 qua:-

388 4351 600 4405 cunque
633 4335 684 4389 in
725 4332 882 4387 nobis
911 4339 1039 4386 sunt
1081 4328 1350 4384 naturalia
1376 4369 1390 4392 ,
1450 4341 1555 4379 non
1609 4334 1734 4379 sunt
1779 4331 1976 4376 nostra:

386 4426 696 4497 potestatis,
726 4433 930 4494 quanto
962 4423 1138 4494 magis
1166 4422 1220 4475 in
1268 4416 1734 4474 irrationabilibus
1764 4416 1976 4470 anima-

2076 1930 2381 1999 proprium,
2434 1929 2635 1985 similia
2665 1944 2695 1983 a
2732 1928 3040 1995 similibus;
3095 1936 3152 1982 et
3196 1937 3514 1981 mensurata
3572 1935 3661 1980 est

2075 2023 2515 2095 concupiscentia
2540 2019 2890 2075 animalibus.
2916 2018 3032 2073 Non
3067 2018 3212 2073 enim
3257 2018 3311 2072 in
3340 2018 3491 2072 omni
3523 2027 3661 2072 tem-

2074 2133 2205 2189 pore
2237 2116 2564 2171 animalibus
2591 2122 2677 2168 est
2704 2111 3151 2175 communicatio,
3169 2111 3264 2166 sed
3302 2119 3519 2177 tempus
3549 2118 3663 2163 sta-

2076 2222 2248 2267 tutum
2300 2219 2386 2265 est
2432 2218 2487 2264 et
2519 2208 2856 2276 agnoscitur.
2909 2205 2975 2259 Et
3012 2203 3238 2259 masculi
3274 2211 3406 2257 tunc
3436 2217 3662 2257 moven-

2078 2313 2192 2368 tur,
2226 2312 2283 2356 et
2309 2302 2521 2356 femina:
2559 2310 2687 2353 tunc
2714 2298 3015 2368 patiuntur,
3056 2304 3110 2350 et
3152 2295 3371 2349 transiit
3418 2305 3657 2363 tempus,

2074 2402 2129 2447 et
2156 2400 2405 2448 emortua
2435 2402 2519 2445 est
2552 2390 2605 2444 in
2663 2385 3132 2442 irrationabilibus
3184 2384 3657 2454 concupiscentia.

2078 2486 2147 2541 Et
2166 2486 2254 2542 ubi
2289 2494 2435 2540 tanta
2461 2484 2697 2539 varietas
2719 2489 2825 2545 est,
2851 2494 3029 2535 nonne
3059 2477 3408 2534 confessibile
3435 2478 3552 2547 (55)
3576 2488 3662 2532 est

2081 2578 2321 2649 ignorari
2374 2576 2442 2631 ab
2492 2574 2961 2631 irrationabilibus
3025 2586 3150 2641 qua:
3226 2570 3396 2625 fiunt?
3450 2568 3660 2624 Tamen

2075 2678 2373 2742 agnoscunt
2393 2666 2665 2738 quomodo
2719 2673 2980 2733 reguntur
3006 2671 3063 2716 et
3085 2662 3451 2725 adducuntur,
3481 2670 3539 2716 et
3566 2661 3660 2714 ubi

2072 2770 2291 2834 oportet
2322 2759 2606 2825 seminari,
2639 2766 2695 2811 et
2721 2757 2814 2811 ubi
2840 2754 3130 2812 conveniat
3158 2752 3535 2809 commendari
3562 2769 3580 2806 :
3609 2760 3667 2806 et

2074 2857 2388 2927 ignorantes
2421 2854 2565 2923 quod
2604 2850 2843 2905 futurum
2913 2857 3016 2911 est,
3076 2847 3431 2902 nihilominus
3472 2855 3660 2900 tamen

2072 2949 2281 3018 legibus
2310 2946 2627 3001 suadentur.
2667 2941 2724 2995 ln
2770 2940 3089 2995 matricibus
3130 2950 3309 2994 autem
3340 2954 3441 2994 nec
3484 2938 3660 2993 ratio-

2074 3040 2282 3095 nabiles
2310 3037 2564 3092 mulieres
2593 3043 2796 3089 norunt
2832 3032 2961 3103 quid
2988 3031 3283 3086 efficiatur.
3339 3029 3546 3085 Tamen
3604 3043 3661 3084 et

2000 3160 2045 3222 ο
2077 3129 2538 3186 irrationabilibus
2570 3127 2893 3198 ﬁgurantur,
2917 3132 2973 3179 et
3004 3124 3182 3178 nullus
3220 3133 3435 3177 emovet
3464 3133 3525 3177 ut
3547 3137 3659 3176 non

2077 3230 2400 3279 moveantur
2420 3229 2578 3276 extra
2610 3232 2942 3282 mensuram,
2977 3230 3152 3285 neque
3178 3226 3237 3269 ut
3268 3215 3399 3269 illud
3426 3215 3661 3268 mandu-

2077 3328 2181 3383 cet,
2209 3325 2263 3371 et
2315 3314 2383 3369 ab
2430 3312 2523 3366 illo
2582 3326 2642 3365 se
2677 3310 2969 3365 abstineat.
2998 3305 3397 3377 Nonnunquam
3426 3306 3573 3360 enim
3606 3312 3663 3358 et

2076 3408 2351 3463 minantur
2391 3405 2705 3475 plurimum,
2732 3412 2788 3457 et
2816 3410 3049 3455 currunt
3095 3415 3216 3470 qua:
3258 3409 3659 3468 conceperunt,

2075 3510 2131 3557 et
2165 3498 2409 3555 custodit
2433 3512 2497 3553 ea
2523 3510 2645 3566 qua:
2666 3494 2924 3550 custodit.
2975 3493 3130 3560 Apud
3186 3506 3284 3545 nos
3339 3492 3486 3545 etaim
3525 3492 3660 3561 quia

2076 3593 2294 3661 adjuvat
2329 3604 2419 3643 ars
2447 3598 2673 3653 naturae,
2724 3586 3066 3640 immutatum
3098 3594 3180 3638 est
3207 3600 3235 3636 a
3281 3593 3475 3636 natura
3505 3582 3661 3650 adju-

2075 3679 2460 3739 mentum.Ubi
2492 3689 2671 3733 autem
2703 3676 2834 3731 nihil
2861 3675 3093 3730 coefficit
3118 3689 3208 3728 ars
3225 3682 3454 3737 naturae,
3476 3681 3655 3727 tntum

2077 3774 2445 3844 adiumentum
2488 3767 2814 3824 custoditur.
2848 3763 3015 3819 Multa
3048 3763 3191 3818 enim
3221 3771 3350 3817 sunt
3398 3777 3520 3831 quae
3564 3762 3653 3817 vi-

2076 3865 2270 3919 dentur
2304 3863 2357 3917 in
2390 3861 2512 3916 aliis
2543 3857 2893 3921 animalibus,
2919 3869 3047 3925 quae
3079 3868 3179 3908 nos
3209 3868 3317 3907 non
3362 3852 3653 3908 habemus.

2076 3957 2242 4012 Nobis
2268 3956 2414 4010 enim
2450 3966 2631 4023 neque
2660 3950 2793 4005 tales
2819 3958 3006 4013 cutes,
3063 3959 3242 4015 neque
3299 3944 3435 3999 tanti
3470 3944 3657 4012 capilli

2077 4058 2222 4115 sunt,
2256 4046 2441 4117 quanti
2476 4055 2531 4100 et
2566 4043 2695 4099 illis.
2726 4041 2830 4097 Ars
2862 4040 3006 4095 enim
3044 4039 3285 4093 vestiens
3307 4051 3396 4101 ea,
3421 4038 3661 4105 complet

2077 4140 2219 4211 quod
2250 4139 2464 4192 videtur
2486 4137 2674 4191 deesse
2718 4144 2946 4187 naturae.
3002 4130 3118 4185 Non
3153 4130 3490 4199 operimenta
3528 4141 3661 4183 sunt

2079 4231 2268 4286 iisdem
2299 4245 2313 4294 ;
2379 4226 2659 4281 sufﬁciunt
2690 4224 2833 4278 enim
2864 4222 2981 4291 pili.
3016 4221 3133 4274 Non
3162 4219 3437 4288 opertoria
3468 4234 3484 4283 ;
3517 4220 3660 4272 ami-

2077 4334 2163 4381 cta
2211 4331 2295 4376 est
2341 4321 2487 4374 enim
2545 4331 2673 4387 pars
2728 4329 2848 4383 quze
2896 4314 2983 4368 his
3013 4310 3307 4380 indigebat.
3362 4308 3664 4363 Sufﬁciunt

2079 4411 2275 4479 quippe
2309 4406 2416 4461 illis
2456 4404 2635 4473 capilli
2664 4413 2720 4457 et
2744 4417 2841 4472 pro
2868 4401 3122 4455 domibus
3152 4409 3208 4454 et
3235 4398 3410 4461 tectis,
3438 4408 3495 4451 et
3513 4399 3664 4451 tuni-

386 4491 551 4587 libus,
580 4535 687 4574 non
713 4491 838 4574 sunt
864 4517 920 4572 in
956 4491 1196 4585 ipsorum
1226 4518 1497 4582 potestate
1526 4522 1645 4578 quae
1683 4522 1778 4561 sua
1811 4506 1973 4560 sunt?
2004 4524 2050 4580 ι)
2078 4502 2157 4557 cis
2186 4510 2242 4554 et
2273 4498 2448 4568 palliis
2474 4504 2529 4551 et
2556 4494 2911 4565 operimentis
2942 4512 2957 4561 ;
3008 4501 3058 4547 el
3110 4492 3403 4560 unicuique
3434 4491 3663 4544 animali

388 4613 555 4684 Magis
578 4621 758 4667 autem
796 4612 899 4665 hoc
949 4610 1004 4663 iu
1038 4605 1328 4662 arboribus
1374 4616 1480 4658 non
1513 4610 1596 4655 est
1648 4610 1703 4655 et
1750 4599 1966 4670 plantis.

387 4705 456 4760 Et
486 4716 663 4760 tamen
688 4704 743 4758 in
773 4703 858 4758 his
894 4716 1016 4773 quae
1046 4700 1168 4754 sine
1219 4698 1400 4752 anima
1446 4705 1594 4759 sunt,
1648 4695 1749 4748 hoc
1791 4700 1872 4747 est
1911 4693 1967 4745 in

389 4797 675 4854 arboribus
704 4797 822 4850 istis
861 4804 915 4849 et
961 4793 1181 4865 plantis,
1224 4804 1521 4851 mensum,
1566 4784 1967 4855 magnitudines

388 4890 655 4961 partibus,
690 4895 743 4941 et
767 4886 867 4957 ipsi
900 4886 1079 4940 omnia
1129 4881 1313 4937 arbori
1358 4889 1412 4935 et
1443 4880 1668 4947 plantae,
1720 4884 1775 4928 et
1818 4874 1964 4929 foliis

388 4983 506 5055 ejus
558 4990 613 5035 et
662 4978 952 5042 fructibus,
1015 4985 1069 5031 et
1132 4970 1615 5043 compositionibus
1675 4968 1963 5036 habe-titur.

390 5072 756 5143 Quarumdam
776 5070 918 5125 enim
943 5068 1152 5122 fructus
1183 5065 1356 5135 sparsi
1423 5072 1521 5116 unt
1548 5103 1563 5129 ,
1610 5060 1749 5114 alius
1781 5060 1835 5113 in
1861 5058 1968 5111 alio

464 5247 575 5292 (92m
625 5246 1033 5292 (lacrimantum.
1058 5242 1198 5292 Lege
1245 5079 1665 5292 ungentum,
1705 5247 1825 5292 quae
1856 5248 1961 5285 vox

464 5247 575 5316 (‘28)
625 5246 1033 5316 Operimcntum.
1058 5242 1198 5316 Lege
1245 5242 1665 5316 op‘th'menmnt,
1705 5247 1825 5314 quae
1855 5248 1961 5316 vox

391 5305 683 5385 interpreti
700 5327 883 5385 nostro
916 5305 1324 5385 familiarisptje‘
1374 5323 1439 5385 eo
1465 5306 1605 5385 quod
1645 5314 1728 5384 est
1761 5305 1963 5354 instru-

387 5376 638 5444 mentum.
675 5384 768 5440 Sic
811 5400 970 5453 supra
1032 5383 1137 5435 col.
1194 5376 1330 5433 1099
1376 5379 1417 5432 A
1451 5376 1760 5453 :Provenit_
1784 5381 1962 5453 fartilem

388 5439 546 5511 istum
563 5439 770 5524 por-ture
787 5439 1116 5506 mellirirmlia
1140 5458 1499 5524 operantenm;
1524 5456 1578 5498 et
1605 5440 1875 5521 θοὴ-1127
1898 5439 1958 5491 Β;

388 5515 675 5607 Qessarunt
700 5525 927 5579 visibilia
948 5515 1313 5590 operaménta:
1343 5520 1572 5587 idtpsum
1592 5515 1787 5583 passim
1826 5524 1970 5578 repe-

389 5610 519 5649 rlas.

459 5664 572 5732 (29)
601 5664 868 5719 Salvator.
911 5663 1093 5727 Forte,
1135 5662 1391 5715 salvetur.

461 5734 573 5803 (50)
601 5734 830 5786 Potitus.
869 5734 1047 5803 Forte,
1072 5736 1290 5801 positus.

462 5792 577 5876 (51)
598 5802 938 5856 Butronibus.
978 5792 1215 5858 Deducta
1249 5816 1350 5856 vox
1380 5816 1443 5856 ea
1482 5801 1692 5857 videtur
1720 5808 1747 5848 a
1770 5792 1962 5848 Grieca

2078 4608 2177 4665 pro
2207 4593 2289 4647 sui
2330 4600 2522 4644 natura
2572 4596 2627 4642 et
2679 4587 2951 4656 opertoria
2997 4586 3121 4639 data
3180 4592 3325 4638 sunt.
3359 4583 3459 4637 His
3509 4584 3660 4636 enim

2075 4685 2167 4755 qui
2209 4684 2388 4737 minus
2408 4688 2661 4751 poterant
2696 4680 2966 4732 sustinere
2999 4677 3313 4746 fridgorem,
3365 4673 3664 4743 spissiores

2072 4775 2165 4845 pili
2190 4785 2246 4829 et
2278 4775 2550 4842 longiores
2586 4769 2776 4826 indulti
2805 4778 2954 4829 sunt,
2992 4767 3116 4821 aliis
3146 4766 3283 4819 lanae
3310 4783 3323 4819 :
3358 4775 3414 4818 et
3440 4765 3659 4819 unicui-

2071 4882 2177 4936 que
2213 4877 2458 4935 separata
2510 4873 2594 4920 est
2633 4878 2757 4918 esca
2792 4871 2850 4916 et
2898 4860 3139 4914 immissa
3165 4898 3181 4924 ,
3216 4865 3274 4910 et
3306 4856 3452 4910 circa
3507 4854 3657 4908 illam

2075 4974 2253 5016 escam
2288 4960 2375 5012 illa
2405 4958 2676 5012 alacritas.
2707 4956 2838 5022 Qua
2863 4954 3007 5008 enim
3032 4960 3259 5005 excusat
3286 4948 3403 5019 (54)
3436 4962 3659 5008 cervus,

2077 5056 2193 5109 ba'c
2229 5052 2576 5123 persequitur
2598 5050 2685 5104 leo
2711 5065 2725 5100 :
2752 5055 2808 5101 et
2833 5047 2986 5100 varia
3018 5041 3298 5114 proposita
3334 5048 3422 5096 est
3472 5040 3657 5109 magni

2071 5234 2250 5304 βότρις
2299 5226 2751 5304 γαεειπηε.ρβΐῑθ
2792 5223 3063 5304 sententia
3091 5219 3255 5304 huius
3287 5220 3393 5275 loci
3441 5218 3660 5304 videtur

2068 5292 2257 5358 eadem
2280 5315 2399 5355 esse
2420 5313 2539 5364 quae
2569 5298 2710 5353 illius
2731 5297 2870 5362 apud
2890 5294 3145 5358 Plinium,
3174 5293 3268 5364 lib.
3294 5307 3386 5353 xv,
3412 5306 3534 5364 cap.
3554 5292 3623 5344 28
3639 5310 3655 5343 :

2070 5373 2373 5439 Dependent
2398 5360 2506 5421 alia
2535 5360 2810 5437 pediculis,
2847 5375 2901 5418 ut
2946 5364 3101 5427 pira;
3136 5360 3245 5414 alia
3287 5360 3511 5413 racemis
3541 5399 3557 5425 ,
3601 5370 3655 5413 ut

2070 5458 2202 5505 um',
2234 5441 2437 5508 palmae.

2145 5506 2258 5577 (52)
2288 5510 2481 5578 Ipsius.
2520 5506 2718 5578 Αὐτοῦ,
2742 5506 2996 5578 ejusdem.

2145 5569 2260 5653 (55)
2295 5569 3034 5653 Cogfes‘sibileiConfessum,
3066 5569 3655 5653 compertum;Ut.5I-

2074 5641 2166 5725 pra
2197 5641 2427 5725 noli“.
2476 5648 2673 5725 inimici
2732 5644 3053 5723 confessiles,
3088 5642 3280 5710 aperti,
3318 5641 3570 5721 professi.

2146 5722 2254 5794 (54)
2284 5721 2537 5794 Εέιτοιωᾳι.
2570 5718 2623 5775 Id
2670 5728 2750 5775 est
2786 5706 2976 5787 respuit
3007 5706 3149 5769 sicut
3197 5706 3516 5769 notavimus
3545 5706 3651 5766 col-

2074 5791 2243 5861 llOl,
2270 5802 2383 5848 nol.
2422 5791 2508 5846 (‘28.
