3822 6218
204 357 344 412 “53

1538 341 1628 397 DE
1661 338 2145 398 INCORPORALI.

3310 338 3447 395 1134

203 472 297 527 Dei
328 482 535 533 mensa,
568 466 722 535 plena
751 461 968 533 quidem
1007 456 1279 526 omnibus,
1312 459 1644 515 conveniens
1675 474 1773 512 au»
1805 462 1851 516 Α
1880 455 2164 517 mamillas,
2184 452 2610 522 aquadripedibus
2640 456 2821 515 autem
2847 452 2900 506 in
2928 451 3052 508 aliis
3087 452 3261 509 inﬁxit
3288 455 3441 511 locis.
3482 492 3485 493 ν

204 571 312 616 tem
373 557 665 626 unicuique
723 566 946 608 naturae.
984 551 1052 605 Et
1080 558 1163 605 est
1207 548 1513 603 admiratio.
1546 546 1764 599 Numeri

200 647 346 700 enim
380 643 648 699 mensium
683 641 1001 695 matricibus
1033 647 1087 691 et
1113 636 1579 692 irrationabilibus
1606 634 1767 704 positi

201 746 345 792 sunt.
380 734 447 788 Et
486 734 606 802 quis
642 748 747 786 non
788 740 1025 802 stupent,
1083 730 1209 799 quia
1261 730 1315 784 in
1371 737 1610 798 tempore
1668 729 1774 781 isto

163 828 557 889 ‘concurrunt,
610 823 764 891 cujus
796 823 976 876 exitus
1015 819 1251 875 fructum
1303 830 1595 889 apportat,
1649 834 1771 872 cum

203 919 467 988 asperitas
503 916 710 971 hiberni
767 914 1078 969 transierit?
1124 921 1184 966 ut
1222 926 1326 967 non
1378 920 1564 965 tenera
1599 911 1774 965 adhuc

204 1010 499 1066 constituta
526 1023 646 1077 quae
671 1016 796 1060 nata
816 1014 943 1060 sunt
969 1006 1021 1059 in
1045 1005 1206 1059 domo
1231 1018 1335 1058 non
1353 1001 1590 1065 confota,
1619 1016 1775 1069 aspe-

205 1103 424 1156 ritatem
457 1109 635 1153 autem
668 1098 864 1152 hiemis
890 1096 1220 1150 incurrentia
1261 1094 1525 1161 perirent,
1555 1101 1609 1145 et
1644 1091 1775 1144 deﬁ-

203 1198 354 1242 ceret
380 1202 569 1256 genus,
605 1186 650 1239 si
681 1186 753 1237 ita
792 1185 1041 1254 frigdore
1066 1183 1253 1252 gelidae
1280 1183 1473 1237 hiemis
1499 1181 1776 1235 interﬁce-

203 1284 372 1329 retur.
397 1274 502 1329 Sed
536 1274 679 1343 leges
706 1284 939 1338 statutae,
966 1283 1021 1327 et
1048 1274 1183 1328 ﬁnes
1205 1282 1331 1325 sunt
1353 1271 1537 1341 positi,
1561 1270 1777 1339 quando

205 1368 479 1422 seminare
511 1367 791 1431 deberent,
822 1374 878 1420 et
910 1365 1126 1434 quando
1172 1363 1409 1418 fructum
1464 1363 1679 1416 all'erre.
1713 1363 1776 1415 Et

205 1473 383 1527 neque
417 1458 521 1512 illis
546 1472 681 1527 opus
735 1466 818 1511 est
866 1455 1182 1520 obstetrice,
1215 1468 1391 1524 neque
1423 1464 1539 1508 arte
1591 1454 1776 1507 istius-

205 1554 375 1617 modi,
409 1561 660 1621 nequeut
687 1553 844 1607 cadat
868 1562 922 1605 et
947 1550 1125 1620 jaceat
1153 1566 1166 1603 :
1201 1549 1293 1603 sed
1326 1548 1507 1602 statim
1533 1555 1591 1600 ut
1618 1546 1776 1600 enixa

205 1646 373 1699 fuerit
396 1654 526 1709 stat,
559 1644 742 1699 statim
776 1653 833 1695 ut
862 1652 1047 1695 natum
1077 1640 1240 1695 fuerit
1294 1653 1461 1707 pecus
1513 1636 1774 1705 exsurgit,

203 1748 261 1792 ct
286 1740 530 1808 agnoscit
565 1736 937 1792 irrationabile
980 1733 1181 1788 animal
1216 1732 1360 1802 quod
1410 1730 1572 1799 ejecit
1598 1746 1628 1784 e
1665 1744 1781 1782 ma-

1874 545 2014 611 Quid
2042 555 2219 598 autem
2245 544 2379 599 dicis
2404 544 2529 611 quia
2555 543 2969 613 unumquodque
3002 544 3226 611 animal,
3259 549 3446 602 statim

1874 648 1931 690 ut
1966 646 2146 690 natum
2172 635 2352 703 fuerit,
2388 644 2646 704 quantum
2680 645 2764 690 est
2791 646 2998 691 tantum
3034 649 3135 700 est,
3164 640 3439 709 magnitu-

1876 727 2002 782 dine
2028 727 2172 791 dico,
2205 729 2298 781 sed
2327 728 2471 797 quod
2499 728 2635 782 nihil
2672 729 2903 798 amplius
2936 731 3167 784 assumit
3198 732 3263 785 ad
3293 747 3446 788 men-

1877 829 2005 873 tem.
2035 818 2207 873 Habet
2228 818 2370 871 enim
2400 812 2787 874 sensibilitates
2819 835 2966 885 suas,
2999 821 3160 877 habet
3195 823 3444 893 capillos;

1876 920 1931 965 et
1962 910 2087 979 quia
2127 908 2260 964 nihil
2291 912 2430 977 apud
2477 925 2571 965 eos
2623 913 2919 981 pretiosum
2955 921 3059 976 est,
3118 914 3238 969 ideo
3272 924 3442 969 totum

1877 1004 2060 1057 statim
2086 1002 2139 1056 in
2164 1002 2242 1057 eis
2264 1000 2489 1056 elfusum
2520 1011 2647 1058 cst':
2680 1004 2821 1058 sicut
2875 1013 2929 1057 et
2977 1004 3329 1059 infructuosis
3352 1020 3445 1057 ar-

1878 1096 2100 1151 boribus
2134 1096 2313 1149 statim
2336 1096 2685 1151 concurritet
2710 1096 3003 1152 effunditur
3032 1098 3359 1166 magnitudo.
3389 1099 3449 1160 in

1879 1186 2175 1241 fructifcris
2199 1194 2381 1241 autem
2433 1187 2631 1242 sensim
2682 1187 2900 1257 proﬁcit
2953 1198 3321 1258 augmentum.
3365 1188 3445 1244 Ita

1877 1288 1933 1331 et
1972 1274 2403 1331 rationabilibus
2433 1291 2538 1330 non
2567 1279 2749 1332 statim
2777 1277 3017 1334 efﬁcitur
3041 1289 3099 1333 ut
3153 1262 3441 1348 crescant,

1878 1383 1986 1422 non
2014 1368 2194 1422 statim
2218 1376 2421 1432 Status,
2466 1383 2571 1422 non
2608 1369 2792 1423 statim
2842 1383 2989 1426 esca.
3022 1369 3298 1439 Siquidem
3345 1385 3452 1428 nec

1879 1460 2186 1530 margaritae
2209 1461 2261 1515 in
2295 1461 2434 1516 facie
2462 1462 2807 1531 reperiuntur
2831 1469 3028 1515 terrae:-
3059 1461 3153 1514 sed
3184 1470 3303 1530 post
3325 1472 3449 1516 tan-

1881 1562 1964 1606 tas
1988 1551 2338 1606 difﬁcultates
2362 1552 2504 1621 quod
2546 1552 2848 1620 pretiosum
2892 1561 2975 1605 est
3018 1552 3311 1606 invenitur.
3341 1549 3453 1607 Τα-

1881 1660 2003 1699 men
2036 1644 2174 1713 quod
2204 1653 2463 1714 properat
2490 1658 2672 1698 sermo
2697 1644 2763 1697 ad
2815 1643 3163 1715 semetipsum
3213 1644 3446 1701 dicimus

1882 1736 2005 1802 quia
2039 1749 2214 1802 neque
2239 1734 2721 1789 irrationabilibus.
2746 1732 2803 1790 Si
2843 1737 2986 1789 enim
3023 1746 3269 1801 nossent,
3308 1736 3451 1792 forte

204 1830 364 1893 "if-‘8.
393 1828 607 1897 etquod
634 1843 737 1880 "0n
764 1826 975 1879 Viderat
1001 1834 1062 1878 υι
1095 1824 1275 1878 εείεηε
1305 1832 1477 1877 malet
1509 1820 1777 1891 agnoscil.
1810 1816 1854 1871 Β
1882 1826 2098 1894 quidam
2131 1840 2295 1879 ausus
2319 1825 2530 1891 fuisset,
2564 1836 2618 1880 et
2638 1826 2845 1880 diceret
2876 1827 3116 1894 ipsorum
3149 1842 3270 1883 esse
3290 1843 3441 1897 opus.

203 1932 261 1976 et
284 1922 565 1991 progenies
589 1920 655 1973 ad
688 1929 912 1972 matrem
931 1918 1269 1972 convertitur
1289 1931 1448 1984 quam
1479 1914 1774 1968 nesciebat.

203 2012 273 2067 Et
313 2028 434 2067 cum
459 2012 641 2066 adsint
670 2010 782 2083 (55)
817 2010 983 2079 ipsius
1016 2009 1230 2077 generis
1261 2010 1371 2073 alii,
1407 2023 1515 2062 non
1543 2014 1662 2061 erat
1701 2005 1776 2057 ir-

204 2106 545 2160 rationabilis
567 2106 631 2157 ad
656 2104 948 2169 modicum,
970 2112 1023 2157 et
1046 2103 1229 2158 statim
1256 2101 1503 2173 agnoscit
1526 2108 1776 2153 matrem.

203 2197 469 2268 Agnoscit
496 2206 673 2251 autem
710 2206 763 2250 et
797 2196 879 2251 sui
913 2195 1128 2265 generis
1162 2213 1175 2248 :
1213 2209 1323 2249 non
1355 2194 1569 2263 ignorat
1613 2190 1789 2243 etiam:

204 2294 266 2342 et
290 2302 409 2357 qum
438 2287 538 2341 sibi
572 2286 796 2341 adversa
830 2295 976 2339 sunt.
1032 2284 1379 2354 Accipiamus
1424 2281 1570 2335 enim
1604 2279 1781 2347 gratia

204 2377 629 2447 comparationis
656 2391 820 2429 unum
846 2388 913 2429 et
947 2374 1052 2441 his,
1081 2384 1135 2427 et
1164 2374 1467 2428 videamus.
1503 2368 1659 2425 Cervi
1686 2382 1781 2422 ca-

208 2472 431 2542 preolus
465 2471 647 2525 statim
677 2479 734 2524 ut
766 2478 922 2523 natus
952 2468 1117 2523 fuerit
1142 2466 1315 2521 currit
1341 2464 1407 2519 ad
1442 2474 1694 2526 matrem,
1726 2468 1783 2514 et

208 2563 406 2631 quaerit
431 2576 535 2615 non
586 2562 724 2615 unde
747 2559 1093 2630 processerit,
1150 2558 1247 2613 sed
1304 2557 1446 2611 unde
1499 2562 1777 2623 pascatur.

206 2651 306 2705 Illa
337 2661 511 2705 autem
554 2666 671 2718 qum
702 2663 858 2705 antea
884 2664 991 2703 non
1030 2644 1583 2710 dederatmamillam,
1614 2656 1779 2712 agno-

211 2745 323 2801 scit
349 2744 463 2812 ejus
486 2744 577 2812 qui
618 2753 778 2798 natus
808 2753 889 2798 est
916 2742 1290 2805 alacritatem,
1341 2748 1396 2793 et
1450 2744 1601 2806 aptat
1651 2741 1807 2788 nato

211 2848 522 2890 mensuram
545 2833 741 2888 volenti
766 2834 1080 2904 contingere
1103 2840 1161 2885 ut
1188 2830 1481 2900 pertingat,
1508 2828 1668 2881 matri
1688 2841 1785 2880 au-

212 2937 324 2982 tem
355 2942 473 2996 qua:
502 2925 703 2995 prabet
734 2934 790 2978 ut
817 2924 1077 2993 suscipiat
1105 2933 1160 2976 et
1193 2931 1401 2993 pascat.
1452 2920 1566 2975 Cur.
1602 2929 1786 2973 autem

210 3030 325 3072 non
353 3016 483 3070 abiit
516 3015 583 3069 ad
621 3015 782 3068 aliam
812 3014 1079 3069 similem?
1105 3012 1216 3068 Cur
1249 3012 1420 3082 ipsius
1444 3022 1654 3066 natura:
1677 3010 1783 3063 alia

213 3122 325 3161 non
362 3105 630 3175 suscepit?
660 3105 768 3160 Cur
798 3121 903 3161 non
934 3107 1002 3161 ad
1028 3122 1089 3162 os
1123 3105 1296 3176 patris
1354 3102 1597 3173 perrexit
1623 3103 1646 3156 ?
1685 3116 1784 3156 cur

214 3212 326 3252 non
354 3196 575 3253 offendit
628 3199 696 3253 ad
742 3198 910 3262 latus,
958 3199 1050 3253 sed
1090 3195 1380 3250 mamillam
1412 3192 1645 3263 quaerit?
1680 3177 1856 3261 quoC

212 3289 518 3345 edocente?
538 3303 645 3360 quo
675 3289 1039 3360 suggerente?
1073 3287 1223 3344 Unde
1252 3294 1433 3342 autem
1465 3295 1519 3340 et
1544 3284 1788 3355 agnoscit

213 3379 349 3451 quid
386 3380 584 3435 habeat
618 3381 899 3435 mamilla?
958 3380 1098 3435 unde
1144 3379 1300 3434 novit
1358 3377 1488 3448 quid
1525 3383 1784 3447 operetur

214 3474 345 3532 fons
370 3474 723 3529 mamillarum
748 3474 771 3527 ἲ
798 3473 921 3544 quis
958 3473 1007 3528 ei
1036 3473 1191 3537 dixit,
1216 3470 1344 3540 quia
1368 3470 1550 3524 fontes
1577 3465 1790 3521 mamil-

218 3567 478 3623 laesum?
504 3566 639 3621 Nam
694 3576 750 3620 et
795 3581 915 3620 cum
966 3564 1229 3619 ceciderit
1280 3562 1333 3616 in
1375 3570 1541 3624 terra,
1600 3558 1787 3612 statim

223 3669 357 3724 stat,
382 3672 438 3714 et
465 3674 637 3729 neque
665 3672 866 3713 cornua
890 3655 1232 3727 pertimescit
1258 3666 1547 3708 cervorum
1580 3650 1711 3704 talia
1736 3660 1791 3703 et

219 3752 300 3807 ita
329 3751 608 3816 terribilia,
637 3762 811 3819 neque
838 3747 1122 3819 perturbat
1170 3759 1292 3800 eum
1322 3742 1629 3799 immutatio
1663 3756 1787 3810 gre-

220 3845 327 3917 gis.
356 3843 412 3899 Si
436 3854 614 3898 autem
647 3841 956 3912 apparuerit
977 3838 1189 3895 catulus
1216 3836 1394 3900 canis,
1421 3835 1607 3888 statim
1640 3832 1708 3885 ab
1724 3845 1792 3887 eo

220 3937 316 4006 qui
352 3946 508 3990 natus
532 3944 617 3989 est
640 3934 970 4004 agnoscitur,
998 3930 1123 4000 quia
1155 3930 1507 3998 impugnator
1537 3935 1622 3979 est
1646 3924 1807 3992 ejus..

220 4029 291 4084 Et
320 4030 365 4084 si
392 4027 656 4083 simulans
698 4027 860 4080 homo
911 4024 1151 4078 imitatus
1184 4021 1348 4076 fuerit
1396 4032 1587 4074 vocem
1618 4020 1787 4082 cauis,

220 4123 410 4177 statim
439 4128 495 4175 et
524 4131 812 4189 antequam
851 4118 1073 4182 videat,
1128 4116 1490 4172 imitationem
1522 4112 1791 4174 audiens,

219 4228 411 4267 vocem
435 4211 589 4281 fugit.
625 4211 756 4277 Quis
780 4223 907 4279 ergo
952 4209 1006 4263 in
1043 4205 1506 4262 irrationabilibus
1537 4200 1795 4271 sapiens?

218 4315 280 4361 et
301 4314 449 4360 certe
481 4319 579 4359 nos
608 4303 698 4371 qui
749 4302 996 4356 videmur
1041 4309 1098 4355 et
1129 4313 1319 4354 sumus
1379 4294 1738 4350 rationabiles
1776 4331 1794 4358 ,

219 4399 405 4454 statim
438 4399 551 4452 nati
578 4396 711 4452 nihil
740 4396 933 4452 borum
960 4394 1245 4453 habemus,
1276 4390 1420 4459 quod
1442 4395 1525 4442 est
1550 4385 1794 4441 admira-

1884 1919 2016 1985 Qnia
2038 1927 2216 1971 autem
2250 1918 2502 1987 ignorant
2530 1918 2767 1986 quidem,
2798 1916 3038 1971 eflicitur
3067 1932 3233 1984 vero;
3265 1929 3444 1972 tamen

1885 2010 2007 2078 quia
2040 2008 2174 2062 ﬁunt
2198 2023 2447 2077 corpora,
2475 2016 2531 2061 et
2576 2007 2876 2078 ﬁgurantur
2927 2009 2984 2062 in
3016 2009 3359 2073 matricibus,
3393 2021 3449 2063 et

1885 2110 2136 2157 crescunt
2159 2111 2281 2171 post
2308 2102 2596 2165 matrices;
2650 2110 2957 2172 qumrentes
2988 2102 3294 2158 invenimus
3320 2106 3451 2173 quia

1886 2192 2173 2263 praesentia
2201 2191 2501 2262 corporalis
2526 2192 2721 2246 anima:
2764 2207 2827 2247 ex
2879 2194 3197 2248 matricibus
3228 2204 3451 2261 exeunt,

1885 2294 1939 2337 Cl.
1968 2291 2085 2351 ροει
2114 2297 2392 2352 egressum
2423 2293 2736 2353 pascuntur,
2774 2293 2830 2339 ει
2864 2294 3118 2339 crescunt
3139 2294 3195 2339 et
3222 2299 3447 2340 moveno

1890 2385 1995 2429 tur.
2024 2375 2080 2429 Si
2109 2384 2286 2429 autem
2317 2375 2437 2444 quis
2463 2374 2691 2439 dubitet,
2723 2375 3032 2431 consideret
3064 2390 3262 2445 corpus
3306 2377 3457 2432 mth

1888 2467 2116 2522 recessit
2150 2467 2351 2533 anima,
2379 2475 2434 2520 et
2456 2466 2594 2521 sciet
2629 2465 2781 2534 cujus
2823 2468 3103 2537 praesentia
3130 2477 3261 2522 sunt
3281 2482 3450 2537 opera

1888 2558 2006 2613 ista.
2032 2558 2173 2629 Ergo
2200 2568 2254 2613 et
2287 2558 2605 2628 corporibus
2639 2570 2700 2612 ut
2731 2559 2840 2614 sint
2865 2568 2920 2615 et
2952 2569 3225 2623 crescant,
3254 2569 3310 2616 et
3336 2576 3457 2613 mae

1887 2659 2055 2705 neant
2081 2660 2256 2709 etnon
2282 2649 2671 2717 dissolvantur,
2695 2652 2975 2721 praesentia
3001 2654 3194 2709 animae
3225 2654 3449 2722 praebet,

1889 2743 2203 2812 impertiens
2231 2758 2353 2813 qua:
2379 2757 2487 2797 non
2515 2742 2681 2798 habet
2732 2758 2950 2814 corpus.
2980 2744 3113 2801 Cum
3166 2745 3311 2798 enim
3342 2760 3455 2798 nou

1889 2843 2141 2903 pascatur
2167 2836 2377 2904 pascit;
2414 2850 2536 2888 cum
2568 2849 2674 2888 non
2718 2844 2947 2901 crescat,
2998 2835 3214 2904 corpori
3251 2834 3452 2905 praebet

1890 2933 1950 2977 ut
1972 2932 2219 2979 crescat:
2256 2938 2381 3001 cum
2400 2926 2634 2979 colorem
2668 2939 2777 2980 non
2833 2925 3049 2991 habeat,
3076 2925 3281 2994 praebet
3304 2925 3458 2981 coloa

1890 3029 2045 3069 rem:
2074 3029 2195 3070 cum
2229 3030 2334 3071 non
2366 3025 2605 3072 transeat
2634 3030 2664 3071 a
2706 3014 2825 3071 loco
2859 3016 2925 3070 ad
2979 3015 3179 3081 locum,
3212 3030 3279 3070 es
3331 3016 3456 3070 loco

1891 3106 1960 3160 ad
1994 3105 2171 3161 locum
2205 3115 2551 3162 transmutat.
2582 3106 2650 3160 Et
2680 3104 2785 3161 hoc
2829 3107 3002 3177 ipsum
3047 3107 3189 3175 quod
3239 3107 3485 3161 videtur

1888 3213 2008 3253 esse
2030 3214 2248 3268 corpus,
2272 3214 2368 3270 per
2407 3201 2643 3254 animam
2678 3207 2762 3254 est
2801 3197 2943 3268 quod
2993 3205 3095 3253 est.
3147 3197 3462 3253 Recedente

1890 3297 2068 3344 autem
2099 3291 2299 3357 anima,
2335 3292 2519 3345 statim
2543 3289 2885 3345 convincitur
2906 3304 3124 3359 corpus.
3151 3290 3332 3344 statim
3349 3291 3471 3367 αἱς-Ι

1889 3381 2140 3446 solvitur,
2162 3382 2344 3437 statim
2381 3381 2587 3447 deﬂuit,
2611 3380 2902 3451 spargitur,
2923 3382 3278 3450 obputrescit,
3306 3396 3463 3436 emo-v

1892 3473 2049 3535 ritur,
2088 3471 2435 3542 infrigdatur,
2465 3473 2716 3527 immutat
2747 3472 3003 3527 colorem.
3047 3472 3163 3527 Non
3189 3473 3307 3542 ejus
3326 3464 3472 3528 acu-9

1892 3564 2175 3629 lus-videt,
2204 3573 2263 3619 et
2282 3578 2390 3618 non
2431 3575 2681 3619 movetur
2711 3579 2924 3628 manus,
2975 3578 3081 3617 non
3137 3580 3254 3634 pes,
3305 3558 3471 3619 auris'

1892 3670 1998 3709 non
2025 3654 2192 3716 audit,
2219 3653 2397 3723 lingua
2427 3667 2533 3707 non
2559 3662 2737 3722 gustat
2769 3668 2785 3707 :
2813 3663 2869 3708 et
2893 3652 2941 3705 si
2963 3651 3254 3708 immiseris
3274 3667 3462 3708 escam

1892 3747 2001 3801 vim
2032 3744 2261 3813 faciens,
2295 3760 2402 3799 non
2458 3744 2713 3804 efﬁciunt
2748 3754 3092 3814 operamenta
3148 3760 3267 3815 qua:
3314 3744 3466 3799 intus

1893 3850 2019 3896 sunt
2050 3857 2065 3895 :
2094 3840 2381 3893 recedente
2403 3839 2545 3893 enim
2573 3836 2784 3892 artiﬁce
2809 3844 2974 3891 stant.
2995 3835 3062 3890 Et
3087 3835 3265 3905 capilli
3293 3837 3464 3890 etiam

1895 3945 2001 3985 non
2033 3930 2399 3994 adducuntur,
2433 3938 2487 3982 et
2530 3928 2858 3993 moriuntur,
2890 3935 2945 3983 et
2976 3939 3185 3997 ungues
3208 3926 3322 3995 jam
3350 3944 3465 3982 nou

1895 4032 2225 4086 crescentes,
2262 4029 2316 4075 et
2344 4019 2525 4075 omnia
2571 4021 2744 4074 otiosa
2778 4028 2944 4074 sunt:
3006 4019 3148 4073 sicut
3191 4018 3329 4073 fabri
3370 4029 3465 4073 aut

1896 4115 2127 4171 alterius
2151 4113 2402 4176 artiﬁcis,
2427 4114 2473 4168 si
2512 4108 2802 4167 recesserit
2841 4110 3060 4175 artifex,
3107 4122 3464 4181 operamenta

1892 4209 2073 4278 jacent
2102 4206 2342 4276 quidem,
2376 4206 2623 4274 indigent
2665 4212 2849 4258 autem
2880 4203 3167 4258 habentem
3205 4203 3465 4256 animam.

1898 4294 2094 4350 Statim
2127 4294 2273 4347 enim
2312 4300 2396 4347 est
2443 4293 2627 4347 videre
2673 4290 2819 4345 {teda
2859 4304 3087 4358 corpora
3120 4290 3469 4345 morientium

1899 4384 2213 4440 animalium
2247 4383 2488 4453 putrida,
2519 4397 2697 4452 neque
2743 4390 2801 4437 ut
2856 4384 3242 4450 contingantur
3287 4388 3414 4450 apta
3447 4396 3465 4434 :

220 4493 376 4545 tione
403 4490 621 4559 dignum
650 4506 666 4542 :
698 4503 796 4543 cur
819 4486 995 4540 infans
1020 4494 1246 4539 matrem
1279 4482 1540 4551 ignorat,
1594 4487 1649 4532 et
1692 4492 1793 4547 pa-
1823 4509 1869 4565 D
1900 4488 1997 4530 nec
2024 4474 2168 4529 enim
2197 4482 2252 4527 et
2283 4473 2351 4527 ad
2383 4487 2562 4527 escam
2595 4480 2722 4525 sunt
2741 4471 3103 4526 conducibilia
3138 4486 3153 4523 :
3184 4470 3255 4523 ita
3286 4469 3469 4522 anima

222 4591 365 4636 trem
397 4595 501 4634 non
534 4577 810 4649 agnoscit?
845 4574 1029 4645 Neque
1060 4589 1089 4628 a
1120 4587 1183 4628 se
1220 4572 1397 4642 pergit
1440 4569 1553 4640 ('56)
1589 4568 1655 4622 ad
1679 4583 1795 4621 ma-

221 4672 452 4736 millam,
477 4686 650 4739 neque
677 4668 880 4738 aliquid
909 4663 1217 4722 istiusmodi
1246 4661 1404 4717 facit.
1449 4660 1588 4727 Quia
1643 4659 1789 4714 enim

220 4775 309 4821 est
338 4778 529 4818 sensus
560 4764 612 4817 in
640 4771 836 4825 matre,
869 4769 925 4814 et
958 4757 1123 4812 tutela
1159 4756 1210 4809 in
1253 4763 1408 4824 patre
1430 4792 1447 4819 ,
1486 4761 1541 4806 et
1589 4764 1680 4804 ars
1736 4749 1792 4803 in

220 4856 517 4912 obstetrice
543 4869 559 4907 :
584 4864 641 4907 ut
666 4859 921 4922 appareat
941 4848 1289 4919 providentia:
1319 4842 1673 4915 dispensatio,
1701 4839 1791 4894 ubi

221 4947 331 5001 ista
358 4945 571 5007 desunt,
597 4951 791 4996 natura
816 4940 1051 5009 complet
1082 4956 1096 4992 :
1129 4938 1219 4992 ubi
1247 4946 1435 4990 autem
1467 4934 1568 4987 ista
1612 4931 1791 4985 abun-

223 5043 383 5102 dant,
410 5046 600 5091 natura
630 5035 792 5089 cedit.
820 5032 935 5087 Non
968 5032 1110 5084 enim
1138 5030 1319 5084 statim
1358 5028 1531 5097 surgit
1561 5024 1742 5079 infans
1778 5041 1801 5077 τι

224 5132 392 5186 habet
434 5131 583 5185 enim?
612 5142 802 5182 manus
832 5141 952 5195 quae
995 5130 1258 5194 portant:
1321 5118 1662 5175 necessarios
1701 5131 1795 5170 ca-

222 5222 387 5294 pillos
415 5237 525 5276 non
544 5220 730 5274 habuit
755 5235 768 5269 :
800 5217 894 5286 pili
917 5216 1060 5271 enim
1096 5215 1274 5269 ovium
1303 5210 1614 5266 necessaria
1641 5223 1795 5263 com-

224 5314 396 5384 plent.
435 5311 691 5377 Quaerito
717 5320 895 5363 autem
926 5315 982 5361 et
1014 5307 1185 5375 ipsam
1240 5305 1573 5375 positionem
1626 5300 1803 5354 fontis

227 5420 475 5461 escarum
505 5401 683 5473 qualis
714 5400 854 5469 apud
885 5412 1006 5465 nos,
1045 5406 1100 5453 et
1137 5396 1315 5467 qualis
1343 5395 1481 5465 apud
1507 5392 1801 5447 irrationa-

228 5496 367 5552 biles
392 5498 671 5550 habeatur.
699 5492 834 5559 Quia
864 5492 1008 5545 enim
1032 5499 1250 5545 erectus
1275 5500 1462 5544 noster
1490 5496 1576 5541 est
1598 5494 1800 5548 status,

229 5589 356 5661 quia
380 5589 431 5642 in
462 5587 606 5641 inani
650 5601 711 5641 os
761 5594 1069 5654 portamus,
1103 5581 1352 5652 superius
1412 5577 1692 5635 constituit
1743 5584 1798 5631 et

303 5770 415 5844 (35)
448 5769 640 5843 Ipsius.
666 5768 863 5839 Αὐτοῦ,
893 5768 1151 5839 eiusdem.

1902 4566 2189 4621 recedente
2220 4580 2325 4620 non
2365 4565 2476 4619 sint
2519 4564 2669 4617 utilia
2706 4563 2772 4618 ad
2822 4576 2884 4617 ea
2916 4577 3036 4632 quae
3090 4575 3205 4616 sua:
3261 4569 3472 4615 natura:

1900 4667 2045 4713 sunt.
2073 4656 2256 4710 Mirari
2285 4656 2429 4710 enim
2453 4655 2732 4720 estetilla,
2751 4669 2976 4725 quorum
3004 4654 3180 4708 anima
3212 4649 3473 4722 languore

1902 4758 1995 4803 aut
2025 4746 2385 4802 dissolutione
2410 4745 2715 4799 istiusmodi
2747 4746 2974 4801 recedit.
3004 4744 3061 4799 Si
3087 4751 3266 4797 autem
3302 4751 3357 4796 et
3387 4758 3474 4797 re-

1900 4840 2096 4896 cedere
2120 4844 2335 4906 oportet
2362 4834 2468 4889 dici
2495 4837 2731 4889 animam
2762 4834 3241 4897 irrationabilium,
3274 4833 3471 4887 horum

1902 4927 2246 4985 mortiﬁcatio
2278 4926 2560 4980 immutata
2587 4934 2672 4981 est
2696 4941 2727 4980 a
2759 4934 2905 4980 statu
2942 4925 3159 4979 illorum
3184 4938 3303 4993 qua:
3326 4912 3485 4977 oeci?

1902 5019 2121 5072 duntur.
2146 5016 2275 5083 Quae
2291 5013 2619 5069 occiduntur
2644 5015 2788 5070 enim
2818 5013 2924 5068 alia
2977 5021 3104 5068 sunt
3131 5021 3187 5066 et
3240 5010 3425 5066 calore
3454 5028 3485 5075 ,'

1897 5113 2002 5168 alia
2028 5126 2241 5183 sapore,
2274 5114 2376 5167 alia
2416 5119 2471 5167 et
2503 5110 2693 5174 odore,
2724 5108 2829 5162 alia
2879 5104 3325 5161 manducatione.
3376 5102 3470 5157 illa

1901 5216 2080 5261 autem
2105 5221 2223 5275 quae
2249 5205 2551 5261 moriuntur
2578 5211 2634 5256 et
2659 5217 2765 5257 non
2801 5200 3143 5265 occiduntur,
3184 5208 3239 5252 et
3270 5197 3324 5249 in
3355 5196 3475 5265 ipsa

1904 5309 2079 5353 morte
2102 5298 2305 5352 habent
2335 5296 2774 5352 immutationem
2821 5294 2927 5349 sui.
2983 5292 3037 5346 ln
3076 5300 3285 5346 tantum
3330 5288 3476 5343 enim

1905 5390 2311 5445 demonstratur
2345 5398 2605 5456 quantum
2666 5395 2844 5455 potest
2897 5385 3181 5454 praesentia
3231 5381 3427 5435 animae
3457 5422 3474 5447 ,

1906 5482 2031 5551 quia
2064 5490 2113 5535 et
2145 5495 2246 5533 vox
2303 5480 2482 5553 subito
2536 5477 2760 5540 recedit,
2794 5485 2849 5531 et
2895 5487 3157 5546 tanquam
3191 5472 3479 5543 vestigium

1909 5588 2027 5644 qua:
2053 5573 2105 5626 in
2142 5573 2331 5626 iisdem
2360 5581 2442 5625 est
2464 5569 2587 5624 vitae
2618 5567 2894 5640 relinquit.
2924 5566 3063 5635 Quid
3116 5575 3298 5621 autem
3326 5564 3482 5624 dicas

1980 5754 2089 5832 (56)
2121 5755 2165 5809 Α
2192 5770 2264 5811 se.
2299 5750 2561 5809 Δύτόθιν.
