3822 6218
374 409 514 468 1135

1042 400 1307 459 EUSEBII
1343 393 1821 455 CESARIENSIS
1860 393 2017 449 OPP.
2062 391 2240 445 PARS
2278 388 2370 443 IV.
2411 418 2479 427 -—
2512 380 2936 442 DOGMATICA.

3473 369 3617 428 1158

372 529 440 586 de
462 533 647 584 nostra
677 522 897 579 animal
927 520 1021 577 sed
1048 534 1154 574 non
1188 525 1273 574 est
1302 514 1528 571 rationis
1563 513 1636 569 ita
1664 526 1764 567 nos
1791 510 1935 579 inju-
1966 515 2013 571 Α
2041 508 2241 562 decens
2260 505 2453 560 honor.
2489 502 2549 557 Ei
2580 511 2757 556 autem
2786 497 2878 567 qui
2905 493 3121 586 creavit-
3137 504 3370 586 corpora
3409 497 3468 544 et
3494 490 3619 586 ani-

371 619 509 676 riam
542 615 723 671 facere
743 613 994 685 pretiosae
1013 612 1227 665 animze.
1263 607 1319 663 Si
1348 607 1491 662 enim
1522 602 1852 660 voluerimus
1882 601 1935 656 in

372 711 478 767 isto
500 707 648 764 brevi
682 706 857 775 spatio
888 704 1035 759 horae
1058 717 1279 758 movere
1310 701 1377 756 de
1424 713 1487 754 ea
1521 710 1852 758 sermonem,
1884 699 1940 749 et
1974 752 1979 759 _

374 798 688 857 transitorie
732 796 849 865 ejus
906 794 1223 849 memoriam
1271 792 1478 856 facere,
1523 787 1728 843 inimici
1768 782 1940 854 magis

375 890 679 947 videbimur
704 894 904 942 nostra
932 884 1127 939 anima:
1156 898 1321 953 quam
1354 879 1536 936 amici.
1565 878 1673 933 Sed
1720 876 1792 931 sit
1823 890 1936 931 ser-

374 981 519 1035 moui
567 980 783 1049 quidem
840 990 1117 1039 mensura,
1181 973 1375 1027 anima-
1405 981 1584 1025 autem
1624 966 1935 1022 rationabili

2008 666 2013 671 η
2044 613 2183 661 mas,
2213 605 2268 650 et
2322 592 2673 649 rationabiles
2704 600 2760 644 et
2785 582 3211 646 irrationabiles,
3258 583 3327 636 ab
3358 580 3617 635 omnibus

2043 688 2224 754 simul,
2256 695 2310 740 et
2342 686 2431 755 qui
2456 699 2559 739 non
2585 683 2898 761 loquuntur,
2951 691 3048 748 per
3098 689 3289 742 unum,
3322 686 3419 741 per
3448 684 3618 741 quem

2042 791 2097 835 et
2122 780 2303 834 omnia
2331 776 2636 838 constituit,
2665 774 2735 828 sit
2778 770 2971 842 gloria,
3026 768 3222 830 honor,
3281 762 3572 832 imperium
3600 797 3621 825 ,

2046 872 2318 939 majestas,
2352 884 2473 923 cum
2507 866 2711 936 Spiritu
2742 871 2951 926 sancto,
2977 867 3198 914 et'nunc
3216 863 3271 911 et
3293 867 3530 923 semper,
3561 864 3622 905 et

2046 978 2141 1033 per
2165 963 2340 1014 omnia
2375 957 2565 1013 saecula
2605 955 2944 1011 saeculorum.
2975 951 3145 1003 Amen

374 1094 3616 1156 _____________________________________._______._

1326 1292 1885 1420 EUSEBII
1975 1284 2657 1403 PAMPHILI

1192 1539 1337 1628 DE
1434 1525 2259 1625 INCORPORALI
2362 1516 2742 1608 ANIMA
2784 1578 2815 1615 ς

1652 1723 1885 1783 LIBER
1913 1716 2347 1817 SECUNDUS.

1984 1890 2052 1903 ﬂ

452 2037 728 2111 Reliquiae,
752 2048 872 2107 qua
908 2034 976 2090 de
1024 2028 1345 2099 incorporali
1374 2025 1669 2083 refectione
1697 2024 1952 2077 hesterno
1986 2029 2024 2081 Β
2055 2021 2332 2086 agnoscat.
2375 2011 2738 2079 Incongruum
2800 2016 2886 2063 est
2925 2005 3111 2109 enim,
3145 2012 3204 2058 ut
3235 2002 3305 2058 de
3334 2002 3628 2111 aliiquuio

381 2131 538 2187 nobis
567 2127 880 2184 resederant
911 2124 1017 2191 die,
1045 2122 1205 2177 hodie
1253 2118 1547 2174 secundum
1600 2126 1945 2181 consequen-

384 2224 514 2276 tiam
542 2217 809 2276 sermonis
866 2216 962 2269 iter
990 2213 1325 2282 perfruamur
1365 2206 1503 2279 (57).
1540 2206 1771 2260 Solitum
1803 2203 1946 2257 enim

383 2321 439 2367 et
467 2311 553 2366 his
580 2318 685 2375 est,
712 2307 803 2377 qui
835 2319 1061 2376 corpora
1086 2311 1315 2373 pascunt
1344 2316 1465 2362 sua,
1499 2313 1619 2353 cum
1653 2310 1758 2349 non
1782 2291 1949 2347 suffe-

383 2398 557 2469 cerint
584 2397 651 2452 ad
679 2395 999 2450 sumendum
1030 2391 1276 2463 plurimis
1299 2388 1367 2444 ad
1398 2387 1744 2443 refectionem
1777 2397 1948 2453 appo-

382 2493 547 2549 sitis:
584 2488 1023 2558 manducantque
1051 2486 1193 2542 diem
1228 2492 1489 2554 quantum
1532 2485 1760 2549 possunt
1804 2475 1945 2547 (38),

383 2580 685 2639 recondunt
728 2586 911 2633 autem
964 2576 1069 2633 sibi
1104 2574 1375 2645 superﬂua
1430 2572 1486 2627 in
1532 2570 1761 2626 alterum
1806 2567 1942 2622 rete.

382 2673 581 2730 ctionis
601 2671 765 2727 diem.
790 2668 953 2725 Forte
981 2678 1159 2722 autem
1188 2682 1292 2720 non
1322 2664 1511 2720 eadem
1548 2662 1731 2730 imago
1750 2673 1949 2714 conve-

384 2765 469 2820 nit
515 2762 694 2819 nobis.
736 2760 852 2816 Non
876 2760 1019 2815 enim
1070 2774 1133 2813 ea
1169 2772 1290 2827 quae
1318 2754 1634 2811 resederant
1678 2750 1951 2821 proposita

385 2870 529 2912 nunc
560 2862 705 2920 sunt,
740 2853 833 2909 sed
874 2852 983 2907 sint
1010 2864 1073 2905 ea
1126 2850 1341 2917 quidem
1388 2861 1507 2915 qua:
1554 2852 1948 2913 praecesserunt

386 2962 493 3001 non
522 2944 779 3010 esca,sed
807 2954 1027 3014 gustus:
1044 2955 1190 3018 nunc
1205 2949 1405 3004 autem,
1430 2946 1486 2991 ut
1508 2936 1579 2989 ita
1604 2936 1798 2997 dicam,
1831 2934 1945 3001 ipsa

388 3037 638 3092 refectio.
674 3034 850 3091 Motus
907 3033 1061 3106 enim
1106 3030 1262 3085 nobis
1294 3040 1376 3084 est
1429 3041 1609 3082 sermo
1661 3024 1728 3080 de
1774 3034 1956 3079 monte

392 3128 546 3191 Sina,
589 3127 642 3181 in
676 3140 786 3195 quo
819 3124 1104 3179 dicebatur
1131 3122 1310 3175 fumus
1364 3118 1533 3173 luisse
1592 3124 1647 3171 et
1702 3115 1842 3184 ignis
1899 3122 1953 3168 et

391 3216 626 3288 procella
665 3224 720 3269 et
774 3216 915 3270 tuba
961 3225 1017 3268 et
1044 3225 1203 3266 voces
1246 3225 1276 3264 a
1330 3209 1438 3264 Deo
1467 3208 1511 3239 “
1548 3224 1564 3263 :
1613 3220 1733 3276 qua:
1775 3206 1951 3261 omnia

391 3306 565 3378 magis
587 3304 913 3376 quaestiones
935 3301 1243 3358 movebant.
1268 3298 1530 3355 Videntur
1552 3298 1700 3354 enim
1728 3297 1828 3351 ista
1849 3312 1953 3351 non

2050 2109 2167 2161 dem
2192 2104 2458 2161 curiosius
2485 2101 2744 2171 requirat,
2777 2098 3123 2166 semetipsatn
3157 2105 3339 2149 autem
3363 2092 3631 2163 negligat.

2050 2199 2132 2254 cui
2160 2196 2437 2267 proprium
2473 2208 2672 2263 corpus
2706 2203 2809 2247 est.
2847 2190 2983 2257 Quia
3033 2191 3176 2245 enim
3206 2189 3382 2258 posita
3423 2196 3509 2242 est
3534 2203 3632 2242 ve-

2050 2290 2128 2343 lut
2154 2289 2205 2343 in
2236 2286 2430 2341 mediis
2454 2284 2732 2355 gradibus,
2759 2281 2882 2335 aliis
2933 2279 3150 2350 quidem
3182 2276 3524 2347 praecellens,
3560 2282 3632 2329 ab

2049 2380 2172 2436 aliis
2200 2388 2381 2434 autem
2417 2376 2699 2439 deficiens,
2738 2373 2879 2440 forte
2915 2386 3221 2443 agnoscens
3253 2371 3634 2440 semetipsam,

2053 2471 2317 2541 despiciet
2337 2468 2555 2539 quidem
2588 2467 2819 2528 minora,
2860 2464 3218 2533 protendetur
3255 2471 3438 2516 autem
3468 2461 3541 2514 ad
3563 2474 3633 2515 ea

2050 2580 2169 2635 qua:
2200 2578 2360 2633 supra
2396 2576 2454 2617 se
2489 2569 2637 2615 sunt.
2668 2559 3015 2626 Accipiamus
3041 2556 3206 2626 igitur
3237 2555 3407 2624 ipsius
3433 2554 3638 2609 anime

2053 2656 2397 2725 dignitatem,
2431 2663 2486 2707 et
2517 2650 2819 2706 efficientes
2839 2646 2976 2717 ejus,
3012 2663 3079 2702 ex
3104 2648 3299 2718 quibus
3331 2646 3539 2717 cogitat
3578 2654 3639 2703 et

2053 2753 2239 2819 agitat,
2268 2756 2525 2815 operatur
2575 2752 2631 2797 et
2674 2742 2842 2797 donat
2890 2740 3127 2809 corpori.
3166 2749 3222 2795 et
3246 2755 3313 2794 ex
3338 2740 3545 2809 quibus
3582 2740 3635 2793 ei

2052 2845 2373 2896 adversatur
2395 2838 2707 2901 utilissime,
2731 2845 2787 2892 et
2814 2852 2882 2890 ex
2906 2837 3102 2905 quibus
3135 2836 3201 2889 de
3259 2837 3367 2889 Deo
3422 2836 3636 2904 cogitat

2054 2944 2108 2990 et
2140 2933 2297 3002 sapit.
2348 2932 2690 3001 Accipiamus
2746 2939 2928 2983 autem
2976 2937 3033 2982 et
3086 2927 3397 2982 testimonia
3432 2941 3497 2978 es
3546 2926 3636 2978 his

2055 3042 2174 3096 quae
2206 3026 2479 3090 videntur,
2500 3032 2557 3078 et
2585 3039 2616 3076 a
2641 3021 2965 3091 Scripturis.
2997 3018 3064 3073 Et
3099 3020 3297 3089 primo,
3330 3018 3456 3085 quia
3506 3018 3634 3085 qui-

2056 3119 2177 3173 dam
2196 3126 2383 3188 putant
2404 3115 2638 3169 animam
2659 3121 2898 3168 nostram
2921 3127 3028 3166 non
3049 3112 3222 3166 solum
3245 3125 3367 3165 cum
3399 3124 3639 3179 corpore

2057 3223 2199 3277 esse,
2228 3208 2322 3263 sed
2347 3216 2441 3261 aut
2463 3205 2820 3276 corporalem,
2848 3213 2942 3258 aut
2966 3218 3161 3273 corpus
3189 3221 3204 3257 :
3235 3202 3419 3256 multis
3440 3212 3631 3256 autem

2059 3300 2279 3369 sanguis
2310 3308 2533 3368 putatur
2565 3306 2621 3353 et
2646 3306 2829 3351 nostra
2856 3296 3039 3350 anima
3064 3309 3219 3360 esse;
3270 3295 3507 3349 dicimus
3563 3293 3634 3348 de

392 3365 706 3454 con'senfire
744 3392 1072 3463 incorporali
1123 3400 1351 3447 natura}.
1400 3388 1539 3457 Quia
1574 3388 1738 3459 igitur
1767 3386 1951 3443 dome-
1984 3365 2024 3423 (ἶ
2062 3392 2144 3447 his
2163 3365 2445 3461 primum;
2484 3399 2538 3443 et
2566 3388 2693 3457 quia
2731 3402 2796 3442 ex
2852 3388 3135 3457 Scriptura
3187 3386 3637 3440 circumveniunt

400 3488 540 3545 stica
570 3486 809 3543 efﬁcitur
867 3482 1201 3547 satisfactio,
1242 3496 1367 3538 cum
1406 3496 1436 3536 a
1468 3478 1850 3536 communibus
1904 3487 1959 3530 et

391 3579 591 3650 apertis
618 3577 781 3632 fuerit
808 3585 973 3640 mota,
1007 3575 1129 3629 ideo
1157 3574 1211 3627 in
1238 3587 1523 3628 commune
1557 3572 1624 3627 de
1648 3571 1960 3638 incorpora-

392 3669 532 3727 libus
560 3669 825 3723 movimus
855 3666 1229 3736 quaestionem.
1284 3663 1629 3731 Accipientes
1658 3661 1801 3715 enim
1832 3674 1957 3714 cor-

393 3776 586 3836 porum
643 3770 867 3815 naturas
916 3759 1305 3821 discrevimus,
1338 3764 1395 3809 et
1437 3755 1774 3810 ostendimus
1830 3754 1958 3821 quia

394 3869 497 3908 non
528 3863 589 3906 ut
615 3860 838 3921 putatur
866 3851 1137 3905 crassiora
1171 3847 1397 3903 fortiora
1422 3856 1570 3912 sunt,
1624 3846 1719 3901 sed
1764 3860 1957 3900 secun-

394 3946 519 3999 dum
550 3941 969 4011 competentiam
1004 3938 1429 4009 uniuscujusque
1470 3936 1737 4006 corporis.
1793 3949 1957 4003 quan-

396 4042 507 4085 tum
535 4032 954 4099 unumquodque
973 4028 1224 4083 subtilius
1262 4037 1367 4093 est,
1409 4035 1617 4080 tantum
1653 4032 1708 4079 et
1743 4023 1954 4078 fortius.

393 4122 559 4176 Istinc
591 4128 972 4191 promoventes
999 4118 1242 4174 venimus
1284 4117 1352 4172 ad
1383 4128 1652 4182 naturam,
1690 4130 1719 4168 a
1762 4123 1953 4169 natura

394 4214 464 4269 ad
494 4211 943 4268 irrationabilium
1004 4212 1262 4265 animam.
1311 4210 1367 4263 In
1404 4223 1511 4278 quo
1548 4207 1665 4262 loco
1708 4220 1954 4275 compre—

401 4305 586 4361 hendit
613 4319 712 4360 nos
761 4318 1011 4373 vespera,
1061 4313 1117 4358 et
1161 4301 1547 4358 collocavimus
1598 4300 1955 4355 mansionem.

397 4396 532 4463 Quia
567 4410 696 4466 ergo
717 4395 979 4450 successit
1001 4393 1112 4463 jam
1139 4393 1340 4459 lumen,
1382 4400 1737 4461 exsurgentes
1777 4400 1961 4446 tenea-

398 4500 516 4539 mus
542 4482 983 4552 consequentiam
1013 4497 1198 4537 eorum
1225 4496 1345 4552 qua:
1376 4495 1588 4534 rursum
1614 4478 1960 4535 ambulantes

397 4574 766 4629 transivimus.
825 4570 1132 4628 Secundum
1197 4570 1639 4639 consequentiam
1678 4570 1843 4641 igitur
1905 4578 1960 4624 et

397 4666 641 4720 ordinem
673 4663 883 4718 initium
917 4662 989 4717 sit
1010 4663 1267 4728 sermoni,
1294 4676 1417 4731 qua:
1446 4661 1605 4716 hodie
1641 4661 1707 4715 de
1757 4671 1956 4717 nostrae

399 4757 594 4811 animae
618 4756 876 4825 dignitate
901 4755 1162 4810 dicemus.
1189 4754 1342 4808 Sicut
1374 4754 1520 4807 enim
1563 4768 1592 4807 a
1639 4752 1957 4821 corporibus

394 4850 462 4904 ad
486 4859 756 4912 naturam,
787 4862 817 4901 a
860 4855 1050 4900 natura
1084 4858 1263 4902 autem
1294 4848 1361 4899 ad
1402 4845 1824 4900 irrationabilem
1846 4845 1957 4898 aui-

395 4940 610 4995 malium
634 4938 878 4993 venimus
906 4937 1165 5002 animant,
1190 4938 1258 4990 ita
1285 4945 1668 5004 promoventes
1708 4945 1960 4989 ettrans-

394 5032 687 5086 cendentes
707 5071 722 5095 ,
760 5030 828 5083 ab
849 5028 1296 5084 irrationabilium
1328 5029 1510 5080 anima
1542 5026 1607 5079 ad
1641 5025 1948 5081 rationabi-

394 5122 499 5176 lem
538 5120 903 5191 pervenimus,
927 5128 986 5174 ut
1005 5120 1231 5173 exerciti
1260 5118 1311 5171 in
1337 5117 1654 5186 corporibus
1691 5117 1950 5185 primum,

395 5215 467 5268 ita
502 5213 782 5268 veniamus
805 5212 871 5267 ad
894 5211 1283 5280 incorporalem
1317 5212 1570 5264 animam:
1598 5220 1654 5264 et
1684 5210 1753 5263 ab
1776 5207 1956 5261 anima

395 5307 460 5360 ad
493 5305 868 5373 incorporalia.
899 5302 962 5358 Et
990 5305 1062 5358 ita
1092 5318 1197 5357 non
1222 5304 1402 5358 subito
1437 5305 1503 5357 ad
1536 5308 1827 5371 puritatem
1862 5299 1957 5354 Dei

397 5395 735 5459 accedentes,
770 5408 837 5447 ex
866 5392 1160 5461 fulgoribus
1185 5394 1276 5461 qui
1312 5382 1434 5447 inde
1474 5403 1601 5448 sunt
1632 5392 1958 5446 obteuebre-

298 5560 299 5563 η
397 5498 535 5536 mur.
566 5483 725 5537 Decet
746 5483 889 5537 enim
916 5483 1115 5545 taliter,
1149 5493 1205 5535 ut
1226 5484 1403 5536 anima
1428 5484 1580 5551 prius
1606 5484 1951 5553 semetipsum

466 5600 513 5633 “
534 5602 703 5655 Exod.
736 5617 850 5665 XIX,
874 5603 959 5658 I6.
1063 5603 1106 5632 "
1143 5602 1279 5656 Gott.
1308 5617 1347 5667 ι,
1372 5602 1462 5655 Ἡ.
1538 5602 1582 5633 ⁸⁸
1608 5602 1741 5657 Ibid.
1779 5603 1867 5656 20.

442 5713 580 5792 ,(57)
620 5714 732 5791 μοι·
753 5704 1104 5792 perfruamur.
1124 5714 1283 5768 Forte
1313 5718 1408 5768 iter
1432 5731 1529 5770 vox
1562 5714 1661 5769 fuit
1702 5730 1950 5788 Competi-

401 5783 489 5836 dio
528 5783 726 5851 scripta
762 5783 812 5834 in
842 5798 941 5837 ms.
968 5799 1063 5852 pro
1094 5798 1297 5839 uerunt.

2059 3482 2293 3537 animam
2324 3488 2583 3549 tanquam
2610 3478 2832 3549 sanguis
2867 3478 3158 3541 habeatur,
3187 3491 3255 3530 ex
3300 3477 3419 3546 ipsa
3476 3475 3636 3529 Scri-

2061 3587 2216 3645 ptura
2248 3573 2367 3641 ejus
2417 3586 2733 3640 separemus
2791 3569 3131 3639 dignitatem.
3168 3568 3636 3622 lrrationabilium

2060 3665 2203 3719 enim
2231 3663 2544 3719 animalium
2579 3660 2775 3715 anima:
2798 3674 2905 3713 uno
2932 3668 3200 3728 praecepto
3234 3673 3359 3712 cum
3387 3660 3640 3726 corpori—

2060 3758 2159 3812 bus
2184 3758 2285 3825 ligu
2296 3764 2425 3809 ralze
2449 3763 2595 3808 sunt.
2617 3751 2791 3815 Dixit,
2811 3751 3007 3820 inquit,
3032 3750 3467 3819 Deus,producat
3489 3762 3639 3804 terra

2059 3845 2315 3899 animalia
2366 3842 2713 3913 quadripedia
2772 3840 2843 3904 ⁸⁷,
2878 3848 2931 3893 et
2962 3855 3082 3908 qum
3136 3849 3459 3909 sequuntur.
3519 3839 3642 3895 Uno

2059 3951 2310 3991 sermone
2344 3950 2543 4005 genera
2578 3933 2894 3987 animalium
2926 3934 3178 3987 universa
3218 3942 3271 3987 et
3311 3947 3547 3999 corpora
3586 3943 3642 3986 ct

2059 4027 2267 4081 animas
2298 4026 2447 4090 fecit,
2472 4034 2527 4080 et
2556 4041 2661 4080 non
2694 4026 2975 4079 discrevit.
3011 4024 3078 4078 Et
3102 4025 3320 4089 iterum,
3358 4022 3641 4078 Productus

2060 4133 2216 4187 aqua.
2282 4116 2455 4171 Etiam
2505 4117 2550 4171 si
2618 4117 2724 4172 hoc
2773 4116 3015 4186 primum
3085 4117 3319 4185 positum
3378 4127 3465 4171 est
3516 4117 3639 4171 ait:

2063 4208 2329 4262 Producat
2364 4224 2501 4277 aqua
2532 4209 2768 4262 natantia
2810 4225 2927 4278 quia
2950 4209 3005 4262 in
3036 4209 3189 4278 aquis
3216 4218 3364 4272 sunt,
3395 4220 3443 4263 et
3479 4210 3644 4264 sola-

2060 4299 2177 4354 tilia
2200 4300 2315 4354 cali
2353 4316 2469 4370 qua:
2494 4301 2549 4353 in
2581 4318 2700 4355 aere
2753 4301 2819 4357 “.
2853 4301 3215 4371 Propinquior
3247 4300 3395 4355 enim
3439 4315 3643 4370 genere

2061 4404 2201 4459 aqua
2233 4390 2345 4446 aeri
2367 4400 2471 4446 est.
2501 4390 2761 4458 Repletur
2796 4393 2939 4447 enim
2972 4406 3068 4445 aer
3091 4392 3247 4460 aquis
3282 4406 3379 4460 per
3434 4392 3639 4446 nubes.

2059 4481 2245 4539 Colata
2281 4492 2461 4538 autem
2491 4497 2635 4553 aqua
2669 4483 3060 4537 transmittitur
3089 4485 3157 4537 ad
3180 4497 3363 4538 aerem
3382 4492 3441 4537 et
3465 4484 3643 4539 nubes

2060 4574 2504 4639 adunat,etvelut
2520 4574 3084 4643 immutatioquzedam
3099 4583 3183 4629 est
3195 4590 3351 4644 aquae
3365 4576 3434 4628 ad
3450 4591 3641 4631 aerem

2061 4676 2115 4720 et
2145 4668 2339 4721 iterum
2369 4667 2656 4724 restitutio.
2682 4666 2831 4723 Unde
2858 4676 2913 4721 et
2933 4682 3052 4737 qua
3076 4667 3216 4722 facta
3250 4676 3381 4721 sunt
3399 4683 3468 4722 es
3498 4678 3640 4737 aqu

2063 4756 2227 4811 veluti
2256 4773 2320 4811 ex
2366 4756 2626 4812 crassiori
2649 4767 2859 4823 natura,
2905 4760 3149 4829 quaedam
3177 4757 3397 4827 quidem
3424 4772 3643 4812 reman-

2060 4856 2249 4902 serunt
2279 4849 2332 4902 in
2359 4848 2515 4918 aquis
2542 4887 2560 4913 ,
2615 4848 2719 4903 alia
2770 4848 2921 4903 velut
2954 4850 3022 4903 ad
3070 4863 3429 4920 congeneresn
3456 4863 3643 4905 sem

2063 4939 2377 4994 transmissa
2430 4948 2578 4995 sunt.
2613 4939 2722 4994 Sed
2769 4954 2876 4994 non
2906 4940 2974 4995 de
3018 4941 3105 4996 his
3150 4955 3294 4995 nunc
3327 4955 3512 4994 sermo
3558 4949 3645 4996 est

2061 5031 2238 5085 nobis.
2272 5032 2380 5086 Sed
2409 5032 2535 5101 quia
2566 5032 2797 5087 aliorum
2829 5034 3047 5103 quidem
3076 5032 3394 5087 animalium
3443 5016 3641 5089 ξιιιίιιιι

2099 5122 2326 5176 niversae
2354 5137 2459 5177 uno
2488 5134 2759 5193 pracepto
2794 5138 2916 5179 cum
2945 5123 3269 5193 corporibus
3291 5121 3450 5177 facta:
3475 5132 3637 5177 sunt:

2067 5212 2226 5267 homo
2276 5224 2455 5269 autem
2491 5232 2665 5285 neque
2709 5231 2833 5271 cum
2870 5217 2995 5271 aliis
3045 5217 3375 5271 animalibus
3403 5255 3419 5281 ,
3453 5231 3633 5287 neque

2064 5314 2191 5360 ante
2221 5305 2327 5361 alia
2380 5308 2554 5364 factus
2598 5309 2810 5364 videtur
2840 5326 2853 5363 :
2886 5319 2941 5363 et
2972 5324 3094 5364 cum
3135 5308 3258 5363 aliis
3284 5309 3508 5378 quidem
3537 5323 3638 5361 non

2064 5405 2148 5450 est
2199 5396 2375 5453 factus
2416 5411 2636 5469 propter
2687 5402 3124 5472 pretiositatem;
3158 5412 3284 5455 ante
3324 5400 3430 5453 alia
3459 5412 3637 5455 autem

2066 5502 2173 5543 non
2229 5500 2312 5544 est
2363 5501 2579 5547 creatus
2617 5502 2839 5564 propter
2884 5491 3105 5547 tutelam
3169 5491 3281 5545 Dei.
3320 5492 3456 5556 Quia
3497 5494 3637 5545 enim

2134 5719 2243 5788 (38)
2276 5718 2374 5775 Ms.
2413 5720 2734 5775 manducant
2770 5719 2977 5791 quidem
3004 5730 3255 5789 quantum
3282 5728 3531 5786 possunt.
