3822 6218
195 298 338 358 H31

1412 296 1501 351 DE
1540 291 2002 351 li‘COBPORALI
2042 290 2276 346 ANIMA.

3303 285 3440 342 H38

197 415 536 485 incipiebant
575 412 625 469 ei
657 412 851 484 subjici
877 410 1059 468 omnia
1098 426 1220 482 quae
1246 410 1386 468 facta
1419 429 1448 467 a
1473 412 1583 468 Deo
1610 418 1770 475 sunt;
1803 415 1846 471 Α
1874 425 1943 478 go
1976 418 2157 463 autem
2185 406 2415 461 necdum
2445 402 2636 457 vivens
2662 440 2679 467 ,
2733 408 2787 454 et
2830 399 3041 467 iacebat
3071 396 3210 468 quod
3241 397 3437 452 factum

192 516 254 563 ut
290 520 396 560 non
429 505 598 573 ipsius
625 514 949 574 putarentur
978 519 1140 574 opera
1173 520 1294 575 quae
1324 504 1472 564 facta
1496 506 1767 579 videntur,

193 598 527 653 novissimus
575 597 838 668 ﬁguratur
888 598 1051 653 homo
1080 638 1097 663 ,
1159 606 1215 653 et
1263 612 1368 653 non
1422 598 1650 667 primus.
1710 596 1768 650 Si

193 689 341 743 utin)
371 696 428 743 et
454 688 528 742 ita
552 688 847 744 novissimo
882 688 1025 744 facto
1068 688 1308 750 homine,
1337 689 1457 743 ausi
1497 696 1624 742 sunt
1650 687 1771 757 qui-

194 778 321 837 dam
372 793 468 847 per
500 779 710 836 fabulas
760 780 1138 847 introducere;
1181 781 1310 849 quid
1342 794 1448 834 non
1483 779 1599 833 ausi
1634 777 1770 833 fuis~

195 878 320 927 sent
350 871 394 926 si
433 885 544 925 non
575 871 677 926 ista
713 872 1081 941 praecessisset
1119 871 1283 925 tutela
1316 870 1340 925 2
1391 869 1563 925 Aliter
1590 877 1770 925 autem

193 969 255 1014 et
285 959 514 1013 decebat
560 971 848 1028 antequam
893 968 1179 1017 crearetur
1222 976 1315 1015 rex
1348 974 1509 1030 super
1543 969 1770 1021 terram.

198 1048 497 1120 praeparari
533 1050 841 1103 necessaria
869 1049 1101 1118 primum
1128 1089 1146 1116 ,
1184 1058 1243 1104 ut
1280 1051 1348 1105 ita
1378 1050 1654 1105 adveniret
1680 1051 1773 1119 qui

196 1154 264 1195 ea
296 1140 498 1209 perfrui
547 1139 786 1195 deberet.
831 1139 1094 1195 Servatur
1130 1151 1309 1196 autem
1364 1149 1421 1195 et
1475 1142 1525 1194 in
1561 1140 1773 1195 irratio-

199 1231 478 1287 nabilibus
533 1232 687 1296 ordo,
727 1233 1022 1287 secundum
1074 1232 1435 1303 Scripturam.
1468 1231 1584 1287 Non
1630 1234 1774 1288 enim

201 1324 356 1397 prius
379 1324 523 1379 facta
554 1333 681 1379 sunt
709 1326 961 1380 animalia
983 1367 998 1391 ,
1037 1340 1200 1395 quam
1233 1323 1425 1380 ﬁerent
1450 1341 1512 1381 ea
1547 1340 1664 1395 quae
1687 1340 1774 1395 pa-

202 1422 419 1470 scerent
468 1414 742 1469 animalia.
792 1414 924 1482 Quia
978 1415 1122 1468 enim
1165 1413 1365 1470 factum
1392 1416 1609 1483 quidem
1664 1416 1775 1485 jam

199 1501 380 1559 fuerat
406 1504 621 1568 caelum,
649 1502 865 1558 fundata
895 1514 1073 1558 autem
1094 1503 1205 1574 jam
1236 1515 1355 1558 erat
1384 1513 1548 1570 terra,
1581 1515 1636 1561 et
1664 1521 1778 1559 ma-

203 1608 268 1649 re
295 1592 471 1646 fuerat
493 1602 802 1661 separatam
827 1593 896 1647 ab
924 1580 1097 1657 arida,
1126 1590 1333 1647 eﬂusus
1358 1603 1539 1648 autem
1576 1603 1693 1648 erat
1723 1603 1779 1650 et

205 1696 321 1747 aer,
345 1692 604 1738 coronata
631 1691 810 1737 autem
848 1690 1002 1737 erant
1042 1694 1164 1750 quae
1206 1682 1347 1737 facta
1398 1692 1552 1750 sunt,
1584 1699 1779 1738 unum-

1871 513 2044 559 estut
2075 509 2482 572 operamentum
2521 517 2534 553 :
2580 494 2888 565 requirebat
2925 502 3104 548 autem
3153 492 3439 558 artiﬁcem,

1871 608 1977 649 non
2011 591 2285 647 intellectu
2316 600 2411 645 aut
2432 588 2627 644 eil'ectu
2650 626 2666 651 ,
2697 586 2791 641 sed
2817 585 3139 640 necessitate
3163 583 3436 661 poscebat.

1874 684 2149 753 Scriptum
2202 682 2348 737 enim
2376 691 2498 745 est,
2533 679 2659 749 quia
2711 686 2832 746 post
2876 677 2977 731 hoc
3007 694 3020 729 :
3054 674 3339 745 Inspiravit
3379 675 3439 729 in

1874 791 1994 831 eum
2027 774 2278 827 Dominus
2314 773 2689 841 spiramentum
2721 768 2842 822 vim
2861 784 2881 833 ;
2913 777 2963 822 et
2996 766 3165 836 factus
3191 776 3264 821 est
3286 766 3438 819 homo

1875 869 1930 919 in
1961 865 2193 919 animam
2222 864 2474 917 viventem
2501 861 2567 915 ".
2594 859 2657 914 Et
2683 860 2898 923 iterum,
2926 858 2987 911 In
3014 857 3256 927 spiritum
3278 855 3445 923 uiuiﬁ-

1875 967 2081 1011 cantem
2112 955 2182 1009 ⁵³.
2238 954 2379 1024 Ergo
2425 955 2493 1008 ab
2528 952 2679 1007 initio
2726 948 3016 1020 separatim
3064 948 3281 1018 quidem
3324 960 3441 1000 eor-

1874 1061 1974 1115 pus
2002 1086 2017 1111 ,
2050 1045 2346 1114 separatim
2381 1051 2559 1097 autem
2588 1042 2764 1096 anima
2815 1040 2958 1092 facta
3007 1046 3111 1093 est.
3152 1036 3218 1092 Et
3243 1050 3441 1106 corpus

1875 1135 2095 1206 quidem
2121 1135 2238 1191 sine
2267 1132 2450 1187 anima
2476 1148 2582 1187 non
2623 1130 2755 1185 vivit
2787 1146 2802 1183 :
2836 1140 2958 1184 cum
2995 1136 3173 1183 autem
3198 1127 3442 1195 ingressa

1877 1229 2044 1284 fuerit
2069 1228 2275 1291 anima,
2308 1236 2443 1280 tunc
2472 1222 2701 1279 eﬂicitur
2725 1224 2887 1279 homo
2921 1221 2973 1275 in
3005 1222 3240 1275 animam
3266 1221 3446 1275 viven-

1880 1330 2010 1375 tem.
2044 1317 2111 1373 Et
2148 1319 2270 1387 quis
2304 1315 2637 1386 comparabit
2660 1322 2961 1384 opportune
3005 1326 3198 1380 corpus
3227 1311 3441 1379 quidem

1878 1412 2030 1477 nubi,
2059 1410 2295 1466 animam
2331 1417 2511 1463 autem
2538 1406 2795 1462 immissis
2825 1423 2854 1461 a
2882 1405 2995 1461 sole
3025 1400 3445 1474 splendoribus?

1880 1503 2130 1557 immutat
2156 1501 2301 1555 enim
2359 1498 2517 1553 nubis
2567 1498 2842 1563 colorem,
2876 1497 3123 1551 immutat
3172 1493 3287 1562 ejus
3338 1491 3447 1548 elli-

1879 1596 2043 1664 giem,
2074 1592 2169 1647 sed
2201 1606 2307 1646 non
2332 1589 2594 1644 viviﬁcat.
2646 1588 2839 1656 Quaere
2866 1602 2993 1657 ergo
3038 1585 3309 1655 quomodo
3358 1600 3446 1639 ac-

1880 1685 2021 1756 cepit
2075 1686 2217 1740 Deus
2250 1684 2436 1737 limum
2491 1692 2649 1736 terrae
2678 1722 2695 1748 ,
2743 1689 2798 1736 et
2844 1679 3116 1751 quomodo
3165 1676 3448 1748 inspiravit

203 1774 457 1844 quodque
492 1773 546 1828 in
577 1782 897 1828 ornamento
929 1787 1028 1828 suo
1058 1746 1086 1829 ἐ
1129 1782 1271 1827 terra
1309 1746 1545 1843 quidem
1580 1772 1777 1829 ﬂorens
1810 1746 1852 1802 Β
1882 1746 2043 1833 Deus.
2075 1776 2288 1845 Accipit
2315 1773 2458 1829 enim
2494 1774 2610 1828 sine
2650 1746 2900 1828 manibus
2928 1811 2942 1837 ,
2973 1779 3028 1825 et
3066 1746 3295 1839 inspirat
3327 1768 3447 1823 sine

205 1864 490 1918 arboribus
532 1871 588 1917 et
636 1862 835 1933 plantis
871 1876 1007 1915 :aer
1055 1876 1152 1932 per
1205 1863 1385 1916 avium
1435 1862 1538 1917 iter
1588 1864 1779 1919 avibus

206 1952 450 2020 praebens
483 1969 498 2007 :
536 1968 688 2008 mare
731 1961 789 2007 et
826 1951 1045 2006 ﬂumina
1074 1959 1130 2007 et
1170 1952 1344 2008 fontes
1373 1954 1609 2023 piscibus
1634 1954 1780 2009 lasta-

207 2042 427 2107 hantur,
456 2044 547 2112 qui
571 2045 628 2098 in
675 2058 734 2098 se
762 2042 978 2098 fuerant
1008 2043 1141 2096 nati.
1189 2043 1395 2099 leum
1427 2054 1605 2099 autem
1641 2045 1781 2099 vari-

211 2144 393 2190 catum
440 2137 554 2207 ('59)
589 2137 703 2192 suis
748 2136 972 2193 ﬂoribus
1002 2146 1159 2203 erat,
1207 2146 1260 2192 et
1297 2145 1421 2190 tunc
1469 2136 1643 2191 factus
1696 2145 1782 2193 est

218 2226 402 2282 homo.
429 2226 660 2283 Creatus
690 2236 869 2282 autem
905 2236 990 2284 est
1028 2228 1189 2284 homo
1224 2241 1329 2281 non
1360 2241 1465 2281 uno
1492 2236 1779 2297 praecepto,

210 2317 309 2371 sed
336 2332 534 2387 corpus
558 2317 771 2387 quidem
799 2318 997 2373 dicitur
1052 2319 1300 2374 manibus
1334 2318 1643 2390 ﬁguratum.
1672 2319 1781 2372 Ex-

214 2409 343 2465 hinc
370 2417 551 2463 autem
591 2406 705 2477 jam
746 2419 1063 2480 argumenta
1106 2410 1215 2465 sint
1244 2411 1311 2466 de
1359 2409 1598 2465 incertis.
1638 2408 1783 2463 Scri-

218 2511 367 2569 ptum
391 2508 476 2554 est
502 2500 647 2555 enim
698 2500 764 2568 “,
797 2501 922 2571 quia
946 2500 1153 2570 accepit
1181 2500 1322 2555 Deus
1342 2516 1374 2556 e
1396 2508 1540 2556 terra
1569 2500 1778 2554 limum.

217 2592 381 2646 Putas
410 2591 534 2661 quia
588 2591 827 2661 accepit,
858 2592 1035 2659 dixit,
1092 2592 1352 2647 addemus
1377 2591 1427 2647 ei
1460 2599 1516 2645 et
1541 2605 1729 2646 manus
1759 2591 1783 2644 ἲ

223 2680 491 2752 Scriptum
513 2692 595 2740 est
625 2684 751 2753 quia
781 2693 837 2739 et
887 2684 1137 2754 ﬁguravit
1161 2684 1461 2744 hominem.
1495 2682 1562 2738 Et
1584 2684 1783 2754 tigurao

217 2775 295 2829 tio
323 2775 541 2843 quidem
576 2775 820 2843 corporis
850 2774 1086 2846 iacebat,
1118 2776 1297 2830 anima
1325 2785 1506 2829 autem
1537 2790 1642 2829 non
1665 2782 1784 2828 erat

217 2866 379 2920 simut
413 2876 616 2922 creata.
650 2865 757 2921 Sed
786 2867 975 2923 volens
1003 2866 1142 2923 Deus
1188 2881 1286 2937 per
1316 2880 1480 2937 opera
1508 2871 1784 2935 separatas

226 2969 513 3026 segregare
541 2963 765 3009 naturas
794 2956 1087 3025 separatim
1120 2956 1370 3026 ﬁguravit
1401 2969 1598 3025 corpus
1625 2994 1639 3018 ,
1697 2969 1782 3009 se-

216 3045 445 3114 paratim
473 3046 707 3101 animam
733 3045 884 3101 fecit.
912 3046 977 3101 Et
1005 3045 1209 3101 factum
1238 3056 1322 3103 est
1352 3046 1499 3101 velut
1528 3047 1778 3101 taberna-

218 3138 399 3191 culum
426 3152 623 3207 corpus
655 3154 670 3192 :
704 3138 1010 3193 introducta
1040 3147 1126 3194 est
1167 3148 1346 3193 autem
1373 3139 1576 3201 anima,
1598 3145 1654 3192 et
1682 3138 1780 3191 lia-

224 3228 435 3282 bitavit.
482 3228 547 3283 Et
572 3242 637 3282 ne
667 3238 821 3297 putes
852 3229 976 3297 quia
1006 3229 1281 3298 praecessit
1306 3242 1506 3300 corpus
1546 3230 1599 3283 in
1627 3243 1783 3283 crca-

226 3320 370 3372 tione
397 3358 414 3384 ,
449 3319 559 3389 jam
604 3330 661 3374 et
710 3321 764 3373 in
812 3320 1015 3375 honore
1041 3319 1317 3390 praecellit.
1364 3320 1469 3374 Sed
1517 3327 1785 3373 memento

219 3425 339 3480 qum
366 3411 614 3479 superius
644 3409 865 3475 audisti,
891 3410 1015 3479 quia
1043 3418 1096 3465 et
1121 3409 1505 3464 irrationabilia
1530 3408 1784 3463 animalia

220 3510 345 3556 ante
378 3499 651 3555 hominem
682 3503 824 3555 iacta
854 3509 981 3555 sunt
1015 3517 1029 3553 :
1058 3506 1114 3555 et
1139 3515 1244 3555 non
1263 3500 1386 3570 quia
1415 3507 1787 3569 praevenerunt

219 3595 273 3648 in
308 3593 622 3663 operatione
649 3632 664 3655 ,
692 3592 804 3662 jam
839 3600 892 3645 et
924 3592 1097 3660 prima
1136 3600 1262 3648 sunt
1302 3591 1356 3646 in
1386 3592 1609 3647 honore.
1641 3590 1788 3660 Ipso-

223 3699 341 3738 rum
367 3691 546 3737 autem
579 3683 1028 3738 irrationabilium
1066 3697 1129 3739 ea
1155 3698 1275 3753 quae
1307 3683 1375 3738 ad
1403 3697 1585 3738 escam
1609 3696 1787 3738 neces-

221 3777 363 3831 saria
384 3781 530 3839 sunt,
559 3775 739 3845 priora
768 3783 948 3829 creata
984 3783 1107 3829 sunt
1132 3792 1146 3829 :
1171 3783 1225 3829 et
1257 3790 1360 3828 non
1386 3775 1510 3844 quia
1545 3789 1663 3843 qua:
1693 3773 1789 3828 uti-

221 3867 292 3920 lia
321 3872 448 3920 sunt
470 3864 819 3930 animalibus,
847 3873 903 3917 et
947 3863 1058 3933 jam
1088 3863 1201 3935 (40)
1228 3864 1629 3918 honorabiliora
1659 3873 1786 3919 sunt

219 3956 438 4012 iisdem.
470 3954 611 4023 Ergo
633 3969 741 4009 non
775 3968 805 4008 a
841 3954 1174 4023 temporibus
1198 3953 1546 4025 accipiamus,
1582 3953 1784 4023 pretio-

223 4049 368 4104 siora
398 4062 463 4103 ea
500 4061 621 4111 esse
648 4060 770 4116 quae
809 4048 989 4117 priora
1023 4055 1187 4101 sunt:
1230 4047 1494 4118 siquidem
1547 4058 1600 4103 et
1644 4060 1785 4103 terra

220 4149 346 4195 ante
396 4138 558 4195 istum
608 4138 702 4208 qui
758 4138 973 4193 videtur
1003 4138 1200 4194 caelum
1239 4149 1324 4194 est
1357 4139 1517 4195 facta.
1571 4139 1629 4195 Si
1665 4139 1788 4209 quis

221 4230 369 4286 enim
400 4230 530 4299 legit
561 4230 925 4297 Scripturam,
947 4239 1041 4284 aut
1067 4230 1333 4300 legentem
1361 4230 1586 4295 audivit,
1639 4231 1788 4287 inve-

222 4324 337 4378 niet
358 4322 484 4392 quia
520 4322 777 4391 scriptum
803 4329 886 4377 est
917 4340 929 4375 :
958 4320 1026 4376 In
1050 4323 1308 4390 principio
1348 4323 1472 4390 fecit
1521 4320 1658 4377 Deus
1687 4339 1785 4376 caa-

1879 1882 1995 1925 ore.
2028 1867 2141 1923 Cur
2172 1882 2302 1936 ergo
2334 1864 2595 1934 accepit?
2642 1873 2703 1917 ut
2748 1870 3029 1931 appareret
3057 1861 3183 1931 quia
3220 1874 3329 1914 non
3377 1856 3448 1913 ab

1881 1957 1982 2013 alia
2011 1966 2255 2012 creatura
2284 1966 2367 2011 est
2392 1958 2579 2018 homo,
2610 1956 2703 2009 sed
2738 1968 2766 2007 a
2796 1952 3181 2022 conspersioue
3215 1949 3449 2005 fermen-

1884 2059 2020 2104 tum.
2041 2048 2151 2104 Cur
2181 2057 2357 2103 autem
2382 2057 2437 2103 et
2465 2046 2747 2116 inspiravit
2772 2045 2797 2099 ‘i
2827 2043 2932 2098 Pro
2953 2058 3018 2098 eo
3042 2052 3100 2097 ut
3119 2044 3287 2107 dicat,
3318 2040 3445 2111 quia

1884 2141 2130 2196 immisit.
2162 2140 2219 2195 Si
2247 2140 2389 2195 enim
2414 2136 2768 2208 corporaliter
2805 2135 3174 2203 acceperimus
3197 2133 3340 2202 quod
3366 2133 3452 2187 in-

1882 2232 2109 2303 spiravit
2158 2231 2321 2297 Deus,
2354 2241 2468 2285 uta
2504 2229 2615 2285 Deo
2643 2243 2770 2299 pars
2793 2226 3056 2283 eﬂicimur
3088 2225 3181 2280 Dei
3210 2223 3453 2294 inspira.

1883 2325 2027 2379 tione
2057 2323 2160 2378 ista
2187 2363 2203 2387 ,
2229 2331 2285 2377 et
2325 2321 2615 2377 dividimus
2643 2320 2955 2375 indivisum.
2995 2317 3060 2371 Et
3090 2315 3445 2386 quemadmo-

1882 2413 2011 2467 dum
2064 2410 2320 2481 possibile
2348 2420 2468 2466 erat
2489 2425 2717 2480 peccare
2743 2424 2857 2475 eos,
2886 2409 2978 2478 qui
3006 2424 3035 2462 a
3074 2406 3185 2463 Deo
3217 2414 3275 2460 ut
3306 2419 3436 2477 pars

1879 2502 1999 2569 ejus
2040 2512 2195 2555 erant
2225 2500 2506 2570 separati?
2555 2498 2635 2555 Ita
2668 2514 2800 2570 ergo
2852 2514 2919 2554 ex
2952 2505 3200 2554 creatura
3228 2495 3448 2565 quidem

1881 2594 1994 2662 ipsa
2017 2595 2198 2647 statim
2222 2603 2533 2661 separatum
2562 2600 2646 2645 est
2679 2599 2923 2644 nostrum
2957 2602 3155 2657 corpus
3174 2586 3242 2641 ab
3268 2584 3449 2639 anima

1880 2692 2089 2738 nostra.
2118 2683 2313 2737 Anima
2348 2690 2539 2736 autem
2566 2681 2808 2735 omnium
2843 2678 3154 2733 animalium
3203 2690 3323 2745 quas
3377 2675 3448 2730 ab

1882 2774 2189 2829 hominibus
2234 2773 2658 2835 manducantur,
2708 2772 2885 2826 dictus
2923 2779 3005 2825 est
3041 2769 3262 2838 sanguis
3285 2810 3299 2833 ,
3340 2780 3450 2821 non

1883 2878 2065 2923 tamen
2096 2866 2353 2923 hominis.
2388 2865 2495 2921 Sed
2525 2880 2645 2919 cum
2695 2865 2899 2919 diceret
2948 2862 3150 2918 homini
3184 2862 3323 2916 Deus
3345 2899 3362 2924 ,
3390 2867 3451 2913 ut

1880 2961 2028 3030 prius
2074 2958 2372 3014 ellunderet
2420 2958 2783 3028 sanguinem,
2831 2964 2888 3011 et
2939 2955 3013 3010 ita
3063 2953 3449 3013 manducaret;

1884 3052 1948 3105 de
1982 3050 2306 3106 animalibus
2331 3050 2434 3106 iste
2462 3051 2578 3118 eius
2608 3057 2729 3106 erat
2768 3060 2970 3103 sermo.
3011 3044 3093 3101 Ab
3125 3042 3282 3100 initio
3315 3054 3449 3111 ergo

1883 3142 2284 3209 creatum,ita
2318 3142 2513 3196 melior
2552 3149 2635 3196 est
2676 3149 2861 3195 nostra
2909 3137 3089 3191 anima
3120 3151 3151 3190 a
3200 3148 3451 3205 corpore,

1883 3243 1938 3291 et
1971 3243 2218 3305 separata
2249 3242 2351 3290 cst.
2390 3234 2460 3289 Ut
2505 3244 2685 3287 autem
2724 3232 3006 3287 veniamus
3035 3229 3103 3284 ad
3130 3227 3247 3297 ejus
3272 3227 3452 3299 digni-

1886 3332 2074 3388 tatem,
2099 3331 2403 3378 scrutantes
2432 3336 2739 3376 scrutemur
2772 3321 2895 3390 quia
2931 3333 3160 3390 corpora
3195 3334 3299 3373 non
3324 3332 3451 3388 ger-

1887 3416 2114 3479 minant,
2155 3415 2249 3469 sed
2279 3414 2505 3468 arbores
2540 3420 2595 3468 et
2623 3412 2825 3483 plantae
2846 3418 3171 3479 acceperunt
3204 3422 3448 3478 germen,

1885 3515 1941 3562 et
1960 3513 2329 3576 augmentum,
2360 3510 2416 3558 et
2436 3516 2643 3565 escam,
2673 3514 2837 3570 quam
2882 3514 2991 3555 non
3022 3499 3294 3553 habebant
3322 3512 3452 3553 saxa

1886 3612 2004 3668 quae
2026 3610 2154 3651 vere
2171 3604 2324 3651 Isuut
2373 3610 2525 3650 saxa.
2554 3592 2874 3649 Ger-minare
2900 3590 3043 3646 enim
3072 3599 3127 3645 et
3158 3601 3408 3646 crescere
3434 3630 3450 3655 ,

1886 3697 1940 3745 et
1990 3688 2251 3743 imbribus
2283 3687 2478 3741 nutriri
2509 3700 2613 3741 non
2668 3685 2907 3750 habent,
2956 3683 3050 3739 sed
3081 3681 3199 3738 haec
3230 3695 3453 3753 accepeo

1890 3788 2012 3833 runt
2036 3778 2234 3848 plantat
2261 3787 2317 3832 et
2339 3778 2580 3833 arbores.
2605 3775 2672 3830 Et
2696 3789 2764 3830 ne
2781 3773 2905 3845 quis
2942 3774 3207 3845 producat
3235 3781 3456 3829 centra-

1887 3870 2175 3926 dictionem
2199 3911 2213 3937 ,
2244 3870 2288 3925 si
2319 3868 2487 3939 aliqui
2531 3868 2737 3939 lapides
2781 3875 3035 3922 crescunt
3062 3866 3116 3921 in
3143 3865 3304 3930 mari,
3338 3865 3454 3921 sive

1888 3962 2026 4032 nigri
2051 4000 2068 4027 ,
2102 3960 2216 4016 sive
2265 3960 2457 4015 rubri:
2486 3958 2564 4014 illi
2607 3957 2752 4014 enim
2803 3956 3001 4026 plantis
3030 3956 3202 4025 magis
3250 3955 3454 4010 similes

1886 4060 2194 4122 suntquam
2223 4050 2491 4121 lapidibus
2517 4068 2544 4111 ς,
2561 4048 2716 4103 incisi
2749 4048 2898 4102 enim
2924 4062 3046 4102 cum
3071 4045 3296 4110 fuerint,
3327 4054 3455 4101 tunc

1889 4141 2095 4211 lapides
2121 4138 2431 4195 eiiiciuntur
2460 4157 2475 4194 :
2502 4140 2555 4195 in
2586 4150 2846 4210 quantum
2885 4147 3063 4193 autem
3084 4144 3232 4191 stant
3251 4141 3458 4189 natura

1888 4234 2115 4303 legibus,
2144 4241 2199 4286 et
2234 4231 2447 4286 radices
2477 4232 2765 4297 emittunt,
2796 4240 2852 4285 et
2894 4228 3297 4300 pullulationem
3326 4238 3459 4295 ope—

1889 4334 2097 4388 rantur,
2133 4332 2187 4378 et
2221 4324 2615 4379 incrementum
2642 4322 2938 4392 accipiunt,
2973 4329 3028 4375 et
3058 4319 3222 4373 ramis
3243 4331 3455 4371 annun-

219 4415 328 4468 lum
366 4423 413 4468 et
451 4423 641 4467 terram
674 4413 744 4467 “.
790 4413 1001 4469 leum
1050 4413 1194 4467 enim
1228 4429 1347 4468 cum
1399 4424 1537 4469 terra
1588 4413 1784 4480 factum
1821 4433 1864 4487 ι)
1896 4419 2029 4471 tiant
2058 4414 2393 4471 aﬂinitatem.
2428 4417 2569 4488 Ergo
2598 4416 2798 4487 plantis
2835 4422 2891 4468 et
2917 4411 3203 4467 arboribus
3231 4410 3331 4464 ista
3355 4408 3455 4464 ad-

221 4507 393 4574 dicit,
431 4521 537 4559 non
568 4506 733 4560 istum
774 4494 867 4574 qui
916 4504 1150 4568 videtur,
1188 4504 1281 4559 sed
1332 4504 1496 4558 alium
1542 4506 1789 4575 superio-

222 4610 360 4651 rem.
392 4593 643 4651 Secundo
671 4596 815 4650 enim
864 4595 952 4650 die
1001 4593 1231 4650 eilicitur
1275 4594 1377 4651 iste
1422 4597 1512 4665 qui
1551 4598 1791 4664 videtur,

221 4698 278 4744 et
305 4688 619 4743 nominatur
652 4688 1067 4743 ﬁrmamentum.
1108 4686 1341 4743 Tantum
1387 4691 1527 4744 enim
1557 4692 1789 4747 honora-

219 4779 383 4835 bilior
407 4790 463 4834 et
513 4780 617 4835 iste
641 4795 670 4833 a
700 4788 840 4835 terra
880 4790 962 4835 est
987 4818 1004 4844 ,
1039 4790 1296 4849 quantum
1322 4790 1381 4837 et
1421 4783 1595 4852 apatio
1624 4783 1789 4838 distat

217 4871 613 4941 superpositus.
639 4872 705 4926 Et
731 4885 839 4926 non
868 4872 992 4940 quia
1033 4881 1144 4927 toto
1187 4873 1273 4927 die
1302 4875 1583 4943 praecessit
1641 4884 1785 4930 terra

217 4966 388 5022 istum
427 4965 519 5035 qui
549 4965 757 5021 videtur
779 4966 1000 5029 caelum,
1026 4965 1135 5033 jam
1163 4972 1219 5020 et
1258 4966 1460 5021 honore
1494 4967 1664 5035 prima
1692 4983 1789 5036 pu-

220 5059 446 5114 tabitur.
475 5057 552 5112 Ita
586 5059 847 5128 ﬁguretur
890 5057 1040 5123 prius
1072 5071 1292 5126 corpus,
1319 5066 1373 5112 et
1401 5068 1520 5128 post
1554 5059 1646 5113 liat
1670 5060 1787 5115 ani-

217 5167 332 5219 ma,
363 5160 417 5203 et
445 5149 600 5203 nobis
631 5158 879 5204 servetur
902 5148 1159 5218 dignitas.
1194 5147 1393 5205 Factus
1421 5150 1585 5220 igitur
1624 5152 1790 5209 homo

214 5252 303 5296 est
326 5285 341 5308 ,
377 5241 453 5295 ita
484 5240 626 5295 enim
655 5239 893 5294 nominat
925 5237 1065 5293 Deus
1090 5240 1215 5292 dum
1250 5239 1398 5294 dicit.
1433 5239 1502 5293 Et
1544 5239 1788 5310 ﬁguravit

216 5335 363 5389 Deus
394 5334 678 5397 hominem,
714 5332 900 5387 limum
926 5350 959 5386 a
993 5342 1135 5385 terra
1155 5333 1412 5400 accipiens
1435 5332 1501 5385 ¹¹.
1552 5331 1786 5387 Necdum

212 5434 340 5480 erat
369 5434 513 5481 totus
546 5425 705 5485 homo
737 5443 751 5479 :
782 5424 875 5479 sed
908 5423 953 5478 si
988 5423 1127 5478 forte
1166 5423 1342 5493 imago
1372 5424 1622 5491 hominis,
1653 5425 1788 5479 ima-

292 5541 337 5573 "
376 5540 512 5597 Gen.
568 5556 626 5603 ιι,
670 5539 719 5593 ‘i.
796 5539 842 5570 "
889 5537 1025 5595 Gen.
1077 5555 1114 5605 ι,
1168 5539 1217 5593 l.

294 5695 405 5769 £39)
438 5697 618 5764 Forte,
650 5695 1012 5761 Variﬁcatum.
1038 5706 1091 5752 ut
1116 5712 1275 5765 supra
1307 5697 1409 5755 col.
1451 5696 1577 5756 H51
1618 5696 1681 5751 Β.

1893 4510 2114 4575 duntur,
2150 4508 2273 4577 quia
2306 4508 2507 4564 habent
2548 4517 2607 4561 ut
2637 4505 2941 4577 germinent
2963 4546 2978 4571 ,
3013 4513 3072 4557 ut
3119 4500 3460 4571 procedant,

1895 4612 1953 4656 ut
1992 4608 2284 4664 crescant,
2334 4608 2396 4653 ut
2443 4607 2753 4667 pascantur.
2788 4593 3122 4650 Animalibus
3170 4599 3348 4646 autem
3403 4590 3461 4645 id

1892 4694 2036 4750 inest
2053 4693 2197 4762 quod
2229 4693 2391 4755 inest,
2417 4690 2519 4746 hoc
2544 4700 2629 4745 est
2664 4701 2723 4744 ut
2770 4696 3076 4753 nascantur,
3106 4694 3160 4740 ct
3182 4692 3457 4749 crescant,

1890 4797 1945 4843 et
1972 4795 2281 4857 pascantur.
2316 4784 2507 4840 .lnncta
2534 4793 2710 4840 autem
2737 4783 2928 4837 iisdem
2954 4789 3038 4835 est
3070 4788 3122 4833 et
3154 4778 3456 4848 proprietao

1894 4883 1964 4937 tis
1989 4880 2407 4935 additamentum
2430 4876 2773 4934 sensibilitas.
2794 4874 2891 4930 Est
2909 4882 3085 4928 autem
3110 4871 3213 4926 hoc
3238 4870 3292 4924 in
3322 4869 3463 4939 lapi-

1894 4970 2050 5025 dibus
2092 4978 2150 5025 ut
2176 4973 2302 5035 sint,
2334 4969 2426 5022 sed
2459 4982 2562 5022 non
2600 4967 2740 5020 inest
2778 4965 2858 5019 eis
2885 4972 2944 5018 ut
2975 4970 3243 5027 crescant,
3279 4970 3333 5014 et
3364 4958 3458 5013 ad—

1897 5062 2191 5117 ditamenta
2224 5067 2461 5124 sumant,
2492 5059 2633 5128 quod
2656 5066 2736 5112 est
2768 5057 2820 5111 in
2843 5054 3165 5109 animalibus
3187 5050 3457 5107 omnibus.

1893 5150 2026 5207 Esse
2059 5161 2237 5207 autem
2275 5152 2416 5205 inest
2436 5151 2584 5205 saxis
2613 5159 2670 5203 et
2715 5157 2912 5204 terrae:
2949 5147 3250 5216 germinare
3272 5150 3451 5197 autem

1892 5252 1948 5297 et
1980 5257 2248 5307 crescere,
2286 5251 2341 5297 et
2371 5242 2578 5312 augeri,
2620 5241 2760 5311 quod
2786 5249 2906 5293 erat
2942 5237 3215 5298 arborum,
3250 5249 3352 5287 non
3374 5239 3460 5286 est

1892 5333 1946 5388 in
1975 5334 2075 5389 eis.
2110 5333 2547 5389 Additamentum
2584 5342 2762 5386 autem
2803 5344 2989 5383 eorum
3018 5336 3320 5398 separatum
3375 5332 3460 5378 est

1896 5424 2231 5480 seusibilitas
2255 5463 2269 5489 ,
2295 5432 2478 5493 utpote
2503 5438 2644 5480 uuae
2676 5424 2729 5478 in
2758 5421 3080 5478 animalibus
3117 5416 3364 5474 habetur.
3401 5413 3468 5469 In

1295 5537 1339 5571 ³¹
1368 5538 1504 5594 Gen.
1532 5555 1592 5605 ll,
1621 5538 1673 5592 7.
1749 5540 1795 5571 "
1821 5538 1949 5595 ibid.
2029 5539 2074 5570 ⁸⁸
2103 5538 2233 5594 ibid.

1972 5694 2085 5765 (ιο)
2112 5692 2177 5750 Et
2209 5694 2346 5765 jam.
2386 5692 2466 5749 An
2503 5692 2708 5748 etiam?
