3822 6218
348 260 487 336 “5'9

1022 278 1290 337 EUSEBII
1326 282 1801 340 CASSARIENSIS
1837 282 1988 339 OPP.
2031 282 2210 339 PARS
2249 283 2336 339 IV.
2374 315 2444 326 —
2483 283 2906 341 DOGMATICA.

3446 286 3585 343 H40

349 396 506 450 nobis
554 403 730 451 autem
773 396 955 449 omnia
1003 411 1125 466 qua:
1171 394 1424 468 praedicta
1457 409 1583 455 sunt
1628 402 1913 456 habentur.
1948 404 1991 459 A
2022 400 2261 469 perﬂua;
2298 404 2389 456 sed
2418 410 2622 456 tantum
2645 403 2825 457 anima
2860 386 3085 471 corpore
3118 402 3310 457 fortior
3338 406 3585 474 est,quia

347 488 603 542 Additum
657 496 835 541 autem
870 489 1025 543 nobis
1056 499 1140 544 est
1180 492 1322 559 quod
1371 502 1614 547 nostrum
1662 501 1746 547 est
1792 508 1917 561 pro-

353 579 550 645 prium,
576 586 631 632 et
650 579 791 648 quod
819 580 972 634 nobis
1007 582 1255 647 provenit
1282 622 1297 647 ,
1343 592 1402 635 ut
1430 584 1676 637 deorsum
1701 585 1916 652 quidem

352 672 650 724 habeamus
678 670 857 724 omnia
892 687 1011 742 quae
1036 672 1233 727 habent
1260 688 1322 728 ea
1349 688 1469 742 quas
1500 675 1600 727 sub
1636 690 1733 730 nos
1753 685 1913 738 sunt;

351 762 689 817 extrinsecus
709 772 883 817 autem
908 772 1151 818 nostrum
1198 766 1338 834 quod
1373 776 1455 820 est
1487 766 1762 836 proprium
1788 807 1803 830 ,
1849 768 1920 822 sit

350 855 407 905 in
443 852 596 907 uobis
626 853 892 922 cogitatus
938 863 992 907 et
1025 869 1239 909 sensus.
1282 855 1481 909 lterum
1532 872 1593 911 ea
1631 872 1750 926 quae
1799 867 1920 926 post

351 957 451 997 nos
478 952 635 1007 sunt,
677 943 857 997 statim
898 943 1290 999 irrationabilia
1322 945 1573 999 animalia
1619 948 1853 1017 cogitatu
1886 963 1915 1001 a

351 1036 506 1089 nobis
538 1036 917 1103 relinquuntur
943 1046 997 1090 et
1040 1051 1225 1091 sensu.
1262 1036 1474 1092 Habent
1506 1046 1684 1093 autem
1713 1041 1912 1106 omnia,

350 1142 684 1197 quaecunque
714 1129 930 1195 habent,
963 1130 1196 1183 minora.
1218 1129 1327 1183 Illis
1348 1132 1489 1184 enim
1521 1141 1573 1185 et
1598 1133 1738 1199 quod
1762 1148 1915 1187 suum

353 1227 437 1273 est
475 1219 653 1284 inest,
691 1221 1026 1276 sensibilitas
1079 1222 1305 1276 scilicet.
1336 1221 1532 1275 lterum
1586 1223 1807 1278 arbores
1865 1232 1919 1279 et

350 1308 548 1375 plantae
577 1310 956 1379 relinquuntur
997 1313 1211 1381 quidem
1245 1328 1275 1365 a
1320 1314 1554 1383 cogitatu
1589 1323 1795 1378 nostro,
1833 1329 1917 1369 re—

352 1399 667 1467 linquuntur
712 1412 891 1456 autem
923 1411 979 1456 et
1008 1417 1038 1455 a
1069 1403 1425 1457 sensibilitate
1451 1404 1782 1458 animalium.
1812 1404 1919 1459 Ha-

349 1492 480 1545 bent
524 1500 700 1546 autem
748 1507 845 1546 sua
904 1494 1290 1563 proprietatem
1340 1494 1622 1550 adversum
1683 1512 1812 1551 saxa
1864 1508 1919 1551 et

352 1589 576 1643 terram,
616 1581 1065 1649 germinationem
1112 1583 1325 1637 scilicet
1345 1593 1399 1638 et
1435 1593 1780 1655 augmentum
1811 1625 1826 1649 ,
1863 1595 1919 1639 et

351 1672 786 1734 crescibilitatem
829 1683 884 1728 et
916 1689 1119 1730 escam.
1164 1677 1275 1731 Fex
1315 1690 1518 1743 autem,
1555 1687 1609 1732 et
1648 1694 1767 1748 quae
1818 1695 1916 1748 pu-

2018 501 2073 545 et
2118 494 2331 562 corpori
2378 508 2664 549 mensuras
2714 496 2782 549 ad
2834 497 3059 551 salutem
3095 498 3263 566 ponit.
3302 497 3365 551 Et
3410 500 3589 565 primo

2018 582 2234 649 quidem
2267 585 2504 637 ostendit
2528 600 2647 652 quae
2677 586 2869 641 debeat
2892 602 3122 652 sumere,
3148 598 3203 642 et
3234 604 3263 643 a
3304 590 3503 659 quibus
3531 605 3590 645 se

2018 673 2317 734 abstinere,
2345 681 2399 726 et
2420 688 2480 727 ea
2502 688 2621 742 qua!
2647 674 2791 729 licita
2816 686 2943 731 sunt
2972 678 3322 741 manducare,
3348 682 3587 749 quando,

2018 775 2072 820 et
2107 775 2365 835 quantum
2381 800 2407 827 -,
2432 775 2487 821 et
2512 767 2712 835 quibus
2760 766 2909 821 horis
2934 807 2949 831 ,
2981 778 3035 821 et
3081 767 3209 835 quid
3237 768 3433 821 debeat
3460 779 3591 823 ante

2018 871 2197 914 escam
2230 860 2445 928 operari
2477 900 2492 923 ,
2542 868 2597 911 et
2645 858 3102 926 quemadmodum
3141 859 3345 913 moveri
3376 860 3592 915 deside-

2018 948 2154 1001 rium
2179 962 2446 1011 escarum,
2468 958 2523 1002 et
2562 949 3014 1016 quemadmodum
3050 964 3270 1003 servare
3290 964 3469 1003 escam
3497 951 3581 1004 in-

2019 1054 2254 1110 gressam
2276 1084 2288 1099 ,
2318 1049 2371 1093 et
2396 1041 2665 1109 quomodo
2699 1040 2927 1095 reticere
2956 1051 3305 1108 operamenta
3336 1059 3351 1095 :
3383 1050 3440 1095 ut
3478 1057 3588 1095 non

2019 1144 2085 1182 ex
2126 1130 2421 1184 abundanti
2474 1130 2709 1184 motione
2741 1129 2985 1183 confusio
3013 1129 3105 1183 fiat
3135 1130 3249 1195 ejus
3272 1131 3360 1195 qui
3392 1132 3589 1199 pascit.

2017 1220 2086 1280 Et
2136 1221 2395 1289 potuisset
2434 1222 2619 1291 utique
2659 1235 2855 1290 corpus
2901 1222 3174 1290 corrumpi
3226 1221 3328 1274 nisi
3372 1222 3595 1276 adesset

2019 1314 2221 1379 anima,
2253 1316 2571 1382 permittens
2611 1324 2873 1382 quantum
2914 1313 3169 1377 deberet,
3199 1321 3254 1367 et
3300 1314 3595 1367 continens

2017 1409 2275 1470 quantum
2309 1410 2602 1471 oporteret,
2636 1412 2691 1456 et
2715 1417 3034 1457 meusurans
3058 1410 3112 1457 et
3155 1401 3510 1471 permiscens,
3533 1410 3592 1457 et

2016 1494 2266 1548 aetatibus
2316 1494 2661 1562 semetipsam
2713 1493 3035 1556 extendens,
3074 1501 3130 1545 et
3183 1493 3376 1546 iterum
3438 1492 3598 1547 colli-

2017 1599 2147 1653 gens
2183 1598 2288 1637 non
2324 1582 2695 1651 magnitudine
2720 1582 2841 1636 dico
2868 1622 2881 1647 ,
2905 1584 2997 1636 sed
3029 1583 3319 1637 mensuris.
3363 1583 3595 1649 Quoties

2019 1677 2162 1729 enim
2199 1676 2454 1729 irascitur
2477 1688 2676 1742 corpus
2697 1675 2820 1743 quia
2849 1674 3106 1728 derelicta
3142 1684 3225 1728 est
3252 1689 3375 1728 esca
3424 1690 3592 1744 quam

353 1772 538 1816 tantur
577 1763 891 1829 fortissima,
937 1777 1125 1835 petrae,
1175 1768 1422 1837 inquam,
1472 1782 1528 1825 et
1556 1747 1711 1824 terrae
1741 1811 1757 1832 .
1815 1747 1916 1824 hoc
1950 1747 1989 1801 Β
2021 1764 2247 1818 libenter
2279 1764 2544 1827 sumebat,
2587 1772 2641 1816 et
2672 1763 2862 1816 iterum
2901 1763 3138 1827 volebat,
3174 1773 3227 1817 et
3261 1777 3365 1817 non
3398 1765 3595 1832 permi«

332 1855 527 1929 ’ipsum
551 1864 675 1918 sunt
696 1870 925 1924 corpus;
953 1873 1059 1911 non
1086 1858 1472 1928 producuntur,
1491 1876 1593 1914 non
1630 1868 1914 1915 crescunt:

351 1946 399 2000 si
423 1946 567 2001 enim
599 1956 651 2001 et
679 1957 950 2012 crescunt,
974 1950 1045 2001 ita
1074 1962 1323 2011 crescunt
1351 1959 1408 2004 ut
1442 1965 1541 2006 nec
1568 1952 1770 2006 sciatur
1793 1951 1917 2020 quia

353 2046 623 2093 crescunt.
653 2035 748 2093 llis
774 2038 845 2092 ita
872 2054 902 2093 a
934 2041 1182 2095 deorsum
1209 2056 1377 2108 usque
1404 2057 1638 2109 sursum,
1660 2053 1713 2099 et
1752 2056 1780 2095 a
1806 2058 1921 2097 sur-

353 2144 473 2183 sum
523 2142 694 2198 usque
726 2131 976 2185 deorsum
1034 2132 1342 2200 separatis,
1387 2146 1742 2201 agnoscamus
1792 2134 1917 2202 quia

354 2234 455 2275 nos
477 2221 689 2289 quidem
723 2236 909 2276 sumus
947 2222 1002 2276 in
1035 2237 1320 2278 commune
1343 2263 1356 2287 ,
1389 2224 1532 2278 sicut
1575 2234 1631 2278 et
1667 2234 1808 2278 terra
1865 2233 1921 2279 et

354 2312 557 2382 lapides
587 2315 1031 2370 :cuextendimur
1078 2324 1256 2369 autem
1290 2322 1344 2369 et
1377 2314 1576 2385 plantis
1623 2324 1680 2369 et
1707 2316 1918 2371 arbori-

354 2407 475 2460 bus.
512 2406 782 2462 Habemus
821 2408 962 2461 enim
1008 2416 1067 2461 ut
1110 2416 1165 2462 et
1200 2421 1485 2462 nascantur
1514 2416 1569 2461 et
1611 2423 1918 2464 crescamus

357 2506 414 2550 et
459 2511 767 2567 pascamur.
799 2496 1253 2553 Transeendimus
1277 2508 1455 2553 autem
1491 2507 1543 2553 et
1572 2498 1919 2554 irrationabi-

351 2589 425 2643 lia
459 2589 710 2644 animalia
755 2605 878 2645 cum
909 2589 1286 2646 sensibilitate.
1334 2590 1687 2644 Transilimus
1753 2589 1915 2644 etiam

352 2690 408 2734 et
436 2681 503 2736 ab
532 2681 617 2736 his
648 2698 665 2738 :
700 2681 963 2737 habentes
997 2682 1139 2751 quod
1182 2691 1266 2736 est
1298 2681 1647 2751 praecipuum,
1679 2682 1918 2735 rationa-

351 2772 478 2827 bilis
505 2771 702 2841 quippe
726 2771 851 2826 vitaa
881 2773 1192 2843 cogitatum.
1223 2772 1368 2827 Nihil
1403 2781 1580 2826 autem
1613 2772 1919 2841 praescribi-

352 2872 443 2918 tur
465 2877 497 2917 a
522 2864 897 2919 communibus
919 2904 934 2927 ,
964 2872 1023 2918 ut
1060 2872 1207 2932 puta,
1239 2864 1284 2918 si
1321 2863 1443 2932 quis
1487 2863 1715 2918 voluerit
1740 2862 1917 2916 homi-

353 2970 476 3011 nem
526 2956 758 3025 aliquem
796 2970 1051 3026 separare
1087 2959 1155 3010 ab
1190 2957 1363 3011 altero
1390 2996 1407 3021 ,
1452 2970 1555 3010 non
1583 2956 1742 3010 debet
1771 2958 1916 3011 dice-

355 3062 458 3101 re:
489 3047 582 3103 Ille
613 3048 706 3116 qui
745 3048 881 3102 duos
905 3047 1090 3102 oculos
1120 3048 1281 3102 habet
1307 3057 1400 3101 aut
1424 3048 1558 3101 duas
1587 3062 1778 3111 aures;
1825 3063 1917 3102 nec

356 3154 461 3205 que
493 3138 583 3192 illa
613 3154 734 3208 quae
777 3139 832 3193 in
863 3153 1147 3193 commune
1176 3147 1303 3193 sunt
1344 3148 1396 3193 et
1441 3140 1564 3193 aliis
1589 3179 1603 3201 ,
1650 3142 1744 3194 sed
1778 3140 1919 3194 illius

356 3228 591 3282 hominis
629 3229 770 3298 quod
808 3238 892 3283 est
920 3231 1247 3299 praecipuum
1283 3230 1350 3284 ad
1387 3231 1737 3298 agnitionem.
1787 3230 1921 3286 Esse

354 3320 500 3374 enim
526 3334 633 3374 non
663 3319 816 3375 nobis
844 3321 972 3375 solis
999 3329 1080 3375 est
1105 3360 1120 3384 ,
1171 3330 1226 3374 et
1263 3321 1569 3389 germinare
1597 3336 1700 3374 non
1741 3322 1793 3374 in
1822 3336 1922 3375 no-

354 3410 443 3465 bis
468 3419 552 3465 est
600 3418 808 3463 tantum
835 3451 850 3473 ,
884 3420 939 3464 et
991 3412 1320 3466 manducare
1365 3426 1471 3466 non
1512 3412 1791 3466 hominum
1833 3426 1924 3466 so-

355 3496 652 3561 lummodo,
696 3506 752 3552 et
779 3513 1030 3554 crescere
1056 3514 1160 3555 non
1191 3510 1438 3556 nostrum
1466 3510 1550 3557 est
1586 3512 1818 3568 tantum,
1867 3512 1924 3556 et

358 3585 811 3643 sensibilitatibus
851 3589 927 3642 uti
974 3577 1080 3644 no'n
1136 3598 1380 3643 nostrum
1431 3598 1514 3643 est
1564 3587 1768 3655 solum;
1826 3588 1921 3642 sed

360 3680 579 3746 quando
609 3696 706 3734 nos
739 3688 794 3735 et
822 3680 933 3743 ubi,
969 3679 1026 3733 in
1055 3694 1325 3744 sermone,
1360 3680 1414 3733 in
1453 3680 1717 3747 cogitatu,
1744 3679 1796 3732 in
1828 3693 1920 3732 ra-

354 3768 601 3824 tionabili
632 3770 739 3823 vita
764 3808 783 3837 ,
835 3772 936 3824 hoc
966 3768 1127 3825 homo
1156 3779 1259 3835 est,
1312 3771 1426 3824 haec
1452 3769 1631 3839 imago
1652 3808 1667 3834 ,
1696 3771 1797 3825 hoc
1842 3776 1925 3823 est

359 3861 655 3915 secundum
687 3860 979 3931 imaginem
1003 3900 1018 3925 ,
1060 3863 1162 3917 hoc
1188 3871 1272 3917 est
1320 3861 1613 3930 pretiosum
1643 3899 1660 3924 ,
1693 3862 1798 3915 hoc
1830 3862 1926 3914 im-

360 3951 599 4019 periale,
626 3951 731 4006 hoc
755 3962 839 4007 est
868 3952 1010 4021 quod
1058 3960 1204 4007 tenet
1246 3967 1342 4017 per
1381 3952 1639 4006 animam.
1669 3950 1772 4006 Per
1816 3953 1927 4006 haec

361 4044 673 4114 agnoscitur
725 4056 779 4099 et
829 4045 1100 4115 pudicitiae
1157 4047 1433 4101 honestas.
1488 4045 1554 4099 Et
1601 4054 1746 4099 certe
1798 4060 1928 4102 caro

359 4135 659 4191 contrarias
689 4137 931 4207 suggerit
980 4137 1249 4191 motiones
1288 4155 1301 4190 :
1340 4146 1534 4206 utpote
1580 4137 1931 4191 irrationabi-

364 4227 494 4279 lium
525 4227 592 4281 ad
637 4228 1157 4282 communicationes
1214 4244 1227 4281 :
1279 4228 1370 4281 sed
1421 4228 1614 4281 anima:
1666 4230 1929 4298 cogitatus

358 4316 663 4386 gubernans
697 4317 968 4371 motiones
998 4316 1562 4386 concupiscentiarum
1583 4357 1598 4380 ,
1640 4327 1695 4371 et
1722 4320 1929 4388 asperi-

2021 1855 2091 1909 sit
2118 1856 2311 1908 animae
2342 1854 2609 1924 cogitatus
2634 1858 2657 1906 ἲ
2698 1853 2917 1918 Quoties
2952 1868 3177 1908 accensa
3207 1864 3291 1908 est
3319 1856 3585 1923 concupi—

2020 1947 2249 2008 scentia,
2273 1956 2328 1999 et
2354 1945 2520 1999 voluit
2546 1960 2665 2000 esse
2703 1960 2797 1999 sua
2832 1943 3034 2007 aliena,
3059 1955 3113 1999 et
3143 1960 3370 1999 accensa
3397 1958 3502 2008 est,
3537 1955 3596 2001 et

2022 2036 2151 2089 arsit
2183 2034 2449 2090 ﬂamma?
2495 2037 2588 2091 sed
2636 2051 2827 2091 sensus
2857 2052 3047 2091 rorans
3088 2038 3349 2092 exstinxit
3397 2039 3595 2092 motio-

2021 2143 2166 2191 nem,
2192 2137 2246 2183 et
2271 2130 2562 2183 marcidam
2599 2129 2867 2184 ﬂammam
2911 2128 3111 2195 effecit,
3140 2141 3191 2185 et
3218 2131 3454 2185 ostendit
3492 2131 3597 2185 ho-

2020 2220 2153 2273 mini
2198 2221 2407 2275 ratione
2455 2223 2582 2291 quia
2616 2223 2780 2276 homo
2811 2230 2917 2287 est,
2964 2231 3020 2277 et
3068 2238 3175 2277 non
3212 2222 3598 2277 irrationabile

2021 2325 2203 2380 pecus.
2227 2308 2344 2365 Non
2366 2326 2551 2367 sumus
2574 2314 2719 2368 inter
2739 2329 2930 2383 greges
2957 2313 3025 2367 ad
3050 2314 3597 2378 communicationes,

2022 2401 2115 2456 sed
2143 2401 2344 2469 nuptiae
2367 2402 2510 2470 apud
2557 2418 2675 2468 nos,
2712 2414 2766 2458 et
2800 2404 2851 2458 in
2876 2403 3127 2459 domibus
3156 2444 3171 2468 ,
3202 2416 3256 2459 et
3296 2404 3600 2458 successio-

2023 2506 2118 2546 nes
2141 2502 2194 2546 et
2215 2494 2561 2563 cognationes
2582 2494 2869 2549 habentur.
2893 2494 3265 2565 Compatimur
3283 2495 3429 2549 enim
3456 2494 3600 2550 alter

2028 2584 2204 2647 alteri,
2239 2595 2294 2638 et
2321 2586 2745 2655 cougaudemus.
2785 2585 3065 2656 Cogitatus
3094 2588 3237 2641 enim
3288 2586 3599 2655 conjungit,

2021 2688 2075 2730 et
2106 2688 2369 2746 separatae
2397 2679 2596 2745 nuptiae
2624 2679 2764 2746 apud
2792 2693 2890 2733 nos
2934 2688 3083 2733 sunt.
3130 2680 3414 2747 Separavit
3440 2681 3597 2735 enim

2024 2768 2127 2822 hoc
2152 2768 2293 2822 ratio
2323 2782 2516 2822 sensus
2544 2786 2557 2822 :
2589 2778 2646 2823 et
2677 2770 2815 2837 quod
2852 2776 2934 2823 est
2956 2769 3294 2836 admirabile,
3321 2785 3444 2839 qua:
3482 2784 3599 2825 non

2022 2866 2107 2913 est
2143 2857 2261 2912 visa
2293 2859 2343 2913 ei
2390 2860 2483 2928 qui
2524 2873 2631 2914 non
2678 2868 2764 2913 est
2791 2860 2940 2914 visus
2964 2899 2979 2924 ,
3010 2869 3103 2913 aut
3132 2859 3257 2915 alibi
3291 2860 3491 2914 nutrita
3544 2862 3598 2914 ei

2038 2951 2128 3019 qui
2161 2950 2283 3005 alibi
2310 2959 2392 3005 est
2415 2952 2697 3017 educatus,
2730 2951 2911 3006 subito
2944 2951 3137 3005 tradita
3170 2951 3459 3019 conjuncta
3508 2964 3599 3004 est

2026 3043 2238 3097 ratione
2267 3052 2321 3096 et
2371 3057 2531 3096 sensu
2564 3051 2617 3097 et
2668 3042 2926 3111 cogitatu,
2956 3049 3013 3097 et
3060 3042 3469 3111 praebonoratus
3513 3054 3603 3096 est

1956 3116 1988 3139 υ
2023 3136 2116 3205 qui
2164 3136 2374 3205 accepit
2422 3144 2475 3190 et
2512 3136 2652 3203 patri
2704 3135 2939 3199 dilecto,
2990 3144 3044 3189 et
3106 3135 3263 3189 matri
3298 3134 3600 3199 amicae,et

2021 3226 2171 3282 omni
2216 3226 2549 3295 cognationi.
2595 3224 2712 3280 Non
2766 3226 2909 3281 enim
2959 3225 3089 3279 mihi
3126 3239 3269 3279 nunc
3300 3225 3600 3279 inducatur

2024 3333 2209 3373 eorum
2259 3318 2352 3386 qui
2379 3317 2684 3372 adulterant
2725 3333 3005 3372 nummum
3052 3316 3207 3385 (ll):
3246 3317 3371 3385 quia
3408 3331 3518 3372 nec
3567 3333 3600 3373 a

2024 3409 2183 3464 caecis
2204 3407 2519 3478 agnoscitur
2554 3407 2695 3463 oculi
2742 3408 2932 3473 virtus,
2961 3423 3137 3479 neque
3165 3422 3193 3460 a
3217 3408 3426 3462 claudis
3473 3423 3598 3462 am-

2024 3499 2233 3554 bulatio
2263 3509 2405 3554 recta
2435 3538 2450 3563 ,
2504 3513 2680 3567 neque
2711 3499 2779 3553 ab
2818 3498 3075 3553 adulteris
3108 3501 3310 3553 nummi
3341 3500 3599 3571 figuratio

2024 3603 2171 3643 vera.
2203 3588 2308 3642 Sed
2342 3589 2542 3658 nuptiae
2572 3590 2680 3642 sint
2700 3589 2917 3657 nuptiae,
2945 3605 3064 3658 qua:
3088 3590 3337 3645 terminis
3369 3591 3601 3646 rationis

2026 3696 2055 3732 a
2106 3680 2341 3747 cogitatu
2403 3691 2534 3733 sunt
2572 3680 2869 3735 honoratae.
2902 3680 3019 3735 Duo
3063 3682 3207 3736 enim
3242 3682 3599 3747 ﬁuntunum,

2029 3771 2153 3839 quia
2181 3786 2246 3824 ex
2276 3785 2384 3825 uno
2411 3770 2537 3825 facti
2570 3779 2699 3825 sunt
2732 3771 2801 3827 ab
2823 3771 2980 3825 initio
3005 3773 3131 3826 duo.
3160 3771 3226 3825 Et
3248 3773 3373 3841 quis
3397 3774 3604 3841 poterit

2029 3861 2289 3916 exhibere
2312 3876 2499 3917 eorum
2529 3863 2623 3931 qui
2645 3862 2925 3917 salvantur
2954 3863 3203 3933 ﬁguram,
3229 3864 3600 3933 pulchritudi-

2029 3968 2151 4008 nem
2182 3994 2195 4018 ,
2246 3955 2684 4024 speciositatem,
2733 3955 2930 4026 quibus
2980 3958 3238 4013 tristities
3290 3958 3602 4015 conSolatio

2030 4054 2113 4100 est
2141 4046 2164 4099 ?
2192 4047 2498 4114 partiuntur
2523 4047 2689 4111 enim,
2715 4056 2767 4102 et
2805 4047 3124 4103 alterutrum
3157 4065 3320 4104 onera
3356 4061 3599 4119 portant,

2029 4146 2085 4192 et
2109 4137 2243 4192 alius
2276 4153 2376 4207 pro
2408 4138 2511 4193 alio
2534 4138 2799 4194 sollicitus
2828 4149 2933 4202 est,
2982 4151 3042 4194 ut
3084 4157 3189 4195 non
3220 4142 3463 4196 tristetur
3501 4159 3603 4198 nec

2031 4229 2229 4295 doleat,
2272 4245 2358 4294 ne,
2394 4230 2439 4283 si
2487 4246 2592 4285 non
2624 4231 2805 4285 videat
2840 4233 3070 4299 tristem,
3100 4235 3295 4288 iterum
3330 4236 3598 4293 tristetur.

2034 4323 2141 4377 Aut
2166 4323 2308 4378 enim
2335 4324 2599 4391 figuratur
2622 4325 2916 4392 tristitiam,
2948 4333 3042 4379 aut
3068 4325 3388 4396 pellit.Cum
3418 4338 3600 4382 autem

359 4418 522 4462 tatem
575 4408 859 4463 libidinum
918 4421 1147 4478 regens,
1194 4408 1439 4462 catendit
1481 4408 1607 4477 quia
1662 4408 1839 4462 anima
1892 4424 1922 4462 a
1955 4421 1999 4475 Ι)
2034 4416 2324 4469 incurrerit
2372 4415 2587 4485 aliquod
2634 4418 2888 4486 gaudium
2934 4427 3029 4473 aut
3074 4419 3351 4484 laetitiam,
3392 4412 3603 4477 videbis

359 4514 584 4567 corpore
612 4508 860 4568 separata
892 4508 996 4555 est.
1022 4497 1080 4552 Si
1112 4497 1255 4551 enim
1285 4512 1482 4567 corpus
1522 4499 1790 4564 turbatur,
1816 4516 1923 4555 mo-

359 4603 536 4655 vetur,
571 4588 862 4645 fluctuatur
904 4604 933 4643 a
985 4588 1439 4657 concupiscentiis
1465 4628 1481 4653 ,
1516 4589 1694 4644 anima
1744 4602 1922 4645 autem

358 4682 621 4751 gubernat
653 4698 669 4735 :
696 4696 892 4750 corpus
924 4680 1164 4737 exsultat
1195 4683 1337 4736 escis
1366 4722 1381 4748 ,
1412 4683 1593 4738 anima
1622 4693 1799 4740 autem
1834 4701 1928 4741 co-

357 4774 528 4843 gitatu
561 4774 800 4829 refrenat
831 4787 1029 4842 corpus
1063 4792 1077 4827 :
1108 4788 1306 4845 corpus
1334 4762 1539 4844 expetit
1565 4790 1784 4843 escam;
1810 4794 1929 4833 eva-

358 4866 743 4931 cuaturenim,
778 4876 830 4920 et
876 4867 989 4920 vult
1022 4867 1215 4921 iterum
1248 4869 1525 4938 adimpleri
1559 4888 1571 4923 :
1608 4871 1787 4925 anima
1833 4888 1929 4926 au-

360 4966 466 5010 tem
490 4959 589 5012 sub
619 4972 713 5027 spe
760 4958 1129 5028 religiositatis
1158 4961 1356 5014 retinet
1402 4961 1729 5016 desiderium
1764 4981 1778 5017 :
1808 4980 1931 5018 cor-

364 5064 463 5115 pus
487 5048 641 5113 sitit;
667 5050 844 5103 anima
898 5062 1179 5105 mensurat
1215 5054 1356 5120 quod
1389 5054 1438 5106 ei
1474 5063 1559 5109 est
1588 5055 1716 5109 utile
1753 5074 1767 5109 :
1806 5072 1929 5110 cor-

364 5156 463 5209 pus
486 5150 666 5195 movet
699 5140 917 5204 fluctus,
943 5142 1123 5196 anima
1154 5155 1332 5197 autem
1368 5146 1816 5213 tranquillitatem
1846 5149 1933 5200 ad~

362 5233 531 5287 ducit.
560 5231 771 5301 Corpus
796 5233 908 5286 sola
933 5248 1051 5301 quae
1080 5244 1207 5289 sunt
1241 5236 1455 5303 quaerit,
1482 5244 1537 5289 et
1563 5252 1669 5290 non
1696 5252 1815 5305 quae
1836 5253 1929 5291 sua

362 5334 488 5377 sunt
514 5332 739 5383 tantum,
762 5326 857 5378 sed
892 5333 948 5378 et
975 5340 1137 5393 supra
1168 5339 1228 5378 ea
1257 5341 1375 5394 quae
1407 5340 1503 5380 sua
1527 5337 1672 5383 sunt.
1705 5328 1759 5381 Si
1785 5328 1929 5382 enim

364 5430 469 5466 non
533 5416 745 5469 adesset
798 5416 978 5469 anima
1032 5432 1389 5482 mensurans,
1441 5428 1625 5489 posset
1679 5419 1933 5475 aviditate

358 5520 604 5559 escarum
620 5522 815 5575 corpus
838 5510 1132 5578 corrumpi,
1155 5520 1208 5564 et
1230 5525 1257 5563 a
1294 5512 1567 5579 potatione
1591 5526 1813 5583 crepare
1835 5528 1926 5568 su-

429 5686 543 5755 (Ην)
570 5686 667 5740 Ms.
699 5688 782 5755 qui
810 5689 1108 5743 adulteram
1151 5706 1411 5744 nummus.

2032 4505 2134 4559 ista
2166 4505 2423 4575 duplicia.
2456 4506 2611 4561 Sicut
2642 4508 2785 4563 enim
2817 4510 3220 4578 compatiuntur
3248 4510 3350 4565 sibi
3384 4511 3437 4565 in
3460 4512 3602 4566 mul-

2034 4598 2103 4653 tis
2124 4640 2138 4663 ,
2170 4598 2241 4652 ita
2277 4606 2331 4652 et
2361 4598 2713 4654 collactantur.
2750 4598 3029 4670 Cogitatus
3079 4601 3259 4670 itaque
3285 4603 3449 4656 etiam
3486 4603 3600 4657 for-

2034 4691 2245 4746 tissima
2280 4690 2436 4744 nobis
2468 4691 2718 4744 animalia
2744 4692 2989 4761 subjecit.
3009 4691 3430 4762 Comprehendit
3455 4697 3601 4750 enim

2032 4791 2088 4836 et
2111 4781 2339 4847 velocia,
2377 4790 2431 4835 et
2465 4788 2619 4837 tarda
2650 4784 2857 4837 domuit
2886 4792 2941 4837 et
2969 4784 3221 4852 subjecit.
3252 4785 3603 4842 Descendens

2035 4881 2213 4927 autem
2252 4873 2304 4927 in
2330 4886 2503 4937 mare,
2531 4875 2837 4928 necessaria
2864 4875 3019 4930 nobis
3058 4877 3124 4931 ad
3159 4892 3314 4930 usum
3365 4878 3555 4933 eduxit
3585 4895 3602 4942 ;

2035 4972 2090 5018 et
2123 4967 2189 5018 ad
2239 4979 2421 5019 aerem
2471 4967 2791 5033 perveniens
2818 5005 2834 5030 ,
2866 4967 2987 5021 inde
3021 4981 3083 5022 ea
3113 4982 3232 5036 quae
3260 4968 3509 5025 videmus
3552 4979 3607 5025 et

2037 5056 2425 5109 manducamus
2458 5056 2725 5126 deposuit.
2760 5057 3038 5128 Decerpsit
3068 5060 3230 5113 etiam
3278 5059 3345 5113 ab
3394 5061 3605 5115 arbori-

2034 5148 2134 5201 bus
2156 5157 2210 5201 et
2236 5147 2452 5216 plantis,
2480 5156 2536 5202 et
2554 5165 2583 5203 a
2602 5158 2744 5203 terra
2763 5159 2817 5204 et
2842 5151 2909 5203 ab
2936 5150 3258 5206 animalibus
3276 5153 3603 5217 necessaria,

2039 5248 2094 5292 et
2122 5241 2352 5307 partitus
2373 5251 2477 5306 est,
2497 5250 2551 5295 et
2576 5243 2753 5297 omnia
2775 5243 2928 5298 nobis
2950 5244 3019 5298 ob
3038 5260 3201 5297 unam
3226 5259 3423 5299 sensus
3439 5249 3603 5298 ratio-

2040 5346 2161 5386 nem
2181 5334 2409 5401 paravit.
2429 5334 2639 5388 Nullum
2663 5336 2806 5390 enim
2835 5337 3031 5389 animal
3060 5338 3132 5390 ita
3150 5320 3405 5401 estTorte,
3435 5346 3496 5390 ut
3518 5353 3606 5391 co-

2045 5424 2234 5490 gitatui
2279 5426 2349 5479 sit
2376 5426 2605 5481 fortior:
2639 5428 2907 5496 siquidem
2958 5443 3057 5482 nec
3097 5443 3269 5497 penna
3305 5429 3432 5485 huic
3461 5430 3605 5483 velo.

2042 5516 2157 5570 cior
2202 5516 2475 5573 invenitur
2504 5537 2518 5574 :
2552 5519 2647 5575 sed
2699 5532 2901 5590 quanta
2936 5522 3084 5577 carni
3121 5532 3317 5577 nostra:
3356 5523 3427 5577 ob
3460 5521 3609 5576 inﬁr-
