3822 6218
202 302 339 363 HM

1410 302 1500 357 DE
1539 298 2000 358 INCORPORALI
2038 296 2275 352 ANIMA.

3307 290 3445 344 1H9.

200 421 450 477 mitatem
502 418 693 476 deesse
728 418 1000 484 videntur,
1040 419 1155 474 hac
1203 419 1425 475 fortiora
1466 420 1773 475 efficiuntur
1798 424 1843 481 Α
1874 419 2021 474 dives
2046 417 2137 487 qui
2166 414 2371 471 creavit
2390 413 2551 475 Deus,
2570 420 2624 466 et
2648 408 2735 479 qui
2766 410 2955 476 dignus
2984 416 3065 461 est
3088 406 3300 462 habitus
3320 421 3443 457 sen—

201 515 406 568 virtute
434 526 627 568 sensus
652 521 707 568 et
734 512 1022 580 cogitatus.
1055 511 1168 566 Non
1194 520 1373 582 potest
1415 523 1595 568 nostra
1624 514 1770 584 aspi-

203 608 349 662 ratio
372 606 662 674 plurimum
696 604 937 660 contueri
978 605 1031 658 in
1082 605 1240 659 mari.
1273 604 1410 671 Quid
1440 606 1615 674 ergo?
1645 621 1772 660 num

200 696 419 767 aufugit
440 711 537 753 nos
566 710 716 751 mare
743 696 763 749 ἲ
810 694 999 750 Nonne
1024 694 1073 749 ei
1109 695 1224 764 (42)
1252 696 1419 750 maris
1450 695 1773 765 profundum

206 788 481 857 cogitatus
528 787 775 851 invenit,
802 796 863 842 nt
918 803 1061 842 nunc
1091 787 1308 858 quidem
1346 786 1499 842 funes
1530 782 1603 841 ‘in
1638 788 1772 842 mari

213 884 531 951 deponeret,
567 897 711 937 nunc
743 882 878 936 retia
905 885 1256 951 expanderet,
1287 882 1392 937 alio
1415 890 1592 937 antem
1636 891 1774 936 tem-

206 986 345 1043 pore
390 972 505 1026 alia
547 971 978 1026 machinamenta
1018 971 1377 1028 immitteret?
1426 972 1689 1040 siquidem
1722 978 1777 1023 et

204 1077 309 1135 per
333 1077 536 1117 cannas
587 1063 654 1117 ad
686 1062 1012 1132 profundum
1062 1063 1352 1132 pervenit,
1401 1072 1458 1119 et
1505 1078 1602 1132 per
1630 1069 1777 1116 setas

206 1160 486 1223 operatur.
533 1150 653 1208 Jam
689 1161 865 1207 autem
896 1162 955 1208 et
981 1155 1305 1219 margaritas
1333 1160 1583 1209 scrutaris
1626 1152 1777 1206 inve-

209 1247 312 1311 nit,
336 1256 391 1301 et
424 1245 708 1315 spirationl
756 1255 954 1299 nostra:
982 1245 1229 1314 deposuit
1260 1245 1531 1301 solatium.
1560 1243 1628 1297 Et
1664 1242 1775 1311 pri-

208 1352 303 1392 mo
331 1337 573 1406 quidem,
601 1336 871 1405 quomodo
907 1336 1170 1392 intellexit
1194 1351 1255 1391 ea
1296 1352 1411 1406 quae
1438 1338 1488 1390 in
1514 1334 1777 1404 profundo

206 1428 379 1481 maris
407 1438 533 1482 sunt
567 1427 785 1497 posita?
808 1436 862 1482 et
885 1427 1005 1481 dein
1032 1429 1302 1496 quomodo
1330 1429 1494 1497 coepit
1523 1427 1657 1497 (45),
1683 1436 1776 1481 aut

209 1519 432 1586 agnovit
459 1533 615 1574 nsum
649 1533 857 1585 eorum,
891 1531 950 1574 ut
978 1521 1222 1591 quaedam
1255 1521 1470 1591 quidem
1498 1529 1778 1591 separaret

209 1611 281 1665 ad
302 1625 508 1675 escam,
541 1612 785 1680 quaedam
816 1622 995 1667 autem
1046 1616 1362 1668 reconderet
1396 1614 1459 1667 ad
1488 1611 1775 1675 medelam,

211 1701 321 1754 alia
350 1701 573 1771 eligeret
600 1703 668 1758 ad
706 1712 955 1759 ornatum
980 1705 1004 1757 i
1043 1705 1254 1758 Invenit
1302 1714 1479 1759 autem
1509 1712 1563 1758 et
1591 1704 1694 1758 iter
1721 1704 1777 1757 in

1878 524 1969 565 sua
2014 507 2106 561 tali
2145 506 2360 568 divitia,
2422 510 2481 557 ut
2522 503 2635 556 hac
2676 498 2856 554 omnia
2907 506 3256 552 scrutaretur.
3308 493 3449 548 Vidit

1878 600 2020 655 enim
2053 596 2317 667 cogitatus
2347 595 2398 649 in
2429 591 2618 650 sabulo
2634 589 2851 645 vitrum.
2882 587 3093 642 Intuere
3119 598 3248 653 ergo
3276 598 3449 653 quan-

1881 700 1992 745 tum
2022 689 2188 744 distat
2218 687 2486 755 cogitatus
2510 697 2544 738 a
2575 694 2823 752 corpore.
2861 678 3002 747 Quid
3032 677 3175 733 videt
3209 677 3396 731 oculus
3424 673 3451 729 2

1880 779 2123 836 sabulum
2154 795 2168 832 :
2201 778 2328 848 quid
2350 777 2493 831 videt
2510 790 2700 829 sensus
2724 773 2748 826 ἲ
2768 772 2984 827 vitrum.
3015 767 3246 823 Intueris
3280 765 3448 821 alium

1878 881 1933 927 et
1961 870 2122 925 alium
2156 868 2288 923 :ille
2325 869 2467 923 enim
2494 865 2640 920 videt
2668 861 2939 926 sabulum,
2962 860 3062 915 iste
3097 866 3273 913 autem
3303 857 3449 910 videt

1879 965 2100 1026 vitrum,
2135 960 2276 1029 quod
2304 959 2531 1014 necdum
2563 964 2665 1010 est.
2700 953 2842 1022 Ergo
2884 967 2988 1006 non
3030 950 3218 1006 oculus
3254 962 3445 1015 corpo-

1880 1052 2008 1107 ralis
2036 1052 2294 1113 intuetur,
2326 1046 2415 1117 qui
2445 1061 2542 1100 nec
2564 1044 2711 1099 videt
2736 1042 2836 1096 nisi
2858 1038 3093 1096 adfuerit
3116 1037 3315 1092 anima.
3341 1035 3450 1090 Sed

1880 1154 1935 1199 et
1963 1157 2086 1197 cum
2115 1141 2326 1196 videtur
2356 1136 2559 1202 videre,
2573 1135 2726 1190 aliter
2742 1133 2884 1187 videt
2924 1144 3119 1200 corpus
3149 1137 3204 1182 et
3227 1127 3449 1183 oculus:

1880 1242 1935 1287 et
1968 1239 2117 1287 certe
2151 1230 2331 1284 anima
2355 1227 2501 1281 videt
2548 1240 2643 1294 per
2680 1238 2846 1277 eum:
2886 1221 3042 1277 aliter
3079 1221 3318 1275 intuetur
3358 1232 3451 1272 co-

1882 1327 2135 1395 gitatus~a
2171 1320 2481 1388 semetipso.
2522 1316 2637 1371 Non
2673 1314 2806 1369 vidit
2844 1314 3040 1382 corpus
3077 1318 3447 1371 atramentum,

1884 1432 1985 1471 non
2006 1414 2140 1469 vidit
2168 1426 2364 1482 corpus
2387 1412 2585 1465 ferrum
2603 1446 2622 1471 ,
2650 1405 2743 1461 sed
2772 1403 2913 1473 lapis.
2944 1410 3062 1457 erat
3090 1410 3144 1456 et
3164 1410 3325 1455 terra.
3347 1399 3450 1454 Co-

1882 1509 2080 1579 gitatus
2121 1512 2301 1559 autem
2335 1500 2520 1556 videns
2557 1513 2676 1568 quae
2700 1510 2804 1551 non
2832 1491 3451 1557 videbantur,aestimans

1883 1601 2010 1670 quid
2049 1597 2290 1652 facturus
2316 1601 2460 1650 esset
2487 1590 2707 1663 ignis,si
2731 1585 3104 1644 confabulatns
3134 1594 3291 1637 terra:
3320 1581 3454 1635 fuis-

1884 1700 1966 1747 set
1997 1691 2098 1745 iste
2124 1686 2386 1758 (“Moon
2415 1694 2592 1737 tamen
2621 1680 2801 1744 omni;
2831 1686 2884 1733 et
2926 1675 2999 1730 illi
3038 1673 3220 1743 lapidi,
3264 1680 3318 1726 et
3352 1686 3455 1726 non

210 1795 374 1848 mari.
403 1795 688 1865 Accipiens
722 1796 866 1849 enim
898 1811 929 1849 e
962 1807 1102 1850 terra
1150 1797 1403 1861 arbores,
1428 1793 1673 1849 vehicula
1725 1794 1780 1847 in
1812 1776 1856 1833 Β
1883 1781 2050 1839 omni.
2083 1779 2341 1846 Quaereris
2368 1775 2510 1829 enim
2550 1779 2902 1865 aeramentnm
2931 1777 3129 1822 terram
3160 1765 3459 1865 accepitnet

211 1885 466 1940 dorsibus
493 1896 753 1955 operatus
780 1896 862 1940 est
892 1887 1078 1941 maris.
1112 1886 1392 1941 Generans
1439 1885 1583 1940 enim
1634 1892 1779 1939 artes

210 1984 308 2028 aut
342 1974 643 2044 suscipiens
668 2014 682 2037 ,
714 1976 781 2029 ad
812 1990 875 2030 ea
911 1991 1044 2030 usus
1073 1984 1156 2029 est
1178 1990 1295 2043 quae
1334 1974 1562 2043 accepit,
1600 1983 1658 2030 et
1705 1982 1783 2029 te-

212 2076 391 2120 statur
435 2075 684 2121 creatura
726 2066 987 2134 sapientis
1010 2081 1106 2135 per
1136 2066 1315 2121 omnia
1346 2065 1462 2119 Dei.
1490 2064 1783 2135 Accipiens

210 2157 360 2211 enim
410 2170 600 2226 aquam
624 2165 679 2211 et
710 2157 885 2226 ignem
912 2166 967 2211 et
999 2166 1202 2213 terram
1240 2166 1295 2211 et
1325 2170 1505 2212 aerem
1535 2166 1589 2211 et
1621 2157 1784 2212 arbo-

216 2261 307 2302 res
356 2255 413 2302 et
456 2263 606 2302 mare
656 2257 711 2303 et
741 2248 918 2305 fontes
941 2258 997 2303 et
1028 2257 1239 2305 montes
1262 2258 1316 2304 et
1352 2263 1574 2318 campos
1595 2289 1611 2315 ,
1648 2249 1784 2304 nihil

214 2340 411 2393 horum
451 2339 524 2393 ita
551 2350 608 2395 ut
632 2342 840 2410 accepit
864 2341 1096 2396 otiosum
1141 2355 1264 2396 esse
1303 2341 1572 2411 permisit.
1613 2341 1783 2396 Coac-

212 2440 437 2497 ceperat
467 2431 609 2485 enim
641 2432 909 2487 virtutem
950 2433 1215 2502 cogitatus
1265 2441 1322 2487 et
1371 2432 1670 2502 sapientiae.
1718 2432 1787 2486 Et

216 2523 343 2576 ideo
367 2523 720 2579 considerans
748 2539 809 2579 ea
845 2539 965 2593 qua:
995 2525 1193 2579 inidem
1225 2535 1384 2581 erant
1407 2525 1617 2581 occulta
1640 2567 1656 2593 ,
1684 2526 1784 2579 ba-

216 2615 336 2669 buit
364 2630 606 2682 sensum,
634 2625 694 2671 ut
713 2616 762 2671 ei
799 2616 1078 2671 adveniret
1100 2623 1156 2671 et
1187 2626 1506 2685 operaretur
1527 2628 1581 2672 et
1607 2626 1786 2672 utere-

217 2715 328 2758 tur.
363 2705 587 2778 Accepit
619 2710 763 2765 enim
792 2710 964 2780 ignem
984 2750 999 2773 ,
1034 2719 1090 2765 et
1122 2711 1328 2765 invenit
1354 2711 1610 2767 solatium
1638 2720 1788 2767 tene-

217 2796 337 2852 bris
357 2807 412 2853 et
432 2800 605 2854 noctis
632 2800 895 2856 obscurat.
926 2800 1136 2858 Invenit
1163 2802 1435 2873 quomodo
1479 2818 1547 2858 ex
1592 2803 1785 2873 lapidi-

220 2891 324 2945 bus
354 2889 584 2946 eﬂieitur
615 2893 815 2947 ferrum
850 2912 864 2947 :
904 2894 1106 2949 invenit
1152 2894 1419 2963 quomodo
1462 2904 1604 2949 esset
1649 2910 1788 2949 aera-

224 2990 466 3036 mentum
492 2991 710 3040 eterra.
736 2984 943 3040 Invenit
974 2990 1244 3056 quomodo
1271 3001 1463 3040 aurum
1509 2996 1786 3056 purgatur,

1882 1886 2127 1943 quaerens
2164 1869 2364 1924 ferrum
2408 1865 2636 1935 lapidem
2685 1860 2952 1930 sumpsit;
2982 1866 3035 1913 et
3078 1872 3184 1912 non
3232 1855 3455 1921 erravit,

1883 1965 1977 2020 sed
2007 1961 2228 2033 agnovit
2264 1959 2317 2012 in
2347 1965 2606 2027 quantum
2637 1953 2857 2008 deberet
2897 1950 3003 2020 igni
3039 1948 3366 2018 permittere.
3399 1946 3457 1999 Si

1883 2052 2024 2109 enim
2056 2049 2332 2106 transierit
2362 2060 2668 2101 mensuram
2693 2059 2724 2097 a
2749 2044 2856 2096 Deo
2886 2049 3181 2108 acceptam,
3214 2038 3349 2108 ignis
3365 2038 3459 2107 qui

1882 2153 2074 2215 purgat
2104 2140 2396 2197 consumit.
2426 2140 2507 2191 Ita
2545 2136 2604 2198 in.
2630 2132 2931 2189 istiusmodi
2960 2130 3203 2186 materiis
3236 2129 3459 2184 immisit

1885 2233 2153 2301 cogitatus
2181 2244 2335 2285 suam
2366 2226 2804 2289 admirationem,
2838 2222 2892 2277 in
2934 2221 3079 2276 vasis
3108 2233 3260 2275 suam
3284 2216 3460 2272 varie-

1884 2329 2070 2385 tatem,
2094 2320 2145 2373 in
2166 2316 2566 2386 operationibus
2588 2327 2739 2369 suam
2763 2312 3035 2373 virtutem,
3067 2309 3119 2362 in
3142 2321 3462 2378 operamen-

1888 2413 1954 2466 tis
1978 2426 2127 2466 suam
2154 2407 2498 2479 sapientiam.
2532 2406 2831 2461 Procreans
2863 2402 3005 2457 enim
3046 2400 3240 2454 artium
3272 2405 3460 2468 gentes

1886 2515 1941 2558 et
1965 2501 2366 2572 disciplinarum
2391 2497 2643 2569 populos,
2677 2506 2731 2549 et
2777 2495 3024 2550 nationes
3058 2502 3113 2548 et
3154 2505 3375 2563 genera.
3406 2498 3462 2545 et

1887 2607 2147 2664 separans
2173 2591 2277 2644 alia
2312 2590 2493 2653 aliter,
2537 2596 2592 2643 et
2613 2589 2664 2641 in
2693 2587 2797 2642 alio
2826 2600 2987 2656 opere
3026 2584 3183 2639 aliter
3207 2590 3463 2653 operatus

1887 2696 1972 2741 est
1992 2684 2281 2754 unicuique
2305 2690 2652 2753 operamenta
2676 2687 2944 2748 separata,
2967 2687 3020 2733 et
3048 2676 3315 2747 suggessit
3342 2689 3459 2730 ma-

1889 2777 2088 2842 terias;
2132 2785 2187 2831 et
2222 2774 2364 2829 illam
2392 2773 2608 2843 quidem
2638 2770 2817 2842 posuit
2842 2785 2994 2834 auro,
3016 2767 3174 2822 aliam
3194 2766 3464 2838 separavit

1889 2892 1956 2946 ad
1986 2901 2292 2961 argentum,
2311 2889 2538 2944 alteram
2572 2890 2637 2943 ad
2663 2895 3037 2951 aaramentum,
3063 2893 3118 2940 et
3142 2885 3258 2941 alia:
3279 2892 3460 2940 osten-

1893 2982 1973 3036 dit
2001 2980 2226 3045 ferrum,
2255 2982 2371 3035 alia:
2395 2980 2781 3036 demonstravit
2803 2978 3071 3043 sabulum,
3099 2983 3153 3031 et
3182 2990 3252 3031 ex
3274 2971 3462 3029 sabulo

221 3074 492 3137 quomodo
557 3088 838 3145 argentum
893 3078 1127 3144 colatur,
1184 3078 1453 3149 quomodo
1512 3080 1787 3148 plumbum
1816 3103 1862 3165 ο
1892 3074 2126 3128 fructum
2159 3072 2306 3127 vitri.
2339 3073 2472 3126 Alia:
2497 3072 2642 3126 dedit
2676 3070 2917 3126 invenire
2944 3076 3185 3122 naturam
3210 3066 3463 3119 arborum

220 3162 488 3220 conﬂatur
516 3175 574 3221 et
624 3168 845 3235 ferrum,
874 3178 929 3224 et
953 3168 1222 3239 quomodo
1245 3185 1314 3225 ex
1364 3171 1449 3225 bis
1479 3186 1605 3224 vasa
1649 3170 1789 3240 ﬁgu-

223 3265 435 3321 rantur,
470 3266 526 3311 et
569 3272 818 3313 vasorum
872 3260 1109 3316 varietas
1134 3300 1149 3323 ,
1191 3271 1247 3316 et
1286 3276 1407 3332 qua:
1449 3262 1516 3315 ad
1547 3261 1790 3327 tutelam,

225 3360 347 3413 ηιίω
371 3347 437 3400 ad
467 3348 752 3414 medelam,
801 3364 921 3420 quae
969 3352 1036 3406 ad
1064 3353 1431 3421 Operationem
1464 3361 1641 3418 terrae,
1673 3369 1795 3422 qua:

226 3440 296 3490 ad
328 3439 746 3510 navigationem,
782 3457 902 3511 qua:
946 3444 1011 3497 ad
1044 3454 1268 3511 terram,
1292 3460 1410 3514 quae
1435 3446 1502 3500 ad
1534 3446 1792 3513 lapidem,

226 3543 348 3597 qua
377 3531 444 3583 ad
497 3530 661 3599 ligna,
701 3547 819 3602 qnae
859 3533 924 3588 ad
970 3549 1164 3605 aquam
1215 3545 1341 3589 sunt
1390 3535 1714 3599 necessaria,
1740 3544 1795 3588 et

225 3635 347 3690 qua
382 3624 633 3678 materies
662 3625 833 3695 magis
874 3627 1141 3695 quomodo
1164 3626 1442 3693 conﬂatur,
1466 3637 1520 3682 et
1546 3628 1675 3697 quid
1704 3629 1795 3682 de-

224 3710 351 3765 beat
382 3712 649 3782 accipere,
680 3723 735 3768 et
773 3717 1039 3783 quomodo
1075 3726 1324 3785 oporteat
1371 3717 1649 3773 coeﬂicere
1680 3719 1793 3787 spi-

228 3799 389 3852 ritum
420 3798 645 3857 ﬂammaa
666 3818 732 3857 ex
765 3804 886 3873 igne
918 3822 934 3858 :
968 3815 1115 3860 tanta
1146 3817 1274 3862 sunt
1295 3807 1456 3871 bona,
1489 3809 1666 3861 lumen
1695 3823 1793 3862 no-

223 3890 420 3957 ctibus,
454 3893 656 3948 medela
679 3896 1080 3963 aegrotantibus,
1118 3908 1524 3966 operamentum
1565 3898 1793 3964 artibus,

224 3992 287 4035 et'
309 3984 557 4053 agricolis
587 3987 947 4055 pugnantibus
966 3988 1268 4055 tuitionem,
1292 3989 1530 4059 paciﬁcis
1555 3990 1795 4044 tutelam.

225 4072 426 4128 lterum
448 4084 625 4129 autem
648 4079 940 4132 secundum
961 4080 1377 4148 unumquodque
1393 4089 1797 4148 operamentum

224 4172 282 4217 et
330 4177 443 4229 vas,
481 4174 678 4233 quanta
718 4168 858 4236 ignis
900 4177 1152 4236 operatur
1190 4170 1618 4225 consideremus.
1647 4169 1801 4226 Fecit

227 4269 440 4320 aurum,
463 4266 518 4311 et
547 4272 612 4311 ex
639 4273 773 4313 auro
811 4268 998 4327 tanta;
1028 4272 1342 4332 argentum,
1375 4272 1430 4316 et
1464 4278 1530 4315 ex
1577 4272 1800 4331 argento

228 4356 339 4399 tam
387 4346 594 4412 multa;
632 4358 688 4403 et
722 4361 1096 4417 aeramentum,
1132 4361 1188 4406 et
1233 4368 1301 4407 ex
1358 4353 1474 4421 ipso
1504 4354 1557 4407 in
1612 4354 1802 4422 primis

1893 3175 1947 3217 et
1968 3164 2334 3233 Operationem
2354 3172 2407 3218 et
2435 3177 2590 3218 usum
2622 3170 2679 3215 et
2710 3170 2969 3229 tempora.
2994 3158 3123 3211 Alia:
3150 3155 3355 3210 fructus
3375 3168 3469 3208 eo-

1895 3268 2035 3320 rum,
2058 3252 2175 3307 aliae
2200 3251 2463 3308 culturam
2495 3267 2706 3315 eorum,
2743 3250 2862 3305 aliae
2914 3246 3340 3303 adinventionem
3372 3258 3467 3299 eo-

1895 3361 2038 3411 rum,
2068 3345 2188 3400 alize
2213 3345 2473 3400 medelam
2503 3359 2569 3398 ex
2595 3344 2745 3413 ipsis.
2763 3351 2823 3398 et
2844 3340 2942 3410 ipsi
2977 3337 3258 3394 medicinae
3282 3343 3467 3391 nostra

1894 3451 2119 3504 corpora
2146 3435 2307 3506 :quid
2337 3434 2558 3489 deberet
2581 3434 2889 3495 amburere,
2916 3432 3043 3501 quid
3069 3436 3344 3498 oporteret
3365 3440 3463 3482 co-

1895 3542 2083 3597 quere,
2106 3541 2228 3581 cum
2255 3540 2363 3596 quo
2392 3525 2611 3580 deberet
2637 3524 2894 3589 miscere;
2918 3521 3044 3590 quid
3066 3519 3285 3574 deberet
3311 3530 3469 3585 sepa-

1895 3618 2057 3673 ratim
2114 3617 2333 3685 oﬂ‘erre,
2363 3616 2493 3687 quid
2538 3616 2852 3671 conveniret
2882 3628 3003 3669 cum
3044 3608 3313 3681 plurimis,
3337 3606 3468 3676 quid

1896 3710 2143 3774 crudum,
2176 3709 2304 3779 quid
2334 3706 2716 3777 incipientibus
2746 3702 2946 3759 morbis
2974 3711 3029 3758 et
3078 3701 3154 3757 illi
3203 3698 3467 3771 passioni,

1897 3804 2024 3871 quid
2049 3810 2225 3854 autem
2250 3801 2581 3872 promoventi
2614 3809 2668 3853 et
2697 3797 2806 3865 jam
2836 3794 3013 3865 posito
3045 3794 3099 3848 in
3137 3791 3467 3853 cessatione,

1897 3893 2022 3963 quid
2053 3892 2214 3947 etiam
2264 3892 2327 3946 in
2351 3890 2633 3946 insistendi
2663 3889 2836 3954 initio,
2865 3887 2993 3957 quid
3022 3899 3152 3941 vero
3190 3881 3469 3945 reddenti,

1898 3993 1953 4038 et
1985 3983 2253 4047 credenti,
2286 3992 2340 4038 et
2370 3982 2660 4037 recedenti.
2692 3978 2808 4034 Non
2841 3977 3086 4048 despexit
3120 3990 3220 4031 nec
3256 3973 3468 4028 anima-

1899 4077 2026 4129 lium
2056 4074 2283 4136 fructns,
2303 4074 2395 4128 sed
2429 4073 2656 4127 totondit
2671 4071 2822 4125 nobis
2837 4070 3146 4124 indumenta
3170 4080 3239 4121 ex
3258 4064 3475 4129 ovibus,

1901 4165 2132 4221 totondit
2162 4174 2217 4218 et
2246 4178 2277 4219 e
2308 4163 2486 4231 capris
2517 4161 2776 4235 plurimos
2800 4173 2948 4213 usus.
2978 4156 3045 4216 Et
3080 4170 3184 4210 non
3211 4165 3294 4211 est
3323 4153 3472 4208 dinu-

1900 4271 2111 4312 merare
2140 4266 2337 4328 quanta
2362 4269 2435 4311 ex
2463 4252 2786 4308 animalibus
2813 4259 2869 4305 et
2896 4247 3167 4303 alimoniis
3198 4245 3356 4301 nobis
3377 4243 3471 4299 de-

1901 4350 2041 4405 derit
2068 4350 2134 4403 ad
2158 4346 2622 4417 operimenta,_adi
2646 4358 2820 4406 usum,
2858 4341 2925 4398 ad
2947 4338 3236 4400 medelam,
3252 4336 3320 4391 ad
3343 4349 3479 4404 ope-

227 4436 553 4500 necessaria;
577 4446 632 4491 et
659 4441 1074 4508 unumquodque
1103 4442 1243 4509 quod
1280 4442 1511 4496 colatum
1547 4451 1639 4496 aut
1666 4458 1799 4498 con-
1826 4435 1876 4494 D
1902 4456 1959 4494 ra
1990 4456 2005 4493 :
2034 4448 2241 4507 quanta
2274 4453 2338 4491 ex
2363 4437 2665 4502 arboribus,
2683 4443 2881 4505 quanta
2909 4446 2941 4486 e
2980 4430 3142 4492 saxis,
3170 4437 3370 4498 quanta
3402 4441 3473 4481 ex

226 4527 412 4584 ﬂatum
453 4536 554 4596 est,
606 4534 781 4601 primo
826 4534 1040 4603 quidem
1081 4535 1359 4591 inventum
1393 4548 1497 4604 est,
1529 4538 1650 4593 dein
1681 4539 1794 4593 dis-

226 4630 474 4686 cretum,
524 4632 579 4677 et
614 4634 732 4693 post
777 4625 1100 4691 confectum,
1152 4636 1206 4683 et
1243 4629 1316 4682 ita
1370 4645 1544 4683 usum.
1603 4630 1797 4684 Didicit

225 4714 373 4768 enim
404 4715 666 4783 cogitatus
690 4718 884 4785 quibus
929 4720 1169 4786 pascitur
1214 4720 1389 4788 ignis:
1424 4730 1480 4774 et
1514 4729 1661 4775 certe
1695 4720 1795 4773 ali-

225 4804 437 4873 qu0ties
471 4802 626 4859 oﬂert
656 4805 796 4876 ligna
818 4807 884 4860 ad
906 4809 1199 4874 coctiones,
1221 4809 1507 4879 aliquoties
1528 4819 1708 4864 autem
1741 4820 1799 4865 ut

225 4905 465 4965 maneat,
499 4908 554 4954 et
582 4913 675 4966 per
712 4913 870 4968 quem
919 4900 1063 4971 ligna
1106 4910 1498 4956 consumuntur
1547 4916 1799 4971 perman-

226 4988 381 5053 serit,
414 5004 511 5057 per
545 4990 705 5043 istum
736 5004 951 5044 sensum
988 4992 1187 5044 nutrita
1233 5002 1553 5061 arguuntur.
1583 4992 1637 5044 In
1676 5001 1796 5045 tan-

226 5089 342 5133 tum
371 5079 515 5133 enim
550 5079 698 5133 dives
729 5089 812 5133 est
836 5080 927 5148 qui
952 5082 1161 5145 tribuit,
1188 5090 1242 5135 et
1272 5090 1476 5135 tantum
1499 5082 1697 5136 ditatus
1714 5092 1799 5137 est

224 5170 319 5239 qni
348 5171 619 5240 suscepit;
647 5171 793 5239 quia,
824 5171 866 5225 si
898 5170 1221 5227 voluerimus
1240 5172 1584 5239 contendere,
1602 5180 1657 5227 et
1683 5182 1799 5228 tan-

229 5272 342 5313 tum
386 5273 455 5315 ex
479 5260 707 5330 epiticiis
738 5261 913 5330 ignem
951 5275 1239 5331 exponere,
1279 5270 1334 5316 et
1368 5261 1517 5317 utilia
1565 5277 1684 5332 quae
1727 5278 1792 5318 ex

229 5352 353 5420 igne
386 5360 513 5406 sunt
542 5351 906 5417 manifestare,
950 5355 1177 5409 transiet
1219 5368 1323 5409 nox
1358 5354 1641 5423 conjuncta
1670 5353 1795 5420 diei,

225 5450 285 5496 et
311 5443 603 5499 manebunt
630 5444 768 5516 ignis
797 5443 964 5500 solius
994 5459 1099 5504 non
1135 5445 1315 5516 plena.
1356 5445 1594 5519 Apparet
1619 5451 1800 5500 autem

300 5660 416 5729 (42)
450 5660 535 5715 Ei.
572 5661 754 5727 Forte,
784 5671 851 5717 et.

303 5729 415 5803 (£3)
446 5731 626 5803 Capit.
663 5732 843 5801 Forte,
883 5734 1034 5805 cepit.

1903 4534 2077 4601 aquis,
2117 4539 2326 4600 quanta
2357 4544 2425 4583 ex
2456 4528 2759 4583 natantibus
2791 4534 2846 4578 et
2888 4521 3193 4578 volantibus
3220 4559 3237 4587 ,
3265 4526 3476 4588 quanta.

1902 4639 1969 4679 ex
1994 4637 2124 4676 auro
2151 4630 2206 4676 et
2244 4630 2485 4691 argento,
2520 4630 2573 4673 et
2620 4619 2797 4688 lignis,
2828 4625 2883 4670 et
2924 4613 3209 4685 lapidibus,
3244 4620 3298 4665 et
3335 4624 3471 4663 mra-

1904 4721 2103 4777 mento,
2129 4721 2184 4767 et
2213 4711 2456 4777 ferro,get
2486 4710 2722 4778 plumbo,
2752 4715 2806 4762 ct
2835 4722 2953 4777 quae
3007 4703 3367 4759 amburuntur
3416 4708 3471 4754 et

1906 4814 2010 4855 non
2039 4800 2413 4865 amburuntur,
2442 4808 2501 4853 et
2527 4808 2897 4860 attenuantur,
2926 4804 2980 4851 et
3004 4802 3383 4850 contexuntur.
3406 4791 3473 4844 Et

1906 4890 2035 4945 mihi
2063 4891 2277 4959 quidem
2305 4890 2517 4944 videtur
2549 4889 2813 4959 cogitatus
2840 4889 2911 4941 ita
2938 4901 3057 4942 esse
3082 4886 3221 4940 sicut
3242 4884 3325 4938 vir
3352 4882 3471 4951 qui-

1903 4985 2028 5038 dam
2060 4984 2228 5047 dives,
2252 4998 2347 5038 sua
2370 4983 2592 5051 cupiens
2617 4982 2974 5044 dinumerare,
2999 4988 3053 5034 et
3075 4977 3304 5033 scrutari
3330 4994 3343 5041 ;
3365 4988 3470 5029 non

1905 5074 2121 5139 suﬂicit,
2148 5073 2243 5129 sed
2290 5074 2361 5129 ob
2394 5073 2788 5127 multitudinem
2819 5070 3217 5141 possessionum
3244 5077 3300 5122 et
3345 5066 3471 5120 sub-

1906 5167 2138 5231 stantiae,
2167 5180 2342 5235 neque
2393 5166 2696 5220 rationibus
2743 5173 2836 5217 aut
2875 5162 3122 5217 sensibus
3152 5173 3344 5213 vacare
3373 5172 3470 5228 po-

1904 5269 2042 5323 tens,
2066 5260 2159 5314 sed
2176 5268 2457 5327 superatus
2488 5258 2554 5311 ab
2573 5258 2655 5312 bis
2676 5270 2794 5326 quae
2812 5255 2992 5319 habet,
3011 5261 3190 5306 manet
3206 5251 3469 5304 incertus.

1904 5351 2035 5406 Tale
2062 5351 2243 5405 nescio
2259 5350 2386 5419 quid
2403 5360 2458 5403 et
2479 5364 2619 5403 nunc
2641 5362 2829 5418 passus
2849 5355 2930 5401 est
2957 5346 3246 5416 cogitatus.
3272 5341 3475 5397 Similis

1905 5442 2051 5496 enim
2078 5449 2163 5496 est
2188 5441 2239 5495 ei
2270 5441 2361 5511 qui
2394 5442 2588 5496 ﬂuctus
2623 5441 2948 5496 dinumerat.
2982 5436 3039 5492 In
3068 5452 3134 5493 eo
3176 5436 3320 5491 enim
3349 5436 3476 5489 dum

1902 5661 2257 5791 “996.1316.
2289 5666 2473 5734 Forte,
2503 5667 2609 5722 isti.
2630 5697 2656 5709 -
2686 5697 2700 5707 -
2722 5662 3120 5736 Confabulatus.
3158 5658 3280 5716 Vid.
3325 5672 3473 5731 supr.
