3822 6218
237 241 241 245 .
302 175 455 238 “4'5

958 180 1229 239 EUSEBII
1266 180 1745 237 CESARlENSlS
1785 180 1930 236 OPP.
1981 179 2156 234 PARS
2195 179 2282 235 IV.
2324 210 2396 225 --
2434 179 2854 237 DOGMATICA.

3427 182 3561 238 il“

310 308 560 362 volumus
613 304 999 376 proprietatem
1045 305 1162 373 ejus
1214 304 1267 359 in
1309 305 1418 377 igni
1458 306 1676 370 videre,
1709 318 1893 359 exsuro
1920 310 1967 367 Α
1995 318 2062 359 ex
2091 304 2247 358 bonis
2283 304 2562 373 angustari
2590 303 2703 375 (45)
2738 318 2837 363 nos
2878 316 2984 357 non
3013 303 3213 372 pigeat,
3243 303 3338 357 sed
3361 300 3567 374 quanto

311 397 453 451 rexit
474 412 537 450 ex
569 410 716 450 mare
745 395 848 448 alia
886 394 1053 456 unda,
1084 403 1138 449 et
1167 393 1304 447 alius
1334 402 1544 450 meatus
1573 408 1602 446 a
1646 392 1886 459 ﬂumine,

312 499 367 541 et
391 502 421 541 a
452 488 705 553 fontibus,
738 498 794 543 et
824 487 891 541 ab
920 486 1022 542 illis
1053 484 1418 556 irrigationes,
1443 496 1497 539 et
1543 500 1671 541 usus
1697 501 1761 542 ex
1796 500 1888 539 ar-

313 578 556 644 boribus,
589 595 621 631 a
673 579 960 643 fructibus,
1011 595 1039 631 a
1095 580 1394 644 radicibus,
1429 593 1456 633 a
1491 576 1651 639 foliis,
1687 577 1755 631 ab
1805 577 1889 633 his

311 687 431 741 quae
460 688 487 725 a
541 670 673 729 foris
697 673 845 727 etab
881 672 1025 726 intus
1052 671 1344 735 habemur,
1378 681 1434 725 et
1475 669 1527 725 in
1570 669 1889 725 animalibus

314 778 432 832 qua:
461 778 489 814 a
514 763 647 817 foris
672 772 725 816 et
751 762 817 816 ab
844 763 989 816 intus
1008 770 1153 823 sunt,
1175 771 1227 815 et
1250 762 1414 829 pelles
1436 761 1501 815 ad
1524 760 1684 815 alium
1710 775 1887 826 usum,

314 864 366 908 et
386 868 504 908 ossa
534 855 598 907 ad
614 854 834 908 alteram
857 855 1251 909 necessitatem.
1270 853 1336 907 Et
1359 868 1426 907 ne
1450 854 1660 922 quidem
1680 863 1890 907 stercus

314 946 502 1000 inutile
537 946 764 1010 exstitit,
801 945 1133 1018 pretiositate
1191 946 1459 1015 cogitatus
1507 945 1887 1015 appretiatum.

316 1037 420 1092 Sed
450 1053 832 1107 nonnunquam
862 1048 915 1091 et
941 1053 971 1093 e
995 1038 1280 1098 messibus.
1300 1038 1423 1105 quia
1460 1037 1684 1091 multum
1709 1036 1889 1091 attulit

316 1138 482 1195 terra,
497 1129 723 1198 plurima
750 1131 1140 1199 relinquuntur.
1161 1131 1284 1200 quia
1301 1146 1403 1186 non
1420 1140 1596 1201 potest
1609 1145 1889 1199 possessor

314 1217 567 1289 colligere
600 1228 796 1287 quanta
824 1229 877 1272 et
903 1220 1222 1286 seminavit,
1254 1229 1307 1274 et
1354 1232 1493 1276 terra
1523 1222 1887 1289 multiplicans

314 1308 565 1377 prmbuit.
584 1307 834 1362 Maneant
857 1308 1016 1379 igitur
1036 1308 1227 1364 ﬂuctus
1249 1321 1300 1363 et
1323 1311 1585 1397 undarum
1618 1308 1886 1378 procellae,

314 1408 371 1452 et
411 1413 618 1455 meatus
663 1399 948 1455 ﬂuviorum
976 1411 1029 1456 et
1060 1402 1254 1467 fontes,
1285 1410 1339 1456 et
1369 1417 1702 1472 quaecunque
1739 1404 1888 1456 dere-

315 1490 442 1545 licta
486 1502 611 1545 sunt
652 1493 717 1546 de
761 1492 1049 1558 fructibus,
1095 1495 1365 1564 cogitatus
1401 1505 1457 1549 et
1504 1495 1787 1564 progenies
1833 1503 1885 1547 et

316 1596 477 1651 opera
512 1601 525 1637 :
560 1592 881 1654 etputantes
907 1601 1005 1639 nos
1037 1586 1193 1640 bodie
1218 1586 1441 1653 implere
1474 1601 1631 1654 posse
1664 1602 1727 1641 ea
1763 1601 1884 1654 qua:

1988 395 2327 464 potuerimus
2373 394 2738 449 scrutabimur
2781 408 3047 458 coronas,
3081 402 3264 463 utpote
3314 404 3569 451 serth

1987 486 2282 547 Altissimo.
2308 502 2375 541 ex
2406 486 2601 556 quibus
2631 486 2685 540 in
2730 494 2873 545 terra
2905 494 2960 541 et
2988 485 3125 540 mari
3170 494 3254 541 est
3281 497 3565 553 operatus.

1988 578 2331 647 Quaecunque
2378 587 2557 633 autem
2596 591 2694 631 nos
2748 576 3157 640 transcendunt,
3187 584 3240 632 et
3282 586 3570 645 superant,

1989 672 2042 723 in
2084 684 2149 725 eo
2176 670 2292 740 ipso
2335 670 2478 738 quod
2511 668 2798 734 vincimur,
2825 668 3020 725 victori
3059 668 3161 737 ipsi
3191 684 3259 723 ex
3306 672 3577 738 operibus

1988 763 2099 817 suis
2123 762 2232 816 sint
2266 770 2322 815 et
2349 762 2466 815 ista:
2495 776 2727 815 coronae.
2748 760 3064 815 Retineutes
3088 762 3249 828 igitur
3280 776 3572 831 quousth

1987 868 2042 910 et
2069 854 2317 924 pervenit
2345 869 2550 917 sermo,
2582 854 2936 911 recundamus
2975 855 3243 909 sermonis
3272 855 3567 921 reliquias;

1988 956 2048 1000 ut
2076 948 2270 1001 iterum
2295 947 2360 999 ad
2391 946 2560 1013 ipsam
2580 957 2821 999 mensam
2843 945 3116 1009 sedentes,
3150 945 3346 999 iterum
3370 946 3570 1000 iisdem

1989 1039 2118 1109 ipsis
2157 1038 2403 1092 fruamur
2436 1036 2608 1091 bonis.
2646 1036 2819 1093 Unum
2849 1045 3025 1091 autem
3052 1046 3134 1093 est
3155 1036 3295 1106 quod
3324 1037 3483 1091 decet
3509 1045 3575 1092 et.

1989 1148 2151 1195 nunc,
2192 1139 2249 1186 ut
2290 1130 2546 1186 reddatur
2571 1131 2620 1187 ei
2649 1131 2733 1187 cui
2766 1144 2982 1199 semper
3010 1132 3250 1185 redditur
3271 1144 3326 1184 et
3352 1145 3575 1200 semper

1987 1224 2235 1289 debetur,
2268 1223 2321 1277 in
2360 1222 2445 1277 bis
2477 1238 2596 1291 quae
2629 1231 3019 1289 praecesserunt
3065 1223 3355 1290 gratiarum
3400 1222 3571 1285 actio,

1988 1324 2040 1368 et
2068 1315 2120 1366 in
2155 1314 2241 1367 his
2272 1328 2394 1381 qua:
2433 1312 2692 1382 incipient
2716 1313 2886 1382 gloria
2914 1314 3026 1367 Deo
3045 1326 3230 1369 Sancto
3256 1314 3343 1380 qui
3382 1314 3575 1367 omnia

1989 1406 2145 1460 nobis
2169 1405 2422 1475 subjecit,
2464 1420 2559 1475 per
2584 1403 2842 1474 Spiritum
2888 1405 3121 1475 cogitatu
3153 1420 3253 1460 nos
3284 1405 3578 1474 praehono-

1988 1497 2157 1549 ravit:
2176 1497 2257 1549 cui
2284 1505 2363 1550 est
2383 1511 2477 1564 per
2494 1497 2821 1567 unigenitum
2844 1512 2995 1550 suum
3017 1493 3211 1549 Filium
3225 1511 3345 1551 cum
3364 1495 3577 1563 Spiritu

1988 1597 2195 1650 sancto,
2237 1587 2428 1658 gloria,
2467 1589 2673 1655 honor,
2702 1589 3005 1657 imperimn,
3038 1589 3310 1658 maiestas,
3346 1596 3402 1642 et
3424 1601 3572 1641 nunc

316 1674 653 1742 resederant,
687 1676 841 1744 plura
879 1678 1139 1733 habentes
1170 1679 1471 1735 recedimus
1496 1687 1550 1734 et
1586 1680 1744 1734 hodie
1772 1696 1785 1733 :
1813 1683 1885 1736 ita
1919 1666 1960 1720 Β
1988 1691 2040 1737 et
2073 1696 2304 1748 semper,
2334 1690 2388 1737 et
2414 1696 2508 1751 per
2532 1683 2713 1737 omnia
2747 1682 2940 1736 saecula
2986 1683 3323 1737 saeculorum.
3372 1684 3575 1740 Amen.

1729 1905 2022 1918 -———————_

1282 2070 1841 2187 EUSEBII
1930 2073 2616 2209 PAMPHILI

846 2309 996 2396 DE
1071 2306 1682 2397 SPIRITALI
1765 2304 2380 2398 COGITATU
2456 2308 3038 2422 HOMINIS,

1639 2500 1874 2560 LIBER
1914 2500 2273 2562 TERTIUS.

388 2848 505 2921 Ipse
530 2846 876 2915 semetipsum
902 2843 1165 2914 c0gitatus
1191 2842 1390 2911 reiicit,
1412 2845 1525 2912 ipse
1547 2844 1893 2912 semetipsum
1922 2847 1965 2905 C
1998 2844 2173 2900 obfuit
2206 2844 2615 2905 festinantibus.
2658 2847 2993 2921 Frequenter
3024 2852 3169 2909 enim
3208 2854 3597 2924 tranquillitas

317 2944 526 3016 pascit,
553 2943 669 3011 ipse
697 2936 1042 3006 semetipsum
1077 2934 1360 3001 fortilicat,
1406 2935 1519 3004 ipse
1552 2935 1899 3003 semetipsum

315 3035 643 3090 considerat.
660 3030 777 3100 Ipse
794 3030 937 3083 enim
966 3029 1030 3081 ad
1049 3028 1391 3095 semetipsum
1411 3042 1468 3080 se
1485 3026 1712 3095 colligit;
1733 3035 1788 3080 et
1816 3040 1901 3081 sec

316 3126 603 3193 metipsum
656 3124 925 3181 intuetur,
958 3128 1011 3172 et
1062 3127 1302 3172 arctatnr
1338 3117 1391 3171 in
1436 3116 1569 3172 suis.
1601 3115 1717 3170 Non
1756 3117 1898 3171 enim

318 3218 463 3272 sicut
501 3214 691 3269 oculus
739 3213 841 3265 alia
885 3210 1096 3279 quidem
1136 3210 1299 3274 videt,
1339 3208 1687 3278 semetipsum
1722 3216 1899 3262 autem

318 3307 517 3364 intueri
542 3322 645 3361 non
671 3314 885 3375 potest;
916 3303 1039 3373 quia
1071 3318 1169 3358 nec
1188 3318 1297 3357 suae
1329 3312 1537 3358 natura;
1563 3310 1645 3356 est
1670 3312 1802 3355 utse
1824 3317 1902 3356 re-

317 3400 535 3472 spiciat.
561 3397 676 3452 Non
706 3399 777 3451 ita
811 3406 862 3451 et
893 3397 1178 3467 cogitatus.
1207 3395 1387 3465 Neque
1419 3397 1564 3450 enim
1615 3395 1756 3450 sicut
1786 3394 1901 3449 vul-

318 3500 406 3546 tus
444 3492 496 3545 in
533 3490 787 3559 speculo,
819 3490 870 3543 in
908 3489 1013 3543 alio
1070 3488 1287 3559 quidem
1330 3489 1572 3554 videtur,
1605 3489 1670 3542 ad
1707 3498 1901 3542 semet-

318 3586 493 3656 ipsum
528 3593 708 3638 autem
744 3584 983 3640 converti
1022 3600 1127 3637 non
1173 3592 1365 3652 potest.
1408 3582 1523 3636 Non
1559 3584 1630 3636 ita
1672 3592 1726 3636 et
1753 3582 1900 3653 cogi-

319 3685 464 3732 tatus
495 3676 754 3742 habetur;
795 3676 887 3730 sed
915 3675 1261 3744 semetipsum
1299 3673 1465 3738 videt,
1492 3684 1545 3728 et
1579 3674 1692 3742 ipse
1718 3674 1783 3727 ad
1814 3689 1900 3728 se-

318 3770 606 3838 metipsum
633 3767 970 3822 convertitur
993 3776 1045 3820 et
1083 3781 1142 3821 se
1178 3768 1436 3831 intuetur,
1464 3774 1518 3819 et
1559 3766 1663 3819 alia
1709 3765 1895 3818 multa.

319 3858 388 3913 Et
411 3875 517 3913 non
564 3859 703 3913 sicut
735 3873 834 3911 vox
874 3857 1083 3911 levibus
1122 3858 1440 3925 quibusdam
1465 3855 1578 3926 (46)
1622 3854 1899 3912 oﬂ'endens

320 3957 559 4011 resonat,
588 3950 661 4003 ita
698 3957 753 4003 et
782 3949 1050 4019 cogitatus
1098 3951 1164 4003 ad
1199 3950 1545 4014 semetipsum
1594 3958 1813 4003 resonat
1842 3960 1899 4002 ut

320 4044 477 4098 echo.
516 4044 631 4097 Vox
660 4045 800 4095 enim
831 4041 1115 4096 oﬂ‘endens
1143 4042 1360 4097 aliunde
1401 4042 1709 4112 respondet.
1737 4042 1896 4111 Cogi-

324 4146 469 4190 tatus
497 4146 674 4189 autem
712 4134 827 4204 ipse
878 4135 1227 4202 semetipsum
1280 4144 1575 4201 scrutatur,
1602 4141 1656 4187 et
1690 4134 1801 4201 ipse
1831 4133 1894 4185 ad

323 4224 673 4294 semetipsum
712 4234 964 4291 tauquam
999 4233 1293 4289 penetrans
1345 4224 1598 4286 recurrit,
1631 4232 1688 4276 et
1720 4221 1897 4276 revol-

321 4320 467 4373 vitur
495 4320 547 4373 in
589 4319 898 4386 semetipso.
932 4315 1210 4369 Diversum
1239 4325 1418 4369 autem
1459 4315 1560 4368 scit
1592 4329 1605 4365 :
1644 4328 1785 4367 nunc
1811 4322 1903 4367 aut

324 4411 620 4480 desurgunt
672 4410 954 4473 libidines,
993 4417 1043 4463 et
1093 4409 1301 4476 spirant
1359 4408 1827 4477 concupiscentiae,
1850 4415 1904 4461 et

322 4501 593 4569 pelluntur
639 4513 834 4561 metus.
868 4512 920 4555 et
949 4516 1053 4555 non
1104 4500 1342 4555 salvatur
1376 4502 1517 4570 quod
1550 4502 1710 4570 sapit.
1749 4500 1902 4555 lnlir-

323 4610 503 4653 matur
529 4598 671 4652 enim
694 4607 745 4653 et
779 4597 1108 4651 fortissimus
1136 4593 1421 4662 cogitatus.
1445 4591 1580 4647 Cum
1610 4587 1784 4645 autem
1805 4609 1903 4661 pu-

322 4694 503 4747 dicitia
536 4692 699 4746 fuerit
744 4694 991 4761 ingressa
1021 4699 1113 4745 aut
1136 4691 1393 4753 excitata,
1424 4689 1604 4742 statim
1648 4688 1903 4756 concupi-

323 4787 545 4839 scentiae
576 4794 633 4839 et
657 4784 927 4847 libidines,
976 4792 1034 4837 ut
1060 4784 1270 4838 ancillae
1302 4798 1421 4853 quae
1447 4791 1573 4836 ante
1608 4782 1903 4836 surrectio—

322 4893 447 4931 nem
472 4878 702 4932 dominae
734 4878 1083 4931 turbaverant
1112 4877 1351 4943 domum,
1372 4890 1492 4929 mox
1518 4886 1574 4928 ut
1608 4875 1715 4929 visa
1741 4873 1902 4927 fuerit

325 4971 565 5035 domina,
604 4971 707 5024 alia
755 4970 881 5025 alibi
931 4970 1319 5036 absconditur,
1351 4969 1455 5022 alia
1500 4969 1623 5023 alibi
1662 4968 1815 5039 fugit,
1848 4981 1903 5021 et

326 5063 650 5130 negantiam
682 5063 968 5130 motiones,
998 5074 1053 5119 et
1085 5065 1344 5132 colligunt
1375 5065 1638 5129 luxurias,
1667 5078 1722 5119 et
1743 5079 1901 5120 revo-

324 5163 455 5208 Cant
498 5165 709 5220 ventos,
735 5164 789 5209 et
838 5158 1127 5225 quiescunt
1155 5157 1351 5215 fluctus
1371 5198 1386 5222 ,
1411 5169 1465 5214 et
1507 5157 1735 5213 eﬂicitur
1758 5167 1904 5211 tran-

325 5245 570 5312 quillum.
601 5246 715 5302 Hoc
743 5249 884 5303 enim
915 5259 1000 5305 est
1020 5251 1273 5318 pudicitia
1306 5253 1359 5305 in
1394 5253 1595 5307 anima.
1627 5251 1765 5319 Quid
1799 5250 1903 5305 tale

323 5341 530 5407 prabet
560 5342 921 5411 tranquillitas
951 5345 1003 5399 in
1042 5346 1175 5400 mari
1221 5345 1245 5398 τ
1276 5360 1397 5415 qua:
1435 5360 1820 5417 nonnunquam
1849 5350 1905 5399 et

401 5511 513 5637 (453
548 5518 847 5586 Anguslari.
890 5520 1073 5578 Forte.
1104 5523 1414 5589 angustiam".

418 5584 479 5637 (4
501 5587 535 5637 ’δ
574 5587 671 5637 Ms.
705 5606 799 5637 v0.1:
818 5592 1017 5637 (panthus
1040 5594 1368 5637 nuihuedam-

418 5584 535 5658 (Mi)
574 5584 671 5643 ns.
705 5606 799 5643 vox
818 5592 1017 5644 lembus
1040 5584 1370 5661 quibusdam.

2003 2951 2058 2997 ct
2083 2953 2415 3013 opportunos
2441 2955 2631 3002 ventos
2663 2955 3043 3016 exspectantes
3070 2947 3341 3007 fraudavit
3368 2961 3424 3007 et
3445 2968 3593 3008 non-

2003 3051 2285 3107 nunquam
2314 3050 2370 3093 et
2397 3040 2483 3093 siti
2533 3040 2803 3096 interemit
2830 3043 3089 3109 graviori,
3114 3054 3301 3112 utpote
3334 3061 3364 3099 a
3400 3054 3592 3101 tenta-

2006 3132 2244 3187 tionibus
2297 3142 2478 3188 motre.
2534 3133 2639 3188 Sed
2697 3150 2802 3189 non
2857 3136 2981 3189 talis
3032 3136 3304 3203 pudicitia:
3347 3138 3593 3193 habetur

2005 3225 2391 3293 tranquillitas,
2421 3226 2513 3281 sed
2535 3243 2653 3296 quae
2684 3227 3016 3296 compescuit
3046 3237 3256 3293 ventos,
3290 3237 3344 3283 et
3371 3229 3592 3283 confre-

2003 3317 2081 3387 git
2122 3316 2336 3385 ﬂuctus,
2376 3328 2431 3374 et
2483 3320 2669 3373 statim
2716 3318 2942 3373 adduxit
2978 3320 3043 3373 ad
3079 3329 3320 3390 portum,
3351 3330 3407 3375 et
3455 3336 3587 3376 mox

2001 3412 2176 3465 erexit
2204 3426 2270 3466 ex
2316 3412 2569 3481 pudicitia
2621 3411 2853 3467 fructus.
2896 3412 3201 3478 Cogitatum
3237 3412 3455 3483 quippe,
3489 3414 3588 3482 qui

2002 3502 2176 3570 sapiat
2220 3503 2412 3557 animae
2466 3502 2805 3572 dignitatem,
2863 3504 3213 3558 sanctimonii
3278 3505 3585 3570 honorem,

2000 3596 2291 3663 puritatem
2325 3595 2797 3655 bonestatis.tunc
2820 3595 2965 3648 videt
2998 3594 3187 3649 oculus
3220 3595 3587 3663 animze,quia

2001 3686 2244 3740 excussit
2273 3684 2339 3739 ab
2369 3699 2434 3739 eo
2480 3684 2740 3755 pudicitia
2788 3682 3060 3753 pulverem
3114 3682 3585 3751 concupiscentia—

2002 3792 2152 3841 rum,
2209 3776 2561 3846 procellarum
2608 3774 2905 3830 libidinem.
2943 3773 3001 3828 Si
3036 3773 3159 3842 quis
3190 3781 3449 3843 expertus
3501 3782 3590 3826 est

2002 3875 2347 3936 tempestates
2368 3864 3220 3935 concupiscentiarum,expertus
3248 3872 3333 3916 est
3352 3872 3408 3915 et
3438 3872 3593 3915 tran-

2000 3960 2222 4026 quillum
2262 3958 2582 4028 pudicitiae;
2628 3970 2694 4011 ex
2742 3956 2826 4009 bis
2868 3969 2987 4024 quae
3021 3968 3215 4022 passus
3265 3961 3387 4014 est,
3424 3961 3482 4005 et
3520 3966 3591 4003 ex

2004 4048 2087 4099 his
2118 4062 2146 4097 a
2176 4047 2375 4112 quibus
2416 4045 2656 4099 salvatus
2702 4052 2819 4108 est,
2852 4043 3095 4112 agnoscit
3137 4056 3256 4110 qua:
3307 4040 3591 4093 dicuntur.

2003 4138 2281 4208 Cogitatus
2311 4137 2454 4190 enim
2481 4135 3046 4204 concupiscentiarum
3073 4132 3372 4191 dormiunt.
3398 4132 3593 4185 motio-

2010 4248 2126 4296 nes,
2161 4229 2373 4293 ﬂuctus,
2402 4227 2786 4291 immissiones,
2833 4225 3055 4280 turbelas
3082 4223 3213 4296 (47).
3239 4223 3425 4293 Neque
3473 4223 3593 4275 dor-

2010 4325 2301 4377 mientibus
2324 4322 2560 4376 dormire
2572 4321 2851 4391 permittit.
2865 4320 3246 4373 Accendtzntur
3262 4319 3404 4371 enim
3423 4324 3479 4371 et
3497 4330 3596 4382 per

2011 4415 2354 4479 ambitiones,
2385 4423 2438 4468 et
2459 4413 2701 4483 jacentes
2725 4412 3065 4481 perturbant.
3086 4420 3140 4463 et
3167 4425 3290 4462 cum
3322 4408 3593 4462 dormien-

2011 4509 2152 4563 tibus
2175 4522 2278 4561 non
2308 4505 2604 4571 dormiunt,
2632 4504 2727 4560 sed
2754 4517 2967 4570 semper
2990 4512 3117 4555 sunt
3147 4500 3424 4568 inquietze.
3453 4498 3589 4553 Cum

2010 4610 2190 4655 autem
2223 4598 2485 4669 pudicitia
2521 4595 2685 4650 fuerit
2725 4593 3097 4664 subingressa,
3129 4606 3248 4645 cum
3294 4590 3385 4644 illa
3435 4589 3590 4643 babi-

2010 4694 2207 4749 taverit
2238 4703 2295 4746 ut
2347 4692 2563 4747 domina
2586 4730 2603 4755 ,
2632 4704 2753 4745 cum
2801 4688 3051 4743 detinens
3084 4683 3267 4748 fuerit,
3299 4698 3423 4737 cum
3477 4681 3596 4736 suis

2012 4783 2329 4841 retinaculis
2364 4783 2619 4836 tutaverit
2647 4781 2904 4841 domum;
2942 4787 3071 4833 tunc
3117 4777 3260 4831 sicut
3288 4773 3594 4843 praedomiti

2009 4877 2161 4948 equi,
2185 4884 2241 4930 et
2264 4874 2331 4928 ad
2358 4872 2622 4943 praesepia
2652 4871 2820 4940 quieti
2850 4879 2996 4935 sunt,
3027 4878 3081 4923 et
3107 4867 3162 4921 in
3194 4865 3484 4920 itineribus
3505 4877 3595 4916 re-

2007 4983 2157 5027 ctum
2194 4974 2497 5040 agnoscunt
2540 4966 2667 5031 iter,
2701 4963 2924 5018 nutibus
2963 4969 3150 5031 utpote
3179 4959 3471 5029 digitorum
3499 4957 3595 5009 ad-

2009 5064 2153 5120 ducti
2191 5080 2208 5114 :
2235 5062 2314 5116 ita
2346 5074 2469 5114 cum
2517 5057 2685 5112 semel
2712 5066 2875 5111 tenax
2904 5052 3071 5110 fuerit
3103 5051 3392 5121 pudicitia,
3415 5060 3472 5104 et
3499 5049 3596 5103 do-

2012 5156 2212 5213 muerit
2264 5154 2775 5222 concupiscentias,
2824 5158 2880 5205 et
2924 5147 3254 5216 mitigaverit
3302 5143 3595 5204 libidines.

2010 5251 2403 5307 manducamus
2441 5248 2691 5312 honeste,
2712 5256 2767 5298 et
2795 5243 3036 5298 bibimus
3065 5245 3375 5293 mensurate
3400 5254 3414 5287 :
3442 5248 3595 5289 men-

2011 5354 2165 5403 surat
2191 5344 2337 5400 enim
2374 5356 2496 5413 qua
2530 5341 2683 5397 adest
2712 5335 2996 5408 pudicitia.
3020 5331 3265 5403 Denique
3291 5338 3349 5383 et
3370 5329 3597 5382 honeste

2081 5522 2193 5595 (47)
2232 5521 2332 5579 Ms.
2362 5520 2902 5595 concupiscentiam»:
2948 5521 3216 5579 motiones,
3247 5515 3469 5583 ﬂuctus,
3494 5507 3587 5565 ὔῖιι

2002 5589 2295 5659 πιέἐείοήεε,
2327 5589 2578 5646 turbelas.
2608 5589 2805 5660 Neque.
