3822 6218
164 297 308 356 1183

1132 294 1223 351 DE
1266 296 1657 354 SPlanUALl
1701 298 2053 356 COGITATU
2095 296 2397 355 HOMINIS.

3278 296 3413 349 1116

156 416 480 474 dormimus.
506 422 559 468 et
584 413 749 469 sobrii
773 412 1096 479 excitamur,
1114 424 1167 469 et
1196 416 1445 469 videmus
1489 416 1725 483 pulchri-
1763 436 1809 492 Α
1838 419 1982 469 enim
2040 417 2214 470 adhuc
2245 414 2618 469 adolescentes
2652 424 2806 477 sunt,
2858 422 2910 467 et
2964 412 3187 466 necdum
3246 426 3408 478 opera

154 506 404 561 tudinem
427 504 624 571 vultus,
658 517 713 561 et
750 504 1223 575 pulchritudinem,
1258 516 1310 561 et
1341 522 1443 559 nou
1473 518 1528 560 ut
1562 506 1732 560 oaen-

151 599 389 653 sionem.
425 600 601 653 Aures
635 613 852 667 quoque
885 607 1098 653 nostras
1146 613 1250 653 non
1296 598 1532 667 perforat
1564 598 1733 654 melo-

150 690 266 743 dia.
290 689 405 744 Scit
429 691 571 744 enim
600 691 856 759 pudicitia
878 699 932 745 et
962 678 1171 745 solvere
1198 706 1377 745 ceram
1410 691 1462 745 in
1488 693 1730 755 auribus,

150 793 336 849 neque
372 789 565 834 noceat
603 780 873 834 audientia
914 779 1047 851 (48).
1080 778 1272 834 Nostra
1316 780 1459 833 enim
1493 779 1731 834 membra

152 880 509 938 oper-amenta
535 872 810 943 pudicitiae
840 873 996 929 liunt.
1032 871 1233 928 Oculus
1256 872 1399 927 videt
1426 872 1620 926 bonam
1656 871 1736 924 fa-

151 964 319 1031 ciem,
344 974 399 1019 et
427 981 550 1020 cum
585 965 869 1020 honestate
890 981 1008 1019 eam
1044 968 1307 1018 intuetur.
1337 964 1453 1018 Non
1489 974 1735 1017 movetur

152 1058 222 1110 ad
269 1058 795 1126 concupiscentiam,
829 1058 923 1113 sed
967 1058 1114 1112 videt
1159 1059 1211 1112 in
1260 1058 1395 1111 facie
1435 1057 1735 1126 pulchritu-

151 1145 362 1211 dinem,
396 1158 450 1202 et
477 1149 679 1218 cogitat
712 1149 891 1217 qualis
929 1150 999 1203 sit
1044 1149 1390 1220 pulchritudo
1418 1149 1471 1202 in
1516 1148 1730 1213 anima;

150 1248 208 1291 et
248 1252 370 1308 qua:
398 1254 428 1292 a
464 1237 594 1293 foris
624 1248 751 1293 sunt
784 1239 922 1294 bona
954 1240 1018 1293 ad
1046 1241 1393 1308 semetipsum
1436 1240 1731 1305 adducens,

150 1339 209 1383 et
260 1345 290 1381 a
328 1328 483 1384 bonis
530 1332 666 1385 bona
703 1331 976 1401 decerpit,
1025 1341 1079 1384 et
1128 1348 1234 1385 non
1276 1332 1327 1384 in
1376 1332 1530 1384 malis
1567 1329 1733 1385 oﬂ'eu-

151 1420 254 1473 dit.
287 1417 447 1475 Sicut
472 1436 696 1489 corpora
737 1422 1023 1475 incolumia
1060 1422 1127 1476 ab
1153 1422 1401 1475 omnibus
1449 1420 1729 1473 utilitatem

152 1512 451 1580 accipiunt,
478 1523 532 1567 et
557 1530 584 1565 a
618 1524 789 1574 tnotu,
822 1523 875 1566 et
926 1514 992 1567 ab
1036 1515 1386 1578 exercitio,et
1411 1528 1438 1566 a
1461 1528 1644 1574 cursu,
1678 1522 1732 1566 et

152 1601 225 1653 ab
260 1603 532 1664 unctione,
565 1612 619 1657 et
664 1618 692 1655 a
724 1618 912 1656 somno
933 1644 947 1665 ,
983 1605 1127 1657 etab
1164 1618 1310 1667 esca,
1342 1614 1395 1658 et
1420 1618 1447 1655 a
1475 1614 1635 1671 potu:
1660 1603 1729 1656 ita

148 1703 400 1757 econtra,
424 1709 545 1762 quas
590 1705 853 1763 aegrotant
882 1696 948 1748 ab
986 1696 1239 1749 Omnibus
1289 1707 1571 1750 uocentur.
1611 1697 1725 1750 Vini

1840 508 1963 561 belli
1989 508 2311 573 didicerunt,
2328 521 2424 559 nec
2444 506 2509 560 ad
2532 506 2710 575 praelia
2730 514 3008 564 vocantur,
3031 519 3409 571 nonnunquam

1837 600 2108 669 pudicitia:
2141 598 2242 651 sibi
2272 598 2576 665 imposuere
2611 612 2865 649 coronas:
2892 594 2985 648 sed
3012 606 3065 648 et
3092 595 3161 647 ob
3185 592 3411 647 infirmi-

1838 701 2000 745 tatem
2040 689 2284 758 plurimis
2313 689 2491 756 quieze
2529 689 2745 742 donatis
2767 686 3022 756 pudicitia
3057 685 3232 739 adhuc
3265 684 3411 737 utilis

1838 785 2128 840 invenitur.
2152 781 2284 835 Nam
2313 784 2411 836 etsi
2445 782 2594 835 senio
2630 783 2970 850 deponuntur
3008 778 3278 838 libidines,
3316 778 3409 831 sed

1837 878 2016 932 adhuc
2072 890 2245 943 usque
2282 876 2549 929 motiones
2599 871 3197 940 concupiscentiarutn,
3236 868 3412 923 intus-

1838 985 1943 1039 que
1969 979 2021 1021 et
2054 968 2440 1023 fornicationes
2479 976 2742 1035 agrotant
2768 974 2824 1018 et
2854 960 3258 1033 occidunt(5|),
3292 976 3411 1030 qua:

1838 1061 2123 1116 libidinem
2156 1060 2436 1113 continere
2482 1074 2585 1111 non
2628 1066 2886 1125 possunt,
2932 1065 2985 1108 et
3038 1065 3217 1122 patres
3246 1052 3411 1106 deho—

1837 1162 2054 1206 nestant
2077 1193 2091 1218 ,
2120 1167 2240 1220 qua:
2277 1150 2601 1204 monitiones
2623 1149 2889 1218 pudicitiae
2919 1161 3020 1201 non
3060 1146 3287 1198 libenter
3322 1160 3409 1197 ac-

1836 1244 2059 1312 cipiunt.
2103 1242 2160 1295 Si
2188 1242 2333 1295 enim
2367 1240 2579 1293 adesset
2608 1239 2865 1307 pudicitia
2888 1278 2902 1301 ,
2940 1250 3112 1305 neque
3142 1236 3412 1288 furaretur

1834 1336 1955 1404 quis
1980 1376 1994 1399 ,
2022 1347 2202 1401 neque
2225 1330 2495 1387 occideret
2538 1331 2731 1399 aliquis
2752 1369 2767 1393 ,
2801 1337 3007 1381 amaret
3037 1337 3214 1379 autem
3238 1335 3292 1377 et
3313 1339 3411 1394 pa-

1836 1426 1936 1477 tris
1965 1424 2163 1477 monita
2192 1422 2350 1475 filius.
2387 1420 2576 1473 Divina
2618 1418 2886 1488 possessio
2916 1416 3016 1469 ista
3038 1458 3052 1479 ,
3080 1415 3172 1469 sed
3200 1412 3412 1466 difﬁcile

1833 1517 2132 1571 invenitur.
2168 1514 2269 1580 Qui
2308 1523 2487 1565 autem
2515 1511 2626 1578 jam
2671 1510 2870 1564 habent
2917 1508 3090 1568 illam,
3123 1520 3239 1576 qua:
3291 1513 3414 1573 post

1835 1608 2283 1662 resurrectionem
2317 1605 2496 1658 futura
2543 1613 2623 1656 est
2660 1600 3041 1656 conversatio?
3096 1597 3236 1651 Dicit
3268 1597 3411 1653 enim

1838 1702 2005 1770 ipsius
2040 1700 2185 1769 regni
2224 1699 2482 1753 Dominus
2518 1708 2570 1750 et
2608 1706 2963 1765 apportator:
3005 1694 3308 1763 Quicunque
3334 1707 3414 1743 re—

151 1783 300 1836 enitn
330 1784 493 1837 etiam
540 1785 760 1838 odorem
794 1794 1059 1838 excusant
1088 1795 1142 1839 et
1184 1787 1437 1849 unguenti
1464 1785 1726 1850 nidorem,

1841 1796 2178 1849 turreclionis
2222 1800 2543 1845 mortuorum
2586 1789 2730 1858 digni
2760 1788 2988 1857 fuerint,
3029 1802 3134 1838 non
3176 1785 3413 1848 nubunt,

150 1883 207 1927 et
251 1875 465 1930 itineris
518 1883 742 1939 motum,
773 1884 827 1930 et
872 1890 1077 1940 escam,
1108 1884 1161 1930 et
1194 1876 1502 1946 fridgorem,
1526 1876 1737 1930 etcalo-

152 1980 295 2021 rem.
322 1965 513 2022 Omnia
543 1968 687 2021 enim
733 1965 813 2021 eis
852 1976 1047 2021 nocent
1106 1967 1197 2037 qui
1253 1967 1392 2021 male
1419 1982 1478 2021 se
1513 1965 1732 2021 habent.

151 2059 346 2115 Omnia
377 2069 552 2114 autem
572 2060 998 2129 prosunthisqui
1031 2060 1329 2114 incolumes
1349 2062 1636 2115 habentur.
1660 2059 1735 2114 Ita

150 2164 209 2208 et
255 2152 593 2207 libidinosum
627 2153 809 2207 omnia
847 2162 1068 2207 movent
1104 2152 1170 2207 ad
1197 2168 1420 2217 noxam,
1455 2161 1510 2207 et
1538 2153 1734 2221 vultus,

153 2256 209 2299 et
240 2244 603 2313 pulchritudo,
638 2255 694 2299 et
741 2247 1066 2313 compositio
1122 2246 1388 2309 melodim,
1427 2255 1482 2300 et
1503 2246 1735 2300 vestium

155 2340 412 2405 varietas,
439 2349 495 2394 et
540 2339 715 2393 honor
738 2340 1056 2407 quidam,et
1096 2337 1233 2392 bona
1269 2354 1431 2407 opera
1475 2338 1542 2392 ad
1597 2336 1735 2392 mala

157 2431 555 2486 transferuntur
576 2432 646 2485 ei.
670 2431 769 2497 Qui
806 2440 985 2485 autem
1021 2431 1231 2486 sobrius
1256 2440 1359 2496 est,
1383 2446 1445 2485 ex
1477 2431 1731 2496 adverso;

154 2524 282 2594 quia
314 2533 369 2579 et
418 2525 688 2578 contraria
732 2524 804 2577 illi
837 2534 984 2589 sunt,
1011 2538 1040 2576 a
1088 2524 1244 2579 bouis
1285 2526 1426 2579 enim
1475 2525 1611 2579 bona
1644 2524 1736 2578 de-

156 2630 404 2685 cerpens,
429 2616 661 2671 dives-in
686 2616 840 2671 bouis
869 2626 970 2671 est.
1003 2616 1079 2670 lta
1109 2632 1238 2687 ergo
1264 2617 1500 2687 pretiosa
1526 2626 1611 2670 est
1639 2632 1736 2685 pu-

158 2709 367 2773 dicitia,
389 2709 534 2778 quia,
554 2710 680 2763 dum
713 2710 884 2773 adest,
913 2709 1207 2781 etjustitire
1236 2717 1504 2780 praeparat
1532 2708 1731 2775 locum,

158 2799 253 2855 dat
280 2799 441 2855 etiam
458 2802 686 2869 spatium
718 2811 772 2853 et
798 2802 980 2855 virtuti
1005 2821 1016 2855 :
1042 2802 1373 2856 intellectum
1392 2813 1570 2856 autem
1595 2802 1731 2873 (49),

157 2901 221 2943 ut
267 2891 650 2961 interpretetur
673 2909 891 2962 nomen,
928 2895 1119 2948 salvat.
1148 2895 1287 2966 Ergo
1313 2895 1657 2966 amplectitur
1684 2906 1737 2951 et

155 2986 458 3039 circumdat
486 2987 765 3052 virtutem,
786 2997 839 3043 et
865 2988 1008 3042 sicut
1038 2998 1209 3043 mater
1246 2991 1488 3060 qumdam
1522 2990 1736 3060 pietatis

156 3076 390 3131 eﬂicitur
445 3079 725 3134 fratribus.
768 3079 917 3135 Bona
959 3082 1174 3151 quidem
1222 3092 1306 3137 est
1345 3081 1557 3138 virtutis
1587 3081 1736 3139 forti-

158 3169 308 3235 tudo,
344 3170 436 3225 sed
476 3186 583 3225 non
618 3186 829 3241 semper
858 3187 977 3226 eam
1022 3174 1382 3229 necessariam
1430 3174 1733 3240 habemus;

155 3257 300 3316 forte
322 3269 501 3315 autem
540 3261 747 3316 audebo
770 3273 824 3318 et
849 3263 1030 3317 dicere
1060 3282 1072 3318 :
1100 3264 1317 3320 Utinam
1344 3282 1449 3319 non
1487 3269 1735 3329 eam,sed

156 3366 315 3422 opus.
345 3352 402 3406 Si
438 3353 739 3422 quisenim
770 3369 890 3408 eam
923 3357 1214 3425 acceperit,
1248 3367 1455 3412 tantum
1502 3358 1553 3415 in
1580 3358 1736 3413 bellis

156 3450 243 3496 cat
270 3440 436 3495 utilis.
466 3440 523 3494 Si
549 3452 727 3495 autem
754 3451 808 3495 et
842 3443 895 3495 in
926 3458 1059 3510 pace
1083 3446 1388 3498 necessaria
1422 3454 1505 3500 est
1542 3446 1734 3512 virtus,

159 3533 299 3587 forte
317 3542 375 3586 ut
397 3532 665 3587 cocﬂlciat
695 3533 967 3603 pudicitia:
994 3551 1006 3587 :
1034 3533 1173 3589 forte
1200 3536 1340 3589 enim
1368 3552 1489 3590 cum
1514 3536 1737 3606 iurgan-

157 3636 247 3680 tur
301 3628 772 3698 concupiscentiae,
810 3638 863 3682 et
914 3630 1125 3684 illarum
1176 3629 1371 3687 fluctus
1421 3632 1733 3701 eriguntur,

156 3731 295 3785 opus
317 3729 399 3773 est
436 3728 494 3774 ut
517 3720 748 3775 viriliter
779 3722 1000 3778 resistat
1035 3722 1313 3790 pudicitia.
1353 3722 1410 3777 Si
1442 3724 1607 3794 igitur
1638 3726 1735 3778 ad-

156 3809 380 3864 veniens
421 3812 539 3866 istic
567 3811 805 3879 iuverit,
840 3824 968 3868 tunc
1010 3814 1114 3867 erit
1149 3816 1380 3884 pretiosa
1408 3824 1464 3869 et
1506 3815 1559 3868 in
1609 3831 1738 3886 pace

160 3899 351 3954 virtus.
383 3899 498 3955 Non
538 3904 734 3974 quippe
760 3904 1103 3973 semetipsam
1130 3905 1428 3971 vindicans,
1462 3905 1555 3960 sed
1580 3906 1736 3976 pudi-

160 3992 304 4045 citite
338 3994 683 4061 coadjuvans.
719 3996 775 4051 Si
810 4007 989 4050 autem
1021 4007 1076 4051 et
1098 3997 1150 4050 in
1182 3996 1321 4052 bello
1366 3998 1536 4053 virtus
1569 4014 1739 4067 pona-

157 4095 269 4147 tur,
302 4085 640 4139 medietatem
678 4089 890 4156 generis
940 4089 1187 4156 despicit.
1218 4087 1472 4144 Mulieres
1503 4090 1645 4143 enim
1671 4090 1737 4145 ad

157 4176 508 4245 prmliaudum
560 4194 832 4233 armemus
889 4180 1002 4251 (50)
1031 4198 1046 4246 ;
1080 4180 1336 4249 pudicitia
1392 4192 1571 4235 autem
1598 4191 1651 4236 et
1683 4182 1735 4236 in

155 4268 293 4321 viris
338 4272 569 4337 pretiosa
598 4280 699 4337 est,
726 4270 909 4324 utilior
936 4281 1113 4324 autem
1154 4280 1209 4325 et
1242 4272 1578 4328 mulieribus.
1629 4274 1739 4328 Cur

156 4369 341 4414 autem
380 4376 485 4415 non
515 4362 745 4428 dicatur,
784 4364 924 4431 quod
953 4379 1137 4419 verum
1163 4372 1266 4429 est,
1288 4366 1412 4433 quia
1449 4374 1502 4420 et
1525 4366 1737 4423 virtutis

1839 1903 1998 1955 neque
2035 1887 2322 1950 nubentur,
2353 1884 2440 1937 sed
2462 1894 2517 1935 ut
2552 1881 2727 1951 angeli
2761 1889 2911 1934 erunt
2946 1878 3038 1932 Dei
3066 1878 3134 1942 ",
3161 1876 3286 1946 quia
3314 1890 3415 1930 nec

1840 1981 1979 2034 mori
2005 1980 2114 2049 jam
2141 1986 2386 2046 possunt.
2416 1975 2460 2031 Ο
2491 1975 2869 2031 immortalitas
2900 1968 3411 2044 pudicitizejunctal

1839 2071 1941 2138 Qui
1974 2071 2026 2124 in
2061 2071 2211 2124 bellis
2247 2069 2592 2122 vincuntnon
2628 2067 2932 2121 efﬁciuntur
2969 2077 3025 2118 ut
3068 2064 3285 2133 angeli,
3318 2061 3414 2116 sed

1838 2160 1928 2229 qui
1960 2174 2131 2227 neque
2160 2159 2367 2212 nubunt
2410 2173 2584 2226 neque
2606 2158 2896 2211 nubentur.
2917 2155 3028 2209 lloc
3047 2154 3306 2224 judicium
3331 2160 3417 2207 est

1849 2249 1964 2319 ejus
1993 2251 2083 2319 qui
2138 2250 2265 2304 fecit
2320 2260 2588 2304 naturam.
2634 2247 2765 2302 Nunt
2808 2256 2862 2301 et
2889 2247 3015 2301 alibi
3051 2247 3113 2300 ad
3162 2254 3412 2299 ornatum

1840 2339 2009 2409 ipsius
2043 2339 2318 2408 pudicitia:
2346 2338 2555 2393 locutus
2579 2348 2662 2393 est
2696 2338 2953 2393 Dominus
2984 2353 2998 2389 :
3039 2336 3159 2389 Non
3196 2351 3372 2389 omnes
3394 2372 3411 2399 ,

1842 2430 2052 2499 inquit,
2091 2439 2210 2483 sunt
2238 2430 2420 2500 digni,
2463 2432 2553 2483 sed
2599 2427 2788 2499 quibus
2840 2434 3021 2481 datum
3056 2436 3127 2480 est
3156 2427 3225 2482 ".
3261 2424 3412 2492 Quod

1838 2523 1985 2578 enim
2020 2524 2181 2576 homo
2202 2537 2263 2576 ex
2293 2531 2486 2575 natura
2514 2536 2617 2575 non
2649 2520 2874 2586 habuit,
2917 2520 3017 2573 hoc
3063 2520 3135 2571 sit
3186 2518 3413 2585 desuper

1842 2616 2041 2670 donum
2082 2632 2096 2668 :
2130 2615 2223 2669 sed
2257 2614 2388 2667 mihi
2419 2614 2635 2683 quidem
2669 2612 2925 2682 pudicitia
2966 2611 3066 2665 ista
3107 2624 3259 2664 suam
3296 2606 3414 2675 pul-

1838 2708 2200 2764 chritudinem
2229 2706 2505 2773 ostendat,
2567 2714 2621 2758 et
2675 2704 2875 2759 sensim
2913 2704 3122 2765 trahat,
3148 2709 3203 2753 et
3251 2697 3416 2752 relin-

1839 2813 2036 2875 quatur
2068 2818 2174 2859 non
2196 2802 2418 2867 cedens,
2454 2813 2627 2869 neque
2652 2800 2852 2869 repleta
2881 2807 2936 2852 et
2966 2805 3115 2865 capta
3150 2794 3278 2848 :sed
3309 2792 3415 2846 sic-

1838 2911 1897 2957 ut
1950 2901 2068 2955 avis
2132 2900 2375 2969 quaedam
2435 2896 2730 2958 adornata,
2786 2902 3169 2958 nonnunquam
3231 2885 3415 2939 ludere

1838 2992 2159 3047 desiderans
2189 2990 2389 3044 sensim
2442 2987 2682 3051 recedit,
2710 2995 2765 3040 et
2812 2985 2865 3039 in
2910 2999 2974 3039 eo
3000 2982 3126 3037 dum
3160 2978 3372 3032 videtur
3394 3015 3411 3042 ,

1839 3092 2019 3139 movet
2043 3082 2410 3147 desiderium;
2441 3080 2640 3135 sensim
2674 3089 2852 3133 autem
2897 3076 3021 3132 dum
3064 3084 3329 3135 movetur,
3352 3068 3413 3124 il-

1839 3178 1955 3233 licit
1998 3187 2057 3232 ut
2090 3191 2207 3230 eam
2239 3175 2360 3245 quis
2402 3174 2755 3241 insequatur;
2814 3184 2918 3224 non
2958 3167 3170 3237 capitur
3198 3172 3413 3228 autem,

1838 3270 1963 3341 quia
1998 3269 2165 3337 ipsius
2190 3274 2274 3322 est
2304 3274 2363 3321 ut
2389 3261 2928 3336 ell'ugiatzprotendit
2955 3270 3134 3316 autem
3172 3267 3418 3323 cursum,

1837 3372 1893 3418 et
1926 3377 2048 3416 cum
2077 3362 2198 3430 quis
2228 3358 2463 3414 maxime
2495 3355 2765 3427 putaverit
2806 3367 2867 3409 se
2909 3348 3415 3422 comprehendisse,

1839 3460 2019 3506 movet
2051 3466 2280 3518 pennam
2308 3457 2363 3502 et
2390 3447 2535 3502 volat
2562 3466 2575 3500 :
2605 3448 2675 3500 ita
2704 3453 2759 3501 et
2786 3443 3041 3516 pudicitia
3066 3456 3218 3496 suam
3240 3438 3417 3492 varie-

1842 3552 2005 3597 tatem
2041 3544 2095 3598 in
2124 3545 2402 3597 honestate
2424 3540 2740 3610 proferens,
2771 3538 2974 3592 sensim
3006 3542 3186 3588 autem
3216 3546 3275 3586 se
3308 3545 3417 3584 mo-

1839 3652 1969 3692 vens
1994 3646 2046 3691 et
2094 3648 2477 3699 commovens,
2524 3631 2576 3684 in
2610 3640 2813 3684 tantum
2850 3642 2936 3681 me
2974 3625 3136 3679 traxit
3166 3632 3225 3677 ut
3272 3622 3417 3677 inse-

1841 3743 2036 3799 querer
2069 3742 2084 3781 :
2119 3741 2239 3781 cum
2264 3735 2443 3779 autem
2470 3722 2582 3791 jam
2618 3728 2863 3791 putarem
2895 3732 2980 3771 me
3005 3728 3165 3785 posse
3195 3725 3417 3767 manum

1839 3818 2130 3874 extendere
2154 3829 2382 3884 eamque
2422 3810 2879 3882 comprehendere
2904 3849 2920 3875 ,
2946 3820 3164 3861 movens
3211 3815 3417 3874 pennas

1840 3911 2090 3980 superius
2119 3922 2179 3961 se
2205 3906 2344 3962 cmlo
2380 3903 2688 3971 coniungit,
2724 3901 2792 3956 ad
2816 3897 3035 3970 angelos
3067 3895 3299 3959 scilicet,
3326 3893 3414 3950 ubi

1841 4003 1956 4069 ejus
1990 4008 2177 4052 natura
2209 4005 2373 4052 estut
2404 4004 2640 4050 maneat.
2664 3994 2727 4047 Et
2754 3992 2867 4062 ipsa
2893 3990 3108 4059 quidem
3141 4002 3245 4042 non
3268 4000 3418 4040 com-

1842 4092 2107 4162 prehensa
2137 4089 2367 4154 mansit,
2405 4104 2489 4143 tne
2527 4098 2707 4140 autem
2756 4082 2977 4153 reliquit
3026 4086 3329 4148 stupentem
3364 4085 3421 4130 et

1840 4184 2239 4239 desiderantem
2269 4180 2839 4251 comprehensionem,
2879 4188 3039 4244 quam
3090 4182 3420 4242 persequens

1842 4294 1948 4331 non
1987 4273 2342 4345 apprehendi.
2372 4273 2544 4328 Etiam
2589 4273 2807 4341 quidem
2859 4267 3173 4336 colligamus
3212 4274 3419 4318 sermo—

1843 4388 1999 4437 nem;
2032 4380 2085 4424 et
2108 4368 2231 4438 quia
2262 4366 2518 4435 pudicitia
2546 4363 2710 4418 multa
2742 4374 3005 4430 superans
3032 4366 3086 4411 et
3110 4366 3419 4410 sermonem

154 4451 329 4521 ipsius
363 4451 572 4507 fruetus
598 4464 653 4507 et
690 4453 742 4506 in
770 4454 926 4508 bellis
954 4455 1022 4508 ob
1060 4457 1371 4524 pudicitiam
1403 4459 1741 4513 necessarius
1771 4459 1817 4514 υ
1848 4466 2026 4532 ipsum
2052 4463 2143 4524 qui
2176 4460 2245 4514 de
2271 4460 2459 4514 eadem
2500 4468 2581 4512 est
2607 4450 3123 4522 ininterpretabilis,
3158 4444 3417 4508 recessit,

154 4541 283 4595 est?
316 4539 439 4594 ideo
465 4543 607 4595 enim
636 4544 958 4613 suscipimus
988 4547 1194 4614 przelia,
1214 4556 1273 4601 ut
1303 4563 1406 4601 non
1445 4550 1738 4604 adversarii

156 4642 503 4699 superantes,
539 4634 795 4689 mulieres
846 4646 1003 4690 extra
1058 4636 1231 4707 legem
1293 4639 1572 4707 pudicitiae
1617 4655 1740 4695 cor-

158 4732 435 4791 rumpant.
476 4723 532 4777 Si
562 4724 705 4777 enim
745 4724 815 4780 ob
843 4725 945 4780 hoc
970 4742 1292 4796 pugnamus,
1318 4738 1372 4781 et
1409 4744 1603 4799 pugnae
1643 4739 1741 4783 ter-

158 4828 313 4869 rores
346 4816 687 4882 suscipimus,
737 4818 908 4871 virtus
941 4818 1009 4871 ob
1065 4819 1379 4888 pudicitiam
1407 4830 1462 4874 et
1492 4822 1543 4875 in
1584 4821 1741 4876 bellis

157 4914 419 4959 certatur.
450 4906 601 4961 Sicut
626 4908 771 4961 enim
822 4908 1080 4979 naupegia
1118 4924 1208 4963 ars
1238 4912 1603 4978 gubernatrici
1639 4914 1739 4967 mi-

157 4998 379 5058 nistrat.
413 4998 484 5052 ita
511 5010 564 5054 et
596 5001 767 5055 virtus
794 5001 1065 5070 pudicitia:
1091 5013 1353 5071 praeparat
1378 5004 1739 5073 tranquillita-

162 5082 294 5141 tem.
336 5088 513 5143 Divisa
556 5091 837 5162 estigitur
882 5092 1054 5146 virtus
1079 5108 1143 5146 ex
1184 5104 1336 5161 parte
1376 5096 1607 5149 maxima
1644 5111 1739 5168 ge-

162 5178 279 5232 neri
315 5189 499 5233 nestro
524 5183 646 5235 :sed
675 5199 775 5237 nec
801 5185 933 5241 viris
980 5187 1235 5241 omnibus
1269 5186 1415 5241 utilis
1447 5189 1734 5241 invenitur.

162 5270 431 5325 lv‘rrevenit
473 5274 615 5328 enim
662 5292 779 5330 eam
827 5288 881 5333 et
935 5280 1269 5349 temporibus
1321 5280 1602 5350 pudicitia.
1634 5281 1735 5349 Qui

1850 4559 2161 4612 universam
2214 4555 2504 4608 humanam
2559 4546 2943 4604 transcendens
2984 4549 3227 4595 naturam
3257 4552 3273 4590 :
3300 4550 3419 4590 ser-

1848 4665 1936 4704 mo
1963 4656 2145 4701 autem
2181 4644 2458 4699 inveniens
2487 4657 2606 4712 quae
2638 4641 2775 4695 Deus
2809 4632 3115 4692 hominibus
3155 4628 3373 4686 donavit
3397 4664 3416 4692 ,

1845 4750 1901 4795 et
1928 4740 2031 4795 hoc
2062 4737 2403 4803 mortalibus,
2424 4751 2521 4806 per
2543 4749 2664 4803 qua:
2703 4726 3160 4787 immortalitatem
3190 4724 3269 4778 eis
3295 4735 3423 4792 pro-

1846 4830 2089 4897 curavit,
2132 4830 2197 4885 ad
2230 4828 2528 4899 gratiarum
2567 4824 2835 4878 actionem
2867 4821 3063 4873 iterum
3101 4830 3158 4871 se
3183 4826 3416 4870 conver-

1845 4930 1956 4986 tat,
1983 4929 2038 4975 et
2062 4921 2128 4979 de
2163 4930 2351 4975 sancto
2373 4927 2423 4971 et
2449 4915 2819 4971 sanctificante
2836 4951 2850 4977 ,
2872 4925 2970 4980 per
2989 4923 3148 4977 quem
3174 4914 3418 4960 sanctum

1846 5008 1948 5062 hoc
1983 5007 2187 5061 donum
2214 5005 2522 5060 hominibus
2558 5002 2746 5067 misit,
2788 5015 2883 5069 per
2916 4997 3248 5069 unigenitum
3274 4992 3419 5047 scili-

1847 5106 1933 5152 cet
1955 5112 2111 5152 suum
2136 5094 2354 5157 Filium,
2389 5094 2529 5150 sitei
2556 5093 2730 5164 gloria
2763 5101 2817 5149 et
2862 5092 3065 5154 honor,
3099 5084 3418 5156 imperium,

1849 5190 2103 5258 maiestas
2137 5206 2259 5245 cum
2293 5189 2495 5259 Spiritu
2523 5198 2714 5243 sancto
2746 5195 2800 5242 et
2829 5201 2970 5240 nunc
3000 5193 3055 5240 et
3089 5194 3336 5250 semper,
3366 5184 3423 5233 et

1845 5301 1938 5354 per
1962 5284 2139 5338 omnia
2170 5282 2364 5338 saecula
2398 5281 2738 5336 smculorum.
2766 5279 2960 5332 Amen.

164 5502 169 5505 τ
234 5427 281 5461 ⁸⁸
312 5428 501 5485 Matth.
544 5447 654 5487 χιιι
679 5473 693 5497 ,
727 5432 814 5488 '50.
843 5432 1007 5487 Marc.
1045 5450 1148 5499 xtt,
1180 5434 1272 5489 25.
1304 5433 1435 5491 Luc.
1468 5452 1535 5489 xv
1607 5436 1695 5491 55.
1737 5441 1783 5471 ⁸⁵
1825 5439 2013 5493 Matth.
2046 5454 2157 5500 XIX,
2210 5438 2292 5489 ll.

239 5592 354 5658 (i8;
392 5593 490 5648 Ms.
527 5597 768 5661 nuribus,
799 5612 861 5650 ne
887 5608 1068 5651 noceat
1099 5598 1388 5652 audientia.

237 5662 349 5721 (49)
389 5661 921 5739 [nte/lacrumarum.
948 5671 1146 5723 Auctor
1166 5667 1514 5739 Etymologici
1548 5668 1743 5739 magni,

169 5733 501 5804 Σωφροσύνη
528 5736 675 5807 παρὰ
704 5736 764 5789 τὺ
798 5737 990 5802 σώζειν
1019 5739 1078 5791 τὸ
1118 5733 1354 5809 ςρφὶεϊν.

1924 5601 2041 5668 (50)
2082 5600 2163 5651 Ad
2218 5597 2584 5667 prmliandnm.
2642 5595 2736 5648 Ms.
2780 5596 2848 5644 ad
2902 5592 3082 5658 pretia
3127 5605 3419 5647 armemus.

1858 5668 2018 5725 Forte
2051 5670 2352 5737 legendum,
2382 5671 2449 5719 ad
2475 5668 2657 5733 pra'lia
2691 5682 2791 5717 non
2822 5679 3109 5737 urmnmns.

1930 5740 2041 5810 (5i)
2076 5734 2171 5794 iis.
2211 5739 2585 5807 fornicationes
2607 5745 2821 5803 erogaut
2850 5744 2897 5786 et
2933 5734 3199 5786 stridunt.
