3822 6218
428 318 565 378 H47

1062 321 1329 378 EUSEBII
1369 325 1850 383 CJESARIENSIS
1888 319 2037 387 ΟῬΡ.
2080 331 2261 387 PARS
2300 328 2392 387 ιν.
2431 362 2500 371 -
2538 329 2955 387 DOCMATICA.

3544 330 3687 387 “£8

449 476 3670 507 _________________________________________

1384 642 1950 757 EUSEBII
2032 647 2714 759 PAMPHlLI

644 878 792 965 DE
844 877 997 970 EO
1052 876 1388 985 QUOD
1443 881 1749 972 usus
1805 881 2195 972 PATER
2251 826 3448 998 INCOBPORALISAEST,

1712 1074 1945 1134 LIBER
1989 1074 2377 1147 QUARTUS.

488 1365 568 1419 Ad
620 1365 792 1434 ipsum
842 1365 1008 1421 Deum
1060 1378 1305 1423 nostrum
1357 1371 1629 1438 erigamus
1658 1374 1949 1444 cogitatum
1977 1414 1993 1438 ,
2023 1379 2069 1435 Α
2098 1375 2219 1429 dem
2249 1384 2303 1429 et
2332 1374 2538 1443 lapides
2573 1375 2675 1429 hoc
2707 1376 2878 1443 ipsum
2916 1383 2973 1428 ut
3002 1384 3188 1431 essent
3237 1377 3439 1431 habent
3467 1395 3484 1432 :
3514 1375 3683 1434 arbo-

410 1455 525 1526 jam
577 1474 682 1512 non
728 1461 1086 1516 concedentes
1135 1464 1388 1530 cogitatui
1448 1463 1634 1532 fugere
1669 1476 1724 1520 et
1779 1468 1988 1521 vitare:

415 1549 687 1616 parcimus
718 1551 861 1604 enim
896 1552 1106 1607 timenti
1133 1571 1148 1609 :
1187 1570 1439 1623 urgemus
1470 1565 1647 1610 autem
1689 1574 1793 1611 non
1819 1574 1990 1627 quan-

420 1649 505 1694 tus
530 1651 610 1694 est
637 1641 777 1695 Deus
802 1658 923 1696 eum
958 1660 1198 1713 quarrere
1216 1686 1231 1713 ,
1258 1647 1350 1701 sed
1380 1659 1637 1717 quantum
1670 1650 1768 1718 ipsi
1792 1652 1994 1719 cogita-

418 1735 489 1784 tui
530 1734 784 1801 possibile
833 1746 916 1792 est
952 1740 1238 1794 aestimare.
1284 1739 1478 1797 Multas
1517 1743 1662 1796 enim
1717 1745 1992 1799 adiuvenit

415 1826 515 1879 sibi
547 1824 898 1896 confugiones
919 1871 935 1897 ,
965 1838 1019 1885 et
1049 1831 1333 1888 dilationes
1359 1875 1373 1900 ,
1402 1842 1455 1887 et
1480 1835 1861 1903 circuitiones,
1890 1839 1989 1893 bo-

415 1932 540 1970 num
578 1927 761 1986 utpote
796 1922 1183 1990 pertimescens
1218 1927 1491 1981 timorem.
1538 1927 1643 1982 Sed
1680 1930 1819 1983 sicut
1851 1945 1989 1998 equo

413 2023 796 2079 nonnunquam
821 2015 1041 2081 territo,
1063 2025 1117 2071 et
1143 2018 1359 2074 uolente
1391 2031 1595 2074 rectum
1639 2021 1742 2076 iter
1774 2032 1986 2091 petere,

410 2112 467 2157 et
503 2103 652 2158 freno
682 2107 784 2187 vim
810 2107 1039 2166 facimus
1065 2152 1080 2178 ,
1106 2122 1161 2167 et
1188 2114 1456 2170 calcaneis
1487 2127 1781 2187 pungentes
1811 2119 1987 2173 corri-

412 2196 621 2264 gimus,
650 2207 703 2252 et
739 2182 1011 2257 refrenare
1064 2211 1336 2262 tentamus
1383 2208 1451 2262 ab
1487 2182 1729 2273 vhis‘quze
1778 2210 1825 2263 ei
1881 2225 1984 2263 non

412 2290 769 2345 concedimus
801 2310 815 2346 :
850 2293 923 2346 ita
966 2302 1021 2349 et
1059 2311 1203 2352 nunc
1236 2298 1493 2353 extollere
1523 2300 1588 2354 ad
1636 2300 1799 2353 Deum
1836 2300 1984 2370 cogi-

412 2386 582 2431 tatum
612 2379 906 2446 debemus,
937 2398 1243 2453 qumrenlcs
1274 2390 1363 2443 illa
1400 2405 1521 2458 quae
1543 2400 1595 2445 et
1619 2389 1899 2460 Scriptura
1920 2393 1985 2447 de

411 2466 523 2520 Deo
562 2471 728 2536 quaeri
756 2474 1021 2539 permittit
1050 2493 1063 2529 :
1094 2480 1218 2546 quia
1271 2495 1447 2549 neque
1495 2480 1546 2534 in
1604 2481 1764 2536 domo
1805 2482 1980 2544 Deus,

410 2572 589 2627 neque
616 2561 670 2615 in
721 2564 1045 2633 simulacro;
1074 2583 1177 2622 non
1212 2569 1265 2623 in
1301 2579 1483 2625 monte
1520 2581 1613 2625 aut
1658 2582 1836 2637 terra;
1875 2589 1981 2628 non

412 2648 466 2704 in
503 2666 629 2706 aere
658 2654 792 2724 (52),
829 2672 925 2712 nec
950 2658 1001 2712 in
1034 2660 1151 2729 ipso
1173 2671 1285 2718 toto
1317 2665 1491 2728 cosio;
1533 2682 1706 2736 neque
1741 2669 1983 2726 reclusus

409 2750 531 2808 est,
560 2758 733 2813 neque
760 2749 1061 2817 retinetur,
1092 2768 1265 2823 neque
1299 2756 1547 2812 conﬁxus
1588 2769 1673 2813 est
1701 2774 1716 2813 :
1746 2763 1838 2815 sed
1863 2779 1980 2817 om-

409 2833 497 2889 nia
530 2838 744 2904 quidem
768 2840 1179 2909 incorporaliter
1204 2848 1438 2918 complet
1462 2889 1478 2913 ,
1506 2851 1572 2905 ab
1598 2854 1849 2908 omnibus
1881 2869 1981 2908 au-

410 2933 517 2977 tem
543 2926 979 2985 inenarrabiliter
1004 2944 1087 2987 est
1110 2946 1412 3004 separatus.
1449 2939 1559 2995 Nos
1581 2952 1763 2997 autem
1797 2954 1851 2997 et
1875 2945 1983 3001 late

409 3015 699 3073 lrridemus
724 3035 857 3085 eos,
897 3024 985 3091 qui
1031 3035 1220 3093 putant
1272 3044 1393 3084 esse
1424 3028 1619 3097 Deum,
1675 3043 1767 3088 aut
1815 3036 1979 3101 deos,

396 3112 670 3173 itauquam
704 3124 921 3180 gregem
974 3116 1257 3182 quemdam
1308 3118 1575 3174 reclusum
1619 3122 1671 3176 in
1709 3127 1931 3179 mandra
1964 3143 1979 3181 :

396 3195 608 3264 :quippe
637 3198 789 3251 valde
829 3208 884 3253 et
931 3204 1377 3270 reprehendimus
1422 3222 1549 3275 eos,
1589 3212 1679 3279 qui
1710 3214 1891 3269 volunt
1929 3215 1982 3269 in

395 3282 721 3340 isimulacris
761 3287 988 3343 virtutes
1028 3290 1240 3346 divinas
1285 3293 1526 3349 reclusas
1566 3296 1789 3362 haberi,
1832 3314 1898 3354 ex
1932 3301 1983 3353 vi

394 3363 619 3430 [scilicet
661 3376 935 3433 hominum
962 3380 1339 3448 malignorum.
1386 3382 1675 3443 lrridemus
1704 3389 1846 3443 enim
1891 3404 1985 3445 eos

393 3472 535 3520 {cum
564 3466 779 3523 habitus
805 3472 1034 3540 appositi
1067 3472 1272 3529 fuerint
1307 3476 1360 3530 in
1402 3477 1737 3544 simulacris,
1769 3480 1984 3548 quidam

392 3558 629 3626 [quidem
667 3560 1023 3629 feminarum,
1084 3567 1302 3635 quidam
1351 3579 1529 3624 autem
1582 3573 1985 3641 masculorum,

392 3651 463 3714 {et
489 3650 931 3720 quadrupedum,
958 3665 1013 3710 et
1053 3658 1409 3725 serpentium.
1445 3660 1675 3715 Tantum
1718 3663 1863 3716 enim
1904 3664 1987 3717 lu-

391 3733 559 3823 {crum
584 3741 826 3808 capimus
859 3758 922 3798 ex
958 3745 1166 3812 iisdem,
1187 3748 1309 3814 quia
1339 3764 1403 3802 ex
1438 3748 1521 3803 his
1552 3766 1672 3819 quae
1704 3751 1790 3804 alii
1831 3752 1990 3807 aliter

392 3836 462 3899 {et
492 3832 679 3886 dicunt
702 3844 973 3905 etaguut,
1001 3846 1055 3891 et
1086 3839 1321 3893 conﬂant
1354 3849 1411 3893 et
1455 3840 1817 3906 dissentiunt,
1860 3859 1990 3899 cou-

394 3914 634 4012 'lﬂtentur
669 3923 795 3991 quia
845 3939 967 3977 eum
1021 3926 1109 3995 qui
1165 3926 1427 3994 quaeritur
1484 3927 1752 3996 ignorant.
1808 3928 1991 3998 Neque

405 4011 549 4064 enim
582 4028 778 4083 corpus
803 4025 885 4068 est
918 4016 1059 4070 Deus
1081 4057 1096 4081 ,
1128 4033 1305 4087 neque
1338 4021 1582 4086 corporis
1624 4021 1822 4089 aliquid
1843 4062 1859 4086 ,
1891 4020 1987 4073 ali-

403 4097 527 4165 quis
550 4108 607 4151 ut
634 4110 759 4168 puta
792 4102 974 4169 color;
1009 4119 1181 4174 neque
1211 4106 1264 4159 in
1299 4122 1545 4176 corpore.
1569 4110 1741 4178 qualis
1765 4119 1983 4179 putatur

406 4200 526 4240 esse
558 4188 768 4254 anima;
793 4206 966 4260 neque
991 4193 1135 4248 circa
1163 4211 1360 4264 corpus
1385 4239 1399 4262 ,
1436 4198 1575 4252 sicut
1615 4210 1834 4267 putatur
1865 4214 1982 4253 sen-

396 4262 528 4343 sus;
577 4277 673 4331 sed
712 4278 845 4333 liber
869 4292 951 4335 est
984 4294 1038 4335 et
1076 4299 1106 4337 a
1166 4297 1358 4341 natura
1389 4290 1634 4358 corporis
1670 4298 1724 4343 et
1771 4291 1976 4345 habitu.

404 4365 661 4435 Corporis
687 4370 827 4423 enim
866 4382 1060 4425 natura
1094 4376 1143 4426 in
1173 4380 1564 4444 compositione
1590 4380 1834 4433 habetur.
1850 4379 1978 4448 Quae

404 4468 584 4513 autem
611 4472 1041 4531 componuntur,
1074 4469 1253 4520 omnia
1275 4482 1339 4522 ea
1371 4484 1491 4539 quae
1526 4482 1651 4526 ante
1677 4471 1789 4539 jam
1834 4473 1977 4529 facta

401 4560 551 4614 sunt,
583 4554 1028 4623 compositionem
1067 4559 1335 4627 accipiunt
1373 4580 1385 4615 :
1422 4571 1480 4615 ut
1512 4576 1637 4631 puta
1659 4566 1801 4633 quod
1832 4567 1976 4635 dico,

403 4638 609 4707 lapides
652 4652 806 4697 erant
843 4648 1038 4714 creati,
1072 4651 1395 4718 compositio
1440 4651 1678 4720 lapidum
1710 4653 1835 4708 fecit
1876 4656 1973 4711 do—

401 4747 568 4785 mum.
594 4732 733 4789 Deus
764 4748 939 4792 autem
974 4741 1085 4808 ipse
1110 4752 1297 4796 auctor
1321 4752 1376 4797 et
1418 4745 1628 4799 initium
1658 4756 1763 4812 est,
1793 4756 1846 4801 et
1870 4764 1972 4803 non

401 4826 468 4878 ab
499 4826 581 4879 his
619 4843 737 4894 quas
767 4840 925 4884 erant
958 4832 1130 4897 facta,
1166 4835 1281 4905 ipse
1319 4839 1647 4906 compositus
1680 4840 1969 4894 invenitur.

402 4913 639 4983 Simplex
670 4921 813 4973 enim
843 4932 895 4975 et
927 4924 1214 4981 uniformis
1242 4936 1325 4981 est
1355 4929 1493 4983 Deus
1534 4930 1652 4999 (53)
1674 4972 1689 4997 ,
1726 4942 1776 4986 et
1824 4948 1974 4987 com-

398 5007 607 5074 positus
632 5009 684 5076 (5
700 5009 766 5080 ι),
793 5012 991 5081 quippe
1041 5017 1227 5070 vivens
1262 5017 1378 5086 ipsa
1423 5034 1543 5087 qua:
1599 5032 1701 5076 est.
1732 5022 1968 5091 Corpora

398 5099 540 5151 enim
574 5113 695 5168 qua:
725 5103 1000 5172 accipiunt
1027 5106 1192 5160 vitam
1214 5147 1229 5173 ,
1256 5109 1368 5177 ipsa
1394 5119 1449 5164 et
1484 5111 1803 5165 fraudantur
1837 5114 1967 5168 vita.

400 5191 500 5257 Qui
530 5201 705 5247 autem
739 5210 839 5251 nec
866 5196 1075 5252 initium
1104 5202 1312 5271 accepit
1352 5202 1525 5273 (Deus
1556 5205 1700 5258 enim
1756 5206 1968 5260 initium

398 5299 505 5335 non
533 5286 742 5355 accepit
780 5309 793 5343 :
828 5289 948 5358 quis
978 5293 1117 5346 enim
1150 5302 1204 5348 et
1232 5295 1462 5367 daret?)
1489 5313 1593 5350 non
1631 5299 1737 5352 vita
1773 5299 1824 5352 in
1849 5316 1972 5355 eor-

2099 1482 2185 1519 res
2217 1476 2397 1519 autem
2433 1475 2487 1520 et
2517 1466 2710 1534 plantae
2736 1467 2803 1519 ad
2840 1466 2890 1518 id
2924 1468 3236 1545 quod‘suut
3263 1476 3681 1537 assumpserth

2097 1567 2153 1611 ut
2200 1568 2255 1612 et
2284 1568 2666 1627 exsurgerent,
2704 1569 2759 1613 et
2802 1560 3206 1627 germinarent,
3234 1571 3289 1613 et
3319 1570 3676 1627 crescerent,

2094 1660 2148 1704 et
2200 1661 2599 1719 pascerentur:
2637 1650 2890 1705 animalia
2936 1661 3119 1706 autem
3175 1653 3565 1706 irrationabilia
3608 1653 3679 1707 ad

2093 1757 2155 1796 ea
2182 1757 2302 1809 quae
2331 1741 2473 1795 dicta
2505 1752 2631 1796 sunt
2661 1743 2823 1797 etiam
2858 1743 2958 1797 hoc
2987 1753 3393 1812 asstuupserunt
3414 1787 3429 1808 ,
3453 1754 3512 1797 ut
3545 1761 3675 1799 sen-

2092 1833 2324 1887 sibilitas
2349 1844 2493 1888 esset
2513 1835 2565 1887 iu
2601 1835 2701 1888 eis.
2733 1833 2841 1890 Nos
2875 1850 3004 1889 vero
3028 1852 3149 1890 cum
3184 1836 3266 1890 his
3295 1836 3554 1891 omnibus
3580 1852 3672 1891 ac-

2091 1924 2331 1993 cepimus
2387 1926 2681 1993 cogitatum
2720 1936 2777 1979 et
2828 1942 3093 1992 sensum,
3128 1937 3183 1982 et
3236 1928 3302 1981 ad
3350 1942 3451 1982 nos
3499 1942 3674 1997 usque

2091 2031 2303 2085 semper
2323 2018 2475 2085 quod
2504 2028 2625 2071 erat
2660 2020 3011 2083 honoratius,
3057 2020 3425 2075 additamenta
3472 2019 3673 2075 elﬁcie-

2088 2104 2285 2158 bantur
2320 2106 2694 2161 honoratiora.
2728 2107 2897 2163 Nobis
2938 2119 3117 2163 autem
3152 2110 3218 2163 ad
3247 2112 3527 2181 superiora
3557 2111 3668 2181 iam

2088 2209 2285 2265 nonlex
2321 2194 2705 2250 additameutis
2728 2199 3044 2267 agnoscitur
3063 2199 3295 2268 dignitas
3315 2240 3331 2263 ,
3359 2202 3453 2255 sed
3488 2202 3532 2254 si
3560 2200 3672 2255 for-

2089 2294 2139 2340 te
2167 2302 2196 2338 a
2242 2286 2672 2342 detractionibus
2706 2306 2720 2343 :
2754 2290 3144 2347 detractionem
3182 2302 3362 2346 autem
3392 2294 3512 2348 dico
3560 2309 3669 2349 non

2085 2394 2148 2433 ex
2184 2379 2267 2432 his
2289 2393 2409 2447 quae
2434 2379 2545 2449 jam
2575 2389 2701 2435 sunt
2737 2389 2793 2435 et
2825 2381 3128 2448 habentur,
3156 2382 3485 2439 ablationem
3508 2424 3525 2449 ,
3570 2386 3669 2440 sed

2092 2468 2263 2537 ipsam
2298 2478 2549 2523 naturam
2574 2485 2696 2540 qua:
2728 2486 2835 2524 non
2870 2472 3098 2541 indiguit
3129 2474 3283 2528 istis:
3318 2483 3375 2529 ut
3403 2486 3531 2544 puta
3561 2493 3669 2533 non

2084 2558 2246 2612 habet
2313 2573 2532 2613 necesse
2588 2560 2900 2630 angelorum
2966 2578 3213 2619 crescere
3244 2574 3434 2620 natura
3478 2556 3515 2621 :7
3549 2584 3673 2637 quae

2084 2649 2227 2701 enim
2259 2663 2362 2702 non
2400 2659 2699 2718 augentur,
2731 2659 2788 2705 et
2821 2667 2927 2705 non
2959 2654 3302 2709 minuuntur.
3340 2654 3481 2721 Quid
3536 2672 3669 2729 ergo

2013 2725 2055 2779 Β
2086 2738 2313 2795 inferior
2346 2752 2430 2796 est
2461 2749 2657 2796 natura
2707 2744 3055 2813 angelorum,
3094 2747 3220 2816 quia
3271 2748 3497 2804 arbores
3551 2725 3675 2817 qui-

2083 2830 2202 2883 dem
2231 2838 2286 2884 et
2326 2831 2523 2901 planta;
2553 2845 2887 2900 pascuntur,
2923 2844 2977 2889 et
3023 2846 3305 2905 crescunt,
3355 2848 3409 2892 et
3463 2842 3676 2894 addita-

2085 2930 2269 2975 menta
2301 2923 2611 2992 aCcipiunt;
2655 2925 2967 2991 angelorum
3016 2936 3195 2982 autem
3248 2941 3438 2983 natura
3490 2947 3675 3002 neque

2086 3013 2388 3083 germinat,
2422 3029 2595 3085 neque
2630 3016 3037 3084 pullulationem
3089 3021 3354 3089 suscipit,
3392 3038 3575 3090 neque
3612 3034 3674 3077 ut

2088 3115 2345 3175 pascatur
2379 3116 2471 3161 aut
2503 3107 2735 3161 addatur
2758 3110 2780 3162 ?
2802 3110 2899 3164 Cui
2933 3111 3076 3164 enim
3112 3110 3311 3165 ablatio
3345 3112 3676 3167 incrementi

2085 3207 2169 3251 est
2194 3206 2249 3253 et
2279 3197 2510 3252 aliorum
2540 3212 2662 3267 quae
2712 3198 2981 3265 diximus,
3017 3216 3122 3255 non
3162 3211 3246 3257 est
3287 3202 3547 3258 damnum
3590 3206 3677 3260 his

2087 3290 2177 3357 qui
2217 3290 2498 3358 possident
2527 3293 2644 3347 sine
2674 3291 2793 3347 istis
2822 3292 2872 3346 id
2900 3294 3044 3362 quod
3073 3305 3236 3360 sunt,
3267 3296 3361 3349 sed
3386 3298 3676 3365 dignitatis

2086 3381 2377 3435 eminentia
2414 3398 2429 3435 :
2464 3384 2629 3437 multa
2663 3384 2808 3438 enim
2847 3399 2952 3438 non
3001 3386 3184 3440 insunt
3223 3389 3459 3458 angelis,
3495 3406 3675 3461 neque

2087 3474 2284 3527 adsunt
2326 3490 2444 3544 quae
2471 3476 2521 3530 in
2559 3476 2713 3530 nobis
2740 3479 3024 3533 habentur.
3061 3479 3127 3534 Et
3182 3496 3287 3535 non
3334 3482 3463 3551 quia
3518 3484 3674 3540 deest

2090 3565 2195 3619 illis
2217 3582 2335 3634 quae
2365 3584 2467 3622 non
2508 3570 2745 3635 habent,
2782 3571 2876 3625 sed
2906 3572 3031 3639 quia
3069 3588 3167 3627 nos
3206 3573 3512 3643 indigemus
3546 3577 3669 3641 bis,

2092 3657 2209 3712 ideo
2236 3661 2389 3712 nobis
2419 3662 2571 3715 adest
2598 3664 2662 3715 ad
2695 3662 2946 3717 solatium
2975 3663 3025 3716 id
3064 3666 3206 3733 quod
3243 3668 3309 3721 ab
3342 3667 3536 3722 iisdem
3576 3669 3671 3724 de-

2092 3750 2319 3803 ficimus.
2355 3750 2472 3804 Non
2513 3762 2639 3806 sunt
2673 3756 2872 3823 nuptiae
2900 3757 3042 3825 apud
3075 3756 3312 3825 angelos.
3350 3758 3486 3812 Data
3520 3760 3668 3814 enim

2090 3851 2173 3895 est
2211 3844 2328 3895 vim
2384 3844 2574 3898 mulier
2608 3846 2671 3899 ad
2722 3847 3046 3910 adjutoriuui
3088 3867 3100 3902 :
3134 3849 3451 3917 angelorum
3488 3862 3668 3906 autem

2094 3936 2461 4004 unusquisque
2487 3938 2707 4006 propria
2735 3949 2924 3993 natura
2961 3938 3158 3994 sufﬁcit
3192 3942 3316 3997 sibi.
3365 3940 3485 3997 Non
3536 3958 3669 3998 con-

2095 4024 2348 4078 ficiuntur
2379 4028 2584 4096 angelis
2614 4031 2957 4097 indumenta,
2988 4040 3050 4085 ut
3092 4041 3388 4087 contexant
3413 4034 3533 4104 (55)
3553 4052 3672 4105 qua:

2085 4115 2416 4171 cohabitant.
2446 4118 2557 4173 Non
2583 4121 2773 4176 domus
2794 4122 3227 4189 iisdem;suﬂicit
3252 4125 3397 4179 enim
3421 4126 3626 4182 coelum
3654 4148 3665 4180 :

2083 4223 2186 4260 non
2223 4207 2374 4265 lectis
2420 4211 2625 4282 indiget
2667 4215 2786 4270 sine
2826 4230 3035 4271 sommo
3061 4227 3274 4272 natura.
3318 4217 3437 4272 Non
3475 4235 3663 4275 mensa

2082 4299 2220 4364 apud
2243 4313 2337 4354 eos
2373 4318 2386 4354 :
2422 4301 2565 4358 forte
2593 4314 2776 4359 autem
2820 4321 2919 4362 nec
2950 4318 3250 4375 pascuntur
3283 4325 3298 4363 :
3339 4290 3538 4363 aurum
3571 4327 3667 4367 au-

2084 4399 2186 4443 tem
2210 4399 2262 4444 et
2286 4404 2571 4460 argentum
2608 4403 2663 4450 et
2698 4410 3054 4452 mrameutum
3096 4409 3150 4454 et
3194 4400 3396 4453 ferrum
3419 4441 3436 4465 ,
3464 4412 3523 4457 et
3551 4418 3667 4458 om-

2079 4481 2167 4536 nia
2198 4498 2316 4552 quaa
2360 4487 2624 4539 miramur
2657 4499 2839 4543 creata
2897 4500 2952 4542 et
3004 4492 3218 4545 iuventa
3242 4532 3258 4558 ,
3291 4496 3433 4562 apud
3486 4512 3589 4551 nos
3617 4506 3667 4552 et

2078 4588 2211 4628 usus
2238 4575 2469 4631 habetur
2493 4620 2506 4643 ,
2548 4578 2653 4633 illic
2705 4590 2883 4634 autem
2914 4597 3013 4636 nec
3043 4586 3373 4653 nuncupatio
3414 4588 3665 4643 nomina-

2080 4673 2194 4731 tur,
2236 4682 2335 4721 nec
2364 4668 2657 4723 invenitur.
2690 4672 2828 4736 Quid
2859 4675 3029 4744 ergo?
3057 4692 3182 4729 num
3209 4692 3273 4731 ex
3329 4679 3498 4734 tantis
3547 4695 3663 4750 quas

2076 4766 2328 4825 putamus
2351 4773 2377 4811 a
2406 4759 2560 4813 nobis
2601 4762 2757 4816 bonis
2788 4779 3109 4833 superamus
3150 4770 3466 4839 angelorum
3500 4780 3658 4828 natu-

2076 4850 2239 4902 ram?
2279 4850 2388 4904 Nos
2419 4853 2561 4906 enim
2600 4854 2796 4909 divites
2832 4872 2964 4911 auro
2988 4875 3206 4925 sumus,
3238 4864 3416 4933 angeli
3457 4882 3651 4920 aurum

2077 4956 2181 4993 non
2214 4940 2410 4997 habent
2444 4960 2459 4997 :
2505 4960 2608 4998 non
2652 4947 2771 5002 idco
2801 4964 3065 5020 pauperes
3115 4953 3502 5022 inveniuntur,
3532 4960 3653 5027 quia

2075 5027 2266 5088 aurum
2299 5038 2438 5106 apud
2468 5038 2586 5091 illos
2614 5055 2720 5094 non
2745 5050 2862 5107 est;
2896 5044 2989 5097 sed
3026 5047 3201 5115 magis
3228 5046 3300 5100 illi
3328 5047 3554 5113 divites,
3571 5051 3658 5120 qui

2074 5138 2173 5177 nec
2200 5140 2333 5177 auro
2364 5126 2607 5195 indigent
2637 5138 2821 5184 nostro
2848 5146 2947 5187 nec
2971 5146 3215 5201 argento.
3247 5136 3386 5200 Quid
3417 5152 3558 5207 opus
3580 5151 3658 5194 est

2072 5214 2275 5269 ferrum
2308 5216 2361 5270 in
2393 5219 2589 5274 caalis?
2619 5230 2800 5274 utrum
2838 5224 2906 5277 ad
2934 5223 3203 5280 culturam
3223 5267 3239 5291 ,
3278 5236 3372 5282 aut
3404 5231 3472 5284 ad
3501 5234 3656 5285 navi-

2071 5307 2338 5375 gationem
2365 5351 2380 5376 ,
2412 5322 2501 5363 aut
2530 5313 2597 5364 ad
2634 5312 2831 5366 bellum
2858 5354 2873 5380 ,
2903 5327 2998 5368 aut
3030 5316 3099 5370 ad
3124 5318 3452 5374 medicinam
3472 5322 3497 5374 ’ἶ
3524 5322 3653 5390 Quid

401 5389 530 5441 pore
559 5385 639 5430 est
674 5377 816 5433 Deus
839 5421 852 5441 ,
885 5385 976 5437 sed
1007 5385 1135 5439 vita.
1162 5386 1217 5439 In
1250 5396 1458 5442 tantum
1489 5390 1634 5443 enim
1672 5393 1973 5459 repetitco-
2002 5396 2049 5455 D
2075 5414 2209 5466 opus
2242 5408 2324 5453 est
2350 5402 2698 5468 permistione
2734 5404 2875 5471 illis,
2925 5408 3013 5463 ubi
3048 5424 3153 5462 non
3195 5420 3324 5465 sunt
3353 5423 3647 5467 commuta-

398 5465 598 5533 gitatus
632 5474 771 5538 quod
820 5474 921 5527 sibi
954 5477 1086 5531 utile
1138 5478 1409 5534 invenitur
1442 5495 1457 5533 :
1485 5482 1606 5550 quia
1651 5493 1814 5551 petrae
1843 5487 1967 5554 qui-

472 5603 583 5674 (52)
624 5606 717 5661 Ms.
765 5622 857 5664 aut
929 5615 981 5668 in
1046 5628 1210 5681 terra,
1255 5636 1355 5673 non
1421 5623 1475 5675 in
1530 5621 1700 5687 mari,
1762 5639 1864 5677 non
1914 5625 1965 5681 in

397 5687 534 5724 aere.

474 5740 590 5809 (53)
648 5743 741 5800 Ms.
814 5748 1043 5821 Simplex
1101 5758 1237 5811 enim
1272 5767 1316 5812 el
1342 5758 1578 5827 informis
1612 5772 1682 5817 es!
1715 5760 1869 5819 Deus.

2078 5491 2296 5547 tiones?
2322 5492 2424 5547 Sed
2462 5510 2560 5550 nec
2596 5495 2769 5552 servis
2801 5512 2937 5570 opus
2987 5509 3071 5554 est
3102 5502 3182 5556 eis
3209 5520 3223 5556 :
3256 5503 3457 5561 suﬂicit
3512 5506 3646 5561 enim

2146 5632 2257 5705 (54)
2293 5633 2645 5705 Composilus.
2677 5635 2869 5701 Forte,
2900 5638 3291 5705 incompositus.

2148 5704 2268 5773 (bii)
2314 5703 2624 5760 Coulea‘anl.
2660 5706 2853 5789 forte,
2890 5703 3184 5782 conlegam.
