3822 6218
172 302 316 359 “£9

947 306 1037 361 DE
1087 305 1176 363 ΕΟ
1217 307 1405 377 QUOD
1443 307 1625 365 DEUS
1662 306 1892 364 PATER
1927 305 2429 365 INCOBPORALIS
2466 305 2616 361 EST.

3277 301 3412 356 H50

171 414 547 485 unusquisque
595 416 716 472 sibi.
747 417 811 472 Et
840 432 959 488 qua:
988 430 1238 490 putamus
1280 420 1434 474 nobis
1467 434 1588 474 esse
1632 433 1746 471 ma-
1780 418 1825 474 A
1854 429 2101 488 pratum;
2135 429 2191 474 et
2215 420 2531 473 assistentes
2560 417 2728 487 pratis
2750 456 2764 481 ,
2806 417 3085 473 videamus
3125 434 3227 471 non
3270 434 3413 472 nunc

168 524 278 577 gna
301 549 317 576 ,
345 516 399 562 et
421 510 560 563 bona
583 550 599 573 ,
627 516 681 564 et
713 512 1019 565 necessaria
1045 526 1267 581 quaeque
1304 519 1430 565 sunt
1458 510 1644 576 nobis;
1669 509 1743 562 illi

168 608 381 655 natura
401 600 580 653 omnia
603 610 726 655 sunt
747 602 925 655 otiosa
963 620 976 655 :
1012 611 1067 655 et
1090 616 1423 671 quascunque
1452 616 1515 655 ex
1541 601 1745 652 anima-

172 690 319 744 libus
368 690 523 745 nobis
550 700 670 744 sunt
714 690 904 758 utilia,
956 692 1062 747 illis
1092 700 1219 746 sunt
1266 678 1371 746 non
1416 691 1740 746 necessaria.

174 780 389 835 Tauros
412 783 554 836 enim
584 784 648 836 ad
675 783 939 837 culturam
992 800 1099 838 non
1147 784 1344 839 habent
1371 799 1505 854 Opus
1525 824 1539 847 ,
1572 797 1745 851 neque

171 886 346 941 equos
374 874 439 927 ad
464 874 661 929 bellum
691 892 705 929 :
736 890 840 929 non
870 874 1110 944 indigent
1149 876 1272 945 igne
1308 876 1372 928 ad
1420 874 1702 928 luminaria
1725 913 1740 936 ,

171 977 349 1031 neque
376 978 438 1017 ea
474 979 592 1033 qua:
617 981 713 1035 per
745 967 921 1037 ignem
963 968 1028 1021 ad
1075 982 1283 1021 curam.
1329 965 1445 1020 Non
1495 981 1631 1035 aqua
1663 974 1745 1018 est

169 1052 253 1107 eis
278 1054 579 1108 necessaria
604 1096 620 1121 ,
647 1071 752 1109 non
780 1072 845 1111 ex
877 1058 1034 1121 mari,
1060 1073 1165 1111 non
1200 1072 1267 1111 ex
1296 1066 1436 1111 terra
1469 1074 1483 1109 :
1517 1072 1621 1110 non
1655 1055 1743 1109 illa

171 1156 293 1211 qua:
317 1156 382 1197 ex
410 1144 671 1202 imbribus
695 1158 1032 1217 apportatur.
1063 1147 1181 1203 Non
1227 1138 1473 1202 somnum
1511 1147 1576 1200 ad
1607 1147 1744 1202 refe-

170 1235 407 1288 ctionem
439 1238 803 1291 necessarium
834 1239 1058 1304 habent,
1086 1254 1191 1293 non
1224 1253 1377 1293 escas
1397 1239 1463 1291 ad
1491 1236 1740 1292 salutem.

171 1321 341 1379 Forte
385 1334 564 1380 autem
592 1328 808 1394 quidem
858 1336 913 1382 et
968 1328 1236 1382 mirantur
1287 1328 1605 1392 audientes,
1650 1325 1741 1394 qui

173 1427 359 1472 mente
384 1418 451 1472 ad
480 1418 793 1489 angelorum
817 1421 1013 1475 choros
1056 1436 1159 1474 non
1196 1427 1575 1489 pervenerunt.
1618 1418 1743 1485 Qui-

169 1508 275 1564 bus
300 1508 446 1564 enim
484 1509 766 1566 beatitudo
788 1519 871 1565 est
899 1512 943 1565 si
971 1512 1295 1565 manducent
1336 1521 1391 1564 et
1437 1510 1655 1574 bibant,
1689 1518 1744 1563 et

172 1601 384 1669 nuptiis
411 1610 651 1669 utantur,
683 1611 736 1656 et
764 1601 1136 1670 possessiones
1164 1600 1429 1665 habeant,
1452 1610 1505 1654 et
1528 1601 1746 1654 thesau-

170 1706 267 1747 ros
285 1693 611 1756 recondant,
646 1701 700 1746 et
724 1690 1028 1760 iudiciariis
1068 1692 1423 1762 dignitatibus
1459 1690 1741 1761 perfruan-

1850 510 2011 565 ﬂores
2039 521 2297 564 exeuntes
2319 549 2335 574 ,
2372 524 2541 578 neque
2565 508 2833 563 coloribus
2861 508 3039 563 varios
3059 550 3074 575 ,
3131 523 3305 573 neque
3358 508 3413 561 iu

1847 604 2107 658 odoribus
2137 604 2414 667 diversos;
2448 602 2540 655 sed
2564 600 2839 655 videamus
2861 600 2967 654 illic
2996 599 3131 655 coelo
3165 600 3410 668 superius

1860 700 2037 751 locum
2067 735 2081 756 .
2116 711 2210 765 per
2245 695 2463 765 angelos
2488 704 2667 748 autem
2698 693 3085 764 splendentem.
3123 692 3410 746 Multitudo

1853 790 1996 846 cutim
2031 790 2140 845 illic
2173 806 2277 845 non
2316 796 2461 844 tanta
2487 799 2685 858 quanta
2713 796 2796 843 est
2822 788 3119 843 stellarum.
3156 786 3212 842 Si
3263 786 3407 841 enim

1847 891 1903 935 et
1938 880 2121 933 multae
2156 888 2283 932 sunt
2311 879 2497 943 stellaz,
2531 879 2624 933 sed
2652 878 2705 931 in
2738 878 3198 944 magnitudinibus
3219 885 3273 930 et
3295 890 3411 929 cor-

1849 971 2071 1039 poribus
2099 969 2408 1024 constitutze
2428 1008 2444 1035 ,
2487 969 2620 1023 locis
2650 970 2921 1037 indigent,
2947 977 3002 1023 et
3027 983 3092 1023 ex
3142 969 3410 1034 magnitu-

1852 1064 1979 1117 dine
2008 1063 2130 1118 (ξωΙὶ
2166 1061 2449 1116 multitudo
2471 1071 2816 1116 mensuratur
2834 1076 3042 1115 earum.
3064 1058 3246 1111 Tantae
3265 1058 3409 1113 enim

1846 1167 2009 1218 sunt,
2054 1164 2284 1221 quantas
2313 1153 2459 1222 capit
2504 1162 2559 1206 et
2603 1153 2821 1207 cmlnm.
2871 1151 3055 1218 Angeli
3092 1158 3266 1203 autem
3303 1163 3409 1202 non

1846 1248 2100 1318 indigent
2126 1247 2240 1301 loco
2263 1286 2279 1310 ,
2315 1247 2407 1300 sed
2440 1245 2591 1300 liberi
2623 1262 2652 1298 a
2707 1245 2836 1298 locis
2867 1245 3105 1297 viventes
3144 1254 3267 1297 sunt
3290 1283 3306 1307 ,
3355 1251 3412 1297 et

1846 1339 1899 1392 in
1936 1338 2255 1391 alterutrum
2294 1345 2537 1405 agentes.
2574 1333 2693 1388 Non
2734 1335 2786 1389 iu
2828 1333 3141 1388 confusione
3184 1334 3410 1402 quippe,

1846 1445 1948 1484 nec
1975 1427 2337 1482 exsultatione
2386 1442 2645 1496 corporea
2673 1467 2687 1491 ,
2728 1426 2820 1480 sed
2873 1440 3083 1493 semper
3127 1426 3179 1478 in
3213 1424 3413 1479 lumine

1845 1530 2012 1575 sunt:
2048 1521 2147 1588 ipsi
2175 1518 2354 1571 lumen
2390 1516 2493 1571 tale
2516 1556 2531 1582 ,
2570 1518 2757 1585 quales
2791 1524 2844 1569 et
2898 1524 3043 1569 sunt.
3093 1515 3245 1584 Apud
3295 1515 3414 1570 illos

1845 1612 1987 1666 enim
2013 1626 2115 1665 non
2142 1626 2249 1663 nox
2284 1610 2349 1663 ad
2393 1608 2752 1663 refectionem
2786 1608 3015 1661 habetur
3038 1648 3053 1671 ,
3080 1623 3183 1660 nou
3211 1608 3324 1659 dies
3348 1605 3411 1657 ad

1848 1704 2330 1758 exsurrectionem.
2359 1700 2584 1769 Semper
2614 1699 2758 1752 enim
2782 1699 2984 1752 habent
3014 1697 3226 1763 lumen,
3258 1706 3311 1749 et
3336 1695 3415 1749 lu.

172 1790 296 1845 ll";
327 1781 411 1836 his
438 1782 598 1836 etiam
629 1797 691 1837 ea
721 1796 841 1851 (Ιυω
868 1796 1028 1851 supra
1061 1782 1163 1836 i513
1203 1790 1364 1844 ευιην
1392 1782 1600 1833 minora
1643 1794 1742 1848 Pu'
1776 1770 1819 1825 Β
1853 1810 1975 1850 men
2018 1809 2122 1847 nou
2151 1794 2253 1847 hoc
2285 1791 2427 1859 quod
2481 1790 2618 1859 apud
2648 1804 2745 1843 nos
2784 1798 2884 1843 est.
2918 1789 3030 1843 lloc
3074 1788 3216 1842 enim
3244 1788 3416 1853 sensi-

176 1882 385 1928 tantur.
417 1872 523 1929 Sed
560 1888 665 1927 non
715 1873 1148 1927 contaminemus
1180 1881 1425 1927 sanctum
1454 1870 1601 1925 illum
1646 1885 1742 1924 an-

167 1966 416 2034 gelorum
440 1967 662 2021 chormu
689 1982 703 2031 ;
743 1981 850 2021 non
885 1965 956 2019 sit
991 1965 1061 2019 ibi
1088 1963 1286 2019 femina
1310 2002 1326 2028 ,
1357 1964 1445 2018 ubi
1474 1963 1743 2018 successio

173 2057 487 2112 necessaria
527 2072 633 2112 non
681 2065 784 2112 est.
819 2055 934 2110 Non
977 2056 1102 2125 quia
1144 2063 1449 2109 creaturam
1490 2069 1688 2109 accuso
1725 2071 1739 2107 :

170 2149 593 2218 unumquodque
621 2149 766 2202 enim
794 2145 1026 2202 ofﬁcium
1081 2148 1134 2201 in
1186 2161 1280 2202 sua
1336 2154 1525 2200 natura
1568 2144 1741 2213 jacet;

168 2238 311 2293 bene
336 2238 657 2293 translatum
694 2248 874 2293 autem
903 2253 932 2292 a
976 2238 1091 2293 suis
1116 2238 1284 2305 locis,
1329 2245 1385 2292 et
1433 2238 1745 2307 regionibus

173 2340 231 2385 et
260 2341 451 2385 natura
475 2333 542 2386 ad
571 2346 731 2401 quam
759 2331 1050 2386 constituta
1079 2341 1200 2396 est,
1242 2341 1463 2387 revocat
1487 2331 1554 2385 ad
1588 2344 1648 2385 se
1670 2329 1745 2384 le-

172 2424 260 2493 gis
290 2424 487 2478 divinae
511 2423 791 2476 virtutem.
816 2410 1096 2488 Quomodo
1126 2422 1269 2476 enim
1311 2420 1491 2476 decori
1522 2421 1575 2475 in
1607 2421 1742 2475 mari

174 2522 301 2569 sunt
332 2516 558 2585 piscium
609 2515 841 2585 greges?
890 2515 1160 2583 quomodo
1205 2515 1415 2569 decorae
1453 2525 1577 2568 sunt
1623 2513 1745 2568 illo~

174 2622 297 2660 rum
329 2619 381 2660 tn
411 2607 677 2661 meatibus
704 2604 979 2659 fluminum
1005 2605 1436 2663 exsultationes?
1477 2606 1745 2675 quomodo

173 2698 356 2753 nitent
389 2699 441 2752 in
472 2699 651 2753 exitus
681 2697 948 2753 fontium?
991 2697 1051 2763 Si
1092 2708 1274 2753 autem
1301 2697 1533 2752 volueris
1575 2698 1743 2762 istos,

176 2800 238 2844 ut
260 2792 394 2845 dans
414 2790 759 2857 beneficium,
785 2805 851 2845 ex
878 2790 1033 2860 aquis
1061 2790 1126 2844 ad
1153 2791 1442 2859 puritatem
1461 2790 1602 2844 aeris
1624 2789 1747 2843 edu-

176 2896 333 2949 cere,
355 2882 421 2937 ad
447 2882 800 2952 perditionem
830 2882 1059 2951 piscium
1094 2880 1413 2935 beneficium
1445 2879 1536 2934 flet
1566 2889 1740 2934 tuum.

172 2973 321 3044 Ergo
349 2974 511 3044 piscis
542 2973 759 3042 quidem
809 2974 880 3028 sit
934 2971 1022 3026 ubi
1071 2980 1184 3036 est;
1229 2972 1443 3040 quidam
1494 2971 1638 3026 enim
1692 2972 1746 3025 in

180 3066 318 3120 mari
357 3074 482 3120 sunt
508 3066 701 3136 positi;
730 3073 784 3121 et
812 3066 922 3121 sint
951 3064 1039 3119 ubi
1084 3064 1163 3118 eis
1202 3075 1284 3118 est
1314 3065 1493 3117 datum
1526 3080 1541 3117 :
1573 3063 1661 3116 alii
1694 3064 1745 3116 in

174 3156 489 3210 tluminibus
517 3166 569 3211 et
599 3156 653 3209 in
682 3155 917 3211 fontibus
957 3165 1147 3209 natant
1168 3196 1183 3221 ,
1218 3156 1341 3224 quia
1368 3171 1476 3209 non
1510 3155 1747 3223 indigent

174 3248 289 3300 tuis
321 3247 596 3301 beneficiis
622 3248 688 3300 ad
719 3247 1216 3316 interemptionem.
1264 3245 1400 3312 Quid
1429 3246 1599 3315 ergo?
1624 3246 1747 3315 quia

173 3337 318 3389 bona
346 3348 426 3391 est
451 3352 587 3406 aqua
616 3338 851 3407 piscibus
877 3378 893 3403 ,
920 3338 1254 3406 deponamus
1279 3338 1387 3391 illic
1411 3337 1748 3391 exsultantes

180 3437 235 3482 et
270 3427 532 3482 homines.
562 3427 867 3482 Secundum
902 3429 1066 3482 istum
1096 3428 1259 3499 igitur
1286 3443 1619 3495 sermonem,
1640 3431 1748 3483 sint

180 3522 456 3576 masculus
480 3532 534 3576 et
559 3522 756 3576 femina
788 3521 945 3577 utiles
1002 3521 1142 3589 apud
1194 3535 1290 3574 nos
1323 3529 1377 3574 et
1420 3520 1746 3587 necessarii,

182 3612 464 3665 hominum
493 3623 672 3665 autem
710 3621 956 3664 naturam
988 3621 1177 3665 contra
1217 3620 1464 3664 naturam
1496 3625 1606 3665 non
1658 3611 1749 3666 de-

180 3719 464 3771 ponamus.
506 3703 562 3758 Si
594 3704 739 3757 enim
769 3703 1060 3758 ascendere
1082 3717 1189 3756 non
1222 3711 1398 3771 potest
1428 3712 1618 3755 natura
1670 3704 1751 3771 pi-

181 3797 354 3851 scium
392 3811 554 3866 supra
579 3804 824 3849 naturam
846 3835 862 3861 ,
893 3796 1160 3865 quomodo
1184 3810 1293 3848 non
1331 3794 1503 3863 magis
1540 3794 1751 3848 timebi-

184 3904 339 3957 mus,
370 3889 415 3944 si
466 3889 779 3960 angelorum
829 3898 1078 3942 naturam
1127 3888 1292 3941 verbo
1349 3887 1463 3940 ausi
1491 3883 1748 3939 fuerimus

180 3984 453 4053 deponere
476 4021 492 4047 ,
513 3996 632 4052 quae
658 3995 764 4035 non
800 3979 1118 4036 descendit?
1146 3978 1294 4033 Alias
1320 3988 1497 4031 autem
1536 3987 1594 4030 et
1617 3975 1751 4029 nihil

177 4076 417 4146 amplius
443 4075 533 4131 fiet
578 4090 608 4129 a
648 4075 838 4137 nobis,
894 4073 997 4128 nisi
1040 4081 1098 4127 ut
1136 4071 1589 4140 blasphememus.
1640 4067 1751 4123 Nec

178 4168 327 4221 enim
358 4169 457 4222 etsi
486 4165 811 4220 voluerimus
837 4165 944 4219 vim
975 4166 1154 4220 facere
1182 4164 1256 4217 illi
1281 4173 1515 4227 naturae,
1558 4174 1747 4230 perur-

183 4258 397 4327 gebitur
432 4273 446 4312 :
478 4259 571 4312 sed
601 4257 679 4312 illi
711 4257 928 4327 quidem
953 4263 1171 4310 manent
1190 4254 1344 4309 liberi
1391 4255 1459 4308 ab
1504 4255 1610 4308 isto
1652 4252 1750 4306 ha-

178 4351 301 4405 bitu
328 4351 621 4421 corporali.
655 4348 842 4421 Neque
866 4350 1007 4403 enim
1042 4347 1312 4402 masculus
1341 4360 1513 4415 neque
1550 4345 1746 4399 femina

185 4441 328 4510 apud
356 4455 449 4496 eos
472 4451 556 4496 est
576 4482 591 4507 ,
619 4454 674 4496 et
707 4457 813 4495 non
856 4441 922 4495 de
953 4450 1115 4494 terra.
1158 4440 1223 4493 Et
1254 4440 1356 4494 hoc
1378 4480 1393 4505 ,
1437 4438 1572 4493 forte
1604 4437 1745 4492 enim

180 4533 385 4587 audisti
421 4534 671 4589 mirabile
694 4533 825 4588 illud
852 4533 1091 4603 Apostoli
1118 4534 1320 4587 dictum
1341 4571 1356 4596 ,
1385 4532 1507 4601 quia
1538 4539 1593 4585 et
1615 4528 1751 4598 apud

182 4641 321 4694 quos
349 4634 541 4681 natura
594 4627 785 4681 statuit
826 4626 1122 4681 masculum
1175 4639 1295 4680 esse
1344 4633 1399 4679 et
1460 4622 1749 4690 feminam,

185 4719 331 4789 apud
362 4720 500 4773 istos
531 4719 674 4787 ipsos
698 4719 863 4785 fides,
892 4729 947 4773 et
975 4734 1069 4786 per
1122 4720 1281 4773 fidem
1325 4715 1632 4784 coniunctio
1673 4716 1755 4769 iu-

185 4808 422 4861 venitur.
454 4808 507 4862 In
540 4808 755 4863 Christo
775 4809 918 4863 enim
940 4848 956 4875 ,
985 4809 1192 4878 inquit,
1224 4823 1326 4862 non
1356 4817 1440 4862 est
1464 4805 1753 4870 masculus,

184 4913 363 4968 neque
392 4900 591 4955 femina
626 4901 694 4956 ⁸⁸.
725 4900 782 4955 Si
819 4876 982 4970 igitur
1013 4876 1101 4955 ubi
1164 4916 1227 4956 ex
1271 4910 1458 4955 natura
1503 4909 1587 4954 est
1634 4914 1750 4953 ma~

193 4989 378 5044 sculus
414 4999 469 5044 et
502 4989 699 5045 femina
720 5030 736 5056 ,
767 4991 821 5046 in
850 4990 1067 5046 Christo
1098 4992 1331 5045 efficitur
1360 5004 1532 5057 neque
1551 5003 1761 5043 mascu-

183 5081 275 5133 lus
312 5094 488 5150 neque
515 5080 738 5147 femina,
764 5085 858 5136 sed
892 5082 1123 5136 imitatio
1154 5083 1506 5152 angelorum:
1534 5096 1631 5134 cur
1654 5094 1757 5132 non

188 5170 361 5241 magis
386 5170 710 5240 suscipimus
740 5173 967 5241 gratiam
1025 5181 1082 5225 ut
1143 5186 1515 5237 assumamur,
1562 5178 1655 5223 aut
1702 5179 1761 5223 ut

188 5274 438 5317 naturam
473 5264 785 5334 angelorum
831 5265 1160 5334 deponamus
1218 5265 1284 5318 ad
1329 5261 1611 5318 nostram?
1650 5258 1754 5317 Sed

193 5371 297 5411 nos
324 5358 599 5426 erigamus
632 5358 1021 5427 nosmetipsos,
1069 5368 1123 5412 et
1174 5357 1241 5412 ad
1276 5355 1552 5426 superiora
1607 5354 1754 5422 cogi—

190 5458 361 5503 satum
386 5451 743 5518 perducamus
767 5461 1011 5505 nostrum
1038 5492 1053 5516 ,
1095 5450 1159 5504 ad
1209 5448 1521 5521 angelorum
1552 5445 1759 5502 scilicet

261 5603 310 5637 "
341 5602 459 5658 Gal.
487 5618 543 5657 Ill
571 5642 585 5667 ,
618 5602 709 5658 ‘28.

272 5740 385 5814 (56)
427 5739 523 5795 Ms.
560 5741 726 5809 ipsum
756 5738 915 5794 solem
946 5737 1186 5806 inferius.

1850 1887 2154 1944 bilitatibus
2185 1893 2554 1939 mensuratum
2584 1891 2702 1948 est,
2730 1880 2858 1935 illud
2901 1890 3078 1933 autem
3118 1879 3256 1932 aliud
3316 1878 3417 1931 ali-

1849 1980 1999 2051 quid.
2024 1977 2167 2031 Nihil
2189 1992 2319 2030 sane
2341 1991 2438 2030 nos
2463 1974 2714 2044 prohibet
2738 1973 2789 2026 in
2822 1972 3011 2025 iisdem
3037 1972 3166 2039 ipsis
3194 1985 3414 2038 compa-

1849 2072 2153 2129 rationibus
2187 2068 2449 2132 volutari,
2486 2066 2610 2135 quia
2634 2073 2689 2119 et
2717 2064 2953 2132 piscibus
2979 2062 3155 2115 lumen
3189 2061 3418 2114 habetur

1850 2180 1954 2219 non
1981 2171 2185 2217 tantum
2212 2168 2470 2229 quantum
2500 2165 2554 2211 et
2579 2156 2719 2227 apud
2750 2169 2864 2208 nos.
2893 2150 3242 2207 Commistum
3270 2148 3415 2203 enim

1849 2255 1979 2310 illud
2016 2263 2099 2309 est
2130 2253 2307 2305 lumen
2330 2290 2346 2315 ,
2378 2249 2519 2318 quod
2548 2247 2686 2317 apud
2736 2246 2914 2315 pisces
2949 2243 3175 2298 habetur
3217 2241 3414 2309 aquis;

1850 2356 1904 2400 et
1933 2346 2053 2399 ideo
2082 2358 2186 2397 non
2227 2343 2298 2395 ita
2346 2340 2485 2394 sicut
2535 2337 2673 2407 apud
2726 2352 2823 2390 nos
2856 2343 3138 2405 permanet
3184 2346 3418 2402 purum,

1851 2437 1948 2493 sed
1978 2436 2157 2489 lumen
2205 2443 2259 2488 et
2299 2432 2408 2486 illic
2459 2438 2544 2485 est
2575 2448 2590 2482 :
2622 2430 2869 2499 perlucet
2915 2426 3058 2481 enim
3107 2433 3162 2477 et
3214 2423 3287 2477 ibi
3322 2436 3422 2491 per

1853 2543 2023 2597 aquas
2056 2564 2073 2590 ,
2106 2525 2196 2578 sed
2223 2538 2329 2577 non
2358 2522 2531 2576 estita
2563 2535 2754 2591 purum
2778 2527 2836 2573 ut
2881 2515 3059 2571 nobis.
3107 2514 3174 2569 Et
3223 2513 3267 2567 si
3298 2512 3421 2582 quis

1852 2619 2139 2689 aliquando
2169 2617 2218 2670 vi
2247 2616 2436 2669 mersit
2465 2614 2519 2667 in
2546 2626 2713 2681 aquas
2734 2650 2751 2677 ,
2784 2619 2839 2665 et
2866 2610 2918 2664 in
2949 2608 3104 2677 aquis
3144 2621 3270 2660 suos
3294 2620 3422 2674 ape-

1854 2713 1961 2766 ruit
1983 2709 2168 2766 oculos
2186 2747 2204 2773 ,
2238 2707 2370 2762 vidit
2392 2706 2591 2776 quippe
2612 2705 2753 2774 quod
2778 2702 2917 2773 apud
2966 2715 3066 2755 nos
3093 2706 3176 2753 est
3204 2698 3419 2763 lumen;

1852 2803 2029 2868 videt,
2066 2802 2283 2870 inquam
2306 2840 2321 2865 ,
2358 2798 2461 2852 hoc
2495 2798 2702 2851 clarum
2734 2796 2787 2850 in
2837 2793 2993 2863 aquis
3042 2791 3418 2860 caliginosum.

1858 2894 2085 2950 Utamur
2108 2899 2286 2944 autem
2327 2900 2380 2943 et
2403 2887 2507 2941 alia
2541 2884 2967 2954 comparatione.
3001 2881 3247 2936 Praesens
3274 2878 3419 2933 enim

1854 2986 2011 3040 istius
2046 2985 2190 3036 horae
2219 2978 2535 3035 constitutio
2557 2978 2929 3031 testimonium
2956 2970 3191 3027 sermoni
3222 2971 3423 3037 imper-

1857 3077 1970 3130 tiet.
2028 3072 2138 3127 lloc
2168 3071 2311 3140 quod
2359 3068 2498 3137 apud
2556 3082 2655 3121 nos
2687 3080 2881 3134 purum
2913 3073 2999 3118 est
3049 3063 3265 3117 lumen:
3295 3057 3420 3127 quia

1856 3164 1997 3219 enim
2029 3163 2197 3216 nubes
2221 3159 2512 3214 adveniens
2546 3157 2793 3211 constitit
2819 3168 2978 3223 super
3007 3168 3129 3214 nos,
3162 3152 3315 3220 aquis
3338 3158 3423 3204 ut-

1856 3266 1978 3328 pote
1995 3254 2177 3324 plena;
2203 3267 2306 3307 non
2339 3249 2584 3319 permisit
2603 3257 2782 3302 autem
2810 3248 2914 3299 tale
2935 3245 3000 3298 ad
3021 3259 3119 3297 nos
3136 3242 3314 3295 lumen
3335 3255 3424 3295 ve-

1859 3351 1995 3414 nire,
2017 3346 2176 3417 quale
2195 3344 2309 3399 heri
2329 3352 2382 3398 et
2408 3343 2616 3413 pridem
2640 3340 2971 3395 habebamus
2990 3337 3040 3390 in
3066 3334 3253 3389 oculis.
3269 3330 3426 3387 Aeris

1857 3437 2000 3494 enim
2020 3434 2235 3490 tristitia
2250 3433 2457 3504 pervisa
2477 3429 2711 3485 ostendit
2726 3436 2919 3497 quanta
2938 3421 3422 3479 immutatioeidem

1858 3531 1957 3601 ipsi
1987 3527 2173 3583 lumini
2202 3528 2267 3580 ab
2295 3523 2589 3590 interjectis
2621 3520 2852 3574 nubibus
2875 3515 3177 3586 perficitur,
3205 3524 3262 3567 ut
3286 3513 3425 3578 apud

1860 3637 1977 3677 nos.
2006 3619 2061 3674 Si
2096 3629 2277 3673 autem
2315 3623 2582 3686 prarcepto
2615 3612 2709 3668 Dei
2742 3610 3016 3666 evacuatis
3045 3607 3199 3676 aquis
3232 3604 3426 3673 fugata

1858 3714 2057 3768 fuerint
2078 3713 2267 3774 nubes,
2285 3718 2339 3763 et
2360 3718 2551 3761 natura
2572 3704 2688 3775 ejus
2708 3712 2809 3767 est,
2830 3703 3019 3756 iterum
3040 3699 3192 3754 nobis
3209 3696 3427 3751 advenit

1859 3805 2061 3867 lumen,
2089 3817 2195 3856 non
2219 3800 2360 3853 aliud
2392 3800 2589 3867 quippe
2610 3796 2829 3858 factum,
2850 3796 2943 3847 sed
2963 3791 3246 3845 liberatum
3280 3802 3308 3840 a
3327 3801 3427 3841 nu-

1855 3896 2003 3949 bium
2022 3891 2368 3963 permistioue
2385 3932 2398 3953 ,
2420 3890 2577 3942 istam
2596 3903 2755 3958 quam
2775 3886 2967 3940 videtis
2986 3879 3424 3937 constitutionem

1858 3987 2201 4054 prwbentem.
2246 3981 2386 4051 Ergo
2419 3988 2471 4033 et.
2497 3979 2549 4032 in
2593 3978 2749 4043 mari,
2781 3986 2833 4031 et
2868 3976 2919 4029 in
2948 3975 3103 4043 aquis
3126 3982 3245 4026 erat
3282 3971 3427 4024 aliud

1859 4077 2074 4140 lumen;
2123 4089 2228 4128 non
2263 4072 2488 4126 alterum
2523 4071 2718 4140 quippe
2747 4077 2963 4132 natura,
3000 4065 3091 4120 sed
3127 4066 3227 4119 sub
3257 4064 3430 4117 intro-

1858 4170 2106 4222 ductione
2140 4166 2364 4219 aliorqu
2400 4164 2774 4233 caliginosum.
2829 4162 2905 4214 lta
2935 4168 2988 4213 et
3034 4156 3174 4228 apud
3222 4170 3317 4210 nos
3360 4168 3428 4209 ex

1858 4270 2124 4314 conventu
2156 4257 2375 4310 nubiqu
2408 4265 2463 4310 et
2505 4269 2764 4322 aquarum
2797 4253 2897 4306 hoc
2926 4250 3125 4305 factum
3153 4259 3256 4312 est,
3286 4247 3427 4317 quod

1856 4351 2050 4405 videtis
2088 4364 2184 4419 per
2226 4349 2417 4406 nubes.
2470 4346 2772 4402 Secundum
2816 4347 2973 4399 istum
3021 4343 3183 4411 igitur
3223 4355 3430 4395 sermo-

1784 4476 1827 4529 D
1860 4455 2003 4503 nem,
2037 4449 2089 4494 et
2150 4454 2246 4508 per
2293 4454 2470 4493 aerem
2505 4447 2794 4508 penetrans
2827 4438 3004 4489 lumen
3049 4450 3152 4487 nun
3195 4441 3278 4486 est
3326 4431 3430 4485 tale

1858 4532 2015 4601 quale
2046 4546 2076 4585 a
2113 4532 2223 4585 sole
2270 4531 2554 4586 emittitur.
2604 4529 2661 4584 Si
2703 4530 2846 4584 enim
2899 4526 3132 4580 maxime
3178 4540 3243 4577 eo
3285 4522 3428 4592 quod

1862 4625 2174 4694 perspicuus
2205 4639 2299 4677 aer
2327 4624 2572 4686 habetur,
2607 4622 2735 4675 latet
2760 4620 3035 4689 permistio
3065 4640 3077 4673 :
3106 4618 3199 4672 sed
3228 4617 3273 4671 si
3306 4617 3429 4687 quis

1861 4715 2089 4769 voluerit
2120 4716 2353 4786 cogitatu
2385 4714 2617 4779 evolare,
2657 4722 2711 4768 et
2742 4713 2886 4765 velut
2925 4712 2977 4765 in
3021 4711 3177 4779 aquis
3208 4709 3429 4763 nubium

1862 4821 1919 4861 se
1954 4820 2197 4874 mergere
2217 4846 2232 4871 ,
2272 4815 2326 4860 et
2357 4806 2524 4859 nubes
2564 4804 2789 4858 transire
2809 4844 2824 4867 ,
2854 4814 2907 4857 et
2939 4803 3080 4857 aeris
3126 4800 3431 4871 permistio-

1862 4913 1981 4951 uem
2029 4898 2428 4962 transcendere,
2482 4895 2780 4964 pervidebit
2835 4894 3179 4964 purissimum
3228 4892 3427 4944 lumen.

1863 4990 2015 5044 Sicut
2042 4990 2184 5044 enim
2224 4989 2329 5043 hoc
2357 4989 2498 5058 quod
2525 4988 2663 5058 apud
2701 5002 2797 5041 nos
2829 4997 2910 5041 est
2941 4986 3139 5048 lumen,
3196 4984 3429 5049 regioni-

1863 5082 1961 5134 bus
1984 5088 2038 5134 et
2058 5079 2245 5149 spatiis
2273 5087 2327 5133 et
2368 5078 2751 5133 offensionibus
2785 5092 2995 5146 semper
3021 5075 3278 5129 minuitur
3305 5087 3321 5126 :
3357 5073 3431 5126 ita

1863 5172 2098 5235 rediens,
2130 5182 2183 5225 et
2228 5172 2295 5226 ab
2341 5171 2495 5241 aquis
2543 5170 2721 5224 lumen
2755 5170 3086 5238 abstergens,
3118 5176 3171 5221 et
3204 5181 3233 5219 a
3277 5166 3434 5218 nuhi-

1862 5264 1959 5317 bns
1995 5274 2047 5318 te
2102 5279 2383 5333 separans,
2419 5274 2473 5317 et
2530 5278 2558 5316 a
2607 5263 2957 5331 permistioue
3003 5260 3142 5313 aeris
3176 5259 3432 5323 liberans,

1867 5357 2254 5410 transcenderis
2309 5363 2485 5408 autem
2545 5365 2601 5409 et
2653 5354 2807 5408 istius
2856 5352 3069 5407 luminis
3120 5350 3432 5420 puritatem,

1866 5443 2123 5516 relinquis
2173 5456 2227 5503 et
2278 5446 2446 5515 ipsum
2497 5448 2665 5503 solum
2719 5446 2942 5503 inferius
2973 5443 3105 5515 (56).
3143 5443 3435 5501 Transiens
