3822 6218
403 293 532 350 1151

399 410 597 478 quippe
629 417 681 461 et
727 407 927 462 caelum
975 410 1244 475 superius,
1287 422 1543 462 occurres
1592 406 1773 461 lumini
1819 427 1830 461 :

401 498 477 555 illi
507 501 598 569 qui
629 515 658 553 ι
686 501 800 555 sole
830 511 933 563 est,
965 516 1064 555 nec
1092 501 1165 554 illi
1201 501 1287 555 cui
1319 500 1592 554 successio
1624 517 1727 554 nos
1754 511 1857 562 est,
1904 518 1992 555 ue-

398 606 505 660 que
544 591 621 646 illi
647 593 740 665 qui
784 608 814 647 a
859 594 1161 662 parietibus
1187 592 1528 660 prohibetur,
1566 608 1667 648 nec
1694 594 1769 648 illi
1796 596 1880 649 cui
1908 595 1989 649 ol-

398 680 626 737 fendunt
662 683 890 751 umbrae,
929 700 1102 753 neque
1133 683 1207 737 illi
1241 683 1332 752 qui
1359 684 1751 752 permiscentur
1780 684 1893 739 aeri
1937 696 1988 738 et

399 773 579 841 aquis,
614 774 729 829 sive
763 791 859 843 per
893 774 1064 829 nubes
1114 776 1228 829 sive
1283 789 1379 842 per
1435 790 1607 838 mare,
1658 776 1750 830 sed
1803 776 1989 829 lumini

399 877 556 933 puro.
610 862 677 918 I’.t
706 878 773 919 ne
802 876 957 934 putes
985 879 1070 919 me
1116 880 1260 919 nunc
1290 864 1510 934 angelos
1546 866 1727 920 dicere
1768 865 1946 920 lumen
1975 884 1988 919 :

399 964 484 1008 est
512 954 656 1009 enim
682 963 735 1009 et
761 971 924 1026 super
958 957 1061 1011 hoc
1083 956 1287 1012 clarum
1318 956 1499 1011 lumen
1530 956 1750 1011 clarius.
1797 957 1854 1011 lu
1889 959 1992 1013 isto

402 1047 569 1116 igitur
605 1048 811 1102 lumine
837 1053 1193 1117 sempiterno,
1227 1049 1280 1102 in
1332 1050 1436 1103 isto
1473 1050 1563 1118 qui
1612 1064 1717 1103 non
1764 1048 1818 1102 in
1869 1064 1988 1104 suc-

401 1141 739 1197 cessiouibus
780 1142 1032 1205 habetur,
1073 1142 1163 1210 qui
1189 1156 1297 1195 non
1326 1140 1616 1210 aliquando
1639 1141 1853 1209 quidem
1886 1153 1989 1207 est,

404 1232 695 1303 aliquando
730 1244 907 1291 autem
934 1251 1037 1289 non
1069 1244 1151 1289 est
1185 1253 1196 1287 :
1227 1234 1279 1287 in
1323 1234 1427 1287 isto
1453 1235 1543 1304 qui
1568 1234 1708 1289 cmlo
1741 1234 1991 1303 superius

405 1335 507 1389 est,
559 1334 611 1381 et
652 1342 761 1381 non
792 1343 819 1381 a
854 1328 993 1383 coelo
1046 1327 1213 1381 istic:
1249 1326 1332 1379 cui
1362 1324 1441 1379 sol
1489 1341 1594 1379 nou
1634 1336 1718 1381 est
1756 1327 1989 1394 genitor,

406 1432 512 1471 non
545 1416 666 1470 luna
696 1427 871 1472 mater
894 1459 908 1477 ,
941 1433 1045 1472 non
1077 1418 1272 1473 coelum
1310 1432 1339 1470 a
1369 1416 1557 1480 stellis,
1596 1431 1701 1470 non
1742 1416 1992 1469 lucerna-

408 1523 523 1561 rum
556 1508 891 1578 splendores,
929 1508 1021 1563 sed
1054 1509 1230 1563 lumen
1270 1509 1419 1562 illud.
1448 1507 1525 1562 Tu
1560 1508 1702 1563 enim
1735 1506 1852 1562 sine
1880 1508 1991 1561 sole

406 1599 585 1652 lumen
622 1601 804 1653 videre
837 1616 940 1653 non
994 1609 1169 1667 potes,
1228 1614 1328 1654 nec
1373 1614 1433 1652 ea
1480 1614 1597 1667 qua:
1645 1598 1781 1651 infra
1823 1597 1989 1653 solem

408 1692 697 1753 habentur,
730 1703 783 1747 et
813 1709 871 1745 ea
901 1709 1019 1762 qua:
1058 1704 1375 1763 qumrunlur
1399 1702 1459 1747 ut
1491 1702 1777 1746 teneantur
1807 1709 1987 1747 manu.

1089 291 1355 347 EUSEBII
1396 289 1880 347 CESARIENSIS
1920 291 2071 346 OPP.
2115 290 2294 346 PARS
2334 291 2420 345 IV.
2464 321 2531 334 -—-
2571 288 2992 345 DOGMATICA.

1880 425 1982 460 non
2020 416 2058 467 Α
2091 409 2424 461 contendens
2461 409 2721 462 exhibere
2759 407 2826 461 de
2876 402 3228 460 inenarrabili
3257 399 3365 458 Deo
3412 401 3685 471 loquitur,

3551 286 3689 342 H52

2095 501 2273 554 lumen
2314 500 2563 554 habitans
2596 498 2967 553 inaccessibile
2988 496 3065 562 ⁸⁸;
3098 495 3478 551 inaccessibile
3506 496 3685 549 nomi-

2094 608 2253 653 nans.
2306 590 2359 645 id
2404 590 2537 646 dicit
2570 590 2715 657 quod
2746 588 2943 655 suscipi
2974 603 3077 643 non
3107 596 3304 656 potest.
3338 586 3553 641 Lumen
3588 586 3687 654 igi-

2093 689 2183 735 tur
2208 680 2416 750 angelis
2443 678 2569 733 illud
2598 687 2704 742 est,
2730 676 2888 747 cujus
2916 691 3090 745 neque
3112 685 3303 744 gustus
3328 689 3511 743 neque
3540 691 3690 730 com-

2094 774 2305 843 paratio
2338 772 2479 842 apud
2513 788 2614 827 nos
2649 771 2942 826 invenitur.
2976 769 3142 841 Regio
3166 778 3344 825 autem
3369 769 3493 837 ejus
3518 785 3686 837 supra

2092 868 2313 922 dorsum
2363 874 2447 922 est
2488 866 2631 927 caeli,
2676 864 2954 934 possessio
2991 878 3121 918 vero
3166 871 3222 917 et
3263 863 3471 917 diviti:
3504 861 3684 932 ipsis:

2094 978 2198 1017 non
2233 961 2377 1016 enim
2409 958 2550 1015 lecto
2583 969 2636 1013 et
2670 959 2936 1012 medicina
2984 966 3041 1011 et
3082 972 3288 1022 mensa,
3337 966 3393 1010 et
3449 971 3519 1010 ea
3565 972 3690 1025 qua:

2094 1054 2235 1123 apud
2268 1068 2371 1107 nos
2400 1068 2599 1120 magna
2633 1059 2890 1120 putantur
2915 1090 2929 1111 ,
2978 1050 3307 1118 sempiterna
3344 1048 3435 1102 illa
3475 1047 3691 1118 indiget

2093 1158 2144 1201 et
2182 1154 2367 1202 sancta
2410 1156 2599 1199 natura
2637 1163 2650 1199 :
2696 1144 2799 1198 illis
2834 1144 2979 1197 enim
3019 1159 3241 1197 somnus
3277 1159 3381 1197 non
3428 1152 3543 1205 est,
3578 1158 3691 1197 non

2093 1240 2272 1306 dolor,
2325 1254 2431 1292 non
2474 1236 2648 1293 labor.
2691 1237 2827 1302 Quid
2876 1237 3048 1304 ergo?
3089 1236 3225 1290 Num
3267 1236 3443 1291 otiosa
3490 1249 3687 1289 eorum

2093 1344 2290 1387 natura
2327 1331 2456 1385 est?
2501 1328 2712 1384 Habent
2745 1344 2880 1397 opus
2913 1328 3128 1397 dignum
3174 1343 3285 1381 suae
3317 1326 3685 1381 substantiae:

2098 1427 2266 1481 Deum
2310 1424 2538 1479 laudant
2583 1438 2688 1476 non
2730 1420 2955 1475 vocibus
3001 1435 3174 1490 neque
3215 1419 3477 1475 clamore.
3536 1418 3689 1483 Quo-

2098 1520 2260 1574 modo
2293 1532 2424 1587 ergo
2464 1514 2594 1569 dicit
2625 1514 2905 1583 Scriptura
2946 1527 3124 1574 voces,
3163 1521 3235 1573 et,
3272 1512 3315 1567 si
3368 1510 3690 1581 permiserit

2098 1621 2328 1679 tempus.
2374 1610 2750 1677 contingemus
2779 1606 3082 1670 audientes,
3118 1614 3171 1659 et
3207 1606 3308 1659 ista
3334 1602 3555 1657 interim
3585 1616 3689 1653 au-

2098 1714 2201 1758 tem
2232 1714 2426 1758 natura
2460 1708 2807 1771 agnoscatur.
2861 1698 2917 1753 Si
2951 1709 3129 1752 autem
3168 1708 3225 1751 et
3263 1696 3420 1751 aliter
3444 1709 3687 1763 appara-

408 1785 523 1841 Nou
576 1803 760 1842 eorum
815 1792 903 1857 qui
957 1799 1207 1859 qumrunt
1248 1789 1376 1857 quid
1423 1798 1662 1857 gustant,
1707 1797 1797 1841 aut
1826 1790 1992 1842 odore
2026 1773 2066 1827 Β
2100 1796 2232 1852 verit
2267 1794 2547 1860 Scriptura
2585 1794 2792 1859 dicens,
2830 1792 3009 1860 agnita
3035 1799 3228 1843 natura
3265 1796 3599 1856 agnoscetur
3635 1796 3691 1841 et

408 1889 730 1941 assumant;
783 1895 885 1933 non
936 1895 1123 1933 eorum
1179 1879 1269 1946 qui
1322 1877 1545 1931 auribus
1572 1877 1887 1939 edocentur,
1937 1888 1995 1933 et

407 1970 581 2025 oculis
606 1972 807 2034 vident,
847 1972 983 2025 sicut
1016 1972 1068 2024 in
1103 1972 1277 2039 aquis.
1319 1969 1431 2026 Illic
1456 1971 1601 2025 enim
1626 1970 1730 2023 alia
1762 1985 1991 2024 conver-

406 2059 549 2112 satio
575 2068 681 2121 est,
710 2072 763 2113 et
794 2061 895 2112 alia
925 2061 978 2114 in
1013 2072 1178 2125 terra,
1213 2071 1267 2115 et
1299 2060 1351 2114 in
1388 2076 1515 2114 aere
1547 2076 1652 2115 non
1688 2063 1898 2123 eadem,
1939 2069 1994 2113 et

408 2148 604 2201 coelum
656 2149 815 2203 aliam
864 2151 1027 2206 habet
1079 2150 1543 2205 constitutionem.
1604 2151 1677 2204 Ita
1739 2162 1994 2205 maneant

409 2241 510 2295 ista
542 2242 684 2306 istic,
718 2242 804 2296 illa
845 2253 1025 2299 autem
1061 2260 1180 2312 quac
1225 2245 1349 2299 inde
1392 2254 1518 2299 sunt
1560 2244 1671 2298 sint
1716 2244 1841 2304 alia,
1885 2258 1990 2296 non

409 2333 602 2386 borum
654 2348 1006 2403 congeneres.
1061 2334 1117 2390 Si
1167 2336 1310 2390 enim
1367 2336 1563 2390 clarior
1608 2334 1764 2389 stella
1822 2336 1994 2404 magis

407 2439 567 2497 quam
596 2425 833 2483 lucernae
880 2428 1058 2480 lumen
1093 2436 1195 2492 est,
1250 2442 1352 2481 non
1389 2436 1441 2482 te
1469 2427 1708 2489 seducat,
1752 2427 1877 2496 quia
1912 2425 1992 2479 lu-

409 2529 571 2569 cerna
598 2518 815 2586 quidem
846 2517 1153 2573 illuminare
1187 2519 1432 2583 videtur,
1464 2526 1518 2572 et
1550 2533 1885 2588 unaqua‘qtte
1914 2528 1994 2572 to-

411 2620 519 2664 tam
546 2609 761 2663 domum
802 2628 815 2663 :
861 2611 1027 2665 stellae
1054 2620 1231 2665 autem
1261 2619 1422 2665 tanta:
1456 2620 1668 2665 noctem
1707 2626 1812 2665 nou
1838 2610 1991 2665 aufe-

410 2709 537 2752 runt
556 2716 736 2753 unum.
760 2698 815 2754 Si
835 2702 957 2768 quis
983 2702 1125 2754 enim
1153 2701 1540 2757 volueritscire
1572 2702 1993 2756 lucernaaimbe-

408 2790 688 2847 cillitalem
709 2792 773 2845 ad
796 2793 1072 2846 stellarum
1095 2792 1319 2859 lumina,
1347 2794 1605 2848 abstrahe
1633 2794 1905 2849 lucernam
1925 2793 1993 2846 ab

408 2884 605 2940 oculo:
636 2900 740 2941 non
793 2896 1051 2955 quantum
1089 2886 1257 2940 distat
1287 2885 1483 2941 caelum
1512 2895 1675 2952 terra,
1721 2885 1846 2956 quia
1886 2899 1990 2939 non

408 2988 493 3033 est
530 2978 634 3032 hoc
668 2979 758 3034 tibi
798 2979 1097 3046 possibile;
1135 2989 1315 3034 tamen
1344 2989 1604 3049 quantum
1642 2990 1794 3049 potes
1817 2978 1992 3032 lucer-

2097 1886 2295 1955 quibus
2361 1885 2642 1955 Scriptura
2698 1882 3015 1951 alloquitur.
3074 1880 3321 1949 Denique
3374 1890 3430 1932 et
3494 1886 3691 1932 orator

2096 1972 2279 2041 parvis
2319 1982 2413 2024 aut
2453 1987 2559 2025 non
2605 1970 2865 2040 loquitur,
2903 1979 2997 2025 aut
3045 1970 3125 2023 sic
3169 1968 3410 2035 loquitur
3438 1977 3498 2020 ut
3528 1967 3690 2035 parvi

2099 2074 2325 2129 possunt
2356 2064 2583 2130 audire;
2636 2072 2690 2117 et
2742 2062 3028 2130 Scriptura
3060 2062 3243 2115 divina
3282 2059 3595 2115 hominibus
3628 2068 3688 2111 ut

2096 2155 2331 2209 humane
2374 2156 2643 2223 loquatur,
2688 2161 2780 2207 aut
2816 2152 3034 2206 silentio
3083 2153 3404 2207 honoretur.
3457 2149 3574 2204 Non
3619 2166 3687 2203 ex

2098 2248 2181 2302 his
2208 2247 2372 2315 igitur
2402 2262 2467 2301 ex
2500 2246 2697 2314 quibus
2723 2243 3164 2299 condescendens
3192 2244 3477 2313 Scriptura
3514 2243 3693 2311 loqui-

2097 2349 2187 2393 tur
2219 2340 2393 2401 nobis,
2442 2338 2700 2393 debemus
2731 2336 2899 2391 verbo
2940 2337 3207 2391 deducere
3252 2345 3308 2390 et
3341 2345 3600 2391 naturas.
3638 2348 3693 2387 et

2098 2433 2204 2486 vim
2264 2432 2446 2487 facere
2491 2431 2924 2500 nobismetipsis,
2967 2438 3025 2483 et
3072 2439 3132 2483 ut
3168 2428 3344 2498 pisces
3390 2426 3621 2480 exsilire
3662 2442 3692 2478 e

2097 2523 2253 2577 mari.
2287 2522 2457 2577 Erunt
2492 2522 2635 2575 enim
2670 2522 2824 2576 nobis
2855 2520 3203 2589 jactationes,
3235 2535 3343 2575 nou
3383 2520 3453 2573 ad
3498 2519 3693 2589 perdi-

2099 2618 2299 2669 tionem
2353 2623 2413 2667 ut
2465 2614 2749 2684 piscibus:
2795 2614 2891 2668 sed
2936 2611 3204 2682 quomodo
3234 2626 3296 2666 ea
3329 2612 3537 2677 dicam,
3586 2625 3697 2679 ego

2094 2710 2311 2777 quidem
2353 2722 2458 2762 non
2490 2721 2732 2776 possum.
2780 2706 2947 2761 Decet
2978 2714 3155 2759 autem
3184 2712 3491 2773 opportune
3525 2717 3690 2772 repe-

2098 2810 2212 2854 tere
2259 2816 2363 2853 non
2409 2799 2619 2853 Domini
2665 2813 2875 2864 vocem,
2905 2797 2995 2867 qui
3034 2798 3337 2866 piscatores
3367 2813 3397 2847 a
3444 2796 3588 2848 mari
3638 2806 3695 2849 et

2093 2892 2302 2963 stagnis
2330 2901 2382 2943 et
2412 2889 2587 2945 ﬂuviis
2614 2890 2960 2955 abstraheus,
2993 2890 3067 2942 ait
3105 2909 3119 2945 :
3162 2889 3209 2921 "
3243 2886 3441 2953 Venite,
3486 2888 3693 2956 faciam

2094 3002 2184 3040 vos
2217 2986 2505 3053 piscatores
2540 2986 2834 3039 hominum.
2874 2984 3037 3039 Decet
3074 2983 3241 3047 enim,
3275 2983 3473 3052 inquit,
3508 2981 3694 3034 homi-

411 3084 536 3123 nam
562 3070 630 3125 ab
660 3072 821 3125 oculo
844 3087 1055 3139 separa,
1088 3073 1382 3126 intueberis
1409 3073 1533 3140 quia
1564 3072 1751 3139 spatiis
1794 3071 1991 3125 minui-
2017 3106 2060 3166 C
2097 3093 2191 3133 nes
2222 3077 2529 3147 piscanlini.
2561 3075 2627 3129 Et
2663 3092 2770 3130 non
2807 3077 2994 3141 tacuit,
3025 3090 3091 3128 ne
3117 3072 3352 3141 suspicio
3383 3072 3542 3125 ﬂeret
3570 3087 3701 3140 per.

412 3172 520 3225 tur,
555 3171 607 3215 et
648 3163 994 3233 caliginatur,
1041 3174 1094 3218 et
1147 3164 1415 3218 inﬁrmior
1446 3164 1691 3233 arguitur
1733 3162 1988 3217 lucerna-

410 3273 530 3312 rum
573 3258 774 3312 lumen.
833 3258 889 3312 Si
943 3272 1122 3312 autem
1169 3268 1315 3314 esset
1364 3260 1541 3327 aliqua
1574 3258 1904 3323 adinventio,
1936 3267 1995 3313 ut

411 3364 514 3405 non
546 3350 717 3405 solum
744 3352 903 3405 unius
930 3351 1163 3407 lucernae
1188 3393 1202 3415 ,
1251 3352 1342 3407 sed
1371 3352 1613 3408 omnium
1646 3351 1991 3407 lucernarum

408 3441 703 3510 ﬂammam,
744 3452 798 3498 et
844 3445 1085 3500 omnium
1128 3460 1248 3515 quae
1297 3445 1696 3511 accenduntur;
1750 3444 1794 3498 si
1850 3453 1991 3499 esset

410 3537 658 3593 machina
690 3536 933 3602 quredam
959 3578 974 3602 ,
1005 3548 1059 3589 ut
1097 3551 1313 3591 omnem
1351 3536 1508 3588 istam
1554 3533 1823 3588 ﬂammam
1870 3535 1992 3605 quis

411 3636 594 3699 posset
639 3628 914 3699 colligere,
966 3636 1021 3682 et
1064 3630 1118 3682 in
1152 3627 1291 3681 coelo
1329 3626 1680 3690 constituere,
1715 3624 1807 3677 ubi
1838 3624 1992 3678 stella

410 3722 735 3790 parvissima
780 3732 863 3775 est
918 3722 1115 3788 posita,
1164 3736 1265 3775 nec
1320 3732 1539 3788 prorsus
1574 3717 1752 3786 agnita
1804 3715 1993 3769 luisset

412 3816 649 3877 ﬂatuma,
715 3814 805 3868 ubi
862 3813 1037 3882 posita
1098 3811 1407 3866 haberetur.
1472 3808 1582 3863 Cur
1635 3822 1765 3877 ergo
1802 3821 1991 3862 omnes

411 3905 583 3959 stella:
608 3922 712 3959 non
739 3905 943 3974 pellunt
970 3904 1222 3959 noctem?
1252 3904 1378 3972 quia
1407 3901 1592 3956 multis
1616 3900 1807 3970 spatiis
1834 3915 1862 3951 a
1898 3914 1992 3951 no-

412 3998 497 4059 bis
543 3998 776 4059 distant,
844 4006 1025 4051 tamen
1074 4013 1178 4050 non
1229 3995 1527 4064 quamlibet
1584 3991 1989 4063 permistionem

411 4087 631 4145 luminis
660 4089 712 4142 in
748 4098 908 4143 nocte
965 4087 1360 4141 transmittunt.
1396 4084 1453 4140 Si
1504 4085 1625 4154 quis
1671 4093 1850 4137 autem
1893 4097 1990 4136 vo-

412 4182 571 4237 luerit
602 4182 815 4246 iulueri,
848 4190 902 4236 et
929 4194 1243 4248 comparare
1267 4178 1499 4233 nubibus
1531 4188 1765 4237 noctem.
1805 4175 1991 4243 pervi-

412 4273 562 4330 debit
586 4274 710 4343 quia
737 4273 930 4336 nubes,
960 4273 1088 4326 licet
1120 4288 1223 4325 non
1252 4286 1349 4341 per
1369 4272 1569 4332 omnia,
1600 4280 1778 4323 tamen
1808 4269 1987 4339 splen-

409 4365 593 4419 dorem
627 4365 905 4419 stellarum
946 4363 1252 4433 prohibent.
1287 4363 1351 4417 Et
1380 4377 1501 4417 cum
1534 4363 1636 4416 hoc
1670 4362 1741 4415 ita
1770 4362 1871 4425 sit,
1902 4362 1987 4414 in-

2092 3171 2337 3232 ditionis,
2368 3170 2462 3225 sed
2486 3169 2758 3232 homines,
2782 3168 2977 3238 inquit,
3014 3166 3295 3237 piscamini
3329 3166 3395 3220 ad
3426 3165 3693 3219 salutem.

2094 3262 2383 3330 Erigamus
2428 3261 2595 3333 igitur
2640 3261 3021 3329 nosmetipsos,
3054 3259 3367 3313 exsiliamus
3394 3271 3425 3311 e
3457 3258 3602 3310 mari
3636 3266 3693 3310 et

2095 3369 2123 3406 a
2168 3362 2311 3406 terra
2345 3353 2397 3405 in
2430 3368 2533 3422 qua
2568 3362 2795 3414 stamus,
2829 3360 2882 3408 et
2926 3352 3196 3405 incidatur
3224 3364 3256 3404 a
3287 3348 3444 3403 nobis
3474 3363 3593 3411 aer,
3637 3358 3695 3403 et

2096 3444 2377 3498 scindatur
2407 3444 2560 3498 nobis
2588 3455 2641 3497 et
2666 3442 2887 3497 coelum.
2915 3442 3192 3512 Cogitatus
3218 3441 3363 3495 enim
3403 3453 3511 3494 non
3543 3439 3691 3494 deti-

2095 3542 2276 3600 netur,
2334 3544 2387 3587 et
2439 3536 2633 3605 pennis
2674 3534 2929 3589 desiderii
2969 3533 3110 3588 cmlo
3156 3530 3409 3601 superius
3457 3533 3690 3585 acceda-

2095 3643 2236 3690 ums,
2270 3641 2468 3695 corpus
2521 3626 2641 3680 istic
2676 3626 2744 3679 ad
2793 3639 3126 3695 congeneres
3174 3623 3574 3691 relinquentes,
3634 3632 3691 3675 et

2094 3721 2258 3789 pedes
2299 3719 2352 3772 in
2391 3728 2556 3782 terra,
2594 3719 2717 3787 quia
2745 3719 2810 3771 ad
2834 3718 3029 3773 malum
3063 3732 3167 3771 non
3197 3724 3441 3781 currunt,
3474 3725 3531 3768 et
3566 3728 3688 3767 ma-

2094 3828 2195 3867 nus
2230 3812 2351 3866 istic
2381 3811 2471 3865 ubi
2510 3820 2733 3880 possunt
2767 3819 2822 3864 et
2870 3820 3112 3879 tangere,
3156 3818 3211 3861 et
3255 3821 3416 3859 aures
3456 3805 3549 3859 bic
3599 3819 3689 3856 au-

2094 3903 2245 3957 diant
2273 3917 2455 3967 voces,
2485 3913 2541 3956 et
2578 3902 2828 3957 odoratio
2877 3900 2966 3955 ubi
3010 3900 3172 3955 habet
3198 3898 3686 3959 necessitatem,et

2092 4006 2283 4067 gustus
2312 3996 2451 4065 apud
2489 4010 2583 4050 eos
2620 3995 3054 4065 qui.pascuntur,
3084 4003 3139 4049 et
3165 3992 3307 4045 visio
3341 4006 3466 4043 cum
3504 3990 3689 4042 visibi-

2094 4087 2236 4144 libus
2272 4097 2509 4142 maneat.
2555 4085 2835 4155 Cogitatus
2880 4095 3058 4139 autem
3107 4093 3258 4139 veste
3306 4098 3368 4137 se
3418 4082 3681 4148 spolians,

2092 4179 2337 4248 corporis
2366 4180 2520 4233 istius
2555 4179 2764 4248 pondus
2800 4179 3054 4247 deponat,
3086 4186 3137 4231 el
3172 4190 3300 4231 suas
3325 4190 3537 4242 pennas
3570 4188 3683 4225 mo-

2097 4277 2238 4332 vcat,
2287 4278 2341 4322 et
2385 4283 2718 4337 qumcuuque
2758 4269 3099 4323 deducuntur
3145 4268 3409 4332 abscidat,
3460 4276 3518 4321 et
3561 4280 3682 4336 qua:

2097 4369 2223 4416 sunt
2268 4361 2451 4431 gravia
2486 4369 2539 4414 et
2572 4361 2819 4415 detinere
2867 4369 3100 4426 tentant,
3136 4360 3402 4427 deponat;
3434 4365 3492 4412 et
3522 4358 3595 4411 sit
3622 4356 3672 4410 in

409 4456 603 4527 spiciet
633 4455 760 4524 quid
795 4462 1094 4523 operantur
1124 4451 1324 4515 stellae,
1360 4460 1414 4507 et
1443 4460 1707 4518 quantum
1741 4450 1991 4519 splendo-
2024 4447 2067 4504 D
2095 4453 2345 4507 dorsibus
2373 4452 2517 4517 cteli,
2556 4462 2610 4507 et
2640 4453 2749 4506 illic
2791 4453 2971 4505 fat-tus
3009 4466 3130 4505 cum
3177 4450 3384 4518 angelis
3418 4458 3477 4503 et
3517 4466 3679 4519 ange-

410 4563 522 4604 rent
562 4548 781 4601 mittunt
811 4547 863 4601 in
899 4557 1057 4600 nocte
1087 4563 1100 4599 :
1132 4553 1184 4600 et
1218 4554 1395 4598 tamen
1435 4543 1607 4597 stella:
1641 4558 1831 4598 omnes
1861 4560 1982 4597 cum

410 4638 681 4692 universis
711 4636 945 4690 lucernis
971 4636 1175 4690 habent
1214 4634 1430 4704 quidem
1470 4632 1807 4697 aliinitatem,
1860 4634 1984 4703 quia

408 4729 673 4782 luminosa
699 4726 1152 4796 qualitercunque
1180 4737 1407 4792 utraque
1435 4732 1580 4778 sunt.
1622 4723 1727 4777 Sed
1754 4738 1857 4778 non
1894 4740 1985 4778 so-

408 4820 519 4875 lum
559 4837 587 4874 a
627 4819 860 4873 lucernis
894 4818 1062 4871 stellae
1096 4817 1372 4881 dil'l‘erunt,
1409 4817 1501 4871 sed
1538 4826 1590 4870 et
1620 4815 1773 4870 stella
1818 4816 1986 4872 stella:

409 4912 588 4967 diﬂ‘ert
621 4911 673 4964 in
701 4910 946 4964 claritate
968 4910 1037 4966 ".
1089 4908 1270 4963 Stellis
1312 4917 1489 4963 autem
1539 4907 1695 4963 simul
1732 4908 1986 4963 omnibus

409 5004 680 5067 adunatis,
708 5001 963 5071 splendor
991 5001 1129 5055 luna:
1168 5000 1483 5072 praefulget;
1524 5010 1579 5057 et
1618 5001 1775 5055 istam
1806 5001 1985 5055 lunam

409 5096 660 5151 omnibus
693 5094 866 5148 stellis
895 5094 1178 5157 addentes,
1221 5094 1510 5147 vincuntur
1538 5108 1725 5147 eorum
1751 5092 1986 5162 fulgores

409 5206 437 5241 a
472 5188 639 5241 radiis
680 5186 829 5242 solis.
888 5186 1041 5241 Sicut
1073 5187 1215 5240 enim
1257 5184 1426 5240 stella:
1456 5185 1672 5255 quidem
1717 5185 1984 5246 lucernas,

409 5276 535 5332 luna
568 5289 749 5333 autem
782 5278 989 5343 stellas,
1025 5288 1080 5334 et
1122 5280 1200 5332 sol
1238 5278 1491 5333 universa
1526 5278 1641 5332 haec
1676 5277 1983 5343 luminaria,

407 5380 461 5424 ct
502 5371 669 5439 ipsius
711 5372 888 5427 noctis
925 5380 1147 5441 superat
1183 5360 1435 5425 tenebras
1470 5384 1485 5423 :
1523 5371 1595 5424 ita
1643 5379 1697 5425 et
1738 5368 1982 5425 sol-cum

408 5463 662 5517 omnibus
692 5479 813 5532 qua:
844 5463 1096 5533 praedicta
1124 5473 1251 5518 sunt
1273 5463 1508 5518 vincitur
1538 5479 1568 5516 a
1607 5461 1809 5516 lumine
1839 5461 1981 5531 quod

407 5553 548 5607 cmlo
593 5556 838 5624 superius
871 5555 1119 5611 habetur.
1166 5555 1233 5609 Et
1255 5554 1524 5624 quomodo
1555 5554 1741 5609 eadem
1787 5554 1983 5610 Paulus

479 5727 528 5765 "
562 5728 950 5797 lCor.xv,.ll.
1028 5736 1071 5767 ³⁸
1108 5733 1285 5789 lTim.
1316 5751 1388 5801 vr,
1424 5735 1508 5791 l6.

1588 5735 1632 5769 ”
1671 5734 1861 5792 Matth.
1896 5750 1971 5805 tv,
1998 5735 2083 5792 l9.

2092 4545 2265 4600 lorum
2299 4546 2481 4599 decies
2522 4545 2790 4608 millibus,
2838 4553 2893 4598 et
2944 4544 3398 4612 archangelorum
3442 4542 3678 4595 millibus

2092 4638 2145 4692 in
2179 4639 2281 4693 alia
2316 4640 2425 4691 vita
2459 4648 2515 4691 et
2564 4637 2951 4691 constitutione
2991 4645 3044 4690 et
3075 4635 3492 4691 conversatione
3535 4634 3676 4702 posi-

2094 4742 2204 4795 tus,
2249 4730 2601 4784 obliviscatur
2636 4728 2815 4782 omnia
2860 4744 2981 4796 quae
3009 4726 3234 4789 dimisit,
3276 4740 3379 4778 nec
3410 4725 3675 4779 alienetur

2092 4822 2222 4875 illic.
2268 4818 2383 4873 Non
2416 4820 2740 4873 alienabitur
2782 4828 2963 4872 autem
3009 4820 3049 4871 si
3093 4817 3180 4870 hic
3210 4824 3410 4885 putans
3447 4831 3507 4869 se
3537 4830 3671 4878 esse,

2092 4912 2325 4967 voluerit
2359 4913 2553 4980 smpius
2585 4926 2772 4965 eorum
2819 4925 2937 4979 qum
2974 4910 3059 4963 hic
3104 4917 3228 4962 sunt
3278 4907 3670 4979 ignobilitatem

2090 5006 2296 5069 videre,
2324 5016 2377 5058 et
2416 5005 2732 5069 motionem,
2764 5014 2819 5057 et
2870 5003 3301 5066 instaliilitatem,
3332 5011 3389 5055 et
3417 5000 3670 5055 deﬂuxit)-

2092 5111 2235 5160 nem,
2274 5108 2327 5150 et
2366 5095 2721 5150 deiectionem
2751 5136 2764 5158 ,
2811 5104 2865 5149 et
2909 5095 3321 5148 diminutionem
3354 5110 3369 5147 :
3408 5094 3537 5161 quia
3581 5094 3673 5148 ob-

2091 5189 2398 5243 scurabitur
2442 5196 2497 5241 et
2546 5204 2651 5241 non
2699 5188 2903 5251 stabit;
2945 5187 3070 5255 quia
3101 5196 3155 5240 et
3194 5187 3419 5255 quando
3464 5187 3671 5239 videtur

2093 5294 2434 5349 promovere,
2483 5292 2576 5348 per
2624 5279 2819 5332 multos
2869 5294 3031 5333 casus
3059 5279 3210 5333 venit
3249 5279 3315 5331 ad
3370 5278 3671 5332 incremen~

2092 5380 2227 5424 tum.
2268 5372 2402 5426 Cum
2439 5371 2551 5425 haec
2587 5372 2765 5424 omnia
2808 5372 3217 5442 contempserit,
3248 5370 3337 5424 illa
3370 5381 3553 5425 autem
3582 5373 3666 5423 de-

2099 5463 2465 5528 sideraverit;
2501 5471 2555 5517 et
2584 5462 2707 5516 hinc
2738 5461 2851 5530 jam
2894 5464 2996 5516 ista
3018 5463 3235 5531 quidem
3263 5463 3551 5532 despiciet,
3584 5461 3664 5515 illa

2094 5563 2269 5611 autem
2302 5555 2688 5623 considerabit,
2738 5566 2793 5611 et
2832 5555 3048 5612 evolans
3092 5555 3419 5625 pervidebit.
3478 5551 3665 5609 Factus
