3822 6218
163 299 307 356 1135

162 514 402 583 dignitas
422 514 708 581 cogitatus.
734 511 868 566 Cum
899 512 1106 583 angelis
1142 514 1390 570 homines
1422 515 1563 569 caelo
1591 532 1746 585 supe-

162 605 281 659 rius
308 605 616 674 terrenique
644 605 893 659 machina
935 605 1057 674 quis
1081 606 1186 659 erit
1216 606 1344 670 dux,
1374 608 1495 675 quis
1528 623 1742 661 sursum

163 696 424 757 adducet,
460 695 554 747 sed
590 708 697 747 non
727 694 988 749 concedet
1017 702 1231 749 natura.
1284 695 1571 749 Descendit
1602 694 1745 751 Deus

165 786 260 840 Dei
284 785 452 839 Filius
476 786 620 851 inde,
652 794 711 841 et
734 784 1088 851 descendens,
1127 787 1252 856 quia
1283 787 1597 842 incredibile
1625 798 1745 842 erat

164 878 412 931 homines
448 876 556 931 illic
588 877 905 941 ascendere,
946 879 1237 946 assumpsit
1274 879 1375 932 hoc
1408 880 1742 944 incredibile,

164 967 271 1022 hoc
306 976 390 1022 est
417 979 658 1024 nostrum
683 982 900 1037 corpus,
930 982 961 1022 e
1003 982 1216 1023 summo
1260 968 1591 1023 descendens
1637 984 1741 1024 non

165 1059 235 1113 ad
262 1058 635 1115 confusionem
662 1099 678 1126 ,
709 1060 804 1114 sed
838 1060 905 1113 ad
954 1059 1185 1113 salutem
1224 1064 1343 1131 ejus
1375 1062 1463 1129 qui
1494 1077 1743 1116 assume-

160 1150 346 1204 batur.
386 1147 443 1204 Si
473 1150 637 1221 igitur
667 1151 808 1205 Deus
836 1164 939 1204 non
968 1150 1286 1220 assumpsit,
1315 1151 1405 1219 qui
1432 1166 1536 1205 non
1565 1154 1743 1207 credis

161 1242 211 1294 si
242 1241 440 1296 ccelum
471 1243 717 1295 concedit
746 1242 852 1303 his,
881 1242 1023 1309 quod
1071 1241 1290 1297 adducit
1329 1257 1544 1296 sursum
1574 1243 1619 1297 is
1646 1245 1739 1312 qui

158 1334 233 1386 de
266 1333 405 1386 caelo
426 1333 739 1396 descendit,
763 1333 856 1386 sed
885 1333 1116 1386 nondum
1144 1348 1205 1387 ea
1235 1348 1352 1401 qua:
1382 1332 1557 1387 futura
1590 1345 1738 1399 sunt,

160 1423 259 1475 sed
294 1423 513 1477 interim
548 1438 611 1479 ea
653 1439 775 1493 qua:
826 1433 1003 1492 potest
1036 1425 1330 1495 cogitatus,
1361 1425 1627 1493 siquidem
1656 1436 1742 1479 est

156 1527 220 1568 et
246 1516 552 1579 admiratio,
601 1517 726 1584 quia
760 1518 813 1570 in
844 1530 1073 1585 corpore
1116 1519 1462 1581 constitutus,
1510 1528 1565 1572 et
1596 1520 1739 1574 circa

158 1618 365 1672 corpus
391 1614 569 1673 potest
608 1608 880 1674 deponere
910 1620 924 1657 :
956 1621 1060 1659 non
1097 1616 1155 1660 ut
1186 1623 1288 1661 non
1333 1610 1616 1673 moriatur,
1646 1612 1739 1665 sed

162 1702 224 1745 ut
270 1707 389 1746 eam
430 1708 549 1761 quae
599 1709 724 1749 vere
773 1696 878 1748 vita
921 1708 1002 1750 est
1045 1696 1210 1749 vivat.
1266 1697 1425 1753 Forte
1468 1710 1649 1753 autem
1688 1710 1741 1754 et

159 1784 385 1850 quidam
421 1785 701 1841 audientes
727 1802 867 1839 nunc
895 1787 1024 1841 istos
1055 1802 1355 1854 sermones,
1380 1804 1503 1843 cum
1532 1806 1736 1845 sermo-

163 1873 327 1927 nibus
380 1876 597 1929 accensi
633 1875 758 1929 illud
795 1877 1010 1944 quidem
1062 1878 1202 1945 quod
1256 1888 1411 1932 erant
1477 1882 1738 1949 deposue-

162 1974 313 2029 runt,
341 1966 483 2032 quod
518 1976 697 2020 autem
729 1982 835 2021 non
871 1978 1026 2021 erant
1058 1968 1235 2023 effecti
1258 1978 1556 2024 noscuntur
1583 1988 1597 2025 :
1626 1973 1739 2027 sic-

161 2065 227 2107 ut
281 2052 481 2109 ferrum
514 2056 783 2124 quoddam
811 2058 861 2111 in
892 2057 1013 2127 igne
1046 2058 1303 2125 fucatnm,
1337 2071 1495 2129 negat
1519 2062 1737 2130 quidem

162 2146 402 2215 nigrum,
430 2157 590 2217 negat
615 2147 794 2202 album
825 2149 1083 2213 colorem,
1104 2161 1157 2203 et
1187 2160 1327 2205 totus
1352 2151 1578 2206 efﬁcitur
1601 2154 1739 2222 ignis

160 2251 221 2293 et
248 2240 428 2295 calore
458 2249 511 2294 et
536 2240 818 2307 incendio;
869 2243 940 2295 ita
974 2240 1111 2297 forte
1141 2243 1355 2311 quidam
1395 2243 1506 2315 (57)
1535 2259 1738 2298 serum—

164 2332 325 2385 nibus
363 2332 479 2386 istis
504 2334 738 2401 accensi,
768 2348 961 2403 corpus
1004 2336 1219 2405 quidem
1252 2346 1307 2388 et
1335 2337 1579 2402 corporis
1610 2352 1737 2406 gra-

162 2422 432 2489 vedinem,
476 2434 532 2477 et
576 2426 726 2492 vitia,
757 2436 813 2479 et
849 2427 1218 2494 promotioues
1259 2426 1564 2481 incidentes
1613 2443 1737 2496 pro-

156 2513 429 2579 iecerunt,
470 2514 568 2583 ipsi
606 2524 786 2569 autem
812 2517 1153 2570 sermonibus
1195 2516 1313 2570 istis
1336 2516 1614 2572 evolantes
1641 2518 1735 2572 de-

163 2619 376 2658 sursum
409 2619 506 2659 nos
537 2607 865 2676 respiciunt;
903 2607 946 2660 si
976 2618 1151 2660 tamen
1184 2607 1291 2661 illic
1320 2606 1497 2662 ell‘ecti
1526 2610 1739 2678 patiun-

166 2705 257 2749 tur
294 2695 564 2765 respicere
599 2697 745 2763 istic,
779 2708 834 2751 et
870 2713 977 2751 non
1017 2699 1110 2752 toti
1145 2698 1256 2752 illic
1300 2700 1579 2754 constituti
1617 2715 1737 2769 p03-

164 2788 407 2840 nitentur
446 2788 569 2856 quia
608 2788 681 2841 ita
712 2790 864 2843 tarde
897 2798 950 2843 et
986 2805 1090 2844 non
1119 2798 1244 2844 ante
1274 2790 1396 2845 hoc.
1443 2791 1606 2847 Forte
1638 2807 1738 2846 au-

165 2888 276 2931 tem
305 2893 404 2933 nec
429 2881 676 2949 prenitcri
710 2881 815 2935 illis
844 2880 956 2947 jam
986 2892 1161 2947 vacat,
1195 2883 1286 2950 qui
1324 2884 1395 2937 ita
1440 2883 1577 2937 laetis
1618 2898 1740 2953 quae

165 2970 278 3025 illic
303 2980 429 3025 sunt
458 2971 616 3027 factis
639 2984 960 3039 noscuntur,
990 2989 1095 3029 non
1123 2976 1204 3029 eis
1226 2984 1309 3029 est
1341 2976 1508 3029 otium
1542 2976 1594 3029 in
1628 2990 1741 3029 me-

166 3063 397 3118 moriam
444 3065 689 3135 redigere
741 3079 828 3130 ea,
879 3079 910 3119 a
964 3067 1159 3135 quibus
1197 3067 1409 3122 liberati
1462 3069 1737 3122 videntur.

163 3155 469 3212 Istiusmodi
508 3159 652 3212 enim
709 3158 956 3213 homines
1002 3158 1111 3214 illic
1147 3174 1252 3214 non
1310 3167 1437 3214 sunt
1472 3159 1739 3214 homines.

165 3246 278 3303 Sed
306 3250 444 3304 sicut
475 3250 691 3305 domum
740 3251 954 3319 plenam
1007 3251 1358 3321 tliymiamate
1397 3251 1646 3321 ingressi,
1685 3263 1742 3306 et

158 3341 275 3409 jam
321 3343 590 3397 sensimus
614 3343 756 3411 quod
792 3356 999 3406 sumus,
1034 3342 1390 3397 nihilominus
1444 3355 1624 3396 tanien
1656 3358 1739 3396 re-

166 3432 433 3498 dolemus,
485 3443 546 3488 ut
603 3433 895 3505 thymiama
932 3433 1060 3489 facti
1097 3452 1112 3488 :
1146 3434 1218 3488 ita
1258 3443 1312 3490 et
1353 3434 1445 3503 qui
1478 3434 1586 3489 illic
1627 3434 1739 3503 jam

167 3524 294 3578 facti
332 3533 459 3579 sunt
507 3526 749 3590 accensi,
797 3527 963 3581 veluti
1016 3543 1047 3581 a
1101 3536 1292 3581 natura
1322 3527 1563 3595 egressi:
1594 3528 1739 3596 quod

150 3588 346 3669 ’autem
380 3617 616 3686 sapiunt,
643 3615 818 3671 effecti
849 3625 976 3672 sunt
1001 3617 1110 3670 illic
1134 3616 1333 3686 angeli.
1360 3616 1566 3682 Quibus
1594 3618 1738 3669 enim

166 3706 474 3760 intellectus
500 3723 563 3760 ex
600 3708 910 3762 imitatione
948 3721 1132 3776 aequus
1158 3707 1362 3776 angelis
1393 3706 1623 3759 habetur
1647 3715 1740 3758 aut

151 3781 376 3860 'similis,
422 3798 538 3851 istis
573 3814 678 3852 non
732 3798 983 3867 prohibet
1024 3808 1217 3851 natura
1253 3798 1736 3851 conversationem.

152 3874 285 3954 Qua
313 3893 454 3945 enim
483 3890 548 3944 de
574 3906 736 3945 causa
764 3892 1012 3945 carnales
1045 3905 1142 3945 uos
1188 3901 1345 3945 vocat
1374 3890 1593 3955 Paulus,
1632 3905 1737 3944 non

150 3961 429 4033 vseducens
456 3990 670 4036 nostras
712 3982 947 4047 animas,
982 3982 1154 4051 magis
1190 3992 1370 4036 autem
1412 3981 1735 4036 subducens.

164 4070 297 4137 Quis
322 4073 463 4126 enim
503 4084 745 4127 mortuus
788 4072 1011 4127 effectus
1050 4075 1352 4129 fornicatur
1390 4084 1485 4127 aut
1533 4071 1737 4127 adulte-

152 4154 291 4215 rat?
338 4162 475 4217 Dicit
525 4166 668 4217 enim
725 4165 840 4232 ipse
863 4164 1174 4233 Apostolus,
1222 4163 1575 4218 manifestans
1624 4162 1738 4235 (58)

162 4262 328 4314 opera
369 4249 549 4303 carnis
597 4265 717 4319 qua:
767 4260 894 4305 sunt
940 4252 1265 4305 adulterium
1293 4292 1308 4316 ,
1361 4252 1647 4308 foruicatio
1668 4253 1734 4308 ⁸ο.

162 4336 358 4393 Carnis
394 4354 556 4410 Opera
591 4342 693 4395 ista
729 4353 895 4397 sunt:
936 4344 1061 4411 quis
1095 4343 1240 4397 enim
1272 4352 1516 4399 mortuus
1546 4344 1628 4398 his
1652 4344 1736 4398 in-

942 298 1032 355 DE
1070 298 1159 356 ΕΟ
1196 298 1386 366 QUOD
1424 300 1605 358 DEUS
1642 303 1873 359 PATER
1914 301 2425 357 INCORPOBALIS
2465 300 2612 357 EST.

163 421 334 489 igitur
366 432 489 474 cum
532 420 616 473 his
656 418 723 473 ad
752 431 817 473 ea
858 426 978 488 qda
1009 418 1303 485 desiderat,
1348 422 1487 476 sciet
1522 437 1640 488 qua:
1669 433 1752 477 est
1778 429 1824 486 Α
1852 423 1978 493 quia
2032 421 2466 476 transcendimus
2498 432 2746 475 naturam
2783 439 2798 477 :

3283 311 3423 366 1158

2843 422 3107 492 spiritalis
3136 424 3301 495 igitur
3328 430 3427 497 qui

1850 514 2074 575 dicitur,
2105 513 2333 580 angelus
2382 510 2724 581 appelletur;
2767 526 2872 566 non
2906 513 3031 582 quia
3066 514 3137 568 ita
3176 514 3295 583 ejus
3322 532 3433 570 ηδε-ι

1849 614 1968 658 tura
1999 613 2103 667 est,
2133 604 2227 656 sed
2261 602 2436 671 magis
2467 618 2572 656 non
2605 600 2900 657 elﬁciamur
2933 619 3081 658 caro.
3127 604 3236 660 Nec
3265 606 3421 662 valde

1844 693 2182 748 confidamus
2212 692 2449 745 animae:
2484 690 2675 745 oculus
2714 691 2858 744 enim
2894 691 3012 745 sine
3038 691 3243 746 lumine
3274 704 3429 750 teuc-t

1844 784 2038 838 brosns
2068 790 2173 844 est,
2205 792 2258 836 et
2291 783 2561 850 cogitatus
2590 783 2708 836 sine
2733 779 3021 836 efﬁcientia
3052 797 3281 852 superna
3308 784 3423 836 vult

1842 875 2048 939 videre,
2071 875 2215 929 sicut
2246 874 2433 930 oculus
2468 875 2523 929 in
2572 885 2754 938 nocte,
2794 881 2851 928 et
2885 873 3179 938 desiderat,
3220 886 3274 930 et
3316 874 3422 929 illi-

1843 969 2017 1034 citur;
2056 966 2271 1021 laborat
2314 976 2515 1027 autem,
2562 965 2687 1033 quia
2722 980 2828 1020 non
2862 964 3005 1018 valet
3036 980 3051 1018 :
3084 979 3205 1019 cum
3237 973 3419 1019 autem

1844 1058 2125 1113 advenerit
2171 1057 2375 1121 lumen,
2415 1055 2645 1110 ellicitur
2694 1055 2901 1111 oculus.
2956 1056 3032 1109 Ita
3068 1066 3123 1111 et
3152 1056 3429 1125 cogitatus

1841 1149 1959 1203 sine
2002 1149 2317 1218 operatione
2352 1147 2590 1216 Spiritus
2634 1147 2808 1201 sancti
2866 1146 3078 1216 palpat,
3129 1148 3421 1215 contingit,

1844 1249 2145 1306 promovet,
2178 1238 2402 1303 crescit,
2437 1246 2587 1306 putat
2615 1238 2741 1305 quia
2782 1238 2886 1292 iste
2925 1237 3061 1307 lapis
3101 1238 3239 1291 forte
3280 1239 3421 1293 Deus

1840 1338 1943 1393 est,
1977 1330 2118 1384 istud
2162 1345 2352 1384 aurum
2399 1328 2539 1385 forte
2570 1328 2732 1392 Deus,
2772 1337 2827 1382 et
2861 1329 2960 1382 hoc
3005 1329 3224 1397 lignum.
3281 1328 3423 1383 Dicit

1840 1422 1984 1477 enim
2015 1423 2156 1491 apud
2182 1435 2277 1475 se:
2309 1420 2474 1475 Putas
2515 1434 2664 1472 mare
2691 1416 2831 1472 Deus
2875 1427 2955 1471 est
2981 1417 3004 1470 ?
3032 1430 3191 1486 putas
3227 1426 3369 1471 terra
3396 1419 3420 1470 ?

1840 1525 1997 1583 putas
2019 1530 2111 1568 aer
2136 1513 2159 1567 ?
2186 1512 2341 1569 Unde
2370 1520 2424 1568 et
2452 1522 2720 1566 creatura:
2758 1509 3150 1565 transtulerunt
3178 1510 3419 1570 nomina.

1840 1616 1897 1660 ut
1933 1622 2033 1660 non
2085 1606 2171 1660 his
2203 1620 2324 1675 quae
2369 1605 2422 1658 in
2472 1607 2863 1658 consuetudine
2903 1614 3033 1665 sunt
3072 1602 3419 1673 appellantes,

1842 1696 1934 1750 sed
1987 1710 2048 1749 ea
2095 1710 2215 1761 qua:
2260 1693 2515 1748 colebant
2563 1694 2929 1758 nominantes,
2970 1694 3423 1747 convincerentur

1772 1780 1811 1833 Β
1838 1789 1961 1855 quia
1985 1789 2092 1842 vim
2128 1788 2400 1843 faciebant
2426 1786 2681 1856 opiﬁciis.
2732 1786 2833 1853 Qui
2861 1796 3040 1841 autem
3076 1788 3229 1842 valde
3260 1799 3420 1858 puta-

1842 1888 2033 1933 verunt
2084 1894 2143 1933 se
2188 1879 2505 1944 ascendere,
2559 1893 2774 1933 sursum
2835 1881 3211 1947 pervenientes
3246 1895 3420 1949 usque

1842 1974 1908 2025 aal
1962 1971 2166 2035 stellas,
2219 1979 2581 2025 occurrerunt
2629 1968 2768 2022 luna:
2822 1978 2876 2021 et
2935 1970 3186 2022 viderunt
3225 1968 3417 2036 solem,

1841 2062 1979 2116 forte
2018 2076 2198 2116 autem
2245 2071 2299 2117 et
2344 2062 2565 2124 emtum,
2619 2070 2674 2115 et
2731 2070 3151 2128 permanserunt
3194 2061 3319 2124 illic,
3364 2069 3422 2117 et

1841 2156 1984 2222 passi
2025 2154 2381 2207 suntvitium
2429 2151 2749 2206 sceleratum
2785 2168 2798 2204 :
2839 2151 2981 2205 sicut
3014 2152 3106 2218 qui
3140 2150 3207 2204 ad
3238 2165 3418 2219 regem

1843 2246 2076 2309 festinat,
2110 2245 2176 2299 ad
2219 2244 2365 2314 regia
2398 2243 2587 2313 palatii
2627 2244 2912 2306 accedens,
2951 2257 3141 2313 magna
3183 2252 3239 2297 et
3274 2243 3417 2297 clara

1840 2346 1895 2389 et
1923 2337 2033 2405 regi
2066 2336 2224 2406 digna
2255 2335 2592 2402 conspiciat;
2645 2344 2697 2387 et
2726 2348 2846 2387 cum
2892 2333 3082 2386 debeat
3127 2332 3299 2401 magis
3326 2335 3419 2388 de-

1840 2426 2092 2480 siderium
2122 2442 2276 2481 suum
2301 2426 2368 2479 ad
2399 2441 2519 2479 eum
2553 2424 2642 2493 qui
2678 2424 2939 2493 quzritur
2969 2424 3268 2494 propalare,
3303 2435 3418 2477 stuc

1841 2534 1973 2586 pens
2002 2518 2183 2571 valvas
2233 2518 2429 2584 regias,
2478 2528 2533 2571 et
2581 2527 2777 2586 putans
2834 2517 2970 2571 nihil
3019 2516 3249 2587 amplius
3297 2532 3418 2573 esse

1843 2624 2021 2679 regem
2078 2625 2108 2663 a
2159 2609 2291 2674 suis,
2340 2609 2572 2663 resideat
2609 2612 2677 2663 ad
2704 2624 2767 2664 ea
2796 2624 2917 2678 qua:
2947 2610 3119 2679 prima
3162 2623 3418 2664 occurre-

1842 2711 1985 2765 rant,
2020 2699 2306 2753 fraudator
2352 2700 2493 2770 regis
2544 2700 2753 2755 visione
2793 2710 2847 2755 et
2888 2712 3103 2755 natura.
3157 2699 3263 2756 Sed
3309 2716 3413 2756 nos

1841 2806 1947 2845 non
1982 2792 2213 2845 retineat
2259 2801 2423 2856 terra,
2456 2805 2560 2847 non
2592 2792 2849 2862 pra-foret
2878 2806 3061 2857 mare;
3096 2807 3201 2848 non
3239 2790 3413 2847 offen-

1841 2884 2034 2938 damus
2067 2883 2119 2935 iu
2148 2882 2338 2947 stellis,
2372 2898 2477 2937 non
2507 2884 2930 2938 obteuebremur
2973 2898 3003 2936 a
3044 2883 3193 2947 luna,
3241 2898 3417 2952 neque

1843 2988 1941 3029 nos
1972 2973 2228 3045 caligiuet
2276 2974 2395 3041 sol;
2447 2989 2554 3030 non
2596 2974 2837 3029 detineat
2876 2974 3116 3030 malum:
3158 2976 3417 3030 Dominus

1840 3066 1984 3119 enim
2014 3075 2066 3121 et
2093 3064 2276 3135 opifex
2311 3074 2368 3121 et
2394 3075 2610 3121 creator
2642 3067 2884 3121 omnium
2912 3082 3097 3121 eorum
3121 3083 3241 3138 quae
3268 3069 3413 3124 dicta

1841 3165 1967 3210 sunt
1998 3167 2054 3212 et
2087 3172 2194 3212 non
2243 3166 2369 3211 sunt
2399 3158 2539 3211 dicta
2565 3195 2581 3221 ,
2623 3167 2709 3211 est
2753 3157 2839 3211 ille
2875 3157 2967 3226 qui
3007 3159 3287 3225 quaeritur.
3333 3159 3414 3212 Ad

1842 3245 2007 3300 Deum
2045 3248 2224 3317 igitur,
2282 3263 2325 3317 o_
2369 3250 2552 3314 homo,
2601 3248 2667 3303 ad
2715 3250 2877 3304 Deum
2921 3249 3116 3303 borum
3173 3250 3416 3305 omnium

1842 3353 1962 3406 quae
1990 3340 2127 3393 bona
2155 3348 2209 3394 et
2245 3340 2390 3394 clara
2428 3354 2575 3397 sunt.
2614 3340 2757 3395 Nihil
2794 3341 3044 3395 miserius
3067 3351 3331 3411 estquam
3357 3351 3417 3397 ut

1840 3432 1962 3499 quis
2001 3431 2051 3484 iu
2089 3431 2288 3486 lumine
2328 3431 2566 3487 offendat
2598 3450 2614 3489 :
2651 3434 2741 3487 sed
2778 3449 3043 3489 caecorum
3085 3435 3185 3488 hoc
3226 3434 3415 3489 vitium

1839 3531 1941 3576 est.
1972 3521 2084 3575 Non
2108 3525 2525 3579 obtenebreinur
2543 3540 2571 3578 a
2592 3525 2738 3579 sole:
2770 3526 2919 3580 vides
2938 3541 3057 3580 eum
3075 3525 3341 3580 orientem
3364 3535 3418 3581 et

1842 3616 2204 3681 occidentem,
2246 3627 2301 3670 et
2330 3617 2612 3672 cedentem
2644 3618 2931 3672 mensuris.
2963 3617 3067 3672 Sed
3100 3618 3213 3687 ipse
3241 3632 3417 3686 praeco

1838 3717 1924 3760 est
1968 3707 2035 3759 ab
2070 3708 2278 3762 oriente
2325 3723 2494 3777 usque
2546 3706 2612 3762 ad
2654 3723 2932 3774 occasum,
2988 3709 3245 3776 praedicat
3291 3723 3415 3763 eum

1839 3796 1928 3864 qui
1960 3810 2017 3850 se
2043 3796 2171 3851 fecit
2197 3806 2250 3851 et
2277 3798 2429 3861 dicit,
2459 3800 2502 3853 si
2538 3809 2714 3853 tamen
2753 3808 2807 3852 tu
2833 3800 3010 3864 audis,
3043 3801 3215 3868 magis
3237 3809 3415 3854 autem

1838 3888 1882 3942 si
1915 3887 2103 3943 vides:
2135 3888 2252 3943 Non
2280 3904 2397 3944 sum
2431 3906 2531 3960 ego
2560 3890 2723 3952 Deus,
2751 3892 2846 3946 sed
2880 3891 2969 3945 ille
3013 3889 3167 3957 cujus
3216 3906 3331 3945 sum
3364 3900 3416 3946 et

1837 3991 1938 4046 ego
1966 3978 2263 4047 Opilicium.
2308 3979 2391 4033 Me
2421 3981 2591 4045 vides,
2624 3980 2713 4034 ille
2744 3979 3031 4034 invisibilis
3062 3991 3162 4035 est.
3196 3978 3420 4035 Visibile

1839 4071 1907 4123 ad
1955 4070 2228 4126 invisibile
2274 4072 2544 4125 contraria
2577 4081 2661 4126 est
2693 4081 2930 4128 natura:
2969 4088 3089 4125 nam
3138 4071 3243 4126 etsi
3297 4087 3416 4126 sum

1840 4162 2020 4217 clarus
2054 4164 2193 4216 sicut
2215 4178 2356 4228 sum,
2395 4165 2485 4219 sed
2517 4163 2695 4218 clarus
2724 4170 2813 4232 qui
2845 4164 3033 4219 videor
3065 4178 3081 4217 :
3118 4163 3206 4216 ille
3236 4174 3415 4217 autem

1840 4254 2209 4309 iuvisibilitate
2241 4256 2578 4310 transcendit
2604 4255 2904 4326 fulgoribus
2935 4256 3139 4309 omnia.
3181 4254 3297 4307 Non
3333 4268 3418 4307 me

1839 4345 2114 4399 ltouorans
2145 4344 2487 4400 dehonestes.
2535 4344 2650 4400 Non
2679 4361 2799 4399 sum
2835 4347 3078 4411 ingratus
3109 4345 3174 4397 ad
3216 4344 3414 4398 Condi-

152 4432 438 4487 ivolvitur?
470 4430 592 4486 Haec
615 4449 745 4503 ergo
770 4437 1015 4489 viventes
1045 4434 1244 4487 animis
1266 4448 1388 4488 cum
1414 4436 1734 4503 corporibus
1766 4447 1809 4501 ι)
1841 4444 2009 4489 torem
2037 4453 2050 4488 :
2093 4432 2363 4489 sufficiunt
2396 4435 2524 4489 mihi
2573 4436 2839 4491 beneﬁcia
2871 4451 2988 4503 qua:
3038 4435 3222 4503 accepi
3255 4450 3271 4489 :
3306 4433 3414 4487 noli

152 4530 287 4576 cum
314 4522 550 4579 acclives
595 4521 854 4579 fuerimus
886 4526 950 4578 ad
984 4539 1199 4589 carnes,
1225 4539 1355 4579 caro
1388 4534 1595 4580 tantum
1633 4541 1730 4582 vo-

162 4630 389 4683 camur;
423 4630 544 4670 cum
572 4626 755 4671 autem
790 4617 1218 4685 promoverimus
1241 4620 1306 4671 ad
1333 4618 1594 4682 animam,
1615 4618 1733 4672 ani-

148 4706 318 4760 usualis
343 4708 503 4762 homo
529 4708 758 4763 dicimur
796 4726 810 4762 :
847 4722 969 4761 cum
1004 4719 1185 4762 autem
1238 4709 1734 4764 transcenderimus

144 4803 434 4864 maturam,
468 4801 728 4869 spiritalis
761 4801 921 4854 homo
954 4802 1306 4871 appellamur.
1382 4801 1446 4855 Et
1485 4814 1590 4855 non
1620 4800 1732 4868 jam

140 4891 289 4959 [quia
312 4891 545 4945 carnalis
573 4901 794 4945 vocatus
818 4902 921 4953 est,
958 4892 1239 4948 fraudatus
1272 4902 1353 4946 est
1382 4892 1559 4944 anima
1596 4907 1610 4945 ε
1648 4902 1738 4943 ne-

140 4996 267 5050 ‘que
288 4983 414 5052 quia
444 4981 694 5037 animalis
715 4983 892 5038 dictus
914 4994 1017 5050 est,
1045 4985 1155 5054 jam
1182 5000 1286 5037 nun
1315 4983 1477 5037 habet
1501 4994 1732 5051 corpus;

160 5074 431 5142 siquidem
457 5083 511 5127 et
544 5075 777 5145 spiritali
822 5076 1028 5130 homini
1056 5062 1112 5130 et
1137 5091 1334 5145 corpus
1377 5076 1517 5129 inest
1546 5086 1602 5128 ut
1637 5075 1734 5129 lio-

160 5163 295 5214 mini
340 5170 395 5216 et
422 5163 597 5215 anima
634 5172 692 5216 ut
718 5164 931 5219 animm.
976 5164 1033 5218 Si
1063 5173 1241 5217 autem
1275 5174 1333 5217 et
1376 5164 1500 5218 istic
1531 5163 1736 5217 consti-

149 5251 284 5314 ituti,
310 5250 527 5317 quidam
551 5252 768 5321 quidem
793 5268 921 5309 caro
953 5264 1159 5308 tantum
1188 5266 1395 5317 sumus,
1426 5252 1555 5324 quia
1578 5252 1734 5307 decli-

144 5354 256 5395 'ves
290 5340 488 5397 fuimus
519 5345 586 5397 ad
619 5353 854 5410 terram;
889 5346 979 5399 alii
1019 5346 1200 5399 anima
1231 5352 1460 5410 tantum,
1494 5344 1620 5414 quia
1653 5344 1734 5397 in-

140 5432 247 5485 fter
289 5443 577 5502 utrumque
643 5444 890 5501 stamus;
956 5437 1048 5492 alii
1112 5435 1384 5507 spiritales
1447 5449 1706 5490 vocamur

232 5547 276 5579 '°
306 5546 421 5601 Gal.
463 5564 513 5613 v,
554 5549 607 5605 9.

228 5667 340 5733 (ΞΠ)
378 5666 621 5729 ρυὶάρηι.
656 5666 835 5730 Forte,
876 5668 1111 5735 quidam.

229 5736 341 5809 (58)
380 5735 473 5791 Ms.
514 5735 791 5807 Manifesta
831 5748 950 5791 sunt
990 5754 1165 5809 opera.

1838 4525 2037 4579 addere
2070 4525 2212 4594 quod
2264 4542 2370 4581 non
2419 4527 2682 4596 suscipio.
2734 4526 2994 4580 Creatura
3043 4540 3192 4589 sum,
3223 4535 3276 4581 et
3308 4541 3413 4579 non

1837 4612 2106 4680 Creator;
2157 4615 2432 4683 opiﬁcium
2476 4627 2531 4670 et
2559 4632 2664 4671 non
2692 4616 2910 4686 opifex;
2967 4616 3145 4670 factus
3186 4630 3330 4680 sum,
3362 4625 3417 4670 et

1839 4720 1945 4759 non
1980 4706 2025 4759 is
2056 4708 2146 4772 qui
2181 4708 2344 4772 fecit;
2383 4708 2541 4763 istinc
2576 4722 2696 4761 sum
2720 4709 2881 4771 cmlo,
2914 4717 2969 4762 et
2999 4707 3124 4762 inde
3150 4706 3320 4761 oculis
3344 4708 3417 4760 vi.

1841 4798 2010 4851 deor:
2044 4798 2133 4852 ille
2184 4800 2469 4853 invisibilis
2514 4808 2617 4853 est.
2658 4799 2768 4868 Ego
2803 4799 2856 4852 in
2905 4796 3027 4851 loco
3065 4796 3418 4853 confirmatus

1841 4904 1958 4944 sum
1990 4908 2005 4945 :
2038 4890 2124 4945 ille
2152 4890 2287 4945 liber
2320 4893 2387 4945 ab
2412 4892 2561 4946 omni
2593 4902 2678 4946 est
2708 4891 2844 4945 loco.
2871 4892 2983 4961 Ego
3008 4892 3274 4960 parietem
3293 4889 3415 4944 emli

1843 4989 1999 5037 teneo
2048 4984 2100 5037 in
2141 4998 2247 5053 qua
2301 4999 2421 5036 sum
2464 4994 2521 5038 et
2568 4983 2824 5054 positus:
2861 4982 2950 5037 ille
3000 4991 3183 5036 autem
3231 4979 3417 5050 implet

1840 5073 2043 5129 omnia.
2093 5073 2202 5144 Ego
2237 5090 2301 5130 ex
2332 5075 2447 5129 loco
2478 5075 2547 5130 ad
2578 5076 2756 5130 locum
2788 5077 2988 5129 accedo
3014 5090 3029 5127 :
3074 5073 3165 5128 ille
3194 5083 3249 5127 et
3284 5071 3414 5127 mihi

1840 5164 2111 5231 separavit
2138 5164 2336 5220 locum.
2376 5163 2506 5220 Vide
2528 5181 2637 5231 me,
2665 5175 2719 5220 et
2744 5164 2851 5219 noli
2879 5178 3269 5219 connumerare
3297 5177 3415 5231 qua

1843 5268 1950 5308 non
1975 5267 2459 5310 connumerantur.
2495 5255 2789 5311 Invisibilis
2818 5264 2869 5310 et
2897 5254 3125 5309 visibilis
3146 5253 3417 5322 quomodo

1840 5350 2350 5403 connumerantur?
2385 5349 2485 5417 Qui
2518 5350 2571 5404 in
2604 5349 2708 5403 loci
2745 5348 2884 5420 (59).
2929 5355 2982 5403 et
3023 5350 3113 5416 qui
3150 5346 3265 5399 sine
3297 5344 3416 5402 loco

1838 5451 1999 5506 quam
2039 5440 2239 5495 habent
2266 5443 2704 5497 communionem
2752 5440 2997 5496 naturae?
3037 5439 3148 5510 Ego
3187 5438 3333 5495 orior
3359 5444 3417 5496 ct

1912 5665 2023 5737 (59)
2064 5665 2425 5740 Loci._Forte,
2462 5667 2576 5721 loco
2616 5663 2697 5722 vel
2732 5664 2881 5719 locis.
