3822 6218
431 333 571 390 “55

1097 329 1367 387 EUSEBll
1405 328 1881 387 CASSARIENSIS
1917 330 2065 387 OPP.
2108 331 2290 387 PARS
2327 333 2416 389 Π.
2448 365 2515 373 -
2556 333 2971 389 DOGMATICA.

3549 334 3686 389 "56

424 450 635 513 occido,
667 448 788 519 quia
820 455 873 503 et
904 461 1121 519 possum
1157 458 1387 518 utraque
1413 448 1479 503 ad
1508 449 1659 515 jussa
1686 454 1954 518 complere
1981 468 1994 503 :
2029 456 2075 511 Α
2104 452 2317 518 generis
2346 452 2490 505 enim
2522 453 2842 507 miseremur
2864 452 3051 507 nostri.
3098 450 3203 506 Illis
3229 451 3429 522 quippe
3465 453 3561 522 qui
3592 467 3682 505 ve-

430 542 520 596 ille
544 538 947 610 supereminet;
1000 552 1105 590 non
1161 537 1364 608 indiget
1395 546 1455 591 ut
1480 539 1710 603 oriatur,
1760 555 1866 593 non
1898 540 1999 593 im-

430 642 606 689 mutat
651 634 846 697 locum,
873 647 1087 701 semper
1131 632 1183 686 in
1228 647 1295 687 eo
1344 632 1463 701 ipso
1492 633 1631 701 quod
1661 644 1745 686 est
1773 644 1997 697 manet;

430 738 641 793 semper
668 726 780 793 ipse
809 727 1006 794 estqui
1042 732 1159 788 est;
1193 724 1262 778 ab
1288 723 1378 777 illo
1409 732 1465 777 et
1490 724 1643 778 calor
1666 732 1790 789 est,
1820 727 1887 777 ab
1910 724 2000 779 illo

428 817 629 871 dantur
654 827 708 871 et
732 832 922 871 cursus
949 832 1235 881 mensurae,
1269 817 1338 870 ab
1389 815 1483 870 illo
1512 824 1881 870 mensuratum
1918 826 2001 870 est

430 908 649 962 coelum.
710 907 844 962 Nam
889 908 988 964 etsi
1036 911 1209 977 spatio
1242 906 1399 976 longe
1428 923 1568 970 sum,
1606 917 1781 961 tamen
1819 907 1999 961 calore

429 999 688 1054 conﬁteor
711 1009 996 1054 naturam:
1026 1000 1115 1053 ille
1142 998 1428 1053 invisibilis
1445 978 1546 1053 est.
1575 998 1748 1052 Meum
1770 1000 1998 1054 intueris

428 1090 693 1158 habitum,
730 1092 817 1147 ille
845 1093 958 1147 sine
992 1091 1178 1146 habitu
1210 1101 1311 1144 est.
1355 1089 1530 1144 Tanta
1587 1091 1716 1145 mihi
1766 1101 1891 1145 sunt
1944 1100 1998 1145 et

428 1183 553 1249 alia,
589 1199 655 1237 ex
706 1184 901 1253 quibus
942 1183 1074 1237 nihil
1126 1185 1191 1237 ad
1236 1182 1384 1236 illum
1432 1183 1704 1252 pertinere
1734 1184 1993 1237 videtur:

430 1291 538 1329 non
579 1286 781 1330 tactum
818 1279 1065 1343 incurrit,
1111 1293 1216 1330 non
1269 1278 1385 1330 loco
1422 1275 1678 1338 ambitur,
1722 1291 1827 1331 non
1879 1276 1993 1331 loca

426 1366 756 1433 circumdat,
791 1382 894 1420 non
930 1368 1143 1422 habitus
1172 1369 1315 1422 circa
1368 1368 1568 1437 ipsum,
1621 1382 1729 1421 non
1779 1383 1993 1437 compo-

426 1458 550 1514 sitio
583 1460 649 1513 ad
676 1459 918 1527 gloriam.
949 1457 1041 1513 llle
1071 1469 1229 1513 natus
1280 1467 1479 1512 annato
1507 1468 1589 1512 est
1623 1458 1757 1529 (60),
1800 1474 1895 1527 per
1926 1460 1993 1512 il-

426 1554 537 1605 lum
580 1559 635 1605 et
677 1566 774 1620 ego
800 1559 854 1603 et
874 1551 1055 1604 omnia
1102 1551 1239 1606 facta
1264 1560 1405 1605 sunt.
1441 1549 1615 1605 Nolite
1646 1568 1733 1608 me
1759 1567 1992 1608 conver-

334 1707 338 1712 ι
430 1650 543 1696 tere
587 1641 653 1695 ad
706 1642 1130 1710 blasphemiam,
1188 1658 1282 1711 per
1338 1657 1422 1697 me
1464 1643 1846 1712 blasphemare
1898 1659 1993 1698 no-

426 1732 539 1787 lite.
572 1732 771 1787 Littera
804 1748 922 1787 sum
945 1734 1011 1788 ad
1036 1734 1258 1804 gloriam
1288 1735 1405 1805 ejus
1433 1736 1523 1805 qui
1563 1750 1647 1791 me
1674 1738 1802 1791 fecit
1832 1754 1845 1791 :
1879 1753 1992 1791 ca:-

425 1824 535 1880 lum
581 1826 721 1878 enim
761 1824 894 1878 liber
935 1833 1017 1878 est
1051 1840 1311 1893 magnus;
1360 1841 1459 1895 ego
1494 1836 1670 1880 autem
1716 1843 1836 1880 cum
1880 1827 1994 1880 alli-

427 1912 583 1967 nibus
630 1914 764 1967 meis
799 1928 981 1966 sumus
1031 1912 1222 1968 litterae
1255 1915 1639 1983 religiositatis.
1687 1914 1868 1985 Legite
1918 1916 1999 1969 lu-

425 2020 507 2058 nae
552 2003 844 2058 virtutem:
887 2004 1079 2058 crescit
1136 2012 1190 2056 et
1223 2004 1500 2069 minuitur,
1548 2013 1603 2058 et
1652 2019 1862 2075 semper
1894 2006 1997 2059 im-

425 2104 684 2158 mutatur,
719 2105 773 2148 et
804 2094 1082 2148 annuntiat
1124 2093 1551 2149 immutabilem:
1580 2104 1634 2150 et
1677 2096 1727 2150 in
1762 2098 1847 2150 illa
1892 2098 1995 2152 ite-

426 2201 544 2240 rum
572 2186 789 2241 habitus
823 2187 1117 2252 invenitur,
1162 2187 1428 2257 siquidem
1450 2197 1504 2241 et
1525 2188 1668 2242 illam
1704 2189 1849 2242 videt
1873 2204 1997 2242 ocu-

424 2276 528 2342 lus,
576 2286 630 2333 et
669 2293 944 2347 nunquam
1001 2278 1054 2331 in
1107 2294 1171 2334 eo
1209 2278 1326 2349 ipso
1354 2280 1491 2348 quod
1536 2290 1619 2333 est
1649 2290 1845 2334 manet.
1887 2279 1993 2333 No-

423 2369 517 2424 lite
556 2385 655 2424 nec
704 2369 860 2423 istam
907 2383 1114 2423 mecum
1170 2371 1374 2440 pariter
1415 2370 1808 2438 blasphemare.
1857 2371 1995 2438 Quid

424 2476 523 2516 nos
552 2460 987 2515 calumniamini?
1016 2460 1174 2515 modo
1209 2462 1423 2530 quidem
1466 2476 1553 2516 me
1618 2462 1858 2517 dicentes
1887 2462 1997 2516 for-

423 2553 660 2609 nicatum
698 2567 837 2616 esse,
871 2552 1029 2607 modo
1065 2560 1244 2606 autem
1272 2552 1476 2618 lunam,
1520 2555 1642 2622 quia
1673 2554 1993 2609 adulterium

425 2645 661 2699 admisit.
702 2642 876 2697 Nolite
917 2644 1183 2711 deponere
1215 2657 1311 2697 nos
1349 2654 1535 2697 contra
1575 2653 1847 2707 naturam,
1900 2661 1995 2700 ne-

421 2751 528 2806 que
563 2736 754 2790 iterum
798 2734 1055 2789 extollere
1094 2748 1256 2803 supra
1294 2742 1563 2789 naturam.
1627 2736 1814 2791 Dicitis
1866 2737 1993 2805 quia

422 2842 524 2898 ego
556 2826 767 2881 mulieri
790 2826 1170 2881 confabulatus
1194 2842 1312 2880 sum
1344 2844 1357 2878 :
1382 2827 1574 2896 quibus
1596 2829 1995 2898 operamentis?

422 2919 619 2987 quibus
640 2916 938 2972 membris?
968 2932 1074 2983 quo
1093 2916 1317 2970 habitu?
1341 2918 1793 2986 quemadmodum
1819 2934 1991 2973 meam

420 3009 688 3065 ﬂammam
741 3008 909 3076 potuit
952 3007 1203 3061 sufferre?
1247 3007 1694 3075 quemadmodum
1744 3010 1994 3077 splendo-

420 3100 543 3154 res?
575 3098 629 3153 Si
653 3100 796 3153 enim
830 3108 978 3151 tanto
1013 3099 1185 3166 spatio
1208 3097 1318 3168 (6|)
1352 3114 1529 3152 meum
1557 3100 1765 3153 radium
1797 3100 1992 3155 sulTer-
2018 3134 2059 3193 α

420 3206 481 3246 re
512 3205 615 3243 non
648 3197 844 3258 potest,
871 3189 924 3241 in
956 3188 1163 3243 sinibus
1192 3198 1413 3258 portare
1438 3203 1611 3243 meam
1656 3189 1989 3257 conjunctio-

419 3292 542 3333 nem
578 3277 789 3346 potuit?
806 3276 981 3330 Nolite
1019 3278 1088 3329 ita
1120 3291 1206 3331 me
1239 3278 1465 3346 turpiter
1486 3278 1827 3344 calumniari,
1861 3283 1991 3338 noli-

420 3380 475 3424 te
503 3371 577 3421 ita
617 3369 931 3436 insipienter
957 3367 1217 3423 extollere
1250 3387 1262 3422 :
1293 3384 1395 3422 non
1433 3370 1603 3424 solum
1645 3372 1788 3426 enim
1823 3373 1987 3429 Deum

420 3460 705 3529 ignoratis,
733 3460 823 3513 sed
853 3470 902 3512 et
934 3459 1149 3528 opiﬁcia
1178 3460 1343 3528 ipsius
1376 3460 1466 3514 Dei
1495 3464 1732 3518 nescitis.
1766 3465 1991 3521 Dimitti-

420 3563 472 3608 te
507 3567 590 3606 me
620 3556 741 3621 quia
782 3552 918 3605 ﬁxus
953 3567 1093 3616 sum,
1133 3567 1354 3605 cursum
1397 3552 1519 3607 caeli
1544 3555 1790 3609 conficio.
1815 3555 1990 3612 Nolite

418 3663 507 3701 me
534 3645 598 3700 ad
637 3654 833 3697 terram
869 3644 1137 3713 deponere
1182 3644 1385 3709 verbis,
1413 3658 1585 3713 neque
1620 3647 1883 3702 deducere
1910 3649 1991 3703 fa-

416 3736 575 3791 bulis.
606 3735 720 3789 Non
749 3736 1040 3806 praevarico
1079 3733 1251 3804 legem
1287 3753 1300 3789 :
1343 3750 1556 3790 sursqu
1590 3753 1707 3791 sum
1748 3739 1987 3808 positus;

416 3843 523 3881 non
553 3828 777 3880 immuto
808 3842 1023 3879 cursum
1051 3826 1401 3882 constitutum
1445 3826 1611 3891 mihi;
1648 3843 1753 3883 non
1795 3832 1989 3884 recedo

416 3918 485 3971 ab
525 3916 730 3983 oliicio;
787 3917 956 3985 legem
1004 3917 1181 3970 datam
1226 3915 1501 3982 custodio;
1534 3931 1767 3983 agnosco
1811 3921 1986 3987 spatia

414 4006 692 4073 caeli,qum
716 4016 769 4059 et
792 4006 943 4074 jussa
970 4019 1248 4072 percurro.
1281 4005 1507 4059 Terram
1530 4007 1741 4061 calcare
1769 4024 1872 4061 non
1905 4018 1987 4063 est

415 4108 618 4151 naturae
643 4111 773 4149 mea:
801 4115 812 4149 :
844 4098 1057 4165 quando
1084 4112 1189 4152 nox
1218 4097 1359 4151 facta
1390 4107 1476 4152 est
1501 4098 1831 4168 importuna,
1861 4101 1983 4170 quia

414 4202 513 4258 ego
542 4186 789 4240 descendi
820 4189 884 4240 ad
915 4185 1155 4241 mulieris
1183 4188 1723 4261 communicationem
1743 4191 1763 4243 ?
1781 4204 1986 4247 cessate

414 4278 645 4345 turpiter
678 4278 1024 4343 honorantes,
1080 4277 1225 4333 foede
1267 4281 1595 4335 deducentes
1633 4299 1646 4334 :
1684 4284 1853 4338 nolite
1889 4301 1983 4338 ora

414 4382 594 4425 vestra
618 4370 671 4423 in
709 4369 863 4424 bonis
883 4370 1128 4423 versibus
1155 4370 1312 4423 malis
1339 4372 1567 4439 negotiis
1589 4375 1820 4441 aperire.
1846 4374 1983 4441 Quid

2103 542 2277 596 stibus
2304 543 2518 611 quidem
2555 558 2613 598 se
2640 546 2862 608 nudant,
2907 557 3063 598 caeno
3086 552 3266 597 autem
3309 559 3370 598 se
3400 544 3682 613 operiunt.

2102 633 2193 702 qui
2224 633 2428 702 lapides
2460 645 2698 703 portant,
2734 636 2826 705 qui
2853 636 3103 689 damnum
3148 635 3344 704 duplex
3373 637 3676 706 accipiunt,

2101 732 2231 777 utet
2264 739 2451 777 aurum
2478 724 2772 793 proferant,
2802 735 2859 779 et
2892 739 2922 778 a
2953 725 3066 779 Deo
3102 726 3371 780 decidant.
3402 724 3523 779 Non
3560 740 3685 781 ces-

2101 824 2185 870 sat
2211 814 2290 869 sol
2323 831 2422 870 nec
2456 816 2584 870 illud
2612 818 2664 870 in
2694 816 2930 871 medium
2959 816 3229 886 proferre,
3252 818 3379 886 quia
3425 824 3690 885 putantes

2099 921 2221 960 emn
2251 907 2527 974 deiﬁcare,
2558 911 2611 963 in
2639 908 2725 963 his
2754 909 2990 962 maxime
3014 908 3068 962 in
3101 909 3298 977 quibus
3338 909 3683 979 indignatur.

2098 999 2383 1054 Adducunt
2411 1001 2554 1055 enim
2587 1002 2653 1055 ad
2684 1014 2901 1054 omnem
2944 1001 3331 1069 malignitatem
3391 1002 3688 1055 hominum

2098 1106 2283 1161 opera,
2323 1100 2376 1146 et
2430 1092 2665 1147 malitias
2714 1093 2811 1147 soli
2859 1102 2916 1146 et
2946 1092 3109 1153 lunte,
3145 1102 3200 1147 et
3232 1106 3357 1146 suas
3398 1092 3475 1146 illi
3499 1095 3681 1146 ascri-

2097 1184 2537 1253 psereluxnrias.
2566 1184 2680 1239 Non
2709 1186 2832 1251 iste,
2883 1185 3078 1254 inquit,
3125 1174 3287 1240 homo
3325 1185 3544 1238 adulter
3572 1194 3688 1249 est,

2096 1273 2191 1326 sed
2221 1274 2319 1327 sol.
2344 1274 2581 1329 Veniunt
2610 1273 2752 1329 enim
2780 1280 2846 1329 ad
2870 1275 3019 1328 illum
3055 1275 3253 1339 locum,
3297 1283 3351 1329 et
3398 1276 3542 1329 mala
3580 1276 3684 1329 bo-

2098 1364 2301 1417 minum
2330 1365 2428 1420 soli
2453 1366 2750 1423 ascribunt.
2775 1368 2840 1421 Et
2860 1368 3168 1422 hominibus
3193 1368 3409 1437 quidem
3435 1367 3572 1421 nihil
3598 1383 3684 1421 re-

2098 1454 2343 1523 linquunt
2375 1456 2536 1522 mali,
2576 1472 2681 1511 non
2714 1456 2953 1512 luxurias
3000 1457 3322 1523 luxuriosis;
3356 1472 3462 1511 non
3497 1457 3681 1511 homi-

2096 1544 2234 1599 cidia
2296 1546 2623 1613 homicidis;
2670 1563 2774 1602 non
2828 1547 3148 1602 adulterium
3204 1548 3514 1612 adulteris;
3570 1563 3685 1602 non

2096 1634 2370 1687 mendacia
2407 1636 2786 1701 mendacibus;
2826 1653 2929 1692 non
2955 1638 3097 1691 l'urta
3129 1636 3337 1691 furibus
3362 1654 3386 1702 ;
3411 1638 3509 1693 sed
3542 1638 3684 1692 obli-

2099 1725 2135 1777 ti
2190 1740 2373 1778 eorum
2413 1739 2534 1794 qua:
2593 1726 3039 1796 blasphemabant
3095 1728 3337 1783 dicentes
3395 1730 3561 1792 deos,
3628 1739 3682 1782 et

2098 1820 2407 1874 omittentes
2437 1820 2682 1874 homines
2720 1819 2811 1887 qui
2845 1818 3180 1888 delinquunt,
3214 1833 3308 1873 eos
3348 1834 3485 1888 quos
3516 1833 3681 1872 voca-

2098 1913 2228 1966 bant
2279 1913 2408 1966 deos
2465 1925 2608 1965 nunc
2653 1910 2930 1964 hominum
2997 1910 3275 1973 latrones,
3333 1910 3681 1973 homicidas,

2099 2004 2408 2067 mendaces,
2446 2002 2727 2072 malignos,
2766 2002 3061 2065 adulteros,
3095 2002 3243 2057 fures
3283 2017 3385 2070 pro
3433 2002 3679 2056 homini-

2098 2097 2197 2152 bus
2224 2104 2347 2152 csse‘
2376 2098 2581 2152 volunt.
2637 2095 2743 2151 Sed
2799 2097 2938 2166 apud
2993 2111 3090 2151 nos
3140 2095 3411 2151 homicida
3456 2095 3503 2151 si
3539 2096 3685 2149 forts

2098 2205 2261 2243 unum
2298 2190 2517 2253 occidit,
2560 2199 2613 2243 et
2654 2189 2791 2244 forte
2823 2190 3069 2243 tristatus
3100 2199 3193 2244 aut
3221 2188 3441 2243 infamis
3474 2188 3677 2250 factus,

2097 2288 2150 2332 et
2203 2288 2461 2342 tremens,
2509 2288 2565 2332 et
2611 2279 2921 2347 compulsus
2965 2280 3034 2334 ob
3065 2289 3377 2349 egestatem,
3413 2290 3511 2333 aut
3539 2279 3677 2332 iram

2096 2380 2189 2425 aut
2236 2370 2583 2432 inimicitias,
2636 2371 2714 2424 sol
2766 2370 2965 2424 occidit
3011 2385 3134 2423 cum
3180 2369 3270 2437 qui
3324 2370 3688 2425 interﬁcitur.

2096 2460 2310 2526 Quare?
2336 2476 2453 2528 qua;
2482 2461 2719 2514 vicinia?
2743 2475 2860 2527 qua:
2889 2458 3279 2514 cobmreditas?
3313 2474 3435 2527 quze
3481 2459 3683 2512 condi-

2095 2553 2273 2609 visio?
2298 2552 2423 2622 quid
2456 2567 2647 2620 passus
2668 2553 2695 2605 ἲ
2719 2552 2845 2619 quid
2875 2550 3205 2605 admittens?
3232 2551 3359 2620 quid
3392 2550 3685 2619 indigens-1

2095 2646 2222 2714 quid
2257 2647 2521 2700 commodi
2552 2644 2775 2698 sumus?
2808 2643 2923 2698 Non
2963 2658 3147 2698 sumus
3185 2656 3381 2696 canna:
3420 2643 3691 2695 manibus

2093 2736 2366 2792 stellarum
2411 2745 2569 2789 moue
2616 2736 2680 2790 ad
2717 2735 2941 2790 litteras.
2976 2734 3229 2803 Tua,'tua
3258 2743 3403 2796 sunt,
3455 2734 3679 2788 etiamsi

2094 2826 2439 2881 calumnieris
2468 2826 2656 2880 solem.
2691 2826 2841 2881 Luna
2879 2838 3058 2883 autem
3110 2845 3214 2883 non
3261 2838 3531 2898 operatur
3556 2843 3691 2898 quas

2094 2918 2445 2972 calumniaris
2478 2936 2496 2972 :
2527 2935 2632 2972 non
2692 2931 2745 2974 te
2794 2918 2989 2974 liberat
3022 2920 3290 2975 calumnia
3335 2936 3362 2973 a
3403 2931 3634 2992 peccato
3662 2940 3684 2973 ε

2094 3009 2333 3078 acquiris
2355 3010 2447 3064 tibi
2471 3023 2523 3064 et
2546 3010 2934 3079 blasphemiam
2971 3029 2984 3065 :
3010 3012 3061 3064 in
3085 3027 3151 3065 eo
3175 3013 3317 3066 enim
3344 3011 3470 3065 dum
3499 3012 3685 3064 dicis:

2096 3100 2210 3155 Non
2239 3117 2340 3171 ego
2375 3102 2621 3169 admitto,
2652 3104 2746 3158 sed
2796 3104 2887 3158 Dei
2932 3105 3167 3173 epilicia.
3212 3103 3363 3169 Quod
3394 3103 3545 3157 enim
3570 3119 3688 3171 ego

2093 3208 2198 3246 non
2230 3208 2348 3261 ego,
2383 3194 2638 3263 relinquit
2668 3195 2797 3249 illud
2832 3197 2880 3250 ei
2909 3195 3062 3263 cujus
3084 3196 3311 3266 opiﬁciis
3334 3204 3390 3250 et
3414 3195 3683 3264 blasphe-

2089 3282 2253 3335 miam
2299 3282 2467 3336 addit.
2514 3283 2571 3336 Si
2609 3284 2755 3336 enim
2806 3299 2910 3336 non
2943 3291 3070 3336 sunt
3110 3297 3273 3350 opera
3322 3291 3511 3336 nostra
3549 3296 3689 3350 quae

2090 3372 2447 3440 admittimus,
2483 3374 2575 3428 sed
2605 3373 2684 3427 sol
2722 3384 2776 3427 et
2806 3373 2927 3427 luna
2970 3382 3024 3427 et
3057 3372 3225 3427 stellae
3273 3387 3372 3442 per
3402 3387 3503 3427 nos
3537 3387 3677 3440 Ope-

2092 3473 2309 3530 rantur;
2340 3465 2413 3519 ita
2467 3479 2643 3533 neque
2692 3464 2905 3520 illorum
2957 3474 3081 3519 sunt
3112 3479 3275 3534 opera
3317 3478 3339 3518 :
3384 3465 3676 3534 aequaliter

2090 3555 2234 3609 enim
2279 3554 2420 3610 Deus
2452 3556 2749 3612 constituit.
2788 3555 2937 3613 .Vide
2958 3558 3098 3625 quod
3142 3556 3277 3610 dicis
3310 3576 3327 3610 :
3358 3557 3527 3611 Deum
3566 3571 3677 3610 Ito-

2091 3647 2267 3702 ntinas
2298 3661 2456 3717 quem
2503 3645 2851 3716 piget'nosse
2901 3649 3089 3713 Deum,
3119 3648 3212 3702 sed
3256 3648 3349 3702 tibi
3388 3646 3547 3701 facile
3588 3660 3674 3701 est

2072 3739 2229 3807 apud
2264 3754 2421 3809 quem
2446 3749 2571 3793 sunt
2610 3740 2837 3793 dicere:
2872 3737 3183 3793 Confundor
3231 3749 3289 3793 et
3340 3738 3491 3807 piger
3544 3756 3669 3791 sum

2095 3829 2475 3884 contaminare
2506 3844 2676 3884 meam
2716 3830 2972 3900 linguam,
3011 3838 3065 3885 et
3095 3830 3328 3883 maxime
3354 3830 3563 3883 caelesti
3590 3831 3678 3879 vi-

2087 3922 2238 3977 sione
2273 3921 2628 3976 descendens.
2673 3921 2810 3987 Quid
2855 3938 3011 3992 ergo,
3058 3936 3091 3975 o
3142 3920 3394 3988 sapiens?
3444 3920 3671 3990 Cygnus

2088 4014 2217 4069 deus
2243 4024 2328 4067 est
2368 4013 2457 4082 qui
2496 4014 2779 4067 adversum
2809 4014 3069 4083 virginem
3102 4012 3284 4067 calet?
3311 4010 3668 4065 Confundan-

2089 4113 2172 4157 tur
2193 4099 2283 4171 qui
2312 4102 2599 4169 aliquoties
2626 4101 2843 4171 quidem
2870 4112 3081 4155 taurum
3105 4102 3353 4166 adorant,
3378 4101 3675 4170 aliquoties

2088 4192 2197 4263 (63)
2228 4202 2404 4246 autem
2439 4202 2598 4245 tauro
2644 4191 2801 4245 deum
2831 4192 3270 4260 transﬁguratum
3298 4191 3526 4260 ﬁngunt.
3551 4192 3662 4247 Sed

2048 4345 2055 4352 _
2086 4283 2249 4337 dicite
2289 4284 2446 4337 nobis
2493 4299 2590 4338 cur
2627 4285 2943 4338 immutatus
2971 4292 3056 4337 est
3107 4292 3170 4337 ut
3212 4284 3476 4355 virginem
3510 4286 3671 4340 video

2086 4375 2209 4428 ret?
2236 4373 2349 4428 Non
2377 4375 2522 4428 enim
2550 4373 2779 4428 habebat
2804 4372 3033 4430 feminas
3056 4374 3187 4430 deus
3217 4375 3515 4431 secundum
3542 4392 3669 4433 vos.

412 4477 497 4515 me
528 4460 829 4514 deducitis?
871 4461 998 4529 quid
1038 4476 1122 4514 me
1152 4460 1440 4517 extollitis?
1470 4463 1583 4518 Non
1616 4464 1886 4520 descendo
1913 4468 1978 4521 ad
2008 4478 2058 4537 ι)
2085 4466 2274 4522 Nonne
2320 4481 2560 4521 sororem
2601 4468 3027 4535 cooperatricem
3072 4466 3281 4533 habuit,
3336 4477 3398 4521 ut
3428 4468 3659 4523 aliorum

413 4552 713 4613 mulierem,
744 4567 847 4605 non
889 4553 1122 4606 ascendo
1171 4554 1396 4622 aequalis
1444 4556 1571 4609 Deo.
1605 4556 1757 4622 Quod
1797 4568 1980 4612 autem

409 4651 528 4696 erat
558 4642 685 4695 mihi
712 4652 766 4697 et
797 4644 968 4697 otium
1004 4644 1309 4713 relinquere
1337 4662 1553 4700 cursum
1578 4658 1841 4703 statutum
1876 4652 1979 4704 mi-

410 4730 502 4784 hi?
535 4732 748 4799 quando
795 4732 1122 4802 interruptus
1154 4743 1238 4788 est
1291 4735 1443 4789 dies?
1490 4744 1583 4790 aut
1623 4739 1843 4807 quando
1871 4756 1977 4795 non

410 4822 598 4876 adveni
625 4838 848 4878 currens
872 4826 935 4877 ad
961 4838 1232 4891 ornatum,
1256 4838 1550 4897 occupatus
1571 4830 1636 4883 ad
1663 4830 1974 4886 mulierem?

407 4913 476 4969 Et
504 4914 628 4968 luna
666 4914 857 4970 fabulis
879 4917 1214 4987 deturpatur,
1270 4921 1363 4973 sed
1413 4924 1589 4990 arguit
1622 4920 1816 4976 fabulis
1862 4923 1974 4994 (62)

406 5020 504 5060 sua
534 5019 745 5060 natura.
797 5007 958 5063 Forte
1001 5018 1178 5063 autem
1228 5025 1327 5063 nec
1369 5010 1497 5064 illud
1545 5011 1743 5065 tacebit
1787 5011 1887 5064 sol.
1918 5012 1974 5065 Si

407 5110 584 5154 autem
614 5100 729 5169 ejus
763 5117 867 5155 non
902 5109 985 5156 est
1010 5112 1203 5156 natura
1244 5116 1301 5155 ut
1328 5102 1599 5172 loquatur,
1650 5120 1748 5159 nos
1787 5119 1886 5172 pro
1909 5120 1975 5159 eo

406 5190 711 5262 loquemur,
745 5193 789 5248 si
819 5202 993 5248 tamen
1047 5210 1143 5264 pro
1180 5195 1295 5249 soie
1332 5206 1385 5248 et
1417 5178 1530 5249 noui
1555 5212 1650 5266 pro
1681 5196 1825 5261 Deo;
1865 5211 1969 5251 non

404 5288 530 5355 quia
582 5288 723 5341 Deus
760 5287 963 5357 indiget
1007 5288 1276 5354 adiutorio
1319 5296 1505 5341 nostro
1552 5298 1605 5340 et
1634 5287 1968 5351 defensione,

404 5378 498 5432 sed
525 5380 770 5435 homines
800 5378 1077 5434 constituti
1102 5378 1409 5434 hominibus
1444 5374 1823 5447 compatiuntur.
1876 5379 1970 5433 Vi-

404 5472 592 5527 dentes
616 5473 758 5527 enim
779 5472 1021 5527 volumus
1050 5473 1154 5527 iter
1175 5472 1461 5526 ostendere
1491 5486 1593 5526 nun
1624 5470 1965 5536 videntibus;

497 5606 587 5676 60)
616 5608 715 5661 Ms.
749 5608 850 5663 IJle
877 5622 1030 5664 natus
1050 5627 1114 5665 ex
1136 5612 1315 5663 innato
1341 5620 1437 5662 est.

499 5678 589 5742 lii)
629 5678 728 5745 his.
755 5678 811 5732 Si
832 5682 965 5731 enim
987 5682 1040 5734 in
1069 5691 1213 5733 tanta
1236 5680 1422 5745 spatio.

503 5745 590 5813 6’2)
627 5744 862 5801 Fabulis.
882 5749 1041 5802 Forte
1065 5749 1293 5818 tubulus.

2088 4558 2353 4613 connubia
2378 4558 2687 4613 iuraretur?
2716 4557 2832 4613 Non
2859 4559 2947 4613 isti
2978 4573 3259 4613 sermones
3296 4569 3423 4615 sunt
3462 4563 3663 4625 nostri,

2083 4651 2177 4705 sed
2209 4661 2401 4705 vestrae
2436 4650 2630 4705 fabulae
2661 4650 2872 4718 scriptae
2909 4650 2968 4703 in
2995 4650 3146 4704 libris
3176 4648 3311 4721 (64),
3354 4650 3406 4705 in
3434 4651 3662 4705 simula—

2084 4745 2211 4811 cris,
2258 4744 2309 4796 in
2335 4743 2650 4811 parietibus,
2688 4743 2739 4796 in
2766 4742 3144 4797 saltationibus
3176 4742 3539 4797 theatrorum.
3576 4744 3660 4797 lu-

2082 4837 2322 4904 dignaris
2354 4836 2476 4904 quia
2502 4836 2622 4889 dico
2645 4849 2708 4888 ea
2737 4849 2857 4903 qum
2880 4845 2932 4888 tu
2963 4836 3147 4903 legens
3182 4836 3401 4888 miraris
3424 4852 3441 4888 :
3464 4836 3661 4889 irasce»

2082 4927 2157 4981 rls
2186 4927 2308 4995 quia
2344 4927 2536 4996 loquor
2581 4928 2647 4980 de
2677 4928 2759 4981 his
2791 4940 2909 4995 quae
2935 4926 3127 4980 videns
3159 4936 3213 4979 tu
3243 4927 3462 4981 adoras.
3517 4926 3656 4981 Indi-

2080 5021 2261 5089 gnaris
2286 5021 2413 5088 quia
2447 5020 2568 5072 dico
2610 5034 2730 5089 quae
2779 5028 2833 5072 tu
2867 5018 2918 5071 in
2953 5017 3337 5073 saltationibus
3373 5018 3563 5073 videns
3599 5030 3654 5072 et

2079 5110 2301 5164 audiens
2332 5109 2636 5165 delectaris.
2673 5108 2798 5164 Dele
2819 5125 2880 5164 ea
2906 5125 2971 5163 ex
3000 5111 3225 5178 poeticis
3253 5110 3437 5175 libris;
3464 5112 3654 5166 recede

2079 5215 2109 5253 a
2143 5201 2391 5265 theatris,
2428 5211 2483 5256 et
2512 5203 2813 5256 extermina
2847 5216 2909 5256 ea
2939 5218 2967 5256 a
3000 5203 3332 5272 parietibus;
3369 5206 3543 5258 contia
3567 5220 3651 5268 ea,

2078 5308 2106 5345 a
2137 5294 2443 5348 simulacris
2470 5293 2682 5361 recede,
2710 5304 2765 5349 et
2791 5297 3120 5364 congaudeo.
3143 5295 3197 5349 Si
3234 5305 3418 5350 autem
3443 5313 3651 5366 pet-ma.-

2078 5396 2175 5437 nes
2202 5385 2255 5437 in
2283 5387 2548 5451 cmcitate,
2575 5386 2680 5440 noli
2706 5387 2974 5457 indignari
3004 5389 3048 5441 si
3079 5390 3456 5455 convinceris;
3491 5389 3649 5443 dicito

2077 5474 2279 5544 siquid
2301 5478 2499 5532 addidi.
2533 5478 2589 5532 Si
2622 5488 2799 5532 autem
2834 5479 2972 5548 apud
3016 5489 3068 5535 te
3106 5489 3232 5534 sunt
3266 5482 3490 5552 scripta
3522 5493 3649 5535 auro

2139 5614 2251 5689 (63)
2403 5616 2680 5689 aliquoties
2705 5630 2875 5673 autem
2902 5623 2954 5673 in
2978 5629 3154 5674 tauro.

2140 5687 2249 5753 (64)
2282 5687 2376 5740 Ms.
2410 5687 2500 5742 sed
2531 5700 2708 5744 vestrm
2732 5688 2927 5757 fabula:
2952 5690 3007 5743 in
3032 5690 3204 5744 libris.
