3822 6218
210 258 350 317 1157

992 267 1080 324 DE
1117 268 1206 325 ΕΟ
1243 270 1433 338 QUOD
1470 272 1647 331 DEUS
1687 276 1920 336 PATER
1961 280 2473 342 INCORPORALIS
2511 290 2665 347 EST.

3329 288 3468 347 “58

203 386 267 430 et
302 386 524 446 argento
552 387 612 474 et
631 378 907 450 lapidibus
935 392 991 437 et
1020 384 1320 451 parietibus
1356 396 1410 442 et
1436 390 1702 459 theatris;
1738 396 1783 450 si
1816 401 1860 460 Α
1888 412 1993 467 que
2024 408 2170 454 terra
2195 401 2418 472 jurgans
2447 411 2651 457 naturae
2680 401 3237 474 alacritatejurgavit,
3266 408 3360 461 sed
3383 408 3467 462 lex

204 485 308 539 ego
335 471 387 524 in
414 486 577 540 parva
600 472 731 527 hora
767 485 820 527 et
847 473 950 528 hoc
990 477 1180 545 pigens
1209 477 1419 548 loquor,
1446 492 1664 551 propter
1686 485 1786 539 mi-

202 562 536 616 serationem
595 573 774 620 autem
803 581 1121 622 commoneo
1152 586 1165 623 :
1199 571 1325 638 quia
1375 589 1495 643 qua:
1548 576 1718 644 vides,
1752 595 1786 635 ο

205 656 391 719 homo,
423 664 477 710 et
511 657 684 712 oculis
742 668 798 712 et
848 672 1009 714 sensu
1064 675 1173 715 non
1234 663 1485 731 intueris,
1548 668 1616 721 ad
1672 671 1787 725 haec

202 745 480 801 irasceris.
509 746 564 801 Si
601 749 684 803 dei
710 758 855 815 sunt,
888 752 1115 807 adulleri
1142 768 1248 808 non
1269 766 1426 823 sunt;
1461 758 1507 813 si
1532 760 1784 829 adulteri,

203 852 314 892 non
356 846 482 894 sunt
506 840 599 894 dii.
617 839 674 895 Si
702 851 882 897 autem
909 842 1095 899 volunt
1122 844 1323 901 habere
1341 849 1613 908 adulteros
1630 855 1783 921 deos,

200 943 306 983 nos
329 928 552 998 quidem
592 931 671 986 eis
700 947 807 987 non
846 932 1250 1002 maledicimus;
1285 941 1394 994 sint
1423 951 1603 999 autem
1638 955 1698 1001 ut
1730 948 1784 1003 hi

197 1019 296 1089 qui
320 1020 613 1076 adorantur
639 1024 706 1078 ab
732 1024 857 1080 illis.
903 1024 1117 1083 Primus
1143 1029 1355 1086 illorum
1386 1033 1529 1091 deus
1562 1053 1666 1093 non
1701 1050 1786 1095 est

197 1109 430 1166 satiatus
448 1112 690 1180 libidine,
717 1116 768 1170 in
797 1116 953 1186 coelo,
976 1127 1035 1173 ut
1056 1119 1157 1190 ipsi
1181 1122 1365 1180 volunt
1386 1142 1528 1198 szepe
1550 1146 1670 1185 cum
1688 1148 1784 1189 sua

195 1202 429 1274 conjuge
454 1220 621 1275 agens
657 1223 671 1259 :
704 1208 883 1265 sicubi
907 1211 1052 1267 enim
1078 1228 1202 1293 cum
1250 1216 1354 1273 alia
1390 1219 1645 1279 inventus
1677 1235 1782 1293 est,

196 1296 385 1349 statim
411 1312 441 1351 a
468 1312 565 1352 sua
589 1298 740 1355 zelus
769 1315 1031 1360 accensus
1060 1314 1144 1361 est
1170 1325 1185 1361 :
1211 1324 1319 1364 non
1343 1313 1485 1367 enim
1527 1317 1782 1372 credebat

196 1390 303 1446 deo
331 1392 429 1446 dea
470 1392 609 1448 male
630 1395 698 1450 de
719 1409 786 1451 eo
814 1408 1086 1468 suspecta.
1120 1400 1176 1456 Si
1203 1406 1347 1458 enim
1385 1417 1441 1462 et
1481 1424 1511 1463 a
1536 1414 1782 1469 mortali-

194 1480 299 1535 bus
327 1496 386 1537 se
415 1498 520 1538 non
556 1486 892 1555 continebat,
944 1494 1218 1560 quomodo
1269 1497 1371 1552 iste
1404 1514 1434 1553 a
1470 1502 1783 1562 caelestibus

192 1578 258 1623 ut
290 1571 476 1626 volunt
501 1575 771 1629 cessavit?
794 1576 898 1630 Sed
920 1580 1198 1636 concedite
1220 1582 1413 1653 lingua
1440 1604 1451 1640 :
1475 1602 1616 1643 nunc
1636 1591 1781 1646 enim

194 1679 390 1719 aurum
420 1675 504 1720 est
551 1666 604 1721 in
652 1667 805 1724 sinus
852 1669 1119 1740 virginum
1171 1674 1405 1745 liquens,
1462 1688 1523 1732 ut
1564 1680 1773 1736 luretur

1890 491 2192 546 communis
2225 490 2437 547 Domini
2469 501 2551 548 est
2586 493 2758 562 posita
2785 492 2919 548 ﬂnes
2943 494 3155 559 aeterni,
3184 506 3239 550 et
3267 497 3318 551 in
3345 507 3467 552 tan-

1890 580 1957 635 tis
1980 582 2191 661 saeculis
2219 584 2416 652 digitus
2441 585 2655 640 additus
2678 601 2782 641 non
2812 596 2917 652 est,
2949 586 3269 644 ﬂuminibus
3298 590 3466 644 tantis

1887 679 1941 724 et
1971 669 2210 727 fontibus
2258 673 2311 726 in
2344 676 2509 729 maris
2553 674 2762 730 sinibus
2794 676 3221 733 incurrentibus.
3276 678 3468 736 Flante

1886 770 2046 818 vento
2093 774 2388 832 pascuntur
2445 765 2665 822 ﬂatibus
2716 782 2901 835 naves,
2947 768 3014 823 ad
3045 769 3242 824 coelum
3294 785 3467 840 usque

1890 852 2168 909 tolluntur.
2205 854 2273 910 Et
2301 856 2423 926 quis
2447 872 2834 929 nonnunquam
2858 860 3229 929 pertransiens
3260 861 3464 925 timuit,

1888 959 1956 999 ne
1977 956 2035 999 ut
2064 946 2325 1013 minatur,
2362 948 2435 1003 ita
2457 949 2683 1005 ellusum
2715 951 3140 1021 comprehendat
3159 959 3423 1007 astantem
3442 953 3467 1005 ?

1886 1034 2282 1106 Nonnunquam
2319 1040 2461 1095 enim
2504 1050 2559 1095 et
2595 1040 2888 1096 declinavit
2915 1057 3084 1107 mare,
3116 1042 3263 1097 venit
3297 1042 3384 1097 ubi
3412 1044 3462 1097 ei

1887 1136 2145 1183 statutum
2181 1140 2284 1196 est,
2346 1130 2702 1203 legislatorem
2753 1143 2808 1189 et
2856 1141 3177 1190 statutorem
3219 1134 3342 1190 ﬂnis
3390 1134 3463 1190 ti-

1886 1235 2071 1287 mens;
2090 1226 2152 1275 'et
2176 1220 2430 1291 frangens
2459 1224 2653 1278 ﬂuctus
2673 1224 2741 1278 ad
2762 1225 2933 1292 littus,
2959 1226 3197 1281 ostendit
3223 1226 3463 1282 invisibi-

1886 1311 1988 1366 lem
2018 1328 2113 1381 per
2139 1328 2201 1368 ea
2229 1330 2346 1383 quae
2373 1316 2642 1372 videntur.
2676 1317 2781 1370 Ista
2816 1318 2971 1372 decet
2996 1318 3045 1372 ei
3074 1318 3310 1383 cithara,
3342 1332 3464 1387 qua:

1890 1396 1945 1450 in
1969 1395 2235 1452 frontibus
2269 1397 2548 1453 hominum
2579 1399 2893 1455 harmonias
2922 1401 3202 1466 describit,
3246 1401 3333 1455 ubi
3364 1402 3462 1457 de-

1889 1483 2051 1540 beant
2081 1500 2201 1541 esse
2223 1487 2384 1553 oculi,
2415 1498 2470 1543 et
2499 1488 2626 1558 quid
2663 1489 2807 1544 circa
2842 1490 3020 1560 ipsos;
3056 1490 3142 1546 ubi
3173 1492 3381 1557 dentes,
3407 1498 3463 1545 et

1834 1624 1837 1629 ,
1890 1577 2111 1645 quanti;
2159 1578 2246 1633 ubi
2278 1593 2463 1646 aures,
2509 1590 2562 1634 et
2598 1590 2729 1650 quot
2758 1590 2812 1637 et
2840 1581 2907 1635 ad
2935 1582 3099 1653 quid;
3133 1583 3220 1637 ubi
3256 1582 3460 1654 lingua,

1889 1679 1945 1724 et
1975 1671 2041 1724 ad
2070 1670 2231 1740 quid;
2263 1671 2385 1739 quis
2416 1687 2543 1726 usus
2569 1680 2652 1727 est
2684 1672 2964 1728 oculorum
2990 1690 3005 1740 ;
3039 1673 3128 1727 ubi
3157 1690 3383 1745 ungues,
3407 1689 3463 1733 et

189 1756 315 1826 ejus
335 1756 703 1827 virginitatem
744 1780 755 1815 :
789 1759 928 1815 l‘orte
956 1769 1132 1818 autem
1170 1773 1224 1818 et
1260 1766 1395 1821 bene
1431 1767 1681 1838 liquescit
1708 1771 1775 1825 li-
1809 1747 1853 1804 Β
1880 1762 1947 1815 ad
1983 1774 2283 1832 quantum;
2317 1764 2405 1817 Ubi
2432 1763 2633 1831 Capilli.
2663 1774 2717 1819 ει
2740 1765 2826 1819 Ubi
2848 1780 2951 1819 ηοη
2978 1765 3153 1834 capilli
3179 1783 3194 1831 ἱ
3222 1767 3348 1836 (ιυῑά
3379 1768 3491 1822 ἰησν

188 1845 322 1903 bido
354 1849 633 1917 dissoluta,
684 1852 729 1905 si
766 1859 950 1910 taurus
992 1856 1126 1909 deus
1160 1855 1395 1925 illorum,
1429 1861 1519 1931 qui
1555 1877 1661 1916 non
1687 1873 1771 1920 est

191 1939 279 1993 dei
301 1941 607 2011 progenies,
636 1941 830 1998 fabulae
875 1958 939 1999 ex
972 1946 1133 2001 corde
1184 1948 1495 2018 ﬁgmentum
1541 1955 1769 2010 mendax

190 2039 387 2084 natura
418 2039 605 2085 taurus
627 2041 744 2099 est;
772 2043 828 2088 et
876 2034 1005 2104 quid
1034 2045 1192 2104 putas
1222 2040 1305 2093 vir
1343 2051 1397 2095 et
1428 2050 1617 2098 taurus
1646 2061 1769 2115 por-

188 2128 315 2175 tans
341 2121 601 2192 virginem
630 2122 871 2180 libidinis
894 2141 1104 2192 servus,
1133 2133 1586 2200 concupiscentiae
1612 2137 1769 2190 mini-

188 2219 325 2277 ster,
378 2213 431 2267 in
465 2213 604 2269 collo
657 2215 808 2285 virgo
863 2231 987 2271 cum
1046 2219 1270 2276 libidine
1312 2222 1765 2293 domina?Quam

186 2305 335 2357 enim
364 2304 589 2372 ﬁguram
642 2306 972 2374 intermisit,
1029 2314 1243 2380 quando
1292 2315 1496 2383 quievit
1547 2335 1617 2373 ne
1667 2320 1769 2373 im-

185 2402 495 2449 mutaretur
532 2410 754 2468 cygnus,
786 2406 994 2463 taurus,
1025 2401 1227 2471 aquila,
1256 2405 1484 2458 aurum?
1516 2416 1611 2461 aut
1637 2424 1767 2463 con~

185 2481 368 2537 tinens
407 2482 582 2539 lactus
606 2494 691 2541 est
735 2486 917 2541 nunc?
951 2486 1130 2545 Multis
1156 2492 1299 2544 enim
1326 2490 1439 2559 jam
1474 2496 1631 2551 annis
1660 2513 1765 2551 non

183 2582 273 2627 est
299 2571 475 2628 factus
498 2574 697 2645 aquila,
724 2585 778 2632 et
799 2587 947 2633 certe
987 2594 1091 2633 non
1117 2581 1274 2649 pauci
1303 2582 1395 2635 lilii
1421 2594 1471 2637 et
1499 2585 1621 2640 boni
1652 2588 1764 2642 nati

182 2672 317 2718 sunt
349 2666 401 2719 in
436 2666 674 2721 deserto.
708 2665 872 2723 Putas
903 2670 1083 2724 senuit
1107 2678 1162 2725 et
1186 2674 1617 2743 concupiscentia
1649 2693 1764 2733 ces-

181 2755 348 2821 savit,
373 2765 468 2810 aut
499 2759 867 2827 pusuitentiam
896 2760 1131 2816 libidinis
1170 2761 1378 2829 habuit,
1422 2773 1477 2820 et
1526 2784 1669 2823 nunc
1704 2784 1764 2833 se

180 2845 295 2916 jam
323 2849 599 2903 continet?
620 2849 737 2905 Jam
767 2852 909 2906 enim
941 2868 1047 2909 non
1077 2854 1218 2924 rapit
1243 2869 1490 2924 puerum.
1524 2859 1763 2916 Confun-

179 2939 287 2994 dor
324 2949 380 2994 et
412 2941 591 2997 dicere
625 2943 724 2997 sub
753 2957 857 3011 qua
885 2946 1170 3000 occasione
1204 2963 1309 3002 non
1339 2949 1627 3007 suffecerat
1674 2969 1762 3009 so-

180 3046 278 3086 ror
298 3031 518 3102 conjux,
561 3036 929 3104 cooperatrix,
962 3052 1028 3092 ex
1073 3054 1177 3108 qua
1211 3043 1320 3096 nati
1355 3053 1478 3097 sunt
1515 3044 1757 3114 plurimi,

1879 1850 2167 1915 trinsecus,
2203 1852 2330 1921 quid
2364 1854 2757 1922 constringere,
2806 1852 2933 1922 quid
2986 1854 3282 1919 involvere,
3327 1858 3455 1927 quid

1876 1942 2078 2007 velare,
2103 1944 2228 2012 quid
2252 1942 2459 2010 jacere,
2500 1953 2553 1997 et
2580 1945 2643 1997 ad
2674 1944 2803 2014 quid
2836 1944 2999 2010 utile;
3032 1936 3152 2015 quis
3182 1948 3459 2020 suscipere

1876 2045 2032 2085 escas
2067 2044 2121 2087 et
2151 2032 2425 2099 dividere;
2455 2042 2683 2100 quantas
2710 2048 2991 2088 mensuras
3027 2034 3222 2089 debeat
3256 2038 3459 2093 habere

1876 2122 2048 2188 cibus,
2080 2132 2134 2177 et
2156 2133 2414 2193 quantum
2446 2124 2592 2178 intus
2614 2125 2805 2179 debeat
2834 2139 3177 2195 permanere,
3203 2137 3256 2180 et
3282 2143 3459 2198 quan-

1876 2213 1944 2267 do
1974 2212 2167 2267 debeat
2194 2228 2447 2283 purgare,
2474 2223 2527 2267 et
2569 2214 2615 2267 si
2646 2213 2927 2270 transierit
2979 2216 3190 2281 horam,
3221 2217 3458 2274 ostendit

1877 2317 2101 2357 noxam.
2155 2302 2262 2356 ista
2318 2303 2434 2374 lyra
2486 2304 2641 2359 decet
2693 2303 2801 2360 Deo
2858 2306 3155 2374 composita
3211 2306 3457 2364 melodils

1874 2391 2239 2444 membrorum
2270 2405 2284 2442 :
2316 2391 2478 2446 habet
2501 2393 2645 2447 enim
2668 2408 2862 2448 nervos
2889 2402 2942 2449 et
2967 2396 3160 2451 cordas
3184 2396 3237 2451 in
3260 2397 3455 2467 quibus

1872 2493 1928 2537 et
1955 2496 2018 2538 os
2048 2484 2116 2537 ad
2151 2498 2333 2538 ossum
2359 2491 2467 2548 est,
2499 2492 2553 2538 et
2581 2484 2790 2539 viscera
2832 2486 2899 2541 ad
2930 2486 3159 2551 viscera,
3206 2498 3260 2544 et
3292 2504 3456 2544 mem-

1871 2575 1967 2631 bra
2005 2577 2073 2630 ad
2104 2577 2372 2643 membra,
2402 2592 2498 2646 per
2526 2592 2645 2646 qua:
2680 2578 3025 2648 deponuntur
3060 2591 3113 2636 et
3135 2581 3455 2651 aperiuntur

1871 2684 2065 2723 manus
2095 2687 2107 2722 :
2148 2684 2242 2738 per
2278 2684 2399 2738 quae
2436 2668 2748 2734 ﬂectuntur,
2790 2680 2846 2725 et
2881 2671 3076 2727 iterum
3105 2674 3335 2728 redeunt
3360 2689 3455 2744 pe-

1870 2758 1999 2823 des;
2025 2760 2353 2815 clauduntur
2379 2762 2523 2817 oculi
2551 2762 2618 2815 ad
2653 2762 3027 2829 refectionem,
3053 2776 3110 2821 et
3143 2767 3337 2821 iterum
3367 2781 3453 2822 re-

1869 2860 2130 2907 vocantur
2154 2853 2220 2906 ad
2240 2868 2393 2923 opus.
2428 2854 2495 2908 Et
2523 2855 2645 2924 quis
2668 2856 2867 2925 poterit
2898 2856 3247 2913 dinumerare
3274 2874 3452 2929 quan-

1871 2950 1938 2994 tre
1962 2942 2263 2998 istiusmodi
2290 2958 2507 3013 semper
2529 2944 2904 3013 percutiuntur
2939 2946 3090 3016 lyrae,
3127 2963 3234 3003 non
3266 2949 3319 3003 in
3343 2965 3451 3005 uno

1871 3040 2078 3087 tantum
2112 3033 2352 3099 homine,
2395 3049 2497 3089 nec
2528 3035 2579 3088 in
2610 3035 2920 3092 hominibus
2959 3036 3109 3103 solis,
3154 3039 3249 3094 sed
3292 3048 3346 3095 et
3394 3043 3448 3095 in

178 3124 277 3178 sed
305 3124 418 3193 jam
451 3140 593 3179 nunc
625 3142 730 3180 non
763 3139 1080 3183 nascuntur.
1107 3129 1403 3189 Consenuit
1429 3146 1607 3191 autem
1632 3152 1757 3191 con-
1790 3124 1832 3182 C
1863 3125 2009 3179 Omni
2042 3124 2305 3179 “lima”?
2333 3125 2585 3181 omnibus
2616 3126 2761 3181 enim
2791 3143 3078 3193 mensum,
3104 3138 3311 3200 ἓῑειοε,
3342 3146 3453 3185 πιέειν

172 3212 411 3284 jugium,
440 3229 537 3270 cur
558 3215 671 3284 jam
697 3232 800 3272 non
837 3219 1092 3286 pariunt?
1119 3220 1227 3275 Sed
1270 3237 1377 3277 non
1413 3224 1627 3281 suﬂecit
1648 3227 1760 3293 illa,

176 3304 316 3360 abiit
343 3306 409 3360 ad
441 3307 697 3362 mortales
729 3327 742 3362 :
775 3308 985 3364 suﬂecit
1016 3326 1119 3365 non
1146 3315 1382 3369 secunda
1425 3317 1613 3370 eodem
1649 3334 1763 3373 mo-

182 3410 278 3463 re;
314 3395 643 3452 multiforme
671 3401 816 3453 enim
871 3410 954 3455 est
1005 3401 1227 3458 malum.
1276 3402 1392 3457 Non
1443 3404 1762 3461 suﬂ‘ecerant

176 3485 439 3540 mortales
470 3500 485 3539 :
515 3486 581 3540 ad
612 3490 881 3543 masculos
904 3492 1171 3545 convertit
1201 3491 1496 3548 libidinem.
1522 3495 1757 3565 Opoeta,

175 3590 318 3646 quos
349 3576 722 3632 irridebimus?
749 3580 919 3649 magis
946 3590 1123 3636 autem
1149 3597 1286 3651 quos
1313 3584 1760 3644 lamentabimus?

174 3682 272 3723 eos
330 3668 421 3738 qui
452 3669 808 3738 scripserunt,
838 3680 930 3724 aut
954 3687 1051 3727 eos
1090 3674 1179 3742 qui
1216 3691 1358 3730 nunc
1388 3691 1559 3746 usque
1608 3679 1757 3734 illum

174 3760 269 3830 qui
317 3761 370 3813 in
409 3759 627 3815 dextera
664 3770 841 3830 portat
880 3762 1138 3832 aquilam,
1169 3766 1455 3822 adorantes
1493 3780 1546 3822 et
1590 3769 1762 3837 respi-

173 3852 405 3919 cientes,
435 3861 527 3907 aut
553 3851 794 3907 colentes
824 3854 984 3907 sunt?
1008 3853 1113 3909 Sed
1146 3865 1301 3924 putas
1332 3859 1456 3927 quia
1487 3860 1587 3914 iste
1612 3862 1756 3916 solus

173 3944 381 3999 exstitit
405 3945 570 4000 talis?
599 3958 777 3999 nonne
799 3954 855 3998 et
883 3945 1169 4001 citharista
1209 3949 1296 4003 ille
1321 3948 1619 4005 honestus?
1650 3953 1756 4022 pri-

172 4049 267 4089 mo
297 4035 517 4104 quidem
547 4051 645 4089 cur
673 4035 982 4091 citharistas
1010 4038 1140 4092 deos
1168 4053 1453 4108 ponamus,
1485 4041 1610 4109 quia
1654 4041 1753 4095 ista

172 4124 329 4181 decet
359 4127 639 4181 harmonia
671 4128 911 4182 decora?
949 4129 1051 4182 ista
1099 4131 1242 4185 enim
1281 4140 1364 4186 est
1412 4132 1503 4187 illa
1547 4133 1600 4187 in
1646 4148 1751 4203 qua

172 4216 441 4288 Olympias
468 4234 482 4270 :
510 4216 792 4272 harmonia
817 4229 996 4273 autem
1024 4219 1109 4274 illa
1139 4230 1223 4273 est
1250 4236 1393 4285 vera,
1426 4222 1480 4276 in
1511 4238 1616 4292 qua
1646 4238 1754 4279 cte-

172 4308 287 4361 lum
325 4318 429 4374 est,
471 4317 527 4364 et
563 4319 706 4364 terra
741 4319 823 4365 est
855 4312 1051 4379 posita,
1095 4327 1246 4367 mare
1278 4314 1510 4383 adjacet,
1559 4323 1615 4370 et
1660 4330 1755 4371 aer

171 4410 258 4455 est
284 4402 641 4472 compositus,
669 4410 724 4456 et
762 4405 1065 4472 percutitur
1102 4406 1411 4461 consensio.
1460 4406 1578 4462 Non
1606 4408 1749 4463 enim

170 4492 323 4563 pellit
351 4507 501 4548 mare
534 4502 733 4548 terram
781 4503 1005 4563 propter
1036 4496 1377 4550 harmoniam
1422 4514 1436 4550 :
1484 4512 1591 4553 non
1640 4514 1747 4555 nox

172 4588 280 4643 diei
308 4588 435 4642 facit
456 4589 582 4653 vim,
608 4603 714 4643 non
740 4588 1058 4658 permittunt
1077 4592 1221 4644 enim
1253 4590 1396 4646 illius
1428 4591 1745 4648 harmonim.

170 4681 384 4745 Dicitis,
411 4682 602 4735 coelum
627 4681 891 4736 consentit
916 4682 1000 4737 his
1019 4698 1137 4752 qua;
1152 4682 1403 4738 deorsum
1434 4694 1579 4739 sunt.
1606 4686 1749 4740 Tan-

172 4781 286 4825 tum
318 4772 458 4827 enim
488 4770 714 4840 praebuit
744 4771 795 4824 in
822 4785 886 4825 eo
918 4771 997 4826 sol
1029 4773 1257 4840 positus,
1301 4783 1562 4843 quantum
1602 4784 1748 4831 esset

172 4863 304 4918 utile
326 4864 537 4932 parari;
563 4872 618 4917 et
647 4870 851 4916 tantum
882 4863 1147 4930 accendit,
1174 4875 1435 4933 quantum
1463 4874 1579 4920 erat
1612 4882 1745 4921 con-

171 4956 433 5020 veniens;
464 4965 519 5010 et
547 4955 723 5025 pergit
754 4962 808 5008 et
841 4954 999 5019 redit,
1046 4964 1106 5008 ut
1134 4970 1310 5025 neque
1343 4956 1628 5013 abundans
1659 4958 1744 5012 in-

172 5047 420 5101 cendium
443 5054 693 5100 exureret
724 5045 941 5112 omnia;
972 5060 1143 5114 neque
1174 5048 1365 5101 iterum
1392 5048 1437 5101 si
1465 5057 1746 5103 transcen-

172 5137 344 5201 deret,
384 5134 581 5205 frigore
619 5136 861 5209 perirent
902 5135 1176 5191 universa.
1214 5136 1318 5191 Sed
1343 5148 1398 5192 et
1428 5154 1746 5195 communes

174 5226 471 5279 harmonia:
503 5233 557 5280 et
583 5225 827 5294 partibus
858 5226 1064 5291 divisas,
1094 5228 1234 5280 sicut
1260 5228 1409 5281 brevi
1440 5228 1607 5282 silura
1633 5244 1745 5282 ma-

171 5315 286 5385 jora
332 5316 566 5381 cuidam,
617 5316 735 5369 aliae
782 5316 931 5370 siluri
963 5331 1163 5371 canore
1191 5317 1557 5371 consentiens.
1602 5317 1746 5373 Istud

174 5421 324 5461 mare
352 5421 605 5477 magnum
652 5416 706 5462 et
762 5409 1079 5476 spatiosum,
1122 5408 1272 5477 cujus
1314 5404 1503 5461 ﬂuctus
1540 5408 1742 5461 ccelum

173 5498 409 5567 pulsant,
450 5507 609 5553 terra
638 5499 897 5553 terminos
924 5511 1031 5551 non
1062 5498 1470 5551 transcendunt.
1512 5496 1617 5550 Sed
1652 5511 1739 5551 ne-

245 5633 357 5705 (65)
389 5632 484 5693 Ms.
515 5633 742 5690 Oranus.
776 5631 885 5689 Vox
911 5631 1094 5692 Graeca
1121 5634 1367 5706 οὐρανός,
1391 5633 1581 5689 Latine
1607 5634 1737 5689 scri-

174 5717 285 5773 pta.

1866 3213 2196 3282 gnitudines,
2244 3214 2512 3281 dentium,
2550 3230 2836 3283 cornuum,
2882 3218 3209 3287 quibusdam
3254 3230 3309 3275 et
3342 3236 3447 3277 non

1865 3312 1991 3358 sunt
2017 3319 2238 3359 cornua.
2272 3304 2408 3359 Aliis
2456 3305 2553 3373 pili
2591 3315 2739 3373 sunt,
2782 3314 2841 3379 et.
2891 3305 3190 3375 cnjusmodi
3244 3308 3446 3379 capilli,

1865 3411 2071 3465 ungues
2103 3407 2158 3450 et
2189 3396 2492 3466 cnjusmodi
2534 3413 2763 3467 ungues,
2808 3414 3000 3469 pennae
3030 3410 3085 3456 et
3114 3401 3308 3456 iterum
3341 3417 3446 3458 non

1869 3503 2080 3557 pennae,
2113 3499 2169 3543 et
2207 3489 2259 3543 in
2294 3489 2471 3557 aquis,
2492 3499 2547 3543 et
2573 3490 2625 3543 in
2659 3506 2803 3557 aere,
2832 3501 2887 3547 et
2915 3494 2969 3546 in
3007 3493 3167 3558 mari,
3190 3502 3245 3547 et
3269 3494 3319 3548 in
3348 3496 3448 3548 llu-

1864 3578 1993 3643 viis,
2045 3586 2099 3631 et
2138 3577 2189 3631 in
2229 3577 2491 3643 fontibus,
2547 3587 2602 3632 et
2638 3579 3051 3637 innumerabilia
3101 3598 3221 3651 quae
3253 3598 3446 3638 exsur-

1860 3676 2011 3737 gunt,
2043 3683 2148 3721 una
2179 3677 2358 3723 tamen
2387 3676 2470 3723 est
2497 3667 2797 3723 harmonia.
2820 3668 2955 3723 Cum
2986 3669 3132 3725 enim
3173 3687 3324 3727 suam
3353 3689 3445 3728 ac-

1860 3760 2102 3814 cenderit
2136 3760 2436 3825 lucernam,
2484 3776 2607 3815 cum
2655 3776 2810 3816 suum
2840 3762 3046 3819 scilicet
3089 3766 3293 3821 oraviis
3325 3766 3443 3839 (65)

1860 3850 2021 3905 fuerit
2054 3852 2249 3919 solem,
2284 3868 2406 3908 cum
2435 3868 2464 3906 a
2495 3853 2690 3909 linibus
2713 3854 2938 3911 orientis
2968 3857 3129 3912 simul
3175 3858 3245 3914 ad
3283 3874 3443 3917 θεων

1859 3956 1978 3995 sum
2030 3945 2394 3999 transmiserit
2442 3944 2658 4014 lumen;
2718 3960 2881 4002 omne
2927 3959 3173 4005 movetur
3215 3951 3438 4018 animal,

1859 4034 2276 4104 unumquodque
2318 4035 2383 4087 ad
2412 4036 2554 4104 quod
2585 4036 2633 4090 ei
2662 4045 2855 4092 natura
2882 4048 2988 4094 est.
3020 4040 3087 4093 Et
3111 4055 3291 4097 mensa
3319 4045 3441 4113 qui-

1850 4118 1977 4175 'dem
2009 4123 2312 4176 communis
2340 4135 2422 4177 est
2451 4123 2629 4192 plena,
2673 4134 2729 4179 et
2765 4126 2910 4179 aliud
2938 4126 3137 4180 animal
3176 4127 3243 4182 ad
3276 4126 3439 4183 aliam

1856 4221 2108 4281 pr0perat
2133 4228 2334 4277 escam,
2362 4214 2506 4270 aliud
2535 4216 2665 4271 alibi
2692 4216 2927 4281 devitat;
2957 4228 3011 4272 et
3039 4233 3159 4287 qua:
3186 4218 3295 4273 illis
3331 4220 3440 4273 uti-

1855 4301 1926 4357 lia
1964 4320 2067 4359 non
2091 4314 2237 4371 sunt,
2277 4306 2398 4361 aliis
2454 4306 2833 4362 convenientia
2887 4299 3175 4362 habentur.
3220 4306 3439 4364 Eiciunt

1856 4393 1966 4466 (66)
1991 4397 2379 4453 irrationabilia
2420 4414 2519 4469 per
2562 4400 2862 4455 istiusmodi
2894 4399 3232 4453 harmoniam
3267 4399 3438 4453 addu-

1853 4500 1962 4556 cta,
2002 4492 2127 4561 quis
2160 4491 2275 4563 (67)
2305 4494 2499 4548 debeat
2526 4501 2767 4562 gustare,
2795 4501 2849 4546 et
2874 4504 2993 4559 quae
3026 4489 3217 4544 debeat
3238 4490 3434 4556 vitare,

1853 4594 1906 4640 et
1936 4600 2057 4638 cum
2098 4585 2291 4653 quibus
2321 4583 2655 4640 conversari.
2684 4581 2791 4635 Ista
2823 4581 3023 4636 decens
3067 4580 3176 4637 Deo
3220 4582 3435 4638 harmo-

1855 4686 1945 4739 nia
1973 4692 2079 4746 est,
2108 4695 2201 4752 per
2228 4697 2389 4751 quam
2419 4680 2501 4736 sol
2534 4689 2768 4734 statutus
2792 4680 2858 4732 ad
2889 4692 3107 4733 cursum
3136 4686 3241 4745 est,
3270 4688 3326 4733 et
3347 4678 3434 4734 lu-

1857 4790 1924 4829 na
1961 4776 2027 4829 ad
2052 4774 2426 4836 crescendum,
2453 4782 2508 4828 et
2534 4771 2703 4826 stellae
2732 4775 2799 4824 ad
2826 4771 3021 4840 spatia.
3056 4768 3218 4824 Istam
3242 4786 3435 4838 percu-

1854 4870 1920 4921 tit
1950 4880 2046 4936 per
2068 4865 2182 4919 dies
2209 4872 2263 4918 et
2292 4875 2495 4924 noctes,
2527 4861 2794 4932 siquidem
2821 4868 2876 4915 et
2900 4858 3231 4917 dormientes
3251 4872 3432 4931 auget,

1851 4965 1908 5009 et
1960 4952 2316 5009 efﬁcientibus
2350 4951 2557 5006 otiosus
2611 4965 2717 5005 non
2760 4958 2866 5005 est.
2921 4948 2988 5004 Et
3032 4950 3174 5006 Deus
3213 4952 3431 5021 quidem

1850 5045 2009 5100 istam
2035 5044 2150 5099 sine
2174 5044 2356 5113 digitis
2378 5051 2433 5098 et
2455 5042 2643 5097 labore
2672 5041 2907 5113 percutit
2930 5041 3267 5097 harmoniam
3296 5062 3310 5098 :
3338 5043 3429 5099 ille

1850 5147 2027 5190 autem
2078 5136 2168 5205 qui
2198 5135 2355 5190 ﬂctus
2387 5143 2575 5189 etnon
2610 5134 2744 5189 deus
2768 5141 2872 5200 est,
2904 5133 3102 5204 accipit
3140 5135 3428 5206 virginem.

1849 5225 1894 5280 0
1925 5224 2204 5294 injuriam!
2243 5223 2407 5295 Virgo
2432 5226 2502 5280 ob
2534 5223 2846 5295 pudicitiam
2875 5223 3011 5294 fugit
3040 5235 3056 5278 :
3084 5224 3214 5279 deus
3245 5235 3428 5280 autem

1850 5316 1941 5386 qui
1971 5316 2190 5380 dicitur,
2224 5316 2293 5371 ob
2321 5329 2561 5371 amorem
2600 5315 2837 5371 libidinis
2866 5315 3192 5384 insequitur,
3233 5326 3286 5369 et
3320 5331 3426 5370 non

1852 5408 2278 5477 comprehendit.
2312 5407 2620 5463 Velociores
2647 5410 2789 5464 enim
2831 5406 2995 5476 pedes
3024 5405 3177 5462 fuere
3202 5408 3427 5478 virginis

1854 5496 2126 5567 pudicitia:
2168 5512 2263 5564 per
2290 5496 2645 5563 voluntatem,
2673 5511 2835 5566 quam
2873 5494 2963 5552 ille
3002 5496 3093 5567 qui
3130 5510 3160 5550 a
3206 5495 3430 5555 libidine

1921 5632 2033 5702 (66)
2068 5632 2298 5686 Eiciunt.
2326 5633 2506 5695 Forte,
2524 5641 2572 5686 et
2594 5631 2783 5687 sciunt.

1919 5702 2032 5777 (67)
2065 5702 2219 5772 Quis.
2255 5703 2417 5761 Forte
2443 5720 2581 5775 qua,
2612 5702 2693 5759 vel
2718 5701 2865 5775 quid.
