3822 6218
395 333 529 390 “59

1070 324 1335 382 EU‘SEBI!
1374 323 1851 411 CAISNRIENSIS
1890 318 2041 378 OPP.
2078 318 2256 377 PARS
2294 320 2470 377 lV.——
2500 314 2921 376 DOGMATICA.

3524 319 3669 376 H60

390 450 682 531 dissolutus
709 460 811 506 est.
880 445 978 515 Qui
1005 449 1243 503 ambulat
1274 449 1500 511 sensim,
1529 447 1618 516 qui
1651 462 1841 517 passus
1869 460 1956 500 se-
1994 459 2036 512 Α
2071 443 2482 499 fornicationem
2521 442 2631 514 (68)
2662 442 2960 497 insecutam
2994 441 3236 511 quidem,
3270 458 3378 497 non
3404 457 3666 512 compre-

385 543 581 613 jungit,
624 545 726 598 iste
762 556 902 596 nunc
934 541 1192 595 festinans
1225 556 1328 594 non
1361 540 1770 607 comprehendit
1800 538 1963 607 virgi—

391 649 511 688 nem
542 649 557 689 :
585 632 747 702 pedes
778 631 922 686 enim
964 646 993 685 a
1050 630 1270 685 libidine
1320 629 1587 693 dissoluti,
1622 645 1751 684 nec-
1780 630 1965 685 molles

389 724 615 793 virginis
648 737 840 791 passus
877 721 1337 790 comprehendere
1387 729 1699 791 potuerunt,
1732 720 1826 773 sed
1870 735 1964 790 pa—

389 832 510 870 rum
560 816 689 885 quid
732 824 785 869 et
832 817 1118 885 pervenit:
1151 815 1271 869 talis
1312 830 1498 869 eorum
1540 814 1693 876 deus.
1738 824 1790 869 et
1832 816 1966 869 bene

392 908 853 971 comprehenderis
892 916 974 962 est
1021 906 1271 962 columba
1316 909 1383 963 ab
1426 908 1685 977 accipitre
1714 907 1962 961 musico:

392 999 485 1055 sed
522 1009 686 1062 terra,
713 998 906 1068 inquit,
941 1000 1185 1065 miserta,
1218 999 1503 1054 humanior
1533 1000 1623 1053 tali
1652 1015 1837 1053 eorum
1868 1001 1968 1054 deo

391 1094 531 1158 visa,
564 1092 841 1146 transtulit
864 1106 983 1144 eam
1023 1090 1087 1143 ad
1122 1091 1353 1144 laurum.
1388 1086 1452 1143 Et
1477 1089 1617 1145 forte
1645 1089 1835 1143 maluit
1864 1090 1971 1143 vir-

389 1202 459 1253 go
492 1185 693 1256 lignum
734 1186 871 1248 fieri,
910 1201 1070 1255 quant
1112 1202 1140 1238 a
1190 1186 1281 1239 tali
1314 1199 1501 1239 eorum
1533 1183 1633 1238 dco
1672 1185 1966 1251 corrumpi.

392 1278 484 1332 Ille
514 1288 695 1331 autem
727 1278 818 1347 qui
853 1286 1047 1345 praeter
1082 1292 1229 1346 spem
1260 1293 1287 1329 a
1325 1276 1418 1330 tali
1447 1277 1730 1330 venatione
1762 1276 1971 1330 decide-

391 1377 497 1433 rat,
525 1369 711 1423 videns
748 1368 1009 1438 virginem
1041 1368 1093 1421 in
1125 1367 1374 1421 arborem
1402 1382 1747 1431 conversam,
1799 1382 1971 1434 neque

390 1463 745 1515 conversione
797 1461 1055 1515 confusus
1094 1472 1196 1524 est,
1252 1475 1426 1528 neque
1461 1462 1721 1514 translata
1776 1472 1972 1515 natura

394 1550 664 1603 transtulit
693 1560 739 1605 et
771 1566 1009 1605 amorem
1042 1570 1054 1605 :
1083 1553 1175 1606 sed
1202 1552 1374 1605 adhuc
1405 1551 1619 1605 fervens
1641 1568 1845 1617 amore,
1877 1554 1971 1606 ad—

392 1641 497 1694 huc
522 1642 718 1695 ardens
745 1643 1209 1710 concupiscentia,
1240 1642 1585 1712 amplectitur
1610 1646 1883 1710 arborem,
1921 1655 1975 1699 et

391 1731 633 1802 decerpit
668 1747 733 1785 ex
770 1733 855 1787 illa
885 1749 1003 1803 qua:
1053 1735 1165 1803 jam
1215 1750 1319 1789 non
1362 1745 1482 1789 erat
1513 1738 1688 1808 virgo,
1737 1737 1882 1801 folia,
1918 1747 1973 1792 et

2074 536 2295 590 hensatn
2318 544 2522 598 autem,
2551 535 2726 587 adhuc
2758 547 2927 600 usque
2956 532 3339 598 accusabiletn,
3364 544 3423 588 et
3451 534 3671 602 tingunt

2073 630 2126 682 in
2159 627 2483 690 simulacris,
2541 635 2598 679 et
2644 626 2875 695 pingunt
2919 625 2970 677 in
3018 626 3341 695 parietibus.
3391 625 3507 683 Sed
3538 627 3673 695 quid

2073 718 2202 773 mihi
2229 728 2282 772 et
2310 719 2427 772 istis
2452 718 2570 773 est?
2595 719 3123 790 lieverterc,lingua,
3140 729 3194 773 et
3215 717 3344 773 audi
3364 719 3671 789 psalmum.

2070 827 2104 867 0
2132 813 2308 866 anima
2333 831 2345 866 :
2366 812 2890 878 Convertere,anima
2920 812 3142 874 mea,ad
3169 813 3395 880 quietem
3426 822 3587 863 tuam
3605 810 3675 862 ".

2072 904 2211 970 Quid
2264 906 2393 960 mihi
2431 916 2514 959 est
2542 921 2637 961 eos
2675 906 2765 974 qui
2799 905 2932 960 foris
2964 913 3090 959 sunt
3125 904 3413 971 judicare?
3452 902 3679 957 Suﬂicit

2073 1000 2151 1053 eis
2184 1000 2307 1067 quia
2342 999 2393 1051 in
2427 999 2511 1052 his
2539 999 2874 1053 volutantur.
2914 997 3141 1055 Cessent
3179 998 3246 1053 de
3286 999 3528 1068 Opificiis
3564 1013 3675 1050 non

2076 1091 2211 1144 bene
2278 1090 2515 1153 sentire;
2574 1087 2818 1145 fruentes
2874 1091 3018 1145 enim
3076 1091 3327 1158 opiﬁcia,
3389 1091 3541 1145 male
3612 1090 3679 1143 de

2072 1180 2306 1251 Opificiis
2373 1181 2635 1246 sentiunt,
2685 1191 2741 1237 et
2772 1182 3011 1250 ipsorum
3070 1182 3386 1255 creatorem
3444 1182 3678 1253 injuriis

2080 1283 2287 1343 petunt.
2348 1265 2471 1327 Sint
2529 1284 2587 1327 ut
2646 1274 2851 1338 volunt,
2908 1284 2963 1329 et
3021 1286 3167 1330 certe
3233 1275 3358 1329 nolo
3420 1290 3525 1330 eos
3549 1290 3678 1329 esse

2074 1374 2133 1419 ut
2195 1364 2403 1420 volunt.
2440 1364 2632 1419 Noster
2694 1377 2875 1422 autem
2930 1380 3112 1421 sermo
3170 1367 3339 1438 fugiat
3393 1377 3676 1438 quantum

2079 1464 2256 1525 potest
2305 1454 2517 1510 illorum
2569 1456 2817 1521 fetorem,
2862 1459 2986 1526 quia
3035 1460 3176 1529 apud
3228 1460 3373 1527 ipsos
3417 1469 3560 1514 sunt
3615 1459 3678 1511 ti-

2073 1559 2314 1617 gmenta,
2348 1544 2560 1615 fabulae,
2587 1550 2901 1613 simulacra,
2926 1550 3215 1615 adulteria,
3246 1551 3674 1615 fornicationes,

2074 1642 2314 1711 sanguis,
2343 1641 2570 1710 lapides,
2606 1642 2778 1712 ligna,
2812 1642 3104 1709 daemones,
3142 1644 3436 1709 nuditates,
3487 1644 3676 1712 turpi-

2077 1734 2308 1797 tudines,
2339 1733 2564 1787 dicenda
2607 1743 2661 1788 et
2714 1749 2819 1787 non
2882 1735 3107 1790 dicenda
3153 1734 3392 1790 occulta.
3425 1733 3678 1805 Fugiens

392 1819 674 1875 confessus
704 1822 989 1877 victoriam
1024 1826 1223 1878 victum
1257 1842 1410 1880 suum
1436 1838 1661 1882 coronat
1689 1840 1866 1898 caput,
1904 1832 1962 1883 li-
2004 1841 2049 1900 Β
2078 1833 2255 1877 autem
2312 1824 2457 1888 inde,
2503 1832 2627 1893 agat
2673 1824 2879 1895 gratias
2930 1825 3002 1892 ei,
3050 1826 3142 1894 qui
3189 1840 3249 1880 se
3295 1825 3560 1880 liberavit
3605 1827 3674 1878 ab

395 1913 561 1964 tulntn
612 1922 798 1982 utpote
854 1915 910 1968 in
965 1930 1164 1970 corona
1212 1917 1419 1973 libidini
1461 1935 1573 1975 sua:
1612 1924 1969 1977 constituens.

394 1999 499 2055 Sed
531 2001 671 2056 forte
698 2004 940 2073 quaedam
978 2019 1134 2075 poeta
1163 2008 1340 2063 facilis
1379 2020 1433 2065 et
1467 2012 1862 2068 inconsiderate
1895 2014 1974 2069 Io-

393 2112 565 2165 quens
612 2100 873 2155 mentitus
911 2100 975 2155 de
993 2102 1095 2155 diis
1120 2102 1364 2170 esttalia,
1388 2114 1559 2159 etnon
1586 2114 1671 2161 est
1700 2106 1973 2163 insecutus

396 2189 655 2255 virginem
680 2190 982 2246 citharista.
1011 2191 1149 2260 Quid
1180 2193 1355 2249 adhuc
1384 2210 1555 2265 usque
1587 2198 1637 2249 in
1662 2199 1968 2256 simulacris

393 2292 456 2330 es
499 2281 597 2331 ista
634 2282 825 2335 arbore
850 2272 1161 2351 coronatur,
1204 2294 1263 2339 ut
1290 2294 1481 2353 putant
1520 2289 1735 2358 quidem
1777 2291 1845 2343 ob
1883 2292 1973 2344 ho.

395 2371 615 2427 norem?
664 2372 721 2428 Si
757 2385 936 2429 autem
970 2376 1139 2431 honor
1178 2387 1263 2433 est
1303 2378 1713 2434 forniCationem
1764 2382 1968 2437 laudari

403 2598 615 2611 _—————

2078 1912 2405 1967 istiusmodi.
2443 1912 2561 1967 Erit
2605 1917 2752 1968 enim
2810 1916 2983 1984 gratia
3036 1914 3257 1984 duplex,
3315 1917 3444 1985 quia
3491 1924 3552 1968 et
3608 1915 3674 1968 li-

2075 2004 2287 2059 beravit
2330 2019 2360 2058 a
2388 2004 2552 2068 falsis,
2604 2016 2659 2061 et
2684 2008 2749 2060 ad
2785 2022 2910 2062 vera
2943 2008 3188 2064 adduxit.
3221 2008 3466 2064 Liberali
3503 2009 3673 2076 igitur

2076 2094 2145 2148 ab
2174 2095 2281 2159 his,
2314 2104 2369 2148 et
2397 2095 2543 2165 digni
2574 2095 2801 2165 judicati
2841 2098 2992 2153 estis.
3056 2097 3167 2152 Deo
3198 2114 3305 2154 non
3347 2108 3484 2153 nato
3521 2098 3671 2152 Patri

2075 2200 2171 2257 per
2216 2202 2379 2240 unum
2433 2188 2771 2257 unigenitum
2822 2205 2979 2244 suum
3029 2189 3224 2244 Filium
3280 2206 3407 2247 cum
3454 2192 3673 2261 Spiritu

2086 2285 2275 2329 sancto
2301 2278 2367 2331 sit
2382 2279 2571 2345 gloria,
2593 2279 2781 2344 honor,
2806 2282 3111 2350 imperium,
3126 2281 3404 2351 maiestas.
3422 2294 3483 2338 et
3502 2299 3669 2346 nunc,

2078 2376 2133 2422 et
2161 2383 2393 2439 semper,
2431 2381 2491 2435 ,et
2522 2388 2616 2441 per
2642 2373 2821 2427 omnia
2849 2374 3044 2429 saecula
3085 2374 3426 2430 saeculorum.
3462 2377 3670 2431 Amen.

622 2600 3663 2643 MM

1362 2776 1925 2893 EUSEBII
2006 2784 2698 2904 PAMPHILI

450 2998 739 3093 ITEM
787 3005 936 3094 DE
987 3003 1137 3097 ΕΟ
1183 3008 1519 3113 QUOD
1578 3014 1885 3104 DEUS
1936 3016 2325 3110 PATER
2390 3024 3288 3121 INCOBPORALIS
3354 3033 3627 3161 EST,

1706 3203 1939 3265 LIBER
1982 3207 2325 3280 QUINTUS

464 3514 808 3588 Quacuuque
839 3533 904 3573 ex
935 3520 1170 3589 cogitatu
1204 3500 1401 3576 debent
1432 3522 1611 3592 colligi
1664 3534 1721 3579 et
1773 3530 1971 3596 requiri
2003 3541 2044 3597 ο
2083 3530 2315 3600 fingunt,
2361 3544 2416 3588 et
2462 3551 2565 3589 non
2616 3537 2785 3593 solum
2838 3539 2891 3594 in
2928 3543 3142 3613 templis
3173 3553 3229 3599 et
3256 3546 3571 3607 simulacris
3615 3548 3671 3608 ει

395 3609 483 3667 vel
522 3612 804 3676 exhiberi,
841 3612 968 3681 quia
1013 3612 1372 3680 incorporalis
1402 3623 1483 3669 est
1532 3615 1625 3671 Dei
1667 3626 1883 3683 natura,
1922 3628 1977 3674 et

392 3702 505 3771 iam
530 3704 573 3757 si
611 3718 714 3758 non
744 3714 1006 3771 quantum
1056 3718 1144 3759 res
1195 3705 1310 3773 ipsa
1343 3707 1588 3774 deposcit
1615 3704 1749 3781 (69),
1793 3721 1971 3766 tamen

396 3802 658 3863 quantum
693 3794 761 3848 ad
794 3803 1032 3848 nostram
1063 3796 1313 3863 pervenit
1364 3798 1643 3866 virtutem,
1676 3804 1847 3870 magis
1880 3819 1978 3855 au-

399 3895 505 3941 tem
538 3895 797 3954 quantum
852 3884 1204 3940 imbecillitati
1262 3890 1435 3956 gratia
1466 3890 1708 3957 donavit,
1742 3894 1842 3946 ista
1884 3911 1979 3964 per

398 3976 595 4031 multos
624 3976 927 4044 praeteritos
956 3986 1009 4029 et
1034 3978 1392 4034 aduttavimus
1419 3981 1556 4047 dies,
1610 3992 1668 4037 et
1725 3987 1978 4038 tractavi-

398 4082 519 4121 mus
543 4068 594 4121 in
626 4082 931 4122 commune.
972 4067 1036 4121 Et
1067 4068 1112 4122 si
1144 4071 1264 4139 Quis
1297 4075 1532 4141 pervidit
1580 4086 1673 4130 aut
1714 4077 1982 4132 intellexit

395 4167 491 4212 aut
525 4160 790 4224 meminit,
838 4162 1036 4213 nullam
1088 4162 1199 4231 jam
1247 4163 1411 4219 habet
1459 4166 1853 4224 dubitationem
1914 4171 1980 4223 de

400 4250 487 4304 illa
520 4260 710 4304 natura
745 4266 849 4320 qua
879 4251 1202 4319 incorpOrali
1238 4250 1516 4310 decretum
1559 4269 1641 4313 est
1670 4275 1681 4309 :
1717 4262 1810 4314 sed
1843 4259 1979 4314 forte

399 4343 566 4398 multa
600 4342 687 4396 illa
740 4342 1049 4397 sollicitudo
1081 4359 1201 4412 quae
1241 4356 1335 4414 per
1366 4347 1637 4416 cogitatus
1688 4352 1978 4419 processit,

395 4436 463 4490 ad
496 4436 654 4490 aliam
682 4438 967 4506 quamdam
1004 4439 1369 4505 suSpiciouem
1405 4441 1690 4496 nonnullos
1726 4444 1975 4498 adducet.

396 4526 648 4582 Dicentcs
677 4530 817 4582 enim
846 4528 934 4597 qui
966 4528 1153 4581 volunt
1181 4539 1493 4598 pervertere
1524 4538 1694 4597 recta,
1730 4534 1855 4603 quia
1888 4551 1981 4588 co-

394 4622 599 4691 gitatus
624 4621 837 4690 quidem
872 4621 998 4676 boni
1047 4628 1103 4676 et
1141 4623 1292 4685 veri,
1339 4632 1396 4677 et
1436 4624 1621 4679 decori
1653 4634 1708 4679 et
1748 4628 1881 4681 recti
1914 4629 1980 4682 de

397 4712 506 4769 Deo
534 4722 658 4767 sunt
694 4724 750 4767 et
771 4715 1073 4781 habentur;
1106 4712 1404 4786 Scriptum
1434 4729 1614 4774 autem
1642 4718 1724 4773 his
1748 4720 1904 4775 bonis
1926 4730 1980 4775 et

397 4806 558 4859 rectis
580 4805 906 4873 cogitatibus
932 4821 1037 4861 non
1064 4807 1429 4873 consentiunt,
1459 4810 1553 4864 sed
1586 4810 1760 4879 magis
1790 4826 1883 4880 per
1912 4825 1973 4865 ea

2084 3622 2405 3694 imaginibus
2426 3630 2721 3700 depingunt
2740 3642 2793 3686 et
2819 3632 3069 3703 ﬁgurant,
3101 3637 3194 3692 sed
3219 3647 3275 3693 et
3298 3640 3475 3708 ipsum
3506 3658 3667 3712 quem

2084 3719 2333 3772 videntur
2369 3720 2766 3792 incorporalem
2810 3725 2990 3780 dicere
3037 3726 3229 3789 Deum.
3262 3745 3329 3784 ex
3365 3733 3538 3789 corde
3570 3737 3670 3789 tiu-

2082 3821 2267 3878 gcntes
2305 3814 2635 3882 producunt.
2688 3813 2840 3873 Unde
2886 3829 2941 3874 et
2974 3820 3020 3873 is
3059 3822 3149 3890 qui
3190 3826 3330 3893 apud
3372 3841 3472 3881 eos
3517 3840 3670 3884 actor

2083 3912 2320 3969 putatur,
2359 3907 2499 3976 apud
2530 3908 2668 3964 alios
2704 3912 2987 3965 creditur:
3014 3915 3141 3983 quia
3173 3916 3319 3970 enim
3348 3917 3396 3974 is
3435 3922 3531 3988 qui
3562 3932 3667 3983 est.

2083 4000 2297 4065 agnitus
2334 4015 2437 4053 non
2471 4011 2554 4055 est
2583 4005 2649 4056 ab
2684 4002 2871 4059 iisdem
2894 4044 2910 4071 ,
2953 4005 3091 4060 fama
3145 4020 3324 4063 autem
3368 4011 3437 4065 ad
3483 4028 3583 4068 eos
3615 4015 3665 4068 in

2083 4092 2389 4148 novissimis
2426 4098 2673 4165 pervenit
2700 4101 3032 4169 temporibus
3058 4118 3074 4168 ;
3096 4112 3273 4158 tamen
3295 4120 3363 4160 ex
3393 4108 3667 4165 auditione

2082 4181 2275 4255 Moysi,
2303 4189 2428 4255 quia
2460 4180 2659 4243 famam
2680 4192 2745 4246 de
2776 4207 2881 4247 uno
2919 4194 3046 4259 Deo,
3072 4205 3125 4249 et
3145 4196 3262 4264 ipso
3285 4197 3550 4255 Creatore
3570 4218 3665 4256 au-

2082 4278 2319 4345 dierant,
2361 4283 2452 4351 qui
2494 4284 2545 4336 in
2599 4285 2780 4339 multis
2819 4289 3058 4359 smculis‘
3084 4290 3297 4359 Opificia
3355 4292 3664 4351 intermisso

2081 4366 2342 4425 Creatore
2391 4373 2799 4443 adoraverunt;
2865 4378 3006 4433 alius
3060 4380 3205 4435 aliud
3258 4387 3662 4452 nuncupatione

2083 4460 2353 4528 suggeSsit
2379 4462 2445 4516 de
2471 4477 2537 4517 eo
2561 4476 2721 4533 quem
2749 4468 3069 4535 audierant;
3106 4473 3175 4526 ita
3204 4481 3261 4526 ut
3286 4475 3512 4544 quidam
3528 4479 3662 4532 scri-

2084 4552 2270 4605 bentes
2308 4556 2560 4623 prmcepti
2606 4558 2716 4612 sint
2741 4573 2806 4613 ex
2836 4564 3057 4617 nomine
3089 4564 3203 4619 solo
3238 4565 3537 4636 imaginem
3580 4570 3662 4625 do-

2081 4642 2341 4708 scribere,
2366 4660 2473 4699 non
2501 4647 2760 4715 hominis,
2791 4651 3038 4722 inquam,
3074 4665 3171 4711 aut
3225 4656 3458 4715 alterius
3484 4660 3660 4729 cujtw

2081 4746 2294 4803 cunque
2318 4744 2491 4791 status
2520 4737 2660 4808 (70),
2703 4741 2798 4796 sed
2846 4743 3169 4813 simpliciter
3201 4752 3656 4820 nuncupationem

2083 4841 2145 4876 ex
2167 4822 2328 4884 fama.
2349 4827 2577 4885 Necesse
2594 4832 2738 4886 enim
2757 4844 2874 4888 erat
2890 4836 3019 4891 istos
3044 4838 3135 4907 qui
3158 4837 3504 4907 Scripturam
3527 4847 3657 4916 igno-

394 4910 516 4967 φιν
548 4898 686 4951 dicta
727 4907 852 4951 sunt
899 4906 1160 4953 accusant
1199 4900 1469 4977 cogitatus
1512 4912 1673 4969 quam
1707 4914 1970 4956 commen-

2085 4915 2295 4980 rabant,
2320 4929 2528 4976 natura
2567 4933 2748 4978 autem
2782 4895 3075 4983 audierant
3110 4895 3572 5001 nuncupationem
3596 4937 3657 4988 de

393 4988 546 5044 dant.
574 4982 705 5042 Erat
725 4998 904 5043 autem
940 4990 1277 5060 propositum
1308 5002 1414 5044 non
1449 4989 1576 5060 quid
1607 4992 1837 5047 dicimus
1865 5009 1970 5047 non

394 5080 714 5148 simpliciter
754 5081 821 5135 de
862 5082 968 5135 Deo
1003 5097 1016 5133 ε
1052 5086 1179 5150 quia
1241 5094 1340 5135 nec
1391 5083 1550 5137 nobis
1597 5092 1681 5138 est
1733 5094 1973 5148 potestas

393 5172 532 5226 sicut
558 5172 849 5244 gentilibus
877 5189 941 5228 ex
981 5173 1143 5228 corde
1167 5174 1232 5229 de
1275 5170 1381 5229 Deo
1418 5176 1584 5245 loqui,
1631 5174 1726 5231 sed
1752 5177 1969 5246 qualem

394 5280 516 5319 eum
546 5266 839 5336 Scriptura:
862 5267 1231 5332 introducunt,
1253 5277 1308 5322 et
1329 5267 1541 5337 qualem
1581 5284 1639 5323 se
1673 5271 1786 5339 ipse
1813 5270 1971 5325 inter-

395 5366 659 5425 pretatur,
691 5357 848 5411 talem
881 5367 1098 5427 oportet
1126 5358 1325 5429 suscipi
1361 5367 1415 5413 et
1446 5358 1681 5413 adorari.
1731 5356 1970 5414 Gentiles

393 5445 536 5499 enim
562 5447 649 5514 qni
678 5449 858 5502 Omnia
896 5452 1011 5503 ausi
1042 5461 1187 5505 sunt.
1243 5450 1427 5504 omnia
1485 5450 1876 5518 transflgurant
1912 5462 1969 5506 et

468 5562 508 5591 “
544 5563 687 5617 Psal.
721 5578 868 5629 cxrv,
902 5565 952 5618 7.

471 5702 578 5775 (68)
614 5702 715 5775 his.
748 5705 957 5775 Laudari
990 5707 1404 5775 fornicationem.

472 5772 577 5840 (n9)
613 5772 705 5824 Ms.
744 5771 918 5826 Etam
950 5771 998 5828 εἰ
1025 5792 1123 5829 non
1152 5790 1401 5845 quanta-tt
1429 5794 1506 5832 res
1533 5795 1644 5831 tnsa
1672 5781 1921 5848 deposcit.

2080 5005 2370 5077 incognito,
2415 5012 2573 5066 aliter
2609 5024 2793 5070 autem
2835 5026 2890 5072 et
2921 5018 3149 5074 alterum
3184 5020 3351 5077 aliter
3384 5040 3451 5080 ex
3505 5026 3657 5082 corde

2081 5097 2301 5168 tingere,
2325 5104 2684 5163 aestimatione
2717 5111 2918 5181 quippe
2944 5114 3011 5168 de
3034 5128 3099 5168 eo
3122 5130 3284 5185 quem
3319 5117 3652 5187 ignorabant.

2078 5199 2133 5244 et
2152 5192 2269 5248 ideo
2288 5210 2384 5265 per
2413 5199 2592 5253 omnia
2615 5215 2965 5260 erraverunt.
2996 5204 3124 5262 Inde
3154 5218 3236 5262 est
3261 5219 3320 5262 ut
3355 5226 3464 5264 non
3494 5212 3653 5265 solum

2082 5283 2182 5338 sibi
2208 5284 2559 5344 dissentirent
2582 5292 2649 5348 de
2681 5292 2812 5362 Deo,
2842 5298 2936 5352 sed
2964 5308 3019 5353 et
3044 5299 3496 5357 adversarentur.
3538 5281 3656 5371 Qui;

2081 5375 2203 5465 dam
2243 5379 2386 5431 enim
2404 5380 2545 5465 dicit
2586 5384 2714 5454 quia
2763 5389 3035 5456 providet,
3068 5389 3203 5446 alius
3224 5395 3367 5462 quod
3396 5412 3505 5450 non
3541 5412 3652 5465 pro-

2081 5458 2242 5524 videt,
2274 5471 2328 5517 et
2367 5464 2503 5520 alius
2534 5468 2659 5537 quia
2692 5485 2861 5553 usque
2883 5475 2950 5528 ad
2977 5475 3157 5530 lunam
3188 5458 3491 5547 provideat,
3523 5458 3649 5537 alios

2155 5714 2258 5785 \70)
2292 5715 2387 5771 Ms.
2416 5690 2722 5786 cujusquam
2753 5730 2941 5775 status.
