3822 6218
138 314 268 372 “Si

918 313 1005 368 DE
1045 314 1134 370 EO
1172 312 1362 381 QUOD
1404 311 1584 369 DEUS
1623 311 1853 367 PATER
1894 309 2404 368 INCORPORALIS
2442 312 2594 368 EST.

3252 316 3390 372 11⁸32

134 438 267 508 quia
308 436 363 492 in
389 434 643 492 omnibus
669 434 939 506 providet.
972 436 1040 490 Et
1065 435 1284 505 quidam
1318 434 1452 489 dicit
1479 435 1603 504 quia
1635 434 1721 488 in—
1746 440 1792 495 Α
1820 446 2086 503 quemque
2110 431 2430 502 prophetam
2464 431 2767 486 invenimus
2788 431 3010 495 dictum,
3031 431 3177 486 Dixit
3210 430 3394 486 Domi-

136 528 442 599 corporalis
473 539 575 594 est,
622 528 760 582 alius
784 528 906 597 quia
941 542 1139 595 corpus
1164 536 1269 581 est.
1305 525 1411 579 ista
1441 538 1715 579 commen-

135 622 290 676 datio
326 620 436 692 (Ἠ)
462 619 765 690 ignorantia
805 629 889 672 est
919 633 1130 681 eorum,
1164 619 1254 687 qui
1301 618 1548 671 nesciunt
1588 616 1717 685 quid

140 711 460 781 loquuntur.
504 710 611 765 Sed
642 710 713 763 illi
762 710 980 779 quidem
1036 710 1317 771 audentes,
1348 717 1441 761 aut
1469 708 1629 762 aliter
1652 710 1719 762 de

142 806 253 859 Deo
274 807 586 869 sentientes,
602 818 791 859 omnes
806 812 1147 858 erraverunt.
1175 802 1284 857 Nec
1304 804 1447 858 enim
1469 820 1537 858 ex
1559 804 1720 859 corde

143 899 380 953 humano
408 899 549 953 Deus
576 899 801 968 produci
830 896 1037 962 debuit,
1079 897 1175 951 sed
1207 912 1235 949 a
1270 896 1379 951 Deo
1409 897 1621 951 edoceri
1654 900 1720 953 de

144 990 275 1044 Deo.
325 986 490 1042 Nobis
515 997 695 1042 autem
729 1002 953 1043 necesse
998 996 1084 1042 est
1128 1001 1193 1042 ea
1234 1002 1455 1058 surgere
1498 986 1614 1060 (72)
1665 996 1723 1042 et

143 1090 400 1146 tractare,
427 1095 547 1149 quae
577 1095 643 1133 ex
683 1079 978 1150 Scripturis
1007 1079 1299 1133 didicimus
1342 1080 1567 1145 sanctis,
1593 1079 1720 1149 quia

145 1170 502 1240 incorporalis
533 1179 614 1226 est
641 1170 801 1225 Deus.
829 1169 935 1224 Sed
962 1184 1066 1224 non
1109 1168 1306 1225 sufiicit
1345 1171 1717 1239 pronuntiare,

142 1275 323 1331 neque
352 1262 617 1315 rationem
644 1261 911 1329 cogitatus
937 1259 1109 1324 adire,
1152 1259 1247 1313 sed
1274 1260 1562 1314 ostendere
1589 1260 1719 1329 quia

144 1361 201 1405 et
237 1351 358 1421 ipsi,
401 1360 457 1405 et
495 1352 585 1419 qui
635 1352 686 1405 in
740 1350 931 1405 iisdem
979 1350 1248 1419 cogitatus
1297 1350 1585 1417 habentur,
1624 1350 1723 1421 per

141 1446 322 1499 omnia
374 1444 718 1498 consentiunt
758 1443 843 1496 his
888 1454 1011 1510 qure
1053 1439 1350 1511 Scriptura:
1398 1440 1616 1497 Veteris
1667 1450 1725 1498 et

142 1536 277 1590 Novi
299 1535 641 1591 Testamenti
677 1535 743 1588 de
770 1535 881 1590 Deo
914 1536 1267 1606 pronuntiant
1298 1552 1312 1587 :
1354 1533 1495 1589 forte
1540 1544 1720 1590 autem

141 1635 199 1682 et
239 1635 408 1681 totum
446 1624 814 1694 suspicabitur
842 1626 1083 1693 quidam,
1121 1633 1176 1679 et
1237 1624 1599 1690 corporaliter
1665 1624 1720 1679 in

146 1720 440 1791 Scripturis
492 1718 722 1789 proferri
755 1718 918 1772 Deum
971 1718 1213 1787 putabit;
1270 1716 1414 1771 forte
1463 1718 1628 1771 etiam
1670 1726 1724 1770 et

1818 541 1916 578 nus
1962 524 2030 576 ad
2073 540 2170 579 me.
2230 522 2286 576 in
2327 522 2615 597 Evangelia
2667 532 2825 578 etiam
2884 541 2900 577 :
2963 522 3245 579 De'sursum
3295 542 3395 580 τοι

1819 615 1961 683 facta
1990 615 2125 667 est"
2151 631 2165 680 ;
2194 624 2406 684 oportet
2443 616 2583 670 enim
2612 615 2901 671 immisceri
2924 632 2988 672 ea
3015 631 3134 685 qua}
3149 631 3213 671 ex
3242 615 3395 673 Novo

1819 714 1944 759 sunt
1984 705 2349 769 Testamento,
2382 704 2595 774 Veteri,
2632 720 2698 761 ne
2739 708 2931 762 iterum
2973 709 3207 762 hmretici
3240 724 3368 777 sepa

1821 806 1961 863 rent,
2001 805 2056 851 et
2092 797 2256 851 alium
2297 797 2642 852 introducant
2692 800 2883 854 Deum.
2919 801 3181 870 Adjuncta
3212 812 3396 856 autent

1822 891 1931 944 sint
1964 890 2065 944 ista
2108 906 2174 945 ex
2206 888 2508 959 Scriptura,
2545 891 2689 946 unde
2733 901 2788 947 et
2832 894 3011 946 omnia
3047 903 3191 948 mota
3225 902 3392 949 sunt:

1822 980 2051 1036 Factum
2076 993 2150 1035 est
2183 990 2359 1036 autem
2378 983 2464 1036 die
2498 984 2670 1049 tertio,
2707 1001 2825 1037 eum
2854 1001 3006 1039 mane
3028 984 3227 1055 factum
3260 986 3396 1055 [uis-

1820 1083 1918 1139 set,
1945 1086 1991 1127 et
2030 1073 2188 1143 facta:
2217 1082 2337 1127 sunt
2362 1089 2509 1127 voces
2534 1083 2581 1127 et
2610 1074 2849 1144 fulgura,
2891 1086 2938 1128 et
2975 1075 3129 1129 nubis
3164 1077 3392 1138 nimbus,

1821 1176 1868 1218 et
1915 1181 2071 1231 super
2114 1174 2343 1218 montem
2398 1161 2531 1218 Sina
2566 1181 2662 1219 vos:
2700 1168 2838 1222 (itst
2882 1167 3100 1221 canebat
3148 1167 3298 1222 ualde
3324 1168 3394 1224 ".

1825 1254 1965 1323 Ergo
1988 1262 2041 1307 et
2076 1255 2202 1308 tuba
2234 1252 2462 1307 sonabat
2490 1269 2703 1323 magna,
2743 1265 2790 1309 et
2833 1264 3073 1310 turbatus
3102 1266 3177 1310 est
3227 1258 3398 1312 omnis

1822 1344 2044 1415 populus
2067 1345 2120 1398 in
2153 1347 2365 1411 castris,
2417 1353 2467 1398 et
2516 1346 2769 1414 produxit
2816 1347 3022 1417 Moyses
3054 1348 3301 1418 populum
3344 1351 3400 1401 in

1824 1435 2025 1489 obviam
2051 1435 2162 1491 Deo
2205 1437 2269 1489 de
2309 1439 2522 1502 castris,
2559 1449 2810 1506 tanquam
2850 1456 2969 1508 jam
2996 1450 3247 1509 praesente
3289 1439 3399 1493 illic

1825 1526 1955 1593 Deo,
1987 1538 2038 1582 et
2065 1530 2333 1583 constituit
2364 1546 2451 1583 eos
2476 1531 2571 1584 sub
2602 1540 2851 1586 montem.
2885 1531 3038 1587 Mons
3067 1542 3240 1587 autem
3265 1530 3397 1587 Sina

1825 1618 2062 1686 fumabat
2088 1632 2248 1690 totus,
2285 1636 2495 1693 propter
2517 1627 2658 1695 quod
2686 1625 3035 1679 descendisset
3058 1624 3202 1679 Deus
3242 1641 3401 1694 super

1826 1726 1944 1764 eum
1974 1711 2030 1765 in
2048 1712 2241 1782 igne".
2271 1715 2327 1768 Si
2362 1715 2644 1770 descendit
2670 1724 2724 1769 et
2755 1716 2808 1771 in
2834 1726 3070 1771 montem
3094 1718 3395 1781 descendit,

145 1783 385 1882 panibus
409 1783 766 1880 οοιίιροείιυηι
796 1824 861 1864 εχ
881 1783 1177 1880 scripturis
1208 1810 1439 1878 putabit,
1463 1810 1721 1880 comgens
1759 1783 1799 1837 Β
1828 1808 1881 1854 et
1916 1804 2241 1858 ascendebat
2293 1804 2471 1859 fumus
2526 1813 2782 1874 tanquam
2840 1805 3020 1859 fumus
3054 1805 3291 1860 fornacis
3343 1816 3398 1860 et

147 1903 387 1958 membra
414 1917 535 1972 quae
564 1901 704 1956 dicta
745 1910 888 1955 sunt.
924 1901 1152 1971 Oportet
1181 1903 1345 1972 igitur
1370 1903 1603 1971 primum
1631 1918 1721 1957 su-

146 1994 476 2065 spicionem,
505 2008 609 2063 qua
647 1992 832 2046 dicunt
884 1992 934 2046 in
982 2008 1208 2062 corpore
1250 2008 1372 2048 esse
1397 1992 1587 2055 Deum,
1632 2001 1725 2045 aut

145 2099 340 2154 corpus
373 2098 516 2148 esse,
552 2082 717 2138 diseri
756 2082 891 2153 (75),
942 2092 1000 2136 ut
1054 2084 1445 2154 apparentibus
1493 2082 1725 2138 vinculis

145 2188 469 2250 agnoscatur
511 2175 797 2231 solutionis
828 2176 1248 2245 magnificentia.
1305 2174 1498 2230 Totum
1545 2177 1724 2245 itaque

147 2270 357 2324 videtur
380 2283 572 2337 corpus
588 2267 932 2321 introducere
952 2267 1230 2337 Scriptura
1247 2284 1365 2337 qua:
1388 2268 1555 2323 dicit:
1583 2268 1723 2333 Quia

145 2359 377 2414 ambulat
415 2359 469 2413 in
497 2358 745 2427 paradiso
767 2357 811 2389 ⁸³
841 2376 854 2411 :
889 2366 982 2410 aut
1011 2373 1129 2426 quae
1154 2360 1348 2414 iterum
1372 2361 1503 2415 dicit
1529 2380 1545 2415 :
1592 2354 1723 2426 Quis

144 2460 223 2505 est
250 2452 340 2521 qui
370 2450 500 2504 venit
532 2466 598 2503 ea:
623 2448 793 2504 Edam
813 2448 967 2503 “?et
992 2464 1108 2519 quae
1123 2449 1253 2504 dicit
1277 2448 1724 2520 Scripturanidi

142 2540 402 2593 sedentem
430 2555 589 2607 supra
610 2541 781 2592 sedem
797 2536 1086 2607 majestatis
1108 2554 1218 2592 sua:
1241 2538 1289 2570 “
1322 2557 1337 2593 :
1374 2548 1430 2593 et
1457 2539 1561 2593 alia
1602 2554 1726 2609 qua:

142 2630 262 2685 ait:
300 2629 459 2685 Sedes
485 2639 605 2685 sunt
630 2630 838 2698 posita’,
882 2640 928 2683 et
973 2627 1209 2684 Vetustas
1244 2632 1449 2684 dierum
1484 2633 1617 2685 sedit
1648 2633 1719 2686 ⁸⁵.

145 2723 407 2790 Quienim
430 2724 482 2777 in
512 2726 766 2793 paradiso
795 2723 1056 2788 ambulat,
1086 2732 1140 2778 et
1159 2723 1250 2793 qui
1275 2724 1421 2778 venit
1445 2740 1510 2778 ex
1530 2724 1722 2788 Edom,

145 2822 205 2869 et
236 2814 326 2885 qui
381 2821 604 2883 apparet
646 2823 705 2869 ut
742 2814 990 2885 apparuit
1025 2814 1293 2878 Ezechiel,
1342 2823 1396 2869 et
1442 2814 1536 2883 qui
1587 2815 1726 2870 sedit

143 2903 439 2957 secundum
477 2904 771 2967 Danielem,
804 2913 860 2958 et
887 2905 979 2973 qui
1020 2905 1160 2959 sedit
1182 2907 1475 2959 secundum
1503 2905 1721 2974 Isaiam,

147 2995 479 3063 corporalem
512 2996 799 3065 quamdam
836 2998 1183 3051 ambitionem
1214 2998 1452 3068 suggerit
1485 2996 1619 3070 (74).
1656 2998 1726 3053 Et

148 3086 249 3140 hoc
273 3087 487 3156 quidem
520 3089 681 3142 veluti
708 3090 773 3144 de
796 3090 941 3145 omni
969 3084 1285 3159 parentibus
1313 3099 1493 3144 autem
1520 3090 1633 3160 (75)
1666 3098 1724 3146 ut

146 3180 430 3234 videamur
460 3190 519 3236 et
545 3182 837 3252 depingere
869 3200 884 3236 :
915 3180 1068 3236 Oculi
1107 3180 1321 3235 Domini
1347 3198 1501 3252 super
1520 3183 1717 3252 justas,

142 3280 192 3322 et
214 3286 366 3324 aures
387 3271 499 3339 ejus
524 3274 592 3325 ad
624 3289 798 3339 preces
836 3289 1013 3327 eorum
1034 3273 1098 3326 “.
1143 3271 1215 3327 0s
1248 3272 1465 3328 Domini
1489 3274 1721 3330 Sabaoth

144 3361 377 3414 locutum
409 3372 480 3415 est
512 3365 615 3417 ista
639 3364 705 3427 ⁸⁷,
739 3364 945 3417 faciens
978 3362 1089 3435 (76)
1122 3364 1289 3418 Deum
1323 3364 1436 3437 (77)
1470 3374 1524 3420 et
1553 3380 1725 3421 mem-

147 3449 367 3517 bratim,
406 3463 462 3508 et
498 3462 607 3509 tota
648 3453 815 3510 facies
868 3456 991 3511 istic
1034 3456 1304 3525 descripta
1354 3466 1459 3521 est,
1504 3467 1560 3513 et
1604 3467 1726 3526 post

144 3539 260 3596 haec
302 3557 422 3610 qua:
469 3542 844 3613 insequuntur.
890 3545 1031 3600 Dicit
1059 3545 1201 3599 enim
1235 3544 1550 3616 Scriptura:
1583 3547 1725 3603 Dea:-

154 3640 271 3687 tera
308 3633 523 3687 Domini
554 3635 676 3704 fecit
700 3639 939 3691 virtutem
968 3638 1055 3692 δεῖ
1087 3645 1144 3692 et
1183 3634 1317 3692 Sede
1351 3639 1420 3691 ad
1450 3639 1725 3694 dexteram

144 3739 316 3778 ﬂeam
341 3724 408 3791 ⁸⁸,
433 3742 594 3796 quam
621 3744 734 3781 rem
765 3730 1073 3799 insequitur
1098 3744 1151 3785 et
1175 3746 1203 3784 a
1231 3730 1451 3785 sinistra
1491 3745 1628 3786 esse.
1659 3732 1725 3787 Et

147 3816 340 3870 iterum
363 3836 376 3871 :
398 3815 596 3872 Caelum
616 3820 761 3874 sedes
781 3830 858 3874 est
891 3823 1039 3887 mihi,
1067 3833 1210 3876 terra
1238 3833 1411 3877 autem
1441 3823 1725 3878 scabellum

142 3905 335 3973 pedum
362 3909 679 3964 meorum”.
709 3908 815 3965 Per
859 3910 960 3965 ista
1013 3911 1194 3980 itaque
1231 3916 1414 3967 omnia
1460 3928 1490 3967 ιι
1544 3913 1723 3984 capite

144 4010 318 4065 usque
350 3998 416 4051 ad
440 4000 603 4068 pedes
629 3999 843 4054 videtur
870 4002 1209 4056 membratim
1240 4003 1356 4057 fieri
1381 4005 1724 4075 compositio,

144 4096 406 4156 quantum
432 4090 497 4143 ad
522 4105 828 4146 sermonem
861 4103 1091 4161 spectat.
1134 4095 1405 4150 Addemus
1439 4104 1617 4149 autem
1642 4095 1726 4148 in-

142 4181 309 4236 certis
340 4181 447 4247 bis,
484 4182 664 4252 capilli
692 4185 878 4253 capitis
903 4185 1016 4254 ejus
1037 4186 1107 4240 ⁷⁷.
1156 4184 1298 4256 Ergo
1331 4197 1385 4242 et
1427 4188 1628 4257 capilli,
1669 4197 1727 4243 et

141 4274 475 4343 caputcujus
496 4285 551 4330 et
571 4277 846 4345 capilli,et
865 4279 1040 4332 adlmc
1084 4278 1314 4347 amplius
1359 4288 1620 4349 quantum
1656 4278 1724 4333 ad

140 4363 468 4420 exteriorem
518 4378 725 4436 partem
781 4372 1056 4426 invenitur
1103 4371 1512 4437 vestimentum,
1564 4371 1724 4426 modo

1819 1891 2100 1960 obstupuit
2153 1903 2297 1948 totus
2332 1893 2559 1964 populus
2590 1895 2764 1959 valde,
2820 1896 3022 1951 fiebant
3049 1896 3194 1950 enim
3236 1912 3398 1952 voces

1824 1983 1963 2036 tubae
1989 1984 2318 2051 prodeuntes
2352 1984 2681 2051 fortissime;
2721 1986 2873 2042 valde
2899 1986 3111 2059 Moyses
3140 1988 3399 2058 loqueba-

1825 2082 1929 2137 tur,
1964 2083 2018 2128 et
2044 2076 2183 2130 Deus
2213 2078 2571 2147 respondebat
2596 2078 2646 2132 ei
2687 2093 2847 2132 voce:
2877 2090 2931 2134 et
2960 2079 3241 2134 descendit
3300 2080 3399 2135 Do-

1823 2167 2002 2221 minus
2055 2168 2108 2220 in
2148 2178 2328 2222 monte
2362 2169 2490 2223 Sina
2549 2184 2711 2239 super
2766 2186 3025 2226 cacumen
3065 2172 3298 2237 montis,
3342 2180 3401 2228 et

1825 2259 2035 2312 vocavit
2083 2260 2339 2314 Dominus
2390 2259 2607 2331 Moysen
2653 2262 2705 2315 in
2754 2262 3035 2318 cacumine
3081 2263 3301 2329 montis,
3344 2273 3402 2319 et

1823 2350 2063 2404 ascendit
2090 2349 2322 2421 Moyses,
2351 2360 2405 2405 et
2429 2351 2564 2405 dixit
2586 2352 2724 2407 Deus
2761 2354 2827 2408 ad
2866 2352 3105 2425 Moysen.
3132 2354 3259 2411 llzec
3280 2356 3401 2428 qui.

1825 2443 1943 2497 dem
1977 2442 2044 2496 de
2081 2458 2144 2497 eo
2173 2444 2217 2498 si
2249 2443 2545 2509 descendit,
2576 2454 2626 2499 et
2659 2445 2703 2499 si
2726 2446 2960 2512 videtur,
2992 2456 3048 2502 et
3096 2447 3141 2503 si
3177 2449 3402 2503 vocibus

1824 2533 2064 2602 loquitur
2096 2534 2254 2598 Dens,
2294 2545 2349 2591 et
2382 2536 2426 2589 si
2460 2538 2603 2591 tubae
2642 2537 2905 2601 aderant,
2952 2547 3009 2593 et
3050 2538 3097 2593 si
3137 2540 3189 2594 in
3219 2540 3399 2611 ignem

1824 2626 2127 2692 descendit,
2167 2628 2297 2696 quid
2338 2627 2441 2684 sibi
2504 2628 2618 2682 vult
2661 2627 2881 2684 fumus?
2911 2630 3051 2686 Sunt
3097 2641 3278 2686 autem
3333 2647 3403 2689 ex

1825 2720 2175 2789 sequentibus
2213 2721 2331 2775 aliae
2362 2721 2688 2790 quastiones
2725 2736 2739 2774 :
2781 2724 2877 2777 sed
2916 2720 3053 2779 bene
3087 2734 3169 2779 est
3200 2727 3403 2782 sensim

1826 2808 2085 2863 accedere
2118 2810 2186 2864 ad
2217 2809 2517 2880 proposita.
2551 2808 2618 2864 Et
2645 2811 2783 2866 sicut
2808 2812 2862 2866 bi
2889 2812 2980 2882 qui
3022 2814 3294 2869 aedificare
3310 2816 3404 2870 de-

1824 2900 2087 2965 siderant,
2119 2910 2175 2956 et
2216 2902 2425 2971 lapides
2456 2904 2755 2960 transferre
2793 2906 3040 2974 cupiunt,
3078 2908 3123 2960 si
3160 2905 3405 2976 singulos

1826 2992 2229 3061 transtulerint,
2279 2993 2479 3051 multos
2529 3005 2785 3065 poterunt
2812 2996 3052 3052 adunare
3085 2998 3171 3053 :si
3217 3006 3401 3053 autem

1749 3122 1793 3182 ο
1829 3083 2025 3138 multos
2052 3084 2211 3139 simul
2244 3084 2579 3153 levaVerint,
2617 3101 2716 3141 nec
2756 3088 2974 3157 quidem
3014 3103 3177 3142 unum
3222 3087 3406 3143 levare

1825 3183 2080 3243 poterunt
2117 3193 2132 3231 :
2173 3177 2244 3231 ita
2302 3187 2355 3232 et
2395 3193 2495 3233 nos
2544 3178 2801 3246 interim;
2859 3179 3034 3247 prima
3072 3184 3219 3235 enim
3258 3181 3405 3236 dicta

1824 3267 2150 3337 intercipere
2193 3268 2352 3325 facile
2400 3271 2612 3326 videtur
2664 3271 3018 3339 audentibus;
3048 3270 3250 3328 timidis
3307 3286 3398 3327 au-

1826 3368 1934 3413 tem
1974 3358 2207 3415 difﬁcile.
2260 3361 2316 3415 Si
2367 3361 2511 3415 enim
2570 3362 2800 3418 voluerit
2843 3364 2966 3433 quis
2997 3364 3198 3429 dicere,
3254 3362 3406 3420 locu-

1826 3459 1912 3504 tus
1942 3459 2052 3513 est,
2100 3466 2207 3505 non
2259 3460 2343 3505 est
2388 3450 2598 3507 locutus
2632 3470 2644 3505 :
2676 3467 2801 3518 vox,
2859 3469 2964 3508 non
3017 3469 3162 3520 vox;
3200 3452 3403 3522 facies,

1824 3557 1931 3596 non
1985 3540 2201 3607 facies;
2249 3542 2567 3611 simpliciter
2619 3544 2834 3599 videtur
2882 3544 3038 3599 facile
3081 3546 3209 3616 quid
3270 3562 3402 3617 ope-

1826 3633 1958 3701 rari,
1993 3634 2257 3689 audenter
2317 3646 2497 3691 autem
2547 3646 2825 3703 operatur.
2882 3637 2989 3691 Sed
3017 3648 3227 3708 oportet
3259 3655 3405 3697 nunc

1824 3726 1894 3780 ab
1940 3726 2053 3794 ipsa
2111 3726 2396 3797 Scriptura
2435 3730 2685 3797 accipere
2746 3727 3042 3784 solutiones
3074 3770 3090 3795 ,
3139 3740 3196 3784 et
3220 3742 3405 3786 osten-

1831 3818 1960 3872 dere
2012 3819 2137 3887 quia
2186 3819 2302 3873 ista:
2357 3834 2519 3874 voces
2577 3821 2650 3874 ita
2690 3821 2906 3890 quidem
2963 3821 3251 3885 dicuntur,
3291 3840 3402 3878 non

1826 3906 1900 3961 ita
1935 3917 2114 3962 autem
2140 3908 2336 3963 debent
2365 3909 2614 3979 intelligi.
2656 3910 2711 3964 ln
2755 3911 2887 3981 ipsis
2927 3911 3070 3966 enim
3103 3913 3403 3984 iisdemque

1826 4000 2172 4057 sermonibus
2222 4002 2397 4070 primo
2424 4002 2650 4057 exhibet
2684 4004 3087 4072 necessitatem,
3135 4006 3204 4061 ob
3238 4021 3401 4075 quam

1828 4092 1899 4146 ita
1932 4093 2181 4163 apparuit
2205 4093 2365 4149 Deus.
2392 4093 2531 4150 Dicit
2553 4097 2695 4150 enim
2719 4117 2731 4151 :
2753 4095 2889 4152 Ecce
2910 4115 3001 4170 ego
3031 4100 3175 4153 venio
3191 4099 3261 4152 ad
3286 4100 3404 4153 tein

1827 4183 2071 4239 columna
2099 4187 2272 4251 nubis,
2302 4196 2359 4239 ut
2388 4189 2571 4242 audiat
2607 4190 2833 4259 papulus
2871 4189 3162 4261 loquentem
3207 4208 3289 4245 me
3335 4193 3405 4245 ad

1828 4287 1897 4340 te,
1939 4286 1988 4330 et
2015 4279 2231 4331 credant
2264 4280 2358 4332 tibi
2400 4281 2458 4334 in
2503 4284 2877 4350 sempiternum
2900 4283 2966 4335 ⁷⁸.
3002 4283 3070 4337 Et
3115 4284 3309 4338 iterum
3339 4286 3405 4337 ad

1828 4370 2083 4444 populum
2131 4372 2306 4428 dicit:
2347 4371 2454 4427 Vos
2495 4374 2720 4440 vidistis,
2752 4376 2875 4446 quia
2908 4377 2972 4429 de
3029 4376 3154 4429 caelo
3200 4376 3406 4431 locutus

140 4454 363 4523 quidem
398 4459 641 4525 rubrum,
672 4461 831 4515 modo
881 4471 1061 4515 autem
1111 4461 1311 4516 album.
1367 4461 1424 4515 Si
1476 4461 1641 4531 igitur
1667 4471 1722 4517 et
1748 4466 1804 4528 D
1825 4479 1941 4517 sum
1965 4463 2106 4516 vobis
2135 4462 2201 4516 ⁷⁷.
2228 4462 2293 4517 Et
2323 4474 2475 4517 certe
2505 4479 2571 4518 ex
2605 4473 2785 4519 monte
2805 4464 3253 4533 Sina.Quomodo
3274 4483 3406 4535 ergo

140 4545 528 4603 vestimentum
555 4550 701 4605 circa
748 4551 947 4620 ipsum,
992 4552 1222 4621 quaestio
1252 4559 1335 4607 est
1381 4561 1437 4606 et
1469 4553 1534 4606 de
1564 4552 1722 4607 indu-

140 4646 352 4700 mento,
393 4645 570 4693 utrum
594 4640 784 4695 vivens
828 4641 1075 4712 quaedam
1121 4653 1314 4698 natura
1356 4650 1439 4698 est
1467 4652 1522 4697 et
1553 4644 1719 4714 vesti-

138 4738 408 4795 mentum,
447 4738 539 4784 aut
563 4732 833 4799 quomodo
882 4732 992 4787 illic
1042 4734 1419 4788 vestimentum
1452 4735 1717 4800 habetur;

134 4829 197 4873 et
217 4833 551 4890 quaecunque
573 4824 1008 4889 convenerimus,
1042 4834 1098 4879 ut
1131 4827 1197 4879 de
1228 4826 1546 4880 indumento
1570 4826 1720 4880 dica-

137 4924 267 4964 mus
294 4921 507 4981 oportet
536 4915 763 4971 moveri.
790 4914 858 4970 Et
887 4919 1081 4971 iterum
1114 4932 1128 4969 :
1160 4918 1205 4972 si
1231 4928 1349 4971 “vos:
1388 4916 1604 4969 Domini
1627 4916 1714 4983 [e-

134 5000 238 5066 cit,
266 5000 310 5054 si
342 5018 441 5055 vos:
465 5002 673 5057 Domini
711 5007 768 5059 in
797 5007 984 5061 virtute
1011 5007 1078 5075 "',
1111 5016 1166 5062 et
1213 5023 1319 5063 vox
1355 5007 1567 5061 Domini
1607 5006 1716 5062 fre-

134 5101 374 5159 quenter
405 5093 459 5147 in
489 5094 580 5150 illo
610 5095 818 5164 psalmo
851 5098 1069 5163 dicitur,
1104 5108 1157 5152 et
1181 5100 1476 5154 secundum
1517 5114 1714 5152 unum-

214 5253 262 5285 “
291 5252 429 5309 Gen.
457 5271 542 5319 ιιι,
570 5258 624 5310 8.
726 5256 773 5289 ⁸⁸
796 5257 898 5312 lsa.
935 5276 1087 5325 LXIII,
1124 5261 1175 5314 1.

134 5324 186 5354 ⁸⁸
225 5326 366 5378 Psal.
396 5339 563 5389 cxvu,
606 5326 692 5381 16.
788 5329 833 5361 ⁶⁹
863 5328 1005 5384 Psal.
1029 5324 1138 5393 clx,
1168 5334 1215 5385 1.

130 5393 185 5426 ⁷⁸
217 5394 389 5448 Exod.
424 5412 540 5460 xxx,
574 5397 660 5451 16.
734 5398 779 5430 ’⁷⁵
803 5399 931 5455 ibid.
967 5402 1054 5468 17,
1085 5400 1172 5456 18.

1280 5261 1326 5292 ⁸⁸
1359 5261 1460 5316 lsa.
1486 5262 1639 5325 v1.1.

211 5552 331 5627 (.7!)
366 5552 781 5627 Qammendatio-
807 5558 990 5627 Forte,
1021 5565 1411 5620 commentatio.

239 5624 331 5700 7?)
364 5624 445 5700 Ea
474 5644 705 5700 surgere.
736 5629 917 5695 Forte,
951 5624 1248 5700 exsurgere.

235 5695 330 5765 73;)
369 5695 633 5750 DiseriJF
638 5709 776 5763 orte,
801 5701 989 5753 disseri
1017 5695 1328 5763 vel'deseri.

237 5763 328 5835 74)
350 5766 727 5838 Περιγραφήν,
748 5773 1017 5829 ambitum.

464 5863 738 5938 Ρῃιιοι.
786 5863 907 5928 Gn.
956 5865 1185 5928 XXIV.

1746 5261 1793 5293 ⁸⁵
1830 5262 1963 5317 Dan.
2005 5280 2099 5327 vn,
2141 5264 2196 5319 9.

1308 5333 1354 5363 ⁷ο
1386 5334 1485 5386 lsa.
1521 5346 1672 5396 vat,
1700 5332 1751 5385 1.

1273 5403 1319 5433 ⁷⁶
1343 5402 1510 5458 Exod.
1539 5418 1649 5469 six,
1687 5404 1739 5457 9.
1816 5403 1864 5435 '”
1887 5402 2058 5459 Exod.
2094 5421 2188 5471 xx,
2221 5404 2311 5459 22.
2390 5406 2434 5438 ⁷⁸
2463 5408 2595 5461 ibid.
2623 5409 2679 5464 4.

1829 4562 2007 4623 potest
2031 4552 2148 4607 ficri
2180 4553 2247 4607 de
2272 4554 2413 4607 coelo
2456 4562 2510 4608 et
2558 4555 2623 4608 de
2654 4564 2838 4609 monte
2868 4555 2997 4609 Sina
3029 4557 3232 4611 simul?
3260 4556 3408 4612 Vidt-
3446 4552 3449 4555 ’

1827 4647 1944 4710 stis,
1976 4645 2171 4714 inquit,
2205 4648 2327 4716 quia
2372 4647 2437 4699 de
2474 4646 2602 4700 caelo
2635 4646 2840 4703 locutus
2870 4664 2987 4701 sum
3034 4651 3195 4703 vobis.
3226 4648 3408 4705 Nolite

1827 4738 1969 4791 vobis
2025 4739 2197 4804 (acere
2252 4738 2649 4792 similitudinem
2709 4740 2941 4795 omnium
2996 4757 3116 4810 qua:
3168 4753 3289 4796 sunt
3350 4744 3408 4796 in

1829 4836 1967 4880 terra
1992 4826 2059 4885 ⁷⁸.
2095 4828 2163 4883 Ει
2194 4838 2343 4882 certe
2374 4829 2416 4881 si
2444 4829 2746 4886 similitudo
2788 4840 2907 4886 erat
2946 4833 3036 4901 qui
3087 4836 3403 4903 apparebat,

1826 4916 2088 4972 deberent
2112 4918 2354 4971 videntes
2385 4920 2559 4985 magis
2588 4920 2779 4975 adduci
2814 4923 2881 4977 ad
2908 4923 3077 4996 ipsius
3104 4924 3409 4979 similitudi-

1820 5022 1965 5061 nem.
1987 5006 2043 5063 Si
2074 5020 2252 5064 autem
2284 5010 2445 5065 dicit:
2470 5012 2543 5065 De
2566 5016 2693 5067 coelo
2726 5013 2930 5068 locutus
2963 5012 3080 5073 sum
3106 5017 3283 5083 vobis,
3315 5018 3403 5085 qui

1821 5099 2020 5154 dicitur
2055 5101 2181 5170 quia
2230 5103 2297 5156 de
2335 5113 2516 5158 monte
2565 5104 2693 5159 Sina
2735 5122 2747 5156 :
2789 5106 3133 5162 manifestum
3158 5119 3241 5163 est
3280 5109 3405 5179 quia

2299 5264 2343 5296 ⁸⁸
2372 5264 2511 5320 Psal.
2555 5282 2746 5333 χχχιιι,
2792 5267 2879 5322 16.

2336 5336 2380 5366 ⁷³
2405 5336 2545 5390 Psal.
2588 5353 2778 5402 xxvnt,
2813 5340 2869 5392 4.

3004 5266 3047 5298 ⁸⁷
3085 5266 3185 5322 lsa.
3233 5282 3273 5331 l,
3309 5267 3402 5323 ΞΟ.

1839 5334 1884 5365 ⁷⁷
1911 5334 2044 5387 Dan.
2069 5351 2162 5399 vn,
2193 5335 2246 5388 9.
2336 5336 2380 5366 ⁷³
2405 5336 2545 5390 Psal.
2588 5353 2778 5401 xxvnt,
2813 5340 2869 5392 4.
2973 5340 3018 5369 ⁷³
3044 5337 3176 5392 an.
3200 5355 3283 5401 ιιι,
3310 5339 3401 5393 93.

1826 5644 1843 5687 ι
1898 5562 2010 5633 (⁷⁵)
2043 5562 2204 5620 Forte
2236 5566 2315 5621 sic
2344 5568 2628 5638 legendum
2652 5610 2668 5635 ,
2705 5570 2771 5622 de
2808 5569 2951 5621 omni
2980 5584 2999 5622 :
3033 5568 3273 5637 partibus
3304 5583 3405 5621 au-

1847 5649 1947 5687 em.

1847 5649 1947 5688 em.

1917 5702 2011 5777 ἰᾷ)
2041 5702 2140 5777 bis.
2182 5717 2299 5777 est.
2330 5706 2443 5764 Ista
2474 5709 2636 5777 {acies
2668 5708 2879 5764 Domini
2903 5719 2951 5764 et
2982 5708 3329 5764 memoratim.

1917 5706 2011 5770 ~76)
2041 5706 2140 5759 Ms.
2182 5717 2287 5762 est.
2330 5706 2443 5764 Ista
2474 5709 2622 5777 {aciei

1898 5706 2016 5843 in)
2044 5774 2232 5831 Deum.
2258 5776 2357 5833 Ms.
2394 5778 2622 5836 Domini.

3015 5874 3085 5934 37
