3822 6218
430 307 564 362 1165

1100 299 1368 359 EUSEBll
1405 298 1883 358 CESARIENSIS
1922 297 2070 357 OPP.
2115 297 2293 355 PARS
2329 297 2422 355 IV.
2462 329 2532 339 —-
2572 297 2991 357 DOGMATQCA.

3554 303 3681 360 ΗΜ

426 420 775 476 ambitionem
813 420 924 492 (78)
973 421 1277 490 praesentia:
1303 436 1412 475 sua:
1441 419 1682 475 ostendit
1713 421 1764 474 in
1798 430 1998 483 monte,
2031 427 2077 483 Α
2105 419 2403 489 prophetiae
2436 418 2599 473 facta:
2647 428 2776 474 sunt
2801 433 2830 472 a
2859 419 2968 473 Deo
2993 416 3418 486 praenuntiantes
3455 419 3678 488 captivi-

425 514 540 583 ipse
564 523 744 568 autem
778 514 830 566 in
855 528 950 567 sua
983 513 1236 567 manebat
1277 515 1577 583 majestate.
1605 512 1714 566 Cur
1743 523 1924 568 autem
1952 521 2007 566 et

423 625 452 661 a
486 620 668 662 monte
703 608 830 661 Sina
859 619 1081 678 apparet
1136 607 1226 677 qui
1283 607 1349 660 de
1381 605 1522 661 caelo
1546 647 1560 670 ,
1591 604 1672 659 Ne
1703 605 2002 671 timueritis,

424 701 621 770 inquit,
657 702 780 770 quia
822 709 1024 754 lentare
1060 716 1145 753 vos
1170 699 1303 752 venit
1328 698 1486 760 Deus,
1510 707 1566 750 ut
1590 698 1657 751 sit
1692 699 1849 750 timor
1889 697 2004 766 ejus

424 791 478 844 in
505 791 644 844 vobis
665 791 711 822 ⁷⁸
735 791 757 844 ?
785 790 900 844 Non
925 804 1057 859 ergo
1090 798 1279 843 natura
1309 797 1393 843 est
1421 804 1538 856 qua:
1567 788 1886 856 apparebat,
1911 785 2005 840 sed

424 882 759 952 dispensatio
793 897 912 947 quae
943 881 1270 935 adducebat.
1324 879 1458 946 Quia
1507 879 1649 932 enim
1705 877 2008 931 audacissi-

425 993 545 1032 mus
569 983 685 1032 erat
709 974 962 1044 populus,
991 974 1118 1042 quia
1153 988 1368 1042 semper
1398 972 1623 1025 declivis
1665 971 1731 1024 ad
1777 969 2006 1025 idolola-

425 1069 582 1122 triam
603 1069 931 1134 habebatur;
962 1068 1088 1137 quia
1105 1068 1249 1121 enim
1268 1067 1487 1120 humilis
1505 1076 1644 1130 erat,
1661 1075 1714 1120 et
1731 1067 2005 1121 desidera-

420 1161 620 1230 batper
637 1177 824 1214 manus
839 1162 1151 1228 contingere
1170 1162 1360 1222 Demn,
1391 1170 1442 1213 et
1461 1175 1554 1229 per
1568 1161 1752 1214 oculos
1775 1161 1955 1214 videre
1985 1178 1998 1214 :

421 1253 548 1319 quia
574 1252 717 1304 enim
750 1251 870 1306 talis
891 1251 1272 1318 eratpopulus,
1308 1250 1614 1304 misericors
1645 1260 1826 1304 autem
1863 1249 2002 1304 Deus

420 1352 476 1397 et
492 1344 660 1396 bonus
678 1343 804 1397 facit
819 1343 895 1398 eis
909 1345 1175 1406 timorem,
1192 1344 1280 1411 qui
1297 1358 1395 1397 nec
1413 1354 1531 1412 post
1545 1343 1788 1397 timorem
1814 1345 2003 1397 timue-

421 1443 567 1490 runt.
582 1434 810 1487 etdicit:
831 1433 968 1499 Quia
984 1434 1030 1487 si
1045 1434 1159 1501 quis
1178 1434 1690 1503 appropinquarerit,
1715 1442 2004 1486 mortemo-

419 1524 589 1578 rietur
614 1525 680 1578 ⁸ο.
716 1526 782 1578 Ει
812 1537 957 1580 certe
983 1541 1113 1580 oves
1158 1535 1314 1579 erant
1356 1513 1466 1580 illic
1501 1537 1625 1579 ante
1652 1527 1772 1588 hoc,
1804 1535 1858 1580 et
1891 1541 1998 1581 non

419 1629 544 1672 sunt
580 1627 826 1674 mortuae.
864 1618 1075 1689 Moyses
1118 1619 1260 1671 enim
1295 1619 1402 1672 illic
1430 1620 1599 1688 pavit,
1635 1617 1848 1688 Moyses
1883 1627 2000 1672 erat

417 1707 531 1762 illic
557 1719 612 1762 ut
642 1717 844 1778 pastor,
891 1724 988 1764 nec
1034 1709 1162 1762 dum
1200 1718 1282 1762 est
1340 1707 1622 1777 propheta,
1659 1719 1712 1762 et
1759 1725 1862 1763 non
1913 1720 1997 1764 est

2109 520 2276 566 tatem
2300 512 2476 580 populi
2509 527 2629 582 quae
2659 527 2756 579 per
2789 527 2911 566 eum
2956 511 3099 566 facta
3147 511 3400 578 videtur,
3441 527 3574 566 vasa
3605 526 3684 566 sa-

2106 605 2402 658 cerdotalia
2435 604 2734 672 accipiens,
2770 613 2826 658 et
2859 607 2960 659 hoc
2987 607 3256 674 superbus
3291 615 3346 658 et
3366 615 3610 668 erectus,
3636 614 3684 658 et

2106 695 2212 748 alta
2238 697 2502 766 cogitans,
2535 705 2594 750 ut
2620 697 2881 766 propheta
2908 697 2975 750 de
3003 711 3070 750 eo
3099 695 3306 749 diceret
3343 713 3357 750 :
3401 695 3482 748 Tu
3506 696 3682 748 dixisti

2104 788 2159 842 in
2187 790 2340 842 corde
2373 801 2486 852 tuo,
2515 790 2594 841 Ad
2616 788 2768 842 caelos
2799 790 3106 851 ascendam,
3126 804 3285 856 supra
3316 788 3480 840 nubes
3497 795 3682 854 ponant

2107 882 2278 934 sedem
2312 897 2501 946 meam,
2537 894 2582 934 et
2616 880 2801 934 sedebo
2830 897 2993 946 supra
3030 889 3230 932 montes
3275 879 3569 932 altissimos
3619 882 3679 929 ad

2105 975 2423 1042 aquilonem,
2456 983 2502 1026 et
2529 991 2618 1028 ero
2643 975 2832 1027 similis
2849 974 3128 1026 Altissimo
3157 973 3202 1004 ⁸³
3228 987 3244 1026 :
3273 974 3399 1042 quia
3442 974 3570 1026 talia
3609 988 3682 1025 sa-

2104 1067 2307 1136 piebat,
2342 1077 2393 1120 et
2429 1067 2554 1120 talia
2590 1067 2934 1135 loquebatur,
2987 1076 3042 1120 et
3076 1066 3203 1119 talia
3238 1065 3536 1134 cogitabat,
3587 1066 3681 1119 iste

2104 1159 2380 1228 accipiens
2411 1160 2766 1213 sacerdotalia
2788 1174 2914 1213 vasa
2944 1175 3047 1212 non
3077 1169 3159 1212 est
3187 1174 3348 1213 ausus
3369 1159 3444 1212 uti
3469 1158 3678 1222 iisdem,

2103 1251 2198 1305 sed
2230 1263 2486 1320 tanquam
2540 1252 2590 1305 in
2637 1251 2848 1305 ratione
2899 1252 3122 1305 honoris
3156 1252 3334 1318 posuit
3364 1253 3414 1304 in
3435 1251 3678 1323 _tcmplis,

2103 1325 2556 1398 nonconsecrans
2584 1343 2759 1407 idolis,
2782 1345 2922 1397 sicut
2947 1359 3066 1412 quae
3089 1343 3448 1411 insequuntur
3465 1344 3681 1396 dentom

2102 1443 2298 1494 strant.
2332 1436 2424 1490 sed
2461 1449 2721 1489 recusans
2744 1435 2887 1488 vasis
2917 1436 2991 1488 uti
3026 1434 3354 1488 divinis.lsti
3383 1436 3679 1487 succedens

2101 1527 2243 1582 ﬁlius
2269 1529 2386 1594 ejus
2414 1528 2465 1580 in
2503 1542 2688 1597 regno,
2738 1544 2842 1583 non
2886 1529 2933 1581 ei
2987 1528 3254 1582 successit
3297 1535 3354 1580 et
3380 1527 3675 1580 secundum

2099 1620 2260 1675 istum
2297 1621 2584 1685 honorem,
2616 1621 2710 1674 sed
2739 1622 3005 1674 innovans
3039 1628 3361 1690 potestatem
3399 1620 3552 1688 regni
3575 1618 3674 1682 sui,

2099 1712 2306 1782 profert
2338 1728 2463 1768 vasa
2485 1713 2868 1777 sacerdotalia,
2891 1721 2946 1768 et
2977 1713 3113 1767 bibit
3163 1712 3216 1764 in
3254 1712 3408 1780 ipsis.
3449 1712 3515 1764 Et
3555 1710 3676 1780 quia

417 1810 687 1854 mUI'lUUS-
720 1801 913 1869 Utique
943 1809 997 1854 ει
1043 1800 1130 1854 a'ii
1180 1809 1305 1854 Mle
1350 1799 1569 1869 Moysen
1597 1817 1611 1865 ἲ
1648 1801 1740 1855 sed
1769 1813 1990 1870 propter
2023 1798 2063 1851 Β
2092 1806 2205 1875 ipse
2231 1815 2284 1860 et
2314 1807 2394 1861 sui
2428 1806 2567 1860 male
2595 1809 2960 1861 extenderunt
2995 1822 3188 1861 manus
3226 1822 3354 1861 suas
3391 1806 3458 1858 ad
3518 1820 3673 1868 vasa,

414 1899 726 1960 adventum,
755 1896 877 1964 quis
900 1895 1051 1961 dicit,
1084 1895 1173 1948 Dei
1209 1895 1364 1960 dixit,
1407 1896 1533 1964 quia
1564 1895 1609 1948 si
1641 1896 1762 1966 quis
1798 1912 1996 1966 appro-

417 1989 764 2058 pinquaverit
792 1989 1074 2044 morietur.
1115 1990 1305 2044 Nonne
1361 1991 1532 2058 magis
1561 1991 1782 2045 deberet
1813 1993 1995 2045 vivere

414 2082 508 2151 qui
544 2083 937 2151 apprOpiuquat
971 2083 1219 2137 adventui
1270 2082 1362 2136 Dei
1400 2082 1423 2135 ?
1455 2084 1560 2137 Sed
1616 2092 1824 2139 terrere
1880 2085 1994 2140 vult

410 2172 666 2242 populum
727 2174 1026 2238 audacem;
1072 2174 1210 2229 unde
1255 2183 1309 2228 et
1362 2173 1500 2229 tubae
1559 2187 1749 2230 sonant
1795 2191 1991 2231 canen-

414 2264 567 2317 tium.
619 2263 755 2330 Quid
820 2265 962 2317 enim
1020 2281 1270 2336 maguum
1333 2276 1416 2322 est
1473 2269 1582 2322 Deo
1639 2279 1990 2337 Operamenla

411 2369 601 2409 creare
635 2355 700 2408 ad
732 2355 1037 2410 istiusmodi
1081 2357 1485 2423 necessitatem,
1524 2368 1615 2412 aut
1663 2359 1783 2413 sine
1841 2361 1986 2415 tubis

411 2461 602 2502 sonum
628 2448 785 2501 talem
819 2449 1106 2503 emittere?
1141 2448 1253 2503 Non
1285 2449 1352 2503 ab
1384 2464 1442 2504 re
1489 2460 1670 2504 autem
1724 2460 1806 2504 est
1837 2467 1987 2520 quae-

411 2541 534 2592 dam
571 2555 635 2595 ex
666 2539 885 2594 Daniele
909 2556 1203 2611 apponere,
1234 2543 1326 2596 sed
1359 2552 1413 2597 et
1446 2544 1983 2612 opportunissimum.

410 2633 545 2702 Quia
579 2637 724 2690 enim
755 2635 993 2689 diximus
1036 2635 1160 2703 qnia
1199 2649 1304 2687 non
1338 2645 1459 2688 erat
1509 2637 1846 2703 impossibile
1876 2638 1985 2692 Deo

409 2727 568 2782 tubas
597 2742 804 2791 creare,
828 2737 920 2781 aut
945 2727 1062 2782 sine
1087 2726 1228 2782 tubis
1245 2742 1434 2782 sonum
1469 2728 1644 2781 audiri
1675 2749 1686 2782 :
1723 2729 1982 2796 scriptmn

405 2819 548 2889 apud
584 2820 859 2875 Danielem
893 2829 998 2884 est,
1039 2821 1187 2889 quia,
1215 2819 1407 2874 Manus
1439 2822 1676 2890 ingressa
1713 2820 1826 2874 sola
1852 2822 1980 2874 scri-

407 2913 558 2966 bebat
585 2914 637 2965 in
672 2913 866 2983 pariete
890 2913 956 2967 ⁸¹.
997 2912 1100 2966 Ista
1130 2928 1320 2967 manus
1349 2912 1492 2968 Deus
1520 2922 1622 2977 est,
1663 2923 1756 2966 aut
1804 2913 1981 2984 angeli

351 3057 357 3065 ,
405 3005 596 3060 incisio
622 3005 739 3060 est?
794 3004 899 3059 Sed
949 3006 1074 3073 quia
1127 3004 1350 3059 deberet
1405 3005 1576 3058 videri
1614 3021 1717 3058 non
1767 3015 1978 3069 tenens,

406 3097 544 3152 forte
599 3107 774 3153 autem
822 3111 921 3151 nec
948 3106 1310 3150 atramentum
1355 3097 1618 3163 bajnlans,
1653 3113 1828 3166 neque
1873 3099 1979 3153 alio

2097 1897 2220 1965 quia
2253 1897 2394 1950 enim
2428 1899 2680 1951 manibus
2716 1898 3011 1966 tetigerunt
3044 1912 3106 1951 ea
3134 1912 3254 1966 quae
3301 1897 3384 1951 eis
3413 1912 3521 1951 non
3551 1911 3675 1949 con-

2095 1988 2404 2057 tingebant;
2442 2003 2638 2043 manus
2691 2005 2788 2058 pro
2845 2006 3009 2042 manu
3055 1991 3243 2044 exiens
3283 1992 3672 2060 scripsitjnxta

2091 2079 2388 2144 lucernam,
2420 2082 2591 2150 utqui
2631 2081 2862 2135 aderant
2896 2083 3146 2136 homines
3169 2083 3415 2136 viderent
3452 2093 3672 2138 senten-

2093 2171 2242 2224 tiam.
2274 2171 2404 2237 Qua:
2434 2187 2565 2241 ergo
2595 2182 2679 2226 est
2709 2188 2903 2226 manus
2929 2173 3054 2226 illa?
3084 2172 3198 2227 Non
3234 2189 3460 2243 corpus,
3502 2189 3674 2244 neque

2089 2275 2152 2314 ex
2186 2276 2411 2330 corpore
2450 2263 2667 2327 incisio,
2713 2265 2807 2318 sed
2849 2263 3135 2319 elIicientia
3179 2267 3244 2320 ad
3279 2267 3547 2322 visionem
3579 2282 3672 2324 ve-

2091 2339 2267 2418 niens,
2295 2363 2354 2406 ut
2383 2366 2768 2425 agnosceretur
2797 2357 3066 2410 sententia
3117 2359 3450 2416 invisibihis.
3497 2358 3672 2413 Suffe-

2089 2456 2235 2499 cerat
2260 2456 2439 2501 autem
2481 2457 2535 2501 et
2567 2463 2756 2503 manus
2779 2450 3068 2504 ostendere
3101 2453 3380 2516 virtutem,
3410 2461 3466 2505 et
3501 2453 3670 2506 inter-

2088 2539 2290 2606 pretari
2322 2540 2708 2604 obscuritates,
2757 2541 2970 2595 solvere
3002 2542 3397 2607 dubitationes,
3435 2546 3532 2598 sed
3565 2560 3670 2599 non

2086 2639 2168 2683 est
2214 2646 2414 2699 egenus
2475 2631 2646 2689 dives.
2702 2633 3010 2702 Invenimus
3059 2634 3203 2688 enim
3261 2637 3314 2688 in
3367 2636 3670 2706 Scripturis

2086 2731 2140 2776 et
2173 2721 2311 2776 forte
2337 2722 2528 2785 multa,
2568 2739 2690 2793 quae
2721 2738 2778 2778 ut
2803 2725 3134 2793 quaestiones
3167 2735 3326 2781 motze
3359 2739 3514 2795 sunt,
3548 2744 3677 2798 pos-

2084 2824 2207 2868 sunt
2238 2815 2394 2870 nobis
2417 2817 2482 2868 ad
2503 2815 2825 2870 solutionem
2853 2818 3130 2887 prodesse.
3163 2819 3425 2877 Novimus
3449 2825 3598 2878 enim
3617 2836 3670 2880 et

2085 2905 2150 2958 de
2185 2905 2424 2972 Daniele,
2469 2907 2595 2976 quia
2635 2909 2768 2961 vidit
2803 2909 2963 2962 sedes
3008 2912 3233 2979 positas,
3273 2924 3328 2968 et
3371 2914 3668 2969 Vetustqu

2083 2996 2292 3050 dierum
2330 2999 2674 3066 insidentem,
2718 3001 2868 3071 cujus
2905 3004 3012 3059 albi
3053 3016 3212 3059 erant
3242 3007 3445 3075 capilli,
3493 3018 3548 3061 et
3580 3024 3674 3062 ve-

2083 3089 2339 3145 stimenta
2367 3093 2593 3146 candida
2625 3094 2692 3147 ⁸³.
2738 3095 2803 3149 Et
2830 3107 2978 3152 certe
3027 3107 3081 3151 et
3135 3099 3240 3154 hoc
3297 3102 3675 3170 accipiebatur

405 3191 584 3260 aliquo
636 3198 982 3259 Operamento
1012 3189 1204 3252 abusa,
1258 3197 1344 3241 aut
1405 3189 1516 3256 ipsa
1575 3204 1701 3253 usa,
1742 3191 1971 3243 addatur

2098 3192 2305 3250 )ropter
2361 3188 2776 3252 contumaciam,
2825 3201 2917 3242 aut
2971 3201 3194 3260 propter
3255 3193 3669 3264 negligentiam.

403 3291 458 3337 et
493 3296 688 3345 canna,
726 3289 781 3334 et
821 3289 1185 3333 atramentum
1212 3290 1476 3334 creatum.
1514 3281 1619 3334 Ant
1643 3282 1688 3336 si
1721 3283 1822 3336 hoc
1855 3283 1978 3351 quis

405 3373 632 3428 voluerit
667 3372 930 3442 accipere,
961 3370 1180 3440 scripsit
1211 3387 1425 3438 manus,
1468 3383 1520 3428 et
1567 3374 1692 3426 dum
1726 3374 1978 3442 scripsis-

402 3481 506 3538 set,
538 3470 781 3524 recessit.
826 3467 964 3534 Quid
1012 3482 1204 3522 manus
1261 3469 1360 3522 ista
1389 3467 1625 3533 dicebat,
1672 3469 1828 3539 cujus
1880 3469 1973 3524 Dei

399 3563 514 3618 sola
549 3577 763 3625 manus,
810 3570 862 3615 ct
908 3559 1001 3615 ubi
1033 3570 1118 3615 est
1164 3559 1372 3613 totum?
1416 3570 1506 3613 aut
1547 3561 1746 3631 angeli,
1797 3573 1851 3616 et
1881 3560 1972 3616 ubi

397 3663 482 3708 est
515 3653 730 3708 totum?
771 3652 964 3707 incisio
1013 3662 1132 3706 erat
1183 3653 1478 3722 passibilis.
1516 3652 1658 3722 Ergo
1706 3669 1811 3722 quo
1868 3654 1969 3708 ista

399 3747 592 3802 incisio
617 3747 740 3801 est?
774 3746 910 3814 Quid
946 3761 1076 3817 ergo
1111 3757 1196 3801 est
1230 3748 1498 3800 sententia
1535 3747 1688 3801 visa?
1730 3749 1798 3802 Ut
1823 3750 1970 3802 enim

397 3839 564 3895 sciret
597 3854 689 3892 rex
717 3839 809 3907 qui
843 3854 1010 3894 ausus
1036 3847 1145 3902 est,
1183 3840 1301 3891 ideo
1355 3854 1548 3892 manus
1588 3839 1652 3892 ad
1694 3838 1968 3894 lucernam

394 3931 662 3999 indigens,
687 3945 806 3998 qua:
841 3945 939 3984 nec
965 3931 1134 3984 oculis
1161 3931 1270 3984 visa
1301 3941 1445 3984 sunt.
1483 3931 1548 3984 Et
1578 3941 1725 3986 certe
1755 3942 1811 3984 ut
1835 3933 1970 3986 scri-

391 4022 650 4095 batqnis,
682 4022 832 4076 valde
865 4023 1091 4077 intentio
1131 4026 1438 4079 necessaria
1471 4034 1575 4093 est,
1595 4034 1649 4078 et
1670 4026 1966 4080 videntium

401 4115 708 4177 oculorum,
736 4124 790 4168 et
830 4125 986 4169 acute
1018 4116 1335 4170 videntium.
1366 4115 1518 4177 Nunc
1564 4128 1739 4171 autem
1779 4119 1968 4172 scribit

390 4208 510 4262 sine
543 4207 737 4272 oculis,
765 4207 882 4261 sine
916 4215 1152 4272 tenente,
1197 4207 1312 4261 sive
1337 4223 1456 4260 cum
1496 4219 1826 4273 atramento,
1851 4212 1966 4264 sive

389 4300 507 4354 sine
530 4307 853 4364 atramento,
874 4298 985 4353 sive
1007 4300 1124 4353 sine
1147 4300 1268 4352 aliis
1289 4301 1674 4368 aperamentis,
1705 4301 1816 4356 sive
1841 4317 1962 4355 cum

389 4391 528 4453 aliis,
551 4391 838 4446 admiratio
856 4401 938 4446 est
961 4409 976 4458 ;
1002 4391 1092 4460 qui
1127 4390 1279 4444 valde
1302 4405 1491 4444 carnes
1513 4394 1757 4461 sunt,qui
1777 4407 1962 4463 corpo-

2080 3273 2161 3328 Ad
2214 3277 2627 3332 ostentationem
2681 3281 2877 3350 quippe
2921 3283 3048 3350 quia
3099 3299 3297 3354 corpus
3347 3297 3431 3341 est
3481 3287 3672 3356 Deus;

2080 3371 2344 3423 sententia
2383 3379 2562 3424 autem
2610 3371 2863 3427 virtutem
2899 3391 3210 3430 sermonum
3249 3379 3495 3445 exhibet,
3533 3383 3671 3450 quia

2081 3461 2315 3515 maxime
2345 3463 2540 3517 exhinc
2579 3463 2933 3535 incorporalis
2970 3470 3275 3524 ostenditur
3313 3472 3477 3527 Deus.
3528 3475 3673 3539 Quis

2076 3556 2220 3608 enim
2254 3556 2464 3624 ignorat
2497 3573 2711 3611 omnem
2749 3560 2838 3628 qui
2881 3561 3054 3618 oculis
3104 3564 3297 3630 utitur,
3333 3567 3460 3634 quia
3504 3567 3673 3622 oculo

2076 3651 2340 3721 contingit
2392 3667 2454 3704 ea
2502 3651 2685 3706 videre
2739 3667 2858 3721 qua:
2913 3654 3148 3709 adsunt?
3198 3673 3318 3726 quae
3376 3668 3560 3713 autem
3613 3661 3670 3714 in

2075 3745 2368 3796 crastinum
2401 3753 2494 3797 aut
2533 3754 2656 3814 post
2690 3760 2910 3811 parvam
2959 3749 3168 3816 horam,
3212 3759 3306 3804 aut
3366 3762 3489 3820 post
3543 3769 3672 3808 mo-

2073 3845 2312 3889 mentum
2349 3837 2498 3902 lient,
2551 3855 2656 3894 non
2715 3841 2861 3896 videt
2913 3842 3143 3897 oculus:
3184 3844 3420 3901 Dauielis
3477 3858 3672 3904 autem

2070 3929 2227 3993 visio,
2268 3931 2479 3985 initium
2509 3932 2724 4000 quidem
2761 3935 2921 3989 habet
2947 3951 2976 3988 a
3016 3935 3120 3996 lea.
3151 3947 3274 4005 post
3305 3937 3444 3992 leam
3477 3951 3671 3996 autem

2071 4019 2369 4077 introducit
2424 4039 2652 4090 ursum,
2737 4029 2957 4081 tertium
3015 4029 3216 4083 animal
3277 4041 3335 4084 ut
3391 4035 3669 4100 pardum,

2068 4125 2317 4182 quartum
2346 4116 2451 4170 tale
2482 4116 2634 4183 cujus
2671 4128 2860 4172 natura
2902 4121 3042 4188 apud
3083 4136 3184 4175 nos
3221 4136 3326 4176 non
3360 4123 3669 4182 invenitur.

2066 4202 2416 4276 lnterrogabo
2449 4209 2715 4263 volentem
2742 4212 3093 4277 contendere,
3144 4212 3226 4267 lea
3271 4227 3498 4284 regnum
3536 4219 3674 4272 est?

2067 4297 2123 4351 Si
2150 4299 2294 4352 enim
2337 4301 2478 4368 quod
2505 4301 2637 4355 vidit
2667 4303 2854 4357 Daniel
2881 4315 3000 4358 erat
3029 4306 3258 4374 visibile,
3305 4307 3445 4361 leam
3475 4322 3668 4366 autem

2064 4390 2234 4454 vidit;
2267 4407 2372 4446 non
2415 4393 2548 4447 vidit
2576 4409 2822 4465 regnum,
2852 4401 2946 4451 sed
2974 4397 3136 4452 leam.
3170 4397 3248 4454 Ne
3280 4399 3445 4470 igitur
3481 4418 3669 4456 remo—

388 4483 560 4550 rales,
594 4484 685 4552 qui
742 4483 924 4537 volunt
971 4483 1079 4537 Deo
1130 4496 1329 4551 corpus
1379 4483 1532 4547 dare,
1594 4484 1957 4550 respondeant
1989 4521 2033 4576 Β
2065 4495 2286 4536 veamns
2337 4484 2565 4548 dictum,
2625 4487 2963 4555 Scripturam
3027 4489 3332 4544 videamus.
3390 4493 3451 4547 Si
3511 4497 3663 4550 enim

386 4577 564 4640 nobis,
613 4576 701 4630 illa
747 4590 936 4630 manus
964 4589 1164 4644 corpus
1196 4584 1315 4629 erat
1365 4582 1458 4628 aut
1488 4589 1592 4627 non
1629 4575 1868 4643 corpus?
1897 4574 1953 4629 Si

383 4682 616 4737 corpus;
651 4667 769 4720 sine
810 4666 1049 4719 humeris
1077 4681 1180 4718 non
1215 4677 1520 4730 moveatur,
1557 4665 1672 4718 sine
1696 4674 1808 4718 toto
1840 4681 1960 4720 cor-

380 4773 515 4827 pore
547 4774 651 4812 non
693 4760 764 4813 sit
796 4774 1007 4812 manus.
1039 4758 1097 4812 Si
1129 4767 1308 4813 autem
1341 4766 1566 4827 apparet
1617 4773 1806 4811 manus
1834 4797 1849 4821 ,
1901 4765 1956 4813 et

379 4849 570 4905 scribit
602 4865 813 4914 manus,
848 4857 903 4904 et
932 4849 1134 4905 recedit
1182 4865 1410 4914 manus;
1463 4860 1792 4919 agnoscatur
1836 4864 1956 4918 qua:

378 4952 463 4997 est
504 4951 694 4996 natura
745 4941 968 4996 visionis
1019 4942 1316 5010 praesentis.
1354 4941 1722 5012 Importunum
1767 4951 1952 4994 autem

378 5047 484 5086 non
511 5040 594 5086 est
621 5029 934 5100 adjungere,
968 5046 1063 5084 cur
1094 5039 1149 5084 et
1189 5044 1400 5083 manus.
1452 5029 1508 5083 Si
1547 5023 1829 5098 enimjam
1873 5029 1953 5082 di-

375 5136 520 5178 ctum
545 5133 648 5188 est,
676 5124 798 5192 quia
815 5125 1102 5192 oportebat
1130 5124 1456 5176 sententiam
1489 5122 1678 5186 scribi,
1699 5122 1790 5174 sed
1812 5119 1954 5175 forte

377 5216 497 5273 ideo
521 5229 614 5284 per
639 5230 876 5279 manum,
909 5215 1035 5284 qnia
1061 5223 1114 5267 et
1136 5221 1284 5283 pater
1302 5212 1462 5282 hujus
1495 5213 1635 5278 regis
1661 5212 1950 5265 adversum

376 5323 534 5377 quem
569 5308 670 5361 ista
719 5308 986 5362 sententia
1023 5308 1223 5374 scripta
1253 5316 1369 5368 est,
1405 5304 1474 5359 ob
1519 5305 1699 5374 populi
1754 5303 1950 5358 delicta

375 5403 550 5468 potuit
579 5409 632 5454 et
660 5400 913 5470 p0pnlum
965 5410 1150 5454 tenere
1177 5409 1232 5452 et
1284 5399 1562 5465 templum.
1599 5398 1664 5450 Et
1693 5397 1946 5465 populum

372 5487 588 5564 quidem
623 5490 848 5542 adduxit
895 5491 1190 5559 captivum.
1246 5489 1550 5543 Condicens
1595 5496 1772 5540 autem
1821 5487 1943 5555 quia

443 5626 488 5655 ⁷⁹
515 5625 666 5678 Deut.
710 5642 802 5689 vn,
834 5627 882 5679 5.
963 5625 1008 5656 ⁸⁶
1040 5625 1210 5680 Exod.
1253 5641 1365 5687 XIX,
1398 5623 1483 5676 1‘2.
1558 5623 1600 5654 ⁸³
1638 5623 1766 5680 Dan.
1795 5638 1844 5689 v,
1873 5622 1926 5692 ὅτ

443 5760 554 5830 (78)
589 5763 953 5819 Ambitionem.
979 5765 1031 5822 Itl
1056 5776 1160 5833 est,
1193 5765 1464 5821 antbitum.

2003 5623 2047 5656 ⁸³
2073 5623 2174 5681 lsa.
2204 5642 2313 5693 xxv,
2345 5628 2427 5684 13.

2064 4570 2177 4641 ipse
2231 4571 2419 4626 Daniel
2487 4574 2901 4644 interpretans,
2970 4588 3065 4632 aut
3118 4580 3540 4651 interpretatam
3597 4590 3664 4640 ah

2062 4663 2254 4732 angelo
2305 4665 2568 4721 visionem
2595 4669 2766 4735 audit,
2835 4673 2962 4739 quia
3017 4673 3250 4741 primum
3295 4690 3528 4746 regnum
3577 4690 3662 4732 est

2060 4753 2460 4821 Chaldaeorum,
2518 4757 2749 4814 intueris
2789 4763 2915 4830 quia
2953 4764 3096 4833 quod
3145 4765 3321 4819 visum
3375 4779 3503 4832 est,
3574 4769 3657 4823 lea

2059 4854 2214 4911 erat;
2247 4847 2389 4914 quod
2422 4857 2601 4903 autem
2634 4851 3042 4921 interpretatur,
3076 4871 3324 4925 regnum.
3372 4861 3485 4913 Aut
3513 4862 3662 4915 dicat

2060 4935 2150 5004 qui
2180 4935 2433 5003 voluerit,
2461 4951 2620 5010 putas
2650 4941 2761 4996 fera
2791 4944 2969 5014 aliqua
3008 4957 3159 5012 erat,
3197 4958 3251 5002 et
3293 4950 3552 5018 vivebat;
3605 4964 3661 5008 et

2065 5028 2187 5083 talis
2216 5030 2424 5099 qualem
2459 5033 2591 5086 vidit
2637 5035 2872 5090 Daniel?
2931 5039 2986 5092 Si
3023 5047 3203 5093 autem
3243 5042 3480 5113 insignia
3523 5047 3661 5100 vidit

2065 5123 2248 5190 regni,
2320 5124 2820 5194 interpretationem
2873 5140 3053 5186 autem
3106 5135 3348 5204 agnovit,
3413 5138 3658 5192 visiones

2057 5226 2348 5281 corporeas
2376 5215 2555 5270 facere
2585 5234 2690 5272 non
2722 5220 3000 5278 debemus.
3043 5222 3216 5277 Ursus
3255 5234 3439 5278 autem
3487 5241 3656 5296 appa-

2061 5305 2213 5358 rebat
2236 5309 2506 5362 secundus
2538 5321 2652 5378 post
2680 5310 2840 5378 leam,
2867 5323 2922 5368 et
2959 5316 3063 5367 tria
3093 5315 3265 5369 latera
3289 5328 3451 5372 erant
3479 5320 3534 5372 in
3558 5335 3654 5374 ore

2057 5392 2192 5460 ejus.
2235 5395 2398 5452 Putas
2435 5399 2560 5467 quia
2603 5410 2658 5454 et
2703 5401 2873 5456 latera
2914 5403 3035 5458 viva
3078 5414 3253 5471 erant,
3291 5415 3348 5460 et
3387 5408 3535 5462 unde
3588 5424 3652 5462 ea

2056 5488 2251 5554 accipit
2296 5490 2498 5544 ursus?
2553 5491 2719 5548 Putas
2763 5494 2984 5566 aliquod
3051 5497 3255 5554 animal
3327 5514 3661 5571 expugnans

2519 5629 2564 5661 ⁸³
2593 5632 2724 5686 Dan.
2759 5647 2852 5699 vn,
2886 5633 2938 5688 9.
