3822 6218
189 379 328 434 1165

969 376 1058 431 DE
1095 377 1184 433 E0
1221 376 1408 444 QUOD
1440 374 1623 432 usus
1660 375 1890 432 PATER
1928 374 2431 433 INCOBPORALIS
2469 376 2619 434 EST.
2659 366 2662 368 ⁷

3309 381 3331 432 1
3347 382 3444 435 166

183 495 332 565 quod
365 495 421 550 in
445 493 842 550 consuetudine
880 502 964 548 est
1007 493 1148 563 apud
1189 508 1320 558 nos;
1355 500 1447 546 aut
1481 493 1770 562 signiﬁcat,
1799 499 1848 556 Α
1877 491 2057 546 futura
2089 500 2274 556 erant;
2328 490 2455 560 quia
2496 505 2616 560 qua:
2669 490 2857 561 incipit
2903 491 3102 556 videre,
3150 507 3256 547 non
3306 495 3452 551 videt

181 584 308 657 qtiia
347 603 442 657 per
482 588 586 642 tria
637 587 812 642 latera
899 593 1008 640 tres
1069 585 1320 653 regiones
1371 584 1588 640 habebit
1643 583 1773 640 illud

181 683 479 736 secundum
533 695 779 752 regnum.
834 677 1055 736 Tertius
1105 689 1284 735 autem
1317 680 1517 748 pardus
1553 678 1770 749 quidem

179 782 304 829 erat
329 783 591 842 quantum
646 773 712 827 ad
740 773 1027 839 visionem,
1079 781 1313 842 quatuor
1357 781 1538 825 autem
1592 770 1770 838 capita

181 865 441 920 habebat.
501 865 710 934 Siquis
771 875 948 920 autem
1001 877 1240 920 vestrum
1288 865 1424 919 v-idit
1467 864 1521 918 in
1578 874 1770 919 natura

181 968 420 1028 quatuor
471 956 648 1025 capita
711 957 936 1025 pardum
996 954 1309 1021 habentem,
1357 957 1428 1009 sit
1477 954 1688 1010 visibile
1714 963 1770 1010 et

180 1050 384 1103 animal
407 1049 570 1104 istud.
620 1049 676 1103 Si
718 1058 896 1102 autem
929 1058 1180 1122 naturam
1213 1048 1498 1115 convertit,
1528 1045 1768 1102 forman-

183 1153 273 1197 tur
291 1153 470 1198 autem
497 1157 662 1212 regna
688 1155 783 1207 per
810 1141 1115 1195 istiusmodi
1146 1141 1407 1205 visiones,
1439 1141 1507 1194 ad
1539 1154 1766 1209 corpora

182 1246 291 1285 non
323 1231 730 1301 compellamus.
787 1230 977 1296 Quarti
1008 1240 1190 1284 autem
1230 1230 1480 1284 animalis
1511 1231 1563 1284 in
1592 1239 1765 1286 totum

183 1341 285 1380 nec
325 1327 574 1396 [iguratio
611 1336 693 1380 est
742 1327 940 1394 posita,
1000 1339 1066 1379 eo
1128 1325 1271 1395 quod
1320 1325 1662 1380 immutatum
1711 1333 1767 1382 et

181 1431 381 1471 novum
408 1432 439 1471 a
471 1418 682 1472 caeteris
715 1418 1020 1480 videbatur,
1047 1425 1104 1470 ut
1137 1432 1204 1472 ne
1229 1419 1444 1486 quidem
1472 1418 1764 1474 similitudo

182 1509 239 1563 in
265 1524 330 1565 eo
359 1507 584 1577 alicujus
611 1511 858 1564 animalis
890 1510 1195 1565 inveniatur
1223 1528 1236 1564 :
1265 1511 1378 1565 haec
1404 1511 1534 1564 vidit
1553 1509 1759 1565 Daniel.

181 1599 255 1654 Et
305 1609 432 1654 ante
489 1600 604 1655 haec
635 1617 650 1654 :
684 1597 830 1665 Vidi,
876 1599 1072 1668 inquit,
1134 1612 1370 1669 quatuor
1424 1609 1602 1654 ventos
1648 1599 1764 1654 caeli

179 1689 512 1743 imminentes
537 1690 593 1743 in
619 1691 754 1742 mari
786 1706 977 1759 magno
1032 1689 1098 1744 ⁸⁵.
1149 1688 1312 1745 Putas
1352 1701 1406 1746 et
1451 1692 1594 1745 venti
1630 1691 1760 1745 visi-

182 1782 321 1837 biles
367 1780 555 1837 l‘uere?
587 1783 829 1848 Quatuor
871 1791 1051 1837 autem
1106 1782 1264 1837 simul
1313 1782 1677 1837 immittuntur
1706 1783 1761 1837 in

1881 598 2001 653 quas
2035 583 2305 648 videntur,
2357 582 2451 636 sed
2498 583 2644 637 videt
2688 599 2805 652 quae
2848 599 2954 638 non
3001 584 3269 640 videntur.
3326 585 3452 642 ldeo

1872 682 2058 728 autem
2122 684 2178 729 et
2220 673 2556 743 nuncupatio
2610 685 2728 729 erat
2777 675 3161 745 prophetatum
3211 677 3334 744 ista,
3393 688 3452 732 ut

1871 767 2180 822 dicerentur
2217 768 2310 836 qui
2345 767 2528 821 vident
2558 784 2570 819 ε
2604 767 2731 835 quia
2770 767 2912 821 enim
2953 778 3007 822 et
3036 766 3172 837 apud
3209 783 3306 824 nos
3331 771 3453 839 qui.

1871 858 1993 913 dam
2024 858 2240 926 vident,
2292 858 2512 928 quidam
2549 873 2654 913 non
2684 858 2886 924 vident,
2919 867 2973 914 et
3005 861 3072 914 ad
3103 875 3277 917 caecos
3302 877 3455 917 com-

1868 950 2080 1020 paratio
2107 959 2190 1005 est
2216 964 2404 1005 eorum
2427 948 2521 1019 qui
2549 949 2754 1012 vident,
2785 961 2840 1006 et
2862 951 3151 1008 diversitas
3173 963 3228 1008 et
3249 954 3450 1009 discre-

1868 1043 1945 1098 tio
1965 1050 2066 1097 est.
2105 1041 2304 1099 Sumus
2337 1055 2516 1099 autem
2558 1053 2821 1115 quantum
2848 1045 2914 1098 ad
2960 1043 3450 1101 considerationem

1867 1134 2136 1190 visionum
2187 1150 2293 1191 non
2343 1136 2607 1192 videntes.
2670 1136 2866 1192 Vident
2918 1147 3098 1190 autem
3147 1137 3445 1207 propheta:,

1867 1242 1988 1298 quae
2030 1242 2127 1282 nos
2173 1241 2280 1282 non
2337 1227 2606 1282 videmus.
2661 1227 2741 1281 Ex
2807 1227 2920 1296 ipsa
2972 1241 3101 1296 ergo
3157 1225 3448 1283 eﬂicientia

1867 1328 2195 1390 acceperunt
2234 1329 2292 1374 et
2333 1319 2784 1389 nuncupationem
2827 1319 2918 1388 qui
2966 1320 3295 1374 vocabantur
3320 1335 3447 1390 pro-

1863 1413 2040 1482 phetae
2087 1413 2385 1467 secundum
2454 1422 2698 1468 veterem
2760 1427 2978 1478 vocem,
3035 1428 3156 1467 cum
3214 1413 3450 1467 maxime

1864 1512 2191 1574 exceperunt
2241 1503 2327 1558 his
2367 1505 2459 1574 qui
2502 1505 2704 1559 vident.
2756 1503 2909 1559 Unde
2954 1512 3008 1559 et
3044 1505 3223 1560 multae
3255 1505 3447 1561 inscri-

1862 1596 2073 1665 ptiones
2107 1595 2241 1650 tales
2287 1595 2656 1660 inveniuntur,
2708 1595 2834 1650 dum
2887 1597 3062 1650 dicit:
3107 1595 3252 1650 Visio
3287 1613 3447 1667 quam

1862 1691 1989 1743 vidit
2044 1687 2222 1744 Isaias
2285 1689 2532 1744 adversus
2591 1682 2929 1758 [Egyptuml'
2972 1685 3113 1742 Visio
3168 1688 3448 1742 adversum

1862 1781 2212 1854 Babyioniam
2253 1782 2324 1836 ⁸⁸.
2357 1781 2492 1849 Quia
2539 1783 2702 1853 igitur
2739 1783 3012 1847 videbant,
3062 1792 3122 1838 ut
3170 1782 3448 1848 videbant,

182 1871 339 1925 mari.
381 1871 449 1925 Et
492 1887 642 1927 mare
680 1872 837 1935 vidit,
876 1872 967 1927 ubi
1009 1887 1176 1943 agens
1203 1886 1440 1942 praesens
1467 1887 1636 1940 mare,
1674 1880 1766 1928 aut
1793 1867 1841 1927 Β
1867 1875 2126 1929 videbant
2165 1884 2345 1930 autem
2377 1889 2484 1929 non
2512 1882 2572 1928 ut
2603 1874 2894 1960 homines._
2922 1873 3051 1940 Quae
3109 1889 3237 1945 ergo
3277 1875 3449 1931 oculis

181 1977 290 2016 non
319 1978 557 2032 praesens
585 1965 894 2033 conspexit.
951 1961 1020 2015 Et
1051 1974 1298 2033 quatuor,
1345 1963 1540 2033 inquit,
1582 1979 1766 2017 ascen-

181 2056 372 2108 debant
401 2055 528 2124 fera:
565 2056 629 2109 de
674 2057 813 2108 mari
842 2056 888 2088 ⁸³
920 2074 933 2109 :
967 2055 1050 2110 lea
1089 2070 1156 2109 ex
1201 2055 1357 2122 mari,
1388 2064 1444 2110 et
1491 2071 1652 2111 ursus
1696 2070 1762 2110 ex

185 2147 344 2213 mari,
377 2157 430 2202 et
453 2148 652 2217 pardus
674 2162 742 2201 ex
769 2147 928 2202 mari.
957 2146 1184 2201 Intueris
1202 2147 1327 2216 quia
1346 2148 1460 2217 ipsa
1483 2146 1762 2216 Scriptura

183 2253 279 2306 per
324 2253 386 2292 ea
420 2253 540 2308 quae
571 2240 787 2294 videtur
839 2239 1044 2309 ligare,
1107 2254 1204 2308 per
1250 2239 1440 2294 eadem
1485 2249 1540 2294 et
1579 2239 1759 2295 solvit.

186 2328 330 2385 Mare
370 2331 422 2384 in
457 2331 559 2385 illis
592 2346 697 2385 non
732 2341 849 2385 erat
879 2331 1036 2397 locis,
1086 2332 1175 2386 ubi
1207 2339 1326 2386 erat
1375 2331 1581 2388 Daniel.
1627 2332 1762 2388 Puta

180 2423 309 2492 quia
345 2431 464 2476 erat
511 2422 612 2487 lea,
655 2431 894 2478 ctursus
935 2432 992 2477 et
1034 2423 1236 2491 pardus
1266 2432 1320 2479 et
1373 2439 1569 2478 novum
1627 2424 1756 2479 illud

181 2515 384 2568 animal
415 2534 429 2570 :
459 2531 525 2570 ex
557 2516 692 2570 mari
717 2515 991 2586 quomodo
1015 2516 1362 2570 ascendunt?
1397 2515 1552 2572 Venti
1583 2527 1760 2570 autem

183 2607 455 2676 quomodo
509 2609 801 2664 videntur?
865 2609 1003 2664 Puta
1069 2610 1194 2679 quia
1270 2610 1384 2664 visa
1449 2618 1576 2662 sunt
1635 2609 1759 2665 ista.

181 2701 443 2755 Ascendit
470 2701 553 2756 lea
579 2717 646 2756 ex
673 2703 833 2770 mari,
871 2704 1142 2773 quomodo
1169 2718 1392 2772 regnum
1421 2702 1476 2756 in
1508 2712 1671 2757 terra.
1703 2703 1763 2757 Si

180 2803 360 2845 autem
387 2809 606 2861 regnum
635 2793 687 2847 in
718 2804 862 2848 terra
899 2804 1002 2859 est,
1040 2809 1143 2848 non
1186 2804 1268 2848 est
1306 2793 1419 2862 jam
1465 2793 1546 2848 lea
1575 2816 1586 2847 ;
1618 2795 1766 2862 quod

181 2883 328 2934 enim
355 2882 526 2936 visum
550 2891 633 2936 est
665 2882 806 2936 aliud
836 2893 978 2948 erat,
1029 2883 1171 2952 quod
1209 2892 1387 2936 autem
1443 2883 1762 2952 interpreta-

184 2983 297 3028 tum
341 2975 505 3030 aliud.
561 2974 668 3028 Sed
721 2985 847 3044 puta
912 2975 1039 3045 quia
1088 2975 1344 3030 transfert
1381 2983 1436 3028 et
1495 2974 1632 3029 leam
1693 2975 1762 3029 ad

180 3079 408 3135 regnum
438 3082 452 3120 :
485 3065 875 3136 interpretatur
916 3069 1059 3122 enim
1095 3066 1320 3137 angelus
1345 3065 1393 3120 ei
1421 3066 1509 3137 qui
1554 3066 1764 3122 viderat

180 3170 235 3226 et
269 3161 506 3231 reliquas
535 3161 678 3216 feras
702 3160 1122 3230 unumquodque
1149 3160 1204 3214 in
1232 3175 1327 3214 sua
1350 3159 1756 3217 constitutione.

183 3249 243 3307 Si
270 3253 372 3306 ista
408 3252 552 3306 enim
583 3267 703 3321 qua;
733 3255 872 3321 apud
916 3249 1014 3306 nos
1053 3261 1179 3306 sunt
1211 3261 1267 3306 et
1294 3252 1525 3307 visibilia
1552 3253 1757 3307 haben-

186 3352 295 3407 tur,
341 3343 730 3396 transferamus
760 3344 828 3397 ad
876 3343 1189 3408 invisibilia,
1244 3352 1298 3399 et
1344 3344 1587 3401 dicamus
1631 3345 1758 3414 quia

180 3451 288 3489 non
335 3436 576 3499 aderant,
627 3435 721 3490 sed
757 3437 870 3490 visa
923 3447 1082 3502 sunt;
1112 3446 1168 3492 et
1205 3438 1342 3492 visio
1375 3447 1458 3493 est
1483 3479 1498 3503 ,
1539 3449 1596 3493 et
1653 3454 1758 3494 non

183 3538 390 3580 natura:
420 3526 720 3595 progenies.
764 3525 1130 3582 Transeamus
1162 3529 1227 3582 ad
1261 3529 1453 3594 Deum,
1485 3529 1572 3584 ubi
1604 3531 1760 3586 sedes

181 3626 310 3671 sunt
360 3617 580 3685 positae;
641 3627 697 3672 et
758 3620 868 3690 jam
936 3634 1040 3674 non
1101 3620 1344 3676 dicamus
1407 3621 1563 3676 sedes
1613 3621 1759 3676 aliud

183 3707 410 3778 aliquid,
461 3712 554 3766 sed
597 3713 740 3782 ipsas
779 3713 935 3768 sedes
967 3722 1059 3768 :et
1086 3727 1189 3767 non
1221 3712 1330 3782 jam
1355 3713 1604 3776 dicamus
1633 3713 1758 3783 quia

184 3802 334 3856 visus
361 3813 440 3855 est
465 3802 554 3870 qui
588 3811 797 3858 nonest
828 3805 1078 3870 visibilis,
1106 3806 1198 3860 sed
1223 3805 1356 3860 visio
1376 3815 1477 3859 est.
1511 3803 1756 3860 Judicem

184 3892 524 3946 introducere
543 3893 740 3948 audeat
755 3895 845 3964 qui
867 3895 995 3962 vult,
1023 3897 1101 3950 sic
1117 3895 1362 3949 concedit
1388 3895 1435 3950 ei
1459 3895 1756 3966 Scriptura.

183 3985 493 4040 Meminisse
543 3996 720 4040 autem
775 3996 984 4056 oportet
1027 3988 1151 4057 quia
1206 3989 1570 4057 suggessimus
1616 3989 1758 4057 quod

183 4078 425 4146 suggerit
460 4085 514 4130 et
547 4087 761 4141 natura,
807 4079 933 4147 quia
978 4079 1117 4133 oculi
1171 4077 1352 4132 futura
1401 4095 1506 4133 non
1551 4080 1756 4134 vident.

181 4165 370 4234 Neque
425 4175 547 4236 post
606 4168 883 4237 quodlibet
963 4179 1297 4225 momentum
1375 4169 1455 4225 lea
1522 4171 1757 4240 primum

185 4274 407 4326 regnum
443 4269 568 4314 tunc
606 4262 704 4316 sub
749 4261 970 4317 Daniele
1023 4273 1159 4329 erat,
1189 4277 1452 4332 ursusque
1493 4261 1608 4330 ejus
1632 4277 1758 4318 suc-

181 4355 351 4408 cessit
401 4368 565 4422 regno
601 4370 616 4407 :
646 4356 844 4422 pardus
880 4355 1100 4409 tertium
1147 4370 1390 4425 regnum.
1447 4356 1561 4411 Non
1613 4358 1758 4412 enim

181 4459 510 4513 unoquoque
552 4445 770 4499 animali
811 4460 1057 4514 regnum,
1113 4449 1209 4500 sed
1253 4462 1587 4517 unaquaeque
1642 4449 1756 4504 fera

183 4551 407 4605 regnum
441 4545 526 4590 est
576 4536 780 4592 habens
822 4537 1018 4591 multos
1059 4552 1233 4608 reges.
1289 4538 1428 4610 Ergo
1472 4555 1639 4610 usque
1690 4541 1757 4596 ad

178 4639 437 4694 quartum
464 4641 686 4695 regnum
728 4627 880 4681 multi
914 4642 1086 4697 reges.
1123 4626 1253 4682 Post
1293 4639 1543 4697 quartum
1575 4641 1753 4685 autem

179 4734 406 4786 regnum
455 4717 715 4785 judicium
767 4719 1050 4772 adversum
1113 4731 1364 4788 quatuor,
1431 4728 1485 4775 et
1527 4730 1758 4788 quatuor

179 4824 289 4865 non
325 4809 610 4864 adversum
644 4809 898 4878 primum.
939 4808 1122 4862 Daniel
1153 4820 1330 4864 autem
1372 4820 1426 4864 et
1468 4812 1662 4878 primo,
1703 4823 1758 4867 et

177 4901 439 4963 secundo,
491 4907 545 4953 et
591 4899 772 4966 tertio,
807 4909 861 4953 et
901 4909 1096 4968 quarto
1131 4915 1298 4969 regno
1327 4899 1590 4968 judicium
1631 4915 1753 4972 post

180 4992 533 5046 novissimum
558 5001 806 5060 quartum
831 5031 846 5056 ,
877 4993 928 5044 iu
965 5007 1072 5046 uno
1107 5003 1378 5046 momento
1411 4993 1565 5047 vidit.
1606 4993 1754 5048 Nun-

179 5084 309 5153 quid
349 5091 571 5152 possunt
599 5083 825 5137 adunari
849 5098 911 5136 ea
942 5099 1061 5152 qua:
1093 5084 1250 5138 hodie
1280 5082 1420 5139 facta
1450 5094 1593 5151 sunt,
1627 5101 1750 5140 cum

177 5177 264 5232 his
286 5191 404 5243 qum
439 5177 677 5229 crastino
713 5175 862 5239 ﬁent,
911 5185 966 5230 et
1010 5179 1172 5229 tertio
1209 5185 1265 5229 et
1303 5187 1498 5246 quarto
1527 5179 1648 5244 die,
1697 5186 1754 5232 ut

177 5265 500 5320 vidcantur?
532 5264 588 5318 Si
617 5266 780 5335 igitur
801 5281 863 5320 ea
891 5281 1011 5334 qua:
1036 5266 1088 5319 in
1122 5276 1350 5334 quatuor
1380 5267 1572 5322 diebus
1596 5269 1750 5336 nunt,

175 5360 244 5411 ad
285 5371 450 5411 unum
495 5360 824 5410 mot’uentum
857 5358 1149 5411 convenire
1180 5374 1284 5411 non
1315 5369 1538 5427 possunt
1574 5374 1589 5410 :
1621 5373 1755 5428 quo-

175 5451 340 5508 modo
363 5466 424 5504 ea
450 5466 569 5521 qua:
601 5449 655 5502 in
688 5460 921 5518 quatuor
951 5451 1130 5520 regnis
1167 5451 1304 5504 facta
1343 5459 1488 5516 sunt,
1529 5459 1583 5504 et
1622 5451 1754 5506 ﬂent

175 5545 230 5598 in
265 5543 426 5596 tantis
467 5541 680 5596 saeculis
727 5551 779 5595 et
819 5544 1177 5612 temporibus,
1232 5544 1284 5596 in
1326 5559 1434 5597 uno
1477 5551 1752 5598 momento

174 5632 350 5687 oculis
405 5632 570 5686 videri
629 5634 962 5702 potuerunt?
1017 5633 1158 5702 Ergo
1208 5650 1329 5703 qnze
1368 5634 1500 5689 vidit
1552 5633 1748 5689 Daniel

246 5839 293 5868 “
337 5838 470 5894 Dan.
515 5856 609 5903 γη.
650 5840 704 5894 2.

779 5841 822 5871 ⁸⁸
857 5839 984 5894 ibid.
1060 5840 1107 5871 ⁸⁶
1147 5840 1248 5895 lsa.
1292 5856 1400 5904 xu,
1442 5841 1500 5906 l;
1545 5855 1666 5907 xm,
1713 5840 1764 5894 1.

1866 1964 2145 2020 hominum
2181 1979 2284 2019 non
2315 1964 2588 2028 videntur,
2622 1979 2730 2019 non
2761 1973 2890 2018 sunt
2925 1965 3250 2034 corporalia.
3300 1965 3450 2021 Vidit

1866 2055 2054 2110 Daniel
2086 2074 2098 2110 :
2128 2055 2257 2126 quid
2283 2055 2452 2110 vidit?
2474 2057 2598 2126 quia
2628 2059 2774 2110 sedes
2798 2069 2916 2110 sunt
2937 2056 3143 2123 positae.
3180 2053 3447 2122 Quando?

1867 2144 1925 2201 Si
1968 2145 2112 2200 enim
2157 2144 2423 2216 judicium
2469 2146 2644 2213 vidit,
2685 2155 2812 2201 tunc
2854 2147 3041 2217 utique
3091 2163 3213 2202 cum
3264 2147 3448 2218 quarti

1865 2237 2016 2306 regni
2077 2237 2426 2308 interemptio
2474 2236 2655 2292 futura
2701 2247 2811 2295 est.
2860 2239 3056 2294 lterum
3100 2250 3279 2294 tamen
3322 2254 3448 2294 cum

1864 2328 1982 2384 haec
2031 2312 2268 2395 videret,
2323 2345 2432 2384 non
2477 2329 2680 2386 ﬁebant
2720 2346 2784 2386 ea
2838 2346 2959 2400 quae
3025 2331 3262 2387 videbat.
3338 2330 3449 2386 Cur

1863 2431 2044 2476 autem
2084 2432 2138 2478 et
2169 2423 2327 2478 sedes
2363 2421 2528 2488 videt,
2561 2423 2834 2476 Judicium
2879 2424 3038 2485 sedit,
3068 2422 3204 2476 visio
3229 2421 3295 2476 ad
3330 2419 3448 2475 eﬂi.

1864 2513 2120 2568 cientiam
2147 2514 2290 2569 facta
2329 2523 2412 2570 est
2443 2516 2540 2569 rei.
2597 2514 2732 2580 Quia
2766 2516 2908 2568 enim
2935 2514 3074 2583 apud
3105 2529 3204 2568 nos
3237 2513 3447 2582 judices

1864 2607 1919 2660 in
1950 2606 2077 2661 sede
2100 2607 2350 2662 sedentes
2383 2607 2628 2662 subditos
2657 2606 2758 2661 sibi
2786 2605 3058 2674 judicant,
3097 2605 3250 2671 dicit,
3281 2604 3446 2658 Sedes

1864 2708 1982 2752 sunt
2016 2699 2223 2768 positae.
2261 2700 2327 2754 Et
2379 2711 2527 2756 certe
2573 2699 2618 2753 si
2674 2699 2796 2754 talis
2841 2709 2988 2754 esset
3028 2701 3168 2754 Deus
3221 2708 3442 2761 natura,

1865 2808 1972 2844 non
2007 2791 2194 2846 debuit
2226 2792 2432 2856 dicere,
2483 2792 2669 2860 posita:
2713 2800 2840 2846 sunt
2882 2791 3061 2857 scdes,
3110 2791 3228 2856 sed,
3264 2801 3442 2847 erant.

1865 2881 1922 2936 Si
1945 2892 2125 2937 autem
2146 2884 2332 2953 posita
2360 2893 2485 2938 sunt
2506 2899 2627 2952 qua:
2651 2899 2756 2937 non
2781 2893 2932 2938 erant
2959 2895 3119 2938 antea
3145 2882 3443 2946 collocatae,

1864 2981 1918 3028 et
1950 2973 2091 3029 sedit
2121 2975 2211 3044 qui
2245 2983 2374 3030 ante
2409 2989 2515 3029 non
2548 2975 2805 3040 sedebat;
2827 2991 2957 3046 ergo
2979 2989 3078 3030 nec
3105 2983 3235 3029 tunc
3257 2973 3447 3045 posita:

1863 3073 2012 3131 sunt,
2039 3080 2139 3122 nec
2169 3075 2296 3122 tunc
2321 3070 2462 3124 sedit
2484 3085 2497 3121 :
2519 3070 2613 3124 sed
2639 3069 2988 3138 ostenditper
3007 3083 3070 3123 ea
3091 3082 3210 3138 quae
3229 3067 3446 3137 cognita

1866 3167 1991 3211 sunt
2046 3157 2202 3213 nobis
2266 3159 2431 3214 verba
2482 3159 2830 3216 efﬁcientiam
2879 3159 2976 3214 Dei
3040 3160 3108 3215 ad
3159 3157 3445 3228 judicium.

1866 3251 2104 3321 Denique
2129 3262 2185 3306 et
2215 3253 2500 3324 descripsit
2534 3253 2645 3309 illic
2675 3253 2826 3309 albos
2869 3252 3113 3320 capillos,
3157 3252 3446 3308 candidam

1863 3351 2089 3410 vestem,
2130 3343 2307 3412 ignem
2353 3355 2482 3400 ante
2511 3345 2772 3414 judicem,
2831 3353 2888 3400 et
2934 3343 3156 3400 ﬂuvium
3201 3345 3440 3415 igneum.

1864 3437 2007 3492 Dicit
2026 3438 2167 3492 enim
2191 3439 2318 3508 quia
2355 3438 2607 3494 Vetustus
2633 3441 2838 3494 dierum
2869 3441 3026 3494 sedit.
3059 3439 3168 3495 Cur
3191 3450 3438 3494 vetustus

1863 3529 2112 3582 dierum?
2161 3529 2228 3582 Et
2273 3539 2421 3584 certe
2450 3545 2520 3585 ne
2548 3530 2766 3599 quidem
2800 3531 2914 3586 dies
2946 3545 3082 3596 opus
3112 3541 3239 3586 sunt
3276 3531 3388 3586 Deo
3425 3550 3439 3584 :

1861 3619 1952 3674 sed
1983 3620 2107 3689 quia
2151 3621 2475 3677 resurrectio
2506 3622 2669 3677 [iebat
2704 3622 2756 3676 in
2787 3624 2934 3677 exitu
2969 3632 3188 3678 aetatum
3222 3638 3402 3692 regum
3425 3662 3443 3686 ,

1863 3712 2088 3765 multum
2128 3722 2336 3782 tempus
2368 3715 2736 3769 necessarium
2769 3714 3090 3769 habebatur.
3135 3714 3269 3781 Quia
3296 3717 3445 3770 enim

1861 3819 1956 3872 per
1985 3805 2180 3859 multos
2214 3807 2330 3860 dies
2373 3806 2763 3875 expediebatur
2808 3807 2974 3872 istud,
3004 3805 3288 3862 Vetustnm
3328 3807 3445 3862 die-

1862 3911 1980 3949 rum
2014 3897 2263 3950 nominat
2295 3896 2558 3965 judicem.
2601 3897 2664 3950 Et
2693 3898 2817 3966 quia
2857 3899 3114 3953 mundum
3146 3906 3263 3954 erat
3294 3898 3446 3966 judi-

1860 3989 2003 4044 cium
2066 3997 2122 4043 et
2171 3990 2522 4058 purissimum
2557 4030 2572 4056 ,
2632 4000 2686 4044 et
2745 3989 3069 4058 inﬂexibile;
3105 3992 3214 4046 albi
3265 3993 3443 4063 capilli

1860 4083 2046 4137 mundi
2065 4083 2282 4151 jndicis,
2318 4091 2374 4138 et
2403 4083 2634 4137 candida
2669 4084 2786 4154 ejus
2818 4085 3138 4140 vestimenta
3170 4093 3225 4140 et
3247 4086 3445 4140 imma-

1859 4173 2036 4227 culata
2071 4173 2327 4227 dicuntur
2359 4189 2371 4226 :
2406 4173 2527 4228 ideo
2552 4182 2608 4228 et
2640 4173 2818 4244 capilli
2845 4173 2991 4240 albi,
3033 4175 3148 4230 sive
3195 4184 3441 4230 vetusta-

1863 4271 1968 4315 tem
2014 4263 2397 4318 annuntiantes
2449 4273 2509 4318 et
2547 4264 2686 4333 ipsi,
2733 4265 2847 4320 sive
2897 4266 3083 4335 judicii
3126 4268 3439 4335 puritatem.

1861 4352 1972 4422 Ego
1994 4363 2174 4408 autem
2206 4364 2260 4408 et
2291 4356 2606 4427 contingere
2642 4357 2952 4411 istiusmodi
2993 4357 3232 4411 habitum
3271 4358 3440 4428 perti-

1861 4459 2063 4500 mesco.
2115 4445 2172 4499 Si
2233 4455 2413 4500 autem
2463 4463 2570 4502 non
2627 4456 2748 4502 erat
2794 4448 2936 4516 quod
2975 4447 3265 4513 diceretur,
3295 4449 3440 4517 quod

1791 4569 1834 4623 Β
1862 4543 2044 4604 posset
2069 4536 2320 4591 omnibus
2348 4537 2516 4591 videri
2550 4537 2806 4592 recedere
2847 4537 2915 4592 ab
2940 4537 3240 4592 istiusmodi
3276 4552 3441 4592 sensu

1865 4637 2120 4682 tacerem.
2161 4625 2266 4681 Sed
2312 4627 2549 4694 timidos,
2579 4628 2772 4697 inquit,
2805 4628 2984 4682 facitis
3009 4628 3147 4682 ﬁlios
3179 4628 3340 4682 Israel
3368 4628 3438 4682 ⁸⁷.

1861 4717 1975 4772 Cur
2000 4725 2177 4770 autem
2207 4725 2261 4770 et
2287 4714 2482 4770 ﬂuvius
2520 4716 2630 4771 illic
2672 4718 2858 4787 igneus
2898 4717 3107 4783 currit,
3145 4717 3272 4772 dicit
3310 4720 3438 4789 quia

1862 4807 2147 4864 interfecta
2183 4817 2265 4864 est
2293 4809 2489 4874 beStia,
2528 4817 2582 4863 et
2611 4824 2807 4877 corpus
2839 4807 2955 4876 ejus
2987 4808 3170 4864 datum
3208 4819 3294 4864 est
3328 4811 3437 4881 igni

1863 4901 1928 4954 ad
1955 4901 2314 4955 exurendum.
2349 4899 2464 4969 Qua
2505 4901 2648 4955 enim
2683 4901 2951 4955 sententia
2985 4903 3212 4957 bestiam
3253 4905 3439 4956 mitte-

1860 4993 1952 5046 bat
2000 4993 2054 5046 in
2094 4993 2296 5062 ignem,
2334 4994 2486 5062 prius
2521 4993 2844 5063 praeparavit
2892 5004 3295 5063 operamentum
3340 5009 3438 5064 per

1859 5085 2002 5152 quod
2039 5085 2278 5138 futurum
2309 5093 2426 5139 erat
2460 5083 2744 5153 judicium.
2805 5086 2880 5140 De
2921 5086 3007 5140 his
3047 5086 3210 5156 igitur
3233 5101 3352 5154 qua:
3380 5087 3435 5142 in

1859 5176 2080 5231 Daniele
2117 5187 2244 5231 sunt
2277 5177 2448 5247 posita
2477 5217 2492 5242 ,
2535 5193 2603 5232 ex
2649 5178 2839 5233 bestiis
2891 5179 2996 5234 illis
3053 5191 3273 5233 manent
3316 5195 3436 5248 quas

1861 5269 1992 5321 visa:
2036 5277 2161 5320 sunt
2213 5267 2378 5333 ferte,
2427 5285 2536 5323 non
2591 5281 2766 5324 autem
2813 5286 2934 5340 qua:
2977 5271 3438 5324 annuntiabantur

1859 5373 2025 5429 regna
2055 5399 2071 5424 ,
2101 5371 2156 5412 et
2185 5375 2250 5413 ex
2289 5362 2620 5430 temporibus
2651 5377 2769 5430 quae
2803 5363 3004 5417 habent
3043 5362 3215 5430 spatia
3259 5377 3435 5415 samu-

1859 5451 2058 5516 lornm,
2094 5467 2215 5521 qua:
2246 5452 2535 5520 conjuncta
2576 5465 2701 5509 sunt
2747 5469 2841 5524 per
2888 5454 3147 5509 visionem
3181 5453 3243 5507 ad
3269 5469 3435 5510 unum

1859 5555 2210 5609 momentum,
2246 5554 2301 5598 et
2325 5561 2393 5600 ex
2435 5561 2500 5601 eo
2535 5547 2676 5616 quod
2726 5547 2986 5616 judicium
3036 5561 3140 5601 non
3189 5556 3313 5601 tunc
3351 5556 3436 5601 est

1855 5635 2080 5703 factum,
2111 5639 2328 5707 quando
2356 5651 2412 5694 ct
2438 5641 2612 5697 visum
2655 5649 2772 5708 est;
2819 5655 2923 5697 non
2955 5639 3125 5696 solum
3158 5639 3224 5694 ad
3253 5639 3434 5712 suspi.

1843 5840 1886 5875 ⁸⁷
1944 5841 2116 5898 [.evit.
2175 5859 2264 5901 xv.
2316 5842 2407 5896 5|.
