  <div class='ocr_page' id='page_1' title='image "/cluster/home/n/w/nwhite01/storage/ocr_20150623/24/nnc1.0046978259/823.png"; bbox 0 0 3822 6218; ppageno 0'>
   <div class='ocr_carea' id='block_1_1' title="bbox 373 376 504 431">
    <p class='ocr_par' dir='ltr' id='par_1_1' title="bbox 373 376 504 431">
     <span class='ocr_line' id='line_1_1' title="bbox 373 376 504 431; baseline -0.031 0"><span class='ocrx_word' id='word_1_1' title='bbox 373 376 504 431; x_wconf 80' lang='grc'><strong>1167</strong></span> 
     </span>
    </p>
   </div>
   <div class='ocr_carea' id='block_1_2' title="bbox 1036 358 2917 427">
    <p class='ocr_par' dir='ltr' id='par_1_2' title="bbox 1036 358 2917 427">
     <span class='ocr_line' id='line_1_2' title="bbox 1036 358 2917 427; baseline -0.006 0"><span class='ocrx_word' id='word_1_2' title='bbox 1036 369 1309 427; x_wconf 81' lang='lat' dir='ltr'><strong>EUSEBII</strong></span> <span class='ocrx_word' id='word_1_3' title='bbox 1346 366 1822 424; x_wconf 66' lang='lat' dir='ltr'><strong>CESARIENSlS</strong></span> <span class='ocrx_word' id='word_1_4' title='bbox 1860 365 2008 420; x_wconf 86' lang='lat' dir='ltr'><strong>OPP.</strong></span> <span class='ocrx_word' id='word_1_5' title='bbox 2049 363 2227 418; x_wconf 80' lang='lat' dir='ltr'><strong>PARS</strong></span> <span class='ocrx_word' id='word_1_6' title='bbox 2262 362 2353 419; x_wconf 78' lang='lat' dir='ltr'><strong>IV.</strong></span> <span class='ocrx_word' id='word_1_7' title='bbox 2392 393 2461 405; x_wconf 92' lang='lat'><strong>-—</strong></span> <span class='ocrx_word' id='word_1_8' title='bbox 2499 358 2917 419; x_wconf 72' lang='lat' dir='ltr'><strong>DOGMATICA.</strong></span> 
     </span>
    </p>
   </div>
   <div class='ocr_carea' id='block_1_3' title="bbox 3486 359 3625 414">
    <p class='ocr_par' dir='ltr' id='par_1_3' title="bbox 3486 359 3625 414">
     <span class='ocr_line' id='line_1_3' title="bbox 3486 359 3625 414; baseline 0.007 -1"><span class='ocrx_word' id='word_1_9' title='bbox 3486 359 3625 414; x_wconf 74' lang='grc'><strong>1168</strong></span> 
     </span>
    </p>
   </div>
   <div class='ocr_carea' id='block_1_4' title="bbox 372 484 3625 564">
    <p class='ocr_par' dir='ltr' id='par_1_4' title="bbox 372 484 3625 564">
     <span class='ocr_line' id='line_1_4' title="bbox 372 484 3625 564; baseline -0.006 -10"><span class='ocrx_word' id='word_1_10' title='bbox 372 498 596 554; x_wconf 68' lang='lat' dir='ltr'><strong>caudam</strong></span> <span class='ocrx_word' id='word_1_11' title='bbox 633 494 803 555; x_wconf 81' lang='lat' dir='ltr'><strong>Deum</strong></span> <span class='ocrx_word' id='word_1_12' title='bbox 832 510 1027 564; x_wconf 81' lang='lat' dir='ltr'><strong>corpus</strong></span> <span class='ocrx_word' id='word_1_13' title='bbox 1070 507 1192 546; x_wconf 88' lang='lat' dir='ltr'><strong>esse</strong></span> <span class='ocrx_word' id='word_1_14' title='bbox 1238 506 1344 544; x_wconf 89' lang='lat' dir='ltr'><strong>non</strong></span> <span class='ocrx_word' id='word_1_15' title='bbox 1380 489 1562 543; x_wconf 90' lang='lat' dir='ltr'><strong>debuit</strong></span> <span class='ocrx_word' id='word_1_16' title='bbox 1597 502 1702 543; x_wconf 88' lang='lat' dir='ltr'><strong>non</strong></span> <span class='ocrx_word' id='word_1_17' title='bbox 1737 488 1937 552; x_wconf 81' lang='lat' dir='ltr'><strong>sinere,</strong></span> <span class='ocrx_word' id='word_1_18' title='bbox 1968 491 2015 549; x_wconf 74' lang='grc' dir='ltr'>Α</span> <span class='ocrx_word' id='word_1_19' title='bbox 2044 485 2213 539; x_wconf 84' lang='lat' dir='ltr'><strong>medio</strong></span> <span class='ocrx_word' id='word_1_20' title='bbox 2242 501 2447 552; x_wconf 82' lang='lat' dir='ltr'><strong>campo,</strong></span> <span class='ocrx_word' id='word_1_21' title='bbox 2493 496 2539 538; x_wconf 83' lang='lat' dir='ltr'><strong>et</strong></span> <span class='ocrx_word' id='word_1_22' title='bbox 2574 485 2803 538; x_wconf 71' lang='lat' dir='ltr'><strong>surrexit</strong></span> <span class='ocrx_word' id='word_1_23' title='bbox 2831 499 2975 537; x_wconf 79' lang='lat' dir='ltr'><strong>meus</strong></span> <span class='ocrx_word' id='word_1_24' title='bbox 3001 484 3299 554; x_wconf 72' lang='lat' dir='ltr'><strong>manipulus</strong></span> <span class='ocrx_word' id='word_1_25' title='bbox 3320 524 3336 549; x_wconf 91' lang='lat'><strong>,</strong></span> <span class='ocrx_word' id='word_1_26' title='bbox 3369 492 3420 537; x_wconf 88' lang='lat' dir='ltr'><strong>et</strong></span> <span class='ocrx_word' id='word_1_27' title='bbox 3456 493 3625 534; x_wconf 71' lang='lat' dir='ltr'><strong>rectus</strong></span> 
     </span>
    </p>
   </div>
   <div class='ocr_carea' id='block_1_5' title="bbox 371 578 1944 667">
    <p class='ocr_par' dir='ltr' id='par_1_5' title="bbox 371 578 1944 667">
     <span class='ocr_line' id='line_1_5' title="bbox 371 578 1944 667; baseline -0.014 -15"><span class='ocrx_word' id='word_1_28' title='bbox 371 590 461 653; x_wconf 67' lang='lat' dir='ltr'><strong>sed</strong></span> <span class='ocrx_word' id='word_1_29' title='bbox 492 591 676 667; x_wconf 73' lang='lat' dir='ltr'><strong>potius</strong></span> <span class='ocrx_word' id='word_1_30' title='bbox 717 590 781 644; x_wconf 92' lang='lat' dir='ltr'><strong>ad</strong></span> <span class='ocrx_word' id='word_1_31' title='bbox 816 585 1241 643; x_wconf 75' lang='lat' dir='ltr'><strong>satisfactionem</strong></span> <span class='ocrx_word' id='word_1_32' title='bbox 1291 580 1500 645; x_wconf 89' lang='lat' dir='ltr'><strong>venire,</strong></span> <span class='ocrx_word' id='word_1_33' title='bbox 1530 580 1654 648; x_wconf 81' lang='lat' dir='ltr'><strong>quia</strong></span> <span class='ocrx_word' id='word_1_34' title='bbox 1694 578 1944 647; x_wconf 82' lang='lat' dir='ltr'><strong>incorpo-</strong></span> 
     </span>
    </p>
   </div>
   <div class='ocr_carea' id='block_1_6' title="bbox 373 669 1942 745">
    <p class='ocr_par' dir='ltr' id='par_1_6' title="bbox 373 669 1942 745">
     <span class='ocr_line' id='line_1_6' title="bbox 373 669 1942 745; baseline -0.014 0"><span class='ocrx_word' id='word_1_35' title='bbox 373 689 500 745; x_wconf 80' lang='lat' dir='ltr'><strong>ralis</strong></span> <span class='ocrx_word' id='word_1_36' title='bbox 532 696 614 741; x_wconf 90' lang='lat' dir='ltr'><strong>est</strong></span> <span class='ocrx_word' id='word_1_37' title='bbox 641 685 803 738; x_wconf 91' lang='lat' dir='ltr'><strong>Deus.</strong></span> <span class='ocrx_word' id='word_1_38' title='bbox 855 682 947 734; x_wconf 84' lang='lat' dir='ltr'><strong>Est</strong></span> <span class='ocrx_word' id='word_1_39' title='bbox 996 689 1174 731; x_wconf 87' lang='lat' dir='ltr'><strong>autem</strong></span> <span class='ocrx_word' id='word_1_40' title='bbox 1226 674 1452 728; x_wconf 85' lang='lat' dir='ltr'><strong>rationis</strong></span> <span class='ocrx_word' id='word_1_41' title='bbox 1494 682 1550 727; x_wconf 92' lang='lat' dir='ltr'><strong>et</strong></span> <span class='ocrx_word' id='word_1_42' title='bbox 1603 672 1687 726; x_wconf 86' lang='lat' dir='ltr'><strong>his</strong></span> <span class='ocrx_word' id='word_1_43' title='bbox 1743 669 1942 726; x_wconf 88' lang='lat' dir='ltr'><strong>similia</strong></span> 
     </span>
    </p>
   </div>
   <div class='ocr_carea' id='block_1_7' title="bbox 370 762 1945 847">
    <p class='ocr_par' dir='ltr' id='par_1_7' title="bbox 370 762 1945 847">
     <span class='ocr_line' id='line_1_7' title="bbox 370 762 1945 847; baseline -0.013 -12"><span class='ocrx_word' id='word_1_44' title='bbox 370 781 591 834; x_wconf 81' lang='lat' dir='ltr'><strong>addere.</strong></span> <span class='ocrx_word' id='word_1_45' title='bbox 632 776 749 847; x_wconf 90' lang='lat' dir='ltr'><strong>Ipsa</strong></span> <span class='ocrx_word' id='word_1_46' title='bbox 799 775 943 828; x_wconf 91' lang='lat' dir='ltr'><strong>enim</strong></span> <span class='ocrx_word' id='word_1_47' title='bbox 976 770 1115 825; x_wconf 82' lang='lat' dir='ltr'><strong>visio</strong></span> <span class='ocrx_word' id='word_1_48' title='bbox 1147 766 1381 821; x_wconf 86' lang='lat' dir='ltr'><strong>Danielis</strong></span> <span class='ocrx_word' id='word_1_49' title='bbox 1426 780 1547 835; x_wconf 69' lang='lat' dir='ltr'><strong>quas</strong></span> <span class='ocrx_word' id='word_1_50' title='bbox 1574 762 1689 833; x_wconf 82' lang='lat' dir='ltr'><strong>&#39;per</strong></span> <span class='ocrx_word' id='word_1_51' title='bbox 1741 763 1945 817; x_wconf 86' lang='lat' dir='ltr'><strong>bestias</strong></span> 
     </span>
    </p>
   </div>
   <div class='ocr_carea' id='block_1_8' title="bbox 370 854 1942 932">
    <p class='ocr_par' dir='ltr' id='par_1_8' title="bbox 370 854 1942 932">
     <span class='ocr_line' id='line_1_8' title="bbox 370 854 1942 932; baseline -0.014 -5"><span class='ocrx_word' id='word_1_52' title='bbox 370 872 509 927; x_wconf 81' lang='lat' dir='ltr'><strong>facta</strong></span> <span class='ocrx_word' id='word_1_53' title='bbox 541 877 644 932; x_wconf 89' lang='lat' dir='ltr'><strong>est,</strong></span> <span class='ocrx_word' id='word_1_54' title='bbox 685 882 836 921; x_wconf 82' lang='lat' dir='ltr'><strong>soror</strong></span> <span class='ocrx_word' id='word_1_55' title='bbox 882 873 965 919; x_wconf 90' lang='lat' dir='ltr'><strong>est</strong></span> <span class='ocrx_word' id='word_1_56' title='bbox 1005 863 1120 931; x_wconf 87' lang='lat' dir='ltr'><strong>ejus</strong></span> <span class='ocrx_word' id='word_1_57' title='bbox 1145 875 1309 929; x_wconf 89' lang='lat' dir='ltr'><strong>quam</strong></span> <span class='ocrx_word' id='word_1_58' title='bbox 1346 858 1484 912; x_wconf 91' lang='lat' dir='ltr'><strong>vidit</strong></span> <span class='ocrx_word' id='word_1_59' title='bbox 1522 871 1618 926; x_wconf 91' lang='lat' dir='ltr'><strong>per</strong></span> <span class='ocrx_word' id='word_1_60' title='bbox 1652 854 1942 924; x_wconf 83' lang='lat' dir='ltr'><strong>imaginem</strong></span> 
     </span>
    </p>
   </div>
   <div class='ocr_carea' id='block_1_9' title="bbox 372 943 1942 1021">
    <p class='ocr_par' dir='ltr' id='par_1_9' title="bbox 372 943 1942 1021">
     <span class='ocr_line' id='line_1_9' title="bbox 372 943 1942 1021; baseline -0.011 -4"><span class='ocrx_word' id='word_1_61' title='bbox 372 960 890 1021; x_wconf 84' lang='lat' dir='ltr'><strong>Nabuchodonosor,</strong></span> <span class='ocrx_word' id='word_1_62' title='bbox 930 967 984 1009; x_wconf 93' lang='lat' dir='ltr'><strong>et</strong></span> <span class='ocrx_word' id='word_1_63' title='bbox 1028 953 1272 1007; x_wconf 91' lang='lat' dir='ltr'><strong>salvatur</strong></span> <span class='ocrx_word' id='word_1_64' title='bbox 1312 966 1434 1004; x_wconf 90' lang='lat' dir='ltr'><strong>cum</strong></span> <span class='ocrx_word' id='word_1_65' title='bbox 1474 947 1791 1017; x_wconf 71' lang='lat' dir='ltr'><strong>pmniletttia</strong></span> <span class='ocrx_word' id='word_1_66' title='bbox 1830 943 1942 1014; x_wconf 86' lang='lat'><strong>(79)</strong></span> 
     </span>
    </p>
   </div>
   <div class='ocr_carea' id='block_1_10' title="bbox 372 1036 1943 1123">
    <p class='ocr_par' dir='ltr' id='par_1_10' title="bbox 372 1036 1943 1123">
     <span class='ocr_line' id='line_1_10' title="bbox 372 1036 1943 1123; baseline -0.015 -14"><span class='ocrx_word' id='word_1_67' title='bbox 372 1060 768 1123; x_wconf 82' lang='lat' dir='ltr'><strong>comparantur,</strong></span> <span class='ocrx_word' id='word_1_68' title='bbox 800 1056 853 1103; x_wconf 90' lang='lat' dir='ltr'><strong>et</strong></span> <span class='ocrx_word' id='word_1_69' title='bbox 884 1062 915 1101; x_wconf 94' lang='lat' dir='ltr'><strong>e</strong></span> <span class='ocrx_word' id='word_1_70' title='bbox 942 1053 1131 1100; x_wconf 89' lang='lat' dir='ltr'><strong>contra</strong></span> <span class='ocrx_word' id='word_1_71' title='bbox 1168 1050 1445 1112; x_wconf 89' lang='lat' dir='ltr'><strong>ponuntur</strong></span> <span class='ocrx_word' id='word_1_72' title='bbox 1468 1053 1531 1092; x_wconf 89' lang='lat' dir='ltr'><strong>ea</strong></span> <span class='ocrx_word' id='word_1_73' title='bbox 1564 1052 1684 1108; x_wconf 71' lang='lat' dir='ltr'><strong>quae</strong></span> <span class='ocrx_word' id='word_1_74' title='bbox 1725 1037 1775 1089; x_wconf 94' lang='lat' dir='ltr'><strong>in</strong></span> <span class='ocrx_word' id='word_1_75' title='bbox 1813 1036 1943 1088; x_wconf 87' lang='lat' dir='ltr'><strong>ima-</strong></span> 
     </span>
    </p>
   </div>
   <div class='ocr_carea' id='block_1_11' title="bbox 370 1128 1943 1217">
    <p class='ocr_par' dir='ltr' id='par_1_11' title="bbox 370 1128 1943 1217">
     <span class='ocr_line' id='line_1_11' title="bbox 370 1128 1943 1217; baseline -0.014 -17"><span class='ocrx_word' id='word_1_76' title='bbox 370 1146 491 1217; x_wconf 89' lang='lat' dir='ltr'><strong>gine</strong></span> <span class='ocrx_word' id='word_1_77' title='bbox 512 1145 625 1198; x_wconf 89' lang='lat' dir='ltr'><strong>visa</strong></span> <span class='ocrx_word' id='word_1_78' title='bbox 649 1151 791 1207; x_wconf 90' lang='lat' dir='ltr'><strong>sunt,</strong></span> <span class='ocrx_word' id='word_1_79' title='bbox 824 1148 879 1193; x_wconf 90' lang='lat' dir='ltr'><strong>et</strong></span> <span class='ocrx_word' id='word_1_80' title='bbox 900 1154 961 1194; x_wconf 91' lang='lat' dir='ltr'><strong>ea</strong></span> <span class='ocrx_word' id='word_1_81' title='bbox 980 1152 1100 1206; x_wconf 57' lang='lat' dir='ltr'><strong>qua:</strong></span> <span class='ocrx_word' id='word_1_82' title='bbox 1121 1151 1217 1205; x_wconf 88' lang='lat' dir='ltr'><strong>per</strong></span> <span class='ocrx_word' id='word_1_83' title='bbox 1242 1134 1502 1189; x_wconf 82' lang='lat' dir='ltr'><strong>visionem</strong></span> <span class='ocrx_word' id='word_1_84' title='bbox 1524 1132 1680 1185; x_wconf 90' lang='lat' dir='ltr'><strong>istam</strong></span> <span class='ocrx_word' id='word_1_85' title='bbox 1708 1128 1943 1183; x_wconf 89' lang='lat' dir='ltr'><strong>ferarum</strong></span> 
     </span>
    </p>
   </div>
   <div class='ocr_carea' id='block_1_12' title="bbox 369 1220 1945 1295">
    <p class='ocr_par' dir='ltr' id='par_1_12' title="bbox 369 1220 1945 1295">
     <span class='ocr_line' id='line_1_12' title="bbox 369 1220 1945 1295; baseline -0.011 -3"><span class='ocrx_word' id='word_1_86' title='bbox 369 1245 585 1293; x_wconf 88' lang='lat' dir='ltr'><strong>ostensa</strong></span> <span class='ocrx_word' id='word_1_87' title='bbox 645 1240 960 1288; x_wconf 89' lang='lat' dir='ltr'><strong>noscuntur.</strong></span> <span class='ocrx_word' id='word_1_88' title='bbox 1009 1230 1253 1295; x_wconf 85' lang='lat' dir='ltr'><strong>Quatuor</strong></span> <span class='ocrx_word' id='word_1_89' title='bbox 1304 1225 1449 1279; x_wconf 88' lang='lat' dir='ltr'><strong>enim</strong></span> <span class='ocrx_word' id='word_1_90' title='bbox 1500 1231 1659 1277; x_wconf 88' lang='lat' dir='ltr'><strong>erant</strong></span> <span class='ocrx_word' id='word_1_91' title='bbox 1715 1230 1771 1274; x_wconf 92' lang='lat' dir='ltr'><strong>et</strong></span> <span class='ocrx_word' id='word_1_92' title='bbox 1824 1220 1945 1274; x_wconf 86' lang='lat' dir='ltr'><strong>istic</strong></span> 
     </span>
    </p>
   </div>
   <div class='ocr_carea' id='block_1_13' title="bbox 370 1316 1961 1391">
    <p class='ocr_par' dir='ltr' id='par_1_13' title="bbox 370 1316 1961 1391">
     <span class='ocr_line' id='line_1_13' title="bbox 370 1316 1961 1391; baseline -0.011 -6"><span class='ocrx_word' id='word_1_93' title='bbox 370 1331 497 1385; x_wconf 78' lang='lat' dir='ltr'><strong>fera:</strong></span> <span class='ocrx_word' id='word_1_94' title='bbox 520 1330 733 1382; x_wconf 89' lang='lat' dir='ltr'><strong>diversa</strong></span> <span class='ocrx_word' id='word_1_95' title='bbox 768 1334 958 1379; x_wconf 87' lang='lat' dir='ltr'><strong>natura</strong></span> <span class='ocrx_word' id='word_1_96' title='bbox 987 1340 1003 1389; x_wconf 90' lang='lat'><strong>;</strong></span> <span class='ocrx_word' id='word_1_97' title='bbox 1050 1330 1284 1391; x_wconf 87' lang='lat' dir='ltr'><strong>quatuor</strong></span> <span class='ocrx_word' id='word_1_98' title='bbox 1321 1328 1500 1372; x_wconf 88' lang='lat' dir='ltr'><strong>autem</strong></span> <span class='ocrx_word' id='word_1_99' title='bbox 1532 1326 1586 1371; x_wconf 92' lang='lat' dir='ltr'><strong>et</strong></span> <span class='ocrx_word' id='word_1_100' title='bbox 1619 1316 1727 1371; x_wconf 87' lang='lat' dir='ltr'><strong>illic</strong></span> <span class='ocrx_word' id='word_1_101' title='bbox 1774 1323 1961 1369; x_wconf 47' lang='lat' dir='ltr'><strong>mater</strong></span> 
     </span>
    </p>
   </div>
   <div class='ocr_carea' id='block_1_14' title="bbox 370 1405 1943 1482">
    <p class='ocr_par' dir='ltr' id='par_1_14' title="bbox 370 1405 1943 1482">
     <span class='ocr_line' id='line_1_14' title="bbox 370 1405 1943 1482; baseline -0.012 -5"><span class='ocrx_word' id='word_1_102' title='bbox 370 1424 465 1477; x_wconf 69' lang='lat' dir='ltr'><strong>ria:</strong></span> <span class='ocrx_word' id='word_1_103' title='bbox 492 1426 826 1476; x_wconf 88' lang='lat' dir='ltr'><strong>concurrunt</strong></span> <span class='ocrx_word' id='word_1_104' title='bbox 858 1416 924 1469; x_wconf 90' lang='lat' dir='ltr'><strong>ad</strong></span> <span class='ocrx_word' id='word_1_105' title='bbox 967 1412 1416 1482; x_wconf 87' lang='lat' dir='ltr'><strong>compositionem</strong></span> <span class='ocrx_word' id='word_1_106' title='bbox 1460 1409 1619 1462; x_wconf 90' lang='lat' dir='ltr'><strong>unius</strong></span> <span class='ocrx_word' id='word_1_107' title='bbox 1664 1405 1943 1475; x_wconf 82' lang='lat' dir='ltr'><strong>imaginis,</strong></span> 
     </span>
    </p>
   </div>
   <div class='ocr_carea' id='block_1_15' title="bbox 368 1501 1944 1579">
    <p class='ocr_par' dir='ltr' id='par_1_15' title="bbox 368 1501 1944 1579">
     <span class='ocr_line' id='line_1_15' title="bbox 368 1501 1944 1579; baseline -0.012 -10"><span class='ocrx_word' id='word_1_108' title='bbox 368 1524 424 1569; x_wconf 90' lang='lat' dir='ltr'><strong>et</strong></span> <span class='ocrx_word' id='word_1_109' title='bbox 462 1513 594 1568; x_wconf 85' lang='lat' dir='ltr'><strong>nihil</strong></span> <span class='ocrx_word' id='word_1_110' title='bbox 624 1527 720 1565; x_wconf 90' lang='lat' dir='ltr'><strong>nos</strong></span> <span class='ocrx_word' id='word_1_111' title='bbox 749 1508 999 1579; x_wconf 85' lang='lat' dir='ltr'><strong>prohibet</strong></span> <span class='ocrx_word' id='word_1_112' title='bbox 1030 1520 1193 1558; x_wconf 88' lang='lat' dir='ltr'><strong>unum</strong></span> <span class='ocrx_word' id='word_1_113' title='bbox 1220 1505 1285 1557; x_wconf 90' lang='lat' dir='ltr'><strong>ad</strong></span> <span class='ocrx_word' id='word_1_114' title='bbox 1313 1517 1480 1557; x_wconf 91' lang='lat' dir='ltr'><strong>unum</strong></span> <span class='ocrx_word' id='word_1_115' title='bbox 1510 1501 1846 1569; x_wconf 89' lang='lat' dir='ltr'><strong>interrogare</strong></span> <span class='ocrx_word' id='word_1_116' title='bbox 1888 1505 1944 1551; x_wconf 89' lang='lat' dir='ltr'><strong>et</strong></span> 
     </span>
    </p>
   </div>
   <div class='ocr_carea' id='block_1_16' title="bbox 367 1594 1943 1672">
    <p class='ocr_par' dir='ltr' id='par_1_16' title="bbox 367 1594 1943 1672">
     <span class='ocr_line' id='line_1_16' title="bbox 367 1594 1943 1672; baseline -0.013 -10"><span class='ocrx_word' id='word_1_117' title='bbox 367 1608 572 1662; x_wconf 86' lang='lat' dir='ltr'><strong>videre.</strong></span> <span class='ocrx_word' id='word_1_118' title='bbox 600 1604 709 1658; x_wconf 87' lang='lat' dir='ltr'><strong>Lea</strong></span> <span class='ocrx_word' id='word_1_119' title='bbox 733 1614 962 1672; x_wconf 81' lang='lat' dir='ltr'><strong>regnans</strong></span> <span class='ocrx_word' id='word_1_120' title='bbox 1001 1598 1231 1653; x_wconf 88' lang='lat' dir='ltr'><strong>habetur</strong></span> <span class='ocrx_word' id='word_1_121' title='bbox 1266 1595 1319 1649; x_wconf 93' lang='lat' dir='ltr'><strong>in</strong></span> <span class='ocrx_word' id='word_1_122' title='bbox 1349 1594 1477 1649; x_wconf 88' lang='lat' dir='ltr'><strong>feris</strong></span> <span class='ocrx_word' id='word_1_123' title='bbox 1505 1610 1518 1645; x_wconf 90' lang='lat'><strong>:</strong></span> <span class='ocrx_word' id='word_1_124' title='bbox 1545 1607 1733 1645; x_wconf 90' lang='lat' dir='ltr'><strong>aurum</strong></span> <span class='ocrx_word' id='word_1_125' title='bbox 1762 1601 1943 1643; x_wconf 87' lang='lat' dir='ltr'><strong>autem</strong></span> 
     </span>
    </p>
   </div>
   <div class='ocr_carea' id='block_1_17' title="bbox 367 1683 1945 1768">
    <p class='ocr_par' dir='ltr' id='par_1_17' title="bbox 367 1683 1945 1768">
     <span class='ocr_line' id='line_1_17' title="bbox 367 1683 1945 1768; baseline -0.013 -15"><span class='ocrx_word' id='word_1_126' title='bbox 367 1696 679 1768; x_wconf 65' lang='lat' dir='ltr'><strong>praecedens</strong></span> <span class='ocrx_word' id='word_1_127' title='bbox 726 1694 776 1748; x_wconf 93' lang='lat' dir='ltr'><strong>in</strong></span> <span class='ocrx_word' id='word_1_128' title='bbox 818 1690 1118 1746; x_wconf 89' lang='lat' dir='ltr'><strong>istiusmodi</strong></span> <span class='ocrx_word' id='word_1_129' title='bbox 1164 1687 1408 1743; x_wconf 91' lang='lat' dir='ltr'><strong>materiis</strong></span> <span class='ocrx_word' id='word_1_130' title='bbox 1438 1704 1450 1739; x_wconf 91' lang='lat'>:</span> <span class='ocrx_word' id='word_1_131' title='bbox 1478 1684 1641 1754; x_wconf 82' lang='lat' dir='ltr'><strong>fulget</strong></span> <span class='ocrx_word' id='word_1_132' title='bbox 1689 1683 1855 1745; x_wconf 90' lang='lat' dir='ltr'><strong>enim,</strong></span> <span class='ocrx_word' id='word_1_133' title='bbox 1890 1688 1945 1733; x_wconf 91' lang='lat' dir='ltr'><strong>et</strong></span> 
     </span>
    </p>
   </div>
   <div class='ocr_carea' id='block_1_18' title="bbox 369 1779 1945 1858">
    <p class='ocr_par' dir='ltr' id='par_1_18' title="bbox 369 1779 1945 1858">
     <span class='ocr_line' id='line_1_18' title="bbox 369 1779 1945 1858; baseline -0.013 -11"><span class='ocrx_word' id='word_1_134' title='bbox 369 1794 508 1848; x_wconf 84' lang='lat' dir='ltr'><strong>sicut</strong></span> <span class='ocrx_word' id='word_1_135' title='bbox 537 1788 675 1858; x_wconf 82' lang='lat' dir='ltr'><strong>ignis</strong></span> <span class='ocrx_word' id='word_1_136' title='bbox 720 1802 772 1840; x_wconf 83' lang='lat' dir='ltr'><strong>in</strong></span> <span class='ocrx_word' id='word_1_137' title='bbox 816 1794 1009 1851; x_wconf 84' lang='lat' dir='ltr'><strong>nocte,</strong></span> <span class='ocrx_word' id='word_1_138' title='bbox 1053 1784 1126 1835; x_wconf 91' lang='lat' dir='ltr'><strong>ita</strong></span> <span class='ocrx_word' id='word_1_139' title='bbox 1169 1795 1360 1833; x_wconf 90' lang='lat' dir='ltr'><strong>aurum</strong></span> <span class='ocrx_word' id='word_1_140' title='bbox 1408 1779 1551 1832; x_wconf 91' lang='lat' dir='ltr'><strong>inter</strong></span> <span class='ocrx_word' id='word_1_141' title='bbox 1590 1785 1780 1830; x_wconf 67' lang='lat' dir='ltr'><strong>caetera</strong></span> <span class='ocrx_word' id='word_1_142' title='bbox 1826 1788 1945 1843; x_wconf 67' lang='lat' dir='ltr'><strong>quae</strong></span> 
     </span>
    </p>
   </div>
   <div class='ocr_carea' id='block_1_19' title="bbox 369 1866 1944 1954">
    <p class='ocr_par' dir='ltr' id='par_1_19' title="bbox 369 1866 1944 1954">
     <span class='ocr_line' id='line_1_19' title="bbox 369 1866 1944 1954; baseline -0.013 -16"><span class='ocrx_word' id='word_1_143' title='bbox 369 1882 732 1954; x_wconf 85' lang='lat' dir='ltr'><strong>possidentur.</strong></span> <span class='ocrx_word' id='word_1_144' title='bbox 782 1876 1128 1944; x_wconf 83' lang='lat' dir='ltr'><strong>Accipiamus</strong></span> <span class='ocrx_word' id='word_1_145' title='bbox 1170 1872 1333 1940; x_wconf 78' lang='lat' dir='ltr'><strong>igitur</strong></span> <span class='ocrx_word' id='word_1_146' title='bbox 1362 1870 1430 1924; x_wconf 91' lang='lat' dir='ltr'><strong>ab</strong></span> <span class='ocrx_word' id='word_1_147' title='bbox 1463 1868 1694 1937; x_wconf 76' lang='lat' dir='ltr'><strong>imagine</strong></span> <span class='ocrx_word' id='word_1_148' title='bbox 1727 1866 1944 1936; x_wconf 85' lang='lat' dir='ltr'><strong>quidem</strong></span> 
     </span>
    </p>
   </div>
   <div class='ocr_carea' id='block_1_20' title="bbox 368 1957 1946 2044">
    <p class='ocr_par' dir='ltr' id='par_1_20' title="bbox 368 1957 1946 2044">
     <span class='ocr_line' id='line_1_20' title="bbox 368 1957 1946 2044; baseline -0.011 -15"><span class='ocrx_word' id='word_1_149' title='bbox 368 1985 529 2044; x_wconf 86' lang='lat' dir='ltr'><strong>caput</strong></span> <span class='ocrx_word' id='word_1_150' title='bbox 576 1986 834 2037; x_wconf 89' lang='lat' dir='ltr'><strong>aureum;</strong></span> <span class='ocrx_word' id='word_1_151' title='bbox 888 1984 915 2021; x_wconf 90' lang='lat' dir='ltr'><strong>a</strong></span> <span class='ocrx_word' id='word_1_152' title='bbox 959 1966 1165 2020; x_wconf 83' lang='lat' dir='ltr'><strong>visione</strong></span> <span class='ocrx_word' id='word_1_153' title='bbox 1218 1974 1399 2018; x_wconf 91' lang='lat' dir='ltr'><strong>autem</strong></span> <span class='ocrx_word' id='word_1_154' title='bbox 1445 1961 1604 2016; x_wconf 91' lang='lat' dir='ltr'><strong>istam</strong></span> <span class='ocrx_word' id='word_1_155' title='bbox 1655 1959 1819 2015; x_wconf 87' lang='lat' dir='ltr'><strong>leam.</strong></span> <span class='ocrx_word' id='word_1_156' title='bbox 1879 1957 1946 2012; x_wconf 85' lang='lat' dir='ltr'><strong>Et</strong></span> 
     </span>
    </p>
   </div>
   <div class='ocr_carea' id='block_1_21' title="bbox 356 2054 1945 2130">
    <p class='ocr_par' dir='ltr' id='par_1_21' title="bbox 356 2054 1945 2130">
     <span class='ocr_line' id='line_1_21' title="bbox 356 2054 1945 2130; baseline -0.012 -9"><span class='ocrx_word' id='word_1_157' title='bbox 356 2066 510 2122; x_wconf 82' lang='lat' dir='ltr'><strong>forte</strong></span> <span class='ocrx_word' id='word_1_158' title='bbox 534 2065 654 2119; x_wconf 87' lang='lat' dir='ltr'><strong>ideo</strong></span> <span class='ocrx_word' id='word_1_159' title='bbox 684 2073 914 2130; x_wconf 88' lang='lat' dir='ltr'><strong>utraque</strong></span> <span class='ocrx_word' id='word_1_160' title='bbox 949 2058 1177 2114; x_wconf 91' lang='lat' dir='ltr'><strong>femineo</strong></span> <span class='ocrx_word' id='word_1_161' title='bbox 1223 2055 1461 2119; x_wconf 89' lang='lat' dir='ltr'><strong>nomine,</strong></span> <span class='ocrx_word' id='word_1_162' title='bbox 1509 2054 1635 2123; x_wconf 88' lang='lat' dir='ltr'><strong>quia</strong></span> <span class='ocrx_word' id='word_1_163' title='bbox 1672 2062 1727 2105; x_wconf 92' lang='lat' dir='ltr'><strong>et</strong></span> <span class='ocrx_word' id='word_1_164' title='bbox 1758 2066 1945 2120; x_wconf 88' lang='lat' dir='ltr'><strong>regna.</strong></span> 
     </span>
    </p>
   </div>
   <div class='ocr_carea' id='block_1_22' title="bbox 372 2143 1944 2221">
    <p class='ocr_par' dir='ltr' id='par_1_22' title="bbox 372 2143 1944 2221">
     <span class='ocr_line' id='line_1_22' title="bbox 372 2143 1944 2221; baseline -0.01 -12"><span class='ocrx_word' id='word_1_165' title='bbox 372 2156 501 2211; x_wconf 88' lang='lat' dir='ltr'><strong>lndc</strong></span> <span class='ocrx_word' id='word_1_166' title='bbox 553 2155 885 2209; x_wconf 88' lang='lat' dir='ltr'><strong>acciniamus</strong></span> <span class='ocrx_word' id='word_1_167' title='bbox 935 2159 1253 2221; x_wconf 86' lang='lat' dir='ltr'><strong>argenteum</strong></span> <span class='ocrx_word' id='word_1_168' title='bbox 1308 2155 1521 2216; x_wconf 87' lang='lat' dir='ltr'><strong>pectus,</strong></span> <span class='ocrx_word' id='word_1_169' title='bbox 1571 2153 1628 2200; x_wconf 88' lang='lat' dir='ltr'><strong>et</strong></span> <span class='ocrx_word' id='word_1_170' title='bbox 1673 2143 1944 2198; x_wconf 80' lang='lat' dir='ltr'><strong>brachia:</strong></span> 
     </span>
    </p>
   </div>
   <div class='ocr_carea' id='block_1_23' title="bbox 370 2232 1946 2317">
    <p class='ocr_par' dir='ltr' id='par_1_23' title="bbox 370 2232 1946 2317">
     <span class='ocr_line' id='line_1_23' title="bbox 370 2232 1946 2317; baseline -0.011 -17"><span class='ocrx_word' id='word_1_171' title='bbox 370 2255 491 2317; x_wconf 90' lang='lat' dir='ltr'><strong>post</strong></span> <span class='ocrx_word' id='word_1_172' title='bbox 530 2259 743 2306; x_wconf 87' lang='lat' dir='ltr'><strong>aurum,</strong></span> <span class='ocrx_word' id='word_1_173' title='bbox 768 2250 1052 2310; x_wconf 76' lang='lat' dir='ltr'><strong>argentum</strong></span> <span class='ocrx_word' id='word_1_174' title='bbox 1078 2279 1093 2303; x_wconf 91' lang='lat'><strong>,</strong></span> <span class='ocrx_word' id='word_1_175' title='bbox 1132 2246 1258 2307; x_wconf 88' lang='lat' dir='ltr'><strong>post</strong></span> <span class='ocrx_word' id='word_1_176' title='bbox 1284 2235 1447 2297; x_wconf 88' lang='lat' dir='ltr'><strong>leam,</strong></span> <span class='ocrx_word' id='word_1_177' title='bbox 1471 2249 1655 2289; x_wconf 90' lang='lat' dir='ltr'><strong>ursum</strong></span> <span class='ocrx_word' id='word_1_178' title='bbox 1691 2248 1706 2286; x_wconf 90' lang='lat'><strong>:</strong></span> <span class='ocrx_word' id='word_1_179' title='bbox 1743 2241 1797 2286; x_wconf 91' lang='lat' dir='ltr'><strong>et</strong></span> <span class='ocrx_word' id='word_1_180' title='bbox 1822 2232 1946 2293; x_wconf 86' lang='lat' dir='ltr'><strong>tria,</strong></span> 
     </span>
    </p>
   </div>
   <div class='ocr_carea' id='block_1_24' title="bbox 372 2320 1946 2397">
    <p class='ocr_par' dir='ltr' id='par_1_24' title="bbox 372 2320 1946 2397">
     <span class='ocr_line' id='line_1_24' title="bbox 372 2320 1946 2397; baseline -0.013 -5"><span class='ocrx_word' id='word_1_181' title='bbox 372 2338 483 2392; x_wconf 82' lang='lat' dir='ltr'><strong>illic</strong></span> <span class='ocrx_word' id='word_1_182' title='bbox 522 2342 896 2395; x_wconf 60' lang='lat' dir='ltr'><strong>atramentum,</strong></span> <span class='ocrx_word' id='word_1_183' title='bbox 942 2329 1065 2384; x_wconf 90' lang='lat' dir='ltr'><strong>istic</strong></span> <span class='ocrx_word' id='word_1_184' title='bbox 1111 2326 1385 2397; x_wconf 88' lang='lat' dir='ltr'><strong>pardum;</strong></span> <span class='ocrx_word' id='word_1_185' title='bbox 1433 2322 1756 2379; x_wconf 86' lang='lat' dir='ltr'><strong>subducitur</strong></span> <span class='ocrx_word' id='word_1_186' title='bbox 1805 2320 1946 2373; x_wconf 91' lang='lat' dir='ltr'><strong>enim</strong></span> 
     </span>
    </p>
   </div>
   <div class='ocr_carea' id='block_1_25' title="bbox 370 2415 1947 2497">
    <p class='ocr_par' dir='ltr' id='par_1_25' title="bbox 370 2415 1947 2497">
     <span class='ocr_line' id='line_1_25' title="bbox 370 2415 1947 2497; baseline -0.012 -12"><span class='ocrx_word' id='word_1_187' title='bbox 370 2429 664 2486; x_wconf 86' lang='lat' dir='ltr'><strong>secundum</strong></span> <span class='ocrx_word' id='word_1_188' title='bbox 700 2423 1076 2497; x_wconf 77' lang='lat' dir='ltr'><strong>paenitentiam</strong></span> <span class='ocrx_word' id='word_1_189' title='bbox 1114 2417 1228 2491; x_wconf 86' lang='lat'><strong>(80)</strong></span> <span class='ocrx_word' id='word_1_190' title='bbox 1270 2416 1623 2487; x_wconf 87' lang='lat' dir='ltr'><strong>comparatio.</strong></span> <span class='ocrx_word' id='word_1_191' title='bbox 1675 2415 1803 2470; x_wconf 85' lang='lat' dir='ltr'><strong>inde</strong></span> <span class='ocrx_word' id='word_1_192' title='bbox 1837 2418 1947 2481; x_wconf 82' lang='lat' dir='ltr'><strong>jam</strong></span> 
     </span>
    </p>
   </div>
   <div class='ocr_carea' id='block_1_26' title="bbox 374 2507 1951 2591">
    <p class='ocr_par' dir='ltr' id='par_1_26' title="bbox 374 2507 1951 2591">
     <span class='ocr_line' id='line_1_26' title="bbox 374 2507 1951 2591; baseline -0.011 -15"><span class='ocrx_word' id='word_1_193' title='bbox 374 2521 694 2591; x_wconf 91' lang='lat' dir='ltr'><strong>permistum</strong></span> <span class='ocrx_word' id='word_1_194' title='bbox 742 2518 943 2589; x_wconf 78' lang='lat' dir='ltr'><strong>ferrum</strong></span> <span class='ocrx_word' id='word_1_195' title='bbox 989 2529 1113 2569; x_wconf 87' lang='lat' dir='ltr'><strong>cum</strong></span> <span class='ocrx_word' id='word_1_196' title='bbox 1155 2520 1336 2576; x_wconf 89' lang='lat' dir='ltr'><strong>testa;</strong></span> <span class='ocrx_word' id='word_1_197' title='bbox 1398 2510 1523 2565; x_wconf 91' lang='lat' dir='ltr'><strong>istic</strong></span> <span class='ocrx_word' id='word_1_198' title='bbox 1574 2507 1747 2562; x_wconf 87' lang='lat' dir='ltr'><strong>bestia</strong></span> <span class='ocrx_word' id='word_1_199' title='bbox 1796 2507 1951 2575; x_wconf 89' lang='lat' dir='ltr'><strong>cujus</strong></span> 
     </span>
    </p>
   </div>
   <div class='ocr_carea' id='block_1_27' title="bbox 316 2599 1952 2683">
    <p class='ocr_par' dir='ltr' id='par_1_27' title="bbox 316 2599 1952 2683">
     <span class='ocr_line' id='line_1_27' title="bbox 316 2599 1952 2683; baseline -0.009 -15"><span class='ocrx_word' id='word_1_200' title='bbox 316 2620 319 2625; x_wconf 79' lang='grc'><em>’</em></span> <span class='ocrx_word' id='word_1_201' title='bbox 375 2615 604 2683; x_wconf 87' lang='lat' dir='ltr'><strong>llguram</strong></span> <span class='ocrx_word' id='word_1_202' title='bbox 657 2619 881 2681; x_wconf 88' lang='lat' dir='ltr'><strong>propter</strong></span> <span class='ocrx_word' id='word_1_203' title='bbox 918 2607 1236 2661; x_wconf 79' lang='lat' dir='ltr'><strong>varietatem</strong></span> <span class='ocrx_word' id='word_1_204' title='bbox 1286 2618 1391 2659; x_wconf 88' lang='lat' dir='ltr'><strong>non</strong></span> <span class='ocrx_word' id='word_1_205' title='bbox 1444 2600 1828 2656; x_wconf 84' lang='lat' dir='ltr'><strong>manifestavit.</strong></span> <span class='ocrx_word' id='word_1_206' title='bbox 1886 2599 1952 2653; x_wconf 80' lang='lat' dir='ltr'><strong>Et</strong></span> 
     </span>
    </p>
   </div>
   <div class='ocr_carea' id='block_1_28' title="bbox 375 2690 1952 2773">
    <p class='ocr_par' dir='ltr' id='par_1_28' title="bbox 375 2690 1952 2773">
     <span class='ocr_line' id='line_1_28' title="bbox 375 2690 1952 2773; baseline -0.011 -13"><span class='ocrx_word' id='word_1_207' title='bbox 375 2706 486 2761; x_wconf 90' lang='lat' dir='ltr'><strong>illic</strong></span> <span class='ocrx_word' id='word_1_208' title='bbox 525 2704 662 2773; x_wconf 86' lang='lat' dir='ltr'><strong>lapis</strong></span> <span class='ocrx_word' id='word_1_209' title='bbox 685 2700 1005 2758; x_wconf 89' lang='lat' dir='ltr'><strong>comminuit</strong></span> <span class='ocrx_word' id='word_1_210' title='bbox 1045 2698 1375 2766; x_wconf 82' lang='lat' dir='ltr'><strong>imaginem;</strong></span> <span class='ocrx_word' id='word_1_211' title='bbox 1408 2694 1528 2748; x_wconf 85' lang='lat' dir='ltr'><strong>istic</strong></span> <span class='ocrx_word' id='word_1_212' title='bbox 1552 2693 1718 2763; x_wconf 81' lang='lat' dir='ltr'><strong>judex</strong></span> <span class='ocrx_word' id='word_1_213' title='bbox 1744 2690 1952 2761; x_wconf 83' lang='lat' dir='ltr'><strong>judicat</strong></span> 
     </span>
    </p>
   </div>
   <div class='ocr_carea' id='block_1_29' title="bbox 376 2783 1951 2862">
    <p class='ocr_par' dir='ltr' id='par_1_29' title="bbox 376 2783 1951 2862">
     <span class='ocr_line' id='line_1_29' title="bbox 376 2783 1951 2862; baseline -0.011 -9"><span class='ocrx_word' id='word_1_214' title='bbox 376 2796 601 2853; x_wconf 89' lang='lat' dir='ltr'><strong>bestias.</strong></span> <span class='ocrx_word' id='word_1_215' title='bbox 647 2794 705 2848; x_wconf 89' lang='lat' dir='ltr'><strong>Si</strong></span> <span class='ocrx_word' id='word_1_216' title='bbox 750 2793 870 2862; x_wconf 89' lang='lat' dir='ltr'><strong>quis</strong></span> <span class='ocrx_word' id='word_1_217' title='bbox 920 2792 1085 2861; x_wconf 90' lang='lat' dir='ltr'><strong>igitur</strong></span> <span class='ocrx_word' id='word_1_218' title='bbox 1135 2787 1510 2842; x_wconf 90' lang='lat' dir='ltr'><strong>contentiosns</strong></span> <span class='ocrx_word' id='word_1_219' title='bbox 1553 2784 1788 2838; x_wconf 86' lang='lat' dir='ltr'><strong>voluerit</strong></span> <span class='ocrx_word' id='word_1_220' title='bbox 1836 2783 1951 2837; x_wconf 65' lang='lat' dir='ltr'><strong>haec</strong></span> 
     </span>
    </p>
   </div>
   <div class='ocr_carea' id='block_1_30' title="bbox 374 2880 1949 2951">
    <p class='ocr_par' dir='ltr' id='par_1_30' title="bbox 374 2880 1949 2951">
     <span class='ocr_line' id='line_1_30' title="bbox 374 2880 1949 2951; baseline -0.009 -10"><span class='ocrx_word' id='word_1_221' title='bbox 374 2886 604 2943; x_wconf 74' lang='lat' dir='ltr'><strong>visibilia</strong></span> <span class='ocrx_word' id='word_1_222' title='bbox 634 2899 785 2951; x_wconf 88' lang='lat' dir='ltr'><strong>esse,</strong></span> <span class='ocrx_word' id='word_1_223' title='bbox 823 2884 967 2938; x_wconf 82' lang='lat' dir='ltr'><strong>dicat</strong></span> <span class='ocrx_word' id='word_1_224' title='bbox 1000 2880 1154 2935; x_wconf 89' lang='lat' dir='ltr'><strong>nobis</strong></span> <span class='ocrx_word' id='word_1_225' title='bbox 1182 2888 1361 2933; x_wconf 92' lang='lat' dir='ltr'><strong>utrum</strong></span> <span class='ocrx_word' id='word_1_226' title='bbox 1402 2884 1566 2945; x_wconf 87' lang='lat' dir='ltr'><strong>caput</strong></span> <span class='ocrx_word' id='word_1_227' title='bbox 1602 2884 1685 2930; x_wconf 94' lang='lat' dir='ltr'><strong>est</strong></span> <span class='ocrx_word' id='word_1_228' title='bbox 1724 2888 1949 2929; x_wconf 83' lang='lat' dir='ltr'><strong>aureum</strong></span> 
     </span>
    </p>
   </div>
   <div class='ocr_carea' id='block_1_31' title="bbox 376 2970 1953 3046">
    <p class='ocr_par' dir='ltr' id='par_1_31' title="bbox 376 2970 1953 3046">
     <span class='ocr_line' id='line_1_31' title="bbox 376 2970 1953 3046; baseline -0.01 -12"><span class='ocrx_word' id='word_1_229' title='bbox 376 2980 461 3035; x_wconf 88' lang='lat' dir='ltr'><strong>lea</strong></span> <span class='ocrx_word' id='word_1_230' title='bbox 501 2996 513 3031; x_wconf 90' lang='lat'><strong>:</strong></span> <span class='ocrx_word' id='word_1_231' title='bbox 550 2988 778 3046; x_wconf 90' lang='lat' dir='ltr'><strong>utraque</strong></span> <span class='ocrx_word' id='word_1_232' title='bbox 828 2975 972 3029; x_wconf 89' lang='lat' dir='ltr'><strong>enim</strong></span> <span class='ocrx_word' id='word_1_233' title='bbox 1027 2972 1095 3026; x_wconf 88' lang='lat' dir='ltr'><strong>ad</strong></span> <span class='ocrx_word' id='word_1_234' title='bbox 1155 2972 1258 3025; x_wconf 89' lang='lat' dir='ltr'><strong>hoc</strong></span> <span class='ocrx_word' id='word_1_235' title='bbox 1304 2970 1477 3039; x_wconf 86' lang='lat' dir='ltr'><strong>ipsum</strong></span> <span class='ocrx_word' id='word_1_236' title='bbox 1510 2974 1861 3031; x_wconf 83' lang='lat' dir='ltr'><strong>concurrunt,</strong></span> <span class='ocrx_word' id='word_1_237' title='bbox 1895 2975 1953 3021; x_wconf 90' lang='lat' dir='ltr'><strong>et</strong></span> 
     </span>
    </p>
   </div>
   <div class='ocr_carea' id='block_1_32' title="bbox 377 3057 1947 3139">
    <p class='ocr_par' dir='ltr' id='par_1_32' title="bbox 377 3057 1947 3139">
     <span class='ocr_line' id='line_1_32' title="bbox 377 3057 1947 3139; baseline -0.008 -16"><span class='ocrx_word' id='word_1_238' title='bbox 377 3080 608 3139; x_wconf 88' lang='lat' dir='ltr'><strong>utraque</strong></span> <span class='ocrx_word' id='word_1_239' title='bbox 652 3065 752 3121; x_wconf 88' lang='lat' dir='ltr'><strong>sibi</strong></span> <span class='ocrx_word' id='word_1_240' title='bbox 794 3079 899 3117; x_wconf 91' lang='lat' dir='ltr'><strong>non</strong></span> <span class='ocrx_word' id='word_1_241' title='bbox 953 3062 1175 3126; x_wconf 86' lang='lat' dir='ltr'><strong>similia,</strong></span> <span class='ocrx_word' id='word_1_242' title='bbox 1226 3073 1402 3127; x_wconf 90' lang='lat' dir='ltr'><strong>neque</strong></span> <span class='ocrx_word' id='word_1_243' title='bbox 1434 3060 1524 3127; x_wconf 90' lang='lat' dir='ltr'><strong>qui</strong></span> <span class='ocrx_word' id='word_1_244' title='bbox 1572 3057 1947 3111; x_wconf 89' lang='lat' dir='ltr'><strong>annuntiatur.</strong></span> 
     </span>
    </p>
   </div>
   <div class='ocr_carea' id='block_1_33' title="bbox 376 3150 1952 3229">
    <p class='ocr_par' dir='ltr' id='par_1_33' title="bbox 376 3150 1952 3229">
     <span class='ocr_line' id='line_1_33' title="bbox 376 3150 1952 3229; baseline -0.006 -14"><span class='ocrx_word' id='word_1_245' title='bbox 376 3160 515 3229; x_wconf 84' lang='lat' dir='ltr'><strong>Quid</strong></span> <span class='ocrx_word' id='word_1_246' title='bbox 545 3159 689 3213; x_wconf 89' lang='lat' dir='ltr'><strong>enim</strong></span> <span class='ocrx_word' id='word_1_247' title='bbox 716 3158 781 3210; x_wconf 85' lang='lat' dir='ltr'><strong>ad</strong></span> <span class='ocrx_word' id='word_1_248' title='bbox 816 3156 955 3210; x_wconf 89' lang='lat' dir='ltr'><strong>leam</strong></span> <span class='ocrx_word' id='word_1_249' title='bbox 986 3153 1218 3208; x_wconf 79' lang='lat' dir='ltr'><strong>aurum?</strong></span> <span class='ocrx_word' id='word_1_250' title='bbox 1250 3151 1392 3218; x_wconf 85' lang='lat' dir='ltr'><strong>Quid</strong></span> <span class='ocrx_word' id='word_1_251' title='bbox 1422 3161 1603 3205; x_wconf 93' lang='lat' dir='ltr'><strong>autem</strong></span> <span class='ocrx_word' id='word_1_252' title='bbox 1631 3160 1861 3220; x_wconf 91' lang='lat' dir='ltr'><strong>utraque</strong></span> <span class='ocrx_word' id='word_1_253' title='bbox 1885 3150 1952 3205; x_wconf 91' lang='lat' dir='ltr'><strong>ad</strong></span> 
     </span>
    </p>
   </div>
   <div class='ocr_carea' id='block_1_34' title="bbox 379 3243 1955 3320">
    <p class='ocr_par' dir='ltr' id='par_1_34' title="bbox 379 3243 1955 3320">
     <span class='ocr_line' id='line_1_34' title="bbox 379 3243 1955 3320; baseline -0.007 -14"><span class='ocrx_word' id='word_1_254' title='bbox 379 3247 643 3320; x_wconf 74' lang='lat' dir='ltr'><strong>regnum?</strong></span> <span class='ocrx_word' id='word_1_255' title='bbox 667 3261 722 3301; x_wconf 90' lang='lat' dir='ltr'><strong>et</strong></span> <span class='ocrx_word' id='word_1_256' title='bbox 749 3248 821 3300; x_wconf 88' lang='lat' dir='ltr'><strong>ita</strong></span> <span class='ocrx_word' id='word_1_257' title='bbox 859 3261 923 3300; x_wconf 91' lang='lat' dir='ltr'><strong>ea</strong></span> <span class='ocrx_word' id='word_1_258' title='bbox 953 3260 1073 3313; x_wconf 66' lang='lat' dir='ltr'><strong>quae</strong></span> <span class='ocrx_word' id='word_1_259' title='bbox 1101 3243 1482 3312; x_wconf 83' lang='lat' dir='ltr'><strong>insequuntur,</strong></span> <span class='ocrx_word' id='word_1_260' title='bbox 1503 3257 1622 3312; x_wconf 67' lang='lat' dir='ltr'><strong>quae</strong></span> <span class='ocrx_word' id='word_1_261' title='bbox 1648 3243 1793 3296; x_wconf 89' lang='lat' dir='ltr'><strong>etab</strong></span> <span class='ocrx_word' id='word_1_262' title='bbox 1821 3244 1955 3295; x_wconf 87' lang='lat' dir='ltr'><strong>ima-</strong></span> 
     </span>
    </p>
   </div>
   <div class='ocr_carea' id='block_1_35' title="bbox 378 3334 1959 3413">
    <p class='ocr_par' dir='ltr' id='par_1_35' title="bbox 378 3334 1959 3413">
     <span class='ocr_line' id='line_1_35' title="bbox 378 3334 1959 3413; baseline -0.006 -16"><span class='ocrx_word' id='word_1_263' title='bbox 378 3342 504 3413; x_wconf 86' lang='lat' dir='ltr'><strong>gine</strong></span> <span class='ocrx_word' id='word_1_264' title='bbox 534 3339 905 3409; x_wconf 88' lang='lat' dir='ltr'><strong>proferuntur,</strong></span> <span class='ocrx_word' id='word_1_265' title='bbox 934 3346 987 3391; x_wconf 93' lang='lat' dir='ltr'><strong>et</strong></span> <span class='ocrx_word' id='word_1_266' title='bbox 1016 3350 1133 3405; x_wconf 72' lang='lat' dir='ltr'><strong>quae</strong></span> <span class='ocrx_word' id='word_1_267' title='bbox 1162 3350 1191 3388; x_wconf 92' lang='lat' dir='ltr'><strong>a</strong></span> <span class='ocrx_word' id='word_1_268' title='bbox 1226 3334 1413 3389; x_wconf 89' lang='lat' dir='ltr'><strong>bestiis</strong></span> <span class='ocrx_word' id='word_1_269' title='bbox 1458 3335 1860 3389; x_wconf 85' lang='lat' dir='ltr'><strong>discernuntur.</strong></span> <span class='ocrx_word' id='word_1_270' title='bbox 1892 3334 1959 3389; x_wconf 82' lang='lat' dir='ltr'><strong>Et</strong></span> 
     </span>
    </p>
   </div>
   <div class='ocr_carea' id='block_1_36' title="bbox 380 3426 1953 3502">
    <p class='ocr_par' dir='ltr' id='par_1_36' title="bbox 380 3426 1953 3502">
     <span class='ocr_line' id='line_1_36' title="bbox 380 3426 1953 3502; baseline -0.005 -13"><span class='ocrx_word' id='word_1_271' title='bbox 380 3434 489 3490; x_wconf 92' lang='lat' dir='ltr'><strong>illic</strong></span> <span class='ocrx_word' id='word_1_272' title='bbox 526 3434 663 3502; x_wconf 89' lang='lat' dir='ltr'><strong>lapis</strong></span> <span class='ocrx_word' id='word_1_273' title='bbox 691 3433 810 3486; x_wconf 87' lang='lat' dir='ltr'><strong>sine</strong></span> <span class='ocrx_word' id='word_1_274' title='bbox 838 3430 1105 3495; x_wconf 90' lang='lat' dir='ltr'><strong>manibus,</strong></span> <span class='ocrx_word' id='word_1_275' title='bbox 1138 3438 1198 3483; x_wconf 92' lang='lat' dir='ltr'><strong>ut</strong></span> <span class='ocrx_word' id='word_1_276' title='bbox 1234 3443 1338 3482; x_wconf 94' lang='lat' dir='ltr'><strong>non</strong></span> <span class='ocrx_word' id='word_1_277' title='bbox 1376 3426 1609 3482; x_wconf 91' lang='lat' dir='ltr'><strong>hominis</strong></span> <span class='ocrx_word' id='word_1_278' title='bbox 1664 3426 1736 3481; x_wconf 88' lang='lat' dir='ltr'><strong>sit</strong></span> <span class='ocrx_word' id='word_1_279' title='bbox 1782 3440 1953 3495; x_wconf 90' lang='lat' dir='ltr'><strong>opus;</strong></span> 
     </span>
    </p>
   </div>
   <div class='ocr_carea' id='block_1_37' title="bbox 381 3520 1951 3597">
    <p class='ocr_par' dir='ltr' id='par_1_37' title="bbox 381 3520 1951 3597">
     <span class='ocr_line' id='line_1_37' title="bbox 381 3520 1951 3597; baseline -0.006 -14"><span class='ocrx_word' id='word_1_280' title='bbox 381 3528 502 3583; x_wconf 89' lang='lat' dir='ltr'><strong>istic</strong></span> <span class='ocrx_word' id='word_1_281' title='bbox 547 3526 731 3597; x_wconf 80' lang='lat' dir='ltr'><strong>judex.</strong></span> <span class='ocrx_word' id='word_1_282' title='bbox 781 3525 846 3578; x_wconf 89' lang='lat' dir='ltr'><strong>Et</strong></span> <span class='ocrx_word' id='word_1_283' title='bbox 890 3524 996 3579; x_wconf 89' lang='lat' dir='ltr'><strong>illic</strong></span> <span class='ocrx_word' id='word_1_284' title='bbox 1019 3524 1143 3592; x_wconf 90' lang='lat' dir='ltr'><strong>quia</strong></span> <span class='ocrx_word' id='word_1_285' title='bbox 1187 3520 1427 3575; x_wconf 64' lang='lat' dir='ltr'><strong>materiai</strong></span> <span class='ocrx_word' id='word_1_286' title='bbox 1478 3528 1670 3587; x_wconf 88' lang='lat' dir='ltr'><strong>erant,</strong></span> <span class='ocrx_word' id='word_1_287' title='bbox 1723 3521 1951 3574; x_wconf 21' lang='lat' dir='ltr'><strong>commisi</strong></span> 
     </span>
    </p>
   </div>
   <div class='ocr_carea' id='block_1_38' title="bbox 381 3611 1954 3686">
    <p class='ocr_par' dir='ltr' id='par_1_38' title="bbox 381 3611 1954 3686">
     <span class='ocr_line' id='line_1_38' title="bbox 381 3611 1954 3686; baseline -0.004 -11"><span class='ocrx_word' id='word_1_288' title='bbox 381 3629 653 3683; x_wconf 91' lang='lat' dir='ltr'><strong>nuuntur;</strong></span> <span class='ocrx_word' id='word_1_289' title='bbox 690 3618 810 3672; x_wconf 90' lang='lat' dir='ltr'><strong>istic</strong></span> <span class='ocrx_word' id='word_1_290' title='bbox 845 3616 971 3686; x_wconf 84' lang='lat' dir='ltr'><strong>quia</strong></span> <span class='ocrx_word' id='word_1_291' title='bbox 1016 3615 1185 3669; x_wconf 85' lang='lat' dir='ltr'><strong>bestia</strong></span> <span class='ocrx_word' id='word_1_292' title='bbox 1230 3622 1365 3679; x_wconf 89' lang='lat' dir='ltr'><strong>erat,</strong></span> <span class='ocrx_word' id='word_1_293' title='bbox 1403 3612 1455 3665; x_wconf 93' lang='lat' dir='ltr'><strong>in</strong></span> <span class='ocrx_word' id='word_1_294' title='bbox 1488 3612 1665 3681; x_wconf 81' lang='lat' dir='ltr'><strong>ignem</strong></span> <span class='ocrx_word' id='word_1_295' title='bbox 1698 3611 1954 3669; x_wconf 88' lang='lat' dir='ltr'><strong>mittitur.</strong></span> 
     </span>
    </p>
   </div>
   <div class='ocr_carea' id='block_1_39' title="bbox 381 3704 1958 3773">
    <p class='ocr_par' dir='ltr' id='par_1_39' title="bbox 381 3704 1958 3773">
     <span class='ocr_line' id='line_1_39' title="bbox 381 3704 1958 3773; baseline -0.005 -8"><span class='ocrx_word' id='word_1_296' title='bbox 381 3710 460 3765; x_wconf 85' lang='lat' dir='ltr'><strong>Ita</strong></span> <span class='ocrx_word' id='word_1_297' title='bbox 490 3711 750 3765; x_wconf 89' lang='lat' dir='ltr'><strong>habemus</strong></span> <span class='ocrx_word' id='word_1_298' title='bbox 780 3720 834 3763; x_wconf 90' lang='lat' dir='ltr'><strong>et</strong></span> <span class='ocrx_word' id='word_1_299' title='bbox 860 3707 1160 3763; x_wconf 84' lang='lat' dir='ltr'><strong>Pharaonis</strong></span> <span class='ocrx_word' id='word_1_300' title='bbox 1190 3705 1369 3773; x_wconf 88' lang='lat' dir='ltr'><strong>spicas</strong></span> <span class='ocrx_word' id='word_1_301' title='bbox 1393 3744 1410 3771; x_wconf 93' lang='lat'><strong>,</strong></span> <span class='ocrx_word' id='word_1_302' title='bbox 1447 3713 1501 3759; x_wconf 92' lang='lat' dir='ltr'><strong>et</strong></span> <span class='ocrx_word' id='word_1_303' title='bbox 1532 3704 1697 3758; x_wconf 89' lang='lat' dir='ltr'><strong>boves</strong></span> <span class='ocrx_word' id='word_1_304' title='bbox 1729 3713 1958 3773; x_wconf 89' lang='lat' dir='ltr'><strong>septem,</strong></span> 
     </span>
    </p>
   </div>
   <div class='ocr_carea' id='block_1_40' title="bbox 383 3796 1957 3871">
    <p class='ocr_par' dir='ltr' id='par_1_40' title="bbox 383 3796 1957 3871">
     <span class='ocr_line' id='line_1_40' title="bbox 383 3796 1957 3871; baseline -0.004 -16"><span class='ocrx_word' id='word_1_305' title='bbox 383 3812 439 3855; x_wconf 91' lang='lat' dir='ltr'><strong>et</strong></span> <span class='ocrx_word' id='word_1_306' title='bbox 471 3802 696 3871; x_wconf 79' lang='lat' dir='ltr'><strong>pingues</strong></span> <span class='ocrx_word' id='word_1_307' title='bbox 734 3810 789 3854; x_wconf 90' lang='lat' dir='ltr'><strong>et</strong></span> <span class='ocrx_word' id='word_1_308' title='bbox 827 3798 1165 3853; x_wconf 85' lang='lat' dir='ltr'><strong>macilentas.</strong></span> <span class='ocrx_word' id='word_1_309' title='bbox 1202 3796 1270 3849; x_wconf 88' lang='lat' dir='ltr'><strong>Et</strong></span> <span class='ocrx_word' id='word_1_310' title='bbox 1312 3804 1574 3866; x_wconf 89' lang='lat' dir='ltr'><strong>quantum</strong></span> <span class='ocrx_word' id='word_1_311' title='bbox 1605 3797 1671 3851; x_wconf 86' lang='lat' dir='ltr'><strong>ad</strong></span> <span class='ocrx_word' id='word_1_312' title='bbox 1708 3806 1957 3850; x_wconf 90' lang='lat' dir='ltr'><strong>naturam</strong></span> 
     </span>
    </p>
   </div>
   <div class='ocr_carea' id='block_1_41' title="bbox 382 3889 1964 3960">
    <p class='ocr_par' dir='ltr' id='par_1_41' title="bbox 382 3889 1964 3960">
     <span class='ocr_line' id='line_1_41' title="bbox 382 3889 1964 3960; baseline -0.003 -13"><span class='ocrx_word' id='word_1_313' title='bbox 382 3902 631 3960; x_wconf 85' lang='lat' dir='ltr'><strong>spectat,</strong></span> <span class='ocrx_word' id='word_1_314' title='bbox 681 3892 848 3946; x_wconf 87' lang='lat' dir='ltr'><strong>boves</strong></span> <span class='ocrx_word' id='word_1_315' title='bbox 898 3890 1112 3960; x_wconf 84' lang='lat' dir='ltr'><strong>quidem</strong></span> <span class='ocrx_word' id='word_1_316' title='bbox 1155 3890 1336 3958; x_wconf 86' lang='lat' dir='ltr'><strong>spicas</strong></span> <span class='ocrx_word' id='word_1_317' title='bbox 1388 3890 1748 3953; x_wconf 89' lang='lat' dir='ltr'><strong>manducant,</strong></span> <span class='ocrx_word' id='word_1_318' title='bbox 1798 3889 1964 3958; x_wconf 70' lang='lat' dir='ltr'><strong>spica:</strong></span> 
     </span>
    </p>
   </div>
   <div class='ocr_carea' id='block_1_42' title="bbox 383 3981 1963 4052">
    <p class='ocr_par' dir='ltr' id='par_1_42' title="bbox 383 3981 1963 4052">
     <span class='ocr_line' id='line_1_42' title="bbox 383 3981 1963 4052; baseline -0.001 -15"><span class='ocrx_word' id='word_1_319' title='bbox 383 3996 563 4038; x_wconf 88' lang='lat' dir='ltr'><strong>autem</strong></span> <span class='ocrx_word' id='word_1_320' title='bbox 594 4000 623 4037; x_wconf 90' lang='lat' dir='ltr'><strong>a</strong></span> <span class='ocrx_word' id='word_1_321' title='bbox 665 3984 836 4037; x_wconf 81' lang='lat' dir='ltr'><strong>bubus</strong></span> <span class='ocrx_word' id='word_1_322' title='bbox 882 3984 1263 4036; x_wconf 87' lang='lat' dir='ltr'><strong>comeduntur.</strong></span> <span class='ocrx_word' id='word_1_323' title='bbox 1314 3982 1467 4049; x_wconf 86' lang='lat' dir='ltr'><strong>Quod</strong></span> <span class='ocrx_word' id='word_1_324' title='bbox 1520 3990 1700 4036; x_wconf 89' lang='lat' dir='ltr'><strong>autem</strong></span> <span class='ocrx_word' id='word_1_325' title='bbox 1752 3981 1963 4052; x_wconf 82' lang='lat' dir='ltr'><strong>signiﬁ-</strong></span> 
     </span>
    </p>
   </div>
   <div class='ocr_carea' id='block_1_43' title="bbox 383 4073 1962 4143">
    <p class='ocr_par' dir='ltr' id='par_1_43' title="bbox 383 4073 1962 4143">
     <span class='ocr_line' id='line_1_43' title="bbox 383 4073 1962 4143; baseline 0 -15"><span class='ocrx_word' id='word_1_326' title='bbox 383 4084 540 4129; x_wconf 86' lang='lat' dir='ltr'><strong>catur</strong></span> <span class='ocrx_word' id='word_1_327' title='bbox 592 4084 647 4128; x_wconf 87' lang='lat' dir='ltr'><strong>et</strong></span> <span class='ocrx_word' id='word_1_328' title='bbox 695 4075 762 4128; x_wconf 86' lang='lat' dir='ltr'><strong>ab</strong></span> <span class='ocrx_word' id='word_1_329' title='bbox 817 4073 900 4128; x_wconf 88' lang='lat' dir='ltr'><strong>his</strong></span> <span class='ocrx_word' id='word_1_330' title='bbox 929 4074 1017 4142; x_wconf 89' lang='lat' dir='ltr'><strong>qui</strong></span> <span class='ocrx_word' id='word_1_331' title='bbox 1055 4074 1469 4137; x_wconf 85' lang='lat' dir='ltr'><strong>manducantur,</strong></span> <span class='ocrx_word' id='word_1_332' title='bbox 1526 4082 1581 4128; x_wconf 89' lang='lat' dir='ltr'><strong>et</strong></span> <span class='ocrx_word' id='word_1_333' title='bbox 1633 4075 1701 4127; x_wconf 88' lang='lat' dir='ltr'><strong>ab</strong></span> <span class='ocrx_word' id='word_1_334' title='bbox 1748 4074 1836 4128; x_wconf 90' lang='lat' dir='ltr'><strong>his</strong></span> <span class='ocrx_word' id='word_1_335' title='bbox 1870 4075 1962 4143; x_wconf 90' lang='lat' dir='ltr'><strong>qui</strong></span> 
     </span>
    </p>
   </div>
   <div class='ocr_carea' id='block_1_44' title="bbox 385 4165 1960 4233">
    <p class='ocr_par' dir='ltr' id='par_1_44' title="bbox 385 4165 1960 4233">
     <span class='ocr_line' id='line_1_44' title="bbox 385 4165 1960 4233; baseline 0.001 -14"><span class='ocrx_word' id='word_1_336' title='bbox 385 4166 747 4230; x_wconf 87' lang='lat' dir='ltr'><strong>manducant,</strong></span> <span class='ocrx_word' id='word_1_337' title='bbox 806 4166 976 4233; x_wconf 86' lang='lat' dir='ltr'><strong>ipsam</strong></span> <span class='ocrx_word' id='word_1_338' title='bbox 1028 4166 1382 4233; x_wconf 88' lang='lat' dir='ltr'><strong>eamdemque</strong></span> <span class='ocrx_word' id='word_1_339' title='bbox 1434 4165 1633 4220; x_wconf 85' lang='lat' dir='ltr'><strong>habent</strong></span> <span class='ocrx_word' id='word_1_340' title='bbox 1676 4165 1960 4220; x_wconf 87' lang='lat' dir='ltr'><strong>virtutem.</strong></span> 
     </span>
    </p>
   </div>
   <div class='ocr_carea' id='block_1_45' title="bbox 384 4256 1961 4327">
    <p class='ocr_par' dir='ltr' id='par_1_45' title="bbox 384 4256 1961 4327">
     <span class='ocr_line' id='line_1_45' title="bbox 384 4256 1961 4327; baseline 0 -16"><span class='ocrx_word' id='word_1_341' title='bbox 384 4259 464 4312; x_wconf 78' lang='lat' dir='ltr'><strong>Ad</strong></span> <span class='ocrx_word' id='word_1_342' title='bbox 491 4257 633 4327; x_wconf 91' lang='lat' dir='ltr'><strong>quod</strong></span> <span class='ocrx_word' id='word_1_343' title='bbox 658 4258 800 4312; x_wconf 89' lang='lat' dir='ltr'><strong>enim</strong></span> <span class='ocrx_word' id='word_1_344' title='bbox 839 4257 1014 4310; x_wconf 91' lang='lat' dir='ltr'><strong>fuerat</strong></span> <span class='ocrx_word' id='word_1_345' title='bbox 1053 4266 1331 4325; x_wconf 86' lang='lat' dir='ltr'><strong>acceptum</strong></span> <span class='ocrx_word' id='word_1_346' title='bbox 1377 4271 1482 4311; x_wconf 86' lang='lat' dir='ltr'><strong>non</strong></span> <span class='ocrx_word' id='word_1_347' title='bbox 1530 4256 1815 4326; x_wconf 88' lang='lat' dir='ltr'><strong>dissentit,</strong></span> <span class='ocrx_word' id='word_1_348' title='bbox 1866 4257 1961 4313; x_wconf 89' lang='lat' dir='ltr'><strong>sed</strong></span> 
     </span>
    </p>
   </div>
   <div class='ocr_carea' id='block_1_46' title="bbox 384 4348 1966 4415">
    <p class='ocr_par' dir='ltr' id='par_1_46' title="bbox 384 4348 1966 4415">
     <span class='ocr_line' id='line_1_46' title="bbox 384 4348 1966 4415; baseline -0.004 -6"><span class='ocrx_word' id='word_1_349' title='bbox 384 4363 440 4409; x_wconf 89' lang='lat' dir='ltr'><strong>et</strong></span> <span class='ocrx_word' id='word_1_350' title='bbox 466 4351 775 4408; x_wconf 84' lang='lat' dir='ltr'><strong>necessaria</strong></span> <span class='ocrx_word' id='word_1_351' title='bbox 802 4349 938 4404; x_wconf 83' lang='lat' dir='ltr'><strong>visio</strong></span> <span class='ocrx_word' id='word_1_352' title='bbox 962 4357 1067 4404; x_wconf 85' lang='lat' dir='ltr'><strong>est.</strong></span> <span class='ocrx_word' id='word_1_353' title='bbox 1100 4348 1237 4415; x_wconf 89' lang='lat' dir='ltr'><strong>Quia</strong></span> <span class='ocrx_word' id='word_1_354' title='bbox 1274 4350 1417 4403; x_wconf 89' lang='lat' dir='ltr'><strong>enim</strong></span> <span class='ocrx_word' id='word_1_355' title='bbox 1438 4349 1507 4403; x_wconf 91' lang='lat' dir='ltr'><strong>de</strong></span> <span class='ocrx_word' id='word_1_356' title='bbox 1536 4350 1713 4414; x_wconf 90' lang='lat' dir='ltr'><strong>annis,</strong></span> <span class='ocrx_word' id='word_1_357' title='bbox 1738 4361 1792 4404; x_wconf 91' lang='lat' dir='ltr'><strong>et</strong></span> <span class='ocrx_word' id='word_1_358' title='bbox 1823 4349 1966 4404; x_wconf 89' lang='lat' dir='ltr'><strong>nati-</strong></span> 
     </span>
    </p>
   </div>
   <div class='ocr_carea' id='block_1_47' title="bbox 387 4440 1966 4512">
    <p class='ocr_par' dir='ltr' id='par_1_47' title="bbox 387 4440 1966 4512">
     <span class='ocr_line' id='line_1_47' title="bbox 387 4440 1966 4512; baseline 0.002 -19"><span class='ocrx_word' id='word_1_359' title='bbox 387 4446 580 4512; x_wconf 83' lang='lat' dir='ltr'><strong>vitate,</strong></span> <span class='ocrx_word' id='word_1_360' title='bbox 609 4452 665 4499; x_wconf 93' lang='lat' dir='ltr'><strong>et</strong></span> <span class='ocrx_word' id='word_1_361' title='bbox 696 4442 967 4497; x_wconf 89' lang='lat' dir='ltr'><strong>fructibus</strong></span> <span class='ocrx_word' id='word_1_362' title='bbox 992 4450 1132 4504; x_wconf 91' lang='lat' dir='ltr'><strong>erat,</strong></span> <span class='ocrx_word' id='word_1_363' title='bbox 1168 4440 1333 4509; x_wconf 68' lang='lat' dir='ltr'><strong>spicae</strong></span> <span class='ocrx_word' id='word_1_364' title='bbox 1376 4451 1559 4494; x_wconf 88' lang='lat' dir='ltr'><strong>autem</strong></span> <span class='ocrx_word' id='word_1_365' title='bbox 1602 4441 1796 4495; x_wconf 89' lang='lat' dir='ltr'><strong>horum</strong></span> <span class='ocrx_word' id='word_1_366' title='bbox 1843 4449 1966 4496; x_wconf 92' lang='lat' dir='ltr'><strong>sunt</strong></span> 
     </span>
    </p>
   </div>
   <div class='ocr_carea' id='block_1_48' title="bbox 2044 575 3627 643">
    <p class='ocr_par' dir='ltr' id='par_1_48' title="bbox 2044 575 3627 643">
     <span class='ocr_line' id='line_1_48' title="bbox 2044 575 3627 643; baseline -0.004 -15"><span class='ocrx_word' id='word_1_367' title='bbox 2044 578 2207 639; x_wconf 88' lang='lat' dir='ltr'><strong>stetit,</strong></span> <span class='ocrx_word' id='word_1_368' title='bbox 2240 586 2288 629; x_wconf 88' lang='lat' dir='ltr'><strong>et</strong></span> <span class='ocrx_word' id='word_1_369' title='bbox 2318 577 2546 630; x_wconf 78' lang='lat' dir='ltr'><strong>conversi</strong></span> <span class='ocrx_word' id='word_1_370' title='bbox 2580 575 2837 643; x_wconf 79' lang='lat' dir='ltr'><strong>manipuli</strong></span> <span class='ocrx_word' id='word_1_371' title='bbox 2875 576 3026 629; x_wconf 83' lang='lat' dir='ltr'><strong>vestri</strong></span> <span class='ocrx_word' id='word_1_372' title='bbox 3061 575 3414 627; x_wconf 83' lang='lat' dir='ltr'><strong>adoraveruut</strong></span> <span class='ocrx_word' id='word_1_373' title='bbox 3456 588 3627 624; x_wconf 78' lang='lat' dir='ltr'><strong>meum</strong></span> 
     </span>
    </p>
   </div>
   <div class='ocr_carea' id='block_1_49' title="bbox 2043 661 3625 735">
    <p class='ocr_par' dir='ltr' id='par_1_49' title="bbox 2043 661 3625 735">
     <span class='ocr_line' id='line_1_49' title="bbox 2043 661 3625 735; baseline -0.004 -16"><span class='ocrx_word' id='word_1_374' title='bbox 2043 666 2373 735; x_wconf 80' lang='lat' dir='ltr'><strong>manipulum</strong></span> <span class='ocrx_word' id='word_1_375' title='bbox 2418 666 2485 722; x_wconf 80' lang='grc'><strong>⁸⁸.</strong></span> <span class='ocrx_word' id='word_1_376' title='bbox 2526 666 2589 719; x_wconf 84' lang='grc' dir='ltr'>Ει</span> <span class='ocrx_word' id='word_1_377' title='bbox 2624 666 3013 733; x_wconf 89' lang='lat' dir='ltr'><strong>interpretatur</strong></span> <span class='ocrx_word' id='word_1_378' title='bbox 3044 674 3196 734; x_wconf 88' lang='lat' dir='ltr'><strong>pater</strong></span> <span class='ocrx_word' id='word_1_379' title='bbox 3218 705 3234 729; x_wconf 96' lang='lat'><strong>,</strong></span> <span class='ocrx_word' id='word_1_380' title='bbox 3258 672 3314 718; x_wconf 86' lang='lat' dir='ltr'><strong>et</strong></span> <span class='ocrx_word' id='word_1_381' title='bbox 3339 661 3625 731; x_wconf 76' lang='lat' dir='ltr'><strong>suspican-</strong></span> 
     </span>
    </p>
   </div>
   <div class='ocr_carea' id='block_1_50' title="bbox 2048 753 3627 828">
    <p class='ocr_par' dir='ltr' id='par_1_50' title="bbox 2048 753 3627 828">
     <span class='ocr_line' id='line_1_50' title="bbox 2048 753 3627 828; baseline -0.003 -15"><span class='ocrx_word' id='word_1_382' title='bbox 2048 770 2134 813; x_wconf 89' lang='lat' dir='ltr'><strong>tur</strong></span> <span class='ocrx_word' id='word_1_383' title='bbox 2178 757 2397 821; x_wconf 81' lang='lat' dir='ltr'><strong>fratres,</strong></span> <span class='ocrx_word' id='word_1_384' title='bbox 2447 758 2573 828; x_wconf 89' lang='lat' dir='ltr'><strong>quia</strong></span> <span class='ocrx_word' id='word_1_385' title='bbox 2631 758 2856 825; x_wconf 73' lang='lat' dir='ltr'><strong>incipiet</strong></span> <span class='ocrx_word' id='word_1_386' title='bbox 2921 772 3150 827; x_wconf 88' lang='lat' dir='ltr'><strong>regnare</strong></span> <span class='ocrx_word' id='word_1_387' title='bbox 3213 770 3381 824; x_wconf 86' lang='lat' dir='ltr'><strong>super</strong></span> <span class='ocrx_word' id='word_1_388' title='bbox 3433 753 3627 809; x_wconf 78' lang='lat' dir='ltr'><strong>fratres</strong></span> 
     </span>
    </p>
   </div>
   <div class='ocr_carea' id='block_1_51' title="bbox 2045 847 3629 920">
    <p class='ocr_par' dir='ltr' id='par_1_51' title="bbox 2045 847 3629 920">
     <span class='ocr_line' id='line_1_51' title="bbox 2045 847 3629 920; baseline -0.004 -13"><span class='ocrx_word' id='word_1_389' title='bbox 2045 868 2192 908; x_wconf 86' lang='lat' dir='ltr'><strong>suos.</strong></span> <span class='ocrx_word' id='word_1_390' title='bbox 2219 852 2285 907; x_wconf 86' lang='lat' dir='ltr'><strong>Et</strong></span> <span class='ocrx_word' id='word_1_391' title='bbox 2313 867 2455 905; x_wconf 91' lang='lat' dir='ltr'><strong>nunc</strong></span> <span class='ocrx_word' id='word_1_392' title='bbox 2481 851 2700 920; x_wconf 87' lang='lat' dir='ltr'><strong>quidem</strong></span> <span class='ocrx_word' id='word_1_393' title='bbox 2742 848 2998 919; x_wconf 87' lang='lat' dir='ltr'><strong>manipuli</strong></span> <span class='ocrx_word' id='word_1_394' title='bbox 3028 865 3042 903; x_wconf 90' lang='lat'><strong>:</strong></span> <span class='ocrx_word' id='word_1_395' title='bbox 3076 850 3269 902; x_wconf 89' lang='lat' dir='ltr'><strong>iterum</strong></span> <span class='ocrx_word' id='word_1_396' title='bbox 3295 856 3479 900; x_wconf 89' lang='lat' dir='ltr'><strong>autem</strong></span> <span class='ocrx_word' id='word_1_397' title='bbox 3512 847 3629 913; x_wconf 80' lang='lat' dir='ltr'><strong>ipse</strong></span> 
     </span>
    </p>
   </div>
   <div class='ocr_carea' id='block_1_52' title="bbox 2046 936 3625 999">
    <p class='ocr_par' dir='ltr' id='par_1_52' title="bbox 2046 936 3625 999">
     <span class='ocr_line' id='line_1_52' title="bbox 2046 936 3625 999; baseline -0.006 -1"><span class='ocrx_word' id='word_1_398' title='bbox 2046 945 2211 999; x_wconf 89' lang='lat' dir='ltr'><strong>solem</strong></span> <span class='ocrx_word' id='word_1_399' title='bbox 2244 955 2297 997; x_wconf 94' lang='lat' dir='ltr'><strong>et</strong></span> <span class='ocrx_word' id='word_1_400' title='bbox 2338 943 2518 996; x_wconf 89' lang='lat' dir='ltr'><strong>lunam</strong></span> <span class='ocrx_word' id='word_1_401' title='bbox 2559 942 2707 996; x_wconf 86' lang='lat' dir='ltr'><strong>videt</strong></span> <span class='ocrx_word' id='word_1_402' title='bbox 2744 950 2800 995; x_wconf 92' lang='lat' dir='ltr'><strong>et</strong></span> <span class='ocrx_word' id='word_1_403' title='bbox 2840 941 3083 994; x_wconf 90' lang='lat' dir='ltr'><strong>undecim</strong></span> <span class='ocrx_word' id='word_1_404' title='bbox 3120 940 3319 994; x_wconf 90' lang='lat' dir='ltr'><strong>stellas.</strong></span> <span class='ocrx_word' id='word_1_405' title='bbox 3354 936 3548 991; x_wconf 77' lang='lat' dir='ltr'><strong>Diti&#39;ert</strong></span> <span class='ocrx_word' id='word_1_406' title='bbox 3572 938 3625 990; x_wconf 90' lang='lat' dir='ltr'><strong>in</strong></span> 
     </span>
    </p>
   </div>
   <div class='ocr_carea' id='block_1_53' title="bbox 2046 1030 3629 1107">
    <p class='ocr_par' dir='ltr' id='par_1_53' title="bbox 2046 1030 3629 1107">
     <span class='ocr_line' id='line_1_53' title="bbox 2046 1030 3629 1107; baseline -0.005 -18"><span class='ocrx_word' id='word_1_407' title='bbox 2046 1038 2211 1107; x_wconf 81' lang='lat' dir='ltr'><strong>gloria</strong></span> <span class='ocrx_word' id='word_1_408' title='bbox 2245 1036 2419 1100; x_wconf 90' lang='lat' dir='ltr'><strong>stella,</strong></span> <span class='ocrx_word' id='word_1_409' title='bbox 2466 1032 2773 1101; x_wconf 80' lang='lat' dir='ltr'><strong>manipulus</strong></span> <span class='ocrx_word' id='word_1_410' title='bbox 2822 1048 2927 1085; x_wconf 93' lang='lat' dir='ltr'><strong>non</strong></span> <span class='ocrx_word' id='word_1_411' title='bbox 2978 1030 3177 1085; x_wconf 70' lang='lat' dir='ltr'><strong>differt.</strong></span> <span class='ocrx_word' id='word_1_412' title='bbox 3242 1030 3350 1084; x_wconf 89' lang='lat' dir='ltr'><strong>Sed</strong></span> <span class='ocrx_word' id='word_1_413' title='bbox 3402 1037 3629 1099; x_wconf 86' lang='lat' dir='ltr'><strong>apparet</strong></span> 
     </span>
    </p>
   </div>
   <div class='ocr_carea' id='block_1_54' title="bbox 2046 1125 3629 1199">
    <p class='ocr_par' dir='ltr' id='par_1_54' title="bbox 2046 1125 3629 1199">
     <span class='ocr_line' id='line_1_54' title="bbox 2046 1125 3629 1199; baseline -0.004 -18"><span class='ocrx_word' id='word_1_414' title='bbox 2046 1130 2170 1199; x_wconf 87' lang='lat' dir='ltr'><strong>quia</strong></span> <span class='ocrx_word' id='word_1_415' title='bbox 2207 1128 2359 1183; x_wconf 89' lang='lat' dir='ltr'><strong>stella</strong></span> <span class='ocrx_word' id='word_1_416' title='bbox 2401 1126 2676 1196; x_wconf 85' lang='lat' dir='ltr'><strong>manipulo</strong></span> <span class='ocrx_word' id='word_1_417' title='bbox 2722 1126 2788 1179; x_wconf 87' lang='lat' dir='ltr'><strong>ad</strong></span> <span class='ocrx_word' id='word_1_418' title='bbox 2827 1125 2968 1193; x_wconf 87' lang='lat' dir='ltr'><strong>quod</strong></span> <span class='ocrx_word' id='word_1_419' title='bbox 3008 1134 3231 1194; x_wconf 83' lang='lat' dir='ltr'><strong>accepta</strong></span> <span class='ocrx_word' id='word_1_420' title='bbox 3268 1133 3373 1189; x_wconf 84' lang='lat' dir='ltr'><strong>est,</strong></span> <span class='ocrx_word' id='word_1_421' title='bbox 3406 1138 3514 1177; x_wconf 86' lang='lat' dir='ltr'><strong>non</strong></span> <span class='ocrx_word' id='word_1_422' title='bbox 3545 1132 3629 1177; x_wconf 87' lang='lat' dir='ltr'><strong>est</strong></span> 
     </span>
    </p>
   </div>
   <div class='ocr_carea' id='block_1_55' title="bbox 2046 1214 3629 1288">
    <p class='ocr_par' dir='ltr' id='par_1_55' title="bbox 2046 1214 3629 1288">
     <span class='ocr_line' id='line_1_55' title="bbox 2046 1214 3629 1288; baseline -0.006 -10"><span class='ocrx_word' id='word_1_423' title='bbox 2046 1223 2255 1278; x_wconf 90' lang='lat' dir='ltr'><strong>melior.</strong></span> <span class='ocrx_word' id='word_1_424' title='bbox 2290 1220 2426 1277; x_wconf 89' lang='lat' dir='ltr'><strong>Cum</strong></span> <span class='ocrx_word' id='word_1_425' title='bbox 2466 1221 2612 1276; x_wconf 91' lang='lat' dir='ltr'><strong>enim</strong></span> <span class='ocrx_word' id='word_1_426' title='bbox 2675 1228 2828 1288; x_wconf 89' lang='lat' dir='ltr'><strong>pater</strong></span> <span class='ocrx_word' id='word_1_427' title='bbox 2864 1218 3073 1287; x_wconf 84' lang='lat' dir='ltr'><strong>positus</strong></span> <span class='ocrx_word' id='word_1_428' title='bbox 3116 1226 3199 1271; x_wconf 87' lang='lat' dir='ltr'><strong>est</strong></span> <span class='ocrx_word' id='word_1_429' title='bbox 3236 1217 3289 1270; x_wconf 93' lang='lat' dir='ltr'><strong>in</strong></span> <span class='ocrx_word' id='word_1_430' title='bbox 3315 1215 3437 1269; x_wconf 89' lang='lat' dir='ltr'><strong>loco</strong></span> <span class='ocrx_word' id='word_1_431' title='bbox 3473 1214 3629 1280; x_wconf 83' lang='lat' dir='ltr'><strong>solis,</strong></span> 
     </span>
    </p>
   </div>
   <div class='ocr_carea' id='block_1_56' title="bbox 2045 1309 3632 1376">
    <p class='ocr_par' dir='ltr' id='par_1_56' title="bbox 2045 1309 3632 1376">
     <span class='ocr_line' id='line_1_56' title="bbox 2045 1309 3632 1376; baseline -0.006 -6"><span class='ocrx_word' id='word_1_432' title='bbox 2045 1324 2219 1371; x_wconf 87' lang='lat' dir='ltr'><strong>mater</strong></span> <span class='ocrx_word' id='word_1_433' title='bbox 2258 1324 2434 1369; x_wconf 89' lang='lat' dir='ltr'><strong>autem</strong></span> <span class='ocrx_word' id='word_1_434' title='bbox 2483 1314 2537 1367; x_wconf 94' lang='lat' dir='ltr'><strong>in</strong></span> <span class='ocrx_word' id='word_1_435' title='bbox 2591 1311 2709 1367; x_wconf 92' lang='lat' dir='ltr'><strong>loco</strong></span> <span class='ocrx_word' id='word_1_436' title='bbox 2759 1311 2934 1371; x_wconf 84' lang='lat' dir='ltr'><strong>lunae,</strong></span> <span class='ocrx_word' id='word_1_437' title='bbox 2997 1309 3190 1363; x_wconf 87' lang='lat' dir='ltr'><strong>fratres</strong></span> <span class='ocrx_word' id='word_1_438' title='bbox 3231 1319 3632 1376; x_wconf 85' lang='lat' dir='ltr'><strong>consequenter</strong></span> 
     </span>
    </p>
   </div>
   <div class='ocr_carea' id='block_1_57' title="bbox 2045 1401 3631 1461">
    <p class='ocr_par' dir='ltr' id='par_1_57' title="bbox 2045 1401 3631 1461">
     <span class='ocr_line' id='line_1_57' title="bbox 2045 1401 3631 1461; baseline -0.004 0"><span class='ocrx_word' id='word_1_439' title='bbox 2045 1406 2415 1461; x_wconf 72' lang='lat' dir='ltr'><strong>efﬁciebantur</strong></span> <span class='ocrx_word' id='word_1_440' title='bbox 2439 1406 2493 1460; x_wconf 94' lang='lat' dir='ltr'><strong>in</strong></span> <span class='ocrx_word' id='word_1_441' title='bbox 2522 1405 2641 1460; x_wconf 90' lang='lat' dir='ltr'><strong>loco</strong></span> <span class='ocrx_word' id='word_1_442' title='bbox 2668 1404 2943 1459; x_wconf 89' lang='lat' dir='ltr'><strong>stellarum</strong></span> <span class='ocrx_word' id='word_1_443' title='bbox 2981 1420 2994 1455; x_wconf 90' lang='lat'>:</span> <span class='ocrx_word' id='word_1_444' title='bbox 3026 1401 3164 1456; x_wconf 87' lang='lat' dir='ltr'><strong>forte</strong></span> <span class='ocrx_word' id='word_1_445' title='bbox 3188 1416 3365 1456; x_wconf 87' lang='lat' dir='ltr'><strong>autem</strong></span> <span class='ocrx_word' id='word_1_446' title='bbox 3400 1418 3501 1455; x_wconf 87' lang='lat' dir='ltr'><strong>nec</strong></span> <span class='ocrx_word' id='word_1_447' title='bbox 3525 1401 3631 1455; x_wconf 78' lang='lat' dir='ltr'><strong>ista</strong></span> 
     </span>
    </p>
   </div>
   <div class='ocr_carea' id='block_1_58' title="bbox 2046 1494 3635 1570">
    <p class='ocr_par' dir='ltr' id='par_1_58' title="bbox 2046 1494 3635 1570">
     <span class='ocr_line' id='line_1_58' title="bbox 2046 1494 3635 1570; baseline -0.008 -15"><span class='ocrx_word' id='word_1_448' title='bbox 2046 1499 2370 1570; x_wconf 77' lang='lat' dir='ltr'><strong>simpliciter</strong></span> <span class='ocrx_word' id='word_1_449' title='bbox 2429 1498 2691 1552; x_wconf 83' lang='lat' dir='ltr'><strong>debemus</strong></span> <span class='ocrx_word' id='word_1_450' title='bbox 2746 1495 2984 1549; x_wconf 88' lang='lat' dir='ltr'><strong>transire</strong></span> <span class='ocrx_word' id='word_1_451' title='bbox 3032 1513 3045 1548; x_wconf 92' lang='lat'><strong>:</strong></span> <span class='ocrx_word' id='word_1_452' title='bbox 3087 1496 3182 1548; x_wconf 88' lang='lat' dir='ltr'><strong>sed</strong></span> <span class='ocrx_word' id='word_1_453' title='bbox 3226 1495 3353 1563; x_wconf 90' lang='lat' dir='ltr'><strong>quia</strong></span> <span class='ocrx_word' id='word_1_454' title='bbox 3416 1494 3635 1547; x_wconf 79' lang='lat' dir='ltr'><strong>occasio</strong></span> 
     </span>
    </p>
   </div>
   <div class='ocr_carea' id='block_1_59' title="bbox 2047 1586 3635 1650">
    <p class='ocr_par' dir='ltr' id='par_1_59' title="bbox 2047 1586 3635 1650">
     <span class='ocr_line' id='line_1_59' title="bbox 2047 1586 3635 1650; baseline -0.005 -4"><span class='ocrx_word' id='word_1_455' title='bbox 2047 1591 2386 1646; x_wconf 88' lang='lat' dir='ltr'><strong>adorationis</strong></span> <span class='ocrx_word' id='word_1_456' title='bbox 2413 1589 2552 1643; x_wconf 87' lang='lat' dir='ltr'><strong>facta</strong></span> <span class='ocrx_word' id='word_1_457' title='bbox 2576 1598 2661 1643; x_wconf 89' lang='lat' dir='ltr'><strong>est</strong></span> <span class='ocrx_word' id='word_1_458' title='bbox 2688 1588 2954 1641; x_wconf 89' lang='lat' dir='ltr'><strong>fructuum</strong></span> <span class='ocrx_word' id='word_1_459' title='bbox 2993 1587 3345 1650; x_wconf 86' lang='lat' dir='ltr'><strong>abundantia,</strong></span> <span class='ocrx_word' id='word_1_460' title='bbox 3375 1586 3499 1639; x_wconf 88' lang='lat' dir='ltr'><strong>ideo</strong></span> <span class='ocrx_word' id='word_1_461' title='bbox 3528 1600 3635 1639; x_wconf 82' lang='lat' dir='ltr'><strong>non</strong></span> 
     </span>
    </p>
   </div>
   <div class='ocr_carea' id='block_1_60' title="bbox 2049 1676 3637 1743">
    <p class='ocr_par' dir='ltr' id='par_1_60' title="bbox 2049 1676 3637 1743">
     <span class='ocr_line' id='line_1_60' title="bbox 2049 1676 3637 1743; baseline -0.006 -5"><span class='ocrx_word' id='word_1_462' title='bbox 2049 1684 2116 1738; x_wconf 88' lang='lat' dir='ltr'><strong>ab</strong></span> <span class='ocrx_word' id='word_1_463' title='bbox 2150 1684 2254 1737; x_wconf 87' lang='lat' dir='ltr'><strong>alia</strong></span> <span class='ocrx_word' id='word_1_464' title='bbox 2280 1681 2570 1736; x_wconf 84' lang='lat' dir='ltr'><strong>occasione</strong></span> <span class='ocrx_word' id='word_1_465' title='bbox 2616 1679 2755 1732; x_wconf 88' lang='lat' dir='ltr'><strong>vidit</strong></span> <span class='ocrx_word' id='word_1_466' title='bbox 2788 1681 3079 1733; x_wconf 84' lang='lat' dir='ltr'><strong>adorantes</strong></span> <span class='ocrx_word' id='word_1_467' title='bbox 3120 1693 3179 1731; x_wconf 90' lang='lat' dir='ltr'><strong>se</strong></span> <span class='ocrx_word' id='word_1_468' title='bbox 3222 1676 3443 1737; x_wconf 86' lang='lat' dir='ltr'><strong>fratres,</strong></span> <span class='ocrx_word' id='word_1_469' title='bbox 3468 1691 3637 1743; x_wconf 89' lang='lat' dir='ltr'><strong>quam</strong></span> 
     </span>
    </p>
   </div>
   <div class='ocr_carea' id='block_1_61' title="bbox 2050 1768 3641 1845">
    <p class='ocr_par' dir='ltr' id='par_1_61' title="bbox 2050 1768 3641 1845">
     <span class='ocr_line' id='line_1_61' title="bbox 2050 1768 3641 1845; baseline -0.005 -14"><span class='ocrx_word' id='word_1_470' title='bbox 2050 1794 2078 1831; x_wconf 90' lang='lat' dir='ltr'><strong>a</strong></span> <span class='ocrx_word' id='word_1_471' title='bbox 2119 1774 2409 1845; x_wconf 89' lang='lat' dir='ltr'><strong>manipulis</strong></span> <span class='ocrx_word' id='word_1_472' title='bbox 2444 1773 2729 1827; x_wconf 92' lang='lat' dir='ltr'><strong>messium.</strong></span> <span class='ocrx_word' id='word_1_473' title='bbox 2798 1771 2856 1824; x_wconf 88' lang='lat' dir='ltr'><strong>Si</strong></span> <span class='ocrx_word' id='word_1_474' title='bbox 2901 1770 3024 1839; x_wconf 89' lang='lat' dir='ltr'><strong>quis</strong></span> <span class='ocrx_word' id='word_1_475' title='bbox 3080 1781 3258 1824; x_wconf 88' lang='lat' dir='ltr'><strong>autem</strong></span> <span class='ocrx_word' id='word_1_476' title='bbox 3300 1768 3535 1823; x_wconf 87' lang='lat' dir='ltr'><strong>voluerit</strong></span> <span class='ocrx_word' id='word_1_477' title='bbox 3582 1776 3641 1823; x_wconf 78' lang='lat' dir='ltr'><strong>et</strong></span> 
     </span>
    </p>
   </div>
   <div class='ocr_carea' id='block_1_62' title="bbox 2051 1863 3638 1934">
    <p class='ocr_par' dir='ltr' id='par_1_62' title="bbox 2051 1863 3638 1934">
     <span class='ocr_line' id='line_1_62' title="bbox 2051 1863 3638 1934; baseline -0.007 -9"><span class='ocrx_word' id='word_1_478' title='bbox 2051 1870 2255 1934; x_wconf 87' lang='lat' dir='ltr'><strong>stellas,</strong></span> <span class='ocrx_word' id='word_1_479' title='bbox 2286 1878 2343 1921; x_wconf 90' lang='lat' dir='ltr'><strong>et</strong></span> <span class='ocrx_word' id='word_1_480' title='bbox 2367 1867 2573 1931; x_wconf 86' lang='lat' dir='ltr'><strong>lunam,</strong></span> <span class='ocrx_word' id='word_1_481' title='bbox 2612 1873 2663 1918; x_wconf 93' lang='lat' dir='ltr'><strong>et</strong></span> <span class='ocrx_word' id='word_1_482' title='bbox 2694 1864 2865 1917; x_wconf 83' lang='lat' dir='ltr'><strong>solem</strong></span> <span class='ocrx_word' id='word_1_483' title='bbox 2899 1863 3202 1932; x_wconf 83' lang='lat' dir='ltr'><strong>requirere,</strong></span> <span class='ocrx_word' id='word_1_484' title='bbox 3235 1865 3300 1915; x_wconf 88' lang='lat' dir='ltr'><strong>ad</strong></span> <span class='ocrx_word' id='word_1_485' title='bbox 3328 1863 3490 1915; x_wconf 90' lang='lat' dir='ltr'><strong>istum</strong></span> <span class='ocrx_word' id='word_1_486' title='bbox 3516 1877 3638 1915; x_wconf 88' lang='lat' dir='ltr'><strong>ser-</strong></span> 
     </span>
    </p>
   </div>
   <div class='ocr_carea' id='block_1_63' title="bbox 2052 1954 3637 2023">
    <p class='ocr_par' dir='ltr' id='par_1_63' title="bbox 2052 1954 3637 2023">
     <span class='ocr_line' id='line_1_63' title="bbox 2052 1954 3637 2023; baseline -0.005 -9"><span class='ocrx_word' id='word_1_487' title='bbox 2052 1976 2265 2015; x_wconf 79' lang='lat' dir='ltr'><strong>monem</strong></span> <span class='ocrx_word' id='word_1_488' title='bbox 2298 1958 2537 2012; x_wconf 86' lang='lat' dir='ltr'><strong>inveniet</strong></span> <span class='ocrx_word' id='word_1_489' title='bbox 2572 1971 2925 2012; x_wconf 87' lang='lat' dir='ltr'><strong>concurrere.</strong></span> <span class='ocrx_word' id='word_1_490' title='bbox 2967 1956 3100 2022; x_wconf 88' lang='lat' dir='ltr'><strong>Quis</strong></span> <span class='ocrx_word' id='word_1_491' title='bbox 3142 1954 3287 2008; x_wconf 92' lang='lat' dir='ltr'><strong>enim</strong></span> <span class='ocrx_word' id='word_1_492' title='bbox 3324 1954 3536 2023; x_wconf 82' lang='lat' dir='ltr'><strong>ignorat</strong></span> <span class='ocrx_word' id='word_1_493' title='bbox 3570 1967 3637 2006; x_wconf 81' lang='lat' dir='ltr'><strong>ex</strong></span> 
     </span>
    </p>
   </div>
   <div class='ocr_carea' id='block_1_64' title="bbox 2049 2047 3639 2122">
    <p class='ocr_par' dir='ltr' id='par_1_64' title="bbox 2049 2047 3639 2122">
     <span class='ocr_line' id='line_1_64' title="bbox 2049 2047 3639 2122; baseline -0.006 -14"><span class='ocrx_word' id='word_1_494' title='bbox 2049 2054 2299 2109; x_wconf 70' lang='lat' dir='ltr'><strong>omnibus</strong></span> <span class='ocrx_word' id='word_1_495' title='bbox 2324 2050 2492 2122; x_wconf 80' lang='lat' dir='ltr'><strong>Moysi</strong></span> <span class='ocrx_word' id='word_1_496' title='bbox 2528 2064 2714 2104; x_wconf 90' lang='lat' dir='ltr'><strong>vocem</strong></span> <span class='ocrx_word' id='word_1_497' title='bbox 2738 2092 2751 2115; x_wconf 91' lang='lat'><strong>,</strong></span> <span class='ocrx_word' id='word_1_498' title='bbox 2780 2050 2905 2118; x_wconf 87' lang='lat' dir='ltr'><strong>quia</strong></span> <span class='ocrx_word' id='word_1_499' title='bbox 2933 2064 3000 2102; x_wconf 82' lang='lat' dir='ltr'><strong>ex</strong></span> <span class='ocrx_word' id='word_1_500' title='bbox 3030 2047 3273 2118; x_wconf 86' lang='lat' dir='ltr'><strong>frugibus</strong></span> <span class='ocrx_word' id='word_1_501' title='bbox 3298 2062 3435 2116; x_wconf 89' lang='lat' dir='ltr'><strong>quos</strong></span> <span class='ocrx_word' id='word_1_502' title='bbox 3468 2048 3639 2100; x_wconf 86' lang='lat' dir='ltr'><strong>nutrit</strong></span> 
     </span>
    </p>
   </div>
   <div class='ocr_carea' id='block_1_65' title="bbox 2051 2140 3639 2211">
    <p class='ocr_par' dir='ltr' id='par_1_65' title="bbox 2051 2140 3639 2211">
     <span class='ocr_line' id='line_1_65' title="bbox 2051 2140 3639 2211; baseline -0.004 -12"><span class='ocrx_word' id='word_1_503' title='bbox 2051 2148 2130 2199; x_wconf 91' lang='lat' dir='ltr'><strong>sol</strong></span> <span class='ocrx_word' id='word_1_504' title='bbox 2171 2156 2224 2199; x_wconf 93' lang='lat' dir='ltr'><strong>et</strong></span> <span class='ocrx_word' id='word_1_505' title='bbox 2257 2144 2381 2197; x_wconf 93' lang='lat' dir='ltr'><strong>luna</strong></span> <span class='ocrx_word' id='word_1_506' title='bbox 2409 2185 2423 2207; x_wconf 93' lang='lat'><strong>,</strong></span> <span class='ocrx_word' id='word_1_507' title='bbox 2464 2142 2607 2197; x_wconf 86' lang='lat' dir='ltr'><strong>facta</strong></span> <span class='ocrx_word' id='word_1_508' title='bbox 2637 2144 2852 2198; x_wconf 86' lang='lat' dir='ltr'><strong>occasio</strong></span> <span class='ocrx_word' id='word_1_509' title='bbox 2895 2152 2978 2197; x_wconf 91' lang='lat' dir='ltr'><strong>est</strong></span> <span class='ocrx_word' id='word_1_510' title='bbox 3010 2142 3274 2196; x_wconf 85' lang='lat' dir='ltr'><strong>visionis?</strong></span> <span class='ocrx_word' id='word_1_511' title='bbox 3328 2141 3471 2211; x_wconf 85' lang='lat' dir='ltr'><strong>Ergo</strong></span> <span class='ocrx_word' id='word_1_512' title='bbox 3508 2140 3639 2208; x_wconf 88' lang='lat' dir='ltr'><strong>quia</strong></span> 
     </span>
    </p>
   </div>
   <div class='ocr_carea' id='block_1_66' title="bbox 2053 2233 3641 2306">
    <p class='ocr_par' dir='ltr' id='par_1_66' title="bbox 2053 2233 3641 2306">
     <span class='ocr_line' id='line_1_66' title="bbox 2053 2233 3641 2306; baseline -0.003 -15"><span class='ocrx_word' id='word_1_513' title='bbox 2053 2239 2321 2293; x_wconf 89' lang='lat' dir='ltr'><strong>fructuum</strong></span> <span class='ocrx_word' id='word_1_514' title='bbox 2354 2246 2476 2292; x_wconf 87' lang='lat' dir='ltr'><strong>erat</strong></span> <span class='ocrx_word' id='word_1_515' title='bbox 2500 2238 2740 2301; x_wconf 82' lang='lat' dir='ltr'><strong>occasio,</strong></span> <span class='ocrx_word' id='word_1_516' title='bbox 2764 2251 2861 2306; x_wconf 87' lang='lat' dir='ltr'><strong>per</strong></span> <span class='ocrx_word' id='word_1_517' title='bbox 2882 2250 2944 2289; x_wconf 92' lang='lat' dir='ltr'><strong>ea</strong></span> <span class='ocrx_word' id='word_1_518' title='bbox 2972 2249 3091 2304; x_wconf 54' lang='lat' dir='ltr'><strong>quas</strong></span> <span class='ocrx_word' id='word_1_519' title='bbox 3120 2233 3302 2305; x_wconf 82' lang='lat' dir='ltr'><strong>fruges</strong></span> <span class='ocrx_word' id='word_1_520' title='bbox 3330 2235 3641 2300; x_wconf 88' lang='lat' dir='ltr'><strong>enutriunt,</strong></span> 
     </span>
    </p>
   </div>
   <div class='ocr_carea' id='block_1_67' title="bbox 2053 2326 3643 2398">
    <p class='ocr_par' dir='ltr' id='par_1_67' title="bbox 2053 2326 3643 2398">
     <span class='ocr_line' id='line_1_67' title="bbox 2053 2326 3643 2398; baseline -0.001 -14"><span class='ocrx_word' id='word_1_521' title='bbox 2053 2330 2196 2385; x_wconf 82' lang='lat' dir='ltr'><strong>facta</strong></span> <span class='ocrx_word' id='word_1_522' title='bbox 2223 2340 2307 2385; x_wconf 91' lang='lat' dir='ltr'><strong>est</strong></span> <span class='ocrx_word' id='word_1_523' title='bbox 2332 2340 2388 2384; x_wconf 90' lang='lat' dir='ltr'><strong>et</strong></span> <span class='ocrx_word' id='word_1_524' title='bbox 2414 2329 2555 2384; x_wconf 88' lang='lat' dir='ltr'><strong>visio</strong></span> <span class='ocrx_word' id='word_1_525' title='bbox 2587 2328 2805 2397; x_wconf 84' lang='lat' dir='ltr'><strong>duplex.</strong></span> <span class='ocrx_word' id='word_1_526' title='bbox 2836 2326 3164 2398; x_wconf 84' lang='lat' dir='ltr'><strong>Putas-ergo</strong></span> <span class='ocrx_word' id='word_1_527' title='bbox 3191 2329 3314 2397; x_wconf 88' lang='lat' dir='ltr'><strong>quia</strong></span> <span class='ocrx_word' id='word_1_528' title='bbox 3341 2327 3541 2397; x_wconf 90' lang='lat' dir='ltr'><strong>aliquis</strong></span> <span class='ocrx_word' id='word_1_529' title='bbox 3571 2343 3643 2382; x_wconf 79' lang='lat' dir='ltr'><strong>ex</strong></span> 
     </span>
    </p>
   </div>
   <div class='ocr_carea' id='block_1_68' title="bbox 2055 2422 3640 2493">
    <p class='ocr_par' dir='ltr' id='par_1_68' title="bbox 2055 2422 3640 2493">
     <span class='ocr_line' id='line_1_68' title="bbox 2055 2422 3640 2493; baseline -0.001 -16"><span class='ocrx_word' id='word_1_530' title='bbox 2055 2425 2139 2478; x_wconf 90' lang='lat' dir='ltr'><strong>his</strong></span> <span class='ocrx_word' id='word_1_531' title='bbox 2160 2424 2252 2493; x_wconf 92' lang='lat' dir='ltr'><strong>qui</strong></span> <span class='ocrx_word' id='word_1_532' title='bbox 2278 2422 2495 2487; x_wconf 89' lang='lat' dir='ltr'><strong>adsunt,</strong></span> <span class='ocrx_word' id='word_1_533' title='bbox 2529 2422 2819 2492; x_wconf 87' lang='lat' dir='ltr'><strong>invigilans</strong></span> <span class='ocrx_word' id='word_1_534' title='bbox 2846 2432 2903 2475; x_wconf 92' lang='lat' dir='ltr'><strong>et</strong></span> <span class='ocrx_word' id='word_1_535' title='bbox 2931 2422 3165 2483; x_wconf 84' lang='lat' dir='ltr'><strong>sobrius,</strong></span> <span class='ocrx_word' id='word_1_536' title='bbox 3203 2423 3463 2492; x_wconf 84' lang='lat' dir='ltr'><strong>cogitavit</strong></span> <span class='ocrx_word' id='word_1_537' title='bbox 3492 2427 3640 2491; x_wconf 89' lang='lat' dir='ltr'><strong>apud</strong></span> 
     </span>
    </p>
   </div>
   <div class='ocr_carea' id='block_1_69' title="bbox 2054 2514 3634 2585">
    <p class='ocr_par' dir='ltr' id='par_1_69' title="bbox 2054 2514 3634 2585">
     <span class='ocr_line' id='line_1_69' title="bbox 2054 2514 3634 2585; baseline -0.001 -16"><span class='ocrx_word' id='word_1_538' title='bbox 2054 2532 2113 2569; x_wconf 90' lang='lat' dir='ltr'><strong>se</strong></span> <span class='ocrx_word' id='word_1_539' title='bbox 2144 2525 2201 2569; x_wconf 93' lang='lat' dir='ltr'><strong>ut</strong></span> <span class='ocrx_word' id='word_1_540' title='bbox 2236 2516 2471 2581; x_wconf 89' lang='lat' dir='ltr'><strong>sobrius,</strong></span> <span class='ocrx_word' id='word_1_541' title='bbox 2505 2514 2634 2585; x_wconf 83' lang='lat' dir='ltr'><strong>quia</strong></span> <span class='ocrx_word' id='word_1_542' title='bbox 2664 2516 2782 2570; x_wconf 66' lang='lat' dir='ltr'><strong>ism</strong></span> <span class='ocrx_word' id='word_1_543' title='bbox 2814 2515 3055 2569; x_wconf 90' lang='lat' dir='ltr'><strong>visiones</strong></span> <span class='ocrx_word' id='word_1_544' title='bbox 3085 2528 3182 2584; x_wconf 89' lang='lat' dir='ltr'><strong>per</strong></span> <span class='ocrx_word' id='word_1_545' title='bbox 3205 2515 3475 2569; x_wconf 87' lang='lat' dir='ltr'><strong>insomnia</strong></span> <span class='ocrx_word' id='word_1_546' title='bbox 3501 2523 3634 2569; x_wconf 87' lang='lat' dir='ltr'><strong>sunt</strong></span> 
     </span>
    </p>
   </div>
   <div class='ocr_carea' id='block_1_70' title="bbox 2056 2608 3648 2677">
    <p class='ocr_par' dir='ltr' id='par_1_70' title="bbox 2056 2608 3648 2677">
     <span class='ocr_line' id='line_1_70' title="bbox 2056 2608 3648 2677; baseline 0.001 -16"><span class='ocrx_word' id='word_1_547' title='bbox 2056 2608 2228 2670; x_wconf 67' lang='lat' dir='ltr'><strong>factm,</strong></span> <span class='ocrx_word' id='word_1_548' title='bbox 2273 2615 2328 2662; x_wconf 90' lang='lat' dir='ltr'><strong>et</strong></span> <span class='ocrx_word' id='word_1_549' title='bbox 2374 2608 2512 2663; x_wconf 88' lang='lat' dir='ltr'><strong>forte</strong></span> <span class='ocrx_word' id='word_1_550' title='bbox 2558 2608 2926 2677; x_wconf 84' lang='lat' dir='ltr'><strong>suspicabitur</strong></span> <span class='ocrx_word' id='word_1_551' title='bbox 2958 2609 3067 2662; x_wconf 89' lang='lat' dir='ltr'><strong>vim</strong></span> <span class='ocrx_word' id='word_1_552' title='bbox 3109 2608 3290 2662; x_wconf 89' lang='lat' dir='ltr'><strong>facere</strong></span> <span class='ocrx_word' id='word_1_553' title='bbox 3325 2623 3425 2662; x_wconf 92' lang='lat' dir='ltr'><strong>nos</strong></span> <span class='ocrx_word' id='word_1_554' title='bbox 3473 2617 3527 2662; x_wconf 87' lang='lat' dir='ltr'><strong>et</strong></span> <span class='ocrx_word' id='word_1_555' title='bbox 3555 2608 3648 2662; x_wconf 88' lang='lat' dir='ltr'><strong>his</strong></span> 
     </span>
    </p>
   </div>
   <div class='ocr_carea' id='block_1_71' title="bbox 2052 2699 3648 2770">
    <p class='ocr_par' dir='ltr' id='par_1_71' title="bbox 2052 2699 3648 2770">
     <span class='ocr_line' id='line_1_71' title="bbox 2052 2699 3648 2770; baseline 0.001 -18"><span class='ocrx_word' id='word_1_556' title='bbox 2052 2700 2352 2754; x_wconf 82' lang='lat' dir='ltr'><strong>visionibus</strong></span> <span class='ocrx_word' id='word_1_557' title='bbox 2388 2715 2510 2770; x_wconf 65' lang='lat' dir='ltr'><strong>qua:</strong></span> <span class='ocrx_word' id='word_1_558' title='bbox 2559 2715 2657 2767; x_wconf 90' lang='lat' dir='ltr'><strong>per</strong></span> <span class='ocrx_word' id='word_1_559' title='bbox 2702 2700 2973 2754; x_wconf 88' lang='lat' dir='ltr'><strong>insomnia</strong></span> <span class='ocrx_word' id='word_1_560' title='bbox 3018 2699 3173 2754; x_wconf 64' lang='lat' dir='ltr'><strong>factae</strong></span> <span class='ocrx_word' id='word_1_561' title='bbox 3223 2708 3543 2765; x_wconf 88' lang='lat' dir='ltr'><strong>noscuntur,</strong></span> <span class='ocrx_word' id='word_1_562' title='bbox 3586 2710 3648 2754; x_wconf 90' lang='lat' dir='ltr'><strong>et</strong></span> 
     </span>
    </p>
   </div>
   <div class='ocr_carea' id='block_1_72' title="bbox 2055 2789 3653 2861">
    <p class='ocr_par' dir='ltr' id='par_1_72' title="bbox 2055 2789 3653 2861">
     <span class='ocr_line' id='line_1_72' title="bbox 2055 2789 3653 2861; baseline 0.001 -17"><span class='ocrx_word' id='word_1_563' title='bbox 2055 2791 2121 2845; x_wconf 90' lang='lat' dir='ltr'><strong>ad</strong></span> <span class='ocrx_word' id='word_1_564' title='bbox 2152 2791 2477 2845; x_wconf 87' lang='lat' dir='ltr'><strong>solutionem</strong></span> <span class='ocrx_word' id='word_1_565' title='bbox 2500 2805 2594 2845; x_wconf 89' lang='lat' dir='ltr'><strong>eas</strong></span> <span class='ocrx_word' id='word_1_566' title='bbox 2615 2791 2881 2860; x_wconf 89' lang='lat' dir='ltr'><strong>accipere,</strong></span> <span class='ocrx_word' id='word_1_567' title='bbox 2905 2806 3026 2861; x_wconf 64' lang='lat' dir='ltr'><strong>qua:</strong></span> <span class='ocrx_word' id='word_1_568' title='bbox 3057 2791 3312 2845; x_wconf 88' lang='lat' dir='ltr'><strong>videntur</strong></span> <span class='ocrx_word' id='word_1_569' title='bbox 3336 2806 3432 2860; x_wconf 90' lang='lat' dir='ltr'><strong>per</strong></span> <span class='ocrx_word' id='word_1_570' title='bbox 3455 2789 3653 2845; x_wconf 83' lang='lat' dir='ltr'><strong>oculos</strong></span> 
     </span>
    </p>
   </div>
   <div class='ocr_carea' id='block_1_73' title="bbox 2054 2879 3651 2950">
    <p class='ocr_par' dir='ltr' id='par_1_73' title="bbox 2054 2879 3651 2950">
     <span class='ocr_line' id='line_1_73' title="bbox 2054 2879 3651 2950; baseline 0.004 -18"><span class='ocrx_word' id='word_1_571' title='bbox 2054 2882 2184 2934; x_wconf 72' lang='lat' dir='ltr'><strong>visa:</strong></span> <span class='ocrx_word' id='word_1_572' title='bbox 2216 2880 2285 2934; x_wconf 88' lang='lat' dir='ltr'><strong>ab</strong></span> <span class='ocrx_word' id='word_1_573' title='bbox 2309 2879 2735 2950; x_wconf 88' lang='lat' dir='ltr'><strong>invigilantibus.</strong></span> <span class='ocrx_word' id='word_1_574' title='bbox 2778 2880 2835 2935; x_wconf 85' lang='lat' dir='ltr'><strong>Si</strong></span> <span class='ocrx_word' id='word_1_575' title='bbox 2861 2882 3009 2935; x_wconf 89' lang='lat' dir='ltr'><strong>enim</strong></span> <span class='ocrx_word' id='word_1_576' title='bbox 3042 2881 3111 2935; x_wconf 91' lang='lat' dir='ltr'><strong>ita</strong></span> <span class='ocrx_word' id='word_1_577' title='bbox 3151 2892 3319 2946; x_wconf 89' lang='lat' dir='ltr'><strong>esset,</strong></span> <span class='ocrx_word' id='word_1_578' title='bbox 3357 2883 3651 2950; x_wconf 84' lang='lat' dir='ltr'><strong>subripere</strong></span> 
     </span>
    </p>
   </div>
   <div class='ocr_carea' id='block_1_74' title="bbox 2056 2968 3653 3039">
    <p class='ocr_par' dir='ltr' id='par_1_74' title="bbox 2056 2968 3653 3039">
     <span class='ocr_line' id='line_1_74' title="bbox 2056 2968 3653 3039; baseline 0.001 -15"><span class='ocrx_word' id='word_1_579' title='bbox 2056 2971 2332 3034; x_wconf 91' lang='lat' dir='ltr'><strong>deberem,</strong></span> <span class='ocrx_word' id='word_1_580' title='bbox 2381 2978 2436 3023; x_wconf 92' lang='lat' dir='ltr'><strong>et</strong></span> <span class='ocrx_word' id='word_1_581' title='bbox 2476 2968 2581 3024; x_wconf 89' lang='lat' dir='ltr'><strong>hoc</strong></span> <span class='ocrx_word' id='word_1_582' title='bbox 2630 2969 2806 3039; x_wconf 88' lang='lat' dir='ltr'><strong>ipsum</strong></span> <span class='ocrx_word' id='word_1_583' title='bbox 2863 2970 3094 3025; x_wconf 87' lang='lat' dir='ltr'><strong>suadere</strong></span> <span class='ocrx_word' id='word_1_584' title='bbox 3135 2981 3186 3024; x_wconf 93' lang='lat' dir='ltr'><strong>et</strong></span> <span class='ocrx_word' id='word_1_585' title='bbox 3228 2971 3415 3025; x_wconf 90' lang='lat' dir='ltr'><strong>ludere</strong></span> <span class='ocrx_word' id='word_1_586' title='bbox 3450 2986 3463 3019; x_wconf 89' lang='lat'><strong>:</strong></span> <span class='ocrx_word' id='word_1_587' title='bbox 3499 2970 3653 3026; x_wconf 83' lang='lat' dir='ltr'><strong>forte</strong></span> 
     </span>
    </p>
   </div>
   <div class='ocr_carea' id='block_1_75' title="bbox 2059 3061 3655 3131">
    <p class='ocr_par' dir='ltr' id='par_1_75' title="bbox 2059 3061 3655 3131">
     <span class='ocr_line' id='line_1_75' title="bbox 2059 3061 3655 3131; baseline 0.001 -16"><span class='ocrx_word' id='word_1_588' title='bbox 2059 3071 2235 3116; x_wconf 89' lang='lat' dir='ltr'><strong>autem</strong></span> <span class='ocrx_word' id='word_1_589' title='bbox 2264 3071 2318 3115; x_wconf 93' lang='lat' dir='ltr'><strong>et</strong></span> <span class='ocrx_word' id='word_1_590' title='bbox 2345 3061 2390 3115; x_wconf 92' lang='lat' dir='ltr'><strong>si</strong></span> <span class='ocrx_word' id='word_1_591' title='bbox 2429 3062 2738 3127; x_wconf 90' lang='lat' dir='ltr'><strong>tacuissem,</strong></span> <span class='ocrx_word' id='word_1_592' title='bbox 2767 3063 2892 3131; x_wconf 91' lang='lat' dir='ltr'><strong>quia</strong></span> <span class='ocrx_word' id='word_1_593' title='bbox 2926 3077 3024 3131; x_wconf 89' lang='lat' dir='ltr'><strong>per</strong></span> <span class='ocrx_word' id='word_1_594' title='bbox 3054 3061 3317 3116; x_wconf 90' lang='lat' dir='ltr'><strong>insomnia</strong></span> <span class='ocrx_word' id='word_1_595' title='bbox 3346 3062 3522 3116; x_wconf 88' lang='lat' dir='ltr'><strong>factus</strong></span> <span class='ocrx_word' id='word_1_596' title='bbox 3555 3072 3655 3117; x_wconf 84' lang='lat' dir='ltr'><strong>est</strong></span> 
     </span>
    </p>
   </div>
   <div class='ocr_carea' id='block_1_76' title="bbox 1982 3152 3641 3252">
    <p class='ocr_par' dir='ltr' id='par_1_76' title="bbox 1982 3152 3641 3252">
     <span class='ocr_line' id='line_1_76' title="bbox 1982 3152 3641 3252; baseline 0 -45"><span class='ocrx_word' id='word_1_597' title='bbox 1982 3190 2027 3252; x_wconf 76' lang='lat' dir='ltr'><strong>C</strong></span> <span class='ocrx_word' id='word_1_598' title='bbox 2060 3154 2193 3207; x_wconf 81' lang='lat' dir='ltr'><strong>mihi</strong></span> <span class='ocrx_word' id='word_1_599' title='bbox 2219 3167 2421 3219; x_wconf 91' lang='lat' dir='ltr'><strong>sermo,</strong></span> <span class='ocrx_word' id='word_1_600' title='bbox 2457 3152 2670 3207; x_wconf 91' lang='lat' dir='ltr'><strong>viderer</strong></span> <span class='ocrx_word' id='word_1_601' title='bbox 2702 3153 2786 3206; x_wconf 87' lang='lat' dir='ltr'><strong>his</strong></span> <span class='ocrx_word' id='word_1_602' title='bbox 2825 3154 2913 3222; x_wconf 92' lang='lat' dir='ltr'><strong>qui</strong></span> <span class='ocrx_word' id='word_1_603' title='bbox 2950 3154 3128 3207; x_wconf 90' lang='lat' dir='ltr'><strong>adhuc</strong></span> <span class='ocrx_word' id='word_1_604' title='bbox 3166 3155 3526 3220; x_wconf 85' lang='lat' dir='ltr'><strong>somniantur,</strong></span> <span class='ocrx_word' id='word_1_605' title='bbox 3578 3164 3641 3210; x_wconf 87' lang='lat' dir='ltr'><strong>et</strong></span> 
     </span>
    </p>
   </div>
   <div class='ocr_carea' id='block_1_77' title="bbox 2062 3244 3655 3312">
    <p class='ocr_par' dir='ltr' id='par_1_77' title="bbox 2062 3244 3655 3312">
     <span class='ocr_line' id='line_1_77' title="bbox 2062 3244 3655 3312; baseline 0.001 -15"><span class='ocrx_word' id='word_1_606' title='bbox 2062 3244 2365 3298; x_wconf 79' lang='lat' dir='ltr'><strong>inauditum</strong></span> <span class='ocrx_word' id='word_1_607' title='bbox 2416 3244 2630 3297; x_wconf 90' lang='lat' dir='ltr'><strong>edicere</strong></span> <span class='ocrx_word' id='word_1_608' title='bbox 2666 3244 2795 3312; x_wconf 92' lang='lat' dir='ltr'><strong>quid</strong></span> <span class='ocrx_word' id='word_1_609' title='bbox 2839 3252 2896 3299; x_wconf 90' lang='lat' dir='ltr'><strong>et</strong></span> <span class='ocrx_word' id='word_1_610' title='bbox 2939 3244 3221 3298; x_wconf 74' lang='lat' dir='ltr'><strong>exhibere.</strong></span> <span class='ocrx_word' id='word_1_611' title='bbox 3279 3245 3415 3307; x_wconf 85' lang='lat' dir='ltr'><strong>Quia</strong></span> <span class='ocrx_word' id='word_1_612' title='bbox 3460 3254 3655 3301; x_wconf 88' lang='lat' dir='ltr'><strong>autem</strong></span> 
     </span>
    </p>
   </div>
   <div class='ocr_carea' id='block_1_78' title="bbox 2062 3336 3655 3406">
    <p class='ocr_par' dir='ltr' id='par_1_78' title="bbox 2062 3336 3655 3406">
     <span class='ocr_line' id='line_1_78' title="bbox 2062 3336 3655 3406; baseline 0.001 -16"><span class='ocrx_word' id='word_1_613' title='bbox 2062 3337 2311 3392; x_wconf 84' lang='lat' dir='ltr'><strong>veritatis</strong></span> <span class='ocrx_word' id='word_1_614' title='bbox 2334 3346 2417 3391; x_wconf 90' lang='lat' dir='ltr'><strong>est</strong></span> <span class='ocrx_word' id='word_1_615' title='bbox 2451 3336 2626 3403; x_wconf 85' lang='lat' dir='ltr'><strong>locus,</strong></span> <span class='ocrx_word' id='word_1_616' title='bbox 2684 3344 2740 3390; x_wconf 89' lang='lat' dir='ltr'><strong>et</strong></span> <span class='ocrx_word' id='word_1_617' title='bbox 2788 3351 2893 3391; x_wconf 88' lang='lat' dir='ltr'><strong>non</strong></span> <span class='ocrx_word' id='word_1_618' title='bbox 2945 3352 3045 3392; x_wconf 91' lang='lat' dir='ltr'><strong>nos</strong></span> <span class='ocrx_word' id='word_1_619' title='bbox 3096 3338 3359 3392; x_wconf 88' lang='lat' dir='ltr'><strong>seducere</strong></span> <span class='ocrx_word' id='word_1_620' title='bbox 3403 3348 3655 3406; x_wconf 87' lang='lat' dir='ltr'><strong>oportet,</strong></span> 
     </span>
    </p>
   </div>
   <div class='ocr_carea' id='block_1_79' title="bbox 2062 3431 3659 3503">
    <p class='ocr_par' dir='ltr' id='par_1_79' title="bbox 2062 3431 3659 3503">
     <span class='ocr_line' id='line_1_79' title="bbox 2062 3431 3659 3503; baseline 0 -16"><span class='ocrx_word' id='word_1_621' title='bbox 2062 3447 2239 3503; x_wconf 86' lang='lat' dir='ltr'><strong>neque</strong></span> <span class='ocrx_word' id='word_1_622' title='bbox 2294 3431 2534 3486; x_wconf 88' lang='lat' dir='ltr'><strong>suasioni</strong></span> <span class='ocrx_word' id='word_1_623' title='bbox 2594 3440 2840 3501; x_wconf 90' lang='lat' dir='ltr'><strong>captare,</strong></span> <span class='ocrx_word' id='word_1_624' title='bbox 2904 3433 3141 3486; x_wconf 91' lang='lat' dir='ltr'><strong>sciamus</strong></span> <span class='ocrx_word' id='word_1_625' title='bbox 3187 3432 3312 3501; x_wconf 84' lang='lat' dir='ltr'><strong>quia</strong></span> <span class='ocrx_word' id='word_1_626' title='bbox 3368 3432 3482 3485; x_wconf 68' lang='lat' dir='ltr'><strong>haec</strong></span> <span class='ocrx_word' id='word_1_627' title='bbox 3522 3445 3659 3500; x_wconf 63' lang='lat' dir='ltr'><strong>qua</strong></span> 
     </span>
    </p>
   </div>
   <div class='ocr_carea' id='block_1_80' title="bbox 2062 3522 3655 3593">
    <p class='ocr_par' dir='ltr' id='par_1_80' title="bbox 2062 3522 3655 3593">
     <span class='ocr_line' id='line_1_80' title="bbox 2062 3522 3655 3593; baseline -0.001 -14"><span class='ocrx_word' id='word_1_628' title='bbox 2062 3523 2206 3579; x_wconf 91' lang='lat' dir='ltr'><strong>dicta</strong></span> <span class='ocrx_word' id='word_1_629' title='bbox 2233 3533 2359 3578; x_wconf 90' lang='lat' dir='ltr'><strong>sunt</strong></span> <span class='ocrx_word' id='word_1_630' title='bbox 2384 3523 2564 3578; x_wconf 91' lang='lat' dir='ltr'><strong>omnia</strong></span> <span class='ocrx_word' id='word_1_631' title='bbox 2594 3538 2690 3593; x_wconf 88' lang='lat' dir='ltr'><strong>per</strong></span> <span class='ocrx_word' id='word_1_632' title='bbox 2726 3522 2996 3577; x_wconf 90' lang='lat' dir='ltr'><strong>insomnia</strong></span> <span class='ocrx_word' id='word_1_633' title='bbox 3022 3523 3138 3577; x_wconf 86' lang='lat' dir='ltr'><strong>visa</strong></span> <span class='ocrx_word' id='word_1_634' title='bbox 3174 3532 3338 3576; x_wconf 90' lang='lat' dir='ltr'><strong>sunt:</strong></span> <span class='ocrx_word' id='word_1_635' title='bbox 3374 3522 3655 3591; x_wconf 88' lang='lat' dir='ltr'><strong>siquidem</strong></span> 
     </span>
    </p>
   </div>
   <div class='ocr_carea' id='block_1_81' title="bbox 2062 3614 3656 3683">
    <p class='ocr_par' dir='ltr' id='par_1_81' title="bbox 2062 3614 3656 3683">
     <span class='ocr_line' id='line_1_81' title="bbox 2062 3614 3656 3683; baseline -0.001 -12"><span class='ocrx_word' id='word_1_636' title='bbox 2062 3625 2117 3671; x_wconf 88' lang='lat' dir='ltr'><strong>et</strong></span> <span class='ocrx_word' id='word_1_637' title='bbox 2155 3614 2656 3670; x_wconf 86' lang='lat' dir='ltr'><strong>Nabuchodonosor</strong></span> <span class='ocrx_word' id='word_1_638' title='bbox 2700 3614 2968 3669; x_wconf 91' lang='lat' dir='ltr'><strong>somnium</strong></span> <span class='ocrx_word' id='word_1_639' title='bbox 3011 3614 3166 3683; x_wconf 90' lang='lat' dir='ltr'><strong>vidit,</strong></span> <span class='ocrx_word' id='word_1_640' title='bbox 3210 3624 3266 3669; x_wconf 91' lang='lat' dir='ltr'><strong>et</strong></span> <span class='ocrx_word' id='word_1_641' title='bbox 3295 3614 3478 3669; x_wconf 89' lang='lat' dir='ltr'><strong>Daniel</strong></span> <span class='ocrx_word' id='word_1_642' title='bbox 3513 3614 3656 3670; x_wconf 83' lang='lat' dir='ltr'><strong>illud</strong></span> 
     </span>
    </p>
   </div>
   <div class='ocr_carea' id='block_1_82' title="bbox 2063 3706 3661 3778">
    <p class='ocr_par' dir='ltr' id='par_1_82' title="bbox 2063 3706 3661 3778">
     <span class='ocr_line' id='line_1_82' title="bbox 2063 3706 3661 3778; baseline 0.001 -17"><span class='ocrx_word' id='word_1_643' title='bbox 2063 3708 2207 3778; x_wconf 92' lang='lat' dir='ltr'><strong>quod</strong></span> <span class='ocrx_word' id='word_1_644' title='bbox 2253 3707 2487 3761; x_wconf 78' lang='lat' dir='ltr'><strong>diximus</strong></span> <span class='ocrx_word' id='word_1_645' title='bbox 2525 3721 2622 3775; x_wconf 90' lang='lat' dir='ltr'><strong>per</strong></span> <span class='ocrx_word' id='word_1_646' title='bbox 2676 3706 2947 3760; x_wconf 89' lang='lat' dir='ltr'><strong>somnium</strong></span> <span class='ocrx_word' id='word_1_647' title='bbox 2999 3707 3157 3770; x_wconf 86' lang='lat' dir='ltr'><strong>vidit,</strong></span> <span class='ocrx_word' id='word_1_648' title='bbox 3205 3717 3258 3761; x_wconf 87' lang='lat' dir='ltr'><strong>et</strong></span> <span class='ocrx_word' id='word_1_649' title='bbox 3303 3706 3554 3771; x_wconf 87' lang='lat' dir='ltr'><strong>Pharao,</strong></span> <span class='ocrx_word' id='word_1_650' title='bbox 3599 3716 3661 3762; x_wconf 84' lang='lat' dir='ltr'><strong>et</strong></span> 
     </span>
    </p>
   </div>
   <div class='ocr_carea' id='block_1_83' title="bbox 2073 3794 3659 3870">
    <p class='ocr_par' dir='ltr' id='par_1_83' title="bbox 2073 3794 3659 3870">
     <span class='ocr_line' id='line_1_83' title="bbox 2073 3794 3659 3870; baseline -0.001 -15"><span class='ocrx_word' id='word_1_651' title='bbox 2073 3799 2274 3870; x_wconf 84' lang='lat' dir='ltr'><strong>Joseph</strong></span> <span class='ocrx_word' id='word_1_652' title='bbox 2300 3815 2397 3869; x_wconf 89' lang='lat' dir='ltr'><strong>per</strong></span> <span class='ocrx_word' id='word_1_653' title='bbox 2421 3798 2693 3853; x_wconf 90' lang='lat' dir='ltr'><strong>insomnia</strong></span> <span class='ocrx_word' id='word_1_654' title='bbox 2720 3799 3029 3854; x_wconf 88' lang='lat' dir='ltr'><strong>habuerunt</strong></span> <span class='ocrx_word' id='word_1_655' title='bbox 3059 3799 3193 3854; x_wconf 88' lang='lat' dir='ltr'><strong>istas</strong></span> <span class='ocrx_word' id='word_1_656' title='bbox 3222 3794 3484 3854; x_wconf 75' lang='lat' dir='ltr'><strong>visiones.</strong></span> <span class='ocrx_word' id='word_1_657' title='bbox 3500 3798 3659 3855; x_wconf 82' lang='lat' dir='ltr'><strong>Nihil</strong></span> 
     </span>
    </p>
   </div>
   <div class='ocr_carea' id='block_1_84' title="bbox 2063 3890 3660 3963">
    <p class='ocr_par' dir='ltr' id='par_1_84' title="bbox 2063 3890 3660 3963">
     <span class='ocr_line' id='line_1_84' title="bbox 2063 3890 3660 3963; baseline -0.001 -15"><span class='ocrx_word' id='word_1_658' title='bbox 2063 3906 2194 3963; x_wconf 85' lang='lat' dir='ltr'><strong>ergo</strong></span> <span class='ocrx_word' id='word_1_659' title='bbox 2229 3892 2425 3946; x_wconf 90' lang='lat' dir='ltr'><strong>mirum</strong></span> <span class='ocrx_word' id='word_1_660' title='bbox 2482 3890 2527 3944; x_wconf 89' lang='lat' dir='ltr'><strong>si</strong></span> <span class='ocrx_word' id='word_1_661' title='bbox 2578 3901 2633 3944; x_wconf 94' lang='lat' dir='ltr'><strong>et</strong></span> <span class='ocrx_word' id='word_1_662' title='bbox 2682 3890 2841 3946; x_wconf 91' lang='lat' dir='ltr'><strong>nobis</strong></span> <span class='ocrx_word' id='word_1_663' title='bbox 2889 3906 2985 3961; x_wconf 88' lang='lat' dir='ltr'><strong>per</strong></span> <span class='ocrx_word' id='word_1_664' title='bbox 3030 3893 3300 3947; x_wconf 84' lang='lat' dir='ltr'><strong>insomnia</strong></span> <span class='ocrx_word' id='word_1_665' title='bbox 3348 3904 3660 3962; x_wconf 77' lang='lat' dir='ltr'><strong>appareant</strong></span> 
     </span>
    </p>
   </div>
   <div class='ocr_carea' id='block_1_85' title="bbox 2064 3982 3661 4055">
    <p class='ocr_par' dir='ltr' id='par_1_85' title="bbox 2064 3982 3661 4055">
     <span class='ocr_line' id='line_1_85' title="bbox 2064 3982 3661 4055; baseline 0.003 -18"><span class='ocrx_word' id='word_1_666' title='bbox 2064 3986 2186 4055; x_wconf 67' lang='lat' dir='ltr'><strong>qua‘:</strong></span> <span class='ocrx_word' id='word_1_667' title='bbox 2220 3984 2494 4053; x_wconf 82' lang='lat' dir='ltr'><strong>videntur.</strong></span> <span class='ocrx_word' id='word_1_668' title='bbox 2546 3982 2666 4037; x_wconf 81' lang='lat' dir='ltr'><strong>Alia</strong></span> <span class='ocrx_word' id='word_1_669' title='bbox 2698 3985 2842 4038; x_wconf 92' lang='lat' dir='ltr'><strong>enim</strong></span> <span class='ocrx_word' id='word_1_670' title='bbox 2885 3984 2952 4038; x_wconf 91' lang='lat' dir='ltr'><strong>de</strong></span> <span class='ocrx_word' id='word_1_671' title='bbox 2980 3983 3101 4040; x_wconf 89' lang='lat' dir='ltr'><strong>aliis</strong></span> <span class='ocrx_word' id='word_1_672' title='bbox 3145 3984 3458 4055; x_wconf 87' lang='lat' dir='ltr'><strong>frequenter</strong></span> <span class='ocrx_word' id='word_1_673' title='bbox 3499 3986 3661 4041; x_wconf 85' lang='lat' dir='ltr'><strong>vide-</strong></span> 
     </span>
    </p>
   </div>
   <div class='ocr_carea' id='block_1_86' title="bbox 2064 4075 3659 4147">
    <p class='ocr_par' dir='ltr' id='par_1_86' title="bbox 2064 4075 3659 4147">
     <span class='ocr_line' id='line_1_86' title="bbox 2064 4075 3659 4147; baseline 0 -15"><span class='ocrx_word' id='word_1_674' title='bbox 2064 4091 2207 4142; x_wconf 90' lang='lat' dir='ltr'><strong>mus,</strong></span> <span class='ocrx_word' id='word_1_675' title='bbox 2236 4084 2327 4129; x_wconf 89' lang='lat' dir='ltr'><strong>aut</strong></span> <span class='ocrx_word' id='word_1_676' title='bbox 2374 4084 2748 4144; x_wconf 89' lang='lat' dir='ltr'><strong>tempestatem</strong></span> <span class='ocrx_word' id='word_1_677' title='bbox 2776 4075 2966 4141; x_wconf 90' lang='lat' dir='ltr'><strong>maris,</strong></span> <span class='ocrx_word' id='word_1_678' title='bbox 2998 4085 3091 4129; x_wconf 88' lang='lat' dir='ltr'><strong>aut</strong></span> <span class='ocrx_word' id='word_1_679' title='bbox 3121 4077 3478 4147; x_wconf 91' lang='lat' dir='ltr'><strong>nosmetipsos</strong></span> <span class='ocrx_word' id='word_1_680' title='bbox 3510 4078 3659 4132; x_wconf 84' lang='lat' dir='ltr'><strong>trahi</strong></span> 
     </span>
    </p>
   </div>
   <div class='ocr_carea' id='block_1_87' title="bbox 2066 4167 3663 4237">
    <p class='ocr_par' dir='ltr' id='par_1_87' title="bbox 2066 4167 3663 4237">
     <span class='ocr_line' id='line_1_87' title="bbox 2066 4167 3663 4237; baseline 0.001 -14"><span class='ocrx_word' id='word_1_681' title='bbox 2066 4185 2095 4223; x_wconf 92' lang='lat' dir='ltr'><strong>a</strong></span> <span class='ocrx_word' id='word_1_682' title='bbox 2128 4167 2328 4234; x_wconf 84' lang='lat' dir='ltr'><strong>ﬂuviis,</strong></span> <span class='ocrx_word' id='word_1_683' title='bbox 2355 4177 2446 4221; x_wconf 93' lang='lat' dir='ltr'><strong>aut</strong></span> <span class='ocrx_word' id='word_1_684' title='bbox 2470 4177 2651 4237; x_wconf 87' lang='lat' dir='ltr'><strong>prata,</strong></span> <span class='ocrx_word' id='word_1_685' title='bbox 2688 4176 2781 4222; x_wconf 89' lang='lat' dir='ltr'><strong>aut</strong></span> <span class='ocrx_word' id='word_1_686' title='bbox 2812 4168 3056 4233; x_wconf 90' lang='lat' dir='ltr'><strong>fructus;</strong></span> <span class='ocrx_word' id='word_1_687' title='bbox 3103 4179 3196 4223; x_wconf 91' lang='lat' dir='ltr'><strong>aut</strong></span> <span class='ocrx_word' id='word_1_688' title='bbox 3236 4170 3358 4237; x_wconf 91' lang='lat' dir='ltr'><strong>quia</strong></span> <span class='ocrx_word' id='word_1_689' title='bbox 3389 4171 3457 4225; x_wconf 91' lang='lat' dir='ltr'><strong>de</strong></span> <span class='ocrx_word' id='word_1_690' title='bbox 3495 4171 3663 4225; x_wconf 86' lang='lat' dir='ltr'><strong>tectis</strong></span> 
     </span>
    </p>
   </div>
   <div class='ocr_carea' id='block_1_88' title="bbox 2066 4259 3657 4331">
    <p class='ocr_par' dir='ltr' id='par_1_88' title="bbox 2066 4259 3657 4331">
     <span class='ocr_line' id='line_1_88' title="bbox 2066 4259 3657 4331; baseline 0.001 -15"><span class='ocrx_word' id='word_1_691' title='bbox 2066 4261 2377 4330; x_wconf 86' lang='lat' dir='ltr'><strong>dejicimur,</strong></span> <span class='ocrx_word' id='word_1_692' title='bbox 2406 4270 2503 4315; x_wconf 90' lang='lat' dir='ltr'><strong>aut</strong></span> <span class='ocrx_word' id='word_1_693' title='bbox 2529 4261 2655 4329; x_wconf 90' lang='lat' dir='ltr'><strong>quia</strong></span> <span class='ocrx_word' id='word_1_694' title='bbox 2687 4260 2970 4315; x_wconf 87' lang='lat' dir='ltr'><strong>thesauros</strong></span> <span class='ocrx_word' id='word_1_695' title='bbox 3004 4259 3338 4324; x_wconf 87' lang='lat' dir='ltr'><strong>invenimus,</strong></span> <span class='ocrx_word' id='word_1_696' title='bbox 3388 4272 3483 4315; x_wconf 90' lang='lat' dir='ltr'><strong>aut</strong></span> <span class='ocrx_word' id='word_1_697' title='bbox 3522 4263 3657 4331; x_wconf 75' lang='lat' dir='ltr'><strong>quia</strong></span> 
     </span>
    </p>
   </div>
   <div class='ocr_carea' id='block_1_89' title="bbox 2066 4352 3658 4422">
    <p class='ocr_par' dir='ltr' id='par_1_89' title="bbox 2066 4352 3658 4422">
     <span class='ocr_line' id='line_1_89' title="bbox 2066 4352 3658 4422; baseline 0.001 -17"><span class='ocrx_word' id='word_1_698' title='bbox 2066 4352 2347 4407; x_wconf 90' lang='lat' dir='ltr'><strong>amisimus</strong></span> <span class='ocrx_word' id='word_1_699' title='bbox 2366 4352 2591 4421; x_wconf 87' lang='lat' dir='ltr'><strong>aliquid,</strong></span> <span class='ocrx_word' id='word_1_700' title='bbox 2615 4360 2707 4405; x_wconf 88' lang='lat' dir='ltr'><strong>aut</strong></span> <span class='ocrx_word' id='word_1_701' title='bbox 2737 4352 2862 4422; x_wconf 88' lang='lat' dir='ltr'><strong>quia</strong></span> <span class='ocrx_word' id='word_1_702' title='bbox 2889 4352 3277 4421; x_wconf 89' lang='lat' dir='ltr'><strong>subingressus</strong></span> <span class='ocrx_word' id='word_1_703' title='bbox 3302 4362 3384 4408; x_wconf 90' lang='lat' dir='ltr'><strong>est</strong></span> <span class='ocrx_word' id='word_1_704' title='bbox 3406 4355 3658 4422; x_wconf 87' lang='lat' dir='ltr'><strong>quidam,</strong></span> 
     </span>
    </p>
   </div>
   <div class='ocr_carea' id='block_1_90' title="bbox 2068 4444 3662 4513">
    <p class='ocr_par' dir='ltr' id='par_1_90' title="bbox 2068 4444 3662 4513">
     <span class='ocr_line' id='line_1_90' title="bbox 2068 4444 3662 4513; baseline 0.003 -16"><span class='ocrx_word' id='word_1_705' title='bbox 2068 4453 2162 4497; x_wconf 92' lang='lat' dir='ltr'><strong>aut</strong></span> <span class='ocrx_word' id='word_1_706' title='bbox 2191 4444 2321 4513; x_wconf 89' lang='lat' dir='ltr'><strong>quia</strong></span> <span class='ocrx_word' id='word_1_707' title='bbox 2364 4444 2506 4499; x_wconf 91' lang='lat' dir='ltr'><strong>alius</strong></span> <span class='ocrx_word' id='word_1_708' title='bbox 2538 4445 2726 4508; x_wconf 83' lang='lat' dir='ltr'><strong>exivit,</strong></span> <span class='ocrx_word' id='word_1_709' title='bbox 2766 4453 2859 4498; x_wconf 90' lang='lat' dir='ltr'><strong>aut</strong></span> <span class='ocrx_word' id='word_1_710' title='bbox 2901 4444 3029 4513; x_wconf 89' lang='lat' dir='ltr'><strong>quia</strong></span> <span class='ocrx_word' id='word_1_711' title='bbox 3079 4444 3293 4499; x_wconf 89' lang='lat' dir='ltr'><strong>locutus</strong></span> <span class='ocrx_word' id='word_1_712' title='bbox 3340 4454 3427 4500; x_wconf 88' lang='lat' dir='ltr'><strong>est</strong></span> <span class='ocrx_word' id='word_1_713' title='bbox 3472 4448 3662 4501; x_wconf 88' lang='lat' dir='ltr'><strong>nescio</strong></span> 
     </span>
    </p>
   </div>
   <div class='ocr_carea' id='block_1_91' title="bbox 388 4530 3661 4605">
    <p class='ocr_par' dir='ltr' id='par_1_91' title="bbox 388 4530 3661 4605">
     <span class='ocr_line' id='line_1_91' title="bbox 388 4530 3661 4605; baseline -0.001 -18"><span class='ocrx_word' id='word_1_714' title='bbox 388 4535 710 4604; x_wconf 87' lang='lat' dir='ltr'><strong>genitrices;</strong></span> <span class='ocrx_word' id='word_1_715' title='bbox 759 4547 855 4602; x_wconf 88' lang='lat' dir='ltr'><strong>per</strong></span> <span class='ocrx_word' id='word_1_716' title='bbox 897 4532 1075 4599; x_wconf 90' lang='lat' dir='ltr'><strong>spicas</strong></span> <span class='ocrx_word' id='word_1_717' title='bbox 1114 4530 1330 4598; x_wconf 82' lang='lat' dir='ltr'><strong>quidem</strong></span> <span class='ocrx_word' id='word_1_718' title='bbox 1382 4530 1507 4583; x_wconf 93' lang='lat' dir='ltr'><strong>anni</strong></span> <span class='ocrx_word' id='word_1_719' title='bbox 1551 4532 1959 4586; x_wconf 89' lang='lat' dir='ltr'><strong>annuntiantur.</strong></span> <span class='ocrx_word' id='word_1_720' title='bbox 1995 4547 2042 4603; x_wconf 83' lang='grc' dir='ltr'>ι)</span> <span class='ocrx_word' id='word_1_721' title='bbox 2070 4536 2213 4604; x_wconf 91' lang='lat' dir='ltr'><strong>quis,</strong></span> <span class='ocrx_word' id='word_1_722' title='bbox 2251 4546 2344 4590; x_wconf 90' lang='lat' dir='ltr'><strong>aut</strong></span> <span class='ocrx_word' id='word_1_723' title='bbox 2388 4536 2514 4605; x_wconf 90' lang='lat' dir='ltr'><strong>quia</strong></span> <span class='ocrx_word' id='word_1_724' title='bbox 2545 4536 2697 4590; x_wconf 88' lang='lat' dir='ltr'><strong>dedit</strong></span> <span class='ocrx_word' id='word_1_725' title='bbox 2743 4535 2961 4604; x_wconf 87' lang='lat' dir='ltr'><strong>aliquis.</strong></span> <span class='ocrx_word' id='word_1_726' title='bbox 3016 4534 3186 4589; x_wconf 86' lang='lat' dir='ltr'><strong>Erant</strong></span> <span class='ocrx_word' id='word_1_727' title='bbox 3237 4545 3420 4590; x_wconf 88' lang='lat' dir='ltr'><strong>autem</strong></span> <span class='ocrx_word' id='word_1_728' title='bbox 3466 4551 3661 4591; x_wconf 79' lang='lat' dir='ltr'><strong>omnes</strong></span> 
     </span>
    </p>
   </div>
   <div class='ocr_carea' id='block_1_92' title="bbox 389 4622 1963 4694">
    <p class='ocr_par' dir='ltr' id='par_1_92' title="bbox 389 4622 1963 4694">
     <span class='ocr_line' id='line_1_92' title="bbox 389 4622 1963 4694; baseline -0.001 -15"><span class='ocrx_word' id='word_1_729' title='bbox 389 4627 521 4692; x_wconf 85' lang='lat' dir='ltr'><strong>Quia</strong></span> <span class='ocrx_word' id='word_1_730' title='bbox 558 4636 735 4680; x_wconf 92' lang='lat' dir='ltr'><strong>autem</strong></span> <span class='ocrx_word' id='word_1_731' title='bbox 762 4639 859 4694; x_wconf 88' lang='lat' dir='ltr'><strong>per</strong></span> <span class='ocrx_word' id='word_1_732' title='bbox 886 4637 1050 4693; x_wconf 89' lang='lat' dir='ltr'><strong>opera</strong></span> <span class='ocrx_word' id='word_1_733' title='bbox 1077 4623 1237 4677; x_wconf 91' lang='lat' dir='ltr'><strong>boum</strong></span> <span class='ocrx_word' id='word_1_734' title='bbox 1263 4633 1563 4675; x_wconf 89' lang='lat' dir='ltr'><strong>nascuntur</strong></span> <span class='ocrx_word' id='word_1_735' title='bbox 1588 4622 1772 4691; x_wconf 83' lang='lat' dir='ltr'><strong>spicae,</strong></span> <span class='ocrx_word' id='word_1_736' title='bbox 1798 4622 1963 4678; x_wconf 88' lang='lat' dir='ltr'><strong>boves</strong></span> 
     </span>
    </p>
   </div>
   <div class='ocr_carea' id='block_1_93' title="bbox 387 4714 1965 4791">
    <p class='ocr_par' dir='ltr' id='par_1_93' title="bbox 387 4714 1965 4791">
     <span class='ocr_line' id='line_1_93' title="bbox 387 4714 1965 4791; baseline -0.002 -17"><span class='ocrx_word' id='word_1_737' title='bbox 387 4734 621 4791; x_wconf 91' lang='lat' dir='ltr'><strong>quorum</strong></span> <span class='ocrx_word' id='word_1_738' title='bbox 643 4718 888 4788; x_wconf 90' lang='lat' dir='ltr'><strong>operatio</strong></span> <span class='ocrx_word' id='word_1_739' title='bbox 910 4714 1097 4786; x_wconf 87' lang='lat' dir='ltr'><strong>fruges</strong></span> <span class='ocrx_word' id='word_1_740' title='bbox 1124 4723 1273 4783; x_wconf 88' lang='lat' dir='ltr'><strong>sunt,</strong></span> <span class='ocrx_word' id='word_1_741' title='bbox 1308 4723 1363 4769; x_wconf 89' lang='lat' dir='ltr'><strong>et</strong></span> <span class='ocrx_word' id='word_1_742' title='bbox 1392 4714 1557 4784; x_wconf 67' lang='lat' dir='ltr'><strong>spica:</strong></span> <span class='ocrx_word' id='word_1_743' title='bbox 1583 4715 1743 4770; x_wconf 91' lang='lat' dir='ltr'><strong>boum</strong></span> <span class='ocrx_word' id='word_1_744' title='bbox 1771 4717 1965 4771; x_wconf 82' lang='lat' dir='ltr'><strong>nativi-</strong></span> 
     </span>
    </p>
   </div>
   <div class='ocr_carea' id='block_1_94' title="bbox 391 4808 1967 4879">
    <p class='ocr_par' dir='ltr' id='par_1_94' title="bbox 391 4808 1967 4879">
     <span class='ocr_line' id='line_1_94' title="bbox 391 4808 1967 4879; baseline -0.003 -12"><span class='ocrx_word' id='word_1_745' title='bbox 391 4824 565 4879; x_wconf 66' lang='lat' dir='ltr'><strong>tates;</strong></span> <span class='ocrx_word' id='word_1_746' title='bbox 624 4818 844 4879; x_wconf 86' lang='lat' dir='ltr'><strong>accepta</strong></span> <span class='ocrx_word' id='word_1_747' title='bbox 902 4808 1118 4879; x_wconf 90' lang='lat' dir='ltr'><strong>quidem</strong></span> <span class='ocrx_word' id='word_1_748' title='bbox 1166 4816 1294 4863; x_wconf 89' lang='lat' dir='ltr'><strong>sunt</strong></span> <span class='ocrx_word' id='word_1_749' title='bbox 1338 4808 1523 4875; x_wconf 83' lang='lat' dir='ltr'><strong>varie,</strong></span> <span class='ocrx_word' id='word_1_750' title='bbox 1575 4810 1967 4863; x_wconf 90' lang='lat' dir='ltr'><strong>annuntiarunt</strong></span> 
     </span>
    </p>
   </div>
   <div class='ocr_carea' id='block_1_95' title="bbox 390 4899 1969 4970">
    <p class='ocr_par' dir='ltr' id='par_1_95' title="bbox 390 4899 1969 4970">
     <span class='ocr_line' id='line_1_95' title="bbox 390 4899 1969 4970; baseline -0.003 -11"><span class='ocrx_word' id='word_1_751' title='bbox 390 4914 573 4960; x_wconf 88' lang='lat' dir='ltr'><strong>autem</strong></span> <span class='ocrx_word' id='word_1_752' title='bbox 610 4901 826 4957; x_wconf 67' lang='lat' dir='ltr'><strong>effectu.</strong></span> <span class='ocrx_word' id='word_1_753' title='bbox 874 4899 1041 4955; x_wconf 87' lang='lat' dir='ltr'><strong>Putas</strong></span> <span class='ocrx_word' id='word_1_754' title='bbox 1074 4915 1205 4970; x_wconf 90' lang='lat' dir='ltr'><strong>ergo</strong></span> <span class='ocrx_word' id='word_1_755' title='bbox 1258 4899 1468 4955; x_wconf 88' lang='lat' dir='ltr'><strong>fructus</strong></span> <span class='ocrx_word' id='word_1_756' title='bbox 1515 4900 1670 4956; x_wconf 91' lang='lat' dir='ltr'><strong>bovis</strong></span> <span class='ocrx_word' id='word_1_757' title='bbox 1720 4910 1836 4966; x_wconf 91' lang='lat' dir='ltr'><strong>est,</strong></span> <span class='ocrx_word' id='word_1_758' title='bbox 1874 4910 1969 4955; x_wconf 90' lang='lat' dir='ltr'><strong>aut</strong></span> 
     </span>
    </p>
   </div>
   <div class='ocr_carea' id='block_1_96' title="bbox 390 4991 1967 5066">
    <p class='ocr_par' dir='ltr' id='par_1_96' title="bbox 390 4991 1967 5066">
     <span class='ocr_line' id='line_1_96' title="bbox 390 4991 1967 5066; baseline -0.004 -15"><span class='ocrx_word' id='word_1_759' title='bbox 390 4997 555 5066; x_wconf 69' lang='lat' dir='ltr'><strong>spica:</strong></span> <span class='ocrx_word' id='word_1_760' title='bbox 602 4994 812 5048; x_wconf 72' lang='lat' dir='ltr'><strong>annus?</strong></span> <span class='ocrx_word' id='word_1_761' title='bbox 847 4991 952 5046; x_wconf 89' lang='lat' dir='ltr'><strong>Sed</strong></span> <span class='ocrx_word' id='word_1_762' title='bbox 984 4993 1087 5045; x_wconf 89' lang='lat' dir='ltr'><strong>alia</strong></span> <span class='ocrx_word' id='word_1_763' title='bbox 1131 4992 1347 5060; x_wconf 88' lang='lat' dir='ltr'><strong>quidem</strong></span> <span class='ocrx_word' id='word_1_764' title='bbox 1386 5000 1509 5045; x_wconf 89' lang='lat' dir='ltr'><strong>sunt</strong></span> <span class='ocrx_word' id='word_1_765' title='bbox 1542 5007 1662 5062; x_wconf 69' lang='lat' dir='ltr'><strong>quae</strong></span> <span class='ocrx_word' id='word_1_766' title='bbox 1693 4992 1967 5058; x_wconf 89' lang='lat' dir='ltr'><strong>videntur,</strong></span> 
     </span>
    </p>
   </div>
   <div class='ocr_carea' id='block_1_97' title="bbox 395 5078 1970 5153">
    <p class='ocr_par' dir='ltr' id='par_1_97' title="bbox 395 5078 1970 5153">
     <span class='ocr_line' id='line_1_97' title="bbox 395 5078 1970 5153; baseline -0.006 -12"><span class='ocrx_word' id='word_1_767' title='bbox 395 5088 501 5141; x_wconf 85' lang='lat' dir='ltr'><strong>alia</strong></span> <span class='ocrx_word' id='word_1_768' title='bbox 538 5094 719 5140; x_wconf 89' lang='lat' dir='ltr'><strong>autem</strong></span> <span class='ocrx_word' id='word_1_769' title='bbox 750 5098 870 5153; x_wconf 69' lang='lat' dir='ltr'><strong>quae</strong></span> <span class='ocrx_word' id='word_1_770' title='bbox 896 5081 1312 5136; x_wconf 86' lang='lat' dir='ltr'><strong>annuntiantur.</strong></span> <span class='ocrx_word' id='word_1_771' title='bbox 1340 5078 1542 5148; x_wconf 80' lang='lat' dir='ltr'><strong>Joseph</strong></span> <span class='ocrx_word' id='word_1_772' title='bbox 1576 5088 1757 5134; x_wconf 90' lang='lat' dir='ltr'><strong>autem</strong></span> <span class='ocrx_word' id='word_1_773' title='bbox 1794 5079 1970 5132; x_wconf 90' lang='lat' dir='ltr'><strong>mani-</strong></span> 
     </span>
    </p>
   </div>
   <div class='ocr_carea' id='block_1_98' title="bbox 393 5170 1972 5248">
    <p class='ocr_par' dir='ltr' id='par_1_98' title="bbox 393 5170 1972 5248">
     <span class='ocr_line' id='line_1_98' title="bbox 393 5170 1972 5248; baseline -0.004 -18"><span class='ocrx_word' id='word_1_774' title='bbox 393 5177 549 5248; x_wconf 87' lang='lat' dir='ltr'><strong>pulos</strong></span> <span class='ocrx_word' id='word_1_775' title='bbox 592 5176 723 5231; x_wconf 87' lang='lat' dir='ltr'><strong>vidit</strong></span> <span class='ocrx_word' id='word_1_776' title='bbox 758 5193 773 5229; x_wconf 83' lang='lat'><strong>:</strong></span> <span class='ocrx_word' id='word_1_777' title='bbox 811 5188 991 5229; x_wconf 90' lang='lat' dir='ltr'><strong>nonne</strong></span> <span class='ocrx_word' id='word_1_778' title='bbox 1043 5172 1303 5226; x_wconf 88' lang='lat' dir='ltr'><strong>deberent</strong></span> <span class='ocrx_word' id='word_1_779' title='bbox 1343 5180 1401 5224; x_wconf 86' lang='lat' dir='ltr'><strong>et</strong></span> <span class='ocrx_word' id='word_1_780' title='bbox 1458 5171 1582 5225; x_wconf 91' lang='lat' dir='ltr'><strong>istic</strong></span> <span class='ocrx_word' id='word_1_781' title='bbox 1622 5171 1750 5224; x_wconf 89' lang='lat' dir='ltr'><strong>anni</strong></span> <span class='ocrx_word' id='word_1_782' title='bbox 1811 5170 1972 5224; x_wconf 80' lang='lat' dir='ltr'><strong>esse?</strong></span> 
     </span>
    </p>
   </div>
   <div class='ocr_carea' id='block_1_99' title="bbox 397 5258 1972 5329">
    <p class='ocr_par' dir='ltr' id='par_1_99' title="bbox 397 5258 1972 5329">
     <span class='ocr_line' id='line_1_99' title="bbox 397 5258 1972 5329; baseline -0.008 -5"><span class='ocrx_word' id='word_1_783' title='bbox 397 5271 505 5324; x_wconf 85' lang='lat' dir='ltr'><strong>Sed</strong></span> <span class='ocrx_word' id='word_1_784' title='bbox 536 5269 611 5323; x_wconf 91' lang='lat' dir='ltr'><strong>ait</strong></span> <span class='ocrx_word' id='word_1_785' title='bbox 644 5285 658 5321; x_wconf 90' lang='lat'><strong>:</strong></span> <span class='ocrx_word' id='word_1_786' title='bbox 691 5264 982 5322; x_wconf 78' lang='lat' dir='ltr'><strong>Somniaait</strong></span> <span class='ocrx_word' id='word_1_787' title='bbox 1018 5274 1193 5315; x_wconf 83' lang='lat' dir='ltr'><strong>autem</strong></span> <span class='ocrx_word' id='word_1_788' title='bbox 1222 5261 1479 5314; x_wconf 80' lang='lat' dir='ltr'><strong>somnium</strong></span> <span class='ocrx_word' id='word_1_789' title='bbox 1504 5258 1720 5329; x_wconf 71' lang='lat' dir='ltr'><strong>Ioseph,</strong></span> <span class='ocrx_word' id='word_1_790' title='bbox 1748 5270 1794 5313; x_wconf 83' lang='lat' dir='ltr'><strong>et</strong></span> <span class='ocrx_word' id='word_1_791' title='bbox 1827 5269 1972 5313; x_wconf 86' lang='lat' dir='ltr'><strong>retu-</strong></span> 
     </span>
    </p>
   </div>
   <div class='ocr_carea' id='block_1_100' title="bbox 396 5352 1973 5430">
    <p class='ocr_par' dir='ltr' id='par_1_100' title="bbox 396 5352 1973 5430">
     <span class='ocr_line' id='line_1_100' title="bbox 396 5352 1973 5430; baseline -0.004 -17"><span class='ocrx_word' id='word_1_792' title='bbox 396 5361 459 5414; x_wconf 92' lang='lat' dir='ltr'><strong>lit</strong></span> <span class='ocrx_word' id='word_1_793' title='bbox 485 5360 736 5430; x_wconf 75' lang='lat' dir='ltr'><strong>fratribus</strong></span> <span class='ocrx_word' id='word_1_794' title='bbox 775 5357 907 5422; x_wconf 83' lang='lat' dir='ltr'><strong>suis,</strong></span> <span class='ocrx_word' id='word_1_795' title='bbox 951 5366 1001 5409; x_wconf 91' lang='lat' dir='ltr'><strong>et</strong></span> <span class='ocrx_word' id='word_1_796' title='bbox 1025 5354 1160 5407; x_wconf 72' lang='lat' dir='ltr'><strong>dixit</strong></span> <span class='ocrx_word' id='word_1_797' title='bbox 1186 5354 1261 5406; x_wconf 82' lang='lat' dir='ltr'><strong>eis</strong></span> <span class='ocrx_word' id='word_1_798' title='bbox 1309 5352 1536 5406; x_wconf 81' lang='lat' dir='ltr'><strong>:Audite</strong></span> <span class='ocrx_word' id='word_1_799' title='bbox 1569 5353 1830 5407; x_wconf 78' lang='lat' dir='ltr'><strong>somnium</strong></span> <span class='ocrx_word' id='word_1_800' title='bbox 1874 5352 1973 5406; x_wconf 82' lang='lat' dir='ltr'><strong>hoc</strong></span> 
     </span>
    </p>
   </div>
   <div class='ocr_carea' id='block_1_101' title="bbox 397 5441 1972 5520">
    <p class='ocr_par' dir='ltr' id='par_1_101' title="bbox 397 5441 1972 5520">
     <span class='ocr_line' id='line_1_101' title="bbox 397 5441 1972 5520; baseline -0.007 -16"><span class='ocrx_word' id='word_1_801' title='bbox 397 5451 535 5520; x_wconf 85' lang='lat' dir='ltr'><strong>quod</strong></span> <span class='ocrx_word' id='word_1_802' title='bbox 568 5449 844 5504; x_wconf 80' lang='lat' dir='ltr'><strong>somniavi.</strong></span> <span class='ocrx_word' id='word_1_803' title='bbox 890 5444 1157 5500; x_wconf 83' lang='lat' dir='ltr'><strong>Putabam</strong></span> <span class='ocrx_word' id='word_1_804' title='bbox 1192 5458 1284 5496; x_wconf 89' lang='lat' dir='ltr'><strong>nos</strong></span> <span class='ocrx_word' id='word_1_805' title='bbox 1321 5442 1541 5511; x_wconf 86' lang='lat' dir='ltr'><strong>alligare</strong></span> <span class='ocrx_word' id='word_1_806' title='bbox 1578 5441 1873 5509; x_wconf 77' lang='lat' dir='ltr'><strong>manipulos</strong></span> <span class='ocrx_word' id='word_1_807' title='bbox 1917 5442 1972 5495; x_wconf 85' lang='lat' dir='ltr'><strong>in</strong></span> 
     </span>
    </p>
   </div>
   <div class='ocr_carea' id='block_1_102' title="bbox 469 5560 1517 5627">
    <p class='ocr_par' dir='ltr' id='par_1_102' title="bbox 469 5560 1517 5627">
     <span class='ocr_line' id='line_1_102' title="bbox 469 5560 1517 5627; baseline -0.01 -5"><span class='ocrx_word' id='word_1_808' title='bbox 469 5568 515 5599; x_wconf 81' lang='grc'><strong>⁸⁸</strong></span> <span class='ocrx_word' id='word_1_809' title='bbox 540 5567 672 5622; x_wconf 91' lang='lat' dir='ltr'><strong>Gen.</strong></span> <span class='ocrx_word' id='word_1_810' title='bbox 706 5581 914 5627; x_wconf 62' lang='lat' dir='ltr'><strong>xxxvii,</strong></span> <span class='ocrx_word' id='word_1_811' title='bbox 944 5563 996 5617; x_wconf 82' lang='lat'><strong>5.</strong></span> <span class='ocrx_word' id='word_1_812' title='bbox 1072 5562 1119 5594; x_wconf 78' lang='lat'><strong>&quot;</strong></span> <span class='ocrx_word' id='word_1_813' title='bbox 1150 5560 1249 5615; x_wconf 88' lang='lat' dir='ltr'><strong>Isa.</strong></span> <span class='ocrx_word' id='word_1_814' title='bbox 1279 5576 1429 5623; x_wconf 76' lang='lat' dir='ltr'><strong>xxix,</strong></span> <span class='ocrx_word' id='word_1_815' title='bbox 1465 5561 1517 5612; x_wconf 92' lang='lat'><strong>8.</strong></span> 
     </span>
    </p>
   </div>
   <div class='ocr_carea' id='block_1_103' title="bbox 472 5680 1973 5755">
    <p class='ocr_par' dir='ltr' id='par_1_103' title="bbox 472 5680 1973 5755">
     <span class='ocr_line' id='line_1_103' title="bbox 472 5680 1973 5755; baseline -0.003 -16"><span class='ocrx_word' id='word_1_816' title='bbox 472 5688 583 5755; x_wconf 81' lang='lat'><strong>(&#39;19)</strong></span> <span class='ocrx_word' id='word_1_817' title='bbox 615 5686 745 5741; x_wconf 89' lang='lat' dir='ltr'><strong>Cum</strong></span> <span class='ocrx_word' id='word_1_818' title='bbox 780 5685 1101 5755; x_wconf 76' lang='lat' dir='ltr'><strong>pmnitenlia.</strong></span> <span class='ocrx_word' id='word_1_819' title='bbox 1129 5682 1406 5755; x_wconf 69' lang='lat' dir='ltr'><strong>interpres</strong></span> <span class='ocrx_word' id='word_1_820' title='bbox 1437 5680 1650 5755; x_wconf 78' lang='lat' dir='ltr'><strong>videtur</strong></span> <span class='ocrx_word' id='word_1_821' title='bbox 1685 5682 1973 5749; x_wconf 78' lang='grc' dir='ltr'><strong>μετάνοιαν</strong></span> 
     </span>
    </p>
   </div>
   <div class='ocr_carea' id='block_1_104' title="bbox 403 5752 1775 5825">
    <p class='ocr_par' dir='ltr' id='par_1_104' title="bbox 403 5752 1775 5825">
     <span class='ocr_line' id='line_1_104' title="bbox 403 5752 1775 5825; baseline -0.006 -15"><span class='ocrx_word' id='word_1_822' title='bbox 403 5752 758 5825; x_wconf 67' lang='lat' dir='ltr'><strong>paenitentiam</strong></span> <span class='ocrx_word' id='word_1_823' title='bbox 781 5754 974 5825; x_wconf 81' lang='lat' dir='ltr'><strong>legisse</strong></span> <span class='ocrx_word' id='word_1_824' title='bbox 1000 5752 1361 5825; x_wconf 57' lang='lat' dir='ltr'><strong>proezdvomv</strong></span> <span class='ocrx_word' id='word_1_825' title='bbox 1390 5752 1775 5825; x_wconf 59' lang='lat' dir='ltr'><strong>cogitationem.</strong></span> 
     </span>
    </p>
   </div>
   <div class='ocr_carea' id='block_1_105' title="bbox 480 5820 1975 5895">
    <p class='ocr_par' dir='ltr' id='par_1_105' title="bbox 480 5820 1975 5895">
     <span class='ocr_line' id='line_1_105' title="bbox 480 5820 1975 5895; baseline -0.001 -17"><span class='ocrx_word' id='word_1_826' title='bbox 480 5824 590 5895; x_wconf 88' lang='lat'><strong>(80)</strong></span> <span class='ocrx_word' id='word_1_827' title='bbox 623 5820 1013 5878; x_wconf 55' lang='lat' dir='ltr'><strong>Paenitentiam;</strong></span> <span class='ocrx_word' id='word_1_828' title='bbox 1049 5821 1143 5877; x_wconf 87' lang='lat' dir='ltr'><strong>Hic</strong></span> <span class='ocrx_word' id='word_1_829' title='bbox 1176 5836 1390 5891; x_wconf 88' lang='lat' dir='ltr'><strong>quoque</strong></span> <span class='ocrx_word' id='word_1_830' title='bbox 1424 5820 1658 5875; x_wconf 80' lang='grc' dir='ltr'><strong>διάνοιαν</strong></span> <span class='ocrx_word' id='word_1_831' title='bbox 1702 5823 1975 5891; x_wconf 78' lang='lat' dir='ltr'><strong>cogitatio-</strong></span> 
     </span>
    </p>
   </div>
   <div class='ocr_carea' id='block_1_106' title="bbox 2071 4625 3662 4697">
    <p class='ocr_par' dir='ltr' id='par_1_106' title="bbox 2071 4625 3662 4697">
     <span class='ocr_line' id='line_1_106' title="bbox 2071 4625 3662 4697; baseline -0.001 -16"><span class='ocrx_word' id='word_1_832' title='bbox 2071 4627 2189 4682; x_wconf 72' lang='lat' dir='ltr'><strong>istze</strong></span> <span class='ocrx_word' id='word_1_833' title='bbox 2222 4627 2566 4692; x_wconf 89' lang='lat' dir='ltr'><strong>ambitiones,</strong></span> <span class='ocrx_word' id='word_1_834' title='bbox 2618 4628 2765 4682; x_wconf 92' lang='lat' dir='ltr'><strong>sicut</strong></span> <span class='ocrx_word' id='word_1_835' title='bbox 2796 4627 2928 4682; x_wconf 88' lang='lat' dir='ltr'><strong>dicit</strong></span> <span class='ocrx_word' id='word_1_836' title='bbox 2974 4625 3141 4681; x_wconf 84' lang='lat' dir='ltr'><strong>Isaias</strong></span> <span class='ocrx_word' id='word_1_837' title='bbox 3177 4642 3190 4679; x_wconf 90' lang='lat'><strong>:</strong></span> <span class='ocrx_word' id='word_1_838' title='bbox 3223 4625 3376 4681; x_wconf 83' lang='lat' dir='ltr'><strong>Sicut</strong></span> <span class='ocrx_word' id='word_1_839' title='bbox 3404 4629 3500 4697; x_wconf 84' lang='lat' dir='ltr'><strong>qui</strong></span> <span class='ocrx_word' id='word_1_840' title='bbox 3530 4629 3662 4682; x_wconf 70' lang='lat' dir='ltr'><strong>uidit</strong></span> 
     </span>
    </p>
   </div>
   <div class='ocr_carea' id='block_1_107' title="bbox 2071 4720 3655 4788">
    <p class='ocr_par' dir='ltr' id='par_1_107' title="bbox 2071 4720 3655 4788">
     <span class='ocr_line' id='line_1_107' title="bbox 2071 4720 3655 4788; baseline 0 -15"><span class='ocrx_word' id='word_1_841' title='bbox 2071 4721 2405 4788; x_wconf 82' lang='lat' dir='ltr'><strong>semetipsum</strong></span> <span class='ocrx_word' id='word_1_842' title='bbox 2446 4720 2853 4773; x_wconf 83' lang='lat' dir='ltr'><strong>manducantem</strong></span> <span class='ocrx_word' id='word_1_843' title='bbox 2876 4737 2968 4788; x_wconf 83' lang='lat' dir='ltr'><strong>per</strong></span> <span class='ocrx_word' id='word_1_844' title='bbox 2988 4737 3228 4774; x_wconf 87' lang='lat' dir='ltr'><strong>somnum</strong></span> <span class='ocrx_word' id='word_1_845' title='bbox 3251 4730 3341 4773; x_wconf 89' lang='lat' dir='ltr'><strong>aut</strong></span> <span class='ocrx_word' id='word_1_846' title='bbox 3374 4720 3655 4784; x_wconf 78' lang='lat' dir='ltr'><strong>bibentem,</strong></span> 
     </span>
    </p>
   </div>
   <div class='ocr_carea' id='block_1_108' title="bbox 2073 4810 3661 4880">
    <p class='ocr_par' dir='ltr' id='par_1_108' title="bbox 2073 4810 3661 4880">
     <span class='ocr_line' id='line_1_108' title="bbox 2073 4810 3661 4880; baseline 0.002 -18"><span class='ocrx_word' id='word_1_847' title='bbox 2073 4810 2326 4880; x_wconf 82' lang='lat' dir='ltr'><strong>euigilans</strong></span> <span class='ocrx_word' id='word_1_848' title='bbox 2361 4821 2535 4864; x_wconf 84' lang='lat' dir='ltr'><strong>autem</strong></span> <span class='ocrx_word' id='word_1_849' title='bbox 2579 4811 2753 4865; x_wconf 80' lang='lat' dir='ltr'><strong>adhuc</strong></span> <span class='ocrx_word' id='word_1_850' title='bbox 2796 4812 2959 4864; x_wconf 86' lang='lat' dir='ltr'><strong>esurit</strong></span> <span class='ocrx_word' id='word_1_851' title='bbox 2987 4820 3078 4864; x_wconf 91' lang='lat' dir='ltr'><strong>aut</strong></span> <span class='ocrx_word' id='word_1_852' title='bbox 3110 4811 3221 4864; x_wconf 85' lang='lat' dir='ltr'><strong>sitit</strong></span> <span class='ocrx_word' id='word_1_853' title='bbox 3256 4811 3323 4864; x_wconf 78' lang='grc'><strong>⁸⁸.</strong></span> <span class='ocrx_word' id='word_1_854' title='bbox 3364 4811 3504 4865; x_wconf 83' lang='lat' dir='ltr'><strong>Cum</strong></span> <span class='ocrx_word' id='word_1_855' title='bbox 3546 4826 3661 4865; x_wconf 83' lang='lat' dir='ltr'><strong>ma-</strong></span> 
     </span>
    </p>
   </div>
   <div class='ocr_carea' id='block_1_109' title="bbox 2078 4900 3662 4973">
    <p class='ocr_par' dir='ltr' id='par_1_109' title="bbox 2078 4900 3662 4973">
     <span class='ocr_line' id='line_1_109' title="bbox 2078 4900 3662 4973; baseline 0.003 -21"><span class='ocrx_word' id='word_1_856' title='bbox 2078 4900 2224 4955; x_wconf 82' lang='lat' dir='ltr'><strong>xime</strong></span> <span class='ocrx_word' id='word_1_857' title='bbox 2257 4901 2357 4956; x_wconf 88' lang='lat' dir='ltr'><strong>visi</strong></span> <span class='ocrx_word' id='word_1_858' title='bbox 2390 4918 2579 4957; x_wconf 89' lang='lat' dir='ltr'><strong>sumus</strong></span> <span class='ocrx_word' id='word_1_859' title='bbox 2605 4902 2908 4957; x_wconf 73' lang='lat' dir='ltr'><strong>exsolvisse</strong></span> <span class='ocrx_word' id='word_1_860' title='bbox 2936 4910 2990 4956; x_wconf 87' lang='lat' dir='ltr'><strong>et</strong></span> <span class='ocrx_word' id='word_1_861' title='bbox 3021 4903 3122 4957; x_wconf 90' lang='lat' dir='ltr'><strong>ista</strong></span> <span class='ocrx_word' id='word_1_862' title='bbox 3145 4944 3160 4966; x_wconf 87' lang='lat'><strong>,</strong></span> <span class='ocrx_word' id='word_1_863' title='bbox 3192 4914 3247 4956; x_wconf 91' lang='lat' dir='ltr'><strong>et</strong></span> <span class='ocrx_word' id='word_1_864' title='bbox 3285 4903 3662 4973; x_wconf 83' lang='lat' dir='ltr'><strong>unusquisque</strong></span> 
     </span>
    </p>
   </div>
   <div class='ocr_carea' id='block_1_110' title="bbox 2079 4994 3659 5067">
    <p class='ocr_par' dir='ltr' id='par_1_110' title="bbox 2079 4994 3659 5067">
     <span class='ocr_line' id='line_1_110' title="bbox 2079 4994 3659 5067; baseline 0.001 -20"><span class='ocrx_word' id='word_1_865' title='bbox 2079 4994 2414 5049; x_wconf 89' lang='lat' dir='ltr'><strong>audientium</strong></span> <span class='ocrx_word' id='word_1_866' title='bbox 2436 4995 2550 5065; x_wconf 83' lang='lat' dir='ltr'><strong>jam</strong></span> <span class='ocrx_word' id='word_1_867' title='bbox 2587 5011 2739 5052; x_wconf 93' lang='lat' dir='ltr'><strong>suam</strong></span> <span class='ocrx_word' id='word_1_868' title='bbox 2775 4996 3043 5052; x_wconf 91' lang='lat' dir='ltr'><strong>refecerat</strong></span> <span class='ocrx_word' id='word_1_869' title='bbox 3085 5006 3323 5050; x_wconf 90' lang='lat' dir='ltr'><strong>mentem</strong></span> <span class='ocrx_word' id='word_1_870' title='bbox 3347 5036 3363 5060; x_wconf 86' lang='lat'><strong>,</strong></span> <span class='ocrx_word' id='word_1_871' title='bbox 3404 5006 3659 5067; x_wconf 86' lang='lat' dir='ltr'><strong>tanquam</strong></span> 
     </span>
    </p>
   </div>
   <div class='ocr_carea' id='block_1_111' title="bbox 2082 5084 3661 5157">
    <p class='ocr_par' dir='ltr' id='par_1_111' title="bbox 2082 5084 3661 5157">
     <span class='ocr_line' id='line_1_111' title="bbox 2082 5084 3661 5157; baseline 0.003 -19"><span class='ocrx_word' id='word_1_872' title='bbox 2082 5084 2354 5141; x_wconf 90' lang='lat' dir='ltr'><strong>solutione</strong></span> <span class='ocrx_word' id='word_1_873' title='bbox 2385 5086 2607 5142; x_wconf 92' lang='lat' dir='ltr'><strong>inventa</strong></span> <span class='ocrx_word' id='word_1_874' title='bbox 2634 5097 2690 5143; x_wconf 91' lang='lat' dir='ltr'><strong>et</strong></span> <span class='ocrx_word' id='word_1_875' title='bbox 2708 5088 3072 5144; x_wconf 90' lang='lat' dir='ltr'><strong>sollicitudine</strong></span> <span class='ocrx_word' id='word_1_876' title='bbox 3100 5087 3306 5152; x_wconf 88' lang='lat' dir='ltr'><strong>soluta;</strong></span> <span class='ocrx_word' id='word_1_877' title='bbox 3334 5087 3519 5142; x_wconf 91' lang='lat' dir='ltr'><strong>subito</strong></span> <span class='ocrx_word' id='word_1_878' title='bbox 3547 5103 3661 5157; x_wconf 61' lang='lat' dir='ltr'><strong>qua:</strong></span> 
     </span>
    </p>
   </div>
   <div class='ocr_carea' id='block_1_112' title="bbox 2082 5178 3661 5245">
    <p class='ocr_par' dir='ltr' id='par_1_112' title="bbox 2082 5178 3661 5245">
     <span class='ocr_line' id='line_1_112' title="bbox 2082 5178 3661 5245; baseline 0.002 -15"><span class='ocrx_word' id='word_1_879' title='bbox 2082 5186 2279 5245; x_wconf 63' lang='lat' dir='ltr'><strong>putata</strong></span> <span class='ocrx_word' id='word_1_880' title='bbox 2307 5188 2434 5233; x_wconf 89' lang='lat' dir='ltr'><strong>sunt</strong></span> <span class='ocrx_word' id='word_1_881' title='bbox 2458 5180 2695 5235; x_wconf 88' lang='lat' dir='ltr'><strong>visiones</strong></span> <span class='ocrx_word' id='word_1_882' title='bbox 2728 5181 2957 5235; x_wconf 87' lang='lat' dir='ltr'><strong>somniis</strong></span> <span class='ocrx_word' id='word_1_883' title='bbox 2989 5178 3258 5245; x_wconf 64' lang='lat' dir='ltr'><strong>revelata,</strong></span> <span class='ocrx_word' id='word_1_884' title='bbox 3284 5178 3489 5234; x_wconf 90' lang='lat' dir='ltr'><strong>iterum</strong></span> <span class='ocrx_word' id='word_1_885' title='bbox 3513 5179 3661 5234; x_wconf 89' lang='lat' dir='ltr'><strong>nobis</strong></span> 
     </span>
    </p>
   </div>
   <div class='ocr_carea' id='block_1_113' title="bbox 2080 5271 3661 5341">
    <p class='ocr_par' dir='ltr' id='par_1_113' title="bbox 2080 5271 3661 5341">
     <span class='ocr_line' id='line_1_113' title="bbox 2080 5271 3661 5341; baseline 0.001 -19"><span class='ocrx_word' id='word_1_886' title='bbox 2080 5271 2526 5325; x_wconf 80' lang='lat' dir='ltr'><strong>constrinxerunt</strong></span> <span class='ocrx_word' id='word_1_887' title='bbox 2595 5272 2811 5327; x_wconf 86' lang='lat' dir='ltr'><strong>vincula</strong></span> <span class='ocrx_word' id='word_1_888' title='bbox 2867 5274 3225 5341; x_wconf 67' lang='lat' dir='ltr'><strong>quaastionum</strong></span> <span class='ocrx_word' id='word_1_889' title='bbox 3259 5311 3276 5336; x_wconf 97' lang='lat'><strong>,</strong></span> <span class='ocrx_word' id='word_1_890' title='bbox 3350 5280 3407 5325; x_wconf 90' lang='lat' dir='ltr'><strong>et</strong></span> <span class='ocrx_word' id='word_1_891' title='bbox 3458 5281 3661 5341; x_wconf 88' lang='lat' dir='ltr'><strong>tempus</strong></span> 
     </span>
    </p>
   </div>
   <div class='ocr_carea' id='block_1_114' title="bbox 2081 5361 3661 5433">
    <p class='ocr_par' dir='ltr' id='par_1_114' title="bbox 2081 5361 3661 5433">
     <span class='ocr_line' id='line_1_114' title="bbox 2081 5361 3661 5433; baseline 0.002 -23"><span class='ocrx_word' id='word_1_892' title='bbox 2081 5361 2874 5428; x_wconf 87' lang='lat' dir='ltr'><strong>apprehendittaciturnitatis.</strong></span> <span class='ocrx_word' id='word_1_893' title='bbox 2925 5362 3089 5418; x_wconf 90' lang='lat' dir='ltr'><strong>Forte</strong></span> <span class='ocrx_word' id='word_1_894' title='bbox 3132 5378 3237 5417; x_wconf 91' lang='lat' dir='ltr'><strong>non</strong></span> <span class='ocrx_word' id='word_1_895' title='bbox 3287 5363 3661 5433; x_wconf 87' lang='lat' dir='ltr'><strong>importunum</strong></span> 
     </span>
    </p>
   </div>
   <div class='ocr_carea' id='block_1_115' title="bbox 2086 5453 3661 5524">
    <p class='ocr_par' dir='ltr' id='par_1_115' title="bbox 2086 5453 3661 5524">
     <span class='ocr_line' id='line_1_115' title="bbox 2086 5453 3661 5524; baseline 0.004 -23"><span class='ocrx_word' id='word_1_896' title='bbox 2086 5459 2297 5520; x_wconf 87' lang='lat' dir='ltr'><strong>tempus</strong></span> <span class='ocrx_word' id='word_1_897' title='bbox 2333 5469 2507 5523; x_wconf 87' lang='lat' dir='ltr'><strong>neque</strong></span> <span class='ocrx_word' id='word_1_898' title='bbox 2540 5453 2729 5509; x_wconf 90' lang='lat' dir='ltr'><strong>inutile</strong></span> <span class='ocrx_word' id='word_1_899' title='bbox 2757 5463 2862 5509; x_wconf 85' lang='lat' dir='ltr'><strong>est.</strong></span> <span class='ocrx_word' id='word_1_900' title='bbox 2907 5453 2962 5509; x_wconf 87' lang='lat' dir='ltr'><strong>Si</strong></span> <span class='ocrx_word' id='word_1_901' title='bbox 2994 5453 3139 5508; x_wconf 86' lang='lat' dir='ltr'><strong>enim</strong></span> <span class='ocrx_word' id='word_1_902' title='bbox 3184 5466 3240 5508; x_wconf 91' lang='lat' dir='ltr'><strong>et</strong></span> <span class='ocrx_word' id='word_1_903' title='bbox 3268 5455 3496 5524; x_wconf 89' lang='lat' dir='ltr'><strong>quidam</strong></span> <span class='ocrx_word' id='word_1_904' title='bbox 3528 5469 3661 5524; x_wconf 71' lang='lat' dir='ltr'><strong>pne-</strong></span> 
     </span>
    </p>
   </div>
   <div class='ocr_carea' id='block_1_116' title="bbox 2082 5684 3663 5812">
    <p class='ocr_par' dir='ltr' id='par_1_116' title="bbox 2082 5684 3663 5812">
     <span class='ocr_line' id='line_1_116' title="bbox 2083 5684 3663 5758; baseline 0 -22"><span class='ocrx_word' id='word_1_905' title='bbox 2083 5702 2198 5737; x_wconf 90' lang='lat' dir='ltr'><strong>nem</strong></span> <span class='ocrx_word' id='word_1_906' title='bbox 2236 5686 2416 5755; x_wconf 89' lang='lat' dir='ltr'><strong>potius</strong></span> <span class='ocrx_word' id='word_1_907' title='bbox 2445 5701 2606 5754; x_wconf 85' lang='lat' dir='ltr'><strong>quam</strong></span> <span class='ocrx_word' id='word_1_908' title='bbox 2651 5688 2940 5758; x_wconf 79' lang='grc' dir='ltr'><strong>μετάνοιαν</strong></span> <span class='ocrx_word' id='word_1_909' title='bbox 2973 5686 3334 5756; x_wconf 71' lang='grc' dir='ltr'>ιεωηίιεηιὶηηι</span> <span class='ocrx_word' id='word_1_910' title='bbox 3380 5684 3663 5754; x_wconf 69' lang='lat' dir='ltr'><strong>legenda</strong></span> 
     </span>
     <span class='ocr_line' id='line_1_117' title="bbox 2082 5756 2513 5812; baseline 0.005 -4"><span class='ocrx_word' id='word_1_911' title='bbox 2082 5756 2248 5812; x_wconf 87' lang='lat' dir='ltr'><strong>fuisse</strong></span> <span class='ocrx_word' id='word_1_912' title='bbox 2283 5757 2513 5812; x_wconf 89' lang='lat' dir='ltr'><strong>videtur.</strong></span> 
     </span>
    </p>
   </div>
   <div class='ocr_carea' id='block_1_117' title="bbox 2107 5766 2513 5813">
    <p class='ocr_par' dir='ltr' id='par_1_117' title="bbox 2107 5766 2513 5813">
     <span class='ocr_line' id='line_1_118' title="bbox 2107 5766 2513 5813; baseline 0 -3"><span class='ocrx_word' id='word_1_913' title='bbox 2107 5766 2248 5813; x_wconf 77' lang='lat' dir='ltr'><strong>UiSSe</strong></span> <span class='ocrx_word' id='word_1_914' title='bbox 2283 5766 2513 5813; x_wconf 84' lang='lat' dir='ltr'><strong>videtur.</strong></span> 
     </span>
    </p>
   </div>
  </div>
