3822 6218
223 311 363 366 “69

1564 309 1631 365 IN
1675 311 1932 367 MATTH.
1968 313 2036 378 Χ,
2072 313 2159 369 δι.

3348 309 3483 364 H70

221 428 457 481 Sentium
482 439 587 493 est,
620 430 710 499 qui
754 430 947 485 horum
978 431 1257 485 scientiam
1291 443 1388 499 per
1413 439 1625 484 noctem
1664 431 1809 485 acci-
1835 440 1882 496 Α
1912 435 2025 491 sive
2066 436 2210 490 enim
2241 438 2364 506 quis
2408 436 2630 505 cogitat,
2664 435 2777 488 sive
2800 433 2924 501 quis
2958 433 3194 486 intentus
3227 440 3329 495 est,
3369 431 3483 485 sive

220 534 351 588 pere
387 521 607 591 incipiet
636 532 874 578 tractans
903 534 958 579 et
1004 524 1375 594 repercutiens
1421 524 1685 578 insomnia
1706 563 1720 588 ,
1750 532 1806 578 et

222 627 292 666 ne
338 614 558 682 quidem
602 615 706 685 ipsi
757 630 951 671 somno
991 609 1316 679 concedens,
1364 613 1505 669 forte
1557 622 1805 669 scrutans

223 721 319 776 per
346 716 555 762 noctem
585 723 708 763 cum
736 710 868 774 otio,
901 717 956 763 et
984 722 1012 760 a
1045 706 1248 761 lumine
1277 716 1542 762 nocturno
1565 706 1805 770 fulgores

221 797 775 868 accipiens,.qua'ret
818 798 1159 853 vinculorum
1204 798 1398 853 horum
1460 798 1800 853 solutiones:

222 898 280 944 et
310 892 355 945 si
400 890 613 959 quidem
649 891 918 947 invenerit
949 892 1192 947 lucratus
1229 900 1346 956 est,
1396 899 1452 945 et
1489 905 1703 945 sursum
1750 899 1806 946 et

222 984 477 1038 deorsum
511 994 855 1049 convertens,
891 994 949 1038 et
985 998 1233 1052 quaerens
1272 992 1327 1038 et
1380 982 1649 1047 volutans,
1682 998 1806 1053 per-

219 1076 368 1131 sistit
413 1077 465 1130 in
507 1077 742 1140 incerto,
792 1076 1077 1131 sollicitior
1123 1075 1269 1129 venit
1315 1075 1381 1130 ad
1436 1075 1803 1130 inventionem

224 1167 535 1223 solutionis.
594 1167 718 1222 Scio
768 1177 948 1223 autem
988 1167 1113 1238 quia
1168 1166 1542 1236 unusquisque
1585 1165 1676 1235 qui
1718 1165 1805 1220 hic

222 1259 454 1326 assistit,
489 1259 680 1314 exiens
711 1259 778 1313 de
810 1259 895 1313 his
921 1259 1137 1328 quidem
1165 1258 1272 1313 erit
1302 1257 1588 1323 sollicitus,
1614 1271 1801 1310 curam

220 1353 426 1406 ventris
472 1367 574 1406 non
604 1351 809 1406 faciens
845 1365 861 1405 :
898 1351 1038 1406 forte
1082 1361 1263 1406 autem
1307 1350 1528 1419 quidam
1570 1358 1625 1404 et
1663 1348 1805 1403 indi-

218 1454 498 1515 gnantur,
552 1447 677 1513 quia
734 1445 1117 1515 protendimus
1176 1459 1526 1509 sermonem;
1584 1443 1801 1513 plurimi

216 1538 362 1591 enim
396 1538 803 1594 obdormientes
847 1552 902 1594 et
945 1541 997 1594 in
1053 1539 1193 1595 facie
1232 1538 1420 1594 volunt
1462 1553 1530 1592 ex
1575 1537 1800 1592 aliorum

216 1628 494 1685 laboribus
520 1639 575 1684 et
602 1632 889 1686 sudoribus
913 1631 1030 1686 sine
1060 1630 1247 1686 labore
1273 1639 1461 1700 parata
1487 1629 1798 1697 suscipere;

217 1723 262 1776 si
289 1730 470 1776 autem
497 1729 551 1776 et
576 1723 935 1793 susceperint,
965 1723 1056 1792 qui
1103 1731 1283 1777 autem
1319 1720 1656 1777 adinveniant
1693 1736 1800 1775 non

1908 531 2029 595 quis
2061 530 2403 584 commodum
2439 528 2667 596 accepit,
2698 527 2813 581 sive
2845 524 2967 596 quis
2991 523 3259 579 convertit
3284 537 3484 593 oppro-

1908 618 2106 683 brium,
2138 619 2371 688 gaudeo.
2411 615 2469 672 Si
2513 626 2693 671 autem
2720 614 2998 686 negligant
3025 614 3119 684 qui
3149 612 3394 681 audiunt,
3427 621 3484 669 et

1906 711 2255 769 dissimulant
2284 711 2377 781 qui
2410 711 2694 775 docentur,
2725 723 2886 779 quam
2924 708 3189 762 rationem
3212 707 3364 761 dabit
3389 707 3479 776 qui

1906 803 2231 860 constitutus
2264 811 2350 858 est
2385 804 2664 872 magister,
2709 808 2765 856 et
2812 813 2917 855 non
2946 798 3296 868 quaestiosum
3329 798 3478 859 dicit,

1904 895 2000 950 sed
2026 909 2147 965 qua;
2186 893 2427 963 impertit
2452 892 2599 963 gregi
2636 890 2885 946 Domini?
2907 889 3240 960 lmprecatur
3262 887 3479 957 quidem

1906 987 1975 1042 ab
1999 1002 2065 1043 eo
2088 1002 2278 1042 omnes
2303 985 2563 1041 sollicitos
2590 998 2732 1047 esse,
2770 992 2825 1037 et
2848 982 3101 1047 scrutari,
3129 990 3184 1036 et
3213 994 3477 1050 quairere,

1905 1088 1961 1136 et
1991 1088 2196 1143 tenere,
2242 1087 2298 1133 et
2340 1078 2567 1140 discere,
2615 1084 2669 1130 et
2702 1074 3053 1131 fructiﬁcare.
3084 1073 3141 1127 Si
3193 1080 3375 1125 autem
3426 1078 3483 1125 et

1905 1172 2123 1242 quidam
2163 1170 2464 1241 negligunt,
2491 1166 2689 1237 quibus
2716 1181 2814 1220 nec
2850 1163 3145 1219 convenire
3173 1159 3481 1217 sollicitudo

1905 1272 2010 1331 est,
2045 1264 2180 1318 nihil
2223 1264 2326 1317 hoc
2360 1263 2426 1315 ad
2457 1275 2543 1314 me
2574 1278 2587 1312 :
2620 1269 2675 1313 et
2710 1269 2857 1313 certe
2886 1256 2952 1311 ad
2983 1270 3097 1321 me;
3139 1254 3308 1324 tangit
3334 1252 3478 1308 enim

1906 1370 1993 1411 me
2020 1363 2076 1410 et
2106 1355 2428 1420 contristat;
2464 1362 2642 1405 tamen
2678 1350 2794 1405 sive
2829 1348 3018 1419 paucis
3048 1346 3282 1402 efﬁcitur
3302 1359 3482 1400 sermo

1904 1449 2021 1505 sive
2049 1446 2258 1512 multis,
2285 1446 2402 1501 sive
2426 1443 2759 1515 negligentes
2799 1449 2926 1496 sunt
2963 1440 3078 1495 sive
3098 1437 3340 1502 solliciti,
3372 1450 3479 1491 non

1904 1539 2073 1595 debeo
2100 1547 2319 1608 propter
2346 1535 2729 1606 negligentiam
2774 1543 2829 1589 et
2866 1533 2983 1597 ipse
3018 1532 3295 1601 negligens
3330 1530 3480 1584 inve-

1904 1632 2029 1688 niri.
2079 1630 2244 1686 Forte
2297 1637 2478 1683 autem
2529 1626 2747 1700 quidam
2786 1633 2842 1680 et
2894 1624 3222 1680 contendent
3282 1634 3478 1689 eapro-

1905 1725 2042 1780 brati
2088 1745 2100 1778 :
2145 1731 2201 1776 et
2259 1722 2307 1777 si
2356 1733 2465 1773 non
2518 1726 2741 1787 propter
2805 1730 3047 1770 amorem
3114 1712 3373 1768 doctrina:
3426 1718 3483 1763 et

216 1812 493 1869 laborant.
544 1813 600 1868 Si
639 1825 821 1869 autem
855 1825 909 1869 et
954 1815 1311 1884 suscipientes
1359 1814 1651 1868 servabunt
1705 1812 1796 1881 qui
1828 1809 1872 1868 Β
1901 1812 2370 1880 studium,saltem
2390 1818 2609 1878 propter
2636 1807 2885 1862 ruborem
2904 1815 2959 1861 et
2978 1803 3481 1874 opprobrium,etc.

218 1919 325 1958 non
373 1904 723 1972 sudaverunt,
774 1905 909 1960 nihil
961 1917 1139 1960 autem
1186 1905 1377 1960 horum
1427 1902 1790 1973 requirentes;

220 2047 3474 2076 ___________________________________________________.__.

1189 2220 1753 2339 EUSEBII
1838 2222 2004 2335 PA
2025 2220 2526 2334 MPHlLI

962 2465 1107 2554 DE
1182 2463 1339 2556 EO
1415 2463 1747 2570 QUOD
1825 2464 2030 2553 AIT
2104 2462 2746 2556 DOMINUS:
2818 2576 2825 2581 τ

1207 2615 1352 2677 Non
1391 2616 1531 2676 veni
1566 2632 1786 2693 pacem
1828 2614 2076 2675 mittere
2120 2615 2188 2673 in
2231 2626 2485 2677 terram.

1536 2740 1768 2799 LIBER
1812 2739 2139 2800 SEXTUS.

285 3042 349 3099 Et
377 3057 606 3113 sponsos
632 3044 720 3113 qui
754 3060 896 3099 nunc
933 3043 1026 3098 filii
1054 3043 1346 3112 habentur,
1373 3054 1659 3113 parentum
1696 3044 1795 3098 de-
1825 3053 1870 3115 ς
1904 3043 2130 3115 ﬁguram
2181 3042 2380 3097 debent
2434 3041 2753 3096 assumere?
2800 3042 3043 3095 Sustinet
3090 3054 3221 3095 sane
3252 3053 3480 3110 sponsus

209 3136 471 3191 siderium
518 3136 698 3199 trahit,
759 3146 813 3190 et
864 3145 1158 3206 properant
1194 3137 1260 3190 ad
1292 3138 1563 3207 genitores
1589 3152 1798 3190 annun-

212 3230 349 3281 tiare
371 3242 581 3296 sponsa:
610 3227 946 3283 honestatem
975 3236 1030 3281 et
1056 3228 1343 3299 colloquia.
1389 3230 1588 3298 quique
1615 3240 1669 3284 et
1697 3246 1796 3297 pa-

212 3319 460 3374 rentibus
488 3317 803 3373 manifestus
827 3329 910 3373 est
934 3334 1049 3373 mos
1084 3318 1229 3386 ejus,
1257 3332 1310 3373 et
1341 3320 1575 3385 ltabittts,
1596 3332 1650 3376 et
1676 3320 1799 3375 aﬁ‘e-

211 3419 350 3464 ctus.
386 3408 667 3464 Festinant
719 3419 898 3462 autem
948 3410 1139 3462 iterum
1179 3418 1233 3462 et
1266 3409 1331 3462 ad
1384 3426 1656 3478 sponsam,
1687 3427 1798 3465 me-

212 3517 396 3556 mores
447 3500 587 3554 illius
628 3502 694 3555 ab
738 3502 891 3555 initio
924 3502 1185 3564 mandati,
1231 3503 1322 3571 qui
1358 3503 1433 3555 ait
1466 3519 1479 3553 :
1520 3502 1795 3574 Relinquet

210 3596 367 3648 homo
408 3604 608 3658 patrem
642 3602 692 3647 et
738 3605 976 3659 matrem,
1019 3604 1066 3646 et
1103 3594 1450 3663 conjungetur
1482 3597 1716 3661 mulieri,
1747 3606 1796 3650 et

210 3698 362 3741 erunt
390 3687 541 3740 ambo
578 3688 631 3741 in
662 3703 820 3740 carne
853 3704 959 3742 una
1000 3689 1067 3742 ’°.
1091 3686 1367 3742 Laetantur
1401 3698 1583 3743 autem
1607 3698 1662 3743 et
1700 3704 1796 3759 pa-

210 3786 397 3832 rentes
444 3777 690 3832 videntes
752 3776 893 3834 ﬁlios
930 3787 1132 3847 patres.
1190 3777 1257 3832 Et
1297 3780 1497 3834 scimus
1537 3795 1794 3845 sponsum

209 3882 399 3922 verum
438 3869 689 3924 Ecclesia:
706 3869 1014 3924 Dominum.
1051 3871 1155 3925 Sed
1187 3871 1311 3939 quia
1342 3871 1520 3926 lumen
1555 3871 1682 3927 illud
1706 3888 1799 3927 ve-

210 3976 333 4015 rum
371 3960 657 4015 luminaria
691 3961 844 4026 facit,
892 3973 945 4017 et
997 3967 1251 4033 magister
1281 3963 1395 4033 ipse
1424 3964 1568 4020 solus
1602 3965 1654 4019 in
1688 3966 1794 4021 Ec-

206 4051 375 4107 clesia
409 4054 587 4121 posuit
615 4064 671 4109 et
704 4055 1011 4123 magistros,
1046 4065 1097 4109 et
1125 4065 1311 4124 pastor
1351 4057 1464 4126 ipse
1496 4058 1669 4112 bonus
1694 4074 1795 4128 pa-

206 4152 388 4198 stores
412 4145 715 4208 constituit,
746 4160 977 4216 sponsus
1023 4148 1240 4214 quidem
1279 4147 1390 4215 ipse
1423 4162 1581 4201 verus
1598 4157 1702 4213 est,
1738 4157 1796 4201 ut

206 4243 296 4290 est
327 4250 575 4304 sponsus.
599 4235 734 4302 Quia
766 4246 943 4291 autem
980 4237 1308 4308 inysterialis
1347 4249 1448 4304 est,
1503 4240 1793 4310 mysteria-

208 4326 338 4381 litas
367 4326 467 4381 ista
494 4342 600 4380 non
649 4327 949 4382 maculatur
988 4343 1205 4397 sponsa,
1236 4328 1280 4382 si
1307 4337 1360 4383 et
1399 4344 1585 4385 servos
1616 4331 1668 4384 iu
1696 4330 1794 4386 ho-

208 4437 344 4477 nore
376 4422 637 4492 suscipiat
663 4423 866 4491 sponsi.
909 4423 1127 4477 Dicebat
1170 4423 1310 4476 enim
1344 4437 1574 4490 sponsus
1610 4420 1790 4477 Domi-
1823 4402 1871 4460 ί)

208 4529 336 4579 nus,
380 4524 440 4568 ut
472 4515 742 4571 audistis:
787 4516 891 4581 Qui
934 4532 1019 4569 vos
1061 4517 1298 4581 suscipit,
1347 4532 1428 4570 me
1480 4516 1695 4586 suscipit
1725 4516 1793 4570 ⁹¹.

210 4606 451 4677 Apparet
480 4618 659 4662 autem
715 4617 974 4677 quantum
1024 4608 1351 4676 sponsalitas
1382 4608 1494 4677 ipsa
1534 4608 1794 4671 emineat,

209 4700 281 4754 ab
307 4714 368 4751 ea
402 4715 521 4769 qua:
548 4699 602 4754 in
632 4701 829 4755 mundo
864 4710 947 4756 est
968 4701 1303 4770 periculosa;
1337 4717 1440 4755 non
1467 4702 1609 4756 enim
1635 4702 1796 4757 istinc

212 4790 408 4846 mulier
464 4791 683 4859 adjuvat
712 4793 910 4858 virum,
941 4796 1034 4847 sed
1074 4809 1305 4863 sponsus
1339 4809 1592 4862 sponsam
1632 4812 1646 4848 :
1689 4810 1793 4850 non

209 4898 406 4952 sponsa
439 4886 609 4938 servit
632 4885 769 4951 viro,
801 4886 892 4939 sed
927 4900 1160 4954 sponsus
1201 4886 1367 4941 servit
1394 4895 1446 4939 et
1478 4886 1642 4940 dicit:
1679 4886 1791 4957 Ego

212 4974 443 5029 libenter
472 4989 568 5043 pro
601 4976 797 5029 animis
815 4976 1007 5029 vestris
1027 4976 1312 5045 erogabor,
1333 4984 1387 5029 et
1416 4979 1790 5046 memetipsum

218 5067 449 5121 tradam.
480 5067 546 5121 Et
574 5067 768 5122 horum
795 5066 918 5136 quis
946 5077 1028 5122 est
1068 5068 1297 5138 dignus?
1326 5068 1382 5122 Si
1411 5067 1554 5122 enim
1584 5068 1672 5123 ille
1697 5071 1788 5140 qui

213 5175 343 5217 vere
394 5171 478 5216 est
529 5174 761 5229 sponsus
794 5159 1052 5215 Dominus
1107 5170 1162 5214 et
1212 5160 1354 5215 Deus
1401 5160 1493 5214 Dei
1527 5176 1632 5214 non
1684 5162 1793 5216 nati

215 5252 525 5323 unigenitus
544 5251 734 5316 Filius,
761 5252 851 5320 qui
884 5251 937 5304 in
974 5250 1141 5321 ﬁgura
1178 5251 1271 5306 Dei
1291 5252 1641 5317 constitutus,
1668 5270 1792 5323 pro-

211 5355 335 5415 pter
357 5345 682 5400 charitatetn
718 5359 945 5413 sponsm,
995 5345 1222 5399 formam
1266 5346 1406 5401 servi
1433 5347 1641 5416 accepit
1678 5365 1689 5399 :
1749 5346 1793 5401 si

212 5436 474 5491 Dominus
526 5437 579 5490 in
624 5440 789 5508 ﬁgura
813 5438 955 5491 servi
994 5448 1213 5507 propter
1245 5438 1592 5494 dilectionem
1625 5454 1793 5509 spon-

213 5542 326 5590 sae;
389 5526 480 5594 qui
534 5536 726 5580 natura
813 5527 954 5580 servi
1017 5536 1178 5592 sunt,
1241 5528 1367 5596 quid
1429 5539 1582 5597 putas
1631 5544 1791 5598 quam

282 5621 330 5654 ’°
365 5620 500 5677 Gen.
540 5638 601 5690 ll,
627 5622 717 5675 24.
793 5622 835 5653 ⁹¹
868 5621 1054 5676 Matth.
1089 5638 1142 5686 χ,
1183 5623 1271 5677 40.

288 5741 399 5812 (8|)
423 5742 721 5810 Suscipitis.
744 5741 925 5805 Forte,
946 5740 1235 5811 suscipiens

1899 3142 2103 3207 quanta
2134 3136 2200 3189 ad
2224 3135 2618 3191 correctionem
2650 3141 2777 3187 sunt
2812 3132 3115 3188 necessaria
3147 3142 3203 3189 et
3226 3143 3476 3187 ornatum

1897 3243 2130 3297 sponsae,
2185 3228 2391 3298 patitur
2430 3236 2484 3281 et
2529 3227 2743 3281 labores
2791 3235 2845 3281 et
2875 3225 3084 3295 vigilias
3127 3234 3183 3279 et
3217 3224 3481 3279 adiuven-

1898 3322 2075 3378 tioues
2102 3337 2115 3374 :
2143 3320 2492 3389 vigilatenim
2524 3330 2583 3373 ut
2623 3319 2899 3374 reficiatur
2932 3332 3151 3387 sponsa,
3190 3325 3244 3371 et
3272 3315 3483 3370 laborat

1898 3423 1957 3466 ut
1995 3415 2312 3478 adornetur,
2337 3422 2391 3466 et
2419 3411 2624 3465 invenit
2663 3421 2719 3464 ut
2744 3418 3017 3479 pascatur.
3051 3407 3221 3462 Natus
3248 3407 3392 3461 enim
3417 3404 3482 3459 il-

1896 3506 2001 3561 lius
2060 3504 2288 3561 eﬁicitur
2332 3520 2541 3575 sponsa:
2582 3515 2823 3558 ornatus.
2858 3502 2996 3569 Quid
3046 3513 3223 3555 autem
3254 3501 3374 3556 dico
3415 3499 3482 3555 de

1897 3597 2035 3652 Filio
2075 3597 2166 3665 qui
2197 3598 2261 3651 de
2296 3598 2433 3651 coelo
2464 3596 2762 3660 descendit,
2793 3605 2851 3648 ut
2883 3593 3149 3663 captivam
3182 3592 3282 3647 sibi
3332 3591 3482 3647 acci-

1898 3698 2049 3760 peret
2069 3703 2346 3759 sponsam,
2373 3687 2516 3741 illam
2540 3702 2658 3757 quae
2684 3695 2808 3739 ante
2828 3694 2943 3739 erat
2968 3684 3203 3747 sordida,
3230 3699 3348 3753 quae
3366 3681 3483 3737 fue-

1896 3790 1979 3836 rat
2010 3778 2293 3842 fornicata,
2320 3793 2439 3847 quae
2474 3792 2660 3833 comas
2712 3778 2943 3831 habebat
2973 3779 3231 3847 impuras,
3277 3791 3396 3845 qua:
3427 3784 3482 3831 et

1898 3873 1965 3927 ab
2000 3873 2142 3927 intus
2174 3882 2228 3927 et
2262 3887 2290 3925 a
2328 3871 2459 3927 foris
2506 3885 2611 3926 non
2649 3878 2767 3926 erat
2805 3872 2966 3935 bona,
3006 3871 3057 3924 in
3093 3884 3254 3939 quam
3297 3868 3481 3922 illuse-

1897 3976 2024 4021 runt
2079 3966 2371 4031 dminones,
2418 3980 2538 4035 quae
2566 3963 2872 4020 foedabatur
2905 3964 2957 4018 in
3003 3961 3298 4024 montibus,
3362 3976 3481 4030 qua:

1898 4059 2038 4114 nuda
2066 4061 2337 4125 currebat,
2369 4074 2489 4129 quae
2517 4058 2774 4113 lectiones
2804 4057 3191 4111 daemoniorum
3224 4053 3481 4117 habebat,

1897 4166 2016 4220 quae
2041 4152 2215 4219 turpia
2236 4151 2513 4219 cantabat,
2556 4151 2733 4220 turpia
2753 4148 2989 4214 ludebat,
3013 4148 3188 4217 turpia
3229 4147 3486 4219 loqueba-

1899 4250 1985 4293 tur
2018 4256 2031 4292 :
2064 4256 2184 4311 qua:
2208 4256 2277 4296 ne
2311 4240 2527 4312 quidem
2569 4239 2623 4294 in
2663 4240 2854 4294 itinere
2879 4239 3184 4294 hominibus
3216 4238 3482 4293 concede-

1895 4331 2007 4396 bat,
2047 4347 2168 4401 qua:
2201 4332 2449 4401 portabat
2477 4333 2699 4404 lapides,
2727 4342 2780 4387 et
2811 4331 3179 4388 fornicabatur
3212 4331 3278 4384 ad
3315 4330 3480 4400 ligna,

1897 4439 2019 4494 qua:
2065 4424 2324 4497 fumigata
2365 4436 2504 4490 erat,
2550 4441 2670 4496 quae
2727 4425 3004 4480 redolebat
3041 4424 3227 4477 nidore
3269 4422 3482 4489 faetida,

1898 4531 2017 4585 qua:
2040 4517 2168 4587 quid
2207 4534 2311 4573 non
2343 4519 2470 4572 mali
2512 4518 2782 4573 habebat?
2810 4517 2907 4573 Cui
2938 4518 3082 4571 enim
3114 4524 3169 4570 et
3196 4515 3301 4570 alio
3324 4513 3485 4570 dece-

1897 4609 1991 4663 bat
2034 4610 2191 4663 talem
2229 4611 2331 4665 sibi
2360 4611 2559 4681 eligere
2604 4626 2880 4680 Sponsam,
2925 4625 3084 4678 quam
3120 4608 3194 4662 illi
3225 4609 3316 4678 qui
3363 4616 3484 4663 erat

1900 4700 2210 4756 misericors
2243 4702 2515 4771 sponsus?
2554 4701 2687 4755 nihil
2720 4703 2866 4757 enim
2896 4700 3131 4756 habebat
3158 4698 3481 4754 hortamenti

1898 4793 1964 4847 ad
2004 4792 2348 4849 dilectionem
2385 4811 2503 4863 qua:
2536 4803 2813 4861 assumpta
2851 4803 2954 4849 est.
3010 4792 3145 4859 Quia
3185 4806 3314 4860 ergo
3352 4789 3483 4843 nihil

1900 4895 2017 4937 erat
2051 4886 2119 4938 ab
2151 4885 2248 4939 ista
2286 4885 2776 4949 adhortamentum,
2826 4885 2947 4941 ideo
2997 4884 3136 4938 facta
3176 4892 3260 4937 est
3311 4880 3481 4951 gratia

1900 4974 2015 5045 ejus
2044 4977 2134 5046 qui
2166 4981 2379 5043 accepit
2416 4976 2574 5033 talem
2607 4996 2620 5031 :
2652 4992 2749 5046 pro
2789 4977 2914 5032 odio
2942 4976 3083 5031 enim
3120 4991 3226 5043 quo
3249 4983 3367 5029 erat
3405 4972 3482 5026 di-

1897 5083 2023 5137 gna,
2063 5068 2247 5123 dilexit
2275 5084 2427 5133 eam;
2461 5086 2556 5138 pro
2598 5084 2758 5137 pinna
2793 5068 3097 5132 honoravit,
3140 5081 3237 5137 pro
3266 5064 3481 5120 mortali

1902 5168 2144 5215 mortuus
2167 5170 2271 5223 est,
2306 5176 2401 5230 pro
2434 5161 2788 5215 condemnata
2830 5158 3222 5216 condemnatus
3247 5162 3349 5220 est,
3386 5168 3485 5222 pro

1900 5251 2153 5323 injuriosa
2176 5253 2291 5323 ipse
2323 5269 2514 5323 passus
2552 5254 2801 5321 injuriam
2828 5261 2883 5307 et
2919 5251 3191 5320 accipiens
3221 5246 3484 5317 sputami-

1900 5360 1968 5399 na
1999 5347 2050 5399 in
2084 5356 2326 5400 sanctam
2356 5347 2569 5413 faciem,
2620 5358 2676 5402 ct.
2707 5355 2833 5402 ante
2864 5345 3168 5415 sputamina
3196 5357 3314 5398 eam
3354 5353 3481 5394 sus-

1898 5436 2078 5505 cipitis
2097 5437 2229 5506 (8|).
2256 5437 2360 5493 Ista
2380 5439 2531 5493 enim
2558 5454 2777 5509 sponsa,
2811 5437 3005 5492 ancilla
3033 5451 3100 5491 ex
3123 5434 3297 5491 servis
3340 5441 3480 5491 erat,

1898 5544 1926 5582 a
1954 5542 2103 5600 patre
2144 5549 2251 5588 non
2299 5533 2459 5600 bono,
2497 5542 2551 5587 et
2586 5540 2758 5587 matre
2789 5546 2909 5601 qua:
2951 5539 3249 5596 erraverat,
3293 5535 3483 5584 contu-
