3822 6218
381 295 514 356 1171

1048 302 1322 361 EUSEBII
1359 307 1847 370 CESARIENSIS
1885 311 2035 370 OPP.
2078 313 2258 371 PARS
2301 317 2385 371 IV.
2425 346 2495 360 —-
2532 314 2950 372 DOGMATICA.

3509 313 3641 367 H73

377 429 500 468 max
540 431 569 468 a
619 418 1054 484 contumacibus,
1110 422 1164 476 in
1219 423 1387 479 multo
1437 435 1678 495 tempore
1726 429 1948 498 capillos
1977 435 2024 492 Α
2053 433 2106 486 in
2171 442 2311 486 terra
2344 449 2371 486 a
2403 432 2739 486 mortalibus.
2770 430 2906 498 Quia
2930 443 3057 498 ergo
3084 443 3190 482 non
3217 437 3299 483 est
3320 427 3513 482 idonea
3548 449 3641 485 no-

380 504 586 558 babens
608 507 851 575 captivos
901 516 953 562 et
998 525 1224 579 ungues,
1255 523 1310 566 et
1345 515 1396 566 in
1435 518 1682 571 omnibus
1714 519 1949 573 sordida.

376 593 445 648 Et
471 595 612 662 quod
647 605 733 650 est
775 599 1028 654 maximae
1057 603 1449 668 admirationis,
1478 606 1564 662 ille
1586 620 1704 662 erat
1739 621 1956 665 sanctus

374 685 431 738 in
464 685 668 740 sanctis
686 687 956 752 habitans,
982 693 1176 748 sedens
1201 694 1267 747 ad
1287 695 1560 750 dexteram
1583 697 1776 764 Patris,
1802 716 1958 752 mun-

375 778 477 830 dus
514 792 543 829 a
568 779 768 833 mundo
802 781 1120 848 procedens,
1155 784 1331 840 lumen
1369 803 1581 853 verum,
1611 791 1952 860 soljustitite;

376 867 465 922 ille
496 869 586 936 qui
617 871 684 924 ab
715 871 920 938 angelis
951 875 1293 941 adorabatur,
1324 893 1514 944 passus
1545 891 1626 934 est
1657 893 1714 934 ut
1743 883 1810 936 ab
1852 883 1954 937 ho-

376 960 612 1015 minibus
668 961 1000 1018 illuderetur.
1055 965 1120 1020 Et
1151 981 1250 1036 ego
1305 971 1515 1037 quidem
1558 973 1725 1026 miror
1774 989 1873 1027 nos
1902 983 1958 1028 et

374 1067 654 1119 sponsam,
691 1055 816 1122 quia
845 1072 949 1110 non
981 1060 1288 1127 stnpuimus
1317 1061 1457 1117 illius
1485 1065 1575 1133 qui
1604 1065 1957 1135 advenitgra-

377 1143 529 1208 tiam,
561 1154 615 1198 et
644 1144 786 1200 illius
817 1147 909 1217 qui
938 1149 1084 1203 misit
1113 1151 1333 1218 donum,
1375 1162 1429 1207 et
1458 1170 1563 1208 non
1599 1158 1803 1221 statim,
1848 1174 1954 1212 non

375 1233 584 1287 insania
624 1237 877 1305 quadam,
916 1240 1009 1294 sed
1045 1241 1294 1310 religiosa
1340 1255 1517 1298 mente
1543 1254 1596 1300 et
1630 1249 1837 1302 tervido
1861 1250 1954 1303 de-

373 1326 574 1380 siderio
597 1328 833 1397 spoliati,
854 1345 1051 1401 corpus
1078 1342 1130 1387 et
1157 1333 1414 1399 animam,
1451 1346 1510 1390 ut
1540 1337 1612 1391 ita
1649 1337 1846 1406 dicam,
1873 1357 1956 1395 re-

375 1416 663 1474 tribuimus
715 1421 824 1475 Deo
872 1440 970 1492 pro
1012 1427 1262 1482 omnibus
1307 1445 1428 1499 quae
1479 1431 1636 1486 nobis
1683 1434 1952 1490 retribuit.

373 1506 513 1572 Quid
542 1520 722 1564 autem
753 1522 808 1566 et
851 1515 898 1567 ei
940 1531 1228 1584 possumus
1272 1522 1611 1575 retribuere?
1665 1522 1956 1578 Moriemur

374 1615 472 1666 pro
516 1602 648 1670 ipso,
683 1607 775 1659 sed
805 1606 922 1676 ipse
949 1609 1152 1676 primus
1179 1626 1277 1680 pro
1302 1614 1455 1668 nobis
1491 1625 1736 1670 mortuus
1760 1626 1858 1670 est.
1891 1617 1955 1670 Et

373 1707 474 1748 nos
522 1695 738 1762 quidem
795 1698 839 1752 si
872 1701 1187 1767 moriamur,
1251 1705 1576 1759 naturaliter
1627 1706 1952 1774 suscipimus

2062 535 2176 578 stra
2229 536 2415 579 natura
2469 523 2648 579 verbis
2688 525 2890 578 assumi
2937 524 3003 577 ad
3049 531 3256 575 tantum
3299 521 3392 576 Dei
3444 522 3639 577 Filium

2060 618 2250 684 Deum,
2280 619 2369 686 qni
2401 627 2457 672 ut
2484 633 2588 671 non
2613 617 2786 671 solum
2807 616 2987 670 verbis
3009 614 3284 677 edoceret,
3317 613 3414 667 sed
3439 623 3491 668 et
3519 629 3644 682 ope-

2057 709 2209 762 ribus
2244 709 2583 772 informaret,
2613 710 2759 762 venit
2790 707 3045 768 visibilis,
3082 714 3214 760 utet
3238 708 3364 760 dum
3402 707 3638 767 videtur,

2058 801 2367 854 ostenderet
2395 799 2817 855 invisibilem.Et
2843 799 2973 851 mihi
2999 798 3216 867 quidem
3250 799 3364 866 ipse
3384 809 3457 852 stt
3480 799 3632 852 testis

2060 893 2345 948 sermonis.
2388 893 2521 946 Cum
2551 894 2694 946 enim
2731 893 2935 944 lavaret
2968 891 3227 946 Dominus
3261 892 3429 958 pedes
3459 905 3643 944 servo-

2061 1001 2200 1051 rum,
2233 986 2489 1055 magister
2514 985 2922 1054 discipulorum,
2957 993 3013 1038 et
3041 995 3339 1038 excusante
3371 984 3534 1037 Petro
3557 983 3638 1036 di-

2043 1077 2214 1133 cebat
2257 1077 2498 1131 formans
2527 1093 2620 1132 eos
2650 1085 2704 1132 et
2739 1078 2925 1133 dicens
2959 1098 2971 1130 :
3006 1077 3136 1133 Htec
3179 1095 3269 1146 ego
3314 1078 3433 1130 ideo
3477 1076 3638 1145 facio,

2058 1174 2116 1219 ut
2144 1177 2191 1220 et
2223 1181 2308 1220 vos
2333 1168 2654 1220 edoceamini
2687 1169 2903 1221 invicem
2942 1168 3121 1221 eadem
3169 1168 3344 1236 facere
3370 1167 3440 1219 ³⁸.
3485 1167 3640 1220 Sicut

2043 1257 2222 1326 igitur
2253 1259 2304 1312 in
2334 1257 2424 1311 illo
2466 1269 2589 1312 actu
2637 1258 2841 1312 dictum
2891 1269 2977 1312 est
3017 1258 3160 1328 quod
3196 1259 3510 1311 mandatum
3532 1270 3638 1318 est.

2057 1351 2181 1419 quia
2215 1351 2335 1405 ideo
2368 1351 2500 1405 facit
2537 1360 2594 1404 ut
2616 1352 2931 1406 ostenderet
2965 1360 3165 1416 totum;
3213 1351 3285 1403 ita
3327 1350 3451 1402 audi
3514 1349 3640 1416 quia

2042 1443 2454 1498 'venitformare
2485 1444 2551 1496 ad
2578 1443 2834 1498 deitatem
2873 1443 3141 1498 homines.
3170 1440 3513 1496 Miserabiles
3537 1457 3640 1494 au-

2057 1541 2162 1583 tem
2196 1541 2321 1584 sunt
2342 1533 2432 1600 qui
2467 1547 2574 1585 non
2604 1532 2929 1600 inspiciunt;
2951 1533 3094 1586 beati
3126 1547 3254 1586 vero
3281 1532 3417 1585 oculi
3443 1546 3638 1585 eorum

2059 1623 2149 1690 qui
2177 1623 2384 1678 vident.
2428 1625 2650 1679 Videtur
2673 1626 2819 1681 enim
2843 1637 2897 1680 et
2932 1642 3077 1681 nunc
3111 1627 3368 1680 Dominus
3404 1627 3484 1682 :si
3514 1627 3640 1694 quis

2053 1719 2197 1770 enim
2225 1717 2386 1772 habet
2412 1718 2598 1773 oculos
2628 1719 2775 1773 videt
2801 1739 2813 1774 :
2847 1736 3120 1789 nunquam
3167 1720 3311 1773 enim
3341 1719 3430 1771 ille
3460 1719 3638 1773 disce-

373 1795 631 1852 mortem;
662 1788 748 1842 ille
787 1799 966 1845 autem
995 1802 1183 1848 contra
1219 1806 1466 1849 naturam
1511 1797 1724 1867 patiehs
1755 1798 1853 1851 fuit
1882 1799 1948 1851 ad
1982 1790 2026 1848 Β
2055 1811 2150 1874 ἀει,
2178 1811 2316 1864 siem
2339 1811 2450 1880 ipse
2481 1812 2608 1865 dici;
2639 1828 2652 1862 ε
2689 1811 2823 1864 Ecce
2865 1829 2957 1880 ego
2977 1788 3252 1864 impiatum
3289 1828 3424 1875 sum,
3470 1825 3636 1880 usque

373 1885 625 1932 mortem.
663 1878 727 1931 Et
768 1895 866 1935 nos
901 1881 1116 1950 quidem
1145 1883 1188 1938 si
1229 1883 1494 1940 fuerimus
1524 1887 1746 1951 mortui,
1773 1887 1950 1941 lucra-

370 1968 552 2021 bimur
584 1972 941 2040 nosmetipsos
981 1991 993 2027 :
1033 1974 1120 2028 ille
1149 1984 1326 2031 autem
1368 1987 1612 2034 mortuus
1637 1987 1722 2034 est
1745 1996 1848 2034 non
1883 1981 1949 2034 ad

371 2057 656 2113 utilitatem
690 2063 986 2129 propriam,
1016 2064 1110 2117 sed
1142 2075 1200 2119 ut
1236 2080 1333 2120 nos
1381 2065 1703 2122 lucraretur.
1736 2069 1804 2123 Et
1853 2085 1950 2124 nos

372 2152 634 2204 morimur
659 2159 725 2206 ad
756 2168 906 2222 spem
943 2155 1067 2208 vitae
1100 2174 1114 2210 :
1152 2157 1242 2212 ille
1277 2167 1454 2212 autem
1483 2160 1594 2214 vita
1633 2169 1715 2214 est
1741 2160 1946 2214 vivens.

371 2241 437 2294 Et
461 2257 559 2296 nos
581 2243 631 2297 in
659 2247 916 2316 martyrio
939 2247 1197 2316 patimur,
1233 2259 1292 2303 ut
1315 2265 1418 2304 non
1447 2265 1568 2305 cum
1596 2253 1797 2306 nmndo
1817 2267 1950 2307 con-

369 2334 707 2402 demnemur,
739 2337 1006 2406 fugientes
1043 2355 1140 2409 per
1178 2351 1405 2396 mortem
1444 2344 1769 2412 gehennam,
1801 2354 1854 2400 et
1897 2345 1948 2400 in

370 2425 680 2482 haereditate
714 2430 1041 2499 accipientes
1073 2446 1235 2502 regna
1260 2434 1542 2489 caelorum.
1577 2433 1685 2490 Nos
1714 2437 1781 2490 ad
1810 2451 1951 2490 mer-

367 2515 587 2582 cedem;
620 2517 706 2571 ille
741 2529 959 2588 propter
989 2521 1334 2578 charitatem.
1370 2525 1427 2579 Si
1458 2529 1581 2595 quis
1610 2537 1790 2582 autem
1822 2543 1952 2583 con-

366 2606 489 2661 silio
517 2608 745 2662 assentit
775 2625 916 2677 meo,
965 2612 1035 2666 sit
1069 2614 1282 2682 quidem
1315 2631 1520 2671 merces
1569 2619 1636 2674 ab
1672 2619 1808 2689 ipso,
1844 2637 1948 2675 non

366 2701 438 2753 sit
485 2710 664 2754 autem
727 2701 882 2758 nobis
937 2720 1127 2758 cursus
1175 2707 1242 2760 ad
1275 2712 1578 2764 mercedem
1613 2727 1626 2763 :
1667 2727 1771 2767 non
1805 2715 1948 2767 enim

367 2793 492 2860 quia
512 2793 776 2861 promittit
809 2796 927 2850 ideo
962 2797 1122 2852 debet
1147 2809 1202 2853 et
1223 2799 1393 2870 diligi,
1429 2803 1520 2855 sed
1553 2804 1678 2872 quia
1707 2806 1827 2860 talis
1851 2806 1948 2860 ha-

369 2882 549 2946 betur,
574 2893 628 2937 et
665 2884 787 2939 talis
807 2895 890 2940 est
919 2885 1089 2942 Filius
1120 2901 1258 2944 :n‘on
1280 2892 1478 2961 quippe
1507 2893 1768 2964 diligatur
1795 2900 1863 2952 ob
1885 2912 1948 2952 ea

366 2989 488 3041 qua:
515 2975 700 3040 donat,
735 2979 828 3032 sed
859 2989 1076 3048 propter
1128 2992 1380 3036 naturam
1406 2985 1488 3037 sui
1533 2995 1587 3038 et
1620 2996 1744 3040 ante
1776 2988 1948 3042 dona-

366 3069 561 3121 tiones.
603 3067 880 3136 Siquidem
916 3081 970 3125 et
1002 3073 1104 3126 hoc
1132 3073 1312 3127 lumen
1359 3077 1640 3140 sensibile,
1670 3094 1776 3131 non
1824 3080 1948 3148 quia

366 3158 538 3226 pascit
566 3159 750 3213 oculos
781 3173 1015 3227 amatur,
1043 3164 1134 3218 sed
1167 3165 1292 3234 quia
1307 3165 1668 3221 clarissimum
1701 3170 1944 3226 habetur.

363 3247 764 3321 Nonnunquam
799 3252 944 3306 enim
969 3263 1023 3306 et
1057 3254 1235 3308 fontes
1267 3254 1518 3311 videntes
1555 3259 1869 3328 perspicuos
1895 3270 1951 3316 et

366 3357 551 3409 puros,
604 3353 660 3397 et
717 3345 760 3398 si
804 3360 910 3398 non
962 3347 1200 3402 admittit
1244 3356 1458 3416 tempus
1497 3351 1737 3415 bibendi,
1771 3361 1948 3408 tamen

369 3434 632 3489 miramur
658 3436 1136 3505 pulchritudinem,
1157 3440 1320 3494 etiam
1345 3456 1449 3494 non
1484 3443 1807 3499 adveniente
1825 3460 1945 3500 usu.

368 3525 434 3580 Et
485 3529 552 3581 ad
611 3529 808 3583 caelum
867 3531 1221 3600 respicientes
1257 3533 1612 3601 delectamur,
1671 3553 1776 3592 non
1815 3541 1944 3608 quia

366 3617 774 3694 manducamus.
807 3617 863 3673 Si
891 3619 1058 3689 igitur
1087 3637 1250 3690 opera
1285 3623 1402 3692 ejus
1428 3625 1501 3680 ita
1540 3629 1862 3694 sunt'bona,
1894 3639 1949 3684 et

367 3717 496 3763 ante
520 3718 733 3778 gustum
766 3721 821 3765 et
849 3726 1030 3765 escam
1083 3714 1356 3770 delectant
1400 3733 1524 3772 cum
1579 3719 1849 3784 videntur,
1894 3731 1949 3775 et

366 3798 679 3855 coaﬂectari
706 3801 944 3864 faciunt;
981 3805 1095 3871 ipse
1117 3806 1207 3874 qui
1240 3822 1364 3862 vere
1387 3825 1549 3878 supra
1574 3826 1789 3866 onmem
1826 3813 1946 3882 pul-

368 3891 730 3946 chritudinem
793 3894 1043 3956 habetur,
1095 3908 1150 3948 et
1179 3913 1306 3952 vere
1357 3909 1441 3952 est
1493 3903 1688 3967 bonus,
1728 3920 1831 3958 non
1880 3921 1944 3959 ex

368 3986 617 4039 mercede
638 3987 832 4039 habeat
860 3988 1220 4052 dilectionem,
1251 3995 1342 4047 sed
1362 4011 1426 4048 ex
1460 4006 1652 4048 natura
1683 4013 1944 4055 annorem.

368 4070 481 4141 Ego
515 4089 647 4128 sane
688 4091 1072 4148 nonmmquam
1107 4081 1158 4134 in
1195 4086 1434 4152 cogitatu
1473 4087 1575 4142 isto
1598 4089 1821 4151 adveni;
1855 4103 1947 4141 ve-

369 4166 480 4220 nite
533 4177 588 4220 et
618 4183 712 4222 vos
766 4171 834 4221 ad
875 4171 1236 4238 suspicionem
1275 4175 1466 4230 bonam
1505 4193 1518 4230 :
1557 4193 1696 4246 smpc
1723 4180 1865 4233 enim
1915 4195 1944 4233 a

367 4259 903 4331 sanctisEvangeliis
953 4271 1008 4316 et
1043 4279 1170 4319 vere
1217 4265 1416 4322 divinis
1455 4269 1522 4324 de
1555 4272 1779 4326 Domino
1818 4272 1943 4327 Jesu

367 4351 610 4409 audiens.
645 4351 884 4405 auditum
907 4355 972 4406 ad
1007 4354 1181 4409 visum
1209 4359 1450 4412 converti
1485 4379 1497 4413 :
1524 4362 1772 4416 videbam
1799 4365 1942 4418 enim

2055 1901 2124 1952 ad
2151 1903 2645 1954 consummationem
2673 1901 2853 1955 amuli
2878 1902 2943 1954 9'.
2971 1901 3136 1956 Adest
3167 1902 3426 1956 Dominus
3466 1901 3511 1954 si
3540 1901 3638 1952 ha—

2054 1995 2148 2049 bes
2174 1995 2377 2058 oculos,
2406 2005 2459 2049 et
2486 2004 2776 2063 antequam
2813 1989 3014 2048 audias‘
3035 1993 3201 2046 vides.
3231 1991 3286 2045 Si
3317 2001 3498 2044 autem
3524 2004 3636 2045 non

2054 2087 2200 2139 vides
2230 2100 2258 2138 a
2289 2086 2604 2153 'temetipso,
2658 2100 2876 2139 movere
2897 2100 3019 2138 cum
3052 2099 3116 2137 eo
3158 2083 3251 2152 qui
3287 2081 3546 2144 ostendit,
3578 2089 3637 2134 et

2053 2175 2279 2228 videbis.
2314 2173 2369 2228 Si
2403 2183 2582 2228 autem
2611 2184 2666 2229 et
2697 2189 2818 2227 cum
2851 2184 3129 2228 ostensum
3165 2172 3257 2226 tibi
3300 2170 3467 2225 fuerit
3518 2185 3633 2223 non

2052 2266 2224 2331 vides,
2290 2267 2586 2320 lamentare
2637 2266 2936 2320 crecitatem
2986 2274 3132 2318 tuam
3185 2263 3426 2318 debebis.
3477 2260 3638 2314 Sicut

2052 2355 2193 2409 enim
2223 2370 2330 2410 non
2357 2364 2533 2424 potest
2554 2354 2744 2410 oculus
2780 2357 2897 2408 sine
2929 2354 3132 2408 lumine
3161 2354 3363 2416 videre,
3397 2355 3470 2406 ita
3524 2366 3638 2405 non

2052 2457 2230 2516 potest
2263 2463 2362 2502 nec
2417 2461 2570 2501 mens
2599 2446 2717 2501 sine
2767 2448 2874 2502 Deo
2903 2448 3120 2500 vivere:
3159 2446 3392 2500 celerius
3434 2443 3638 2512 quippe

2053 2539 2355 2594 salvabitur
2385 2539 2554 2608 piscis
2584 2539 2702 2592 sine
2727 2552 2887 2607 aqua,
2919 2553 3078 2606 quam
3117 2538 3294 2589 anima
3323 2536 3440 2589 sine
3471 2533 3639 2587 Chri-

2052 2639 2154 2683 sto.
2173 2628 2313 2695 Quid
2342 2629 2516 2698 ergo?
2544 2627 2680 2681 Num
2709 2642 2812 2681 non
2865 2627 3051 2681 vivunt
3073 2628 3317 2698 gentiles.
3349 2636 3402 2680 et
3432 2623 3638 2687 Judaei,

2051 2732 2102 2774 et
2130 2721 2408 2775 haeretici?
2437 2720 2712 2786 Permitte,
2740 2721 2937 2791 inquit,
2988 2728 3223 2772 mortuos
3253 2719 3469 2786 sepelire
3506 2732 3639 2768 suos

2051 2825 2283 2865 mortuos
2309 2815 2377 2864 ".
2413 2813 2568 2866 Venit
2602 2813 2741 2867 Deus
2765 2820 3060 2881 apportans
3102 2810 3428 2873 hominibus,
3492 2808 3639 2875 quod

2053 2897 2228 2958 nullus
2257 2905 2536 2959 hominum
2570 2905 2793 2958 adduxit
2821 2921 2833 2956 :
2866 2919 2970 2959 non
3012 2903 3153 2956 enim
3201 2910 3316 2954 erat
3349 2914 3637 2954 servorum

2051 3013 2245 3067 magna
2278 3001 2500 3060 donare,
2533 2998 2626 3051 sed
2658 3012 2938 3051 servorum
2987 3005 3107 3050 erat
3139 2993 3302 3064 Regis
3338 2993 3636 3047 adventum

2053 3089 2420 3143 annuntiare:
2454 3089 2656 3144 donare
2685 3097 2868 3143 autem
2908 3087 3074 3170 ipsius
3122 3097 3238 3142 erat
3268 3085 3464 3155 Regis;
3509 3084 3639 3139 ideo

2051 3187 2106 3232 et
2133 3193 2500 3247 praecursores
2527 3179 2778 3232 dicebant
2807 3196 2819 3230 :
2854 3178 3070 3232 Veniet.
3094 3175 3207 3246 Ipse
3233 3185 3409 3229 autem
3431 3173 3520 3243 qui
3550 3173 3640 3228 lo-

2050 3270 2315 3338 quebatur
2371 3269 2666 3323 adveniens
2726 3270 2990 3324 donavit:
3049 3283 3147 3337 per
3214 3265 3431 3335 Moysen
3479 3265 3637 3319 enim

2049 3361 2172 3414 data
2195 3370 2277 3416 est
2308 3363 2414 3425 lex,
2445 3360 2538 3415 sed
2581 3360 2714 3414 nihil
2760 3360 2962 3415 factum
3000 3371 3120 3426 est;
3155 3358 3329 3428 gratia
3358 3365 3540 3410 autem
3578 3365 3639 3410 et

2050 3453 2250 3507 veritas
2273 3468 2377 3507 non
2405 3453 2526 3506 data
2559 3462 2662 3516 est,
2687 3453 2778 3507 sed
2807 3452 2945 3506 facta
2972 3459 3074 3514 est,
3103 3459 3158 3505 et
3186 3449 3445 3504 correxit.
3475 3447 3638 3501 Sicut

2049 3545 2192 3600 enim
2228 3544 2418 3598 mulier
2450 3545 2534 3598 illa
2563 3559 2682 3613 qua:
2723 3542 2924 3597 fontem
2982 3541 3263 3612 sanguinis
3312 3547 3502 3594 contra
3531 3552 3637 3590 na-

2049 3647 2224 3690 turam
2246 3637 2501 3701 habebat,
2521 3636 2740 3707 fatigata
2767 3647 2852 3691 est
2884 3634 3121 3690 medelas
3143 3633 3424 3688 hominum
3461 3630 3635 3684 susti-

2050 3741 2216 3789 nens;
2250 3726 2454 3796 profuit
2482 3736 2666 3780 autem
2700 3727 2749 3780 ei
2777 3724 2934 3790 nihil,
2962 3723 3054 3778 sed
3103 3721 3476 3777 tantummodo
3497 3736 3634 3775 con-

2049 3829 2363 3871 sumebatur
2389 3829 2441 3870 et
2467 3832 2695 3887 corpore
2734 3825 2790 3871 et
2817 3813 3163 3870 facultatibus
3193 3833 3204 3867 :
3236 3813 3307 3866 ita
3325 3811 3630 3867 secundum

2049 3907 2277 3963 formam
2320 3910 2477 3963 istam
2510 3909 2742 3962 humana
2773 3916 2966 3961 natura
2997 3903 3271 3973 accipiens
3299 3899 3568 3957 medelam
3598 3913 3631 3952 ι

2045 3999 2324 4070 prophetis
2350 4012 2402 4054 et
2421 4000 2791 4054 sacerdotibus
2815 4007 2869 4052 et
2909 4014 2939 4052 a
2971 3997 3084 4066 lcge
3120 3997 3253 4064 ipsa,
3293 4010 3396 4048 non
3421 4005 3504 4048 est
3528 4008 3632 4047 cu-

2047 4103 2201 4156 rata;
2235 4095 2329 4146 sed
2381 4093 2427 4146 is
2449 4093 2540 4161 qui
2574 4091 2688 4146 sine
2716 4091 2833 4160 lege
2867 4101 2987 4144 erat
3013 4090 3392 4158 subingressus
3416 4097 3522 4150 est,
3568 4095 3632 4140 ut

2046 4184 2349 4237 abundaret
2382 4192 2684 4253 peccatum.
2719 4181 2854 4246 Quia
2907 4181 3069 4252 igitur
3102 4194 3205 4232 non
3245 4189 3363 4232 erat
3390 4177 3630 4232 hominis

2047 4274 2316 4343 corrigere
2351 4272 2625 4326 hominum
2682 4271 2958 4340 passiones
2986 4279 3041 4324 et
3068 4270 3217 4332 vitia,
3248 4269 3388 4323 Deus
3415 4267 3630 4336 accepit

2048 4365 2259 4419 infirme
2289 4367 2386 4418 hoc
2423 4365 2594 4434 ipsum
2620 4364 2763 4432 quod
2788 4364 2899 4432 jam
2923 4371 3040 4416 erat
3059 4371 3388 4422 emortuum,
3419 4370 3474 4413 et
3499 4360 3629 4413 sub-

366 4441 774 4497 admirationem
827 4461 1018 4499 novam
1072 4446 1186 4512 Dei,
1238 4447 1430 4504 Filium
1483 4452 1652 4506 Deum
1702 4455 1755 4508 in
1801 4465 1941 4510 terra
1975 4485 2022 4544 D
2049 4457 2294 4525 ingressa
2339 4465 2424 4510 est
2457 4456 2584 4520 vita,
2627 4465 2684 4507 ut
2726 4454 3009 4523 praesentia
3061 4453 3277 4507 virtutis
3315 4458 3630 4519 repercute-

365 4547 565 4607 corpus
591 4534 876 4590 habentem
915 4554 929 4589 :
962 4547 1017 4592 et
1053 4547 1251 4606 putans
1277 4542 1466 4597 adesse
1487 4546 1850 4613 spectaculum
1869 4563 1936 4603 ex

364 4623 658 4694 Scripturis
688 4642 823 4696 pene
862 4637 916 4682 et
945 4639 1194 4697 porrecta
1245 4648 1404 4686 manu
1443 4636 1774 4704 apprehendi
1813 4638 1935 4692 fitn-

361 4714 536 4770 hriam
569 4719 869 4774 vestimenti
897 4722 1030 4790 ejus,
1073 4737 1140 4776 ne
1165 4723 1303 4778 forte
1337 4735 1391 4779 et
1413 4741 1444 4780 a
1473 4730 1711 4796 peccatis
1741 4731 1939 4786 libera-

362 4823 474 4862 rer.
525 4808 642 4864 Non
689 4810 853 4879 igitur
896 4811 1206 4869 fraudemus
1264 4819 1623 4886 nosmetipsos
1660 4836 1689 4874 a
1730 4823 1939 4879 visione

363 4901 457 4954 Dei
490 4901 773 4972 unigeniti,
804 4905 890 4970 qui
925 4921 1020 4974 pro
1053 4907 1206 4961 nobis
1235 4909 1300 4961 ad
1331 4926 1430 4964 nos
1459 4913 1608 4965 venit
1638 4929 1652 4965 :
1682 4929 1805 4968 nam
1835 4916 1940 4971 etsi

361 4993 415 5046 in
445 5007 670 5061 corpore
698 4995 935 5057 advenit,
967 5004 1146 5052 tamen
1179 5016 1282 5053 non
1314 5000 1472 5055 latuit
1497 5004 1638 5059 Deus
1663 5007 1804 5060 nube
1833 5006 1942 5061 clr-

360 5085 741 5139 cumamictus.
770 5085 825 5138 Si
850 5087 992 5140 enim
1023 5100 1077 5141 et
1113 5091 1253 5160 apud
1297 5108 1394 5146 nos
1420 5095 1616 5148 animae
1651 5106 1822 5152 status
1848 5100 1941 5154 da-

361 5186 449 5229 tur
469 5178 536 5232 ad
560 5179 734 5233 visum
762 5195 858 5249 per
900 5183 1107 5248 oculos,
1141 5199 1236 5253 per
1269 5185 1490 5249 faciem,
1527 5202 1624 5257 per
1659 5191 1937 5258 maxillas;

357 5265 571 5330 qualem
605 5277 761 5334 putas
789 5284 911 5323 esse
949 5270 1096 5325 illam
1127 5273 1341 5339 faciem,
1373 5276 1585 5345 qualem
1628 5278 1772 5332 illam
1802 5281 1936 5336 divi-

2050 4559 2198 4603 retur
2233 4549 2384 4602 virus
2418 4549 2711 4618 serpentis,
2757 4549 2889 4614 Quis
2919 4564 3023 4602 non
3054 4547 3290 4601 movebit
3319 4547 3387 4598 ad
3415 4544 3630 4598 deside-

2047 4641 2185 4693 rium
2219 4639 2460 4694 Christi?
2485 4639 2762 4708 Siquidem
2799 4639 3001 4694 Christi
3043 4638 3223 4692 Pater.
3249 4636 3326 4690 llli
3360 4637 3509 4690 enim
3535 4638 3627 4689 de—

2046 4743 2130 4787 cet
2157 4732 2277 4786 talis
2300 4743 2354 4784 et
2383 4742 2530 4785 tanta
2556 4731 2772 4801 largitio
2803 4750 2817 4788 :
2845 4731 3013 4785 Nemo
3051 4731 3208 4792 enim,
3233 4728 3430 4798 inquit,
3461 4737 3626 4796 potest

2047 4826 2219 4878 venire
2245 4825 2314 4877 ad
2346 4841 2448 4888 me,
2475 4824 2575 4877 nisi
2619 4823 2778 4878 Pater
2804 4841 2947 4878 meus
2989 4822 3265 4876 attraxerit
3291 4836 3413 4873 eum
3444 4818 3625 4888 quiest

2047 4917 2103 4970 in
2133 4916 2273 4970 caelis
2304 4917 2371 4969 ⁸⁸.
2397 4914 2654 4986 Nonquia
2675 4917 2780 4969 vim
2813 4915 2943 4970 facit
2966 4917 3126 4981 Deus,
3161 4915 3254 4969 sed
3285 4913 3412 4982 quia
3442 4913 3626 4965 domat

2046 5007 2290 5062 homines
2327 5007 2601 5071 mortales,
2639 5023 2736 5076 pro
2783 5009 2979 5077 quibus
3027 5016 3254 5061 mortem
3299 5002 3624 5059 immortalis

2043 5103 2298 5172 gustavit.
2339 5101 2515 5155 Nolite
2547 5102 2597 5154 in
2632 5116 2854 5155 vacuum
2895 5102 3123 5170 gratiam
3156 5113 3378 5166 ponere,
3423 5114 3529 5151 non
3570 5097 3621 5149 in

2041 5207 2231 5248 somno
2256 5191 2604 5262 Evangelium
2637 5209 2652 5244 :
2687 5193 2781 5246 sed
2805 5191 3126 5261 evigilantes
3144 5197 3462 5258 computate
3493 5187 3617 5256 quid

2041 5281 2240 5336 factum
2275 5293 2377 5348 est,
2438 5284 2565 5352 quid
2603 5293 2788 5337 natum
2841 5292 2945 5346 est,
2982 5283 3112 5351 quid
3144 5281 3428 5334 donatum.
3484 5280 3618 5333 Deus

357 5368 484 5408 nam
523 5360 990 5442 constitutionem,
1034 5364 1183 5419 illum
1215 5367 1565 5435 tranquillum
1602 5373 1839 5439 oculum,
1872 5373 1934 5428 il-
2038 5373 2233 5428 Filium
2270 5389 2424 5430 suum
2458 5375 2604 5427 misit
2632 5390 2646 5426 :
2688 5374 2779 5442 qui
2829 5389 2935 5427 non
2964 5371 3145 5427 obedit
3178 5370 3249 5436 ei,
3282 5369 3451 5424 habet
3484 5369 3619 5437 imii-

355 5444 464 5500 lam
513 5449 796 5506 honestam
839 5455 1077 5520 linguam
1112 5468 1168 5514 et
1196 5464 1436 5518 motmn?
1464 5463 1641 5518 Unum
1679 5475 1762 5519 est
1790 5467 1932 5532 quod

356 5539 572 5596 confert
600 5543 715 5612 ejus
749 5548 1031 5616 adventus,
1083 5563 1142 5608 ut
1188 5555 1516 5624 suscipiatur
1549 5559 1670 5614 talis
1704 5560 1923 5614 habitus

431 5723 474 5752 "
507 5719 661 5778 Joan.
702 5743 818 5793 xm,
856 5731 941 5786 15.
1017 5734 1061 5765 ’³
1097 5733 1286 5792 Matth.
1327 5753 1515 5806 xxvttt,
1548 5739 1639 5795 20.

1731 5741 1776 5773 ’³
1803 5739 1994 5800 Matth.
2022 5758 2136 5811 vui,
2167 5742 2256 5799 ‘22.

2040 5465 2204 5521 cium.
2227 5465 2389 5529 Misit,
2421 5465 2660 5534 inquam,
2686 5464 2878 5518 Filium
2896 5480 3050 5519 suum
3077 5463 3235 5526 Deus,
3257 5463 3526 5532 justitiam
3556 5462 3616 5513 ad

2040 5559 2270 5628 iniquos,
2299 5574 2420 5614 eum
2461 5560 2549 5628 qui
2598 5560 2716 5613 sine
2763 5569 2982 5628 peccato
3010 5558 3076 5611 ad
3115 5563 3462 5624 peccatores,
3485 5555 3617 5610 obe-

2336 5744 2379 5777 "
2405 5741 2562 5800 Joan.
2596 5758 2670 5810 Vl,
2706 5743 2790 5798 μ.
