3822 6218
183 342 324 404 H73

1516 323 1582 380 IN
1623 320 1884 378 \lATTH.
1925 318 1992 384 Χ,
2033 318 2120 373 34.

3280 307 3419 366 1174

181 466 418 518 dientem
474 456 540 510 ad
599 461 975 515 contumaces,
1027 447 1324 522 gloriosum
1377 443 1444 499 ad
1476 441 1756 515 ignobiles,
1785 443 1833 499 Α
1859 438 2002 492 enim
2043 435 2327 504 imaginem
2359 435 2536 500 videt;
2580 449 2676 503 per
2706 431 3022 499 imaginem,
3071 428 3418 498 principalem

178 568 305 608 eum
335 549 424 620 qui
455 548 520 602 ad
549 547 830 602 dexteram
858 545 1035 600 Patris
1073 544 1138 598 ad
1164 557 1258 598 eos
1288 539 1377 608 qui
1409 539 1459 592 in
1488 547 1629 592 terra
1666 535 1752 605 ja-

177 646 400 706 cebant,
437 641 632 696 Filium
664 639 731 694 ad
786 635 1251 704 servos,judicem
1283 628 1748 686 condemnandum

181 751 280 804 pro
333 735 417 788 his
456 733 546 801 qui
590 739 746 786 erant
789 727 1153 784 condemnati.
1181 724 1312 791 Quis
1342 738 1447 777 non
1496 721 1750 776 accenda-

183 827 307 881 tur?
346 825 474 892 Quis
522 841 626 878 non
659 823 906 888 stupeat?
933 821 1062 888 Quis
1094 835 1199 872 non
1230 833 1260 872 e
1299 816 1511 871 flamma
1535 816 1632 868 ista
1668 815 1747 868 vi-

185 934 345 972 seera
371 904 645 972 accendat
676 915 809 969 sua?
839 913 898 969 Si
927 929 1030 968 non
1061 926 1248 966 sumus
1281 908 1494 979 lapidei.
1547 917 1604 960 et
1628 916 1750 958 ante

184 1023 467 1063 sermones
506 1023 611 1061 non
656 1015 898 1070 movent,
929 1003 1132 1058 deﬂere
1178 1017 1274 1056 nos
1298 999 1570 1062 convenit,
1621 997 1749 1066 quia

185 1108 436 1166 putantes
482 1113 581 1150 nos
620 1097 824 1160 vivere,
869 1095 1064 1149 mortui
1109 1108 1314 1147 sumus.
1354 1089 1555 1158 Quibus
1597 1087 1751 1143 Jesus

184 1204 292 1243 non
319 1189 490 1256 placet
521 1189 684 1251 Deus,
718 1188 812 1242 hos
848 1199 1004 1256 putas
1025 1188 1152 1257 quid
1207 1183 1528 1240 delectabit?
1564 1181 1618 1236 Si
1651 1197 1747 1235 au-

185 1291 294 1335 tem
326 1281 668 1349 pulchritudo
701 1282 754 1334 in
789 1294 953 1335 carne
986 1290 1250 1342 emortua,
1283 1287 1338 1333 et
1389 1279 1591 1347 lapides
1634 1290 1751 1343 pre-

185 1375 334 1437 tiosi,
363 1383 414 1426 et
461 1373 760 1444 margaritae
789 1372 1032 1436 claritas,
1064 1380 1242 1427 movet
1285 1369 1618 1424 alacritatem
1656 1369 1752 1422 bo-

184 1465 376 1529 minis;
406 1479 526 1518 cum
563 1467 698 1519 Deus
726 1465 896 1520 Filius
935 1465 1095 1519 fuerit
1127 1465 1299 1528 visus,
1331 1477 1359 1516 a
1388 1478 1495 1531 quo
1526 1471 1581 1515 et
1610 1462 1748 1515 bona

184 1558 285 1610 ista
319 1565 443 1609 sunt
467 1555 632 1618 facta,
669 1559 937 1624 quomodo
957 1572 1063 1612 non
1091 1570 1215 1610 vere
1253 1555 1432 1609 veniet
1464 1552 1748 1622 passioilla

187 1646 240 1708 in
292 1646 532 1709 homine,
563 1645 631 1700 de
665 1660 769 1714 qua
819 1647 1020 1701 dictum
1057 1655 1176 1700 est:
1225 1645 1424 1714 Diliges
1474 1644 1751 1696 Dominum

184 1735 354 1788 Deum
400 1745 545 1788 tuum
596 1752 660 1790 ea:
699 1737 840 1790 omni
869 1739 1045 1791 anima
1075 1747 1184 1804 tua,
1218 1748 1264 1792 et
1306 1753 1370 1790 ea:
1393 1738 1534 1790 omni
1565 1737 1750 1789 virtute

180 1838 296 1890 tua,
333 1837 382 1882 et
403 1845 467 1882 ea:
496 1830 634 1882 omni
657 1830 884 1897 potentia
909 1840 1022 1886 tua.
1043 1839 1088 1883 et
1121 1840 1287 1883 mente
1311 1839 1356 1884 et
1385 1845 1537 1882 sensu
1566 1827 1750 1882 tuo”?

181 1919 492 1986 Apparente
523 1918 664 1973 enim
719 1918 944 1972 Domino
995 1917 1144 1984 Jesu,
1201 1933 1308 1974 non
1360 1918 1748 1986 derclinquitur

182 2022 310 2076 pars
339 2007 518 2078 aliqua
544 2009 846 2063 dilectionis
871 2009 986 2073 ulli,
1027 2010 1151 2077 quia
1192 2025 1298 2063 non
1339 2009 1594 2064 dividitur
1619 2009 1748 2063 cha-

185 2097 318 2152 ritas
345 2099 412 2157 ad
443 2099 607 2152 Deum
637 2108 692 2152 et
725 2099 789 2152 ad
843 2099 1110 2162 homines,
1142 2108 1197 2153 et
1226 2101 1291 2154 ad
1323 2110 1567 2154 emortua
1631 2113 1749 2168 quae

181 2189 237 2243 in
270 2197 416 2243 terra
455 2200 581 2242 sunt
621 2207 633 2242 :
662 2189 754 2243 sed
785 2189 924 2243 sicut
955 2199 1240 2258 anlequam
1277 2199 1535 2260 appareat
1559 2191 1660 2255 sol,
1695 2201 1750 2246 et

183 2279 427 2334 lucernis
469 2279 720 2345 fruimur,
761 2290 814 2336 et
851 2282 1034 2336 stellas
1068 2283 1322 2351 patimur,
1354 2293 1406 2336 et
1444 2282 1566 2335 luna
1601 2282 1747 2338 dele-

179 2381 427 2438 ctamur;
459 2388 579 2428 cum
625 2384 805 2428 autem
843 2375 920 2428 sol
957 2374 1117 2428 fuerit
1157 2374 1327 2438 visus,
1361 2374 1604 2443 quaedam
1630 2375 1751 2444 qui-

183 2463 306 2516 dem
343 2478 445 2518 non
491 2473 700 2532 parent,
749 2465 993 2540 quzedatn
1036 2475 1214 2518 autem
1268 2473 1322 2518 et
1387 2464 1747 2532 occultantur,

178 2567 375 2607 omnes
402 2562 581 2606 autem
612 2564 935 2610 convertunt
966 2555 1132 2610 facies
1175 2571 1303 2610 suas
1332 2555 1399 2610 ad
1444 2556 1644 2624 solem;
1697 2566 1751 2611 et

181 2659 306 2699 cum
329 2645 495 2700 multa
514 2647 624 2701 sint
653 2647 813 2713 bona,
841 2647 1024 2704 omnia
1052 2649 1198 2703 enim
1237 2649 1377 2703 bona
1407 2649 1600 2704 valde:
1628 2665 1748 2703 cum

179 2747 364 2791 autem
395 2739 768 2807 apparueritis
795 2754 891 2809 per
908 2755 1067 2810 quem
1093 2741 1192 2794 ista
1223 2739 1388 2804 bona,
1416 2744 1588 2807 bona;
1618 2743 1750 2795 nihil

179 2843 372 2883 eorum
407 2831 548 2899 quod
597 2832 796 2886 bonum
846 2841 930 2887 est
968 2833 1080 2904 jam
1114 2833 1382 2887 videbitur
1420 2833 1640 2888 bonum.
1693 2834 1749 2890 Si

181 2920 308 2988 quis
337 2921 472 2975 vidit
506 2920 731 2994 efﬁgiem
778 2925 948 2989 audit,
984 2925 1028 2978 si
1071 2925 1191 2993 quis
1222 2941 1328 2980 non
1356 2925 1568 2980 videtur
1594 2934 1648 2981 et
1695 2935 1754 2980 ut

181 3012 386 3081 videat,
443 3026 497 3068 et
550 3015 852 3069 consentiat
889 3016 972 3071 his
1022 3031 1142 3086 quae
1194 3017 1486 3070 dicuntur:
1540 3030 1752 3072 amores

181 3102 328 3157 enim
364 3104 522 3158 clarae
538 3105 922 3173 pulchritudini
956 3107 1591 3176 contendunt;quantum
1610 3108 1750 3162 enim

185 3191 389 3248 bonum
413 3204 495 3250 est
524 3197 666 3264 quod
699 3181 961 3267 diligitur,
995 3207 1140 3251 tanta
1157 3207 1212 3252 et
1241 3212 1490 3252 mensura
1520 3207 1602 3252 est
1626 3199 1752 3252 cha-

185 3283 388 3340 ritatis.
441 3284 496 3338 Si
549 3287 692 3341 enim
725 3288 865 3343 oculi
907 3287 1107 3344 fuerint
1158 3296 1210 3342 in
1244 3289 1385 3343 facie
1433 3290 1578 3353 boni,
1607 3298 1755 3344 tanta

188 3377 358 3432 motio
382 3377 634 3446 efﬁcitur,
651 3389 907 3448 quantum
930 3389 983 3434 et
1002 3379 1142 3434 oculi
1168 3379 1366 3434 fuerint
1389 3380 1518 3434 moti
1540 3395 1552 3430 :
1574 3380 1620 3434 ei
1644 3378 1754 3450 (8'2)

188 3479 370 3524 autem
405 3472 548 3526 aliud
590 3473 792 3542 aliquid
824 3473 875 3526 in
920 3473 1114 3538 oculis,
1156 3473 1458 3541 duplicatur
1484 3487 1635 3528 amor
1666 3491 1680 3526 :
1709 3474 1752 3526 si

188 3572 300 3616 tota
327 3562 492 3617 facies
530 3562 692 3618 fuerit
714 3563 876 3628 bona,
903 3564 1065 3618 totius
1081 3563 1259 3618 vultus
1281 3562 1517 3617 charitas
1536 3579 1754 3618 mensu-

188 3663 340 3707 ratur
373 3673 386 3706 :
424 3654 466 3706 si
492 3663 670 3708 autem
696 3665 751 3708 et
773 3654 877 3708 alia
898 3654 1137 3708 membra
1175 3652 1377 3708 fuerint
1405 3655 1564 3714 bona,
1602 3654 1756 3708 addi-

191 3751 242 3793 ta
261 3741 679 3810 pulchritudine,
712 3743 910 3797 crescit
931 3752 984 3796 et
1014 3743 1358 3797 desiderium.
1383 3740 1541 3797 Jesus
1577 3753 1755 3798 autem

191 3843 338 3885 totus
388 3842 473 3886 est
499 3834 692 3896 bonus,
739 3842 792 3887 et
842 3849 969 3888 vere
999 3834 1191 3898 bonus,
1229 3833 1354 3886 boni
1394 3833 1536 3888 enim
1580 3831 1758 3886 Patris

189 3921 476 3988 progenies
505 3931 588 3974 est
623 3920 797 3986 bona;
855 3921 1008 3988 cujus
1052 3921 1508 3990 pulchritudinem
1558 3921 1757 3976 clamat

189 4010 389 4064 caelum
427 4025 523 4079 per
546 4025 697 4064 suam
720 4011 1139 4080 speciositatem.
1187 4008 1352 4066 Istum
1393 4012 1662 4066 collaudat
1707 4025 1759 4067 et

190 4098 323 4152 solis
347 4100 617 4167 splendor,
645 4099 805 4152 istum
859 4099 1114 4168 praedicat
1157 4099 1283 4154 luna
1313 4110 1368 4154 et
1393 4102 1677 4169 incipiens,
1705 4113 1759 4156 et

187 4194 369 4263 plena,
400 4202 454 4248 et
475 4193 749 4246 deficiens.
772 4192 1058 4247 Stellarum
1089 4202 1266 4247 autem
1293 4194 1443 4256 chori
1472 4196 1631 4250 istum
1663 4211 1754 4249 co-

189 4293 409 4350 ronant,
466 4284 558 4339 sed
595 4300 699 4338 non
742 4299 907 4352 opera
962 4286 1014 4336 in
1045 4283 1226 4347 istum,
1264 4292 1357 4337 aut
1386 4286 1454 4338 ab
1501 4285 1757 4354 operibus

187 4376 357 4446 gloria
379 4376 514 4446 ejus,
543 4375 636 4429 sed
673 4389 737 4429 ex
782 4375 865 4428 sui
907 4383 1116 4430 natura.
1148 4374 1297 4429 Mare
1320 4376 1480 4430 istum
1508 4375 1757 4432 fluctibus

186 4468 428 4538 praefert,
456 4477 596 4522 terra
615 4482 736 4522 eum
761 4466 1024 4522 fructibus
1040 4477 1265 4523 coronat
1297 4476 1350 4522 et
1373 4467 1614 4532 ﬂoribus,
1637 4471 1760 4523 cbo-
1791 4489 1834 4544 ι)
1863 4463 1984 4516 dam
2031 4463 2473 4516 constitutionem
2517 4463 2596 4516 sui
2632 4463 2956 4518 invisibilem
2993 4463 3108 4517 fieri
3147 4480 3162 4516 :

188 4577 280 4617 ros
303 4571 480 4615 autem
499 4563 546 4616 ei
573 4569 627 4615 et
644 4561 895 4614 animalia
914 4561 1037 4614 dum
1062 4561 1350 4626 exsultant,
1381 4560 1605 4616 faciunt.
1625 4561 1757 4616 Cum

188 4662 370 4708 autem
422 4655 576 4709 audis
624 4656 748 4724 quia
783 4654 1116 4723 glorificatur
1153 4653 1325 4708 Filius
1379 4655 1446 4707 ab
1487 4654 1758 4718 omnibus,

187 4747 297 4801 noli
323 4747 563 4801 oblivisci
583 4745 758 4806 Patris
773 4761 930 4814 quem
957 4746 1223 4814 glorificat
1249 4745 1441 4799 Filius.
1463 4744 1568 4799 Sed
1594 4747 1658 4799 de
1678 4747 1758 4798 in-

185 4838 479 4894 enarrabili
505 4848 560 4892 et
582 4854 686 4893 non
720 4849 844 4892 nata
876 4847 1066 4892 natura
1088 4838 1267 4892 Patris
1303 4839 1354 4890 in
1384 4840 1642 4892 memoria
1671 4854 1762 4892 ve-

185 4933 308 4984 nire
327 4931 486 4984 timor
517 4939 621 4984 est.
653 4929 787 4995 Quia
810 4944 940 4999 ergo
968 4929 1054 4982 ille
1088 4927 1408 4982 timorabilis
1432 4937 1513 4982 est
1545 4939 1762 4998 propter

187 5023 487 5078 bonitatem
507 5031 561 5074 et
585 5021 1081 5089 supereminentem
1117 5020 1524 5088 benignitatem.
1555 5031 1608 5073 et
1636 5021 1760 5089 quia

188 5129 292 5170 nos
312 5130 416 5168 non
442 5128 728 5183 possumus
743 5115 808 5168 ad
824 5114 970 5168 illum
997 5127 1093 5167 nec
1108 5121 1286 5166 mente
1311 5113 1610 5180 respicere;
1630 5112 1765 5164 ima-

187 5207 366 5278 ginem
395 5203 512 5274 ejus
533 5204 938 5259 considerantes
973 5204 1234 5257 miramur
1271 5203 1594 5258 indicibilem
1615 5202 1760 5256 illam

188 5301 442 5353 virtutem
475 5296 897 5351 Patriszetideo
938 5311 1058 5349 eum
1083 5297 1172 5365 qui
1212 5297 1276 5348 ad
1318 5310 1415 5348 nos
1447 5294 1590 5348 venit
1634 5308 1764 5348 con-

188 5391 527 5454 sideremus,
569 5400 624 5444 et
669 5389 985 5445 habebimus
1034 5390 1286 5442 fructum.
1336 5386 1476 5442 Dicit
1524 5387 1668 5440 enim
1708 5394 1764 5440 et

190 5487 305 5552 ipse
348 5481 450 5536 :Si
488 5483 605 5548 quis
659 5498 736 5535 me
789 5483 952 5546 videt,
1001 5481 1135 5535 videt
1178 5492 1224 5534 et
1273 5479 1483 5534 Patrem
1521 5479 1565 5511 ³⁷
1603 5497 1618 5535 :
1667 5477 1760 5547 qui

262 5594 308 5625 ⁸⁵
336 5594 490 5647 Deut.
512 5610 586 5658 v1,
618 5593 671 5647 5.
747 5595 790 5626 ’7
830 5593 984 5649 Joan.
1017 5610 1122 5660 xw,
1149 5595 1202 5648 9.

267 5754 381 5821 (8‘2)
413 5753 499 5812 Ei.
529 5756 711 5821 Forte,
747 5761 812 5812 si.

1857 527 2118 597 agnoscit.
2146 523 2319 580 Filius
2355 524 2517 594 igitur
2551 525 2613 576 ad
2649 538 2747 577 nos
2779 521 2942 585 venit,
2973 535 3077 573 non
3112 529 3289 573 tamen
3322 532 3422 572 nos

1858 619 1924 673 ad
1970 619 2180 687 ipsum;
2223 617 2302 670 vel
2339 631 2478 670 nunc
2521 625 2699 668 autem
2742 629 2839 667 nos
2871 612 2946 667 ad;
2985 612 3157 682 ipsum
3198 610 3368 666 simus
3401 624 3421 663 :

1861 710 1999 763 Deus
2027 718 2213 772 vocat;
2242 717 2293 762 et
2325 707 2409 761 his
2437 707 2527 775 qui
2559 722 2664 759 non
2699 705 3009 767 adveniunt,
3039 701 3232 757 sulIicit
3261 715 3422 770 pmna

1857 801 1978 869 quia
2013 815 2117 853 non
2140 799 2412 853 obediunt.
2441 799 2608 852 Vocat
2635 797 2798 851 Deus.
2822 795 2900 849 Ad
2929 795 3080 863 qum?
3107 795 3186 846 Ad
3215 808 3276 846 ea
3301 806 3422 860 quae

1858 893 2046 945 decent
2082 889 2266 944 Deum.
2315 889 2380 943 Et
2416 901 2561 943 certe
2607 888 2878 942 Abraham
2909 886 3123 939 vocavit
3163 883 3320 947 Deus,
3367 893 3422 936 et

1859 981 2113 1051 prtecepit
2146 981 2475 1050 unigenitum
2525 979 2714 1033 Filium
2761 994 2914 1032 suum
2954 975 3152 1032 offerre
3191 976 3314 1030 sibi.
3356 973 3422 1026 Et

1858 1076 2069 1129 videtur
2101 1073 2463 1143 perniciosum
2518 1073 2619 1126 hoc
2656 1087 2800 1136 esse,
2851 1071 2987 1124 forte
3019 1069 3114 1125 tibi
3138 1110 3153 1133 ,
3201 1085 3304 1122 non
3341 1077 3421 1122 ta-

1858 1179 1978 1217 men
2018 1162 2279 1227 Abrabae;
2316 1160 2582 1214 Abraham
2615 1160 2755 1212 enim
2807 1159 3013 1214 lucrum
3047 1158 3199 1212 duxit
3227 1180 3239 1213 :
3271 1157 3423 1211 vide—

1858 1257 2053 1309 bantur
2114 1253 2257 1308 enim
2304 1251 2508 1321 iurgari
2561 1252 2766 1304 viscera
2813 1259 2869 1304 et
2920 1249 3267 1316 religiositas.
3311 1245 3418 1300 Sed

1856 1347 2032 1397 adhuc
2079 1343 2216 1411 apud
2250 1357 2346 1396 nos
2374 1341 2578 1410 jurgari
2617 1348 2873 1408 possunt;
2924 1339 3194 1392 Abraham
3240 1345 3417 1391 autem

1857 1450 1924 1488 ne
1954 1433 2170 1502 quidem
2206 1430 2469 1485 dubitatio
2519 1429 2647 1491 fuit,
2695 1443 2794 1482 nec
2839 1429 3124 1494 cogitatus,
3159 1441 3258 1482 nec
3290 1426 3421 1482 dila-

1860 1526 1932 1579 tio
1962 1544 1975 1579 :
2010 1524 2104 1578 sed
2158 1523 2440 1577 laetabatur
2486 1519 2800 1582 Abraham,
2846 1519 2970 1586 quia
3016 1519 3259 1572 victurus
3305 1526 3424 1570 erat

1859 1616 2000 1670 ﬁlius
2025 1615 2141 1683 ejus
2177 1613 2389 1669 oblatus
2420 1631 2432 1665 :
2465 1626 2617 1664 amor
2654 1621 2736 1665 est
2778 1611 2920 1664 enim
2973 1609 3322 1678 religiositas,
3367 1608 3420 1661 in

1857 1723 1962 1779 qua
2007 1718 2062 1763 et
2094 1707 2333 1762 charitas
2365 1712 2734 1767 mensuratur,
2762 1711 2819 1756 et
2858 1700 3084 1755 affectus
3130 1701 3381 1770 impletur
3409 1720 3421 1754 :

1783 1793 1825 1852 Β
1853 1802 1896 1856 si
1946 1801 2089 1855 enim
2143 1797 2384 1852 charitas
2435 1811 2540 1850 non
2579 1795 2743 1848 fuerit
2795 1794 3002 1858 otiosa,
3047 1792 3228 1846 omnia
3267 1799 3427 1844 erunt

1853 1894 2066 1948 etiamsi
2102 1891 2448 1947 coaﬂectatus
2481 1887 2679 1954 fueris;
2732 1896 2952 1955 propter
3000 1885 3246 1940 timorem
3279 1885 3423 1938 enim

1854 1986 1898 2041 si
1945 1985 2237 2048 obedieris,
2271 1983 2546 2054 perfectus
2590 1996 2694 2036 non
2741 1979 2883 2041 eris;
2933 1987 3152 2046 propter
3199 1978 3426 2031 commi-

1855 2077 2128 2131 nationem
2180 2087 2360 2130 autem
2407 2075 2691 2145 gehennae,
2722 2072 2846 2126 mali
2880 2073 3020 2126 senvi
3069 2070 3264 2122 malum
3296 2083 3424 2136 pro-

1855 2169 2087 2238 positum
2139 2167 2363 2222 habebis
2406 2185 2420 2220 :
2473 2175 2692 2236 propter
2735 2173 2912 2218 autem
2957 2177 3117 2233 regna
3163 2161 3426 2220 ctelorum

1855 2265 2105 2321 voluntas
2152 2273 2238 2320 est
2289 2265 2630 2320 mercenarii.
2686 2264 2818 2330 Quae
2868 2273 3049 2316 autem
3093 2262 3289 2316 decora
3343 2269 3428 2314 est

1854 2357 1982 2412 via?
2017 2367 2233 2426 stupere
2287 2358 2524 2421 bonum,
2575 2356 2763 2409 mirari
2825 2354 3182 2420 immensum,
3241 2367 3428 2408 amare

1860 2452 2046 2507 Deum.
2081 2450 2136 2505 Si
2178 2451 2320 2504 enim
2366 2451 2494 2513 scis,
2523 2465 2627 2504 non
2662 2461 2814 2519 petes
2849 2465 2953 2503 non
2982 2448 3234 2516 diligere;
3267 2447 3312 2500 si
3343 2447 3428 2500 vi-

1857 2545 2018 2609 disti,
2062 2559 2166 2596 non
2217 2553 2369 2610 potes
2414 2558 2518 2595 non
2579 2541 2911 2597 coafl‘ectari.
2975 2541 3121 2594 Nihil
3168 2539 3313 2594 enim
3358 2553 3428 2592 ex

1855 2637 2106 2690 omnibus
2148 2650 2266 2703 qua:
2311 2643 2467 2698 sunt,
2526 2649 2701 2700 neque
2750 2634 2930 2688 omnia
2980 2631 3170 2698 simul,
3216 2640 3426 2685 tantum

1859 2727 2109 2788 illiciunt,
2140 2735 2402 2795 quantum
2435 2724 2666 2780 delectat
2698 2741 2837 2780 unus
2870 2725 3111 2780 omnium
3144 2723 3426 2778 Dominus.

1857 2820 1934 2873 lta
1972 2819 2127 2873 illicit
2166 2827 2221 2872 et
2267 2817 2424 2872 Pater
2462 2818 2504 2871 si
2545 2815 2710 2871 fuerit
2738 2817 2924 2871 visus:
2960 2825 3166 2870 tantum
3201 2816 3344 2870 enim
3379 2816 3428 2870 si

1859 2909 2202 2980 apparuerit,
2255 2909 2389 2962 nihil
2437 2907 2548 2976 jam
2600 2910 2722 2979 quis
2791 2907 3098 2964 sustinebit.
3151 2907 3429 2961 Videbitur

1861 3011 2039 3056 autem
2069 3001 2134 3054 ab
2163 3001 2245 3054 his
2276 2999 2366 3070 qui
2406 3001 2603 3055 mundo
2639 3010 2762 3054 sunt
2790 3000 2982 3062 corde;
3018 2999 3064 3055 si
3093 2999 3238 3054 enim
3267 3014 3426 3051 mun-

1859 3089 1986 3144 dum
2031 3089 2195 3142 fuerit
2234 3103 2349 3155 cor,
2389 3087 2606 3160 effulget
2639 3090 2761 3144 inde
2811 3090 3029 3154 lumen,
3073 3098 3126 3143 et
3160 3088 3430 3143 videbitur

1858 3181 1998 3249 quod
2029 3179 2268 3250 effulget,
2295 3191 2350 3235 et
2381 3180 2566 3235 statim
2599 3192 2890 3251 martyres,
2921 3179 3281 3246 confessores,
3311 3195 3430 3234 san-

1858 3272 2211 3338 ctimonium,
2261 3271 2578 3340 virginitas,
2633 3281 2826 3325 natura
2879 3281 3131 3334 mortua,
3179 3272 3421 3326 membra

1857 3361 2115 3416 cruciﬁxa
2159 3379 2174 3416 :
2209 3363 2532 3417 desiderium
2597 3363 2739 3417 enim
2781 3361 2951 3416 fervet
3011 3362 3063 3416 in
3113 3362 3336 3428 animis,
3376 3371 3434 3416 et

1858 3455 2203 3525 conjungitur
2254 3454 2320 3507 ad
2369 3454 2733 3509 desideratum
2784 3473 2799 3509 :
2842 3470 2964 3509 cum
3021 3456 3165 3508 enim
3223 3455 3432 3510 adunav

1860 3548 1998 3603 verit
2051 3548 2177 3617 quis
2227 3547 2491 3601 bonorum
2543 3555 2873 3613 conventus,
2921 3547 3042 3601 θεεΙί
3097 3547 3425 3614 magnitudi-

1860 3655 2006 3703 nem,
2049 3651 2101 3692 et
2129 3654 2190 3694 ea
2223 3655 2342 3708 qua:
2374 3638 2424 3692 in
2460 3639 2580 3708 ipso
2618 3647 2744 3692 sunt
2777 3647 2856 3693 est
2898 3638 3260 3708 pulchritudo,
3302 3638 3432 3692 solis

1860 3732 2166 3800 praedictam
2200 3731 2524 3794 claritatem,
2550 3738 2604 3784 et
2635 3729 2860 3783 aliorum
2891 3730 3131 3783 omnium
3165 3744 3286 3797 qua:
3319 3730 3429 3784 illic

1859 3834 1985 3876 sunt
2018 3823 2192 3887 bona;
2228 3837 2326 3876 nec
2366 3839 2470 3874 non
2499 3832 2553 3876 et
2586 3836 2648 3873 ea
2679 3836 2801 3890 quae
2831 3821 2883 3875 in
2921 3830 3064 3875 terra
3100 3823 3427 3892 germinant,

1860 3914 2072 3979 ﬂorent,
2114 3915 2509 3983 expanduntur,
2545 3915 2861 3982 procedunt,
2907 3925 3242 3981 nascuntur;
3286 3926 3339 3969 et
3365 3931 3429 3970 ea

1860 4023 1978 4076 quae
2017 4010 2069 4060 in
2112 4021 2235 4060 aere
2271 4006 2471 4068 volant,
2514 4018 2569 4060 et
2604 4006 2654 4059 in
2689 4007 2844 4076 aquis
2887 4015 3112 4062 natant:
3144 4023 3266 4062 cum
3315 4009 3430 4063 haec

1860 4100 2036 4152 omnia
2069 4097 2384 4150 adunaverit
2412 4107 2469 4150 ut
2511 4113 2842 4164 componens
2881 4099 2934 4151 in
2972 4115 3168 4162 unum,
3214 4116 3279 4154 ne
3312 4103 3432 4170 qui-

1861 4190 1982 4244 dem
2030 4200 2178 4258 gutta
2232 4197 2291 4242 ut
2342 4189 2409 4242 ad
2450 4187 2591 4241 illam
2641 4189 3093 4257 pulchritudinem
3139 4201 3329 4258 erunt,
3374 4203 3434 4246 ut

1823 4335 1838 4347 _
1861 4281 2182 4335 desiderium
2213 4290 2433 4350 stupore
2466 4281 2636 4349 magis
2666 4281 2755 4347 sit,
2796 4292 2850 4335 et
2882 4283 3143 4349 charitas,
3174 4283 3432 4338 et.admi-

1860 4373 2020 4437 ratio,
2066 4382 2124 4426 ut
2175 4373 2294 4425 talis
2334 4371 2446 4441 jam
2496 4371 2656 4427 homo
2702 4374 2974 4428 desideret
3006 4389 3201 4428 novam
3241 4390 3433 4443 quam-

3206 4463 3430 4519 affectus

1864 4552 2007 4605 enim
2048 4553 2115 4604 ad
2170 4552 2495 4606 invisibilem
2533 4551 2822 4606 invisibilis
2860 4553 3110 4619 habetur,
3151 4563 3206 4607 et
3239 4554 3433 4609 solitu-

1866 4645 2042 4699 dinem
2088 4646 2299 4712 quaerit.
2339 4645 2439 4711 Qui
2483 4653 2660 4698 autem
2691 4645 2759 4699 ad
2792 4646 2950 4700 istam
2994 4647 3431 4702 constitutionem

1865 4736 2184 4800 occurrerit,
2216 4738 2387 4791 nescit
2417 4737 2540 4806 quia
2583 4746 2638 4790 et
2675 4737 2871 4792 coelum
2896 4746 2948 4792 et
2986 4747 3179 4792 terratr.
3206 4753 3311 4793 non
3355 4739 3435 4793 vi-

1868 4829 1986 4891 det,
2027 4844 2129 4882 ncc
2164 4830 2313 4883 novit
2351 4829 2402 4883 in
2433 4831 2615 4897 quoin
2661 4839 2804 4884 terra
2833 4842 2912 4885 est
2954 4834 3110 4886 loco:
3146 4835 3309 4888 maris
3339 4848 3434 4887 au-

1870 4931 1976 4975 tem
2021 4936 2088 4975 ne
2127 4922 2338 4989 quidem
2383 4937 2589 4976 memor
2637 4934 2756 4988 est,
2803 4933 2857 4977 et
2893 4924 3112 4998 ﬂumina
3158 4927 3432 4995 despicit:

1871 5015 2035 5069 solem
2070 5029 2173 5067 non
2209 5014 2387 5081 videt,
2430 5014 2610 5068 lunam
2647 5031 2750 5070 non
2784 5019 3109 5078 considerat,
3155 5019 3432 5073 stellarum

1869 5121 2076 5160 memor
2113 5121 2217 5160 non
2245 5115 2373 5173 "est;
2409 5108 2633 5177 despicit
2667 5120 2846 5163 autem
2873 5121 2929 5164 et
2962 5111 3273 5178 angelorum
3305 5112 3432 5166 cho-

1866 5214 1994 5253 ros:
2031 5215 2167 5254 unus
2207 5199 2349 5252 enim
2387 5200 2474 5254 ille
2519 5216 2624 5254 non
2674 5202 2934 5268 permittit
2967 5203 3132 5257 dividi
3174 5204 3434 5258 visionem

1865 5294 1930 5346 ad
1965 5292 2151 5347 multa.
2191 5291 2291 5358 Qui
2338 5291 2480 5345 enim
2515 5293 2568 5345 in
2619 5293 2710 5346 tali
2759 5295 3144 5348 constitutione
3182 5295 3432 5356 habetur,

1863 5381 2036 5437 nescit
2063 5382 2186 5452 quia
2209 5392 2264 5438 et
2284 5397 2501 5438 carnem
2534 5383 2714 5451 habet,
2741 5395 2796 5439 et
2826 5387 2967 5454 quod
3003 5397 3086 5441 est
3118 5389 3432 5448 maximum,

1864 5490 1961 5531 nec
1995 5476 2185 5530 animae
2213 5491 2323 5532 suae
2363 5490 2568 5532 memor
2601 5487 2683 5532 est
2726 5496 2740 5530 :
2776 5486 2921 5533 totus
2963 5477 3106 5532 enim
3143 5487 3434 5536 evacuatus
