3822 6218
450 346 583 405 “75

1117 338 1385 397 EUSEBll
1424 331 1907 393 CESARIENSIS
1947 330 2097 388 OPP.
2140 329 2319 385 PARS
2357 326 2448 385 IV.
2486 357 2555 368 —
2594 324 3014 384 DOGMATICA.

3549 321 3687 373 “7G

439 472 494 525 in
534 469 680 523 illum
732 474 817 522 est
862 478 1021 534 quem
1058 462 1359 525 desiderat,
1402 468 1455 515 et
1489 458 1741 514 universa
1785 457 1833 512 ei
1875 463 2001 509 sunt
2031 458 2078 515 Α
2106 460 2210 506 tur.
2243 452 2382 507 Vere
2417 452 2575 505 beata
2611 458 2665 501 et
2701 447 2881 508 Petra,
2914 445 2967 498 in
3003 458 3109 513 qua
3152 456 3345 496 sumus
3383 450 3440 494 et
3481 440 3681 507 positi:

437 570 710 624 emortua,
739 567 793 613 et
830 558 907 612 illi
937 556 1068 610 vivit
1101 553 1220 608 soli.
1255 551 1322 607 Et
1352 549 1455 606 hoc
1483 560 1569 605 est
1616 548 1745 603 illud
1793 548 2005 617 insigne

434 652 578 724 quod
611 652 686 707 ait
731 649 1017 722 Apostolus
1055 666 1069 703 :
1126 645 1248 699 Viro
1290 660 1421 715 ego,
1461 643 1580 714 jam
1624 658 1728 696 non
1774 657 1887 710 ego,
1916 641 2005 693 sed

434 746 556 800 vivit
595 745 651 798 in
686 760 767 797 me
814 740 1053 797 Christus
1075 740 1139 792 ".
1173 736 1455 793 Desiderio
1483 734 1627 788 enim
1670 742 1812 788 totus
1842 733 1999 786 devo-

434 847 585 893 ratus
626 845 682 891 et
723 851 753 889 a
786 834 1075 902 semetipso
1108 830 1423 893 discedens,
1469 827 1612 883 illius
1646 834 1825 881 autem
1874 824 2007 880 atre-

435 938 582 994 ctus;
626 928 764 983 bona
796 925 1011 995 quidem
1052 932 1229 977 morte
1264 930 1349 976 est
1384 928 1648 984 mortuus,
1679 918 1876 973 bonam
1908 932 2008 972 au-

434 1030 544 1074 tem
571 1023 735 1073 vitam
768 1016 1118 1072 commutavit
1146 1023 1204 1067 ut
1227 1015 1372 1069 dicat
1404 1030 1417 1067 :
1459 1008 1583 1067 Vivo
1608 1012 1722 1082 jam
1756 1026 1862 1065 non
1887 1027 2001 1082 ego.

434 1110 492 1167 Si
518 1112 639 1181 quis
666 1109 935 1165 unanimis
962 1119 1010 1162 et
1047 1108 1215 1172 ipsius
1251 1106 1445 1175 linguae
1473 1118 1555 1160 est
1593 1104 1784 1168 Paulo,
1825 1106 2006 1161 audiet

430 1196 655 1252 Paulum
689 1198 957 1251 dicentem
987 1213 1000 1249 :
1042 1192 1189 1257 Vivo,
1210 1193 1325 1264 jam
1353 1211 1456 1247 non
1484 1210 1595 1264 ego.
1618 1192 1725 1249 Sed
1754 1210 1874 1264 qua:
1911 1204 2002 1248 tua

430 1303 515 1348 est
547 1292 675 1355 vita,
704 1306 735 1344 ο
764 1289 969 1344 Paulo?
1002 1287 1106 1343 Sed
1141 1288 1280 1351 vivit,
1316 1286 1507 1355 inquit,
1542 1287 1597 1341 in
1626 1303 1705 1341 me
1737 1286 1998 1341 Christus.

432 1383 487 1438 lu
513 1400 618 1455 quo
644 1384 776 1438 vivit
804 1380 1077 1445 Christus,
1106 1380 1380 1435 Christum
1418 1380 1637 1435 indutus
1665 1388 1747 1435 est
1772 1397 1785 1433 :
1816 1379 2001 1434 istius-

430 1475 572 1530 modi
618 1475 780 1529 homo
807 1475 896 1544 qui
930 1474 1149 1528 Christo
1184 1472 1407 1526 indutus
1438 1481 1542 1537 est,
1586 1487 1689 1526 non
1729 1472 1997 1536 tunicam,

427 1568 522 1621 sed
565 1566 703 1621 sicut
735 1566 936 1619 ferrum
966 1565 1089 1633 igne
1132 1576 1274 1620 totus
1322 1581 1418 1635 per
1462 1574 1632 1618 totum
1681 1564 1998 1629 incanduit,

432 1665 573 1711 totus
612 1670 708 1725 per
744 1666 912 1710 totum
956 1654 1293 1709 illuminatus
1326 1664 1429 1720 est,
1462 1654 1638 1709 nullus
1680 1654 1727 1709 ei
1764 1652 1877 1721 jam
1911 1670 1997 1709 re-

429 1748 586 1803 lictus
625 1759 709 1801 est
760 1763 865 1801 non
906 1759 1117 1811 motus,
1167 1763 1272 1801 non
1322 1745 1555 1801 aifectio.
1605 1745 1710 1800 Sed
1761 1760 1857 1799 nos
1906 1745 1994 1813 qui

2109 544 2253 599 beati
2289 552 2344 597 et
2376 542 2542 597 maris
2579 540 2772 594 ﬂuctus
2808 538 2899 606 qui
2934 536 3160 605 vestigia
3190 535 3404 588 Domini
3443 531 3675 586 osculati

2104 645 2264 695 sunt:
2308 644 2361 691 et
2400 635 2576 705 pisces
2617 632 2708 702 qui
2763 640 3036 699 praecepto
3079 628 3256 681 educti
3295 635 3445 681 sunt.
3478 624 3678 678 Beatus

2107 738 2162 783 et
2199 727 2287 783 ille
2325 727 2490 797 piscis
2514 725 2604 795 qui
2643 724 2788 779 dedit
2821 737 2919 790 pro
2958 720 3185 775 Domino
3230 733 3476 772 censum.
3524 717 3684 770 Beata

2107 830 2164 874 et
2204 828 2347 874 terra
2398 827 2453 871 et
2502 831 2652 872 mare
2696 834 2710 870 :
2755 824 2985 884 utraque
3034 812 3178 866 enim
3229 825 3420 880 passus
3470 808 3684 863 Domini

2106 920 2478 979 susceperunt.
2521 909 2717 964 Beatus
2759 917 2815 961 et
2858 905 3152 960 Zaechazus
3188 903 3280 974 qui
3320 902 3565 957 cucurrit
3618 903 3684 954 ad

2106 1004 2291 1069 ﬁcum,
2317 1011 2373 1059 et
2408 1011 2634 1057 vocatus
2660 1002 2725 1055 ad
2754 1001 2975 1054 domum
3014 1006 3121 1053 est.
3153 996 3222 1051 Et
3263 992 3542 1065 peccatrix
3593 992 3684 1047 illa

2107 1096 2323 1161 mulier,
2366 1110 2485 1164 quae
2528 1094 2667 1149 bona
2713 1090 3120 1161 importunitate
3164 1088 3404 1158 ingressa
3457 1096 3535 1142 est
3593 1100 3682 1140 ro-

2103 1188 2517 1243 cumbentibus:
2556 1185 2924 1241 contaminata
2958 1182 3101 1237 enim
3134 1180 3399 1244 introivit,
3434 1188 3492 1235 et
3527 1194 3685 1232 mun-

2102 1282 2226 1337 data
2266 1280 2450 1337 exivit.
2483 1278 2624 1348 Ergo
2651 1292 2839 1333 omnes
2880 1274 3019 1329 beati
3062 1288 3130 1327 ex
3171 1274 3405 1328 adventu
3449 1271 3684 1335 Christi,

2101 1385 2158 1429 et
2202 1374 2398 1429 mortui
2445 1372 2537 1441 qui
2575 1372 2684 1440 jam
2730 1385 2838 1424 non
2877 1367 3107 1430 mortui,
3146 1375 3199 1421 et
3240 1364 3371 1420 caeci
3408 1364 3522 1434 jam
3574 1377 3683 1415 non

2101 1468 2249 1531 caici,
2280 1477 2335 1520 et
2370 1464 2542 1519 claudi
2592 1464 2872 1523 salientes,
2899 1470 2954 1514 et
2984 1459 3115 1513 muti
3154 1458 3460 1521 laudantes,
3500 1464 3557 1509 et
3595 1454 3685 1507 ille

2100 1561 2190 1631 qui
2219 1558 2436 1614 sedebat
2476 1558 2541 1611 ad
2575 1558 2761 1627 pedes,
2802 1554 2893 1623 qui
2924 1563 3052 1605 ante
3091 1566 3121 1604 a
3166 1548 3376 1619 legione
3414 1545 3687 1614 impulsus

2100 1652 2373 1706 currebat.
2421 1648 2569 1704 Beati
2609 1648 2700 1718 qui
2746 1646 2797 1700 in
2836 1643 3041 1711 nuptiis
3082 1642 3333 1696 biberunt
3379 1640 3566 1693 viuum
3614 1652 3683 1691 ex

2101 1752 2388 1815 praecepto.
2419 1740 2557 1808 Quid
2589 1742 2734 1810 {ergo
2773 1751 2961 1793 omnes
3002 1735 3145 1789 beati
3169 1773 3184 1796 ,
3229 1742 3321 1787 aut
3361 1730 3588 1800 quidam
3630 1738 3686 1781 e‘.

426 1840 623 1895 Christi
662 1854 878 1896 sensum
931 1839 1215 1903 habemus,
1264 1853 1367 1892 nou
1401 1836 1605 1907 pigebit
1650 1851 1748 1891 nos
1792 1835 1993 1898 dicere,
2029 1816 2069 1874 Β
2099 1836 2470 1893 miserabiles?
2513 1833 2681 1891 ludas
2731 1831 2872 1885 enim
2930 1828 3022 1898 qui
3076 1827 3281 1879 utinam
3339 1831 3504 1877 natus
3569 1834 3681 1871 non

427 1934 551 2001 quia
582 1931 704 1986 talis
734 1932 893 1985 homo
924 1930 1173 1985 Christus
1202 1938 1284 1983 est
1316 1930 1508 1983 factus.
1535 1927 1993 1995 Quemadmodum

426 2036 626 2087 autem,
656 2022 797 2076 sicut
826 2021 1028 2075 dictum
1068 2031 1170 2086 est,
1206 2020 1467 2074 miscetur
1510 2017 1733 2072 allectus
1779 2017 1995 2071 deside-

426 2116 596 2180 ranti,
642 2124 694 2169 et
744 2113 932 2169 oculus
982 2112 1165 2167 lumen
1217 2111 1520 2178 suscipiens
1563 2109 1791 2164 edicitur
1836 2109 1994 2161 Iunii-

425 2223 592 2264 nosus
623 2230 632 2262 :
665 2216 720 2261 et
753 2205 986 2265 ferrum;
1034 2204 1233 2273 saepius
1280 2204 1425 2257 enim
1462 2211 1780 2271 repetuntur
1821 2204 1991 2266 bona;

423 2308 548 2353 ante
597 2299 774 2367 ignem
824 2297 1041 2365 quidem
1087 2294 1287 2349 ferrum
1336 2304 1484 2359 erat,
1530 2295 1583 2347 in
1640 2295 1761 2363 igne
1815 2304 1991 2347 autem

423 2391 561 2456 ignis
592 2390 763 2459 magis
790 2404 949 2457 quam
982 2388 1183 2440 ferrum
1215 2396 1297 2439 cst
1329 2384 1525 2438 factus.
1549 2385 1745 2438 Audite
1785 2385 1993 2438 deside-

422 2484 657 2537 rantium
693 2480 853 2535 verba
888 2494 952 2533 ne
985 2478 1125 2531 forte
1163 2488 1216 2532 et
1248 2493 1340 2531 vos
1377 2477 1699 2529 moveamini
1740 2478 1805 2529 ad
1847 2475 1991 2529 desi-

421 2576 655 2630 derium.
688 2572 826 2627 Dicit
857 2573 959 2625 iste
1005 2572 1189 2625 ebrius
1236 2584 1339 2623 non
1380 2570 1525 2633 vino,
1554 2568 1647 2621 sed
1684 2583 1843 2637 quem
1879 2567 1994 2620 ine-

424 2666 621 2719 hriavit
661 2664 907 2719 Christus
947 2662 1255 2717 desiderio:
1289 2658 1423 2715 Mihi
1468 2673 1643 2714 autem
1695 2660 1831 2713 absit
1876 2658 1991 2729 glo-

419 2759 548 2813 riari
579 2758 680 2811 nisi
712 2756 767 2809 in
808 2772 959 2809 cruce
997 2754 1192 2808 Christi
1214 2754 1258 2785 ”
1288 2773 1301 2807 :
1339 2755 1391 2807 in
1427 2753 1620 2823 quibus
1655 2752 1728 2805 illi
1761 2752 1991 2806 coniun-

418 2850 637 2913 duutur,
679 2849 769 2902 alii
803 2848 1143 2917 gloriantur:
1179 2848 1268 2915 qui
1304 2846 1448 2900 enim
1486 2846 1670 2900 ebrius
1697 2854 1777 2899 est
1820 2845 1993 2899 nescit

418 2936 661 3001 irrideri,
697 2940 789 2993 scd
838 2938 1028 2995 irnidet
1064 2938 1383 3005 irridentes,
1430 2948 1518 2992 est
1558 2939 1701 2992 enim
1758 2947 1900 2993 totus
1937 2936 1988 2991 in

416 3033 562 3088 vino.
606 3037 664 3088 Si
696 3049 825 3103 ergo
872 3032 962 3102 qui
1006 3032 1059 3085 in
1091 3033 1218 3085 vino
1248 3042 1331 3086 est
1365 3046 1470 3085 non
1508 3030 1798 3095 irridetur;
1831 3041 1990 3100 putas

417 3126 508 3194 qui
539 3127 590 3178 in
627 3125 843 3179 Christo
882 3133 964 3179 est
992 3124 1093 3178 scit
1117 3124 1244 3193 quid
1277 3132 1356 3177 est
1397 3122 1681 3177 confusio?
1714 3138 1817 3177 non
1845 3123 1985 3175 enim
2016 3160 2057 3215 ε

417 3216 494 3269 ita
529 3218 697 3285 tangit
725 3217 907 3269 vinum
946 3216 1239 3279 hominem,
1268 3224 1532 3283 quantum
1568 3213 1738 3282 tangit
1771 3213 1943 3265 virtus
1970 3230 1983 3266 :

415 3321 591 3377 neque
631 3308 701 3360 ita
741 3308 909 3376 tangit
959 3306 1097 3375 ignis
1152 3319 1213 3358 ea
1261 3320 1380 3373 quae
1421 3305 1473 3359 in
1524 3307 1697 3375 ipsum
1744 3320 1993 3359 Incurre-

415 3398 557 3465 riut,
596 3411 854 3468 quantum
902 3398 1170 3451 illuminat
1205 3395 1371 3451 Filius
1409 3413 1503 3451 eos
1554 3398 1646 3466 qui
1689 3412 1749 3451 se
1793 3396 1995 3452 fuerint

417 3488 610 3543 induti.
639 3489 772 3555 Quis
812 3500 967 3557 putas
999 3488 1163 3543 habet
1207 3487 1482 3542 ChriSIum
1515 3489 1605 3557 qui
1644 3490 1989 3557 przedicatur,

420 3588 479 3631 ut
508 3591 695 3634 noscat
734 3596 795 3634 ea
842 3595 961 3649 qua:
998 3580 1283 3639 dicuntur?
1311 3596 1433 3634 cum
1478 3582 1623 3635 enim
1674 3599 1781 3637 non
1832 3584 1995 3639 fuerit

420 3671 750 3724 conscientia
783 3671 926 3726 intus
957 3686 1075 3741 quae
1105 3672 1348 3726 sermoni
1389 3680 1641 3735 testetur,
1672 3675 1845 3728 otiosa
1875 3676 1994 3745 ejus

418 3763 507 3831 qui
553 3763 794 3833 loquitur
843 3764 1005 3818 verba
1060 3765 1422 3829 habebuntur,
1469 3777 1526 3820 et
1568 3765 1852 3831 eﬁicietur,
1901 3770 1992 3835 qui

419 3853 674 3923 loquitur,
706 3856 966 3909 barbarus
996 3857 1063 3911 iis
1094 3859 1185 3926 qui
1232 3872 1336 3911 non
1370 3858 1614 3913 audiunt.
1646 3858 1777 3912 Cum
1811 3870 1991 3914 autem

420 3945 753 4013 praeveniens
792 3946 971 3999 anima
1006 3948 1366 4002 recondiderit
1399 3950 1523 4011 sibi,
1560 3959 1623 4015 et_
1646 3950 1794 4003 ﬁnita
1833 3950 1996 4005 fuerit

421 4036 719 4102 desiderio;
756 4036 899 4092 forte
926 4048 981 4092 et
1022 4038 1274 4094 irascitur
1310 4040 1377 4094 ad
1414 4042 1703 4105 dicentem,
1733 4043 1857 4110 quia
1888 4059 1993 4099 non

423 4135 571 4181 tanta
601 4129 990 4197 interpretatur
1023 4140 1222 4198 quanta
1256 4131 1428 4199 ipsam
1461 4143 1698 4188 movent.
1729 4133 1832 4189 Sed
1866 4151 1996 4189 con-

428 4218 609 4273 cedite
656 4218 967 4286 quicunque
1011 4219 1083 4271 ita
1146 4222 1542 4290 proposuistis;
1604 4222 1996 4293 ininterpreta-

417 4310 541 4365 bilis
585 4310 729 4365 enim
778 4312 983 4380 estqui
1028 4311 1387 4367 desideratur.
1437 4314 1548 4384 Ego
1602 4329 1737 4370 sane
1782 4315 1994 4370 beatam

420 4405 539 4459 dico
568 4403 752 4467 illam,
797 4420 916 4473 qua:
950 4404 1109 4472 digna
1152 4402 1391 4471 judicata
1444 4416 1528 4460 est
1563 4404 1730 4459 Deum
1780 4416 1997 4475 portare

2096 1930 2276 1986 esset!
2331 1939 2491 1999 putas
2550 1925 2677 1995 quia
2739 1923 2877 1992 apud
2934 1920 3283 1988 semetipsum
3336 1930 3444 1969 non
3498 1913 3679 1967 dixit:

2097 2023 2313 2080 Utinam
2363 2035 2465 2075 non
2503 2018 2777 2079 venisset,
2834 2022 2894 2067 ut
2934 2027 3036 2082 ego
3085 2026 3190 2065 non
3242 2003 3677 2061 condemnarer!

2094 2111 2257 2167 Putas
2299 2119 2356 2165 et
2407 2109 2575 2166 Judaei
2639 2108 2682 2161 si
2731 2106 3029 2161 voluissent
3092 2101 3320 2156 fuissent
3389 2097 3575 2159 beati,
3627 2108 3681 2149 et

2093 2202 2296 2273 primi?
2346 2200 2485 2267 Quid
2536 2198 2704 2269 ergo?
2749 2196 2888 2263 Quia
2938 2196 3229 2249 uoluerunt
3269 2190 3438 2246 Judaei
3478 2209 3492 2244 :
3528 2186 3684 2241 Nam

2092 2293 2438 2348 incredulitas
2483 2307 2665 2346 eorum
2727 2290 2886 2357 ﬁdem
2937 2285 3033 2341 Dei
3094 2284 3408 2340 evacuabit?
3452 2282 3598 2335 obsit
3634 2284 3679 2335 '.

2092 2388 2191 2454 Qui
2222 2386 2365 2442 enim
2399 2384 2548 2439 venit
2583 2384 2648 2438 ad
2688 2380 2990 2436 faciendum
3030 2380 3189 2442 bene,
3216 2376 3367 2430 venit
3397 2374 3673 2442 siquidem

2092 2488 2146 2533 et
2185 2479 2366 2533 lumen
2402 2477 2594 2539 oritur,
2636 2489 2742 2529 non
2791 2482 2851 2527 ut
2894 2473 3204 2535 occidamus
3250 2468 3486 2537 aliquem
3526 2483 3542 2518 :
3590 2464 3683 2519 ille

2091 2570 2233 2624 enim
2284 2568 2455 2622 malus
2500 2576 2614 2633 est,
2670 2566 2762 2636 qui
2811 2565 2956 2619 bono
3012 2563 3179 2616 utitur
3226 2559 3386 2614 male.
3431 2557 3574 2612 Nam
3628 2568 3684 2612 et

2093 2666 2295 2720 ferrum
2341 2665 2526 2720 datum
2574 2673 2658 2718 est
2700 2663 2764 2716 ad
2809 2662 3035 2716 cultura!
3093 2659 3356 2715 medelam
3395 2675 3408 2710 :
3457 2656 3502 2709 si
3550 2655 3682 2725 quis

2092 2770 2270 2812 autem
2303 2756 2448 2812 ferro
2482 2772 2610 2810 usus
2641 2755 2923 2821 occiderit,
2959 2770 3061 2807 non
3105 2762 3188 2807 est
3226 2751 3533 2820 culpandus
3582 2750 3680 2819 qui

2091 2851 2334 2906 donavit.
2375 2849 2655 2919 Siquidem
2687 2857 2742 2903 et
2776 2846 2914 2917 ignis
2947 2848 3012 2900 ad
3041 2860 3221 2910 curas,
3254 2844 3324 2897 ad
3354 2842 3679 2906 luminaria,

2090 2946 2157 3001 ad
2187 2944 2540 2998 excoctiones
2571 2943 2726 2995 datus
2759 2949 2841 2994 est
2876 2940 3030 2995 nobis
3068 2958 3080 2993 :
3124 2939 3169 2993 si
3216 2938 3339 3008 quis
3385 2945 3575 2990 autem
3620 2948 3687 2986 eo

2091 3039 2158 3093 ad
2201 3037 2587 3093 incendendam
2634 3033 2865 3101 proximi
2911 3033 3128 3086 domum
3174 3030 3334 3085 fuerit
3382 3043 3555 3093 usus,
3599 3026 3689 3080 ille

2091 3127 2265 3182 malus
2301 3136 2384 3180 est
2414 3127 2503 3195 qui
2548 3126 2717 3178 utitur
2759 3123 2921 3179 male.
2962 3123 3149 3193 Neque
3191 3137 3329 3190 aqua
3368 3121 3516 3175 mala
3554 3122 3688 3190 quia

2095 3218 2460 3289 prmforautnr
2490 3218 2708 3288 quidam
2738 3235 2751 3271 :
2784 3218 2829 3272 si
2866 3217 3012 3271 enim
3046 3217 3216 3285 ipsam
3262 3230 3385 3284 qua:
3418 3216 3489 3267 ad
3525 3228 3688 3268 usum

2094 3311 2383 3380 plurimum
2425 3321 2476 3366 et
2510 3312 2575 3363 ad
2615 3309 2965 3365 refectionem
3003 3310 3125 3362 data
3157 3317 3273 3371 est,
3319 3310 3523 3361 bonam
3566 3305 3690 3371 qui-

2093 3405 2237 3467 dem,
2278 3404 2417 3457 male
2462 3406 2527 3457 ad
2576 3402 3015 3457 interﬁciendum
3067 3409 3314 3464 utuntur,
3353 3399 3458 3466 ipsi
3505 3398 3689 3467 potius

2092 3495 2383 3564 perniciosi
2416 3505 2575 3559 sunt,
2611 3510 2771 3565 quam
2816 3494 3116 3563 opiﬁcium.
3160 3492 3227 3547 Et
3267 3492 3405 3560 lapis
3442 3491 3509 3544 ad
3554 3505 3687 3543 con-

2094 3587 2444 3641 structionem
2462 3597 2543 3641 est
2568 3589 2738 3651 datus,
2777 3584 2909 3641 Cain
2928 3597 3108 3640 autem
3145 3600 3208 3639 eo
3240 3585 3306 3637 ad
3346 3582 3687 3639 interfectio-

2096 3696 2215 3734 nem
2240 3679 2426 3733 fratris
2450 3688 2533 3733 est
2554 3695 2711 3733 usus:
2737 3688 2941 3732 tantum
2962 3678 3105 3733 enim
3126 3677 3246 3730 mali
3272 3688 3400 3730 sunt
3432 3675 3526 3742 qui
3561 3683 3686 3728 sunt

2098 3768 2249 3833 mali,
2280 3769 2405 3837 quia
2447 3767 2650 3823 bonum
2681 3767 2752 3822 ad
2787 3767 2984 3820 malum
3016 3774 3362 3819 convertunt.
3388 3762 3553 3817 Jesus
3582 3777 3685 3830 pax

2095 3869 2215 3925 est,
2257 3870 2310 3914 et
2347 3862 2495 3914 venit
2542 3859 2829 3929 paciﬁcare
2888 3874 3008 3928 qua:
3058 3859 3109 3911 in
3157 3856 3295 3913 coelo
3357 3863 3487 3907 sunt
3528 3863 3585 3907 et
3635 3854 3689 3907 in

2099 3962 2265 4007 terra.
2299 3952 2355 4006 Si
2384 3953 2501 4007 haec
2538 3966 2667 4007 vera
2699 3961 2845 4017 sunt,
2884 3951 3024 4004 sicut
3049 3965 3212 4013 vera;
3244 3948 3373 4017 quid
3417 3945 3685 4000 faciemus

2097 4042 2182 4096 his
2213 4059 2333 4112 quae
2381 4043 2520 4099 lecta
2551 4053 2678 4097 sunt
2713 4043 2906 4098 hodie?
2941 4042 3077 4096 Dicit
3108 4042 3252 4097 enim
3285 4041 3402 4109 ipse
3433 4038 3685 4094 Salvator

2099 4135 2153 4188 in
2195 4135 2525 4205 Evangelio:
2567 4135 2751 4189 Nolite
2783 4144 2968 4203 putare
3014 4135 3138 4203 quia
3180 4133 3293 4185 veni
3344 4134 3555 4183 mittere
3593 4146 3686 4194 po-

2101 4241 2214 4278 cem.
2260 4227 2317 4279 in
2356 4237 2551 4280 terram
2580 4226 2622 4285 ³.
2672 4225 2926 4294 Nunquid
2982 4226 3068 4277 nix
3118 4223 3422 4277 calefacere
3470 4229 3687 4291 potest,

2101 4327 2194 4371 aut
2238 4317 2378 4389 ignis
2425 4319 2553 4374 dare
2590 4317 2887 4388 (rigorem?
2927 4316 3177 4384 Nunquid
3212 4331 3313 4385 pax
3356 4323 3541 4381 potest
3586 4326 3687 4365 non

2106 4412 2318 4467 mittere
2383 4412 2616 4481 pacem?
2669 4414 2948 4479 Quomodo
3004 4426 3134 4483 ergo
3189 4410 3303 4476 ipse
3346 4422 3454 4477 pax
3514 4406 3687 4461 dicit:

419 4499 472 4551 in
520 4506 698 4552 utero.
745 4496 857 4567 Ego
908 4507 962 4552 et
1008 4497 1329 4567 prmsepium
1383 4496 1511 4551 illud
1558 4498 1754 4567 diligo,
1795 4499 1848 4551 in
1891 4512 1997 4565 quo
2028 4496 2073 4551 D
2105 4502 2288 4557 Nolite
2327 4514 2514 4574 putare
2546 4506 2672 4574 quia
2719 4506 2836 4559 ueni
2882 4520 3059 4573 pacem
3106 4502 3315 4555 mittere
3346 4499 3400 4550 in
3451 4497 3687 4550 terram!

415 4590 543 4643 vitae
574 4590 805 4658 positum
837 4599 920 4643 est
952 4590 1305 4643 medicamen.
1334 4588 1400 4641 Et
1430 4603 1615 4656 magos
1656 4591 1845 4643 beatos
1876 4590 1997 4644 dico

416 4681 486 4736 ob
524 4681 951 4736 immutationem
999 4682 1153 4738 artis.
1201 4681 1368 4736 Beata
1396 4691 1451 4735 et
1498 4680 1755 4743 Rachael,
1788 4692 1840 4733 et
1882 4681 1996 4749 jam

415 4788 521 4827 non
578 4774 790 4842 ploret,
839 4774 963 4842 quia
1019 4774 1135 4843 eius
1185 4772 1281 4827 ﬁlii
1332 4782 1601 4842 martyres
1669 4772 2001 4826 exstiterunt

415 4865 640 4920 Christi.
690 4864 907 4919 Simeon
956 4876 1137 4921 autem
1184 4864 1273 4919 ille
1320 4872 1375 4918 et
1419 4866 1574 4919 Anna
1622 4863 1741 4918 ideo
1789 4862 1995 4931 gratias

423 4958 676 5025 agebant,
705 4958 829 5027 quia
877 4959 1020 5027 digni
1050 4957 1277 5027 iudicati
1324 4966 1449 5011 sunt
1484 4956 1667 5010 videre
1712 4970 1869 5022 quem
1901 4954 1995 5009 de-

419 5049 733 5104 siderabant
797 5051 951 5104 multi
1017 5052 1277 5120 quidem,
1335 5051 1587 5104 viderunt
1646 5059 1827 5103 autem
1886 5062 1994 5102 non

416 5156 627 5195 omnes.
654 5140 891 5198 Joannes
932 5153 1111 5197 autem
1146 5143 1232 5197 ille
1267 5143 1358 5212 qui
1394 5144 1446 5197 in
1489 5152 1707 5211 pectore
1747 5141 1996 5195 recubuit

434 5230 671 5298 Domini,
700 5235 824 5289 inde
855 5235 1115 5290 hauriens
1142 5236 1300 5289 nobis
1331 5234 1604 5304 loquitur:
1638 5233 1707 5287 In
1737 5234 1996 5302 principio

412 5333 528 5378 erat
590 5324 812 5379 Verbum
871 5328 909 5381 ί.
972 5324 1164 5383 Petrus
1213 5342 1342 5382 vero
1384 5327 1475 5397 qui
1525 5343 1553 5379 a
1606 5324 1765 5379 Patre
1805 5316 1998 5395 dignus

412 5411 684 5479 iudicatus
744 5414 1128 5468 revelationem
1199 5415 1465 5484 accipere,
1515 5422 1570 5469 et
1627 5413 1809 5467 videre
1873 5428 1994 5466 eum

415 5516 573 5569 quem
621 5520 724 5557 non
760 5506 1003 5566 videbat,
1054 5515 1108 5560 et
1141 5520 1364 5560 noscere
1392 5521 1513 5560 cum
1548 5505 1638 5571 qui
1685 5505 1998 5561 occultaba-

484 5617 531 5649 ’⁸
570 5617 691 5672 Gal.
719 5636 778 5679 ιι,
810 5620 899 5673 20.
976 5620 1022 5651 ⁹⁹
1055 5619 1178 5673 Gai.
1208 5636 1282 5687 Vl,
1315 5620 1401 5674 H.

418 5700 499 5749 tu,
531 5687 613 5737 l7.
694 5690 713 5719 ⁸
748 5690 935 5743 Matth.
963 5706 1053 5752 xv,
1079 5690 1170 5743 24.

485 5797 600 5863 (85)
642 5797 763 5865 513.,
796 5802 1098 5857 dissenserit
1137 5804 1254 5859 sibi.

2096 4596 2165 4650 de
2196 4611 2301 4666 qua
2342 4613 2474 4652 sane
2520 4599 2722 4653 dictum
2755 4607 2869 4661 est,
2909 4606 2965 4651 et
2993 4596 3057 4649 de
3091 4610 3218 4663 quo,
3252 4592 3375 4661 quia
3422 4590 3563 4643 venit
3599 4605 3684 4655 pa-

2097 4686 2315 4754 ciﬁcore
2353 4705 2471 4757 qua:
2500 4689 2554 4741 in
2590 4687 2717 4741 caelo
2752 4697 2873 4741 sunt
2912 4697 2959 4740 et
2990 4686 3046 4738 in
3080 4695 3220 4737 terra
3245 4682 3287 4735 ⁸.
3320 4680 3610 4749 Siquidem
3639 4688 3685 4730 et

2096 4776 2222 4831 alibi
2259 4776 2389 4832 dicit
2418 4778 2765 4846 Evangelium
2796 4794 2811 4831 :
2862 4775 3031 4839 Venit,
3063 4792 3165 4829 non
3194 4774 3270 4827 uti
3295 4774 3507 4842 judicet
3540 4787 3684 4825 mun-

2095 4868 2257 4933 dum,
2300 4869 2392 4922 sed
2436 4878 2491 4922 ut
2538 4870 2765 4922 mundus
2809 4867 2985 4922 salvus
3025 4868 3118 4936 ﬁat
3166 4882 3259 4935 per
3304 4866 3476 4926 ipsum
3503 4865 3549 4917 ⁵.
3590 4862 3685 4929 Qui

2096 4961 2270 5016 credit
2298 4961 2542 5015 salvator
2567 4980 2579 5014 :
2612 4963 2700 5031 qui
2727 4972 2906 5018 autem
2934 4976 3040 5014 non
3070 4959 3243 5014 credit
3272 4956 3557 5027 judicatus
3585 4964 3685 5009 est.

2098 5053 2166 5107 Et
2208 5055 2445 5109 iterum:
2490 5050 2613 5108 Non
2650 5057 2765 5109 ueni
2804 5056 2903 5108 nisi
2952 5053 3022 5106 ad
3056 5068 3172 5106 oves
3223 5050 3460 5119 perditas
3504 5051 3688 5101 domus

2108 5144 2275 5200 Israel
2313 5146 2373 5201 ⁶ε
2407 5157 2460 5200 et
2504 5158 2653 5201 certe
2694 5146 2863 5217 magis
2900 5144 3198 5215 perierunt.
3237 5140 3378 5207 Quid
3418 5154 3554 5210 ergo
3589 5140 3685 5193 ista

2104 5239 2381 5292 contraria
2426 5238 2597 5292 sunt?
2647 5237 2783 5291 Num
2831 5246 2890 5291 ut
2942 5235 3276 5297 dividantur,
3321 5232 3532 5301 veritas
3584 5244 3684 5284 non

2104 5330 2407 5385 consentiet
2471 5330 2610 5385 sibi?
2658 5328 2713 5383 Si
2770 5330 2936 5400 igitur
2985 5327 3187 5383 veritas
3239 5325 3562 5381 discesserit
3611 5323 3684 5376 si-

2104 5420 2156 5475 bi
2187 5420 2325 5492 (85),
2364 5422 2550 5491 perdet
2575 5433 2629 5477 et
2664 5432 2949 5488 naturam;
2984 5420 3250 5476 mendacii
3298 5419 3447 5474 enim
3489 5427 3681 5471 natura

2105 5510 2157 5564 in
2190 5513 2526 5568 dissensione
2553 5523 2657 5577 est,
2685 5522 2931 5568 veritatis
2960 5521 3142 5567 autem
3173 5520 3365 5564 natura
3394 5507 3681 5564 consensio

1480 5622 1494 5651 ¹
1535 5618 1691 5675 Joan.
1724 5636 1760 5681 ι.
1798 5619 1845 5675 i.
1926 5621 1995 5675 Ἰ

2103 5639 2136 5677 ι.
2166 5640 2248 5693 ut,
2272 5625 2325 5681 5.
2403 5628 2424 5658 ³
2464 5626 2653 5682 Matth.
2686 5642 2738 5693 ι,
2763 5627 2851 5682 54.
2930 5626 2950 5657 ⁸
2988 5626 3192 5683 Coloss.
3223 5640 3261 5688 ι,
3294 5623 3388 5678 20.
3466 5624 3488 5654 '
3526 5622 3673 5679 Joan.
