3822 6218
190 358 325 413 ΗΠ

1532 359 1601 416 IN
1642 357 1904 416 MATTH.
1947 361 2014 426 Χ,
2051 362 2140 417 54.

3294 365 3431 422 1178

188 482 291 528 est.
323 471 602 538 Quomodo
629 487 760 542 ergo
789 472 892 528 ista
925 473 1027 528 sibi
1057 476 1437 531 consentient?
1468 473 1624 532 Jesus
1664 491 1764 545 pax
1793 483 1842 540 Α
1869 477 1922 531 in
1974 478 2113 533 rosis
2148 476 2378 533 habetur
2427 477 2748 543 diversitas,
2793 477 2848 532 ln
2899 477 3080 533 colore
3125 478 3330 534 scilicet
3375 485 3434 537 et

189 573 294 630 est,
323 573 380 619 et
419 564 532 628 ipse
571 564 700 618 dicit
738 580 754 619 :
793 562 972 619 Nolite
1027 577 1213 634 putare
1251 570 1379 637 quia
1429 585 1609 638 pacem
1649 571 1761 623 ueni

191 659 393 711 mittere
434 657 488 710 in
531 665 742 710 terram.
776 655 983 710 Dictum
1033 667 1211 712 autem
1256 660 1408 714 deeo
1450 668 1571 714 est-:
1609 657 1760 713 Venit

189 749 470 818 paci/icore
509 765 570 802 ea
618 764 734 818 qua!
785 752 840 802 in
894 751 1032 804 caelis
1067 761 1184 805 sunt
1221 761 1269 805 et
1313 753 1371 806 in
1421 762 1580 806 terra.
1615 751 1758 817 Quo-

190 843 353 896 modo
382 856 514 910 ergo
543 855 651 896 non
679 843 825 895 venit
858 857 1046 909 pacem
1080 843 1132 896 in
1169 853 1366 897 terram
1407 843 1638 907 mittere,
1669 842 1760 910 qui

189 931 316 987 ideo
354 931 521 999 venit,
548 939 608 985 ut
644 942 697 986 et
728 945 790 984 ea
830 946 950 1000 qua
999 932 1053 985 in
1100 932 1256 987 caelis
1282 942 1336 986 et
1367 932 1420 986 in
1456 941 1596 986 terra
1641 941 1766 986 sunt

189 1023 520 1093 paciﬁcaret,
549 1031 603 1077 et
632 1022 698 1077 ad
727 1037 854 1078 oves
897 1024 1132 1091 perditas
1165 1024 1354 1078 domus
1384 1021 1553 1078 lsrael
1587 1023 1756 1090 venit,

189 1123 249 1168 et
279 1115 506 1168 inventa;
543 1123 669 1166 sunt.
717 1115 1040 1182 pereuntes?
1087 1113 1202 1168 Non
1249 1123 1336 1169 est
1382 1115 1578 1168 missus
1613 1114 1760 1184 judi-

189 1220 338 1270 care,
383 1215 438 1260 et
483 1205 770 1260 invenitur
795 1206 1176 1260 condemnare.
1225 1202 1282 1258 Si
1324 1206 1446 1274 quis
1489 1205 1765 1260 desiderat

191 1310 258 1350 ea
296 1311 417 1365 qua:
465 1306 592 1352 sunt
635 1296 848 1350 Domini
898 1297 1149 1361 edoceri,
1185 1296 1440 1365 projiciat
1483 1296 1661 1350 omnia
1695 1311 1762 1350 ex

190 1390 356 1444 corde
389 1404 509 1454 suo,
535 1397 592 1445 et
620 1391 822 1444 mundo
860 1389 1017 1444 oculo
1048 1391 1242 1444 mentis
1277 1391 1537 1445 intendat.
1565 1389 1764 1458 Propo-

190 1481 353 1538 situm
386 1481 601 1550 quidem
633 1482 723 1536 Dei
749 1483 838 1552 qui
885 1482 1031 1536 misit
1061 1481 1253 1536 Filium
1289 1498 1443 1536 suum
1477 1481 1584 1536 tale
1613 1490 1762 1546 erat,

191 1582 256 1628 ut
300 1572 639 1626 salvarentur
683 1573 947 1628 homines.
969 1571 1283 1628 Obedieutia
1331 1584 1510 1628 autem
1532 1572 1649 1642 ejus
1671 1573 1762 1643 qui

193 1665 397 1718 missus
434 1673 517 1718 est
558 1679 655 1728 ea,
698 1675 757 1718 ut
790 1679 892 1733 pax
923 1674 1069 1720 esset
1113 1665 1166 1719 in
1215 1664 1368 1720 ctelis
1407 1674 1460 1719 et
1497 1665 1550 1719 in
1595 1674 1760 1719 terra.

194 1755 350 1811 Unde
380 1769 510 1825 ergo
540 1770 646 1808 non
682 1754 820 1823 pax?
846 1755 927 1808 Ab
961 1754 1271 1809 inﬁrmitate
1309 1754 1506 1824 quippe
1551 1769 1760 1819 eorum,

188 1847 282 1917 qui
331 1862 437 1900 non
486 1855 774 1916 potuerunt
820 1847 1098 1914 suscipere
1158 1845 1499 1916 splendorem
1547 1844 1765 1899 luminis
1796 1837 1837 1890 Β

188 1939 330 1992 veri.
363 1937 480 2005 Ipse
525 1939 668 1992 enim
706 1951 892 2005 pacem
941 1935 1232 2005 praedicat,
1275 1946 1331 1990 et
1362 1935 1482 1990 ideo
1514 1936 1762 1990 hortatur

190 2029 297 2084 hoc
342 2027 543 2083 Paulus
589 2027 878 2096 apostolus,
916 2038 971 2083 et
1016 2027 1184 2082 dicit:
1217 2026 1338 2096 Ipse
1369 2035 1443 2080 est
1485 2027 1620 2080 enim
1659 2041 1765 2094 paa:

189 2131 374 2176 nostra
400 2122 440 2173 ⁷.
482 2121 680 2174 Eorum
713 2119 918 2175 scilicet
944 2120 1036 2189 qui
1081 2120 1312 2174 credunt
1343 2128 1399 2173 et
1440 2119 1762 2187 suscipiunt,

186 2227 295 2282 pax
340 2221 449 2278 est.
492 2211 771 2277 Quomodo
805 2225 935 2281 ergo
982 2226 1086 2264 non
1135 2224 1317 2279 parem
1361 2210 1527 2264 mittit
1561 2210 1614 2262 in
1660 2219 1766 2263 ter-

188 2301 497 2357 ram?Filia
527 2303 777 2368 credidit,
806 2311 969 2372 pater
987 2302 1296 2357 incredulus
1323 2302 1601 2357 remansit.
1631 2301 1762 2366 Qua:

185 2396 594 2449 communicatio
627 2406 702 2449 ut
746 2395 890 2464 ﬁdeli
920 2395 988 2448 ad
1031 2393 1294 2462 inﬁdelem
1317 2393 1373 2446 ⁸⁸1
1429 2397 1577 2462 pacis
1619 2394 1762 2448 enim

186 2486 500 2555 praedicatio
529 2485 845 2540 divisionem
875 2494 1148 2554 operatur.
1180 2483 1350 2539 Filius
1376 2483 1575 2547 ﬁdelis,
1606 2494 1764 2553 pater

190 2577 501 2633 incredulus
539 2596 553 2631 :
583 2591 650 2632 ex
691 2577 1015 2632 necessitate
1051 2577 1118 2630 lis
1150 2586 1268 2640 est;
1312 2585 1367 2630 et
1411 2591 1532 2646 quae
1565 2576 1764 2644 praedi-

187 2679 348 2724 catur
375 2686 498 2740 pax,
529 2679 748 2739 operata
781 2679 865 2724 est
890 2670 1227 2733 divisionem,
1250 2679 1306 2723 et
1329 2671 1524 2724 bonam
1545 2669 1766 2724 divisio-

188 2776 348 2828 nem;
389 2761 441 2815 in
475 2776 605 2831 pace
631 2770 812 2816 autem
851 2762 1041 2816 salvati
1085 2776 1289 2815 sumus.
1328 2758 1397 2815 Ut
1426 2776 1532 2816 non
1580 2773 1760 2816 autem

185 2865 290 2920 ego
318 2849 460 2906 illius
489 2853 844 2920 interpreter;
878 2851 1009 2906 nihil
1041 2852 1184 2906 enim
1214 2859 1298 2906 est
1325 2851 1468 2921 quod
1497 2867 1608 2906 non
1643 2852 1761 2920 ejus

189 2941 481 2997 debeamus
509 2943 736 2996 audire:
768 2943 880 3010 ipse
925 2941 1094 2996 dicit:
1140 2939 1223 2994 Ne
1257 2944 1448 3010 putetis
1488 2943 1617 3012 quia
1646 2941 1760 2996 veni

187 3049 370 3103 pacem
422 3035 628 3089 mittere
677 3034 730 3089 in
781 3043 996 3088 terram.
1044 3033 1112 3088 Et.
1161 3034 1338 3088 adhuc
1390 3034 1760 3088 vehementius

186 3124 340 3179 addit
363 3142 375 3178 :
405 3122 528 3178 Non
555 3126 666 3178 ueni
689 3140 868 3193 pacem
892 3127 1115 3189 mittere,
1137 3126 1226 3177 sed
1251 3123 1486 3193 gladium
1503 3124 1543 3177 ’.
1569 3125 1760 3190 Quem-

1861 570 2068 626 odore:
2111 578 2168 623 et
2210 568 2262 623 in
2299 568 2564 623 fructibus
2605 575 2693 623 est
2725 569 2980 634 varietas,
3024 575 3080 622 et
3112 568 3434 638 magnitudi-

1863 661 1970 725 nis,
1993 667 2049 714 et
2086 657 2306 724 coloris,
2335 666 2391 714 et
2437 668 2650 729 gustus,
2691 669 2746 714 et
2774 667 2991 714 tactus:
3028 665 3086 712 et
3129 658 3314 712 vinum
3363 673 3430 713 ex

1860 754 1972 805 vite
2001 757 2083 806 est
2125 765 2304 816 omne,
2341 750 2437 804 sed
2471 758 2660 818 gustus
2685 748 2884 804 diversi
2917 766 2931 803 :
2968 757 3022 802 et
3054 748 3184 814 olea:
3221 750 3427 804 fructus

1859 841 2230 896 varilicantur.
2259 840 2364 896 Sed
2387 840 2576 895 horum
2595 838 2834 894 omnium
2860 840 3113 906 varietas,
3140 848 3195 893 et
3227 841 3432 893 anima-

1861 931 2013 1000 lium,
2039 941 2300 986 eteorum
2326 932 2416 1002 qui
2445 947 2512 986 ex
2545 931 2656 1000 ipsa
2682 940 2807 985 sunt
2835 932 3052 1000 specie:
3085 946 3254 1000 equus
3283 931 3428 986 enim

1861 1038 2001 1094 equo
2033 1023 2290 1097 velocior.
2327 1031 2383 1077 et
2417 1038 2520 1078 non
2560 1031 2790 1086 tantum,
2833 1029 3093 1091 quantum
3131 1022 3290 1076 homo
3334 1021 3432 1077 ho-

1864 1117 1991 1171 mini
2029 1137 2041 1172 :
2076 1115 2252 1170 nullus
2297 1115 2440 1169 enim
2487 1129 2660 1186 equus
2710 1115 2883 1169 currit
2936 1124 3235 1176 retrorsum
3277 1131 3292 1168 :
3333 1114 3434 1169 ho-

1863 1209 2036 1263 mines
2075 1217 2252 1264 autem
2283 1207 2502 1276 quidam
2531 1215 2659 1261 sunt
2697 1205 2960 1276 religiosi,
2991 1207 3210 1275 quidam
3255 1205 3432 1262 sacri-

1861 1301 1988 1370 legi,
2021 1299 2108 1354 a‘lii
2144 1299 2344 1369 pudici,
2375 1299 2464 1354 alii
2494 1299 2784 1364 luxuriosi,
2815 1299 2904 1353 alii
2935 1299 3194 1367 diripiunt
3224 1298 3428 1368 aliena,

1861 1393 1950 1446 alii
1995 1399 2252 1462 spargunt
2299 1406 2429 1453 sua,
2479 1390 2571 1444 alii
2615 1397 2932 1459 stuprantur
2967 1403 3073 1441 non
3127 1401 3257 1442 suas
3309 1403 3432 1442 mu-

1861 1485 2042 1550 lieres,
2071 1484 2158 1538 alii
2201 1498 2267 1538 ne
2309 1482 2524 1552 quidem
2574 1497 2702 1536 suas
2736 1480 3077 1549 contingunt.
3130 1477 3248 1533 Non
3284 1478 3430 1533 enim

1862 1586 2009 1632 tanta
2049 1577 2341 1630 diversitas
2385 1583 2470 1628 est
2503 1585 2677 1636 terrae,
2720 1581 2919 1641 quanta
2957 1573 3433 1641 varietas_anima-

1863 1684 1981 1722 rum
2009 1686 2022 1722 :
2058 1667 2144 1722 ille
2175 1667 2320 1722 enim
2353 1674 2558 1735 martyr
2589 1667 2820 1731 exsistit,
2860 1665 2998 1719 alius
3046 1663 3428 1733 persequitur;

1863 1769 1917 1813 et
1956 1769 2144 1812 natura
2190 1757 2406 1826 quidem
2456 1756 2574 1826 ipsa
2620 1764 2735 1820 est,
2786 1756 3038 1809 voluntas
3094 1762 3272 1808 autem
3336 1751 3434 1806 ad-

1869 1866 2021 1906 versa
2058 1850 2190 1922 (84).
2235 1848 2363 1904 lnde
2394 1857 2478 1903 est
2518 1859 2576 1900 ut
2620 1848 2707 1902 ille
2755 1847 2972 1914 quidem
3022 1846 3087 1900 ad
3140 1844 3435 1900 Ecclesiam

1867 1951 2048 1996 currat
2081 1942 2376 2006 manicans,
2423 1939 2561 1994 alius
2607 1939 2672 1992 at!
2724 1938 2931 2008 lapides
2973 1934 3210 1991 oll'endat
3247 1949 3438 1990 exsur-

1867 2047 1998 2102 gens
2035 2032 2100 2086 ad
2145 2031 2343 2085 lumen.
2386 2029 2512 2084 Inde
2549 2038 2633 2084 est
2681 2040 2737 2082 ut
2786 2028 2872 2081 ille
2921 2029 3130 2080 laetetur
3167 2027 3310 2096 quod
3353 2035 3438 2080 est

1868 2122 2117 2190 pudicus,
2145 2119 2284 2174 alius
2333 2119 2565 2190 gaudeat
2607 2117 2750 2187 quod
2788 2117 2838 2170 in
2886 2115 3195 2170 libidinibus
3226 2114 3437 2169 voluta-

1867 2223 1972 2268 tur.
2013 2211 2141 2266 Inde
2167 2223 2253 2265 est
2287 2220 2345 2264 ut
2379 2209 2466 2264 ille
2507 2209 2560 2262 in
2603 2208 2718 2262 foro
2749 2207 2945 2261 vendat
2983 2218 3037 2260 et
3072 2205 3434 2269 distrahatur,

1865 2306 2004 2360 alius
2042 2306 2108 2360 ad
2154 2303 2448 2358 Ecclesiam
2497 2301 2720 2356 veniens
2767 2301 3112 2369 semetipsum
3171 2299 3435 2352 lucretur.

1865 2397 1994 2454 Inde
2021 2407 2104 2453 est
2134 2407 2193 2451 ut
2227 2396 2312 2451 ille
2341 2395 2512 2449 aliena
2544 2393 2705 2460 colat,
2751 2394 2887 2448 alius
2929 2392 3030 2448 sibi
3064 2401 3267 2459 parcat.
3298 2390 3428 2444 inde

1867 2499 1954 2544 est
1985 2498 2043 2542 ut
2081 2488 2170 2542 ille
2217 2485 2423 2554 lapides
2467 2484 2720 2546 aediﬁcet,
2749 2483 2886 2536 alius
2917 2483 3140 2536 virtutes
3177 2493 3438 2548 superpo-

1866 2586 1979 2633 nat.
2007 2575 2135 2631 Inde
2168 2585 2250 2631 est
2287 2583 2344 2629 ut
2373 2575 2459 2629 ille
2493 2589 2690 2643 corpus
2723 2573 2986 2643 detergat,
3025 2572 3163 2626 alius
3198 2570 3434 2625 animam

1865 2668 2074 2739 perdat.
2106 2667 2206 2723 Ista
2233 2679 2319 2731 est
2353 2684 2456 2722 non
2491 2683 2616 2737 pax,
2661 2667 2756 2722 sed
2798 2665 3102 2731 dissensio;
3138 2664 3263 2734 quia
3302 2663 3440 2718 alius

1864 2756 2025 2812 aliter
2057 2758 2243 2821 sentit,
2283 2767 2340 2812 et
2377 2756 2519 2810 alius
2554 2756 2712 2810 aliter
2761 2756 2924 2825 sapit.
2965 2754 3076 2810 Nec
3124 2755 3267 2810 enim
3313 2768 3437 2808 cum

1863 2861 2039 2904 ortum
2070 2849 2175 2904 hoc
2213 2847 2467 2902 sensibile
2506 2847 2669 2902 fuerit
2701 2848 2908 2911 lumen,
2953 2862 3142 2902 omnes
3192 2846 3441 2902 similiter

1864 2941 2183 3010 suscipiunt.
2213 2939 2319 2994 Sed
2362 2939 2437 2994 illi
2470 2939 2687 3007 quidem
2727 2938 2821 3009 qui
2862 2953 3023 2994 sanos
3059 2938 3262 2992 habent
3309 2952 3438 2992 ocu-

1864 3032 1964 3096 los,
2001 3040 2058 3086 et
2099 3039 2423 3094 occurrunt,
2472 3039 2527 3084 et
2573 3033 2893 3095 attendunt,
2935 3038 2989 3082 et
3024 3028 3313 3082 fruuntur:
3345 3026 3436 3098 qui

1866 3133 2042 3179 autem
2094 3123 2434 3177 inﬁrmantur
2477 3122 2673 3188 oculis,
2705 3122 2986 3192 corrigunt
3021 3135 3101 3184 se,
3148 3128 3202 3175 et
3234 3119 3435 3182 vitant,

186 3217 476 3270 admodum
507 3231 612 3270 non
657 3189 866 3284 pacem,
907 3225 963 3270 et
992 3189 1442 3284 quemadmodum
1491 3189 1763 3284 gladium?
1791 3189 1836 3250 C
1868 3227 1923 3273 et
1961 3215 2196 3287 fugiunt.
2241 3214 2374 3268 Nam
2421 3223 2478 3268 et
2533 3213 2835 3269 latronibus
2859 3189 3172 3268 vonerosum
3220 3221 3305 3266 est
3351 3211 3438 3265 lu-

199 3302 330 3358 Venr
391 3307 528 3359 enim
603 3305 834 3358 incidere
905 3305 1166 3358 hominem
1251 3306 1498 3360 adversus
1561 3314 1763 3374 patrem

183 3390 454 3444 eitum“:
502 3390 706 3458 accipio
739 3389 884 3444 enim
950 3389 1114 3442 ﬁlium
1165 3389 1315 3460 ejus,
1358 3401 1412 3445 et
1459 3407 1564 3444 non
1617 3391 1762 3444 dele-

183 3489 372 3536 ctatur
399 3489 570 3552 pater.
606 3483 840 3535 Adverte
870 3491 1046 3536 autem
1074 3492 1129 3536 et
1158 3481 1390 3552 ipsorum
1405 3479 1761 3552 gelIieientiam

183 3586 536 3637 sermonum;
566 3573 690 3641 quia
731 3573 875 3627 enim
925 3575 1062 3628 dixit
1105 3573 1338 3643 gladiqu
1381 3573 1638 3637 incidere,
1668 3574 1763 3626 ad-

185 3663 301 3717 dit:
324 3660 499 3716 Nolite
529 3674 713 3732 putare
738 3665 860 3732 quia
894 3665 1008 3717 veni
1035 3680 1212 3735 pacem
1241 3664 1442 3717 mittere
1467 3665 1520 3716 in
1543 3673 1759 3717 terram.

185 3755 305 3809 Non
341 3755 571 3824 suscipit
606 3766 774 3810 terra.
817 3755 934 3810 Non
985 3756 1106 3810 veni
1142 3771 1328 3826 pacem
1365 3756 1622 3809 mittere:
1662 3755 1764 3808 ite-

189 3865 312 3904 rum
347 3849 468 3902 audi
503 3850 555 3902 in
587 3859 784 3902 terram
813 3866 827 3902 :
856 3847 968 3916 Ego
995 3849 1164 3914 enim,
1190 3849 1380 3916 inquit,
1415 3863 1598 3918 pacem
1631 3862 1763 3916 pra:-

185 3943 329 4003 dico.
360 3941 452 3994 sed
503 3950 643 3994 terra
677 3956 782 3994 non
823 3940 1070 4010 suscipit.
1111 3939 1225 3995 Non
1271 3955 1400 4010 ergo
1445 3939 1762 3995 seminantis

183 4032 520 4101 propositum
550 4048 562 4084 :
595 4030 713 4100 ipse
740 4033 885 4086 enim
916 4031 1177 4086 sustinuit
1211 4043 1269 4085 ut
1297 4031 1538 4086 lacerent
1571 4047 1754 4091 uvam,

181 4125 430 4180 fecerunt
471 4134 653 4178 autem
686 4125 888 4193 spinas.
935 4123 1117 4193 Neque
1153 4125 1196 4178 is
1235 4124 1288 4178 in
1325 4139 1488 4180 causa
1523 4134 1630 4191 est,
1664 4124 1754 4193 qui

176 4213 453 4272 benelecit
483 4216 653 4270 vinea:
681 4234 695 4271 :
743 4214 864 4268 Veni
895 4216 1061 4282 enim,
1094 4215 1289 4284 inquit,
1335 4216 1562 4269 incidere
1592 4216 1762 4269 homi-

180 4322 304 4360 nem
343 4307 591 4362 adversus
624 4319 828 4375 patrem
855 4323 1040 4371 suum,
1081 4317 1129 4361 et
1165 4324 1355 4361 nurum
1385 4310 1633 4364 adversus
1676 4324 1762 4362 so-

177 4416 332 4455 crum
368 4416 543 4454 suam.
598 4398 688 4454 Isti
738 4415 1018 4455 sermones
1060 4401 1220 4455 rebus
1268 4401 1396 4469 ipsis
1450 4401 1754 4456 ﬁrmantur.

1869 3324 2012 3372 men,
2059 3319 2115 3363 et
2147 3306 2355 3362 furibus
2404 3323 2513 3363 non
2548 3307 2825 3371 dilectum,
2873 3313 2929 3358 et
2979 3303 3244 3358 adulteris
3287 3303 3440 3358 odio-

1867 3417 2006 3455 sum.
2027 3399 2272 3468 Denique
2300 3407 2355 3452 et
2394 3413 2458 3452 ea
2487 3413 2607 3466 qua:
2651 3403 2842 3466 repunt
2873 3394 3112 3465 fugiunt;
3141 3403 3318 3448 ortum
3355 3402 3441 3448 est

1863 3492 2010 3546 enim
2053 3490 2267 3555 lumen;
2308 3499 2365 3544 et
2404 3490 2496 3559 qui
2541 3498 2666 3542 sunt
2710 3487 2846 3542 ebrii
2879 3502 2984 3540 non
3031 3486 3260 3540 libenter
3297 3503 3436 3538 acci-

1863 3581 2036 3650 pinnt,
2062 3579 2189 3649 quia
2227 3587 2382 3645 urget
2405 3592 2498 3631 eos
2526 3577 2705 3630 lumen
2728 3591 3040 3644 exsurgere.
3071 3575 3210 3628 Sunt
3234 3588 3364 3628 sane
3385 3585 3440 3627 et

1863 3669 2107 3740 qmedam
2147 3668 2398 3724 animalia
2435 3666 2839 3736 versipelliones
2868 3674 2922 3720 et
2953 3665 3166 3730 bellum,
3197 3673 3252 3719 et
3285 3679 3436 3734 qua--

1864 3775 2076 3830 cunque
2111 3760 2265 3816 istius
2297 3759 2512 3824 generis
2554 3757 2841 3818 habentur,
2880 3770 2999 3824 quae
3035 3755 3085 3808 in
3120 3763 3288 3808 totmn
3331 3767 3436 3806 non

1863 3853 2137 3908 sustinent
2189 3852 2408 3907 luminis
2442 3851 2643 3906 radios.
2686 3848 2824 3901 Sunt
2865 3855 3042 3901 autem
3079 3857 3133 3900 et
3159 3845 3436 3901 hominum

1863 3943 2018 4000 multi
2051 3943 2482 4012 versipelliones,
2511 3953 2567 3995 et
2589 3940 3058 4012 versipellionihus
3089 3938 3323 4008 pejores,
3357 3937 3437 3991 vi.

1863 4050 2005 4106 pera:
2031 4035 2204 4106 magis
2225 4051 2384 4106 quam
2415 4034 2690 4098 homines,
2717 4031 3123 4096 amari,invidi,
3157 4029 3435 4094 malitiosi,

1862 4143 1999 4198 quos
2029 4141 2220 4182 omnes
2255 4109 2403 4194 fugat
2435 4124 2613 4178 lumen
2643 4139 2764 4178 cum
2800 4121 2961 4176 fuerit
3001 4132 3202 4177 ortum.
3233 4121 3432 4176 lterum

1861 4231 2044 4276 autem
2078 4233 2260 4272 sermo
2301 4217 2534 4270 recurrit
2563 4215 2626 4267 ad
2655 4215 2829 4284 ipsum
2854 4223 3156 4276 certamen,
3184 4212 3268 4266 his
3317 4227 3435 4280 quae

1862 4315 1977 4368 heri
2013 4323 2141 4366 sunt
2177 4311 2343 4366 dicta.
2381 4309 2579 4362 lterum
2615 4307 2757 4361 enim
2787 4305 3098 4375 propositus
3120 4313 3203 4357 est
3255 4302 3435 4356 Domi-

1863 4423 1964 4461 nus
1992 4405 2175 4465 Jesus,
2207 4411 2261 4456 et
2290 4399 2566 4472 pr0posita
2598 4408 2722 4452 sunt
2759 4396 2861 4449 alia
2902 4394 3090 4449 multa.
3125 4393 3288 4447 Pater
3319 4392 3432 4446 liti--

177 4491 381 4558 Quanti
404 4493 545 4546 enim
570 4509 634 4546 ex
655 4493 736 4546 his
753 4493 842 4561 qui
864 4493 951 4546 hic
974 4507 1114 4545 nunc
1145 4501 1527 4554 convenerunt,
1561 4491 1757 4548 habent
1787 4523 1832 4578 ι)
1863 4515 2018 4570 gans,
2051 4505 2228 4551 mater
2276 4491 2675 4552 contradicens,
2704 4504 2860 4543 soror
2899 4489 3208 4556 increpans,
3264 4485 3434 4539 frater

177 4598 371 4638 eorum
438 4599 556 4654 quae
616 4585 868 4638 dicuntur
925 4583 1412 4652 experimentum?
1461 4585 1557 4638 Est
1609 4587 1752 4638 enim

175 4682 337 4744 pater
373 4673 657 4744 increpans
692 4673 833 4728 ﬁlios
867 4673 936 4728 ob
979 4674 1375 4738 credulitatem,
1402 4681 1456 4728 et
1503 4674 1597 4728 lilii
1641 4691 1754 4730 mo—

175 4775 372 4821 nentes
409 4775 592 4835 patres
636 4767 700 4820 ad
753 4766 944 4829 Iidem,
988 4774 1044 4818 et
1084 4765 1206 4819 ﬁliae
1239 4765 1494 4821 docentes
1529 4778 1749 4822 matres.

177 4859 240 4912 Si
273 4859 418 4914 enim
462 4869 518 4915 et
553 4874 622 4912 ex
671 4860 784 4928 ipsa
819 4866 1008 4911 natura
1039 4872 1248 4922 omnes,
1293 4859 1386 4913 sed
1428 4875 1531 4912 non
1563 4875 1628 4913 ex
1659 4875 1752 4915 eo-

177 4953 304 5007 dem
355 4954 651 5022 proposito.
717 4952 955 5021 Denique
999 4959 1054 5006 ct
1093 4968 1158 5006 ex
1209 4951 1592 5020 conspersione
1645 4968 1749 5006 una

173 5039 437 5112 pollinis,
484 5040 729 5110 quaedam
770 5040 986 5108 quidem
1051 5055 1171 5109 quae
1225 5041 1276 5094 in
1325 5041 1586 5096 ferntento
1626 5051 1751 5097 sunt

176 5132 568 5198 dissolvuntur,
605 5133 846 5200 quaedam
891 5141 1070 5184 autem
1100 5147 1218 5200 quae
1253 5132 1579 5187 fermentata
1623 5142 1751 5188 sunt

176 5225 520 5279 continentur
557 5240 572 5277 :
606 5233 661 5277 et
693 5237 884 5277 carnes
930 5223 1088 5276 aliter
1125 5233 1372 5276 tenentur
1417 5239 1537 5294 quae
1580 5225 1746 5279 salem

177 5315 414 5380 habent,
455 5315 611 5368 aliter
655 5329 773 5383 qua:
801 5314 918 5367 sine
968 5312 1078 5368 sale
1123 5325 1561 5383 corrumpuntur.
1611 5315 1744 5368 Nam

172 5407 280 5462 etsi
299 5407 412 5476 ipsa
441 5415 630 5460 natura
654 5407 725 5458 sit
745 5405 948 5471 carnis,
978 5419 1081 5458 non
1109 5413 1284 5458 tamen
1310 5406 1420 5474 ipsa
1444 5407 1743 5474 permistio.

176 5498 335 5552 Aliud
366 5497 548 5552 vinum
584 5505 668 5552 est
699 5496 816 5551 sine
849 5513 1005 5568 aqua,
1035 5506 1088 5550 et
1128 5496 1271 5550 aliud
1310 5513 1433 5552 cum
1487 5513 1646 5567 aqua.
1682 5499 1748 5553 Et

177 5589 463 5662 ﬁgulorum
499 5591 566 5645 ad
613 5591 991 5660 permistiones
1053 5592 1339 5647 diversitas
1387 5592 1658 5650 habetur:
1693 5605 1746 5649 et

253 5708 274 5732 '
316 5706 513 5777 Ephes.
540 5722 602 5772 tt,
633 5706 720 5762 14.
795 5708 818 5738 ³
855 5705 874 5758 l
904 5707 1028 5761 Cor.
1059 5723 1131 5775 vt,
1164 5709 1246 5764 15.
1324 5711 1344 5741 '
1384 5709 1572 5768 Matth.
1604 5729 1656 5780 x,
1689 5713 1776 5768 '55.

259 5801 369 5872 (84)
409 5801 659 5859 Adversa.
693 5801 773 5856 An
801 5801 999 5856 diversa
1025 5803 1048 5855 3’

1861 4590 2220 4662 exprobrans,
2241 4586 2382 4642 servi
2401 4592 2771 4652 exsurgentes,
2792 4579 2999 4634 ancillae
3019 4586 3430 4649 exaggerantes.

1863 4682 2246 4752 Unusquisque
2291 4679 2434 4734 enim
2464 4692 2616 4732 suam
2654 4674 2985 4728 voluntatem
3022 4681 3146 4726 ante
3200 4670 3429 4726 salutem

1860 4773 2092 4826 ﬁliorum
2131 4781 2472 4839 praeponens,
2537 4765 2707 4818 trahit
2766 4765 2832 4817 ad
2890 4777 3045 4817 suum
3094 4761 3427 4832 propositum

1859 4866 2116 4936 ignorans
2145 4861 2534 4933 proditionem.
2567 4858 2876 4914 Certamina
2927 4871 3057 4926 ergo
3086 4871 3184 4925 pro
3212 4855 3430 4910 Christo

1859 4956 2013 5011 nobis
2045 4963 2176 5010 sunt
2209 4971 2224 5008 :
2255 4951 2505 5008 Christus
2537 4959 2745 5004 tantum
2775 4950 2982 5002 lucrum
3010 4957 3130 5002 est:
3162 4946 3251 5000 ille
3282 4947 3426 4999 enim

1856 5050 2002 5101 venit
2029 5046 2097 5101 ad
2122 5044 2438 5108 Ecclesiam,
2465 5041 2604 5096 alios
2659 5039 2914 5094 distrahit
2962 5049 3015 5092 et
3061 5039 3193 5093 emit
3227 5037 3428 5092 oblitus

1856 5138 2060 5193 Christi
2097 5153 2112 5191 :
2146 5137 2238 5192 ille
2259 5136 2410 5190 audit
2441 5135 2714 5191 Christum
2742 5149 2839 5202 per
2871 5131 3159 5201 Evangelia
3197 5130 3425 5198 loquen-

1857 5240 1987 5297 tem,
2013 5230 2151 5284 alius
2188 5239 2242 5284 et
2270 5229 2683 5297 adestpedibus,
2719 5236 2773 5281 et
2797 5235 2975 5281 mente
3007 5225 3154 5278 foras
3179 5233 3424 5294 vagatur.

1856 5323 1946 5376 Ille
1977 5322 2118 5388 patri
2152 5322 2318 5375 donat
2350 5321 2702 5389 perditionem
2730 5335 2903 5381 suam,
2931 5317 3067 5371 alius
3103 5316 3262 5370 matri
3290 5330 3424 5368 con-

1853 5416 2022 5470 sentit
2054 5423 2112 5467 ut
2143 5429 2248 5468 non
2289 5411 2400 5468 Deo
2429 5413 2570 5482 quod
2597 5411 2849 5467 convenit
2877 5411 3148 5466 restituat.
3181 5409 3262 5464 Ad
3289 5407 3426 5462 mul-

1857 5515 1938 5561 tos
1976 5505 2144 5575 igitur
2168 5504 2418 5560 convenit
2444 5503 2676 5575 jurgari,
2717 5513 2774 5559 ut
2805 5503 2986 5557 multm
3013 5501 3315 5558 eﬂiciantur
3333 5516 3426 5557 c0—

1857 5612 2024 5651 ronae.
2060 5597 2142 5650 Ad
2172 5596 2442 5654 diabolum
2486 5597 2683 5667 quippe
2727 5603 2782 5652 et
2811 5594 3012 5652 milites
3067 5593 3222 5664 ejus:
3272 5592 3423 5649 multi

1855 5715 1898 5746 ιο
1933 5713 2061 5770 ibid.
2095 5713 2201 5786 55.,
