3822 6218
408 349 544 405 “79

1074 344 1345 400 EUSEBII
1383 344 1864 400 CIESARIENSIS'
1896 343 2045 400 OPP.
2088 340 2268 396 PARS
2307 339 2398 394 Π.
2436 369 2506 380 —
2543 338 2944 395 DOGMATICA

3516 341 3644 396 “30

408 479 586 517 autem
618 472 742 516 sunt
772 472 827 514 et
864 461 971 514 isti.
999 458 1229 529 Urgetur
1252 475 1382 512 sane
1413 470 1466 514 et
1491 470 1664 528 pater,
1698 469 1750 514 et
1781 469 1972 523 mater,
2004 467 2051 522 Α
2079 457 2194 510 dit:
2236 465 2480 510 mortuus
2510 456 2654 509 enim
2686 465 2790 508 est.
2813 454 2987 509 Timet
3018 465 3194 509 autem
3219 471 3285 511 ne
3306 458 3430 526 quis
3454 459 3644 512 malam

409 566 462 610 et
483 555 700 616 fratres,
724 563 778 606 et
811 553 1043 622 cognati,
1071 563 1125 605 et
1151 552 1331 614 amici,
1362 562 1416 604 et
1448 553 1612 617 servi,
1645 564 1698 606 et
1735 553 1973 618 ancilla;

408 663 475 701 ex
513 649 698 700 multis
725 646 866 698 enim
894 645 1110 697 tristitia
1133 655 1234 708 est,
1279 645 1401 698 ideo
1433 653 1489 698 ut
1514 655 1570 698 et
1596 655 1740 698 tanta
1774 645 1974 699 habea-

411 751 498 793 tn'r
535 740 739 804 laetitia,
790 747 844 793 et
891 739 1160 791 addantur
1211 738 1431 805 nuptizc,
1489 749 1545 791 et
1590 739 1978 806 promissiones

410 849 569 900 opum
604 832 877 896 mortales,
905 831 1000 883 sed
1024 844 1121 883 nec
1145 842 1372 884 mortuae
1403 850 1414 884 :
1464 845 1583 899 quae
1643 832 1786 884 enim
1833 848 1976 885 nun-

411 939 568 990 quam
607 924 876 983 vixerunt,
915 935 981 973 ne
1011 922 1231 989 quidem
1283 932 1492 974 mortua
1545 933 1830 987 vocentur,
1881 923 1977 978 sed

412 1015 511 1066 alia
543 1015 707 1082 pejori
742 1016 1156 1082 nuncupatione.
1191 1017 1294 1068 Sed
1317 1018 1368 1068 in
1397 1017 1474 1069 Itis
1500 1017 1762 1083 erunibus,
1804 1018 1977 1086 inquit

408 1105 719 1174 Apostolus,
765 1107 1178 1171 superrincimus
1229 1117 1439 1174 propter
1470 1123 1585 1159 eum
1623 1109 1710 1173 qui
1757 1124 1850 1160 nos
1885 1124 1976 1161 su-

411 1197 693 1264 perdilexit
731 1198 792 1252 υ.
818 1198 952 1250 Etsi
1003 1200 1122 1266 quis
1155 1198 1391 1267 Apostoli
1439 1199 1679 1252 imitator
1707 1209 1788 1252 est
1818 1215 1833 1263 ;
1886 1201 1974 1268 qui

409 1289 554 1340 enim
589 1288 826 1340 imitatur
861 1303 1008 1350 eum,
1051 1289 1291 1341 imitatur
1329 1288 1604 1342 Christum
1637 1307 1651 1356 ;
1689 1291 1881 1344 transit
1911 1290 1977 1344 ab

412 1379 714 1431 imitatione
775 1379 840 1431 ad
899 1379 1269 1448 principalem.
1321 1380 1614 1447 .lurgenlnr
1681 1383 1860 1435 omnia
1919 1392 1976 1438 ut

411 1487 770 1538 coronemur;
811 1474 860 1524 in
896 1473 1142 1526 omnibus
1178 1473 1246 1525 sit
1283 1473 1518 1541 jnrgium
1565 1477 1629 1527 ad
1679 1475 1978 1543 pulchritu-

410 1564 610 1630 dinem,
645 1566 710 1617 ad
741 1567 1134 1634 possessiones,
1163 1566 1229 1618 ad
1257 1567 1496 1632 divitias,
1552 1567 1618 1618 ad
1675 1579 1932 1637 cognatos
1957 1609 1974 1636 ,

410 1657 476 1707 ad
513 1666 742 1722 patrem,
774 1659 838 1709 ad
877 1659 1209 1719 triatrem,ad
1241 1661 1432 1712 fratres
1455 1700 1468 1720 ,
1504 1660 1570 1711 ad
1618 1675 1805 1715 servos
1845 1677 1860 1727 ;
1923 1670 1978 1716 et

411 1748 572 1801 vicini
603 1749 1005 1817 impugnatores
1040 1751 1303 1804 exsistant
1334 1769 1346 1804 :
1385 1751 1580 1805 suﬂicit
1603 1753 1749 1806 enim
1797 1755 1980 1809 chari-

413 1851 493 1893 tas
541 1841 700 1894 unius
747 1850 805 1894 ut
854 1845 1283 1909 superetomnia.
1319 1843 1428 1910 Ego
1455 1855 1632 1898 autem
1671 1854 1725 1898 et
1756 1845 1968 1899 misera.

409 1929 542 1984 biles
565 1939 712 1998 puto,
744 1932 831 1998 qui
867 1947 968 1984 non
1001 1942 1124 1984 sunt
1178 1936 1384 2002 experti
1440 1936 1739 1990 istiusmodi
1795 1938 1980 1992 turbe-

411 2023 489 2076 las
520 2034 737 2091 propter
772 2023 1056 2078 Dominum
1085 2025 1289 2078 Jesum.
1320 2025 1428 2080 lllis
1473 2036 1652 2080 autem
1688 2037 1978 2094 congratu-

409 2113 492 2166 lor
524 2117 612 2182 qui
647 2115 840 2170 habent
865 2117 919 2168 in
965 2126 1142 2168 tuente
1193 2127 1247 2168 et
1279 2119 1616 2170 conscientia
1641 2133 1738 2171 sua
1768 2118 1972 2174 dicere.

410 2205 551 2260 Ecce
584 2205 864 2260 Dominum
904 2209 980 2260 tui
1018 2217 1238 2276 propter
1279 2207 1389 2278 (85)
1425 2209 1676 2264 inimicus
1713 2222 1794 2265 est
1848 2212 1978 2266 mihi

411 2303 564 2364 pater
590 2311 760 2362 meus,
789 2300 1145 2367 expugnatrix
1165 2309 1356 2364 mater,
1389 2299 1559 2356 frater
1589 2301 1815 2367 insistit,
1836 2304 1978 2357 servi

409 2389 778 2452 contristant,
845 2390 1056 2444 ancilla:
1087 2391 1401 2460 jurgantur,
1458 2402 1512 2445 et
1571 2395 1749 2448 nullus
1787 2395 1978 2448 horum

417 2482 547 2535 mihi
585 2490 642 2534 ut
669 2483 918 2536 inimicus
949 2492 1031 2535 est
1065 2492 1282 2550 propter
1310 2494 1454 2536 tuam
1483 2484 1854 2538 dilectionem.
1893 2485 1982 2540 Si-

411 2575 630 2644 quidem
663 2585 716 2629 et
745 2576 796 2628 in
833 2575 987 2629 bellis
1023 2576 1222 2630 milites
1249 2587 1481 2644 quantas
1515 2577 1697 2646 plagas
1726 2579 1796 2632 ob
1824 2594 1976 2632 amo-

414 2680 527 2718 rem
561 2666 702 2732 regis
736 2667 1041 2734 accipiunt?
1068 2681 1450 2735 nonnunquam
1488 2671 1630 2722 enim
1658 2680 1711 2724 et
1743 2670 1978 2740 gauden-

411 2767 492 2812 tes
520 2757 809 2812 ostendunt
847 2769 903 2814 et
954 2761 1272 2830 sanguinum
1315 2759 1526 2824 ﬂuxus,
1584 2773 1640 2816 et
1701 2763 1977 2832 plagarum

409 2851 713 2916 cicatrices,
744 2866 842 2921 per
865 2866 984 2918 quae
1007 2853 1372 2919 experimenta
1403 2853 1609 2921 fulgent
1645 2869 1857 2908 amores
1882 2856 1974 2922 qui

411 2942 476 2996 ad
515 2957 691 3012 regem
715 2951 838 2995 sunt
863 2941 1056 2995 habiti.
1081 2942 1146 2995 Et
1174 2954 1320 2996 certe
1344 2953 1554 3011 quaerat
1587 2946 1976 3014 unusquisque,

407 3043 464 3088 et
495 3035 673 3105 pigeat
711 3049 1174 3104 unumquemque,
1213 3044 1273 3088 ut
1305 3036 1443 3090 alius
1477 3047 1733 3106 acceptus
1757 3039 1849 3094 sit.
1887 3037 1978 3092 Ille

2079 548 2246 602 vitam
2272 549 2421 601 vivat
2449 565 2463 601 :
2493 547 2689 601 mortui
2719 547 2860 601 enim
2891 563 3097 601 sumus.
3133 547 3268 601 Nam
3299 559 3352 602 et
3381 549 3474 618 qui
3509 565 3648 602 mor-

2080 641 2186 694 tuis
2210 640 2433 708 sepultis
2456 654 2672 694 mensas
2701 649 2975 708 apponunt
3006 650 3060 693 et
3092 655 3270 702 escas.
3301 641 3558 696 delirant.
3593 641 3646 696 Si

2079 729 2242 799 igitur
2267 745 2483 784 mensas
2515 744 2785 799 apponere
2813 731 3040 785 mortuis
3089 731 3510 786 deliramentum
3545 745 3644 799 est,

2078 828 2132 873 et
2155 820 2469 873 comminari
2491 820 2717 874 mortuis
2740 820 2920 876 irrisio
2941 833 3025 877 est
3052 840 3066 878 :
3096 833 3151 876 et
3178 832 3326 878 certe
3357 825 3648 880 adveniant

2077 917 2128 961 et
2163 909 2341 972 mium,
2372 921 2642 963 acuantur
2675 911 2858 979 gladii,
2883 923 2938 964 et
2973 915 3267 979 exercitus,
3296 923 3352 967 et
3404 914 3574 984 leges,
3597 925 3649 970 et

2079 999 2389 1053 civitatibus
2422 1011 2682 1069 appareat
2717 1000 2844 1055 Jesu
2873 1001 3078 1057 Christi
3129 1005 3340 1058 Domini
3373 1006 3568 1069 virtus,
3595 1018 3649 1060 et

2080 1107 2233 1146 amor
2283 1101 2339 1146 et
2390 1093 2626 1147 ﬂamma.
2675 1095 2872 1149 Audite
2929 1096 3092 1165 igitur
3142 1097 3233 1166 qui
3274 1097 3488 1152 Domini
3521 1097 3648 1153 Jesu

2078 1184 2367 1252 participes
2396 1186 2774 1254 mysteriorum
2803 1197 2935 1241 esus
2967 1189 3181 1242 :audite
3202 1188 3498 1257 Christum,
3533 1193 3646 1245 cul-

2080 1284 2225 1328 tores
2249 1275 2384 1342 ejus.
2412 1278 2549 1341 Quid
2577 1278 2706 1332 dicit
2745 1278 2924 1332 lumen
2972 1281 3198 1333 verum?
3221 1282 3348 1349 quid
3409 1282 3650 1352 loquitur

2079 1367 2206 1420 via?
2236 1369 2366 1436 quid
2393 1369 2767 1439 clamatjanua
2793 1371 2816 1423 ?
2845 1372 2972 1439 quid
2997 1371 3326 1426 vociferatur
3361 1375 3472 1427 vita
3493 1375 3518 1427 ?
3548 1375 3649 1439 Qui

2078 1459 2272 1529 diligit,
2305 1461 2500 1530 inquit,
2527 1472 2725 1526 patrem
2755 1473 2845 1515 aut
2875 1475 3094 1516 matrem
3121 1480 3278 1532 super
3305 1481 3404 1529 me,
3446 1481 3552 1517 non
3575 1475 3650 1519 est

2078 1566 2160 1603 me
2186 1553 2374 1621 dignus
2398 1552 2462 1604 ¹².
2493 1553 2558 1606 Ει
2593 1569 2699 1607 non
2726 1552 2917 1608 suﬂicit
2940 1555 3064 1608 hoc.
3092 1555 3287 1609 lterum
3317 1556 3459 1609 enim
3485 1556 3647 1609 dicit:

2081 1642 2148 1696 Et
2176 1647 2266 1713 qui
2290 1661 2393 1698 non
2433 1646 2619 1711 accipit
2654 1662 2859 1698 crucem
2883 1663 3055 1712 suam,
3093 1657 3142 1700 et
3162 1648 3396 1712 sequitur
3415 1663 3517 1713 me,
3546 1665 3652 1701 non

2080 1746 2152 1788 est
2188 1752 2268 1788 me
2303 1738 2492 1806 dignus
2524 1737 2591 1789 ¹³.
2625 1738 2726 1791 lsta
2755 1749 2840 1792 est
2870 1743 3077 1792 vocatio
3121 1754 3309 1792 eorum
3369 1741 3462 1808 qui
3511 1740 3654 1793 mili-

2087 1836 2202 1880 tare
2241 1829 2555 1882 desiderant
2591 1829 2833 1884 Christo.
2871 1829 2928 1883 Si
2959 1831 3079 1898 quis
3121 1832 3286 1900 igitur
3314 1839 3539 1900 paratus
3570 1841 3656 1886 est

2083 1917 2346 1985 crucifigi,
2377 1918 2594 1972 veniat:
2635 1919 2678 1973 si
2703 1921 2824 1988 quis
2851 1920 3032 1974 alacer
3070 1931 3155 1974 est
3201 1922 3267 1974 ad
3297 1928 3552 1985 mortem,
3605 1923 3651 1975 si

2083 2007 2202 2074 quis
2231 2019 2406 2076 potest
2431 2010 2498 2062 ad
2527 2009 2784 2078 gladium,
2813 2011 2856 2064 si
2893 2012 3016 2080 quis
3044 2011 3113 2065 ad
3143 2011 3434 2075 ﬂammam,
3463 2013 3509 2065 si
3531 2012 3654 2080 quis

2082 2100 2148 2153 ad
2179 2102 2376 2168 ignem,
2405 2102 2451 2155 si
2483 2104 2605 2171 quis
2649 2104 2714 2157 ad
2745 2105 3040 2168 exercitus,
3065 2103 3110 2157 si
3139 2105 3260 2171 quis
3289 2104 3356 2156 ad
3396 2104 3652 2172 concupi-

2082 2193 2341 2260 scentias,
2374 2194 2420 2247 si
2454 2196 2575 2264 quis
2603 2196 2668 2247 ad
2721 2195 2994 2260 libidines,
3047 2198 3088 2249 si
3120 2198 3240 2265 quis
3284 2196 3352 2249 ad
3398 2197 3560 2262 iram,
3605 2195 3657 2251 si

2083 2284 2205 2351 quis
2229 2285 2294 2336 ad
2319 2285 2768 2355 indignationem,
2799 2287 2844 2341 si
2878 2289 3000 2357 quis
3025 2289 3091 2341 ad
3122 2303 3249 2356 opes
3297 2298 3354 2342 et
3390 2289 3614 2342 divitias
3636 2326 3656 2352 ,

2085 2384 2139 2426 et
2171 2377 2559 2442 possessiones,
2599 2388 2653 2432 et
2686 2378 2934 2441 aedilicia,
2980 2388 3034 2431 et
3057 2389 3411 2443 mercaturas,
3476 2389 3533 2432 et
3585 2379 3657 2431 ad

2093 2465 2424 2533 principatus
2457 2477 2508 2520 et
2537 2478 2855 2536 potestates,
2895 2471 2960 2523 ad
2992 2469 3233 2524 visibiles
3267 2481 3320 2522 et
3353 2469 3660 2524 invisibiles

2081 2557 2352 2620 inimicos,
2382 2558 2448 2612 ad
2478 2561 2702 2628 spiritus
2743 2576 3003 2628 nequam,
3031 2561 3097 2614 ad
3136 2574 3378 2625 carnem,
3411 2563 3480 2614 ad
3505 2564 3659 2629 cogi-

2083 2654 2253 2699 tatum
2291 2649 2506 2712 animai,
2538 2651 2604 2702 ad
2633 2659 2932 2702 nocturnas
2965 2650 3316 2713 ambitiones,
3339 2652 3420 2704 ad
3469 2664 3662 2706 motu:

2082 2738 2431 2806 tneridianos,
2466 2740 2534 2793 ad
2581 2739 2885 2807 juventutis
2914 2740 3206 2808 fervorem,
3229 2742 3312 2794 ad
3343 2741 3612 2810 impetum
3640 2783 3660 2808 ,

2086 2829 2152 2883 ad
2176 2829 2373 2883 fatnem
2411 2839 2462 2885 et
2492 2832 2665 2896 sitim,
2698 2831 2766 2886 ad
2801 2833 3072 2897 homines,
3107 2834 3173 2887 ad
3197 2833 3491 2901 languores
3516 2874 3531 2900 ,
3589 2834 3662 2887 ad

2081 2922 2368 2986 sanitates,
2401 2925 2467 2976 ad
2493 2924 2727 2977 divitias.
2763 2924 2864 2978 Per
2893 2925 3007 2979 haec
3026 2925 3169 2978 enim
3200 2926 3384 2979 omnia
3412 2926 3664 2979 vincitur

2083 3012 2410 3068 desiderium
2443 3033 2456 3068 :
2501 3017 2673 3085 magis
2698 3025 2878 3070 autem
2907 3017 3238 3072 desiderium
3271 3034 3447 3088 neque
3478 3019 3664 3073 vinci-

409 3127 627 3195 quidem
654 3127 724 3179 ita
775 3129 1074 3194 proposuit,
1129 3126 1267 3180 alius
1295 3127 1453 3182 aliter
1506 3128 1689 3182 alacer
1739 3128 1857 3182 fuit.
1907 3128 1977 3183 Ut
2004 3150 2046 3206 α
2083 3138 2190 3195 tur,
2223 3142 2396 3196 neque
2434 3127 2761 3192 deﬂectitur,
2803 3130 2896 3182 sed
2929 3144 3025 3198 per
3063 3129 3169 3183 ista
3221 3131 3402 3183 omnia
3437 3131 3616 3184 vincit
3641 3172 3658 3196 ,

409 3216 748 3269 dinumerem
781 3216 1014 3283 singula,
1050 3216 1178 3284 quid
1227 3218 1372 3269 enim
1425 3225 1480 3270 et
1514 3217 1688 3271 habeo
1723 3219 1974 3272 dinume-

409 3323 532 3361 rare
561 3319 783 3376 propter
817 3308 985 3360 eum?
1016 3307 1148 3374 Quis
1201 3310 1346 3362 enim
1395 3324 1480 3363 me
1514 3323 1738 3363 exosum
1789 3309 1979 3364 habuit

407 3410 632 3472 propter
655 3399 967 3455 Christum?
995 3399 1125 3465 Quis
1158 3416 1243 3454 me
1273 3400 1559 3467 castigavit
1585 3409 1806 3470 propter
1829 3399 1979 3454 eum?

408 3495 542 3562 Quis
575 3509 662 3548 me
693 3505 848 3564 pater
903 3493 1204 3548 abdicavit?
1231 3493 1360 3559 Quae
1391 3502 1565 3546 mater
1615 3493 1843 3546 adversa
1890 3504 1977 3544 me

408 3587 540 3644 est?
576 3587 706 3654 Quis
750 3586 920 3640 frater
953 3585 1243 3639 adversum
1276 3597 1362 3637 me
1400 3581 1756 3636 exsurrexit?
1798 3579 1843 3636 Ο
1871 3581 1974 3634 mi-

403 3679 713 3737 serabilitas
741 3693 926 3732 eorum
961 3677 1053 3746 qui
1085 3692 1188 3730 non
1220 3675 1419 3728 habent
1448 3675 1580 3728 ista!
1615 3673 1765 3727 Alius
1795 3681 1976 3727 autem

407 3773 558 3825 dives
587 3779 640 3826 et
668 3771 873 3840 spissus
909 3769 959 3821 in
987 3768 1202 3836 opibus,
1239 3766 1394 3819 laetus
1428 3775 1511 3819 est
1541 3775 1742 3828 mente,
1782 3765 1907 3833 quia
1944 3778 1974 3816 a

403 3864 719 3918 civitatibus
745 3871 798 3914 et
831 3861 1138 3913 nationibus
1175 3860 1519 3920 deeantatur,
1552 3857 1676 3924 quia
1704 3856 1974 3909 theatrum

406 3963 490 4007 est
520 3953 696 4007 factus
715 3961 769 4005 et
799 3951 1006 4019 angelis
1030 3959 1084 4002 et
1121 3948 1448 4002 hominibus.
1476 3946 1696 4014 Dignus-
1714 3948 1858 3999 enim
1892 3956 1975 3999 est

405 4046 496 4115 qui
521 4045 877 4106 desideratur,
913 4053 966 4096 et
999 4042 1125 4110 quia
1181 4041 1490 4108 increpatur
1517 4048 1571 4093 et
1607 4038 1808 4104 oditur,
1849 4037 1972 4106 quia

403 4137 610 4192 inimici
637 4135 870 4190 hominis
896 4133 1178 4187 domestici
1227 4131 1363 4199 ejus,
1387 4139 1441 4184 et
1465 4131 1590 4199 quia
1624 4129 1866 4184 abscisus
1890 4137 1975 4183 est

404 4230 472 4284 ab
501 4243 566 4282 eo
589 4236 764 4298 pater,
796 4236 851 4281 et
883 4243 986 4280 non
1012 4227 1289 4279 consentit
1323 4234 1515 4289 mater,
1544 4224 1670 4292 quia
1724 4223 1973 4278 noctibus

400 4330 762 4392 expugnatur,
797 4328 850 4373 et
875 4333 970 4388 per
992 4318 1105 4372 dies
1153 4326 1470 4379 coronatur,
1503 4319 1634 4374 mihi
1657 4329 1711 4373 et
1737 4319 1869 4373 meis
1891 4317 1973 4371 vi-

402 4413 644 4469 sceribus
699 4421 754 4466 et
806 4411 946 4464 ossis
977 4410 1113 4464 bella
1164 4425 1282 4477 quae
1321 4424 1416 4477 pro
1448 4410 1667 4465 Christo
1707 4420 1850 4465 sunt.
1906 4411 1972 4464 Et

403 4505 546 4557 unde
579 4502 710 4556 mihi
746 4503 845 4558 hoc
873 4519 1034 4572 supra
1062 4502 1379 4570 dignitatem
1419 4511 1500 4555 est
1558 4517 1753 4566 meam,
1801 4511 1858 4555 ut
1887 4502 1968 4556 vel
2003 4482 2046 4536 Ῑ)

405 4596 658 4666 injuriam
688 4611 787 4666 pro
823 4595 1042 4651 Christo
1074 4593 1370 4648 sustineam
1397 4593 1419 4646 ?
1466 4593 1625 4648 Cruci
1661 4603 1842 4646 autem
1873 4594 1965 4665 figi

401 4697 459 4742 et
483 4687 701 4742 inverso
730 4689 924 4755 capite,
944 4685 1088 4741 Petri
1110 4685 1277 4753 magis
1303 4696 1386 4740 est
1412 4702 1572 4755 quam
1605 4687 1831 4740 aliorum
1874 4687 1970 4742 bo-

402 4779 633 4833 minum.
671 4779 942 4834 Ebrietate
968 4795 1104 4849 opus
1127 4788 1210 4834 est
1234 4789 1286 4832 et
1308 4779 1542 4841 fervore,
1574 4778 1836 4833 ebrietate
1862 4797 1967 4835 non

401 4887 436 4926 ει
462 4873 606 4936 vino,
633 4873 727 4925 sed
759 4887 822 4926 ea
850 4887 968 4940 qua:
995 4871 1061 4926 ob
1078 4884 1313 4925 amorem
1336 4881 1420 4924 est
1441 4869 1660 4926 Christi.
1688 4870 1788 4936 Qui
1820 4873 1966 4926 enim

403 4974 606 5028 amant,
632 4963 762 5017 nihil
784 4964 966 5018 vident
995 4964 1096 5017 nisi
1113 4979 1234 5017 eum
1269 4977 1429 5032 quem
1449 4963 1695 5032 diligunt.
1715 4962 1974 5019 Nesciunt

403 5057 530 5127 quia
561 5064 642 5110 est
669 5056 807 5110 alius
841 5057 894 5110 in
927 5059 1118 5110 terra-z
1155 5055 1244 5108 ub'i
1273 5055 1416 5108 enim
1468 5055 1756 5110 thesaurus
1808 5054 1972 5108 fuerit

406 5147 622 5211 mentis,
661 5147 771 5201 illic
802 5157 857 5200 et
887 5147 1065 5199 anima
1097 5146 1362 5213 habetur;
1397 5145 1500 5199 alia
1547 5153 1725 5198 autem
1764 5154 1971 5199 mortua

403 5237 608 5292 suntei.
631 5236 686 5291 Si
719 5239 980 5308 inerepas,
1001 5254 1179 5293 nonne
1193 5239 1417 5307 eumqui
1442 5238 1619 5292 audit?
1640 5239 1695 5293 Si
1717 5239 1963 5308 castigas,

402 5343 580 5384 nonne
597 5345 716 5383 eum
746 5332 834 5400 qui
862 5333 1057 5386 sentit?
1074 5332 1173 5399 Qui
1187 5331 1382 5388 Christi
1401 5334 1543 5388 enim
1562 5344 1707 5399 sunt,
1724 5336 1966 5390 cruciﬂxi

404 5419 688 5474 habentur.
723 5421 862 5487 Quid
891 5423 1006 5477 sine
1033 5438 1196 5478 causa
1229 5423 1479 5477 laboras?
1518 5434 1762 5480 mortuus
1789 5425 1832 5478 si
1859 5436 1968 5480 tor-

405 5523 632 5579 queatur
660 5528 764 5568 non
798 5515 982 5581 sentit,
1019 5515 1183 5569 etiam
1233 5514 1279 5568 si
1330 5515 1696 5584 increpaveris
1731 5532 1836 5570 non
1863 5533 1958 5569 au-

480 5604 520 5634 “
547 5605 700 5661 Rom.
732 5624 849 5674 vm,
876 5610 964 5663 57.
1045 5610 1086 5640 ¹²
1110 5609 1300 5663 Matth.
1351 5625 1406 5675 Χ,
1467 5611 1552 5667 57.
1630 5611 1674 5642 ³³
1708 5611 1837 5667 ibid.
1865 5614 1952 5668 58.

2033 5617 2074 5647 “‘
2105 5619 2232 5672 ibid.
2270 5620 2357 5672 5‘).

2079 3227 2134 3272 et
2159 3219 2350 3269 iterum
2378 3217 2666 3269 abundans
2696 3217 2747 3269 in
2773 3218 3156 3287 praedicatione
3196 3228 3301 3273 est.
3350 3218 3470 3273 Non
3499 3221 3656 3273 enim

2081 3317 2222 3362 tacet
2251 3306 2507 3371 Verbum,
2544 3306 2777 3361 Verbum
2802 3309 2976 3373 Deus;
3007 3325 3110 3363 non
3150 3320 3327 3364 tamen
3380 3311 3665 3367 vox'Ver-

2079 3400 2228 3466 bum,
2257 3400 2386 3468 quia
2423 3415 2521 3454 nec
2551 3398 2790 3455 Joannes
2817 3402 2910 3471 qui
2948 3413 3173 3456 vocatus
3220 3413 3306 3457 est
3364 3419 3490 3471 vox,
3549 3419 3662 3460 vox

2077 3502 2220 3555 erat,
2256 3493 2349 3546 sed
2382 3491 2638 3547 Joannes.
2681 3493 2820 3560 Quid
2850 3507 3030 3548 autem
3065 3497 3192 3550 dicit
3221 3499 3310 3566 qui
3351 3498 3496 3550 venit
3547 3499 3664 3550 saf-

2077 3585 2249 3639 vare?
2280 3587 2382 3649 Qui
2405 3587 2594 3639 invenit
2619 3587 2850 3639 animam
2871 3603 3041 3651 suam,
3062 3589 3243 3655 perdet
3270 3605 3385 3642 eam
3406 3589 3469 3645 ⁸⁸.
3485 3588 3663 3645 Forte

2077 3678 2364 3732 obscurum
2399 3679 2491 3732 tibi
2525 3679 2738 3733 videtur
2773 3680 2924 3749 quod
2953 3681 3156 3734 dictum
3182 3691 3264 3736 est
3295 3698 3310 3733 :
3345 3683 3472 3750 quia
3503 3683 3659 3736 enim

2079 3785 2183 3823 non
2216 3771 2384 3824 habes
2409 3781 2830 3838 sacramentum,
2865 3787 3036 3842 neque
3059 3788 3246 3828 omnes
3281 3775 3459 3828 omnia
3493 3775 3663 3830 intel-

2081 3862 2323 3931 ligimus,
2361 3879 2538 3932 neque
2564 3881 2754 3919 omnes
2785 3866 2852 3920 ah
2886 3865 3136 3920 omnibus
3170 3882 3472 3931 movemur,
3527 3869 3659 3922 ideo

2075 3965 2229 4022 putas
2245 3958 2407 4009 obscu
2417 3973 2470 4008 ra
2491 3955 2614 4020 :Qui
2630 3957 2816 4010 invenit
2835 3960 3065 4010 animum
3081 3974 3250 4022 suam,
3271 3961 3445 4028 perdet
3463 3963 3659 4029 eam",

2075 4045 2178 4099 hoc
2205 4056 2308 4110 est,
2345 4049 2572 4117 quivult
2613 4051 2857 4103 invenire
2909 4053 3114 4120 perdet.
3168 4053 3492 4117 Quomodo?
3521 4054 3660 4120 Quae

2076 4137 2312 4193 inventio
2327 4150 2430 4207 est,
2454 4155 2510 4194 et
2531 4157 2650 4211 quae
2675 4143 2938 4197 amissio?
2966 4144 3039 4196 De
3062 4147 3175 4212 ipsa
3201 4145 3498 4213 eademque
3530 4147 3656 4200 ani-

2075 4247 2159 4284 ma
2197 4233 2284 4300 qui
2317 4235 2636 4305 martyrium
2668 4237 2893 4304 patitur,
2955 4236 3096 4289 tollit
3154 4237 3486 4301 hominibus,
3544 4240 3658 4292 Deo

2073 4335 2252 4378 autem
2288 4325 2512 4378 invenit.
2547 4326 2652 4390 Qui
2692 4328 2976 4393 perdiderit
3004 4328 3235 4379 animant
3267 4345 3414 4381 suam
3440 4342 3658 4398 propter

2075 4433 2179 4482 me,
2235 4418 2461 4471 inveniet
2509 4436 2624 4471 eam
2654 4419 2717 4472 ¹⁵.
2779 4419 3234 4488 Interpretatione
3293 4437 3398 4475 non
3446 4423 3655 4493 indiget

2079 4525 2298 4575 sermo;
2329 4510 2417 4578 qui
2443 4510 2714 4565 desiderat
2740 4511 2852 4578 jam
2885 4512 3109 4565 audivit.
3153 4512 3262 4580 Ego
3287 4524 3472 4566 autem
3497 4529 3653 4568 com-

2077 4602 2255 4670 patior
2289 4613 2487 4657 uestrae
2522 4612 2751 4667 naturae,
2788 4605 2880 4673 qui
2914 4605 2984 4658 ita
3022 4620 3209 4659 sumus
3241 4605 3422 4674 egeni,
3457 4617 3518 4660 ut
3544 4622 3647 4661 non

2077 4695 2351 4761 possimus
2379 4695 2612 4750 invicem
2650 4706 2841 4751 nostro
2873 4697 3058 4752 debito
3084 4700 3215 4751 dare
3253 4699 3478 4768 aliquid.
3509 4699 3647 4766 Quid

2078 4794 2256 4838 autem
2317 4794 2372 4839 et
2420 4801 2705 4854 possumus
2749 4787 3046 4841 retribuere
3092 4787 3310 4843 Christo
3367 4790 3644 4844 Domino?

2077 4876 2324 4928 Animam
2349 4891 2514 4945 quam
2553 4878 2778 4942 creavit,
2813 4893 3008 4947 corpus
3035 4881 3178 4947 quod
3234 4880 3516 4950 ﬁguravit,
3551 4899 3646 4951 pu-

2080 4968 2316 5022 dicitiam
2355 4984 2450 5037 per
2480 4985 2643 5039 quam
2689 4971 3008 5025 beneﬁcium
3061 4971 3267 5038 tribuit,
3325 4976 3646 5045 martyrium

2079 5075 2176 5129 per
2204 5063 2344 5129 quod
2369 5062 2693 5127 sanctificat,
2730 5062 3000 5130 justitiam
3047 5080 3142 5132 per
3191 5080 3356 5132 quam
3395 5066 3643 5122 honorat.

2076 5154 2205 5222 Quae
2232 5156 2474 5210 videmur
2497 5159 2544 5210 ei
2569 5159 2814 5223 reddere,
2845 5160 3015 5227 magis
3034 5161 3352 5226 accipimus.
3382 5163 3644 5218 Adveniet

2075 5247 2236 5318 igitur
2258 5248 2472 5304 ﬂamma
2491 5254 2555 5303 ad
2583 5251 2863 5312 medullas,
2889 5253 3286 5327 penetretignis
3313 5255 3385 5308 ad
3413 5259 3642 5320 viscera,

2072 5349 2126 5392 et
2150 5341 2476 5393 accendatur
2493 5343 2673 5395 anima
2693 5342 2758 5395 ad
2780 5341 3116 5410 martyrium,
3135 5342 3200 5395 ad
3219 5343 3644 5412 confessionem,

2075 5431 2141 5484 ad
2168 5432 2505 5500 pudicitiam,
2539 5437 2606 5487 ad
2632 5433 2921 5501 justitiam,
2966 5433 3033 5485 ad
3067 5433 3531 5498 misericordiam,
3577 5437 3637 5492 ad

2072 5523 2272 5594 jejunia
2306 5543 2320 5591 ;
2365 5538 2423 5580 ut
2453 5537 2506 5580 et
2538 5526 2782 5581 diabolus
2806 5537 3107 5595 superetur,
3137 5533 3192 5579 et
3240 5525 3519 5584 daemones
3549 5531 3636 5582 de-

2455 5621 2498 5651 ¹⁸
2529 5621 2657 5674 ibid.

617 5698 753 5784 "Ecce
787 5701 1064 5779 Dominum
1093 5704 1170 5756 tui
1201 5714 1431 5773 propter,
1467 5713 1569 5762 etc.
1607 5704 1829 5762 Videtur
1865 5709 1999 5765 verti
2037 5711 2285 5770 debuisse
2336 5712 2499 5782 Ecce,
2545 5713 2786 5783 Domine,
2817 5724 3024 5782 propter
3081 5722 3151 5781 te,
3184 5724 3320 5779 etc.,
3373 5717 3521 5784 quod
3563 5724 3634 5770 εει

403 5767 445 5820 C
458 5781 588 5820 race
617 5768 773 5821 's'tcxat
802 5770 914 5824 σοῦ.
