3822 6218
102 337 237 390 H8!

101 461 410 520 struantur,
451 463 505 510 et
544 453 705 509 homo
731 471 829 526 pro
861 458 1081 514 Christo
1113 459 1391 525 salvetur;
1433 471 1488 515 et
1536 477 1678 516 sem-

102 564 206 612 per
231 550 437 618 gratias
465 558 590 619 agat
623 548 732 604 Deo
763 550 906 605 Patri
943 567 1038 622 per
1067 553 1411 622 unigenitum
1457 555 1573 622 ejus
1595 554 1685 608 Fi-

102 637 261 705 lium,
291 652 386 708 per
411 654 568 708 quem
597 649 680 695 est
709 641 758 696 ei
781 641 974 710 gloria,
1000 643 1191 710 honor,
1227 646 1530 714 imperium,
1561 663 1680 701 ma-

1443 341 1512 398 ΙΝ
1547 342 1804 398 MATTH.
1851 345 1915 410 Χ,
1955 347 2046 402 27.

3225 355 3361 410 1182

1803 467 1988 535 festas,
2017 483 2136 522 cum
2172 468 2372 538 Spiritu
2401 481 2608 536 sancto,
2639 480 2694 527 et
2731 488 2897 538 nunc,
2930 483 2984 531 et
3018 490 3254 545 semper,
3310 487 3361 531 et

1793 575 1890 628 per
1921 561 2100 613 omnia
2130 561 2326 616 saecula
2355 564 2695 620 saeculorum.
2720 567 2914 620 Amen.

103 780 3234 805 Wm-

1082 946 1637 1060 EUSEBII
1719 949 2399 1063 PAMPHILI

656 1186 804 1274 DE
878 1183 1459 1276 MANDATO
1539 1183 2045 1308 DOMINI,
2123 1160 2811 1292 QUODAIT:

849 1372 1033 1447 Quod
1077 1373 1217 1434 dico
1263 1365 1438 1434 vobis
1482 1373 1548 1433 in
1585 1392 1772 1448 aure,
1817 1392 2013 1452 supra
2055 1385 2217 1438 tecta
2252 1379 2630 1456 praedicata,

1402 1537 1636 1597 LIBER
1679 1537 2092 1601 SEPTIMUS.

186 1860 362 1915 Verba
395 1860 508 1914 lucc
539 1874 659 1930 qua:
687 1859 823 1914 lecta
849 1869 1001 1924 sunt,
1039 1860 1253 1914 Domini
1282 1871 1550 1931 martyres
1573 1876 1699 1927 pro-
1733 1865 1774 1922 Β
1808 1864 1922 1933 ipse
1959 1867 2175 1934 quidem
2208 1878 2512 1936 opportune
2543 1877 2703 1935 tacet,
2728 1869 3004 1939 discipulis
3028 1883 3206 1927 autem
3229 1873 3372 1945 loqui

115 1957 394 2009 duxerunt
428 1956 494 2008 ad
533 1957 883 2024 passionem;
949 1971 1047 2025 per
1089 1958 1187 2011 hos
1236 1957 1378 2012 enim
1412 1970 1693 2010 sermones

117 2047 391 2103 ﬂammam
431 2049 483 2102 in
525 2064 713 2102 eorum
769 2049 1086 2119 prmcordiis
1139 2051 1527 2102 accenderunt.
1593 2049 1694 2103 Per

77 2141 285 2196 ‘istam
311 2141 610 2195 doctrinam
635 2142 808 2195 erexit
865 2157 978 2206 eos,
1011 2152 1070 2195 ut
1115 2151 1526 2196 contemnerent
1561 2157 1699 2210 pra:-

123 2233 320 2297 sentia,
355 2241 735 2301 exsliectarent
767 2242 943 2286 autem
964 2233 1164 2287 futura.
1187 2233 1291 2287 Per
1331 2234 1486 2288 istam
1519 2233 1699 2288 erudi-

119 2325 322 2379 tionem
348 2326 580 2380 armavit
608 2341 702 2380 eos
728 2326 794 2380 ad
821 2336 1073 2381 mortem.
1101 2325 1281 2381 Utitur
1306 2336 1489 2381 autem
1517 2337 1569 2381 et
1592 2327 1697 2379 hoc

125 2417 321 2470 ordine
349 2431 575 2470 servans
591 2415 860 2471 otlicium:
893 2417 1148 2485 przecedit
1175 2425 1353 2474 autem
1392 2417 1695 2484 passionem

120 2519 425 2580 martyrum
463 2509 764 2563 constantia
791 2524 806 2562 :
837 2509 927 2578 qui
966 2509 1110 2563 enim
1139 2523 1246 2562 non
1289 2509 1568 2577 praedicat,
1597 2523 1699 2562 nec

120 2603 436 2667 tenebitur;
474 2603 563 2672 qui
593 2620 698 2655 non
726 2619 850 2656 etnn
887 2602 1079 2656 ﬁducia
1112 2601 1272 2656 fuerit
1319 2603 1552 2666 locutus,
1598 2615 1700 2656 nec

120 2696 383 2759 tristabit,
409 2696 502 2750 sed
538 2695 791 2761 pra-cedit
819 2695 1134 2749 constantia
1179 2695 1509 2762 passionem.
1562 2693 1698 2746 Cum

115 2786 266 2841 eriim
295 2786 470 2838 anima
503 2785 569 2838 de
596 2785 832 2838 adventu
891 2783 984 2838 Dei
1041 2794 1126 2837 sat
1179 2784 1469 2848 habuerit,
1523 2783 1700 2836 aderit

119 2878 269 2932 enim
301 2877 516 2931 Deusin
542 2877 890 2944 anima,quaa
942 2876 1069 2930 dum
1097 2877 1276 2941 capiet
1327 2876 1534 2939 omnia,
1592 2889 1698 2928 non

118 2977 305 3038 potest
335 2968 663 3022 desiderium
690 2976 869 3023 tacere
903 2983 1080 3035 suum,
1113 2968 1205 3022 sed
1237 2969 1399 3022 sentit
1424 2967 1569 3037 quod
1599 2967 1697 3020 ha-

117 3062 234 3124 bet,
266 3062 518 3131 quodque
575 3075 680 3112 non
715 3059 898 3121 habet,
948 3060 1038 3129 qui
1083 3074 1204 3113 sese
1242 3059 1640 3113 fraudaverunt
1669 3072 1698 3109 a

121 3156 294 3209 bono.
319 3153 408 3206 llle
441 3162 620 3206 autem
646 3151 736 3221 qui
763 3161 975 3205 amator
1006 3151 1097 3204 Dei
1122 3161 1206 3205 est
1252 3154 1598 3213 constitutus,
1648 3157 1702 3202 et

122 3243 522 3297 humanitatem
557 3250 757 3302 servat,
791 3240 972 3294 statim
998 3251 1218 3309 pr0pter
1264 3239 1430 3293 Deum
1480 3237 1699 3308 quidem

117 3336 366 3398 laetatur,
389 3343 610 3402 propter
633 3332 1020 3386 humanitatem
1050 3339 1229 3385 autem
1260 3346 1364 3384 non
1391 3339 1533 3384 tacet
1565 3346 1578 3384 :
1607 3329 1703 3384 ho-

118 3429 302 3483 mines
337 3435 514 3481 autem
535 3425 852 3479 benelicium
878 3439 984 3478 non
1011 3424 1268 3490 ferentes,
1296 3424 1544 3494 ignorant
1576 3424 1702 3493 quis

121 3521 398 3574 inhabitat
445 3519 498 3571 in
545 3519 821 3586 loquente,
884 3531 991 3570 non
1027 3515 1211 3571 ferunt
1258 3532 1391 3571 sane
1435 3531 1538 3570 nec
1564 3532 1699 3572 con-

119 3612 404 3666 stantiam.
433 3610 541 3664 Sed
565 3611 704 3664 sicut
732 3606 903 3662 Judaai
932 3609 1206 3679 Stephano
1231 3609 1407 3676 primo
1435 3609 1576 3664 inter
1601 3608 1701 3663 ho-

121 3705 304 3758 mines
328 3712 567 3771 martyre
595 3699 793 3755 Christi
827 3701 1080 3769 loquente
1105 3700 1496 3754 obstruxerunt
1534 3715 1697 3754 aures

124 3810 281 3859 suas,
305 3809 372 3847 ne
403 3793 778 3861 ingrederetur
808 3793 986 3856 Deus;
1040 3793 1113 3846 ita
1143 3802 1197 3846 et
1233 3791 1477 3845 nonnulli
1520 3791 1698 3846 homi-

124 3904 262 3941 num
289 3905 302 3940 :
332 3889 458 3955 quia
485 3885 628 3940 enim
654 3887 960 3940 constantia
1024 3885 1299 3940 antecedit
1349 3885 1654 3955 passionem
1685 3925 1702 3951 ,

126 3981 276 4034 unde
305 3980 528 4034 deberet
555 3979 717 4032 istinc
743 3987 800 4032 et
837 3978 1028 4048 incipit
1081 3979 1359 4042 Dominus,
1385 3977 1476 4044 qui
1507 3978 1709 4048 produ-

122 4076 206 4127 cit
237 4082 508 4143 martyres
531 4073 596 4124 ad
627 4074 952 4140 passionem.
1003 4071 1143 4124 Dicit
1172 4072 1315 4124 enim
1343 4089 1356 4124 :
1385 4071 1538 4136 Quod
1587 4071 1704 4124 dico

125 4165 277 4219 robis
300 4166 351 4216 in
381 4165 631 4225 tenebris.
666 4167 722 4217 in
758 4164 956 4217 lumine
985 4163 1144 4215 dicite
1168 4203 1182 4225 ,
1220 4173 1265 4214 et
1313 4163 1451 4231 quod
1494 4165 1547 4216 in
1579 4178 1708 4215 aure

127 4259 384 4321 audistis,
411 4259 466 4310 in
503 4261 648 4310 tectis
674 4259 958 4326 prmdicute
992 4257 1054 4312 ¹⁶.
1109 4259 1384 4311 Assumite
1413 4299 1427 4323 ,
1489 4258 1663 4326 inquit
1689 4297 1705 4324 ,

124 4351 516 4414 constantiam,
540 4359 736 4402 exeant
756 4349 920 4402 verba
946 4361 1125 4402 vestra
1155 4364 1324 4415 usque
1355 4349 1420 4402 ad
1445 4350 1706 4405 terminos

125 4450 292 4495 terraa
319 4459 330 4493 :
368 4455 436 4495 ne
473 4442 696 4496 taceatis
727 4443 778 4495 id
810 4442 876 4496 de
906 4457 1010 4511 quo
1041 4442 1139 4510 ipsi
1163 4440 1300 4496 certi
1325 4442 1458 4496 estis
1487 4441 1700 4496 ell‘ecti:

1799 1971 1862 2010 ea
1894 1966 1952 2010 et
1979 1957 2219 2012 clamare
2247 1959 2540 2026 praecepit;
2573 1975 2678 2012 non
2735 1962 2930 2016 timens
2982 1964 3215 2032 quippe;
3275 1967 3375 2021 hoc

1800 2048 1949 2101 enim
1988 2049 2352 2118 ignorantium
2387 2051 2666 2104 hominum
2705 2061 2784 2105 est
2814 2053 3130 2121 dignitatem
3159 2057 3371 2113 Domini

1797 2139 1921 2194 Jesu
1947 2179 1963 2206 ,
2007 2140 2100 2195 sed
2128 2142 2467 2210 dispensans,
2491 2153 2548 2196 ut
2577 2143 2690 2210 ipse
2721 2145 2933 2212 quidem
2965 2154 3140 2199 taceat
3171 2148 3221 2200 in
3242 2159 3376 2203 tem-

1800 2247 1954 2302 pore,
1992 2233 2247 2302 loquatur
2279 2245 2459 2288 autem
2490 2235 2540 2288 in
2570 2245 2832 2304 tempore.
2872 2235 3056 2306 Neque
3082 2237 3226 2292 enim
3280 2254 3376 2308 per

1798 2323 1978 2377 omnia
2007 2327 2174 2377 tacuit
2207 2323 2469 2379 Dominus
2494 2341 2509 2389 ;
2547 2341 2611 2380 ne
2635 2335 2956 2394 putarentur
2983 2328 3153 2382 aliena
3187 2329 3365 2398 aliqua

1811 2429 1841 2468 a
1866 2429 1926 2468 se
1958 2414 2167 2470 discere
2199 2415 2446 2485 discipuli
2477 2432 2492 2481 ;
2527 2431 2700 2485 neque
2747 2434 2964 2488 semper
3008 2420 3218 2478 locutus
3263 2432 3370 2491 est,

1800 2519 1869 2559 ne
1895 2515 2176 2574 putaretur
2206 2507 2347 2575 quod
2392 2507 2460 2562 de
2513 2523 2571 2562 se
2619 2510 2734 2578 ipse
2761 2519 3006 2564 testatur.
3059 2512 3196 2578 Quid
3229 2515 3376 2571 enim

1805 2605 1928 2652 erat
1958 2613 2178 2652 necesse
2207 2611 2258 2652 et
2287 2598 2496 2654 Joanne
2526 2616 2864 2668 prrecursore
2889 2603 2912 2655 ?
2954 2603 3067 2673 Ego
3095 2646 3110 2672 ,
3160 2607 3331 2674 inquit
3357 2645 3375 2671 ,

1801 2705 1903 2742 non
1934 2690 1998 2741 ab
2031 2690 2238 2744 homine
2277 2692 2480 2758 accipio
2531 2694 2892 2747 testimonium
2924 2713 3118 2760 meum,
3151 2700 3237 2750 sed
3275 2699 3376 2752 Ita-

1800 2783 1891 2836 beo
1913 2784 2267 2837 testimonium
2291 2785 2464 2853 majus
2489 2803 2519 2838 a
2538 2786 2747 2839 Joanne
2778 2788 2839 2842 ¹⁸.
2861 2787 2976 2841 Non
3007 2792 3146 2842 enim
3172 2806 3374 2858 qumro,

1801 2876 1995 2944 inquit,
2025 2877 2479 2944 quemadmodum
2514 2893 2613 2946 ego
2642 2879 2902 2942 suadcar,
2954 2881 3047 2933 sed
3105 2883 3376 2948 quomodo

1799 2983 1896 3022 vos
1928 2984 2032 3022 non
2065 2969 2187 3023 sitis
2216 2968 2491 3038 religiosi;
2530 2971 2798 3038 siquidem
2854 2987 2958 3024 non
3020 2972 3239 3026 lucerna
3286 2975 3376 3027 de-

1802 3059 1893 3112 bet
1924 3058 2109 3112 testari
2145 3059 2210 3112 de
2248 3058 2380 3123 sole,
2412 3059 2504 3112 sed
2535 3060 2610 3112 sol
2638 3059 2856 3114 ﬁrmare
2884 3062 3180 3117 lucernam.
3215 3064 3280 3117 Et
3310 3078 3378 3119 ne

1810 3151 1932 3218 quis
1961 3150 2204 3214 miretur,
2239 3161 2398 3219 putas
2454 3152 2796 3208 obscuriores
2827 3155 2964 3208 eﬁici
3019 3156 3265 3210 lucernas
3312 3175 3378 3212 ex

1805 3241 2035 3294 adventu
2061 3241 2236 3296 solis?
2264 3240 2384 3296 Non
2415 3242 2559 3296 enim
2590 3245 2732 3312 quod
2757 3254 3010 3314 putamus
3041 3248 3140 3302 hoc
3166 3259 3220 3302 et
3255 3263 3380 3317 pro-

1804 3333 1972 3396 venit,
2007 3334 2101 3387 sed
2133 3334 2236 3388 hoc
2263 3335 2405 3402 quod
2437 3349 2544 3388 non
2581 3333 2856 3388 intuemur
2889 3347 3152 3406 superat:
3199 3338 3379 3394 lumen

1803 3424 1952 3477 enim
1991 3423 2224 3478 minusa
2251 3424 2440 3491 majori
2492 3425 2715 3490 lumine,
2752 3443 2857 3479 non
2908 3429 3085 3483 minus
3132 3430 3380 3484 dulcibus

1805 3514 2108 3569 immissum
2139 3515 2336 3569 minuit
2373 3516 2716 3572 dulcedinem
2753 3535 2988 3573 eorum:
3035 3534 3212 3588 neque
3254 3537 3378 3576 cum

1804 3605 1972 3661 Stella:
2010 3619 2116 3659 non
2145 3615 2355 3674 parent,
2383 3616 2638 3676 tanquam
2663 3610 2966 3664 obscurata:
2997 3625 3026 3664 a
3054 3609 3256 3664 lumine
3275 3626 3380 3666 non

1805 3698 2094 3763 videntur;
2142 3699 2237 3752 sed
2271 3699 2322 3752 in
2362 3699 2553 3767 pelago
2579 3700 2802 3754 luminis
2849 3703 3054 3770 positae,
3092 3703 3382 3769 discretio-

1805 3804 1927 3864 nem
1951 3803 2055 3843 non
2081 3790 2338 3858 prmbent.
2365 3791 2481 3844 Non
2519 3792 2795 3860 indigebat
2845 3794 3008 3863 igitur
3036 3794 3115 3849 sol
3153 3795 3380 3863 justitim

1806 3883 2023 3937 lucerna
2056 3887 2123 3938 ad
2165 3885 2567 3950 testimonium;
2620 3887 2916 3940 dicitenim
2955 3885 3232 3942 Joannes:
3269 3887 3382 3956 Ego

1807 3995 1838 4029 a
1865 3987 1912 4031 te
1942 3976 2110 4030 debeo
2141 3976 2439 4046 baptizari;
2466 3977 2558 4031 sed
2591 3979 2866 4045 indigebat
2911 3981 3128 4048 quidem
3162 3980 3251 4034 ille
3290 3983 3382 4050 qui

1807 4068 2028 4123 lucerna
2058 4079 2175 4123 erat
2200 4071 2396 4124 ardens
2427 4088 2441 4123 :
2493 4070 2714 4124 lucerna
2766 4073 3068 4126 immissum
3101 4073 3264 4126 habet
3301 4073 3383 4125 lu-

1808 4177 1962 4226 men;
1997 4178 2102 4216 non
2137 4172 2311 4216 tamen
2341 4164 2407 4217 ab
2445 4163 2588 4216 intus
2631 4164 2973 4218 ellicientiam
3000 4166 3139 4220 sicut
3183 4165 3264 4218 sol
3314 4167 3379 4219 ¹⁹.

1815 4254 1940 4316 Vos,
1981 4256 2174 4324 inquit,
2199 4257 2410 4312 modice
2440 4259 2686 4313 voluistis
2732 4259 2954 4329 gloriari
2981 4260 3032 4312 in
3067 4259 3271 4313 lumine
3299 4259 3384 4312 lu-

1809 4358 2008 4409 cernae,
2034 4345 2186 4399 vobis
2214 4345 2433 4399 lucerna
2461 4357 2545 4402 est
2569 4348 2720 4403 utilis
2754 4367 2769 4403 :
2808 4349 2883 4402 illi
2915 4359 3094 4402 autem
3127 4350 3201 4402 ita
3230 4358 3385 4403 erant

1809 4435 1960 4498 carci,
1991 4445 2136 4490 utne
2168 4437 2384 4505 quidem
2405 4438 2636 4493 lucerna:
2665 4441 2907 4493 viderent
2933 4441 3096 4506 viam,
3121 4456 3298 4510 neque
3329 4442 3382 4494 in

125 4530 303 4586 nolite
353 4532 686 4586 abscondere
741 4533 1041 4598 talentum;
1099 4535 1297 4587 mittite
1341 4535 1600 4602 pecunias
1651 4534 1706 4588 in
1739 4526 2016 4610 Dlumiﬂe
2071 4529 2410 4584 ambulare"!
2458 4543 2605 4586 reCle
2631 4533 2718 4585 ’°=
2772 4534 2926 4598 Ωιιοά
2989 4534 3105 4586 dico
3135 4534 3277 4588 ιόθίε
3327 4535 3382 4587 in

130 4624 341 4679 mensis
370 4641 385 4676 :
419 4625 633 4694 exigam
666 4625 810 4680 enim
831 4640 964 4678 -mea
995 4625 1061 4678 ad
1087 4625 1320 4678 salutem
1363 4623 1579 4680 illorum
1614 4624 1705 4692 qui

127 4714 342 4769 fuerint
367 4713 598 4781 operati.
634 4711 739 4767 Sed
767 4713 911 4766 dicet
938 4713 1060 4781 quis
1091 4728 1107 4767 :
1137 4713 1180 4767 si
1207 4711 1403 4766 bonum
1429 4720 1514 4766 est
1541 4711 1594 4765 in
1630 4710 1711 4763 lu-

133 4806 288 4860 mine
313 4805 515 4870 dicere,
553 4820 650 4859 cur
679 4805 792 4873 ipse
823 4804 876 4858 in
911 4803 1154 4857 tenebris
1186 4811 1269 4857 est
1289 4802 1537 4856 locutus?
1587 4809 1642 4856 et
1663 4801 1708 4856 si

130 4906 339 4960 bonum
363 4913 445 4958 est
467 4920 628 4974 supra
661 4913 801 4958 tecta
847 4903 1162 4972 prmdicare,
1204 4918 1302 4955 cur
1334 4902 1445 4971 ipse
1492 4901 1544 4954 in
1580 4915 1711 4956 aure

132 5001 353 5052 locutus
377 4999 502 5052 est?
525 4997 580 5050 Si
603 4997 747 5051 enim
771 4998 885 5064 ipse
911 4997 975 5050 de
1001 4996 1292 5064 semetipso
1314 4995 1494 5048 dicere
1515 4995 1701 5048 l‘rau...

133 5095 183 5145 is
215 5091 402 5158 utique
432 5089 545 5158 (86)
573 5104 693 5158 qua:
723 5089 836 5156 jam
862 5089 1048 5142 dixere
1071 5089 1266 5149 Judaei.
1301 5086 1378 5140 Tu
1425 5088 1706 5141 de-temet-

131 5190 250 5251 ipso
275 5184 594 5252 testiﬁcaris,
615 5192 664 5236 et
687 5183 1035 5235 testimonium
1055 5193 1202 5235 tuum
1229 5197 1331 5234 mm
1353 5190 1424 5234 cst
1448 5197 1622 5234 verum
1643 5181 1708 5232 ¹⁷.

133 5276 216 5331 Ne
242 5277 404 5346 igitur
433 5277 546 5344 ipse
587 5275 865 5328 videretur
895 5274 1150 5326 honorem
1184 5273 1284 5326 sibi
1319 5273 1606 5326 vendicare
1655 5279 1712 5325 et

135 5384 248 5421 non
282 5368 527 5421 veritatis
559 5381 719 5420 causa
757 5365 942 5433 loqui.
987 5375 1042 5418 et
1077 5379 1142 5418 ne
1195 5363 1554 5431 praevenirent
1599 5372 1711 5416 sta-

137 5467 308 5513 tutam
335 5475 364 5513 a
395 5459 554 5514 Patre
577 5459 879 5528 passionem
903 5455 1071 5512 Judaei
1100 5457 1191 5526 Qui
1217 5457 1394 5510 omnia
1415 5456 1669 5511 suutausi
1693 5473 1707 5522 ;

1815 4620 2061 4682 tenebris,
2095 4622 2250 4674 dicite
2299 4625 2354 4674 in
2397 4623 2634 4688 lumine;
2667 4625 2769 4677 hoc
2810 4633 2914 4688 est,
2968 4624 3232 4678 absconsa
3265 4640 3386 4693 qua:

1811 4713 2064 4766 dicuntur
2095 4713 2326 4767 clamate
2357 4731 2371 4767 :
2412 4712 2480 4766 Et
2509 4715 2719 4783 quodin
2750 4733 2878 4768 aure
2911 4717 3156 4778 audistis,
3193 4719 3388 4785 prazdi-

1816 4817 1929 4859 cate
1958 4807 2012 4858 in
2036 4807 2226 4870 tectis;
2266 4808 2529 4862 assumite
2567 4809 2888 4862 constantizc
2922 4809 3192 4862 ﬁduciam.
3220 4811 3388 4864 Assu-

1807 4913 2041 4950 ‘mamus
2071 4909 2124 4950 et
2157 4913 2253 4951 nos
2281 4899 2664 4951 constantiam.
2697 4898 2800 4951 Sed
2853 4899 2979 4966 quid
3025 4909 3107 4951 est
3133 4901 3274 4966 quod
3307 4899 3388 4952 in-

1816 4989 2104 5057 sequitur?
2163 4986 2440 5040 Timemus
2470 4988 2535 5041 ad
2574 4987 2950 5054 insequentem
3003 4988 3388 5056 suspicionem.

1817 5081 1924 5134 Sed
1962 5081 2038 5134 ait
2082 5081 2338 5133 Dominus
2367 5121 2383 5145 ,
2426 5079 2606 5132 Nolite
2653 5080 2836 5131 timere
2869 5078 2936 5130 “.
2974 5077 3086 5130 Non
3122 5078 3284 5147 igitur
3327 5078 3389 5130 ti-

1756 5185 1760 5187 ’
1819 5188 2062 5227 meamus
2086 5188 2208 5226 cum
2244 5171 2601 5225 interﬁcimur
2634 5188 2648 5224 :
2678 5171 2791 5240 ipse
2824 5172 2966 5224 enim
3019 5169 3276 5222 Dominus
3305 5170 3389 5222 di-

1818 5266 1893 5319 cit
1932 5285 1944 5318 :
1984 5262 2170 5316 Nolite
2197 5264 2380 5316 timere
2407 5269 2493 5316 eo’s
2519 5263 2609 5332 qui
2636 5263 2874 5315 occidunt
2908 5278 3116 5330 corpus,
3159 5264 3390 5314 animam

1817 5369 1989 5412 autem
2010 5375 2111 5410 non
2133 5367 2348 5425 possunt
2371 5359 2603 5410 occidere
2621 5359 2687 5410 “.
2711 5357 2899 5410 Divisit
2928 5357 3172 5410 timorem
3193 5373 3206 5418 ;
3227 5366 3282 5409 et
3307 5360 3390 5409 hoc

1821 5453 2054 5506 minibus
2083 5452 2300 5522 quidem
2330 5451 2477 5505 dedit
2498 5459 2818 5520 potestatem
2853 5450 3135 5504 adversum
3174 5463 3390 5518 corpus,

211 5576 256 5606 ¹⁶
287 5575 474 5629 Matth.
509 5591 564 5641 ι,
595 5575 684 5629 ‘27.
747 5574 788 5605 ’τ
815 5572 970 5628 Joan.
1007 5590 1123 5642 vni,
1148 5574 1234 5629 15.
1297 5575 1336 5605 ’⁸
1370 5571 1524 5629 Joan.
1552 5588 1604 5640 v,
1634 5572 1700 5629 ’54

1806 5571 1836 5625 ἰ.
1886 5570 1926 5601 ¹⁹
1955 5569 2141 5625 Mattlt—
2183 5585 2268 5637 ιιι,
2303 5568 2386 5624 14.
2437 5567 2482 5599 ⁸⁸
2515 5565 2666 5623 Joan.
2689 5565 2852 5634 \‘,'55.
2925 5567 2968 5598 ¹¹
2999 5564 3186 5622 Matth.
3218 5581 3268 5631 ι,
3300 5562 3390 5618 97.

141 5647 189 5677 ’⁸
234 5646 366 5700 ibid.
400 5647 492 5700 28.

214 5765 329 5838 (86)
356 5766 454 5822 Ms.
486 5768 634 5835 [rans
656 5777 782 5823 esset
819 5769 1014 5835 utique.
