3822 6218
457 319 597 376 “85

1132 326 1401 383 EUSEBll
1441 328 1920 387 CESARIENSIS
1961 330 2111 387 OPP.
2154 331 2337 389 PARS
2375 334 2463 390 ιν.
2503 367 2571 376 -
2610 336 3034 394 DOGMATICA.

3576 347 3699 401 1184

461 439 658 496 nabent
689 446 876 497 enim:
927 443 1040 509 Deo
1090 458 1269 501 autem
1322 449 1605 516 conjunxit
1634 452 1912 517 virtutem,
1962 454 2029 507 ti-
2058 457 2106 513 Δ
2137 469 2345 523 passer,
2380 470 2438 511 ut
2476 461 2617 527 quod
2662 461 2841 516 minus
2884 470 3003 525 est,
3052 478 3116 517 ex
3156 467 3331 535 pretio
3378 470 3697 526 Ostenderet.

460 547 611 588 more
658 533 903 590 timorem
925 537 1173 608 ejiciens,
1211 549 1266 594 et
1300 540 1490 608 majori
1524 551 1670 598 metu
1722 545 1867 613 quod
1912 555 2030 602 erat

459 628 636 683 minus
669 633 1016 699 repercussit.
1050 632 1106 687 Si
1138 635 1308 699 enim,
1343 636 1538 702 inquit,
1572 637 1760 692 timere
1789 647 2028 709 oportet,

458 732 561 773 non
599 719 909 787 hominem;
939 722 1113 791 major
1140 726 1285 779 enim
1313 736 1396 780 est
1422 726 1564 782 Deus
1598 746 1611 781 :
1659 729 1754 782 sed
1812 743 2030 797 poenam

456 809 647 864 mortis
668 809 955 866 adversum
986 829 1186 883 corpus
1241 817 1399 872 times
1431 836 1445 873 :
1486 818 1685 873 Timete
1712 824 1904 891 magis,
1946 823 2030 878 in-

456 902 594 971 quit,
634 919 753 957 eum
780 906 872 972 qui
904 916 1070 975 potest
1098 918 1146 962 et
1176 911 1407 965 animam
1432 922 1479 965 et
1507 930 1695 980 corpus
1727 917 1942 983 perdere
1974 917 2033 970 in

456 995 745 1064 gehennam
782 997 865 1049 ’δε
918 1000 1229 1056 hominibus
1258 1003 1401 1056 enim
1448 1017 1689 1075 p0testas
1738 1008 2027 1065 adversum

456 1102 676 1157 corpus,
710 1099 763 1141 et
792 1090 895 1144 hoc
917 1093 1103 1158 semel,
1134 1103 1217 1148 est
1248 1096 1367 1149 data
1397 1111 1411 1150 :
1446 1097 1553 1152 Deo
1576 1112 1755 1155 autem
1794 1112 2031 1169 potestas

454 1187 540 1233 est
566 1190 619 1231 et
646 1180 930 1236 adversum
962 1199 1159 1254 corpus
1186 1188 1327 1255 quod
1355 1189 1625 1258 figuravit,
1658 1202 1713 1246 et
1740 1193 2027 1251 adversum

455 1271 693 1324 animam
730 1290 891 1342 quam
918 1278 1097 1330 creavi
1120 1288 1161 1341 t,
1197 1290 1253 1333 et
1296 1282 1522 1349 perdere
1552 1299 1656 1336 non
1685 1285 2025 1354 simpliciter,

455 1362 550 1416 sed
581 1364 633 1416 in
663 1365 927 1432 gehenna.
987 1367 1158 1436 Major
1198 1372 1340 1425 enim
1379 1374 1539 1427 timor
1593 1386 1676 1430 est
1727 1382 1987 1445 gehennae
2012 1420 2027 1445 ,

455 1469 618 1523 quam
652 1460 860 1513 mortis.
896 1460 1004 1515 Cur
1034 1464 1247 1529 major?
1286 1466 1409 1535 quia
1442 1469 1633 1535 duplex
1669 1480 1751 1523 est
1776 1474 2029 1540 perditio,

455 1545 649 1600 anima:
686 1558 741 1601 ct
775 1552 1017 1616 corporis
1047 1571 1059 1606 :
1093 1554 1322 1623 simplex
1349 1567 1528 1611 autem
1587 1570 1640 1612 et
1687 1563 1984 1627 corporalis
2012 1605 2026 1628 ,

455 1653 577 1707 quae
609 1640 660 1692 in
691 1652 863 1695 morte
891 1643 1138 1700 habetur.
1168 1646 1353 1703 Primo
1384 1651 1528 1704 enim
1560 1663 1617 1706 et
1667 1654 1712 1708 si
1757 1657 2029 1712 dividatur

457 1730 782 1797 periculum,
820 1744 874 1787 et
912 1736 1162 1791 homines
1189 1740 1407 1808 quidem
1447 1757 1674 1812 corpus,
1732 1747 1874 1803 Deus
1932 1765 2028 1802 au-

2135 545 2267 612 Qua:
2305 547 2449 603 enim
2484 549 2720 617 pretiosa
2766 561 2934 618 sunt,
2966 553 3019 606 in
3059 554 3413 611 distractione
3459 573 3623 613 unum
3652 572 3699 616 et

2133 652 2301 691 unum
2341 640 2612 703 venditur,
2665 651 2721 695 et
2773 642 3041 711 ampliore
3090 646 3263 715 pretio
3311 663 3327 700 :
3373 661 3701 719 quaecunque

2131 737 2310 782 autem
2344 730 2532 785 frivola
2562 742 2655 785 aut
2684 733 2798 803 (87)
2838 734 2982 788 olera
3020 736 3283 793 habentur
3312 778 3327 804 ,
3354 741 3523 793 multa
3555 742 3701 795 simul

2140 819 2346 873 assario
2377 823 2780 879 venundantur.
2819 823 3015 881 Volens
3049 841 3178 896 ergo
3208 827 3430 884 frivolos
3460 846 3703 898 passeres

2133 912 2437 976 ostendere,
2479 912 2722 977 Assario,
2754 917 2947 986 inquit,
2974 934 3081 973 uno
3104 921 3208 973 duo
3234 936 3488 990 passeres
3516 924 3705 977 distra-

2134 1000 2361 1057 huntur.
2393 1005 2618 1076 Accepit
2647 1008 2789 1076 quod
2823 992 2938 1063 erat
2969 1010 3274 1076 tninimum,
3308 1023 3367 1065 ut
3399 1014 3706 1068 hortaretur

2134 1108 2229 1147 eos
2263 1096 2351 1162 qui
2398 1096 2450 1149 in
2491 1096 2694 1152 honore
2738 1099 3071 1154 habebantur
3119 1120 3132 1155 :
3171 1100 3232 1154 Et
3276 1120 3411 1156 unus
3457 1120 3527 1156 ea:
3562 1106 3705 1172 ipsis,

2133 1188 2239 1252 ait,
2280 1205 2382 1242 non
2410 1191 2548 1243 cadit
2579 1190 2633 1244 in
2667 1201 2861 1244 (errant
2893 1193 3005 1247 sine
3032 1193 3196 1248 Patre
3221 1205 3390 1248 vestro
3420 1196 3513 1265 qui
3538 1206 3613 1249 est
3656 1200 3708 1249 in

2134 1279 2275 1332 caelis
2301 1282 2369 1335 ".
2406 1280 2463 1333 Si
2499 1282 2662 1351 igitur
2689 1299 2941 1352 passeres
2977 1288 3066 1355 qui
3100 1302 3264 1355 parvo
3293 1289 3471 1356 pretio
3516 1288 3709 1342 distra-

2134 1372 2354 1436 huntur,
2397 1376 2620 1441 umbrm,
2670 1387 2726 1428 ut
2758 1376 2831 1429 ita
2871 1377 3068 1440 dicant,
3102 1391 3156 1432 et
3205 1395 3304 1433 nec
3352 1381 3481 1435 dum
3519 1396 3711 1433 carnes

2136 1480 2241 1517 non
2286 1466 2576 1534 capiuntur
2626 1464 2801 1537 neque
2839 1470 3199 1539 accipiuntur,
3254 1488 3359 1526 non
3414 1475 3557 1527 dixit
3599 1476 3711 1530 sine

2134 1556 2263 1618 Deo,
2289 1557 2380 1609 sed
2412 1556 2527 1610 sine
2552 1556 2710 1611 Patre
2740 1569 2941 1621 vestro,
2975 1562 3168 1628 inquit,
3201 1570 3258 1615 ut
3293 1565 3597 1632 propositio
3620 1582 3711 1633 pa-

2135 1654 2299 1699 ternae
2327 1646 2629 1701 dilectionis
2664 1650 3011 1717 protenderet
3047 1650 3438 1715 defensionem,
3471 1664 3530 1707 et
3566 1657 3711 1707 radi-

2134 1748 2285 1791 caret
2314 1738 2767 1794 adhortationem.
2810 1741 2883 1794 Ita
2927 1752 2984 1796 et
3014 1743 3066 1796 in
3105 1744 3212 1796 alio
3245 1743 3364 1797 loco
3408 1746 3710 1800 adhortans

457 1825 563 1871 tem
597 1829 651 1873 et
680 1823 916 1877 animam
944 1843 956 1888 ;
990 1843 1163 1895 neque
1218 1830 1290 1883 ita
1339 1834 1563 1901 :eqnalis
1590 1846 1675 1891 est
1715 1840 1895 1908 timor,
1932 1844 2025 1896 sed

2136 1829 2520 1899 frugalitatem,
2554 1842 2611 1886 et
2638 1833 2866 1901 cupiens
2901 1836 3204 1903 superfluas
3241 1837 3532 1892 sublevare
3562 1839 3708 1893 solli-

454 1920 718 1979 quantum
757 1915 938 1969 anima
970 1918 1339 1974 honorabilior
1397 1934 1501 1991 est,
1541 1936 1749 1981 tantum
1806 1940 1862 1984 et
1914 1949 2028 1986 ma-

449 1999 537 2068 jor
562 2002 724 2057 timor
759 2016 838 2059 est
884 2022 912 2059 a
950 2009 1164 2066 timore.
1198 2011 1336 2078 Quia
1361 2016 1504 2069 enim
1562 2028 1616 2071 et
1669 2034 1887 2089 corpus,
1934 2023 2029 2076 ad-

454 2107 668 2148 versum
710 2099 851 2166 quod
885 2101 1129 2157 homines
1195 2106 1395 2161 habent
1450 2119 1771 2178 petestalem
1802 2153 1817 2176 ,
1879 2130 2029 2169 com—

454 2188 778 2253 prehensum
808 2200 923 2259 est;
949 2204 1002 2247 et
1027 2195 1129 2250 hoc
1157 2197 1208 2250 in
1239 2201 1484 2255 manibus
1511 2200 1601 2254 Dei
1639 2215 1742 2269 est,
1773 2216 1826 2259 et
1850 2207 2027 2261 anima

453 2294 614 2347 quam
666 2282 912 2338 homines
959 2287 1172 2342 etiamsi
1219 2290 1413 2344 vellent
1456 2295 1709 2349 occidere
1750 2313 1853 2351 non
1903 2315 2027 2367 pos-

450 2381 592 2437 sent,
621 2383 676 2427 et
704 2384 931 2445 utraque
963 2379 1077 2433 haec
1111 2396 1215 2435 non
1239 2382 1306 2436 ad
1337 2394 1588 2451 mortem,
1614 2387 1708 2441 sed
1734 2390 1800 2442 ad
1824 2391 2028 2459 gehen-

453 2478 574 2516 nam
616 2466 872 2521 dicuntur
904 2470 1075 2527 abire.
1113 2472 1494 2543 Multiplicatus
1526 2479 1689 2547 igitur
1727 2482 1888 2536 timor
1910 2495 2029 2548 est,

450 2563 505 2608 et
539 2556 885 2614 multitudine
926 2571 980 2615 et
1011 2567 1417 2633 magnitudine,
1454 2570 1576 2625 ideo
1612 2587 1743 2643 ergo
1770 2576 1931 2631 timor
1965 2578 2032 2631 ti-

449 2661 655 2702 morem
687 2651 874 2705 vincit.
908 2650 1014 2708 Sed
1047 2656 1197 2711 dices
1229 2674 1242 2712 :
1280 2658 1743 2726 Quemadmodum
1774 2669 2031 2736 possibile

448 2753 532 2799 est
557 2745 734 2813 perire
774 2748 1009 2804 animam
1039 2751 1090 2805 in
1135 2754 1425 2824 gehenna?
1453 2759 1509 2812 Si
1540 2759 1683 2815 enim
1716 2764 1875 2831 perit,
1912 2780 2032 2818 ror—

450 2838 717 2909 rumpitur
758 2841 874 2910 ejus
910 2844 1309 2903 immortalitas.
1346 2849 1813 2916 Quemadmodum
1849 2867 2029 2912 autem

449 2937 504 2982 et
530 2932 763 3000 corpus?
793 2932 847 2986 Si
892 2936 1037 2990 enim
1068 2953 1279 2994 vermes
1310 2942 1418 2997 illic
1452 2954 1508 2998 et
1552 2947 1754 3001 stridor
1789 2948 2028 3003 dentium

452 3021 714 3090 habetur;
749 3040 853 3080 non
896 3027 1068 3083 solum
1120 3032 1299 3087 anima
1345 3035 1668 3092 immortalis
1716 3055 1820 3094 non
1868 3043 2028 3110 perit,

2133 1922 2423 1988 citudines,
2472 1922 2594 1977 ait:
2635 1923 2696 1978 Si
2734 1923 2911 1992 fenum
2956 1928 3072 1997 agri
3124 1929 3264 1997 quod
3309 1930 3469 1983 hodie
3515 1941 3617 1995 est,
3663 1944 3709 1985 et

2131 2014 2359 2068 crastino
2394 2015 2449 2067 in
2478 2015 2740 2068 clibanttm
2771 2018 3015 2082 mittitur,
3044 2018 3183 2073 Deus
3211 2022 3286 2073 ita
3315 2024 3489 2085 vestit,
3515 2035 3709 2091 quanta

2132 2109 2298 2177 magis
2333 2125 2437 2175 vos,
2467 2110 2688 2164 modica:
2709 2109 2832 2177 ﬁdei
2856 2110 2942 2164 '7?
2966 2111 3013 2164 A
3044 2112 3281 2167 minimis
3310 2114 3565 2169 admonet
3595 2130 3711 2180 eos,

2131 2201 2223 2268 qui
2257 2201 2462 2254 meliori
2492 2212 2622 2256 sunt
2651 2203 2912 2272 dignitate
2942 2218 2957 2256 :
2990 2204 3062 2257 ita
3096 2214 3152 2258 et
3181 2221 3326 2259 nunc
3355 2208 3484 2275 quia
3514 2209 3713 2262 nullius

2132 2294 2288 2362 pretii
2331 2302 2456 2349 sunt
2486 2308 2759 2363 passeres,
2809 2306 3072 2364 quantum
3127 2298 3193 2349 ad
3245 2300 3714 2367 comparationem

2132 2385 2445 2448 hominmn;
2500 2400 2667 2454 parvo
2719 2394 2901 2439 autem
2948 2386 3158 2453 pretio,
3190 2397 3249 2442 ttt
3299 2388 3503 2442 nullius
3556 2391 3715 2457 pretii

2130 2475 2536 2540 distrahuntur;
2582 2475 2805 2545 cupiens
2852 2490 2948 2530 nos
2980 2476 3273 2531 admonere
3300 2476 3587 2545 dignitatis
3616 2494 3715 2532 no-

2131 2574 2281 2624 stra}.
2313 2566 2900 2634 producitconstantes
2929 2567 3045 2621 fieri
3089 2567 3309 2623 debere.
3344 2568 3542 2622 Nonne
3585 2571 3718 2635 duo,

2132 2658 2334 2726 inquit,
2378 2674 2611 2725 passeres
2655 2660 2861 2712 assario
2902 2660 3296 2726 distrahuntur,
3341 2670 3390 2714 et
3430 2676 3605 2714 unum
3652 2678 3720 2715 ea:

2131 2751 2291 2818 ipsis,
2322 2766 2426 2803 non
2463 2752 2568 2804 duo
2598 2750 2782 2817 simul,
2817 2751 2912 2805 sed
2938 2768 3103 2805 unum
3131 2766 3199 2806 ex
3235 2751 3393 2821 ipsis,
3422 2769 3529 2804 non
3568 2754 3721 2805 cadit

2132 2842 2186 2894 in
2222 2842 2456 2896 terram?
2483 2841 2712 2912 Propter
2740 2843 2976 2896 volatum
3015 2843 3111 2907 ait,
3140 2858 3239 2911 pro
3270 2857 3336 2898 eo
3381 2854 3440 2896 ut
3481 2844 3721 2907 diceret,

2135 2952 2238 2989 non
2270 2935 2511 3003 capietur
2565 2937 2684 2989 sine
2734 2935 2894 2989 Patre
2934 2945 3137 2990 vestro.
3175 2933 3231 2988 Si
3270 2936 3433 3005 igitur
3474 2950 3717 3004 quorum

2133 3045 2239 3084 non
2282 3039 2367 3084 est
2406 3029 2589 3093 Pater,
2634 3044 2735 3082 nec
2770 3028 3053 3082 minimum
3101 3028 3349 3096 proditur
3388 3028 3509 3082 sine
3553 3029 3717 3097 ipso;

450 3116 545 3169 sed
584 3131 683 3171 nec
722 3133 954 3188 corpus;
996 3122 1238 3179 induitur
1280 3129 1424 3183 enim
1472 3131 1931 3189 immorlanmem
1976 3145 2029 3191 ει
2056 3154 2098 3210 C
2134 3120 2302 3175 multo
2340 3122 2511 3191 magis
2537 3120 2687 3174 vobis
2717 3135 2948 3189 quorum
2989 3128 3075 3173 est
3100 3120 3285 3184 Pater,
3325 3119 3593 3187 praebebit
3620 3123 3721 3173 do—

449 3221 671 3276 corpus.
718 3208 775 3264 Si
812 3211 926 3267 haec
964 3215 1181 3283 quidem
1223 3230 1508 3286 quaerunt,
1541 3224 1731 3277 intenti
1774 3240 1897 3280 esse
1937 3226 2028 3280 de-

451 3299 580 3352 bent
605 3300 673 3353 ad
704 3304 970 3357 sermonis
995 3305 1265 3368 virtutem,
1299 3309 1423 3377 quia
1452 3310 1595 3378 quod
1620 3326 1761 3366 nunc
1801 3314 1878 3366 ait
1910 3328 2031 3382 per-

451 3389 599 3455 dere,
630 3407 729 3461 pro
758 3409 823 3448 eo
853 3404 910 3448 ut
938 3396 1082 3450 dicat
1105 3400 1319 3467 punire,
1354 3410 1634 3471 acceptum
1665 3413 1785 3469 est;
1815 3405 1859 3458 si
1884 3407 2027 3458 enim

451 3484 674 3553 periret,
726 3502 829 3539 non
864 3497 1010 3542 esset
1060 3490 1113 3543 in
1158 3493 1426 3560 gehenna.
1465 3494 1725 3550 Gehenna
1762 3498 1906 3552 enim
1950 3500 2031 3553 vi—

451 3574 692 3628 ventium
723 3591 881 3644 paena
912 3588 1013 3643 est,
1041 3595 1143 3634 non
1185 3593 1364 3636 tamen
1399 3583 1743 3655 interemptio
1786 3588 2030 3656 perdito-

456 3678 594 3718 rum.
636 3663 770 3731 Quia
804 3669 947 3720 cnim
990 3670 1348 3737 perditionem
1384 3674 1648 3729 timebant
1678 3677 1767 3746 qui
1801 3688 2030 3732 mortem

454 3754 730 3810 hominum
762 3760 1238 3829 pertimescebant,
1267 3765 1387 3819 ideo
1410 3766 1524 3834 ipso
1550 3768 1759 3822 timoris
1783 3784 2034 3825 sermone

456 3847 627 3900 utitur
659 3848 936 3913 Dominus,
973 3861 1028 3906 et
1071 3853 1247 3910 dicit:
1307 3854 1502 3911 Timete
1557 3868 1732 3913 autem
1781 3877 1896 3914 eum
1944 3863 2034 3930 qui

455 3944 624 4002 potest
660 3944 712 3989 et
753 3940 987 3993 animum
1018 3954 1068 3994 et
1112 3958 1301 4012 corpus
1340 3946 1557 4010 perdere
1603 3948 1659 4002 in
1705 3951 1935 4019 geltenna
1964 3952 2030 4009 ".

456 4021 643 4091 Neque
663 4026 804 4078 enim
830 4031 1162 4084 convertitur
1184 4034 1359 4086 anima
1385 4037 1451 4089 ad
1473 4038 1849 4093 mortalitatem
1878 4056 1894 4105 ;
1918 4041 2035 4097 sine

458 4113 778 4181 poenitentia
813 4118 957 4171 enim
1001 4132 1128 4175 sunt
1173 4122 1263 4177 Dei
1297 4125 1458 4181 dona.
1500 4125 1686 4198 Neque
1722 4130 1913 4185 iterum
1949 4146 2034 4186 re-

458 4208 814 4263 surrectionis
853 4212 1210 4280 promissione
1261 4217 1596 4288 infringitur,
1635 4223 1730 4277 sed
1765 4224 1906 4278 sicut
1940 4240 2035 4294 per

456 4298 629 4352 Adam
653 4316 844 4357 omnes
869 4306 1153 4370 morimur,
1182 4308 1251 4361 ila
1275 4318 1330 4363 et
1356 4325 1449 4378 per
1474 4312 1758 4368 Dominum
1791 4326 2033 4372 nostrum

458 4390 733 4445 Christum
753 4408 940 4449 omnes
964 4399 1312 4468 resurgimus.
1332 4402 1682 4459 Communem
1707 4407 1849 4460 enim
1877 4407 2033 4462 istam

2131 3213 2451 3268 fensionem.
2510 3213 2676 3267 Vestri
2725 3226 2932 3278 autent,
2983 3213 3190 3282 inquit,
3224 3222 3277 3266 et
3306 3212 3484 3277 capilli
3518 3212 3723 3279 capitis

2133 3307 2396 3359 numerati
2433 3316 2551 3359 sunt
2571 3307 2637 3359 ’⁸.
2675 3306 2860 3360 Timor
2881 3306 2946 3360 de
2970 3307 3147 3359 anima
3181 3316 3332 3369 erat,
3360 3314 3453 3358 aut
3483 3307 3551 3360 de
3595 3320 3724 3360 coro

2132 3398 2305 3466 pore‘i
2354 3396 2459 3453 Sed
2504 3399 2570 3452 de
2610 3399 2809 3459 anima,
2856 3398 3052 3466 inquit,
3094 3397 3261 3453 nolite
3301 3398 3491 3451 timere
3542 3414 3559 3451 :
3609 3412 3723 3451 nou

2136 3500 2389 3558 poterunt
2418 3492 2587 3556 enim,
2624 3491 2721 3553 ait,
2753 3506 2822 3545 ne
2849 3491 3066 3560 quidem
3096 3491 3188 3558 qui
3223 3489 3527 3553 voluerint,
3565 3492 3722 3544 occi-

2134 3580 2262 3635 dere
2308 3581 2565 3635 animam.
2604 3582 2708 3637 Sed
2747 3581 2815 3636 de
2844 3597 3071 3650 corpore
3103 3581 3344 3636 timetis?
3371 3581 3480 3636 Nec
3515 3583 3587 3636 de
3623 3598 3725 3637 ca-

2138 3673 2280 3740 pillis
2320 3675 2515 3743 capitis
2543 3675 2708 3728 vestri
2755 3676 2945 3730 timere
2985 3674 3221 3739 debetis;
3255 3674 3518 3727 numerati
3564 3686 3719 3729 sunt.

2141 3764 2198 3821 Si
2224 3767 2390 3837 igitur
2412 3783 2588 3837 neque
2613 3767 2681 3821 de
2707 3768 2910 3831 anima,
2958 3780 3133 3836 neque
3163 3768 3227 3821 de
3256 3781 3486 3835 corpore
3512 3767 3721 3822 timere

2138 3869 2385 3930 oportet;
2428 3871 2691 3929 quantum
2740 3862 2807 3913 ad
2852 3875 2951 3914 nos
2996 3867 3222 3927 spectat,
3259 3858 3471 3912 ablatus
3511 3868 3605 3912 est
3647 3860 3719 3911 ti-

2144 3966 2263 4006 mor
2296 3969 2310 4005 :
2348 3949 2518 4005 Vestri
2540 3951 2699 4014 enim,
2735 3952 2929 4020 inquit,
2956 3961 3006 4004 et
3034 3950 3215 4016 capilli
3236 3951 3423 4015 capitis
3453 3958 3721 4004 numerati

2134 4055 2281 4098 sunt.
2337 4043 2475 4098 Num
2528 4046 2703 4098 nostri
2747 4053 2955 4098 tantum
3000 4044 3215 4113 capilli?
3264 4043 3520 4098 Sabulum
3571 4046 3721 4097 enim

2142 4135 2311 4190 maris
2351 4135 2483 4190 latet
2515 4135 2799 4190 scientiam
2830 4134 2969 4190 Dei?
3002 4146 3095 4191 aut
3137 4137 3282 4190 enim
3331 4136 3539 4191 semina
3582 4136 3722 4203 feni,

2144 4236 2237 4281 aut
2263 4242 2459 4297 penna;
2484 4243 2764 4297 passerum
2795 4228 3151 4299 ignorantur?
3178 4229 3451 4295 Quantum
3473 4232 3624 4284 enim
3649 4234 3721 4284 ad

2141 4334 2446 4375 sermonem
2499 4330 2739 4391 spectat,
2786 4321 2999 4376 videtur
3050 4322 3263 4387 dicere,
3314 4324 3445 4391 quia
3502 4332 3723 4378 vestros

2139 4410 2305 4470 etiam
2331 4411 2557 4478 capillos
2584 4412 2732 4465 novit
2761 4411 2925 4466 Deus.
2952 4411 3074 4466 Alia
3105 4422 3283 4466 autem
3313 4427 3433 4481 qua:
3456 4422 3722 4482 putantur

462 4497 691 4536 mortem
718 4485 888 4539 Adam
919 4488 1215 4545 introduxit
1255 4494 1324 4547 ob
1357 4507 1635 4562 peceatum
1676 4516 1689 4551 :
1729 4501 1907 4554 erexit
1938 4518 2034 4555 au-
2070 4496 2113 4550 ι)
2144 4503 2572 4573 contemptibilia
2599 4518 2853 4560 essenon
2886 4506 3205 4569 contemnit,
3232 4505 3328 4559 sed
3354 4506 3517 4559 habet
3541 4506 3722 4559 scien—

460 4580 568 4626 tem
598 4573 643 4629 is
672 4576 761 4643 qui
789 4578 1079 4647 assumpsit
1106 4580 1279 4633 Adam
1320 4583 1385 4636 ad
1419 4587 1893 4644 resurrectionem.
1941 4589 2034 4646 llle

459 4665 600 4717 enim
631 4667 721 4735 qui
755 4667 820 4720 de
856 4678 1003 4723 terra
1032 4681 1146 4735 est,
1181 4673 1479 4728 introduxit
1513 4689 1775 4745 mortem;
1810 4682 1899 4751 qui
1938 4699 2035 4735 att-

463 4765 570 4808 tetn
601 4756 884 4811 desursum
921 4763 1091 4826 venit,
1124 4764 1427 4819 introduxit
1460 4772 1933 4829 resurrectionem.
1969 4775 2037 4829 Et

461 4850 787 4903 resurrectio
830 4852 1042 4920 quidem
1096 4859 1398 4911 communis
1431 4870 1516 4913 est
1549 4863 1830 4930 omnibus;
1866 4868 2035 4922 haere-

460 4939 603 4995 ditas
648 4953 829 4996 autem
880 4959 1067 4999 eorum
1108 4949 1197 5016 qui
1245 4964 1308 5004 ex
1351 4953 1565 5009 viaticis
1611 4956 1813 5025 aliquid
1848 4960 2032 5027 profe-

460 5042 585 5086 runt
635 5034 766 5088 suis.
808 5032 1168 5093 Praecesserat
1201 5041 1363 5109 igitur
1402 5046 1683 5113 adventus,
1726 5050 1819 5104 sed
1852 5066 2035 5121 reper-

459 5125 629 5179 cussit
673 5141 793 5180 eum
831 5129 1024 5195 timor;
1059 5132 1271 5186 solutus
1303 5144 1387 5188 est
1424 5139 1585 5192 timor
1614 5155 1644 5191 a
1681 5140 1896 5200 timore.
1932 5143 2035 5199 Ne-

458 5217 693 5270 cessaria
734 5230 913 5275 autem
950 5235 1068 5278 erat
1123 5236 1176 5280 et
1226 5230 1550 5288 adhortatio.
1587 5232 1719 5300 Quae
1775 5237 2030 5291 adhorta-

465 5308 571 5362 tio?
603 5309 744 5365 Dicit
783 5314 1042 5371 Dominus
1090 5336 1102 5371 :
1155 5318 1347 5375 Nonne
1376 5322 1480 5376 duo
1514 5341 1790 5394 passeres;
1838 5331 1946 5385 duo
1980 5341 2035 5385 et

460 5415 565 5454 non
602 5404 750 5457 tnulti
791 5424 805 5459 :
837 5415 891 5461 et
922 5424 1191 5477 passeres.
1224 5424 1278 5468 et
1315 5430 1419 5470 non
1461 5418 1692 5487 majores
1727 5436 1893 5489 aves;
1929 5440 2033 5476 uno

460 5495 663 5547 assario
719 5497 1091 5555 distrahuntur
1131 5503 1210 5555 ’5?
1250 5522 1423 5576 neque
1472 5524 1578 5563 uno
1625 5512 1836 5567 assario
1890 5530 2027 5569 unus

2140 4596 2270 4651 tiam
2296 4596 2561 4650 omnium.
2599 4596 2733 4651 Nam
2763 4606 2819 4652 et
2850 4597 2979 4652 illud
3002 4599 3145 4668 quod
3171 4598 3371 4652 dicitur
3398 4599 3455 4651 in
3478 4597 3726 4667 Scriptu-

2143 4691 2239 4757 ris,
2268 4689 2463 4744 Omnia
2489 4693 2539 4745 ei
2572 4702 2697 4745 nota
2723 4703 2844 4746 sunt
2871 4707 2889 4747 :
2927 4706 3034 4745 non
3073 4692 3259 4745 frivole
3292 4692 3511 4760 quippe,
3548 4708 3721 4759 neque

2144 4795 2268 4835 cum
2318 4781 2523 4846 labore,
2565 4793 2659 4836 aut
2712 4798 2838 4837 cum
2888 4784 3097 4847 dolore,
3148 4785 3243 4838 sed
3278 4784 3720 4841 inenarrabiliter

2138 4874 2322 4926 omnia
2357 4877 2616 4943 praevenit
2656 4876 2907 4929 scientia.
2949 4875 3087 4941 Quid
3120 4891 3249 4946 ergo
3283 4886 3371 4931 est
3394 4879 3540 4945 quod
3566 4895 3720 4935 accc-

2147 4964 2223 5032 pit
2249 4964 2435 5019 dicens
2467 4983 2480 5018 :
2525 4964 2689 5020 Vestri
2719 4978 2892 5021 autem
2927 4979 2974 5021 et
3010 4969 3186 5037 capilli
3230 4970 3422 5038 capitis
3453 4973 3718 5026 numerati

2143 5059 2304 5111 sunt?
2331 5060 2455 5127 quia
2494 5061 2737 5128 provisor
2767 5073 2850 5115 est
2870 5062 3040 5117 vestri
3069 5078 3241 5132 usque
3286 5065 3355 5118 ad
3386 5066 3634 5134 capillos.
3665 5066 3719 5120 Si

2142 5148 2306 5217 igitur
2341 5151 2573 5205 animam
2601 5154 2713 5221 jam
2760 5155 2990 5208 armavit
3029 5154 3460 5224 immortalitate,
3500 5174 3718 5214 carnem

2141 5252 2321 5297 autem
2361 5261 2426 5298 ex
2464 5260 2529 5298 eo
2572 5249 2716 5314 quod
2763 5248 3042 5316 provideat
3068 5259 3123 5303 et
3159 5249 3415 5304 defendat
3447 5267 3625 5322 usque
3656 5256 3718 5306 ad

2141 5335 2396 5401 capillos;
2428 5339 2557 5406 quid
2600 5339 2921 5409 relinquitur
2954 5341 3025 5394 ad
3055 5342 3351 5397 timorem?
3382 5345 3517 5413 quid
3558 5348 3630 5400 ad
3661 5349 3721 5401 ti-

2142 5444 2347 5485 morem
2404 5431 2743 5501 relinquitur,
2802 5441 2859 5485 ιιι
2913 5432 3221 5488 hominibus
3274 5448 3477 5502 casus,
3540 5449 3721 5508 utpote

2137 5534 2323 5591 Opum,
2349 5522 2679 5590 divitiarum,
2704 5525 3025 5589 amicorum,
3052 5535 3363 5597 parentum,
3389 5529 3719 5599 propinquo-

531 5631 575 5661 ’³
607 5630 793 5687 Malth.
830 5653 883 5703 x,
910 5638 1002 5693 ‘28.
1080 5642 1124 5673 “
1150 5643 1278 5698 ibid.
1358 5648 1401 5679 "
1427 5649 1556 5705 ibid.
1592 5650 1682 5704 ‘29.
1761 5653 1804 5683 ’°
1835 5653 1965 5708 ibid.

2136 5655 2385 5725 tlatlh.vt,
2409 5656 2497 5712 50.
2578 5657 2620 5689 ³⁸
2643 5657 2831 5715 Matth.
2858 5675 2912 5725 ι,
2931 5660 3040 5731 50.⁴

535 5770 644 5841 (87)
677 5774 799 5829 Aut.
830 5776 1009 5845 Forte,
1043 5790 1118 5834 ut.
