3822 6218
134 333 284 386 “85

1484 329 1547 381 IN
1593 329 1854 387 narra.
1892 332 1956 397 ιι,
1993 335 2082 389 27.

3269 336 3407 391 “86

124 460 302 507 rum.
340 445 527 515 patria:
554 445 665 515 ipse
703 442 961 500 allectus?
992 446 1116 500 lude
1154 454 1238 501 est
1282 456 1340 500 ιιι
1377 447 1524 502 dicat
1557 467 1570 501 :
1625 448 1707 515 Qu

1835 466 1961 510 ante
1987 458 2091 513 sibi
2128 472 2353 527 parcere
2397 457 2704 513 uoluerunt.
2732 455 2873 523 Quid
2903 457 3049 511 enim
3085 456 3259 511 defuit
3298 458 3409 513 illic

122 536 320 606 diligit
345 547 546 603 patrem
574 551 664 589 aut
698 549 918 591 matrem
950 556 1109 607 supra
1150 557 1251 604 me,
1281 556 1384 593 non
1413 551 1491 595 est
1525 558 1607 595 me
1635 545 1721 595 di-

124 634 362 698 gnus”.
395 631 521 685 Tria
552 633 695 686 enim
745 634 844 687 ista
887 644 1013 687 sunt
1057 648 1176 703 quae
1219 634 1364 688 circa
1411 649 1530 699 nos,
1578 645 1631 688 et
1670 636 1722 689 in

127 723 300 779 nobis
323 734 377 778 et
408 736 594 779 nostra
620 736 749 779 sunt
775 741 788 778 :
821 727 962 794 quod
996 726 1140 780 enim
1169 741 1378 793 sumus,
1409 726 1590 780 anima
1629 742 1712 780 su-

127 834 291 872 mus.
325 818 381 872 Si
422 818 545 886 quis
571 827 750 872 autem
780 832 835 873 et
867 818 1216 888 semetipsum
1257 818 1506 885 agnoscit
1546 819 1724 872 inten-

126 911 275 977 tius,
305 920 360 966 et
388 911 554 964 veluti
593 911 646 964 in
688 912 927 965 secundo
950 910 1092 975 loco,
1140 926 1239 964 nos
1271 926 1470 981 corpus
1501 924 1724 975 sumus;

132 1005 253 1058 tria
279 1019 410 1073 ergo
437 1014 561 1058 sunt
594 1018 715 1073 quae
746 1004 797 1056 in
835 1004 989 1058 nobis
1016 1012 1139 1057 sunt
1173 1021 1188 1057 :
1219 1018 1339 1071 qua:
1366 1013 1544 1057 autem
1581 1003 1724 1058 circa

130 1110 267 1159 nos,
292 1097 683 1165 possessiones,
711 1097 895 1160 amici,
929 1106 1178 1166 parentes
1210 1107 1263 1151 et
1297 1098 1493 1167 patria.
1524 1095 1629 1151 Sed
1663 1098 1728 1150 de

129 1188 325 1243 anima
374 1189 551 1245 nullus
601 1191 763 1244 timor
805 1198 919 1255 est,
961 1190 1085 1258 quia
1136 1190 1460 1244 immortalis
1492 1199 1598 1243 est.
1648 1189 1724 1243 De

130 1296 377 1348 corpore
407 1282 621 1337 ablatus
658 1290 744 1337 est
771 1283 954 1347 timor,
984 1282 1113 1349 quia
1144 1292 1198 1334 et
1245 1280 1419 1349 capilli
1462 1282 1726 1333 numerati

130 1385 293 1429 sunt.
328 1376 402 1429 De
434 1376 517 1429 his
556 1385 737 1429 autem
764 1390 881 1444 quae
903 1384 1057 1429 extra
1087 1383 1233 1440 sunt,
1261 1375 1392 1427 dicit
1416 1372 1679 1426 Dominus
1705 1391 1719 1426 :

132 1467 205 1522 Si
238 1471 354 1537 quis
384 1468 649 1538 reliquerit
691 1478 899 1538 propter
932 1484 1013 1521 me
1045 1479 1093 1522 et
1138 1464 1295 1536 regna
1324 1466 1571 1520 ctelorum
1592 1504 1607 1528 ,
1635 1480 1731 1533 pa-

132 1571 298 1624 trem,
336 1570 425 1612 aut
472 1572 713 1623 matrem,
738 1569 830 1613 aut
870 1558 1084 1625 fratres,
1113 1568 1206 1612 aut
1248 1559 1413 1628 ﬁlios,
1461 1566 1553 1611 aut
1594 1572 1729 1609 ttazo-

130 1667 277 1718 rem,
326 1662 418 1704 aut
466 1664 742 1722 cognatos,
791 1661 884 1704 aut
932 1652 1171 1716 domum,
1204 1652 1410 1703 habebit
1449 1650 1585 1703 etin
1634 1648 1730 1701 hoc

130 1745 342 1797 mundo
398 1744 733 1811 centuplum;
782 1744 838 1799 in
906 1745 1078 1815 futuro
1144 1754 1321 1797 autem
1373 1744 1531 1797 vitam
1581 1751 1732 1797 teter-

1823 551 1891 603 ad
1935 550 2250 609 patientiam
2296 549 2429 604 Dei?
2474 548 2664 604 Nonne
2717 563 3022 618 praeconem
3070 550 3406 619 pmnitentia:

1824 642 2107 697 constituit
2136 643 2217 698 eis
2252 640 2364 698 Noe
2406 657 2504 710 per
2531 656 2704 710 annos
2734 652 2975 706 centum,
3000 652 3264 711 quantum
3303 657 3403 697 au-

1827 745 1931 789 tem
1968 735 2036 788 ad
2067 750 2218 788 suam
2271 734 2686 802 promissionem
2735 748 2835 803 per
2876 733 3016 787 cxx?
3056 732 3245 788 Nonne
3275 749 3402 789 arca

1826 826 2009 891 ﬁebat,
2034 827 2152 895 ipso
2177 840 2346 894 opere
2370 824 2436 879 ad
2466 826 2845 894 paenitentiam
2872 826 3098 880 hortans
3119 824 3407 881 homines?

1825 926 1918 971 aut
1967 917 2239 971 modicum
2296 926 2416 971 erat
2470 932 2600 982 vas,
2657 918 2803 987 quod
2855 928 3039 986 posset
3084 919 3247 972 etiam
3303 919 3407 973 sub

1828 1020 1972 1064 tecto
2009 1008 2306 1063 fabricari?
2365 1007 2558 1063 Nonne
2606 1019 2770 1064 tantae
2816 1012 3032 1073 quidem
3081 1009 3405 1077 altitudinis,

1831 1111 1994 1156 tanta:
2027 1110 2207 1156 autem
2259 1100 2615 1171 longitudinis
2648 1110 2702 1157 et
2748 1101 3052 1156 latitudinis
3096 1103 3406 1157 secundum

1829 1192 2176 1246 mensuram?
2246 1191 2644 1246 Fabricabatur
2721 1201 2899 1246 autem
2972 1206 3098 1245 arca
3159 1200 3218 1245 ιιι
3278 1197 3407 1246 tuba

1831 1284 2061 1337 tuaxima
2085 1323 2101 1344 ,
2123 1283 2236 1352 jam
2262 1283 2522 1337 diluvium
2563 1282 2865 1350 praedicans
2909 1280 3177 1343 futurum,
3205 1291 3259 1335 et
3282 1290 3409 1336 ante

1829 1376 2085 1431 diluvium
2114 1377 2487 1446 paenitentiam
2518 1376 2782 1431 clamans.
2814 1376 2873 1429 Si
2908 1375 3071 1444 igitur
3096 1390 3198 1429 cxx
3252 1377 3409 1428 annis

1831 1470 2070 1525 revocati
2095 1485 2124 1523 a
2155 1469 2380 1524 malitiis
2413 1485 2518 1524 non
2546 1468 2861 1534 suntsuasi,
2896 1469 2996 1536 ipsi
3030 1469 3138 1521 vim
3167 1467 3408 1521 fecerunt

1833 1573 1891 1617 ut
1922 1578 2082 1633 supra
2107 1577 2203 1618 eos
2229 1562 2489 1616 diluvium
2516 1561 2819 1628 adveniret,
2854 1562 2946 1630 qui
2978 1560 3194 1615 suaderi
3225 1560 3409 1614 uolueo

1833 1656 1959 1709 rint.
1990 1654 2095 1709 Sed
2129 1652 2422 1709 Sodomam
2450 1654 2647 1707 evertit
2667 1652 2810 1707 Deus
2834 1695 2848 1719 ,
2878 1652 3007 1720 quia
3047 1651 3197 1720 prius
3243 1651 3408 1705 Sodo-

1832 1748 1977 1800 mitae
2008 1755 2256 1800 naturam
2288 1762 2441 1801 suam
2485 1755 2864 1816 corruperant.
2912 1743 2980 1797 Et
3010 1754 3162 1800 certe
3192 1758 3258 1798 ne
3289 1743 3408 1813 qui.

131 1853 267 1889 nam
290 1836 355 1889 “.
387 1836 530 1906 Ergo
559 1838 701 1890 nulla
736 1838 953 1890 occasio
979 1836 1238 1891 derelicta
1280 1844 1365 1889 est
1412 1835 1615 1888 timori.
1656 1834 1730 1887 De
1764 1811 1805 1865 Β
1834 1838 1952 1892 dem
1995 1838 2115 1891 istic
2147 1838 2393 1908 despexit
2440 1838 2617 1903 Deus,
2651 1811 2743 1891 sed
2793 1851 2986 1906 passus
3025 1845 3111 1890 est
3154 1811 3411 1889 Loth—ob

130 1930 322 1984 anima
347 1929 490 1983 enim
522 1930 716 1983 timere
743 1945 849 1984 nou
878 1930 1045 1983 debes
1078 1929 1332 1981 timorem
1371 1927 1728 1989 insensatum,

132 2037 209 2077 ne
261 2025 469 2091 puteris
516 2022 800 2077 mortalem
852 2020 1038 2075 dicere
1078 2019 1466 2073 immortalem.
1512 2016 1618 2072 Sed
1663 2016 1731 2070 de

128 2126 372 2181 corpore
405 2111 567 2165 times
615 2129 628 2165 :
673 2120 903 2180 possunt
947 2109 1093 2164 enim
1122 2108 1373 2163 occidere
1420 2122 1434 2159 :
1486 2105 1729 2161 defendit

130 2218 316 2273 usque
342 2203 411 2257 ad
441 2201 665 2271 capillos
702 2203 793 2271 qui
836 2200 1067 2255 creavit.
1113 2198 1219 2253 Sed
1249 2197 1545 2251 amicitiam
1576 2211 1727 2265 qua:-

131 2300 241 2364 ris,
268 2308 324 2352 et
362 2306 605 2366 patrem,
645 2305 698 2348 et
728 2306 957 2348 matrem
992 2310 1006 2346 :
1052 2301 1169 2346 esto
1215 2305 1423 2344 memor
1476 2290 1594 2358 ejus
1635 2288 1725 2357 qui

129 2390 265 2443 ait:
302 2386 407 2453 Qui
445 2388 617 2457 diligit
660 2398 863 2447 patrem
902 2394 990 2438 aut
1030 2392 1251 2436 matrem
1282 2396 1448 2449 supra
1478 2396 1577 2443 me,
1622 2395 1727 2433 non

128 2493 219 2535 est
244 2497 326 2534 me
356 2481 546 2551 dignus
572 2479 638 2533 ⁸¹.
669 2478 775 2532 Sed
806 2477 1044 2538 divitias,
1078 2484 1131 2530 et
1158 2490 1278 2543 qua:
1301 2475 1382 2529 his
1418 2483 1545 2539 sunt
1571 2472 1723 2527 simi-

132 2574 211 2628 lia
243 2574 541 2628 desideras.
574 2572 898 2640 Quicunque
938 2568 1216 2637 reliquerit
1250 2576 1457 2637 patrem
1489 2575 1583 2618 aut
1610 2579 1725 2617 ma-

134 2677 303 2730 trem,
335 2675 427 2718 aut
451 2667 692 2730 domum,
727 2672 820 2716 aut
860 2674 1197 2730 quaecunque
1243 2665 1371 2713 sunt
1416 2672 1580 2727 supra
1615 2665 1725 2711 ter-

131 2772 258 2813 ram
305 2766 526 2828 propter
554 2769 640 2809 me
672 2764 727 2809 et
771 2768 937 2822 regna
967 2751 1252 2817 caelorum,
1283 2749 1592 2817 centuplum
1626 2748 1724 2801 ha-

130 2847 290 2901 bebit
318 2862 334 2899 :
366 2846 508 2900 sicut
547 2845 600 2898 hi
643 2845 734 2913 qui
777 2843 1051 2897 setninant
1087 2842 1139 2894 in
1171 2841 1367 2893 bonam
1397 2848 1617 2901 terram,
1670 2838 1722 2891 in

132 2944 245 2994 isto
275 2939 491 3009 quidem
534 2937 735 2992 saeculo
766 2935 1097 3004 centuplum,
1128 2934 1181 2986 in
1225 2931 1408 2986 futuro
1434 2940 1615 2985 autem
1643 2930 1724 2984 vi-

132 3043 249 3085 tam
297 3042 581 3084 aeternam.
635 3028 813 3083 Nolite
854 3042 985 3094 ergo
1028 3026 1239 3078 timere.
1287 3023 1343 3077 Si
1387 3024 1534 3077 enim
1583 3036 1722 3076 unus

129 3140 331 3194 passer
362 3138 466 3179 non
493 3122 639 3176 cadit
669 3121 720 3175 in
749 3130 949 3174 terram
979 3118 1097 3172 sine
1128 3126 1284 3185 patre
1315 3126 1498 3170 vestro
1521 3116 1612 3184 qui
1640 3123 1724 3168 est

132 3219 188 3271 in
228 3216 410 3279 caelis,
447 3213 738 3268 multorum
786 3218 966 3264 autem
1013 3221 1294 3277 passerum
1338 3218 1434 3257 vos
1473 3203 1725 3258 meliores

128 3311 307 3375 estis;
347 3323 455 3362 non
489 3308 654 3361 habet
698 3304 881 3358 locum
913 3301 1098 3355 timor.
1144 3297 1279 3365 Quia
1328 3298 1491 3365 igitur
1519 3296 1723 3350 intere-

133 3404 237 3458 mit
271 3403 542 3465 timorem,
566 3398 771 3468 reperit
804 3394 918 3467 (88)
946 3391 1270 3447 constantia:
1304 3389 1559 3442 ﬁduciam
1599 3402 1723 3441 cum

127 3493 504 3558 confessione,
540 3500 596 3546 et
627 3490 758 3545 dicit
803 3506 817 3543 :
851 3486 1035 3541 Omnis
1061 3484 1358 3554 quicunque
1398 3498 1480 3534 me
1511 3479 1719 3549 confes—

130 3605 224 3641 sus
259 3588 416 3657 fuerit
447 3595 569 3639 ante
606 3584 879 3648 homines,
910 3580 999 3635 isti
1045 3578 1190 3633 enim
1229 3584 1351 3630 sunt
1390 3574 1482 3643 qui
1523 3589 1718 3643 perse-

76 3692 81 3699 ‘
131 3690 396 3750 quuntur,
428 3678 714 3747 conﬁtebor
741 3685 789 3730 et
829 3690 920 3744 ego
953 3687 1072 3727 eum
1118 3679 1238 3723 ante
1278 3664 1497 3719 Patrem
1541 3680 1716 3719 meum

129 3773 226 3841 qui
250 3783 323 3826 est
355 3772 413 3824 in
434 3770 577 3824 caelis
610 3768 674 3822 “.
708 3768 768 3823 Et
798 3770 971 3839 primo
1000 3762 1221 3833 quidem
1251 3759 1527 3828 intercipit
1562 3759 1724 3813 timo-

132 3879 278 3929 rem,
313 3864 551 3921 secundo
579 3870 758 3916 autem
788 3860 1033 3914 immittit
1065 3870 1214 3926 spem
1243 3872 1256 3908 :
1288 3854 1608 3921 Quicunque
1636 3864 1723 3905 me

130 3956 423 4013 confessus
461 3956 626 4010 fuerit
672 3962 800 4007 ante
845 3952 1112 4016 homines,
1160 3946 1466 4003 confitebor
1514 3956 1569 3999 et
1621 3960 1721 4015 ego

130 4064 260 4104 eum
294 4068 308 4103 :
356 4058 486 4116 puta
532 4048 658 4116 quia
687 4044 998 4099 hominibus
1039 4041 1367 4097 conveniens
1408 4049 1494 4095 est
1544 4038 1715 4093 Deum

129 4143 409 4204 conliteri,
442 4141 611 4195 Deum
645 4139 895 4192 homines
937 4135 1217 4206 quomodo
1255 4133 1511 4188 convenit
1553 4129 1723 4185 conli-

132 4232 281 4287 teri?
310 4230 384 4285 De
412 4231 723 4286 hominibus
753 4240 811 4283 ut
836 4243 941 4283 non
972 4229 1118 4284 dicat
1148 4227 1216 4282 ad
1242 4242 1338 4282 eos
1374 4245 1388 4281 :
1419 4223 1666 4280 Recedite
1689 4243 1721 4279 a

128 4339 240 4388 me,
271 4326 443 4377 nescio
483 4339 571 4377 vos
593 4323 670 4389 ³⁸;
704 4322 798 4376 sed
839 4331 899 4375 ut
937 4322 1112 4390 magis
1141 4321 1289 4375 dicat
1318 4322 1383 4374 ad
1416 4334 1511 4375 eos
1546 4337 1559 4372 :
1606 4315 1710 4371 Ve-

132 4418 266 4479 nite,
299 4417 554 4470 benedicti
587 4415 767 4469 Patris
802 4415 903 4468 mei
928 4413 993 4467 “.
1036 4414 1265 4469 Intueris
1307 4413 1717 4482 abnegatiouem

1833 1930 2240 1984 contentionem
2314 1940 2588 1998 pastorqu
2665 1930 2733 1982 ab
2814 1928 3089 1981 Abraham
3146 1925 3411 1995 separari.

1832 2021 1992 2076 Forte
2042 2030 2222 2076 autem
2270 2031 2323 2077 ct
2363 2021 2712 2077 continentiae
2750 2020 2890 2075 sales
2941 2020 3092 2075 misit
3134 2019 3201 2072 ad
3243 2017 3412 2071 Sodo-

1831 2126 1973 2166 mam
2019 2110 2159 2167 Loth
2183 2113 2247 2178 ³⁸,
2296 2123 2357 2167 ut
2400 2113 2517 2181 ejus
2546 2101 2755 2181 iustitia
2807 2110 3242 2165 continerentur.
3274 2118 3332 2161 ut
3378 2123 3411 2163 a

1828 2204 1959 2271 sale,
2008 2214 2063 2259 et
2110 2220 2215 2260 non
2261 2215 2765 2274 corrumperentur.
2806 2203 2887 2258 Illi
2937 2211 3118 2257 autem
3170 2212 3225 2256 et
3271 2201 3413 2255 sales

1829 2297 2199 2364 calcaverunt,
2231 2306 2286 2352 et
2311 2297 2567 2353 dixerunt
2596 2302 2662 2351 ad
2702 2313 2831 2353 eum
2860 2296 2951 2366 qui
2986 2295 3272 2359 iusalabat,
3302 2295 3411 2347 lla-

1829 2390 2002 2444 bitare
2034 2391 2255 2454 venisti,
2294 2405 2400 2444 non
2438 2400 2618 2445 tamen
2652 2400 2707 2445 et
2745 2390 3011 2461 judicium
3041 2387 3309 2456 judicare.
3343 2387 3410 2442 Et

1830 2483 1945 2537 hac
1972 2484 2216 2538 dicentes
2243 2483 2448 2550 justum
2484 2484 2771 2536 adversum
2806 2496 2863 2535 se
2889 2481 3154 2549 judicium
3199 2480 3407 2534 excita-

1828 2584 1978 2643 runt,
2004 2576 2096 2644 qui
2138 2591 2242 2629 non
2276 2575 2428 2629 fuere
2468 2574 2712 2629 contenti
2752 2574 3016 2627 adversus
3041 2572 3290 2627 homines
3325 2571 3409 2624 in-

1827 2669 2006 2738 digna,
2048 2670 2142 2723 sed
2188 2676 2242 2721 ct
2290 2667 2634 2722 insanierunt
2677 2666 2940 2719 adversus
2992 2665 3139 2734 ipsos
3192 2675 3413 2719 sanctos

1826 2762 2065 2831 angelos,
2101 2760 2192 2829 qui
2233 2769 2496 2814 venerant
2527 2759 2805 2813 vindicare
2843 2756 3095 2824 injuriam
3128 2757 3407 2810 hominum

1825 2856 1893 2911 ab
1920 2856 2125 2910 eisdem
2162 2854 2481 2908 admissam.
2516 2851 2624 2905 Sed
2652 2864 2830 2920 neque
2854 2850 2965 2903 Noe
2990 2848 3237 2918 deSpexit
3266 2849 3412 2903 Deus

1825 2948 1879 3003 in
1922 2946 2159 3011 diluvio;
2209 2945 2475 2999 numerati
2515 2944 2662 2997 enim
2698 2951 2858 2995 erant
2900 2941 3019 3008 ejus
3049 2940 3272 3009 capiili:
3319 2953 3413 2993 ne-

1825 3056 1930 3111 que
1969 3038 2108 3095 Loth
2156 3039 2294 3109 apud
2348 3037 2661 3091 Sodomam.
2708 3035 2814 3090 Alii
2864 3044 3044 3089 autem
3088 3035 3256 3089 Deum
3299 3047 3407 3088 non

1750 3155 1793 3214 ς
1826 3143 2008 3190 tamen
2038 3133 2288 3189 homines
2320 3131 2661 3186 oﬂenderuiit
2684 3169 2701 3197 ,
2732 3128 2821 3198 qui
2859 3127 3281 3182 immutaverunt
3313 3126 3413 3179 hu-

1829 3240 2047 3278 manam
2091 3234 2365 3278 naturam.
2407 3221 2522 3275 Non
2559 3230 2800 3290 estergo
2848 3216 3240 3287 increpantium
3274 3215 3407 3279 Deo,

1828 3318 1954 3387 quia
1996 3330 2096 3371 nec
2130 3316 2175 3370 si
2209 3314 2347 3367 tauri
2394 3312 2716 3367 occiduntur
2756 3310 2821 3364 ad
2854 3324 3042 3373 usum,
3075 3322 3250 3377 neque
3287 3308 3414 3375 quia

1827 3426 1955 3467 oves
1983 3420 2037 3465 et
2065 3407 2364 3471 columbae;
2403 3405 2746 3459 varilicatum
2781 3403 2928 3457 enim
2961 3411 3043 3455 est
3089 3415 3251 3455 oume
3286 3400 3409 3476 hoc,

1825 3513 1881 3558 et
1925 3500 2255 3557 abundantia
2306 3508 2390 3553 cst
2438 3497 2643 3561 multa,
2688 3504 2742 3550 et
2787 3494 2888 3547 alia
2935 3494 3056 3546 aliis
3100 3492 3410 3547 necessaria

1826 3603 1979 3661 sunt,
2029 3603 2084 3647 et
2117 3592 2220 3646 alia
2258 3590 2419 3645 aliter
2469 3599 2651 3643 creata
2699 3596 2846 3641 sunt.
2897 3584 3048 3639 Sicut
3092 3584 3258 3655 igitur
3310 3598 3410 3653 pro

1828 3688 1996 3742 tauris
2018 3685 2109 3755 qui
2134 3684 2460 3739 occiduntur
2489 3682 2554 3736 ad
2584 3696 2738 3735 usum
2763 3694 2867 3733 non
2894 3680 3206 3746 iucrepatur
3230 3676 3406 3742 Deus;

1825 3785 1879 3828 et
1912 3784 2058 3827 certe
2088 3773 2227 3825 tauri
2257 3786 2364 3825 non
2398 3779 2663 3841 peccant,
2696 3783 2878 3837 neque
2908 3778 2993 3821 est
3022 3766 3403 3837 irreligiositas

1826 3865 1878 3918 in
1911 3865 2115 3928 tauris;
2147 3877 2252 3916 non
2297 3861 2470 3915 solum
2504 3874 2612 3914 non
2639 3868 2719 3913 est
2759 3859 3146 3926 increpandum
3180 3856 3246 3909 de
3277 3870 3406 3925 per-

1824 3955 2094 4024 cmptione
2132 3952 2557 4022 irreligiosorum
2580 3990 2593 4015 ,
2629 3951 2723 4005 sed
2758 3963 2812 4003 et
2846 3948 3175 4003 mirandum.
3234 3948 3408 4001 Debet

1824 4044 1967 4099 enim
2014 4044 2218 4098 laudari
2275 4044 2438 4109 Deus,
2496 4044 2626 4114 quia
2690 4054 2891 4097 terram
2950 4040 3107 4109 aquis
3160 4038 3329 4092 abluit
3378 4052 3411 4092 ι

1825 4137 2101 4207 spurcitiis
2152 4137 2515 4191 habitantium
2577 4154 2589 4189 :
2646 4137 2805 4190 debet
2849 4134 3091 4203 probari,
3137 4132 3262 4201 quia
3314 4145 3411 4200 per

1826 4232 2003 4301 ignem
2052 4228 2307 4284 conﬂavit
2362 4238 2605 4284 nostram
2656 4238 2950 4291 naturam,
3000 4235 3055 4279 ut
3090 4234 3410 4279 evocaretur

1825 4333 2010 4378 nostra
2067 4323 2331 4392 legitima.
2386 4321 2464 4375 Ita
2520 4321 2695 4375 nescit
2750 4321 2891 4374 Deus
2943 4335 3079 4389 quos
3129 4335 3237 4373 non
3292 4320 3411 4371 vult

1827 4430 2018 4481 nosse,
2057 4415 2127 4468 ita
2171 4413 2445 4482 ignoravit
2476 4428 2570 4467 eos
2599 4413 2692 4482 qui
2726 4413 2829 4466 sub
2865 4410 3007 4475 Noe;
3062 4412 3132 4465 ita
3177 4410 3407 4464 nescivit

131 4507 259 4562 Filii
284 4508 350 4562 de
378 4509 708 4577 hominibus,
748 4518 803 4562 et
835 4506 1235 4562 confessionem
1265 4507 1354 4561 Dei
1385 4507 1453 4561 dc
1490 4506 1723 4560 homini-
1752 4534 1796 4589 Ι)
1824 4520 1917 4559 eos
1946 4505 2035 4573 qui
2075 4504 2176 4559 sub
2210 4503 2373 4569 Loth,
2410 4512 2468 4558 et
2499 4518 2593 4557 eos
2627 4502 2717 4571 qui
2751 4512 3082 4569 negaverunt
3112 4516 3235 4555 eum
3280 4510 3406 4555 ante

130 4600 278 4655 bus?
319 4600 455 4655 Num
497 4600 755 4671 possibile
782 4609 865 4655 est
902 4600 951 4654 ei
995 4599 1208 4663 dicere,
1239 4600 1422 4653 nescio
1453 4596 1717 4651 Patrem?

132 4691 257 4747 Scit
278 4693 476 4762 quippe
509 4700 563 4747 et
597 4692 867 4757 homines,
896 4701 951 4746 et
984 4691 1084 4746 hos
1115 4698 1430 4760 peccatores
1458 4690 1669 4758 ignorat
1702 4708 1715 4743 :

129 4785 567 4839 additamentum
633 4784 779 4838 enim
838 4784 940 4838 hoc
1007 4783 1332 4838 solutionem
1396 4780 1718 4853 qumstionis

130 4875 373 4945 praebet;
399 4874 526 4943 quia
559 4874 703 4929 enim
733 4882 1050 4942 peccatores
1075 4874 1243 4943 ignoti
1273 4883 1420 4940 sunt,
1452 4887 1559 4927 non
1589 4870 1715 4939 quia

130 4968 477 5035 ignorantur,
523 4968 616 5021 sed
645 4967 771 5037 quia
813 4982 919 5021 non
965 4967 1033 5020 ab
1076 4981 1140 5020 eo
1182 4967 1516 5021 conlitentur
1563 4985 1577 5020 :
1619 4980 1715 5022 eos

129 5062 277 5116 enim
330 5061 420 5130 qui
470 5060 627 5116 malae
673 5069 802 5115 sunt
852 5062 976 5116 vita:
1025 5061 1205 5116 nescit
1260 5059 1437 5115 sciens
1484 5074 1580 5116 eos
1623 5061 1714 5129 qui

131 5157 267 5209 sint.
309 5154 364 5209 Si
409 5155 553 5208 enim
580 5164 1029 5222 computareutur
1078 5154 1221 5207 inter
1243 5153 1394 5205 vivos
1424 5151 1575 5215 mali,
1607 5166 1712 5207 non

131 5245 369 5299 venisset
394 5244 654 5299 diluvium
687 5247 787 5299 sub
822 5244 937 5299 Noe
972 5264 984 5298 :
1017 5254 1071 5298 et
1100 5244 1234 5298 alios
1261 5243 1477 5314 quidem
1509 5258 1715 5297 conuu-

134 5337 366 5391 meravit
407 5352 544 5405 quos
572 5338 768 5403 salvat,
801 5354 939 5407 quos
972 5346 1154 5392 autem
1194 5335 1391 5400 nescit,
1435 5334 1611 5403 perdit
1654 5344 1714 5389 ut

134 5438 329 5497 purget
372 5437 595 5482 terram.
636 5426 753 5482 Non
804 5442 932 5497 ergo
978 5429 1165 5483 debuit
1210 5429 1289 5482 eis
1334 5440 1583 5495 parcere,
1617 5424 1710 5496 qui

209 5570 253 5601 ²⁹
277 5570 460 5624 Matth.
490 5587 541 5635 ιι,
561 5572 649 5624 '57.
727 5572 770 5601 ³⁰
798 5570 1105 5627 Matth.xtx.
1132 5569 1222 5625 ἓξ).

136 5641 180 5673 ³⁸
210 5640 343 5695 Gen.
376 5657 489 5705 xix,
519 5642 571 5696 9.
649 5642 693 5673 “
714 5642 899 5694 Matth.
944 5656 999 5705 χ,
1032 5640 1119 5695 35.

211 5777 320 5845 (88)
350 5776 569 5838 Reperit.
596 5780 776 5843 Forte,
810 5777 1015 5844 repetit.

1298 5568 1339 5600 ³¹
1378 5566 1565 5622 Matth.
1598 5580 1690 5635 xv,
1715 5566 1803 5621 57.

1824 4598 2097 4664 homines,
2124 4599 2192 4652 de
2224 4597 2420 4665 quibus
2450 4608 2505 4650 et
2534 4594 2665 4649 dicit
2697 4611 2709 4647 :
2744 4593 3057 4663 Quicunque
3085 4609 3161 4647 me
3190 4609 3407 4662 negare.

1816 4691 1885 4743 rit
1910 4706 2086 4743 coram
2108 4689 2426 4751 hominibus,
2450 4686 2648 4755 negabo
2685 4694 2733 4738 et
2758 4701 2850 4753 ego
2879 4700 2995 4738 eum
3018 4701 3195 4739 coram
3237 4682 3399 4737 Patre

1816 4797 1931 4835 meo
1954 4783 2045 4852 qui
2071 4791 2147 4834 est
2178 4783 2235 4835 in
2266 4780 2407 4834 caelis
2432 4781 2503 4834 ".
2535 4780 2744 4848 Negant
2777 4788 2956 4832 autem
2988 4777 3262 4832 Christum
3294 4791 3400 4831 non

1817 4872 1990 4925 solum
2025 4872 2078 4924 hi
2115 4874 2205 4942 qui
2241 4874 2293 4926 in
2327 4872 2709 4942 persecutione
2742 4879 2962 4942 negant,
3001 4869 3268 4939 siquidem
3300 4883 3401 4923 nec

1823 4964 1913 5033 qui
1936 4963 2264 5018 confitentur
2288 4964 2341 5018 in
2374 4964 2869 5033 persecutionibus,
2907 4962 3007 5033 ipsi
3032 4961 3128 5016 soli
3160 4970 3285 5016 srmt
3309 4962 3400 5029 qui

1824 5054 2193 5109 conﬁtentur:
2245 5056 2338 5110 sed
2382 5056 2775 5111 descendamus
2816 5055 2883 5109 ad
2930 5055 3167 5124 negotia,
3208 5063 3265 5106 et
3317 5052 3403 5105 lu-

1824 5149 2032 5218 giamus
2062 5148 2541 5218 irreligiositatem.
2580 5148 2681 5215 Qui
2729 5157 2856 5202 sunt
2900 5161 3030 5216 ergo
3076 5147 3165 5214 qui
3203 5154 3405 5215 negant

1822 5240 2037 5305 Filium,
2071 5250 2127 5295 et
2156 5242 2270 5307 ubi,
2297 5252 2352 5297 et
2386 5242 2439 5296 in
2469 5242 2687 5311 quibus,
2718 5241 3084 5295 advertantus.
3116 5237 3250 5294 Cum
3282 5236 3403 5305 quis

1824 5333 2125 5402 ingreditur
2161 5333 2434 5388 civitatem
2472 5333 2753 5404 gentilium
2778 5372 2794 5399 ,
2843 5342 2898 5389 et
2924 5332 3187 5402 religione
3232 5342 3401 5396 expo-

1824 5433 2009 5480 scente
2051 5423 2215 5481 frmtti
2244 5426 2524 5497 imponere
2564 5426 2900 5499 signaculum
2933 5424 3111 5480 crucis
3140 5419 3403 5477 confusus

1881 5566 1925 5598 "
1960 5565 2153 5623 Matth.
2176 5568 2342 5635 x,52.
2420 5566 2464 5599 ³³
2494 5565 2681 5622 Matth.
2718 5580 2847 5632 xxv,
2880 5563 2969 5619 12.
3068 5561 3113 5595 ³⁸
3139 5559 3269 5617 ibid.
3306 5556 3398 5613 5t.
