3822 6218
422 333 558 388 Ιῐ87

1088 327 1353 386 EUSEBII
1390 326 1869 384 CrESARIENSlS
1907 325 2057 383 OPP.
2101 326 2280 381 PARS
2321 327 2405 382 IV.
2445 357 2512 367 -—
2552 323 2975 382 DOGMATICA.

3549 321 3698 378 £188

428 433 626 515 fuerit;
655 449 745 519 qui
790 447 1092 517 ingreditur
1131 463 1283 502 suam
1319 446 1768 516 glorificationem
1802 455 1857 501 et
1889 447 1994 498 vir-
2025 451 2071 508 Α
2097 447 2236 514 aequi
2283 445 2506 511 iudicii;
2559 441 2999 512 concupiscentia
3043 449 3225 497 autem
3263 455 3497 497 caenosa
3540 446 3696 512 turpi

422 550 590 594 tutem
638 541 817 594 crucis
860 541 912 593 in
948 538 1124 594 fronte
1157 554 1260 592 non
1309 538 1634 603 ostenderit,
1684 539 1787 592 iste
1829 538 1992 592 etiam

421 633 539 686 sine
583 641 854 685 tormento
896 633 1110 701 negabit
1153 641 1208 684 et
1245 629 1598 684 sacrificabit.
1632 629 1766 694 Quis
1806 639 1992 682 autem

419 734 475 778 et
519 722 656 776 alius
710 722 926 792 negabit.
979 722 1295 776 Christum?
1339 721 1472 775 Cum
1523 721 1719 790 aliquis
1761 730 1990 774 vocatus

420 814 583 870 fuerit
616 817 682 870 ad
706 831 916 870 coenam
959 816 1260 883 gentilium,
1298 825 1352 868 et
1383 813 1685 883 perrexerit
1716 829 1731 869 :
1766 812 1993 866 necdum

421 910 565 962 enim
604 908 706 963 hoc
736 916 817 962 est
857 909 1221 978 prohibitum;
1267 907 1452 960 vinum
1498 914 1676 960 autem
1729 903 1926 958 viderit
1965 917 1995 954 a

421 1009 670 1054 cmuante
720 1000 772 1053 in
822 1008 1027 1052 terram
1079 996 1281 1051 effundi
1335 1005 1390 1050 et
1417 997 1616 1060 libari,
1665 1003 1720 1050 et
1770 1007 1996 1048 accenso

420 1090 756 1160 blasphemio
786 1090 851 1143 ab
883 1089 969 1143 his
997 1089 1091 1157 qui
1119 1103 1181 1142 ea
1213 1101 1334 1157 quae
1366 1095 1494 1141 sunt
1531 1084 1746 1139 Domini
1787 1085 1997 1153 ingrate

425 1185 791 1243 manducant,
825 1179 1091 1248 cmperint
1129 1177 1508 1245 blasphemare
1547 1175 1597 1227 in
1644 1171 1810 1227 Deum
1860 1189 1874 1225 :
1909 1171 1997 1225 ille

423 1283 601 1329 autem
630 1282 686 1325 ut
715 1271 961 1324 Herodes
998 1278 1217 1339 propter
1242 1267 1642 1321 discumbentes
1671 1264 1833 1318 fuerit
1863 1278 1993 1317 con-

423 1362 574 1416 fusus
619 1371 673 1416 et
722 1360 975 1423 tacuerit,
1035 1374 1138 1411 non
1195 1371 1402 1424 ponens
1455 1366 1580 1409 ante
1627 1354 1813 1408 oculos
1872 1368 1998 1406 suos

425 1453 744 1515 Christum,
794 1460 951 1519 negat
1004 1448 1247 1518 profecto
1293 1463 1450 1513 quem
1505 1461 1608 1499 non
1663 1442 1997 1512 reSpondcns

425 1542 732 1597 confitetur.
771 1540 835 1592 Et
877 1539 996 1591 ideo
1041 1539 1167 1591 dicit
1200 1537 1456 1589 Dominus
1497 1556 1508 1588 :
1548 1535 1855 1603 Quicunque
1902 1549 1994 1584 ne-

425 1631 623 1699 gaverit
652 1646 733 1681 me
756 1642 933 1680 coram
959 1625 1261 1678 hominibus
1285 1663 1299 1686 ,
1327 1623 1522 1691 negabo
1551 1633 1597 1674 et
1622 1637 1713 1690 ego
1736 1635 1852 1673 eum
1878 1627 1996 1672 ante

427 1720 642 1774 Patrem
667 1736 834 1774 meum
866 1719 956 1784 qui
997 1729 1069 1771 est
1096 1720 1148 1769 iu
1176 1717 1338 1770 castis.
1366 1714 1532 1783 Negat
1556 1715 1697 1768 enim
1727 1727 1850 1766 eum
1878 1727 1994 1765 om-

2073 969 2076 972 ,
2097 903 2431 973 cupiscentia
2472 919 2488 957 :

2097 545 2274 590 meatu
2314 535 2582 606 jurgetur,
2631 545 2686 588 et
2736 533 2959 600 incipiat
3013 548 3306 602 suggerere
3351 542 3408 588 et
3463 535 3689 597 dicere,

2095 627 2322 694 Quando
2363 628 2466 680 erit
2492 623 2790 694 judicium?
2829 623 3049 692 quando
3096 625 3334 677 futurum
3381 623 3515 678 est?
3563 639 3696 677 num

2095 721 2201 774 hoc
2231 719 2468 788 pertinet
2512 718 2579 772 ad
2623 715 2831 769 Deum?
2875 715 2980 770 Iste
3017 714 3231 783 reliquit
3273 715 3503 780 coelum,
3537 729 3595 770 et
3631 733 3694 768 ea

2095 826 2216 880 quae
2245 810 2386 864 circa
2418 823 2504 863 me
2535 817 2664 862 sunt
2693 807 2875 861 videt?
2912 805 3167 877 Suggerit
3196 807 3340 861 enim
3388 809 3524 861 talia
3557 824 3696 861 con-

2539 901 2632 972 qui
2684 902 2854 971 igitur
2902 901 3248 954 consentiunt
3301 901 3430 964 his,
3486 913 3696 972 negant

2097 994 2287 1050 Deum.
2329 994 2465 1059 Quid
2520 1003 2700 1048 autem
2750 993 2804 1046 hi
2856 994 2946 1061 qui
2991 993 3320 1062 perjurant?
3361 992 3481 1046 Non
3543 995 3694 1046 enim

2099 1095 2305 1140 tantum
2325 1093 2548 1154 peccant
2568 1084 2618 1137 in
2645 1084 2918 1138 hominem
2936 1098 3094 1152 quem
3115 1095 3397 1152 spernunt,
3423 1094 3695 1152 quantum

2100 1177 2152 1230 in
2186 1177 2350 1231 Deum
2380 1191 2538 1245 quem
2571 1185 2929 1230 contemnunt
2964 1193 2976 1228 :
3005 1177 3097 1242 qui
3129 1175 3269 1228 enim
3310 1174 3696 1242 juramentum

2098 1270 2416 1335 contemnit,
2457 1270 2620 1322 Deum
2647 1277 2826 1337 negat.
2856 1267 3012 1322 Unde
3039 1276 3093 1321 et
3116 1281 3345 1336 parcens
3380 1268 3547 1320 nobis
3573 1267 3697 1319 Sal-

2101 1371 2274 1427 vator,
2303 1362 2366 1415 de
2394 1360 2514 1414 aliis
2562 1361 2773 1429 quidem
2804 1360 3042 1426 mandat,
3077 1367 3333 1429 quantum
3367 1369 3426 1412 et
3459 1359 3695 1411 deberet

2100 1453 2374 1506 mandare.
2415 1452 2493 1504 Ad
2517 1450 2878 1518 juramentum
2907 1449 3129 1503 veniens
3147 1450 3215 1502 ob
3240 1448 3452 1502 facilem
3488 1449 3695 1518 lingua:

2099 1543 2328 1613 lapsum,
2359 1557 2462 1596 non
2493 1542 2647 1604 dixit,
2671 1541 2808 1596 Vere
2828 1540 3028 1609 jurate,
3061 1539 3153 1594 sed
3181 1539 3234 1592 in
3263 1549 3434 1594 totum
3463 1540 3572 1602 ait,
3596 1539 3699 1592 Ju-

2099 1653 2218 1690 rare
2248 1636 2406 1688 nolite
2429 1651 2448 1698 ,-
2482 1648 2549 1688 ne
2595 1633 2732 1687 forte
2781 1633 2960 1702 lingua
2989 1633 3291 1685 assuefacta
3322 1644 3454 1684 vere
3481 1629 3698 1696 jurare,

2100 1729 2168 1780 ob
2207 1726 2416 1780 facilem
2468 1725 2680 1793 lapsum
2733 1725 2815 1776 sui
2861 1724 3126 1777 oberrans
3169 1721 3604 1792 periclitaretur,
3647 1730 3701 1774 et

427 1813 511 1865 nis
543 1812 850 1880 quicunque
884 1808 1118 1861 audierit
1157 1805 1602 1872 blasphemantes
1633 1812 1687 1856 et
1723 1802 1996 1856 tacuerit:

2104 1816 2554 1885 irreligiositatem
2591 1815 2912 1867 incurreret.
2954 1812 3266 1866 Certamina
3300 1812 3472 1878 igitur
3517 1811 3702 1880 quoti-

425 1910 587 1970 negat
616 1901 790 1953 omnis
821 1899 1132 1967 quicunque
1177 1898 1410 1950 audierit
1457 1909 1675 1949 crucem
1696 1933 1712 1957 ,
1743 1902 1799 1946 et
1829 1893 1995 1960 depo-

426 1991 598 2045 suerit
646 1989 862 2044 oculutn
913 2004 1068 2043 suum
1103 1989 1482 2042 erubescens:
1534 1987 1625 2053 qui
1673 1984 1891 2047 dicunt,
1928 1981 1997 2037 ad

429 2096 566 2149 quos
598 2080 785 2134 dicunt
818 2093 850 2133 a
895 2078 1208 2148 parentibus
1242 2077 1449 2146 accepi,
1486 2084 1742 2142 tanquam
1783 2070 2000 2142 propel-

427 2172 598 2227 lentes
645 2187 674 2224 a
717 2186 776 2224 se
819 2171 1039 2234 bonum,
1076 2179 1134 2224 et
1183 2179 1240 2222 ut
1289 2170 1340 2222 in
1393 2167 1590 2221 malam
1629 2164 1997 2220 hzereditatem

428 2265 761 2328 incidentes;
814 2263 905 2331 qui
951 2270 1243 2316 occurrunt
1292 2258 1610 2329 quibusdam
1659 2254 1999 2310 venientibus

427 2358 494 2410 ad
520 2354 838 2419 Ecclesiam,
873 2361 928 2406 et
962 2353 1230 2421 trepidant
1265 2351 1508 2420 pedibus,
1535 2348 1662 2417 quia
1691 2356 1745 2401 et
1788 2356 1997 2412 mente;

427 2447 519 2514 qui
559 2444 841 2514 occultant
888 2443 1156 2513 jejunium
1200 2451 1453 2510 tanquam
1500 2441 1566 2492 ad
1613 2437 1994 2507 opprobrium;

428 2539 521 2606 qui
553 2534 958 2590 confunduntur
998 2535 1148 2588 exire
1195 2533 1262 2586 ad
1303 2540 1592 2600 martyres,
1631 2529 1754 2597 quia
1806 2529 1996 2582 audie-

428 2637 555 2682 runt
603 2627 860 2695 quosdam
915 2625 1156 2678 dicentes
1212 2623 1334 2686 sibi,
1388 2622 1684 2676 debuerant
1739 2619 1994 2687 adjuvare

427 2728 696 2793 martyres
729 2717 975 2771 Christi:
1017 2715 1108 2784 qui
1149 2714 1339 2768 nolunt
1384 2712 1598 2766 irrideri
1643 2713 1710 2764 ab
1763 2711 1997 2763 homini-

430 2811 553 2872 bus,
601 2808 928 2862 sustinentes
976 2813 1162 2874 utpote
1208 2803 1336 2857 illud
1367 2801 1507 2870 quod
1557 2801 1634 2854 ait
1677 2800 1938 2868 propheta
1975 2815 1990 2852 :

434 2899 536 2964 Qui
563 2900 759 2952 habitat
804 2903 858 2950 in
900 2897 1042 2950 caelis
1086 2895 1322 2948 irridebit
1352 2909 1438 2946 eos
1463 2892 1527 2946 ³⁷.
1557 2893 1780 2960 Semper
1810 2906 1995 2959 perse-

428 2992 573 3044 cutio
609 2999 712 3056 est,
755 3003 968 3057 semper
1002 2985 1271 3040 invisibile
1311 2984 1508 3038 bellum
1549 2983 1798 3048 habetur,
1853 2997 1995 3036 sem-

427 3097 527 3150 per
566 3095 801 3143 coronaa,
841 3093 1056 3147 semper
1102 3077 1408 3146 abnegatio.
1455 3075 1626 3129 Vultis
1659 3074 1848 3128 videre
1881 3088 1999 3126 cer-

2103 1909 2260 1964 diana
2286 1918 2410 1961 sunt
2433 1909 2558 1970 ista,
2588 1921 2708 1977 qua:
2737 1921 2836 1974 per
2866 1906 2983 1960 dies
3026 1920 3090 1958 ac
3115 1915 3298 1959 noctes
3327 1915 3459 1959 sunt
3497 1905 3696 1959 nobis:

2100 1999 2444 2069 pulchritudo
2469 1999 2612 2053 enim
2645 1997 2919 2067 proposita
2944 2005 3026 2050 est
3050 1997 3311 2060 mulieris,
3339 2007 3396 2051 et
3424 1997 3700 2068 effulgens

2101 2087 2298 2159 eﬂigies
2324 2087 2470 2143 Jesu.
2532 2088 2600 2143 Et
2661 2089 2750 2143 ille
2798 2090 3016 2159 quidem
3054 2091 3301 2145 deorsum
3359 2090 3606 2158 inspexit
3647 2100 3698 2143 et

2102 2179 2273 2248 perit;
2328 2180 2464 2232 alius
2498 2190 2672 2233 autem
2703 2195 2915 2234 sursum
2949 2181 3215 2251 respexit,
3245 2190 3300 2235 et
3324 2190 3650 2249 assumptus
3681 2200 3694 2232 :

2102 2269 2193 2323 ubi
2236 2271 2379 2324 enim
2414 2286 2530 2336 cor,
2564 2271 2672 2326 illic
2723 2283 2776 2326 et
2806 2273 2993 2328 oculus
3047 2275 3296 2328 habetur.
3331 2271 3693 2341 Propositum

2103 2371 2184 2416 est
2214 2378 2343 2417 sane
2381 2372 2434 2417 et
2461 2379 2653 2418 aurum
2687 2375 2742 2418 et
2767 2363 2946 2431 Jesus,
2980 2375 3033 2419 et
3077 2381 3180 2419 non
3209 2374 3293 2420 est
3320 2365 3548 2435 quidem
3575 2381 3698 2434 pro-

2099 2449 2296 2518 positio
2354 2453 2596 2518 aequalis.
2665 2451 2808 2517 Quid
2869 2465 3071 2516 autem,
3138 2455 3265 2523 quia
3327 2469 3431 2507 nec
3499 2456 3696 2523 aequali

2103 2543 2324 2607 utimur,
2383 2543 2475 2596 sed
2524 2543 2840 2598 decliviores
2881 2543 3143 2599 efﬁcimur
3210 2545 3275 2597 ad
3341 2545 3588 2610 minora,
3647 2557 3698 2599 et

2102 2634 2236 2686 adeo
2265 2631 2574 2688 fraudamur
2608 2636 2677 2689 ob
2730 2649 2793 2689 ea
2820 2650 2940 2704 quae
2993 2651 3096 2690 non
3125 2636 3330 2689 vivunt.
3361 2636 3416 2688 In
3451 2651 3698 2705 unoquo-

2102 2739 2206 2793 que
2263 2727 2422 2796 igitur
2477 2727 2778 2781 istiusmodi
2838 2737 2959 2782 actu
2995 2728 3291 2782 certamina
3330 2736 3460 2782 sunt
3493 2728 3698 2796 posita,

2102 2823 2156 2869 et
2218 2823 2511 2870 certamina
2573 2818 2888 2883 domestica,
2961 2818 3084 2888 quia
3148 2819 3215 2870 ab
3279 2817 3423 2871 intus
3495 2816 3697 2870 mulier

2103 2907 2328 2973 videtur,
2365 2918 2417 2962 et
2465 2909 2804 2978 pulchritudo
2856 2925 2922 2963 ex
2968 2910 3407 2978 concupiscentia
3459 2908 3695 2962 exarde-

2103 2999 2222 3062 scit,
2271 3008 2326 3051 et
2357 3013 2454 3052 nos
2504 3010 2778 3068 provocat,
2827 3009 2881 3054 et
2926 3000 3151 3053 ambitio
3183 2999 3436 3064 delectat,
3489 3009 3546 3055 et
3575 3015 3695 3054 ser-

2105 3106 2196 3145 mo
2249 3095 2512 3156 hortatur,
2569 3102 2620 3145 et
2670 3085 2734 3145 lis
2780 3101 2833 3145 et
2877 3091 3188 3145 eolluc1atio
3235 3106 3304 3145 ex
3353 3093 3474 3144 rixa
3530 3091 3694 3146 elfici-

434 3172 634 3224 tamina
689 3169 1095 3239 religiositatis?
1140 3166 1534 3234 Nonnunquam
1594 3165 1845 3218 efferbuit
1883 3164 2004 3232 quis
2032 3168 2073 3226 C
2108 3191 2216 3247 tur.
2263 3193 2318 3237 ει
2346 3197 2450 3236 non
2478 3183 2742 3237 adversus
2791 3185 3109 3254 sanguinem
3139 3184 3338 3253 quippe
3369 3192 3692 3244 θωπικαὶ,

427 3262 511 3318 ira
549 3262 834 3334 adversum
881 3261 1155 3315 subditum
1191 3259 1327 3324 sibi;
1382 3267 1776 3312 rememoratus
1815 3266 1997 3309 autem

429 3354 662 3418 Domini,
695 3353 943 3421 deposuit
971 3351 1323 3405 acerbitatem
1366 3366 1380 3403 :
1417 3348 1568 3418 pejus
1597 3349 1739 3402 enim
1774 3356 1855 3402 est
1887 3347 1998 3402 fer-

428 3447 547 3502 vori
600 3447 834 3500 incensae
889 3444 981 3499 ira:
1034 3443 1310 3506 resistere,
1359 3456 1522 3508 quam
1571 3439 1799 3494 flamma:
1854 3441 1993 3508 ignis

429 3552 546 3607 quae
573 3551 604 3590 a
646 3534 778 3590 foris
825 3533 1072 3588 habetur.
1113 3531 1246 3598 Quia
1296 3530 1460 3599 igitur
1513 3539 1716 3599 martyr
1766 3538 1848 3582 est
1886 3529 1980 3596 qui

397 3639 645 3700 propter
704 3627 874 3680 Deum
923 3629 992 3679 ad
1043 3624 1368 3678 exteriorem
1415 3619 1688 3674 flammam
1731 3621 1935 3674 resistit
1982 3634 1995 3670 :

431 3746 637 3805 martyr
675 3742 730 3788 et.
759 3733 911 3787 valde
938 3742 1168 3801 martyr,
1209 3730 1300 3799 qui
1335 3729 1628 3799 exstinguit
1653 3729 1880 3784 interius
1916 3728 1999 3782 in-

427 3828 676 3880 cendium
709 3824 923 3878 invidiae
949 3833 1165 3892 propter
1192 3821 1472 3874 Dominum
1497 3819 1718 3887 Jesum;
1748 3835 1997 3874 nonnun-

430 3933 591 3986 quam
630 3917 774 3970 enitn
820 3915 1031 3968 videtur
1060 3914 1262 3982 aliquid
1295 3915 1496 3967 bonum
1547 3923 1639 3967 aut
1678 3913 1898 3978 malum,
1943 3924 1999 3968 et

430 4009 674 4077 exsurgit
713 4008 934 4072 invidia,
968 4021 1021 4061 et
1051 4021 1208 4060 nemo
1249 4007 1426 4071 videt;
1476 4006 1646 4060 latent
1691 4007 1835 4060 enim
1881 4021 2001 4074 quae

432 4103 578 4152 intus
605 4109 750 4153 sunt.
795 4098 931 4163 Quia
962 4107 1140 4151 autem
1178 4106 1406 4150 testatur
1441 4098 1580 4151 Deus
1605 4098 1889 4151 adversum
1915 4097 1999 4150 itt-

432 4191 629 4244 vidiam
680 4192 747 4244 ad
800 4191 947 4243 illtun
995 4189 1325 4257 respiciens,
1373 4190 1512 4243 sicut
1549 4188 1852 4259 .Ioses(88‘)
1889 4205 1994 4242 non

433 4283 652 4337 vidente
713 4281 936 4334 Domino
964 4280 1072 4352 (89)
1112 4283 1202 4349 qui
1227 4291 1344 4336 erat
1375 4282 1620 4344 interra,
1650 4283 1716 4336 ad
1758 4281 2001 4335 invisibi-

431 4375 536 4429 lem
566 4374 836 4442 respexit,
872 4383 928 4426 et
966 4375 1267 4427 mercedem
1309 4375 1568 4443 propositi
1603 4375 1854 4438 sumpsit.
1889 4372 1997 4428 Ite-

432 4481 551 4522 rum
587 4467 677 4535 qui
713 4463 951 4518 refrenat
1002 4463 1257 4518 invidiam
1305 4475 1512 4534 martyr
1547 4465 1780 4530 exsistit,
1827 4473 1880 4519 et
1907 4465 1999 4534 qui

433 4557 714 4610 alacritate
737 4555 1060 4626 judicavcrit
1090 4555 1229 4608 male
1257 4555 1324 4609 de
1365 4556 1530 4609 fratre
1573 4555 1737 4623 loqui,
1768 4566 1821 4610 et
1847 4573 1985 4610 mea-

434 4657 547 4701 tum
592 4660 758 4714 usque
801 4646 866 4697 ad
917 4644 1152 4712 linguam
1187 4645 1493 4714 protulerit,
1534 4662 1594 4702 os
1629 4657 1806 4702 autem
1840 4665 1998 4702 suum

434 4745 658 4805 pr0pter
689 4735 780 4788 Dei
817 4735 1062 4789 timorem
1109 4751 1216 4790 non
1255 4739 1552 4807 aperuerit,
1602 4740 1710 4793 iste
1748 4741 2000 4794 invisibi-

435 4829 558 4882 liter
587 4827 880 4881 confitetur
923 4826 1114 4881 Deum.
1145 4827 1214 4882 Et.
1255 4831 1342 4882 cui
1379 4831 1589 4884 licitum
1637 4840 1721 4886 est
1748 4831 2002 4885 fraudare

433 4931 487 4974 et
515 4935 620 4973 non
655 4918 902 4985 fraudat;
931 4927 986 4971 et
1012 4919 1097 4972 cui
1131 4918 1338 4973 licitum
1368 4932 1451 4975 est
1484 4923 1653 4977 furari
1697 4922 2001 4992 conjugium

434 5010 702 5074 alienum,
759 5017 816 5064 et
864 5010 1037 5078 parcit
1088 5009 1141 5062 in
1194 5013 1448 5066 omnibus
1501 5013 1586 5067 his
1642 5028 1761 5082 qua:
1813 5011 2002 5066 oculus

434 5101 701 5154 sensibilis
752 5115 860 5155 non
917 5101 1098 5167 videt,
1151 5101 1437 5156 invisibilis
1493 5115 1675 5156 autem
1729 5104 1996 5168 intuetur,

434 5193 696 5262 martyria
714 5203 769 5246 et
786 5190 1156 5248 confessiones
1177 5194 1464 5248 habentur.
1484 5193 1691 5264 Negant
1719 5206 1898 5248 autem
1942 5206 1999 5246 re

434 5286 548 5355 ipsa
591 5294 647 5338 et
686 5301 846 5352 opere
879 5286 978 5350 illi,
1011 5301 1147 5355 quos
1186 5302 1309 5341 cum
1345 5288 1580 5342 tenuerit
1617 5289 2000 5355 concupiscen-

435 5381 544 5446 tia,
598 5387 652 5432 et
700 5389 820 5447 post
889 5381 1002 5434 huic
1066 5381 1274 5435 venerit
1347 5381 1641 5450 Scriptum
1703 5379 2002 5443 memoria,

2107 3277 2201 3331 sed
2229 3277 2513 3331 adversum
2554 3277 2850 3333 invisibiles
2886 3276 3140 3331 inimicos
3173 3275 3524 3330 invisibiliter
3540 3285 3606 3330 et
3643 3279 3692 3329 in

2106 3366 2192 3421 his
2231 3366 2485 3420 omnibus
2515 3367 2814 3422 certamina
2847 3376 2971 3420 sunt
3019 3375 3075 3420 et
3102 3381 3322 3436 agones.
3381 3364 3521 3419 Cum
3547 3364 3687 3433 jeju-

2107 3459 2252 3513 nium
2285 3469 2339 3513 et
2361 3473 2486 3512 esca
2515 3461 2851 3529 proponitur,
2882 3475 3003 3512 cum
3027 3460 3145 3513 sitis
3173 3469 3226 3512 et
3249 3457 3542 3526 jejunium,
3568 3473 3690 3512 cum

2107 3553 2358 3622 pudicitia
2391 3562 2447 3608 et
2492 3552 2679 3615 libido,
2728 3567 2847 3605 cum
2898 3551 3140 3606 Ecclesia
3182 3563 3238 3606 et
3290 3552 3530 3615 theatra,
3571 3566 3690 3604 cum

2107 3645 2220 3699 dies
2242 3645 2449 3699 Domini
2469 3657 2522 3700 et
2547 3646 2659 3699 dies
2687 3645 3089 3710 dazmoniormn,
3118 3660 3238 3698 cum
3260 3642 3488 3699 aﬂectus
3504 3643 3569 3695 ad
3594 3645 3688 3696 ho~

2107 3739 2277 3792 mines
2307 3747 2359 3792 et
2389 3739 2624 3792 charitas
2651 3739 2716 3791 ad
2749 3738 2938 3792 Deum.
2973 3737 3038 3789 Et
3078 3737 3130 3789 in
3158 3737 3243 3790 his
3278 3737 3535 3791 omnibus
3567 3734 3689 3803 qui-

2107 3831 2230 3884 dam
2265 3831 2478 3899 quidem
2516 3839 2738 3898 negant,
2787 3829 3004 3898 quidam
3033 3839 3209 3882 autem
3245 3827 3611 3892 confitentur;
3639 3836 3686 3882 el

2108 3924 2475 3992 unusquisque
2507 3922 2609 3976 sibi
2647 3930 2910 3990 procurat
2943 3919 3140 3974 bonum
3177 3928 3272 3972 aut
3299 3917 3688 3985 malum,judi—

2107 4013 2252 4068 cium
2285 4021 2375 4066 aut
2431 4012 2694 4082 requiem,
2727 4011 3028 4081 gehennam
3075 4018 3169 4063 aut
3203 4024 3367 4078 regna
3407 4011 3686 4063 caelorum.

2107 4104 2244 4170 Quid
2277 4114 2455 4159 autem
2498 4105 2549 4158 hi
2610 4105 2700 4172 qui
2738 4103 3059 4167 sortiuntur,
3112 4104 3204 4171 qui
3232 4103 3298 4154 ad
3330 4112 3485 4155 vates
3521 4102 3684 4156 idolo-

2107 4213 2222 4251 rum
2251 4196 2518 4266 pergunt?
2557 4195 2648 4249 Isti
2688 4195 2897 4250 occulte
2932 4194 3242 4248 sacrificant
3290 4192 3466 4251 idolis.
3506 4202 3560 4247 et
3593 4209 3682 4246 ne-

2107 4297 2235 4357 gant
2260 4287 2453 4340 Deum.
2497 4286 2633 4353 de
2677 4286 2730 4339 hi
2785 4285 2877 4354 qui
2906 4289 3133 4338 credunt
3172 4285 3298 4352 quia
3326 4299 3356 4336 a
3405 4283 3578 4337 stellis
3610 4285 3682 4337 eis

2107 4381 2244 4434 mala
2280 4380 2625 4449 proveniunt,
2681 4388 2736 4432 et
2787 4377 2957 4430 fatum
2999 4391 3120 4431 esse
3147 4374 3430 4430 fatentur?
3462 4375 3600 4440 Quid
3633 4377 3680 4428 bi

2106 4471 2196 4539 qui
2223 4470 2538 4538 auspicantu
2551 4485 2595 4531 r,
2625 4471 2715 4536 qui
2749 4468 2866 4522 dies
2888 4475 2944 4521 et
2972 4480 3132 4520 voces
3155 4477 3210 4520 et
3231 4479 3425 4534 passus
3454 4465 3680 4518 vitantes

2107 4560 2450 4615 custodiunt?
2479 4561 2584 4612 Aut
2611 4573 2717 4611 non
2762 4557 2930 4626 plena:
2961 4566 3087 4610 sunt
3122 4557 3206 4609 his
3235 4569 3425 4607 omnes
3454 4554 3680 4605 maxime

2107 4652 2362 4705 mulieres
2391 4650 2746 4704 observantes
2790 4646 2951 4701 talia?
3003 4646 3136 4712 Quis
3173 4645 3383 4698 locutus
3420 4642 3543 4696 est?
3568 4642 3678 4710 quis

2100 4740 2196 4817 per
2241 4757 2399 4797 nares
2431 4741 2682 4811 spiritutn
2732 4739 2995 4809 protulit?
3024 4739 3145 4807 quis
3194 4746 3374 4789 motus
3414 4735 3534 4787 est?
3567 4747 3677 4801 quae

2099 4838 2213 4892 avis
2247 4835 2468 4899 volavit,
2504 4846 2560 4888 et
2611 4834 2775 4898 unde,
2832 4831 3245 4899 autquomodo,
3295 4837 3391 4880 aut
3415 4823 3676 4894 qualiter?

2098 4929 2222 4999 quis
2253 4925 2521 4981 ululavit-?
2575 4924 2750 4979 Canes
2804 4923 3065 4975 debemus
3111 4919 3394 4974 recludere
3435 4917 3586 4981 tales,
3618 4931 3676 4969 ne

2098 5020 2393 5088 procedant
2423 5031 2452 5070 e
2483 5015 2752 5070 domibus.
2780 5012 2923 5066 Fieri
2948 5011 3091 5065 enim
3121 5025 3224 5062 non
3257 5016 3459 5077 potest,
3497 5018 3554 5060 ut
3581 5023 3675 5059 non

2100 5109 2304 5178 aliquid
2336 5107 2442 5161 tale
2471 5114 2742 5160 occurrat.
2774 5103 3146 5170 Vosmetipsos
3186 5100 3436 5167 probate,
3466 5109 3520 5152 et
3549 5099 3676 5151 vide-

2096 5200 2225 5253 bilis
2259 5201 2470 5267 quoties
2497 5199 2562 5250 ad
2603 5194 2911 5250 istiusmodi
2949 5191 3205 5247 certastis
3253 5190 3520 5259 auspicia,
3548 5204 3669 5257 quo.

2101 5290 2200 5343 ties
2233 5299 2377 5342 mota
2411 5298 2497 5342 est
2525 5284 2987 5355 concupiscentia,
3033 5285 3130 5336 sed
3160 5289 3212 5335 et
3236 5281 3503 5334 memoria
3535 5279 3622 5332 Dei
3653 5294 3665 5329 :

2101 5392 2155 5435 et
2179 5389 2298 5434 erat
2323 5389 2620 5443 certamen,
2646 5389 2699 5432 et
2723 5378 3015 5442 contentio,
3041 5382 3096 5430 et
3116 5387 3328 5427 cursus.
3367 5372 3433 5425 Et
3460 5371 3596 5425 sicut
3622 5371 3666 5424 in

437 5471 560 5539 quia
615 5480 701 5525 est
752 5472 892 5527 Deus
945 5473 1033 5542 qui
1088 5473 1234 5528 videt
1274 5479 1328 5529 et
1375 5473 1605 5543 judicat,
1641 5483 1690 5528 et
1749 5472 1873 5542 quia
1925 5478 2007 5526 est
2103 5469 2372 5540 palaestris
2403 5469 2544 5522 alius
2573 5466 2866 5538 aliquando
2919 5464 3169 5535 superior
3198 5460 3430 5517 efficitur
3478 5461 3600 5527 alio,
3622 5473 3667 5515 et

502 5606 543 5636 ³⁷
569 5605 714 5660 Psal.
741 5623 802 5673 tt,
832 5608 882 5662 4.

504 5761 638 5831 (88⁹)
685 5763 855 5818 loses.
886 5762 1068 5832 Forte,
1105 5763 1295 5819 Moses.

2162 5758 2273 5829 (89)
2306 5756 2407 5813 Ms.
2432 5756 2562 5811 sicut
2592 5751 2784 5825 Ioseph
2812 5768 2912 5806 non
2940 5751 3136 5806 vidente
3158 5749 3409 5801 Domino.
