3822 6218
159 346 304 400 “89

1218 338 1304 392 DE
1345 335 1685 393 OPERIBUS
1724 334 1922 391 BONIS
1959 335 2047 390 ET
2088 335 2314 392 MALIS.

3273 344 3413 400 H90

159 462 454 532 aliquando
475 459 697 516 inferior
721 457 889 527 iacet.
915 467 968 512 et
997 457 1051 512 in
1079 457 1192 526 ipsa
1223 455 1612 512 colluctatione
1634 454 1744 509 fre-
1773 461 1817 516 Α
1848 454 1934 508 nia
2001 454 2332 522 diSpendium
2381 452 2781 508 obumbraturn.
2838 453 2937 510 Ubi
2991 465 3077 511 est
3124 458 3418 515 hesternus

158 564 390 626 quenter
434 553 719 608 conversio
773 560 857 606 est
898 550 1072 614 facta;
1124 552 1195 603 ita
1226 558 1280 603 et
1315 564 1508 604 sensus
1544 548 1738 616 saepius

158 661 287 702 cum
317 643 755 711 concupiscentia
784 642 1019 696 luctatus
1055 649 1139 695 est
1170 640 1223 694 in
1251 639 1481 704 lectulis,
1512 638 1566 692 in
1599 637 1737 702 foro,

163 735 220 790 in
249 735 431 801 domo,
467 735 519 788 in
555 734 803 797 theatris,
836 733 890 788 in
933 731 1305 801 lupanaribus.
1348 731 1413 785 Et
1441 732 1556 786 ham
1609 729 1741 784 facit

163 841 288 896 quae
333 836 388 881 et
425 825 600 880 oculis
637 825 878 879 videmus
914 825 1241 878 visibiliter:
1278 824 1448 876 tenuit
1477 820 1737 890 concupi-

162 919 400 982 scentia,
435 925 489 970 et
523 915 727 986 pepulit
757 931 994 980 sensum,
1029 926 1083 969 et
1119 913 1318 969 occidit
1357 913 1650 982 cogitatus,
1686 919 1741 966 et

163 1010 512 1081 Superposuit
567 1024 627 1064 se
666 1011 1118 1077 concupiscentia.
1169 1009 1364 1063 lterum
1409 1015 1590 1060 autem
1635 1005 1739 1058 vim

165 1101 378 1156 faciens
421 1113 616 1152 sensus
662 1106 939 1152 correctus
993 1105 1091 1155 est,
1155 1106 1206 1150 et
1252 1095 1532 1164 superbior
1565 1092 1740 1145 factus

164 1200 274 1256 est,
306 1190 578 1262 superavit
611 1189 933 1244 desiderium
976 1187 1318 1242 libidinosum
1351 1200 1366 1238 :
1402 1186 1591 1238 horum
1625 1198 1741 1236 om—

71 1282 81 1291 ’
164 1286 318 1339 nium
345 1283 774 1352 experimentum
804 1280 940 1348 apud
969 1295 1065 1334 vos
1097 1288 1202 1332 est.
1235 1278 1399 1332 Scitis
1429 1277 1571 1330 enim
1601 1289 1740 1343 quo-

168 1374 274 1429 ties
324 1374 388 1426 ad
432 1371 950 1441 concupiscentiam,
981 1369 1190 1439 quoties
1232 1369 1298 1422 ad
1327 1367 1598 1422 libidinem
1625 1366 1741 1420 ille-

166 1467 241 1520 cti
277 1467 430 1528 estis,
458 1466 670 1534 quoties
699 1463 764 1516 ad
793 1461 1101 1526 avaritiam,
1131 1460 1346 1529 quoties
1371 1459 1437 1512 ad
1468 1459 1737 1524 fraudem,

166 1559 382 1628 quoties
411 1558 475 1610 ad
513 1557 671 1622 iram,
706 1555 915 1624 quoties
951 1554 1016 1608 ad
1064 1552 1484 1620 indignationem
1521 1567 1534 1604 :
1572 1550 1740 1604 decli-

165 1649 254 1704 vis
274 1651 418 1705 enim
443 1665 570 1703 caro
602 1649 668 1702 ad
701 1649 801 1700 ista
825 1656 908 1701 est
936 1647 1087 1711 vitia,
1111 1655 1163 1700 et
1197 1645 1361 1715 ipsius
1383 1644 1564 1698 carnis
1595 1658 1741 1697 mea-

169 1749 278 1797 tus.
308 1739 486 1794 Vincit
526 1749 703 1794 autem
733 1740 846 1793 hate
873 1739 1141 1808 cogitatus
1167 1738 1468 1792 colluctatis
1500 1751 1595 1806 per
1628 1735 1740 1803 spi-

1844 544 1979 609 dies,
2035 555 2090 598 ut
2121 546 2196 598 sis
2235 544 2494 599 sollicitus
2542 545 2606 599 de
2659 547 2959 602 hodierno?
2993 549 3079 603 ubi
3136 562 3260 606 sunt
3297 567 3419 622 quae

1845 633 1959 687 heri
2009 633 2061 688 in
2115 643 2353 688 ventrem
2389 635 2550 688 missa
2602 645 2747 702 sunt,
2793 646 2851 690 ut
2904 639 3094 694 iterum
3148 657 3418 712 prmpares

1844 725 2049 779 multa?
2074 723 2264 796 Figura
2297 734 2378 780 est
2402 740 2640 794 praesens
2668 729 2945 793 szcculum,
2975 740 3029 784 et
3055 746 3159 785 non
3183 735 3412 792 veritas:

1846 819 2050 870 umbra:
2094 817 2334 871 volantes
2379 829 2524 872 sunt.
2566 818 2702 884 Quid
2763 821 3002 877 velocius
3052 825 3164 878 sole
3219 827 3274 881 in
3309 842 3417 896 quo

1847 918 2189 962 mensuralur
2219 908 2371 962 vita?
2400 909 2680 979 Evigilate,
2715 911 2856 978 iusti,
2883 921 2938 966 et
2976 914 3141 968 nolite
3166 931 3412 983 peccare.

1846 1000 2129 1054 Peccatum
2184 1009 2365 1054 autem
2411 1001 2638 1056 clllcitar
2676 1003 2746 1056 ob
2791 1006 3151 1073 ignorantiam
3185 1007 3298 1062 Dei.
3357 1009 3412 1063 Si

1845 1090 1989 1143 enim
2047 1090 2260 1159 agnitus
2294 1091 2460 1144 fuerit
2510 1092 2649 1146 Dens
2683 1095 2772 1162 qui
2807 1095 2986 1148 omnia
3031 1097 3288 1163 intuetur,
3328 1115 3413 1154 re-

1845 1181 2146 1248 percutitur
2177 1197 2338 1236 omne
2382 1193 2684 1250 peccatum.
2743 1187 2849 1239 Deo
2878 1188 3022 1240 enim
3060 1201 3322 1256 praesente
3365 1201 3414 1246 et

1846 1273 2064 1326 vidente
2093 1273 2214 1340 quis
2239 1273 2368 1328 velit
2417 1272 2624 1328 furari?
2650 1275 2748 1342 Qui
2780 1287 2959 1333 autem
2992 1280 3230 1348 furatur,
3267 1285 3414 1352 prius

1849 1364 2311 1434 irreligiositatem
2346 1367 2600 1434 admittit,
2633 1376 2686 1421 ct
2729 1370 2802 1423 ita
2851 1381 3028 1426 nocet.
3069 1373 3125 1428 Si
3156 1376 3300 1428 enim
3329 1392 3415 1432 co-

1846 1458 2071 1526 gitasset
2117 1458 2248 1513 Cain
2292 1460 2416 1528 quia
2449 1461 2594 1516 videt
2622 1463 2786 1525 Deus,
2830 1479 3100 1534 nunquam
3129 1467 3415 1521 occidisset

1845 1546 1999 1612 Abel,
2030 1563 2188 1617 quem
2235 1559 2290 1603 et
2322 1550 2610 1619 abnegavit
2658 1553 2901 1608 fratrem.
2929 1554 2986 1608 Si
3013 1555 3272 1612 vidissent
3306 1558 3414 1611 Eva

1847 1648 1900 1693 et
1944 1638 2114 1692 Adam
2145 1641 2332 1703 Demn,
2383 1657 2487 1694 non
2533 1644 2797 1698 vidissent
2857 1647 3126 1702 arborem.
3167 1646 3415 1716 Nunquid

1849 1745 2136 1798 possumus
2181 1733 2236 1786 in
2263 1734 2396 1788 duas
2420 1733 2584 1789 facies
2618 1737 2776 1789 simul
2815 1739 2984 1792 visum
3013 1740 3290 1794 intendere
3323 1757 3418 1793 no-

169 1833 358 1888 ritum.
391 1831 464 1885 Ita
504 1845 887 1899 nonnunquam
922 1831 1168 1882 videmus
1196 1843 1483 1898 pauperem
1513 1846 1526 1881 ε
1563 1835 1618 1880 et
1647 1827 1741 1879 mi-
1777 1821 1818 1874 Β
1844 1825 2060 1878 strum?
2090 1825 2194 1881 Sed
2223 1843 2326 1882 non
2351 1827 2573 1896 suscipit
2594 1828 2800 1882 oculus.
2833 1829 2950 1882 Non
2988 1846 3267 1898 possumus
3289 1829 3418 1901 ergo

169 1923 463 1978 sericordia
499 1923 712 1991 quidem
759 1919 950 1984 ﬂectit,
981 1919 1206 1973 avaritia
1255 1929 1434 1973 autem
1486 1928 1738 1982 revocat;
1825 1914 1900 1975 .in
1932 1915 2099 1969 Deum
2128 1926 2182 1971 et
2214 1919 2266 1971 in
2308 1919 2589 1973 mulierem
2627 1920 2786 1974 simul
2829 1921 3054 1976 videre:
3087 1924 3228 1977 sicut
3272 1925 3414 1978 enim

169 2017 225 2062 et
253 2009 497 2064 volumus
513 2019 866 2077 agnoscentes
890 2023 1010 2061 cum
1035 2022 1200 2076 gener
1219 2017 1301 2062 est
1323 2008 1565 2062 misereri
1592 2007 1738 2078 (90);

170 2101 227 2156 id
257 2109 440 2153 autem
477 2101 620 2169 quod
667 2099 900 2154 alienum
931 2110 1015 2154 est
1047 2114 1154 2153 non
1182 2100 1330 2154 sinit.
1363 2099 1440 2153 lla
1465 2109 1742 2154 certamen

169 2199 254 2244 est
287 2190 576 2242 maximum
603 2190 653 2242 in
685 2189 982 2243 istiusmodi
1007 2189 1251 2255 actibus;
1285 2188 1350 2242 de
1383 2189 1489 2242 Deo
1517 2187 1660 2242 enim
1690 2195 1746 2242 et

169 2281 241 2335 de
275 2296 580 2343 mammona
634 2289 904 2336 certamen
942 2279 1191 2342 habetur,
1225 2279 1349 2347 quia
1390 2285 1445 2332 et
1488 2275 1746 2331 Dominus

170 2373 293 2442 ipse
322 2372 454 2426 dicit
485 2395 496 2428 :
540 2370 708 2425 Nemo
742 2383 902 2439 potest
949 2373 1148 2424 duobus
1194 2371 1420 2423 dominis
1451 2370 1640 2424 servire
1664 2368 1742 2436 ‘3;

169 2473 230 2520 et
261 2464 486 2534 opponit
521 2478 880 2517 mammonam
916 2463 1107 2516 animae
1136 2461 1190 2514 in
1233 2461 1340 2514 Deo
1369 2462 1604 2527 viventi;
1639 2477 1745 2516 non

169 2556 304 2625 quia
331 2555 748 2610 commutatione
779 2553 976 2622 aliqua,
1010 2554 1105 2606 sed
1135 2553 1257 2620 quia
1283 2553 1507 2607 efllcitur
1529 2554 1580 2607 id
1604 2555 1746 2623 quod

172 2647 294 2702 ﬁeri
326 2662 430 2700 non
458 2647 694 2700 deberet.
727 2646 866 2716 Ergo
896 2655 1160 2714 martyres
1202 2644 1499 2698 efliciamur
1537 2645 1652 2710 Dei,
1692 2654 1747 2700 et

175 2752 284 2789 non
316 2751 500 2804 parum
535 2749 780 2802 putemus
803 2739 941 2805 quod
967 2737 1042 2788 ait
1071 2753 1085 2788 :
1110 2736 1409 2802 (.‘on/itebor
1433 2744 1482 2788 et
1507 2751 1597 2804 ego
1627 2751 1746 2789 eum

172 2841 355 2878 coram
387 2825 544 2878 Patre
574 2843 684 2878 meo
715 2828 803 2895 qui
841 2840 915 2880 est
943 2828 994 2880 in
1027 2826 1168 2880 caelis
1191 2827 1256 2880 ³³.
1309 2826 1414 2880 Ista
1452 2827 1594 2880 enim
1629 2841 1748 2895 quae

179 2918 269 2972 hic
309 2928 452 2982 sunt,
481 2921 759 2973 nobiscum
806 2936 910 2974 non
935 2929 1191 2988 pergent;
1234 2921 1280 2974 si
1312 2930 1489 2973 autem
1524 2919 1745 2986 vadunt,

178 3010 532 3064 convincatur
561 3026 775 3077 sermo;
819 3027 1003 3066 verum
1037 3013 1196 3066 isthic
1229 3021 1475 3080 manent;
1507 3027 1625 3082 quae
1649 3027 1746 3066 au-

179 3111 290 3156 tem
337 3117 404 3156 ex
451 3103 578 3170 ipsis
629 3111 753 3157 sunt
796 3114 1041 3172 peccata,
1091 3105 1367 3159 nobiscum
1393 3115 1446 3158 et
1498 3114 1623 3158 ante
1651 3119 1748 3159 nos

173 3204 429 3264 pergunt.
472 3195 610 3260 Quid
642 3197 709 3248 ad
741 3196 936 3249 damna
975 3196 1371 3265 pr0peramus?
1404 3195 1660 3250 Venimus
1691 3195 1746 3250 in

177 3291 320 3340 hanc
353 3287 548 3351 vitam;
605 3296 813 3340 utamur
873 3287 1092 3340 lumine.
1129 3287 1265 3353 Quid
1325 3295 1502 3342 autem
1547 3288 1749 3354 praebet

176 3376 359 3431 lumen
393 3379 476 3432 his
513 3379 604 3448 qui
642 3379 842 3432 habent
869 3377 1097 3432 oculos?
1148 3379 1532 3432 Discretionem
1567 3377 1750 3445 utique

177 3469 539 3538 negotiorum.
581 3468 635 3523 Si
664 3469 792 3538 quid
838 3469 1000 3538 igitur
1045 3471 1327 3524 honestum
1367 3479 1471 3534 est,
1517 3485 1636 3524 cum
1670 3469 1749 3525 fe-

177 3560 471 3616 stinatione
521 3567 770 3629 petatur;
819 3576 924 3614 non
960 3561 1103 3614 enim
1153 3569 1212 3614 ut
1256 3559 1587 3627 decipiamus
1629 3575 1746 3624 vos,

177 3652 558 3722 prasidemus;
610 3668 715 3706 non
745 3657 803 3706 ut
839 3667 1100 3721 pauperes
1136 3666 1226 3704 vos
1255 3649 1534 3714 faciamus,
1563 3664 1748 3702 mone-

178 3755 322 3804 mus,
357 3742 450 3794 sed
479 3741 669 3796 divites
705 3741 883 3810 potius
932 3740 985 3794 in
1013 3755 1178 3808 regno
1225 3739 1501 3793 caelorum.
1537 3736 1651 3790 Non
1691 3745 1750 3791 ut

179 3832 496 3899 dejiciamus
522 3848 717 3902 corpus
742 3841 976 3888 vestrum
1001 3831 1240 3901 jejuniis,
1265 3831 1358 3884 sed
1387 3839 1446 3884 ut
1465 3829 1750 3884 induarnus

179 3937 280 3977 vos
310 3923 750 3991 inunortalitate;
788 3938 894 3976 non
929 3932 987 3975 ut
1018 3922 1330 3976 occidamus
1372 3919 1426 3973 in
1462 3919 1747 3989 martyrio,

178 4018 280 4069 sed
330 4024 387 4068 ut
436 4030 539 4068 non
585 4015 721 4068 eatis
759 4015 811 4069 in
849 4017 1146 4084 gehennam
1195 4027 1420 4082 corpore
1449 4020 1504 4066 et
1547 4013 1748 4064 anima.

181 4103 300 4158 Non
326 4121 511 4159 sumus
545 4105 709 4174 igitur
736 4105 938 4158 inimici
973 4105 1172 4170 vestri;
1206 4119 1308 4157 non
1336 4104 1478 4156 enim
1511 4111 1570 4156 ut
1603 4101 1753 4156 frau-

182 4197 377 4250 demus
406 4211 500 4250 vos
528 4197 769 4266 patribus
801 4206 858 4249 et
885 4194 1072 4248 amicis
1110 4197 1222 4249 haec
1253 4194 1540 4263 loquimur,
1573 4195 1669 4248 sed
1694 4202 1752 4249 ut

182 4302 294 4343 non
323 4288 625 4342 excidatisa
656 4288 762 4342 Deo
784 4286 963 4350 Patre,
996 4287 1276 4341 Incremini
1310 4294 1489 4339 autem
1517 4293 1750 4340 vosmet-

183 4380 333 4449 ipsos
360 4397 372 4434 :
408 4380 510 4434 hoc
549 4381 690 4434 enim
715 4382 884 4434 solum
920 4388 1002 4434 est
1031 4379 1262 4444 lucrum,
1289 4379 1392 4433 alia
1420 4388 1598 4433 autem
1629 4394 1747 4432 om-

1847 2023 2006 2061 nemo
2031 2017 2208 2078 potest
2237 2009 2447 2065 duobus
2483 2011 2717 2067 dominis
2757 2015 2984 2080 servire,
3027 2016 3100 2068 ita
3131 2031 3289 2071 nemo
3323 2032 3418 2086 po-

1847 2107 1954 2152 test
1987 2101 2118 2154 duos
2147 2101 2324 2155 vultus
2361 2102 2520 2156 simul
2558 2102 2845 2172 inspicere.
2875 2103 3107 2160 Tantum
3148 2122 3415 2176 pr0pona-

1845 2198 1932 2244 tur
1950 2199 2078 2245 ante
2099 2191 2285 2246 oculos
2311 2191 2469 2258 Deus,
2497 2201 2551 2248 et
2567 2195 2745 2248 omnia
2771 2195 2822 2248 in
2854 2195 3238 2266 tranquillitate
3255 2207 3409 2261 sunt;

1846 2284 1939 2338 sed
1979 2299 2081 2337 nec
2141 2282 2326 2338 labore
2368 2295 2452 2338 est
2485 2299 2640 2354 opus,
2681 2285 2873 2340 suilicit
2919 2289 3058 2340 enim
3105 2289 3194 2356 qni
3237 2289 3412 2342 adest.

1846 2371 1946 2438 Qui
1981 2374 2203 2441 respicit
2239 2373 2306 2426 ad
2333 2374 2522 2439 Deum,
2567 2377 2796 2444 primum
2831 2376 3045 2442 quidem
3077 2376 3236 2431 habet
3263 2377 3415 2446 adju-

1849 2462 2043 2516 torium
2089 2476 2119 2514 a
2155 2471 2454 2530 prasente;
2505 2465 2743 2534 posthaec
2784 2477 2964 2520 autem
2999 2477 3054 2521 et
3099 2469 3414 2538 possibilem

1847 2555 1948 2610 sibi
1979 2554 2335 2608 imitationem
2367 2565 2422 2610 et
2450 2556 2695 2610 timorem
2747 2556 2908 2624 beni;
2940 2569 2993 2613 et
3037 2560 3087 2614 in
3119 2561 3280 2614 tutela
3307 2571 3411 2624 est,

1847 2655 1901 2701 et
1929 2661 2034 2701 non
2070 2646 2280 2700 accedit
2313 2659 2592 2716 peccatum
2630 2651 2681 2705 in
2711 2651 2833 2706 isto.
2881 2650 3052 2705 Ununt
3083 2667 3152 2706 ex
3175 2653 3258 2706 his
3282 2668 3420 2723 opus

1847 2745 1946 2802 est,
1992 2747 2048 2790 ut
2077 2747 2330 2792 credatur
2373 2741 2498 2808 quia
2527 2750 2610 2797 est
2663 2741 2820 2809 Deus,
2852 2757 2905 2798 et
2937 2744 3088 2798 adest
3116 2752 3168 2797 et
3187 2745 3332 2799 videt
3363 2753 3421 2799 et

1847 2838 2120 2885 scrutatur
2151 2846 2208 2884 et
2257 2829 2386 2882 nihil
2415 2839 2497 2882 est
2533 2831 2674 2898 quod
2723 2846 2846 2884 eum
2893 2831 3063 2899 possit
3115 2831 3320 2898 latere;
3363 2842 3418 2885 et

1847 2918 2028 2972 omnia
2073 2918 2253 2973 facilia
2289 2927 2467 2974 erunt.
2511 2918 2568 2974 Si
2620 2930 2800 2974 autem
2851 2922 3172 2977 subduxeris
3224 2922 3418 2976 funda-

1850 3020 2112 3077 mentum,
2155 3011 2290 3065 nmil
2333 3010 2494 3066 stabit
2535 3027 2602 3066 ex
2636 3013 2719 3066 his
2755 3028 2874 3081 quae
2906 3015 3241 3083 superposita
3271 3024 3414 3069 sunt.

1851 3099 1908 3153 Si
1940 3101 2063 3169 quis
2097 3116 2234 3170 ergo
2259 3101 2559 3171 irreligioso
2585 3105 2864 3170 proposito
2892 3105 3205 3160 subduxerit
3227 3106 3418 3172 Deum,

1844 3192 1952 3261 jam
1984 3201 2042 3246 ut
2068 3195 2184 3247 sine
2222 3193 2424 3247 lumine
2463 3209 2626 3263 agens
2657 3194 2855 3263 ubique
2894 3195 3134 3249 offendit.
3170 3196 3276 3252 Sed
3297 3211 3418 3264 nos,

1848 3283 2066 3350 fratres,
2103 3284 2170 3340 ad
2203 3286 2372 3340 Deum
2401 3285 2690 3350 viventem,
2715 3287 2781 3338 ad
2811 3301 2931 3340 eum
2963 3288 3054 3356 qui
3091 3297 3193 3350 est,
3227 3291 3317 3360 qui
3341 3289 3424 3345 fe-

1850 3375 1923 3428 cit
1962 3376 2168 3439 omnia,
2211 3377 2301 3443 qui
2337 3374 2513 3430 salvat
2555 3377 2825 3441 universa,
2870 3389 3282 3447 convertamur;
3317 3384 3420 3437 alia

1848 3463 1992 3519 enim
2019 3465 2195 3517 omnia
2217 3465 2422 3518 vanitas
2455 3466 2739 3518 vanitatum
2762 3479 2882 3520 sunt
2912 3467 2958 3500 ⁸ο
2987 3486 3002 3522 :
3031 3470 3247 3538 sapiens
3275 3473 3418 3526 enim

1853 3564 1987 3618 erat,
2033 3556 2124 3625 qui
2146 3557 2260 3610 haec
2293 3557 2718 3625 proclamaverat
2751 3577 2764 3613 :
2797 3559 2864 3612 Et
2889 3568 3064 3634 omnia
3094 3565 3318 3632 vanitas,
3365 3577 3422 3619 ct

1855 3660 2024 3699 unum
2057 3655 2140 3699 est
2170 3659 2381 3699 verum.
2435 3645 2550 3700 Non
2579 3648 2743 3715 igitur
2787 3649 2906 3704 sine
2944 3665 3102 3705 causa
3133 3667 3421 3722 erogemus

1854 3745 2094 3792 nostram
2125 3738 2288 3791 vitam
2321 3755 2334 3792 :
2387 3737 2489 3793 erit
2519 3739 2660 3793 enim
2711 3749 2921 3808 tempus
2961 3757 3082 3796 cum
3115 3758 3422 3813 quaaremes

1855 3829 1972 3883 dies
2011 3828 2134 3895 hos,
2167 3829 2221 3883 in
2253 3829 2450 3899 quibus
2481 3830 2588 3884 Deo
2624 3831 2900 3887 debuimus
2933 3836 3136 3888 vivere.
3179 3836 3293 3905 Ipse
3326 3853 3421 3894 att-

1859 3930 1962 3973 tem
2009 3922 2103 3991 qui
2147 3921 2319 3976 bonus
2352 3932 2436 3976 est
2481 3921 2643 3988 Deus,
2691 3925 2927 3978 omnium
2962 3937 3198 3982 vestrum
3249 3931 3424 3999 erigat

1855 4017 2066 4070 animas
2105 4016 2170 4082 ad
2208 4015 2536 4084 agnitionem
2580 4032 2767 4081 suam;
2807 4020 2892 4073 cui
2938 4030 3021 4074 est
3058 4036 3153 4090 per
3181 4021 3424 4092 unigeni-

1855 4115 1966 4158 tum
1995 4121 2154 4159 suum
2184 4105 2398 4169 Filium,
2443 4107 2636 4175 gloria,
2679 4109 2871 4175 h0nor,
2910 4111 3215 4180 imperium,
3255 4115 3424 4184 maje-

1852 4205 1965 4252 stas
1990 4212 2110 4251 cum
2140 4197 2346 4266 Spiritu
2377 4207 2588 4263 sancto,
2619 4208 2674 4255 et
2703 4217 2865 4270 nunc,
2896 4211 2950 4257 et
2981 4217 3214 4274 semper,
3242 4215 3296 4260 et
3326 4220 3424 4276 per

1855 4289 2034 4342 omnia
2057 4287 2253 4343 saecula
2287 4289 2630 4346 saeculorum.
2661 4291 2853 4346 Amen.

189 4531 3386 4555 MM

1150 4707 1715 4823 EUSEBII
1799 4705 2481 4818 PAMPHILI

824 4952 972 5039 DE
1047 4947 1646 5042 OPERIBUS
1718 4945 2079 5039 BONIS
2150 4949 2300 5036 ET
2371 4945 2780 5072 MALIS,

1469 5138 1705 5199 LIBER
1747 5138 2133 5200 OCTAVUS.

258 5443 544 5499 Multorum
579 5441 856 5496 hominum
879 5444 988 5495 vita
1021 5441 1072 5494 in
1110 5449 1254 5494 terra
1285 5448 1368 5493 est
1393 5439 1601 5508 posita;
1629 5439 1757 5493 eda-

185 5538 445 5591 citatibus
472 5535 613 5601 enim
643 5533 1028 5589 etlibidinibus
1060 5542 1114 5587 et
1146 5532 1598 5601 concupiscentiis
1630 5547 1752 5600 gra-

264 5650 307 5680 ⁸³
335 5649 523 5702 Matth.
543 5646 726 5710 vt,2i.
803 5648 846 5679 ³³
873 5646 1061 5700 Matth.
1089 5661 1145 5710 χ,
1180 5644 1267 5699 '52.

261 5763 375 5836 (90)
404 5764 525 5826 Ms.,
565 5773 923 5833 cognoscentes
961 5777 1296 5830 congenerem
1323 5760 1580 5814 misereri.

1345 5644 1390 5676 ⁸⁸
1421 5644 1593 5699 Eccle.
1631 5659 1670 5709 ι,
1708 5644 1762 5700 1.

1866 5441 1994 5504 vati,
2032 5455 2203 5508 neque
2235 5440 2503 5509 respicere
2531 5453 2742 5493 sursum
2769 5439 2834 5490 ad
2862 5435 3025 5491 Deum
3055 5443 3276 5504 possunt
3303 5435 3424 5502 quia

1863 5533 2068 5598 nolunt,
2108 5547 2281 5603 neque
2304 5547 2467 5604 Opera
2508 5530 2624 5599 ejus
2651 5531 2851 5595 videre,
2886 5542 3061 5600 neque
3083 5542 3146 5582 ex
3175 5527 3428 5596 operibus
