3822 6218
398 327 526 383 1191

1067 323 1339 381 EUSEBII
1375 322 1851 381 CAESARIENSIS
1884 320 2034 378 OPP.
2076 320 2258 400 PARS
2292 324 2381 380 IV.
2425 355 2493 365 —
2532 323 2953 380 DOGMATICA.

3526 328 3649 383 “9‘!

396 439 646 508 Opiﬁcem
674 449 968 505 agnoscere
994 454 1005 489 :
1030 436 1120 490 ubi
1152 437 1294 489 enim
1322 436 1548 491 declivis
1578 435 1741 491 fuerit
1772 437 1973 497 anima,
2006 439 2053 495 Α
2080 436 2328 492 diabolus
2356 449 2459 490 non
2505 451 2627 491 cum
2680 444 2838 490 nocet
2884 446 3010 490 tunc
3045 434 3219 490 solum
3256 445 3312 491 et
3354 438 3527 494 malus
3556 454 3651 497 est-

399 532 547 595 illuc,
582 540 640 583 ut
673 529 743 582 ita
780 528 975 590 dicam,
1006 536 1061 580 et
1087 524 1319 580 efﬁcitur
1344 528 1487 597 quod
1514 527 1808 581 desiderat.
1834 526 1985 580 Sicttt

397 623 541 676 enim
571 634 633 675 ea
663 634 784 687 qua:
813 616 880 670 ab
916 617 1038 685 igne
1067 615 1342 681 calefiunt,
1372 613 1695 679 eiliciuntttr,
1724 628 1781 669 ut
1808 616 1877 668 ita
1905 616 1987 669 di-

400 730 544 776 cum,
578 712 750 782 ignis;
782 720 836 765 et
863 724 983 778 qua:
1012 708 1254 763 odoratis
1276 708 1464 776 juncta
1499 706 1716 768 fuerint,
1744 707 1985 761 elliciun-

402 816 511 868 tur,
542 806 798 868 odorata;
842 811 897 856 et
932 818 1054 870 quae
1104 799 1418 863 contrariis,
1461 799 1733 852 contraria
1779 818 1791 852 :
1832 799 1901 852 ita
1933 808 1987 851 et

401 901 581 952 anima
614 898 702 950 ubi
748 896 970 950 declivis
1012 892 1307 957 exstiterit,
1362 892 1426 943 ad
1482 890 1583 945 hoc
1617 890 1897 945 deducitur
1931 900 1987 943 et

403 1002 616 1045 natura.
646 990 894 1059 Tingitur
946 987 1087 1040 enim
1120 985 1515 1048 alacritatibus,
1549 992 1603 1035 et
1646 982 1835 1037 similis
1869 996 1985 1033 mo-

405 1084 640 1137 tionibus
669 1082 896 1134 eilicitur
946 1079 1080 1144 suis,
1115 1086 1168 1131 et
1204 1076 1522 1147 dignitatem
1564 1084 1748 1143 utpote
1780 1083 1986 1127 natura:

404 1192 510 1231 non
546 1175 781 1237 salvans,
812 1174 864 1227 in
901 1171 1058 1225 malis
1093 1170 1327 1224 ellicitur
1383 1168 1547 1223 mala.
1588 1168 1643 1222 Si
1690 1178 1868 1220 autem
1916 1165 1985 1219 ad

403 1284 465 1323 ea
522 1283 644 1337 qua:
688 1280 849 1336 supra
896 1279 954 1317 se
980 1271 1106 1317 sunt
1155 1261 1473 1329 respexerit,
1523 1274 1737 1315 sursum
1770 1255 1982 1320 eﬂecta,

404 1361 757 1417 constituitur
810 1358 877 1411 ad
912 1372 973 1411 ea
1010 1371 1127 1423 qmc
1163 1364 1219 1409 et
1263 1353 1591 1409 desideravit
1628 1369 1641 1405 :
1693 1350 1982 1404 multorum

404 1458 547 1511 enim
579 1453 920 1510 conversatio
970 1467 1076 1507 non
1107 1450 1409 1512 hominum,
1452 1448 1545 1502 sed
1584 1460 1838 1516 pecorum
1879 1452 1982 1497 est.

405 1548 550 1602 Nihil
583 1548 725 1601 enim
771 1545 913 1599 aliud
963 1544 1225 1613 cogitant,
1275 1540 1377 1595 nisi
1413 1548 1473 1594 ut
1502 1539 1851 1598 manducent,
1889 1545 1984 1590 aut

404 1640 615 1705 bibant,
646 1646 737 1691 aut
763 1636 999 1705 rapiant,
1038 1643 1129 1688 aut
1158 1633 1516 1697 fraudentur;
1563 1631 1613 1683 in
1649 1631 1731 1684 his
1760 1630 1906 1683 enim
1930 1637 1984 1683 et

405 1734 613 1793 vivunt,
640 1731 684 1785 si
737 1738 915 1783 tamen
967 1736 1021 1781 et
1052 1728 1214 1781 vitam
1252 1727 1411 1779 istam
1449 1732 1663 1794 oportet
1685 1723 1797 1792 jam
1824 1723 1925 1776 dici
1963 1739 1977 1775 :

405 1840 513 1879 non
540 1822 867 1878 suﬂicientes
912 1820 1055 1874 enim
1103 1818 1260 1872 malis
1312 1818 1395 1872 his
1430 1833 1551 1883 qua:
1599 1833 1627 1869 a
1674 1815 1807 1869 foris
1835 1824 1984 1879 sunt,
2016 1801 2059 1856 Β

404 1915 510 1985 iam
543 1924 597 1969 et
625 1929 843 1968 carnem
876 1927 1029 1967 suam
1063 1912 1437 1965 contaminare
1468 1909 1717 1974 student;
1751 1909 1829 1962 sic
1856 1922 1988 1978 gau-

406 2006 533 2059 dent
566 2003 711 2058 enim
747 2002 798 2056 in
838 2001 1015 2067 malis,
1047 2009 1103 2052 ut
1159 1999 1361 2053 inimici
1410 1999 1555 2061 sibi;
1589 2008 1791 2051 etcum
1820 1998 1987 2051 debe-

407 2103 530 2148 rent
557 2093 763 2163 lugere,
799 2092 926 2160 quia
960 2106 1065 2143 non
1098 2089 1232 2143 bene
1260 2088 1471 2153 vivunt,
1508 2087 1758 2143 laetantur
1792 2087 1843 2140 in
1871 2102 1989 2141 ma—

407 2184 475 2240 lis
504 2195 560 2239 et
594 2186 877 2238 tristantur
910 2183 963 2236 in
1006 2183 1160 2237 bonis
1191 2200 1204 2236 :
1237 2182 1503 2251 duplicem
1541 2191 1723 2249 utpote
1765 2181 1987 2235 caecita-

411 2286 517 2330 tem
558 2276 840 2339 habentes,
890 2283 947 2328 et
1000 2273 1141 2342 quod
1189 2273 1459 2327 malorum
1517 2287 1624 2326 non
1681 2271 1988 2340 intelligunt

411 2366 694 2429 malitiam,
724 2374 779 2419 et
820 2364 963 2433 quod
1001 2364 1267 2418 bonorum
1309 2378 1415 2416 non
1462 2370 1746 2415 assumunt
1773 2359 1989 2414 fruitio-

409 2474 570 2523 nem;
603 2466 937 2513 concurrunt
963 2456 1105 2509 enim
1132 2455 1421 2509 adversum
1448 2468 1532 2519 se,
1558 2464 1610 2507 et
1639 2453 1739 2507 sibi
1770 2464 1989 2509 contra-

410 2551 491 2605 ria
534 2558 845 2619 operantur.
889 2547 1117 2601 Plurimi
1166 2545 1310 2601 enim
1369 2559 1752 2613 nonnunquam
1805 2560 1991 2614 proce-

410 2644 547 2696 dunt
574 2641 706 2707 laeti,
749 2641 872 2709 quia
901 2646 1147 2694 ventrem
1188 2635 1464 2706 replerunt
1506 2651 1682 2698 suum,
1717 2647 1771 2689 et
1810 2644 1990 2689 mente

410 2734 663 2788 exierunt
689 2748 787 2786 sua
828 2730 940 2802 (9i)
982 2739 1077 2785 :et
1109 2730 1325 2784 beatum
1372 2728 1512 2783 diem
1562 2729 1748 2782 dicunt
1792 2728 1845 2782 in
1879 2744 1990 2799 quo

412 2839 520 2879 non
554 2824 828 2878 vixerunt.
881 2821 999 2875 Vita
1032 2821 1174 2877 enim
1230 2821 1511 2875 hominum
1544 2821 1643 2874 ista
1673 2830 1761 2874 est
1802 2828 1860 2873 ut
1902 2837 1993 2874 ra-

414 2920 562 2973 tione
608 2925 853 2980 utautur,
900 2915 1026 2985 quia
1069 2925 1124 2969 et
1150 2913 1498 2967 rationabiles
1539 2914 1821 2968 habentur.
1855 2913 1989 2968 Cum

413 3020 592 3064 autem
625 3009 855 3063 obrutus
908 3006 1070 3061 fuerit
1117 3020 1332 3069 sensus,
1383 3005 1599 3059 transiit
1655 3006 1774 3060 sine
1826 3021 1990 3059 causa

413 3103 549 3166 dies,
579 3110 633 3157 et
659 3117 764 3157 non
792 3100 954 3156 debet
982 3099 1284 3170 computari
1317 3100 1370 3151 in
1398 3098 1529 3164 vita,
1583 3098 1637 3152 in
1662 3113 1769 3167 quo
1800 3113 1991 3153 sensus
2017 3139 2060 3197 ο

414 3209 521 3248 non
556 3195 795 3263 respexit
834 3193 901 3246 ad
952 3206 1213 3261 superna.
1246 3189 1460 3244 Utinam
1516 3199 1696 3243 autem
1727 3206 1899 3259 neque
1923 3191 1990 3245 ad

413 3286 606 3349 vitam,
630 3300 806 3352 neque
829 3286 894 3337 ad
929 3282 1130 3336 malam
1162 3282 1374 3334 videret
1404 3279 1543 3351 (92).
1570 3279 1728 3334 Aliud
1744 3291 1825 3334 est
1846 3280 1990 3334 enim

414 3376 649 3430 otiosum
681 3388 803 3427 esse
833 3389 862 3427 a
888 3371 1032 3427 malo
1056 3381 1111 3425 et
1140 3372 1303 3436 bono,
1341 3382 1394 3424 et
1420 3385 1538 3423 esse
1575 3380 1829 3439 tanquam
1862 3371 1995 3424 dor-

418 3468 674 3522 mientem
700 3476 794 3520 aut
814 3475 1125 3531 mortuum;
1158 3474 1214 3519 et
1243 3464 1390 3519 aliud
1423 3464 1555 3520 bone
1594 3466 1804 3536 quidem
1832 3466 1990 3532 mori,

418 3560 560 3614 malo
590 3569 767 3614 autem
802 3559 1000 3612 vivere.
1042 3557 1106 3611 Et
1136 3572 1310 3626 neque
1358 3568 1549 3627 natura
1597 3559 1830 3614 hominis
1869 3573 1995 3613 sua-

417 3655 507 3708 det
531 3667 644 3714 eos,
678 3665 851 3721 neque
885 3651 1203 3720 Scriptura:
1237 3660 1290 3705 et
1316 3661 1536 3718 errant;
1565 3666 1739 3721 neque
1762 3668 1995 3721 praesen-

420 3748 515 3810 tia,
543 3760 715 3815 neque
741 3745 919 3798 futura
950 3744 1194 3798 suadent.
1227 3741 1479 3810 Quaedam
1520 3745 1661 3797 enim
1705 3746 1996 3815 reprehen-

419 3842 628 3896 sionem
666 3840 925 3909 praebent,
956 3839 1202 3907 quaedam
1234 3845 1413 3890 autem
1451 3847 1670 3905 propter
1697 3853 1845 3908 spem
1875 3854 1997 3893 sur-

420 3947 538 3987 sum
577 3932 874 3984 adducunt.
932 3929 1183 3983 Videmus
1213 3929 1355 3982 enim
1384 3936 1438 3981 et
1478 3931 1805 3995 morientes;
1850 3932 2000 3986 vide-

423 4038 541 4078 mus
580 4032 635 4077 et
659 4022 897 4091 sepultos
925 4033 980 4074 et
1011 4037 1115 4075 non
1149 4025 1407 4092 sepultos,
1436 4035 1490 4077 et
1528 4037 1621 4077 eos
1651 4024 1739 4092 qui
1773 4023 1995 4089 deﬂent,

421 4124 477 4171 et
502 4115 707 4179 dolent,
736 4123 791 4168 et
819 4114 1187 4168 lamentantur
1206 4132 1221 4168 :
1240 4129 1363 4169 vere
1393 4115 1463 4169 ita
1487 4131 1672 4170 smnus
1696 4126 1753 4170 ut
1780 4132 1886 4171 non
1919 4117 1999 4171 vi-
2032 4136 2035 4139 λ

422 4208 613 4263 dentes
645 4221 759 4260 eos.
791 4204 868 4259 lta
911 4206 1054 4259 enim
1079 4215 1329 4276 putamus
1351 4208 1515 4260 vitam
1555 4223 1676 4263 esse
1702 4222 1844 4274 eam,
1878 4223 2000 4279 qua:

423 4314 529 4353 non
561 4298 771 4353 estvita
802 4314 816 4351 :
851 4312 973 4350 nam
1013 4307 1067 4351 et
1102 4299 1488 4352 manducantes
1517 4298 1778 4367 laedimur,
1814 4310 1868 4354 et
1898 4302 2002 4355 ite-

428 4409 545 4447 rum
579 4392 971 4447 desideramus.
1024 4392 1124 4458 Qui
1156 4391 1465 4447 libidinibus
1493 4409 1692 4463 corpus
1732 4396 2003 4450 maculant

2087 526 2180 581 sed
2209 527 2334 587 quia
2367 528 2648 596 proposuit
2685 544 2899 594 nocere,
2945 528 3107 583 habet
3134 530 3396 585 malitiam
3430 544 3489 587 et
3512 544 3652 589 ante-

2088 633 2249 687 quam
2289 616 2505 672 etliciat.
2554 616 2621 672 Et
2670 618 2905 686 maligno
2950 617 3150 673 sulllcit
3179 620 3383 675 malitia
3422 636 3543 676 sua.
3575 623 3654 680 Si-

2085 711 2301 779 quidem
2331 720 2387 764 et
2435 723 2713 781 agrotans,
2745 712 2959 765 etiamsi
2995 726 3100 766 non
3139 713 3457 782 castigetur,
3487 724 3657 771 tamen

2089 804 2249 857 habet
2275 803 2474 856 malum
2508 803 2821 871 languorem
2850 822 2863 856 :
2898 804 2969 857 ita
2998 814 3053 857 et
3077 805 3168 873 qui
3203 806 3421 873 languet
3447 807 3622 859 anima
3642 849 3657 871 ,

2087 895 2298 948 etiamsi
2337 910 2442 947 non
2478 895 2673 949 missus
2700 894 2864 949 fuerit
2894 896 2947 949 in
2986 898 3313 965 gehennam,
3343 908 3523 951 tamen
3546 913 3659 966 pro-

2086 996 2241 1039 curat
2268 986 2368 1039 sibi
2397 985 2620 1039 malum.
2653 986 2787 1052 Quis
2834 996 3013 1042 autem
3050 995 3106 1041 et
3142 988 3501 1041 exhortatur?
3526 988 3660 1042 Tan-

2088 1086 2197 1130 tum
2220 1084 2303 1131 est
2330 1077 2474 1131 enim
2519 1078 2719 1130 malum
2752 1077 2974 1144 malum,
3024 1079 3176 1149 cujus
3212 1088 3544 1133 tentamenta
3575 1094 3659 1148 ge-

2088 1169 2320 1224 hennam
2360 1178 2577 1239 parant.
2605 1169 2816 1224 Etcum
2842 1172 2957 1225 haec
2998 1171 3072 1224 ita
3108 1172 3240 1236 sint,
3271 1187 3368 1226 nos
3401 1181 3581 1227 tamen
3608 1182 3663 1225 ut

2086 1262 2291 1315 inimici
2327 1262 2555 1331 proprii,
2600 1263 2670 1315 ita
2712 1262 2961 1315 videmur
2984 1263 3184 1317 vivere.
3228 1262 3319 1316 llle
3349 1264 3499 1317 enim
3524 1263 3663 1317 laeta-

2088 1362 2195 1415 tur,
2224 1352 2350 1421 quia
2386 1353 2642 1406 mentitus
2675 1353 2858 1416 latuit;
2904 1355 3040 1407 alius
3082 1355 3295 1424 gaudet,
3324 1355 3455 1422 quia
3479 1368 3665 1423 prove.

2086 1448 2167 1500 nit
2196 1447 2245 1501 ei
2284 1448 2559 1516 decipere.
2609 1446 2676 1500 Et
2715 1447 2936 1501 avaritia
2964 1447 3172 1501 lucrum
3207 1456 3392 1516 putata
3425 1455 3513 1500 est
3546 1460 3662 1499 cum

2084 1539 2156 1593 sit
2184 1539 2471 1603 damnum;
2504 1547 2559 1591 et
2599 1538 2765 1592 libido
2796 1538 3075 1607 volnptas,-
3099 1553 3220 1593 cum
3269 1538 3339 1592 sit
3374 1536 3559 1590 luctus
3587 1536 3665 1589 bis

2082 1631 2176 1700 qui
2228 1633 2447 1699 sapiunt
2480 1631 2634 1685 bene.
2692 1631 2759 1684 Et
2791 1644 3051 1684 conversa
3103 1639 3231 1684 sunt
3273 1629 3434 1684 nobis
3458 1630 3661 1691 omnia.

2084 1723 2208 1791 quia
2240 1721 2684 1790 circumscriptus
2729 1736 2758 1775 a
2792 1722 2949 1775 nobis
2976 1730 3058 1775 est
3080 1722 3368 1790 cogitatus.
3426 1721 3495 1774 Et
3527 1733 3667 1775 certe

2089 1814 2231 1884 cogit
2257 1823 2312 1868 et
2334 1814 2613 1868 contendit
2636 1829 2851 1880 sensus,
2894 1824 2950 1868 ut
2977 1827 3085 1867 non
3108 1812 3357 1881 ejiciatur
3383 1828 3416 1866 a
3448 1826 3668 1882 posse!»

2089 1908 2240 1963 sione
2271 1922 2387 1962 sua.
2428 1907 2562 1960 Nam
2593 1908 2694 1961 etsi
2732 1906 3098 1977 unusquisque
3145 1915 3390 1960 nostrum
3419 1904 3667 1958 obruitur

2089 2014 2117 2054 a
2147 1999 2492 2069 passionibus
2521 1999 2797 2064 vitiorum,
2826 2008 3001 2052 tamen
3033 1998 3099 2051 ad
3147 1996 3250 2051 alia
3277 2011 3474 2051 sensus
3501 1996 3667 2062 digni-

2092 2100 2254 2145 tatent
2294 2105 2449 2145 suam
2481 2090 2763 2144 vindicans
2795 2099 3016 2159 apparet
3048 2110 3060 2144 :
3099 2099 3155 2143 ut
3178 2098 3331 2158 puta,
3377 2103 3486 2143 non
3519 2087 3668 2141 video

2090 2198 2207 2235 mea
2251 2182 2417 2245 mala,
2456 2182 2549 2234 sed
2582 2180 2758 2233 aliena
2799 2179 2937 2233 mala
2988 2182 3228 2234 irascens
3258 2178 3552 2234 consentio
3596 2176 3670 2230 in-

2092 2274 2277 2329 teriori
2314 2274 2540 2339 homini,
2588 2273 2691 2343 legi
2718 2284 2901 2342 utpote
2946 2272 3059 2326 Dei.
3096 2271 3162 2325 Et
3193 2272 3316 2340 quia
3367 2271 3556 2323 anima
3582 2283 3672 2322 na-

2092 2379 2210 2421 tura
2235 2367 2405 2436 magis
2437 2365 2623 2435 juncta
2652 2373 2735 2420 est
2767 2365 2941 2431 bonis,
2975 2365 3099 2434 quia
3129 2364 3243 2418 odit
3272 2362 3447 2417 malos
3469 2373 3531 2416 et
3558 2360 3671 2415 lau-

2089 2464 2180 2515 dat
2222 2460 2415 2523 bonos,
2460 2459 2655 2530 duplex
2682 2459 3050 2514 testimonium
3092 2460 3254 2513 habet
3282 2458 3350 2512 ad
3377 2469 3675 2525 utrumque

2089 2564 2144 2607 et
2204 2553 2466 2607 malorum
2517 2561 2571 2605 et
2618 2551 2905 2605 bonorum.
2953 2549 3156 2619 Duplex
3210 2550 3330 2603 ideo
3379 2550 3511 2617 quia
3545 2548 3675 2614 odit,

2090 2645 2299 2699 etiamsi
2335 2646 2448 2715 ipsa
2479 2658 2585 2699 non
2621 2642 2961 2697 commodum
2986 2656 3141 2695 suum
3168 2648 3350 2707 amat;
3380 2648 3435 2693 et
3460 2654 3537 2694 ex
3577 2641 3676 2693 hoc

2090 2739 2324 2792 ostendit
2358 2736 2484 2806 quia
2514 2750 2619 2789 non
2649 2734 2953 2790 delectatur
2983 2745 3174 2787 natura
3201 2732 3319 2800 ejus
3347 2732 3414 2785 ad
3448 2731 3673 2787 malum.

2093 2829 2149 2883 Si
2178 2829 2339 2898 igitur
2382 2827 2584 2893 anima,
2630 2834 2691 2880 ut
2724 2834 3008 2880 ostensum
3036 2831 3142 2887 est,
3194 2822 3261 2876 ad
3310 2821 3521 2876 bonum
3558 2835 3678 2890 pro-

2092 2920 2283 2974 clivior
2310 2928 2411 2984 est,
2444 2934 2540 2972 cur
2574 2932 2679 2971 non
2719 2917 2772 2971 in
2814 2917 2928 2970 suis
2958 2915 3177 2969 manet?
3201 2924 3422 2984 propter
3452 2915 3681 2983 placibi-

2092 3013 2297 3067 litatem
2330 3012 2527 3081 quippe
2549 3010 2630 3064 sui
2666 3027 2679 3064 :
2716 3008 2816 3064 sibi
2850 3009 2992 3062 enim
3023 3008 3259 3077 placere,
3295 3008 3540 3062 tenebrae
3560 3018 3681 3062 sunt

2094 3107 2320 3169 animas;
2359 3105 2451 3159 sed
2500 3118 2620 3174 quae
2671 3103 2811 3172 apud
2839 3102 3088 3155 homines
3132 3110 3393 3171 putantur
3440 3102 3679 3172 placida,

2096 3196 2427 3253 contrariam
2482 3195 2686 3250 habent
2715 3194 3004 3257 virtutem;
3050 3193 3233 3247 odium
3262 3192 3425 3251 enim
3458 3201 3524 3247 et
3578 3207 3681 3247 non

2098 3291 2423 3362 placibilitas
2449 3302 2552 3343 eSt.
2590 3288 2648 3342 Si
2680 3289 2825 3343 enim
2866 3300 2989 3340 vere
3020 3298 3287 3350 amemus,
3321 3299 3427 3337 non
3458 3293 3683 3338 contra-

2100 3385 2181 3438 ria
2209 3398 2327 3453 qua:
2352 3398 2493 3436 nunc
2520 3382 2676 3436 nobis
2701 3381 2966 3433 donamus
2987 3380 3331 3433 donaremus.
3360 3375 3484 3431 Non
3516 3377 3685 3433 ebrio-

2102 3484 2265 3529 tatem
2294 3475 2511 3544 quippe,
2554 3473 2647 3526 sed
2681 3470 2948 3542 jejunium
2991 3488 3005 3523 :
3040 3483 3145 3523 non
3183 3471 3413 3534 theatra,
3453 3472 3562 3526 sed
3595 3484 3682 3527 ec-

2100 3568 2321 3625 clesiam
2371 3584 2385 3621 :
2435 3580 2543 3619 non
2589 3564 2811 3632 lapides,
2847 3564 2940 3617 sed
2976 3563 3140 3617 Deum
3200 3580 3215 3617 :
3264 3577 3368 3616 non
3402 3562 3559 3632 lites,
3597 3565 3684 3619 sed

2100 3677 2290 3734 pacem
2328 3678 2343 3715 :
2378 3674 2483 3714 non
2519 3656 2890 3734 homicidium,
2924 3654 3015 3709 sed
3049 3654 3268 3707 tutelam
3300 3652 3500 3709 salutis
3537 3674 3552 3709 :
3586 3669 3683 3708 non

2102 3732 2542 3817 lornicatiunem,
2574 3751 2667 3806 sed
2694 3732 3030 3820 pudicitiam.
3062 3745 3118 3800 Si
3150 3746 3292 3801 enim
3318 3747 3685 3816 nosmetipsos

2102 3861 2437 3910 amaremus,
2462 3860 2589 3899 vere
2620 3846 2948 3898 donaremus
2973 3840 3129 3895 nobis
3157 3839 3320 3895 bona.
3370 3838 3517 3904 Quia
3543 3838 3684 3892 enim

2103 3940 2337 4003 odimus,
2367 3940 2629 3991 donamus
2680 3943 2735 3988 et
2780 3946 3135 4001 procuramus
3186 3930 3341 3984 nobis
3380 3927 3554 3982 mala.
3586 3927 3685 3981 Sed

2104 4033 2249 4087 sicut
2275 4038 2496 4093 matres,
2530 4029 2601 4080 ita
2627 4036 2681 4081 et
2716 4040 2869 4079 mens
2885 4025 3131 4078 habetur.
3164 4023 3520 4090 Quaecunque
3548 4022 3686 4076 enim

2104 4134 2311 4178 matres
2344 4128 2566 4190 parcent
2601 4118 2714 4173 suis
2749 4117 2893 4182 ﬁliis,
2918 4131 3023 4170 non
3059 4114 3336 4169 mittentes
3361 4129 3456 4168 eos
3485 4114 3556 4167 ad
3581 4125 3686 4168 stu-

2108 4218 2229 4276 dia;
2281 4214 2347 4267 ad
2402 4212 2693 4266 utilitatem
2740 4210 2939 4280 quippe
2987 4209 3113 4261 dum
3146 4207 3403 4261 videntur
3463 4208 3686 4272 donare,

2107 4314 2308 4363 nocent
2346 4326 2357 4360 :
2400 4306 2471 4359 ita
2507 4312 2561 4359 et
2594 4317 2693 4357 nos
2722 4317 2817 4371 per
2844 4302 3142 4356 caecitatem
3197 4300 3393 4353 mentis
3431 4309 3685 4367 putantes

2112 4400 2317 4468 aliquid
2363 4395 2518 4450 nobis
2562 4394 2787 4455 donare,
2835 4392 3135 4460 decipimus
3177 4404 3276 4444 nos
3311 4399 3367 4443 et
3403 4404 3684 4444 uocemus.

423 4496 481 4540 et
513 4487 704 4540 anima:
737 4492 953 4548 nocent,
990 4499 1095 4538 non
1133 4485 1391 4537 recedunt
1419 4499 1448 4537 a
1483 4499 1657 4551 noxa;
1704 4486 1798 4540 sed
1828 4496 1884 4541 et
1906 4502 1998 4542 ac-
2031 4501 2079 4560 ι)
2107 4493 2174 4548 Et
2201 4499 2351 4544 certe
2376 4489 2662 4541 incurrunt
2695 4484 2851 4538 nobis
2876 4492 2931 4537 et
2965 4482 3259 4536 adveniunt
3293 4497 3685 4552 nonnunquam

425 4580 648 4645 cedunt,
699 4586 759 4632 ut
814 4592 1048 4647 aucupes
1088 4576 1375 4642 malorum,
1432 4577 1658 4630 multum
1716 4578 2004 4647 vigilantes

428 4684 523 4740 per
574 4679 787 4723 noctem
819 4668 959 4722 male
1012 4686 1026 4721 :
1059 4679 1151 4721 aut
1190 4669 1332 4721 enim
1366 4667 1746 4723 ambitionibus
1796 4670 2006 4739 inquie-

431 4772 633 4827 tantur,
679 4771 772 4815 aut
812 4775 842 4813 a
876 4760 1325 4829 concupiscentiis
1360 4761 1678 4826 illiciuntur,
1722 4768 1815 4815 aut
1841 4779 1869 4817 a
1907 4777 2003 4817 co-

429 4855 780 4924 gitationibus
812 4853 968 4906 malis
1005 4853 1334 4906 excitantur.
1375 4853 1430 4905 Si
1459 4862 1639 4906 autem
1684 4862 1738 4908 et
1792 4864 2009 4923 oportet

431 4946 701 5014 cogitatus
731 4944 938 5009 vocari,
971 4951 1025 4996 et
1064 4943 1318 4996 meditata
1369 4956 1464 5010 per
1494 4952 1707 4996 noctem
1750 4936 2007 4998 festinant

431 5038 745 5107 procedere,
783 5046 839 5088 ut
874 5049 934 5088 ea
961 5050 1079 5104 qua:
1101 5048 1197 5103 per
1224 5043 1435 5089 noctem
1466 5035 1769 5105 cogitarunt
1802 5036 2003 5090 admit-

434 5137 547 5183 tant
579 5140 835 5196 tanquam
890 5127 1201 5196 ignorantes
1240 5148 1253 5182 :
1300 5128 1426 5195 quia
1473 5129 1563 5196 qui
1598 5126 1727 5180 facit
1775 5126 2002 5193 malum,

431 5219 661 5287 amplius
692 5219 853 5273 habet
906 5218 1124 5281 malum,
1165 5233 1328 5287 quam
1374 5220 1419 5273 is
1472 5219 1567 5287 qui
1620 5233 1650 5271 a
1687 5234 1747 5273 se
1799 5220 2005 5289 patitur

433 5312 653 5367 malum.
697 5309 850 5365 Sicut
900 5311 1043 5364 enim
1081 5311 1219 5379 ignis
1247 5310 1351 5363 alia
1382 5310 1596 5380 quidem
1628 5312 1915 5376 eomburit,
1948 5311 2003 5365 in

431 5402 725 5469 semetipso
779 5409 956 5454 autem
1005 5401 1252 5454 ardorem
1307 5400 1789 5471 incendii'primus
1819 5400 1999 5469 habet,

436 5492 508 5545 ita
533 5501 587 5545 et
610 5491 811 5545 malitia
840 5492 1073 5562 primum
1104 5490 1441 5561 possidentes
1462 5501 1641 5545 nocet.
1686 5492 1924 5563 Denique
1948 5504 2003 5547 et

506 5715 617 5849 ΞΜ)
648 5715 746 5771 Ms.
774 5726 939 5770 mente
967 5717 1271 5772 exstiterunt
1296 5696 1411 5771 sua.

532 5787 622 5849 9?.)
652 5786 746 5840 Ms.
782 5789 849 5840 ad
896 5791 1091 5840 malam
1134 5790 1314 5841 vitam.
1349 5786 1411 5841 Fc

532 5785 622 5850 9?.)
652 5786 746 5840 Ms.
782 5789 849 5840 ad
896 5791 1091 5840 malum
1134 5790 1314 5841 vitam.
1349 5786 1509 5841 Forte
1558 5785 1839 5855 legendum
1884 5794 1992 5851 est,

2108 4593 2165 4640 et
2196 4582 2424 4651 vestigia
2462 4580 2753 4641 bonorum,
2780 4586 2835 4629 et
2877 4583 3158 4645 gustamus
3186 4572 3480 4643 aliquoties
3510 4583 3568 4629 et
3598 4588 3685 4627 nos

2106 4674 2519 4731 delectationem
2545 4683 2612 4726 ex
2644 4666 2924 4738 pudicitia.
2971 4666 3028 4721 Si
3061 4675 3243 4720 autem
3272 4676 3326 4721 et
3356 4665 3685 4721 voluerimus

2105 4777 2455 4837 perseverare
2480 4763 2532 4815 in
2565 4769 2747 4831 gustu,
2776 4768 2829 4813 et
2852 4772 3190 4826 comparare,
3222 4766 3491 4826 quantum
3534 4758 3684 4811 vehe-

2108 4858 2342 4913 mentior
2362 4864 2449 4909 est
2468 4855 2709 4908 suavitas
2736 4867 2802 4907 ex
2828 4853 3110 4923 pudicitia,
3134 4865 3293 4920 quam
3322 4865 3388 4904 ea
3418 4864 3543 4918 quae
3570 4865 3600 4902 a
3638 4848 3684 4901 li

2106 4950 2298 5005 bidine
2334 4948 2499 5002 venit.
2533 4945 2788 5001 Suavitas
2814 4947 2958 4999 enim
2987 4958 3055 4998 ex
3084 4942 3340 5011 pudicitia
3370 4942 3494 4996 sine
3521 4942 3684 5011 peni-

2108 5039 2276 5094 tentia
2294 5049 2400 5103 est,
2417 5037 2761 5091 immaculata
2779 5047 2883 5103 est,
2902 5034 3275 5100 immutabilis,
3295 5036 3522 5101 munda,
3541 5049 3687 5103 pura,

2106 5138 2314 5195 sancta,
2333 5140 2387 5183 et
2411 5130 2632 5183 nomine
2656 5140 2710 5182 et.
2736 5144 2900 5198 opere
2922 5138 2975 5182 et
2997 5128 3231 5182 actibus.
3255 5128 3333 5180 Ex
3352 5126 3583 5182 libidine
3604 5141 3681 5179 au-

2113 5230 2217 5275 tem
2246 5236 2429 5285 suave,
2460 5230 2634 5290 turpe,
2664 5222 3063 5285 absconditum,
3100 5220 3219 5274 sine
3250 5219 3475 5284 ﬁducia,
3507 5227 3687 5273 conta-

2114 5314 2399 5377 minatum,
2425 5314 2697 5367 turbidum
2719 5324 2769 5366 et
2790 5327 3014 5380 corpore
3035 5322 3087 5366 et
3105 5314 3310 5373 anima,
3331 5326 3460 5365 cum
3484 5312 3687 5371 timore.

2110 5419 2233 5458 cum
2262 5406 2491 5471 turbela,
2524 5421 2644 5458 cum
2675 5406 2962 5474 sanguine,
2986 5420 3109 5457 cum
3135 5415 3371 5457 tremore
3401 5419 3571 5458 suave
3597 5412 3676 5455 est

2109 5494 2571 5562 Quemadmodum
2593 5512 2722 5566 ergo
2736 5496 2934 5551 suave?
2950 5497 3008 5551 Si
3027 5497 3148 5565 quis
3161 5506 3345 5551 autem
3362 5497 3604 5550 suaviter
3619 5502 3681 5546 de

2108 5726 2305 5767 utmam
2342 5725 2514 5769 autem
2553 5728 2716 5784 neque
2756 5727 2822 5766 aa
2851 5721 3052 5779 uitium,
3088 5726 3250 5781 neque
3284 5710 3354 5763 ad
3393 5712 3600 5763 malum
3628 5709 3689 5761 vi-

2102 5800 2159 5838 re
2166 5793 2254 5837 νει.
