3822 6218
123 359 275 419 “95

1224 358 1313 415 DE
1348 357 1689 417 OPERIBUS
1729 355 1927 415 BONIS
1966 358 2053 413 ET
2091 358 2320 417 MALIS.

3240 358 3379 414 H91

124 482 318 541 lectari
349 484 518 554 cupit,
554 497 685 541 vere
713 485 1017 541 secundum
1072 482 1321 556 Apostoli
1359 500 1546 541 vocem
1607 486 1704 539 ba-
1733 489 1779 547 Α
1809 498 1939 538 num
1968 482 2236 548 mulieris,
2266 491 2323 538 et
2350 480 2617 552 decerpsit
2665 481 2733 538 de
2786 483 2979 538 arbore
3025 480 3285 546 fructum,
3322 492 3377 538 et

121 576 223 628 bet
256 577 416 629 viam.
450 574 626 629 Suave
663 584 748 630 est
780 576 925 630 enim
954 576 998 631 si
1031 573 1301 631 liberetur
1339 577 1464 647 quis
1497 592 1527 631 a
1562 592 1699 631 con-

1808 578 1857 630 vi
1888 579 1945 631 in
1978 576 2094 644 ejus
2118 591 2212 631 ore
2236 575 2492 645 imposuit
2517 594 2531 631 :
2562 575 2655 631 sed
2683 576 2945 645 scriptum
2973 586 3075 640 est,
3104 577 3226 645 quia
3259 591 3377 629 mu-

121 665 364 731 fusione,
397 680 427 721 a
461 667 691 732 turbela,
730 682 761 721 a
796 670 1124 738 suspicione.
1183 670 1277 725 Isti
1322 673 1469 726 enim
1506 672 1701 726 oculus
1722 669 1906 779 ﬁ(lier
1949 682 2109 723 suasa
2161 668 2434 737 protendit
2479 682 2701 723 manum
2750 669 2816 723 ad
2872 670 3141 732 arborem,
3199 677 3255 721 et
3310 682 3376 723 os

121 758 526 779 _‘_._._---_.
587 761 683 779 η,
1366 772 1405 779 Α.
1594 778 1599 779 ,
1684 771 1697 779 .
1807 759 2053 779 ,μμεμα
2327 758 2551 779 Lm”.
2606 757 2835 779 ,βψ-μ,

120 772 239 813 non
268 758 422 814 latus
444 768 548 823 est,
584 761 683 815 sed
717 761 984 829 sapientia
1041 761 1307 832 gaudens,
1355 772 1413 818 et
1463 763 1610 818 visus
1648 771 1703 819 et

120 865 299 917 purus
348 859 403 905 et
441 851 695 907 mundus.
754 851 857 908 Ubi
898 860 1077 907 autem
1118 854 1458 910 conscientia
1509 855 1697 923 fuerit,

120 940 505 1007 circumspicit
537 942 725 997 oculus
778 957 845 999 ne
880 944 1001 1013 quis
1044 945 1223 1001 vidit:
1275 947 1390 1002 sitit
1424 962 1542 1013 cor,
1573 964 1699 1018 pro-

120 1038 251 1099 pter
300 1028 412 1100 (93)
462 1044 529 1085 ea
579 1045 701 1101 qua!
741 1033 1073 1101 suspicatur,
1112 1047 1168 1090 et
1215 1038 1268 1091 in
1319 1038 1570 1108 plurimis
1611 1049 1699 1094 tu-

123 1120 236 1176 tela
274 1120 388 1193 (94)
420 1134 530 1189 est,
580 1132 636 1179 et
682 1139 790 1180 non
846 1138 931 1182 est
978 1129 1082 1184 iste
1139 1131 1430 1185 suavitatis
1480 1143 1694 1201 gustus.

120 1211 269 1279 Quid
298 1214 445 1267 enim
473 1229 639 1271 suave
668 1225 753 1272 est
780 1217 835 1272 in
861 1218 939 1273 ira
968 1220 993 1274 7
1035 1232 1092 1275 et
1127 1234 1277 1279 certe
1315 1224 1699 1281 contendimus

120 1314 181 1359 et
215 1306 311 1361 ira:
346 1307 629 1363 adversum
657 1323 758 1366 nos
784 1312 1011 1369 donare.
1047 1313 1189 1381 Quid
1222 1330 1389 1372 suave
1419 1326 1505 1372 est
1539 1320 1590 1373 in
1620 1320 1703 1373 in-‘

119 1398 270 1452 vidia
305 1398 797 1470 (95)?Tabescunt
846 1405 991 1460 enim
1031 1418 1086 1461 et
1134 1422 1282 1472 ossa,
1333 1418 1390 1464 et
1427 1425 1600 1477 mens,
1641 1420 1697 1465 et

118 1490 361 1545 medulla
400 1492 782 1550 invidentium.
814 1496 921 1552 Sed
963 1498 1008 1553 si
1051 1510 1382 1570 apparerent
1410 1504 1693 1572 passiones

118 1597 246 1637 cum
282 1584 495 1655 fierent,
525 1603 634 1644 non
662 1597 848 1645 essent
878 1593 1184 1661 passiones.
1216 1593 1375 1650 Sicut
1395 1597 1539 1651 enim
1586 1599 1689 1651 do-

118 1676 243 1731 lens
278 1679 466 1733 oculus
500 1696 603 1735 uon
640 1682 804 1747 videt,
847 1694 904 1739 et
937 1686 989 1739 in
1026 1696 1291 1756 quantum
1341 1686 1510 1753 dolet,
1570 1698 1693 1743 tan-

118 1782 236 1826 tum
265 1783 320 1828 et
353 1787 384 1828 a
410 1774 617 1830 visione
648 1775 981 1845 impeditur:
1013 1777 1090 1833 ita
1118 1787 1174 1834 et
1204 1778 1385 1833 anima
1416 1794 1538 1849 qua:
1574 1794 1695 1848 pas-

117 1864 305 1919 siones
350 1865 603 1934 inpurrit,
652 1881 758 1922 non
789 1869 1034 1924 intuetur
1081 1869 1431 1939 ignominiam
1485 1886 1689 1926 suam:

116 1957 392 2026 siquidem
429 1975 528 2015 nec
552 1958 736 2016 ebrius
765 1962 931 2016 sentit
957 1976 1078 2016 cum
1116 1963 1395 2019 irridetur.
1430 1963 1693 2034 Evigilate

117 2048 289 2118 igitur
336 2058 391 2103 et
445 2049 788 2118 resipiscite:
833 2040 1229 2107 confundimini
1280 2053 1404 2122 quia
1454 2054 1522 2109 ab
1570 2054 1692 2109 aliis

116 2139 382 2195 ediscitis.
424 2140 743 2211 Quicunque
767 2143 912 2199 enim
944 2153 1072 2212 post
1105 2144 1415 2213 passionem
1460 2159 1689 2213 percus-

113 2241 311 2287 serunt
344 2248 437 2288 cor
459 2235 811 2305 paenitentes,
841 2235 1054 2291 liberati
1085 2248 1235 2292 sunt.
1278 2238 1335 2292 Si
1368 2247 1548 2292 autem
1583 2253 1689 2292 non

116 2333 528 2391 percusserunt.
575 2327 802 2380 necdum
855 2327 1072 2384 liberati
1118 2331 1188 2383 ab
1241 2329 1507 2383 ebrietate
1539 2338 1687 2386 sunt.

114 2415 227 2469 Sed
252 2415 507 2470 illicimur
535 2417 653 2471 visu
681 2418 745 2472 ad
782 2419 1235 2488 pulchritudinem
1257 2421 1525 2475 vultuum.
1550 2419 1690 2487 Quid

112 2507 258 2563 calo
289 2518 374 2563 est
403 2508 617 2575 melius,
645 2511 819 2581 quid?
863 2510 1057 2567 Melius
1085 2521 1169 2568 est
1197 2514 1425 2568 credere
1461 2513 1571 2567 Deo
1605 2514 1689 2568 di-

111 2600 261 2654 centi
299 2617 315 2654 :
346 2599 599 2671 Respicite
630 2604 687 2657 in
714 2604 880 2658 altum
906 2605 1076 2659 Deum
1108 2606 1277 2660 oculis
1302 2608 1504 2671 vestris,
1534 2616 1583 2660 et
1616 2606 1690 2660 vi-

110 2692 235 2745 dete
261 2692 380 2760 quis
414 2694 650 2748 condidit
686 2698 865 2749 omnia
895 2697 999 2751 ista
1030 2697 1097 2750 “.
1124 2697 1263 2764 Quid
1298 2698 1367 2750 ita
1401 2697 1688 2768 pulchrum

111 2782 170 2836 in
198 2785 357 2838 oculo
377 2793 462 2838 est
493 2786 754 2851 mulieris,
785 2798 1046 2857 quantum
1079 2789 1157 2843 sol
1189 2790 1352 2844 habet
1378 2790 1430 2843 in
1466 2788 1687 2859 fulgori-

112 2876 219 2929 bus
236 2878 400 2931 suis?
433 2878 571 2945 Quid
607 2880 678 2933 ita
716 2880 874 2935 floret
901 2882 950 2936 in
982 2882 1165 2937 fronte
1215 2882 1455 2947 mortali,
1512 2897 1687 2952 quan-

115 2977 234 3021 tum
276 2971 329 3023 in
371 2971 517 3025 omni
564 2972 702 3026 ccelo
739 2972 987 3041 splendet
1021 2974 1166 3042 quod
1194 2973 1446 3027 videtur?
1476 2974 1600 3042 quia
1634 2981 1690 3028 et

116 3058 243 3112 aliis
274 3059 512 3114 varietas
542 3061 828 3129 vestigium
875 3061 1032 3117 illicit
1083 3072 1142 3116 ut
1173 3062 1363 3116 stellae.
1414 3061 1520 3116 Sed
1549 3061 1688 3117 forte

1804 759 2056 827 aperiens
2104 772 2282 825 suum,
2326 758 2553 814 immisit
2604 757 2863 815 fructum.
2924 759 3137 815 Utinam
3187 769 3369 813 autem

1804 851 1993 907 fuisset
2014 852 2133 906 vis!
2176 852 2256 905 vis
2306 853 2447 906 enim
2506 868 2613 908 non
2658 861 2917 923 procurat
2968 862 3218 920 mortem,
3273 852 3368 906 sed

1804 946 1898 1000 dat
1929 956 1987 1000 ut
2013 947 2342 1017 ignoscatur.
2376 946 2483 1002 Sed
2513 948 2967 1017 quemadmodum
2997 946 3257 1016 scriptum
3287 952 3371 999 est

1800 1039 2097 1106 videamus,
2159 1048 2218 1093 ut
2271 1036 2495 1094 edoceri
2556 1040 2828 1109 possimus
2874 1047 3137 1108 quantum
3191 1046 3369 1108 potest

1800 1131 2063 1187 diabolus.
2090 1132 2398 1187 Amicitiam
2427 1131 2602 1197 ﬁnxil,
2628 1132 2867 1188 ostendit
2889 1132 3365 1202 pulchritudinem,

1800 1225 1988 1288 suasit,
2014 1224 2285 1293 promisit,
2321 1224 2440 1278 ideo
2472 1224 2597 1293 quia
2625 1225 2732 1277 vim
2760 1225 2942 1279 facere
2975 1239 3083 1279 non
3131 1222 3364 1277 valebat.

1797 1313 1865 1367 Et
1895 1328 2037 1368 nunc
2066 1313 2219 1368 multi
2256 1315 2487 1372 suadent
2510 1313 2638 1377 sibi,
2670 1314 2796 1383 quia
2851 1305 3150 1367 tr'ahuntur
3175 1327 3206 1368 ι
3241 1312 3365 1380 qui-

1795 1406 2041 1460 busdam.
2080 1405 2159 1459 llli
2189 1405 2333 1459 enim
2363 1406 2454 1476 qui
2484 1405 2616 1460 foris
2640 1415 2789 1471 sunt,
2839 1405 2977 1461 forte
3028 1414 3204 1459 autem
3259 1405 3362 1457 ali-

1796 1499 1887 1567 qui
1920 1507 1975 1553 et
2004 1512 2071 1552 ex
2107 1497 2190 1552 bis
2217 1497 2307 1566 qui
2343 1497 2487 1552 intus
2514 1507 2661 1566 sunt,
2688 1508 2879 1566 putant
2901 1513 2961 1553 se
3004 1514 3032 1550 a
3079 1498 3251 1554 stellis
3285 1508 3365 1552 at-

1797 1588 1963 1654 trahi,
1986 1587 2186 1641 malum
2212 1585 2355 1640 malo
2381 1595 2636 1642 curantes
2660 1601 2675 1652 ;
2703 1596 2896 1644 etcum
2925 1588 3187 1644 deberent
3210 1603 3363 1643 suam

1795 1681 2056 1741 malitiam
2083 1679 2354 1746 confiteri,
2390 1680 2540 1735 aliud
2575 1681 2751 1752 majus
2800 1680 2999 1734 malum
3034 1680 3359 1749 praecedenti

1796 1772 1941 1828 malo
1970 1784 2362 1843 supraponunt.
2388 1773 2710 1829 Creaturam
2742 1774 2941 1844 quippe
2981 1773 3218 1843 propriis
3250 1789 3367 1827 ma-

1794 1863 1859 1917 lis
1887 1864 2342 1929 contaminantes,
2368 1863 2513 1918 aliud
2550 1873 2731 1919 autem
2761 1877 2882 1918 cum
2911 1863 3151 1932 superati
3178 1878 3206 1917 a
3234 1877 3365 1918 con-

1794 1956 2143 2024 cupiscentiis
2176 1956 2399 2021 fuerint,
2433 1955 2747 2011 remiserint
2774 1966 2953 2010 autem
2990 1954 3170 2009 fenum
3208 1956 3354 2023 cogi-

1796 2057 1940 2103 tatus
1964 2049 2071 2115 sui,
2101 2057 2291 2118 putant
2320 2046 2639 2103 infirmitate
2666 2046 2982 2117 frequenter
3009 2062 3068 2103 se
3099 2048 3265 2113 vinci,
3309 2059 3364 2104 et

1793 2156 1899 2195 non
1941 2156 2039 2195 suo
2089 2142 2365 2211 proposito
2418 2140 2739 2211 negligenti.
2789 2139 2847 2195 Si
2874 2141 2997 2209 quis
3025 2149 3204 2194 autem
3241 2140 3359 2194 vult

1793 2240 2041 2285 naturam
2070 2245 2385 2302 agnoscere,
2422 2248 2525 2286 non
2563 2232 2647 2288 his
2679 2247 2799 2302 qua:
2834 2232 3140 2302 prtescribit
3191 2248 3359 2303 agno-

1793 2332 1949 2389 scat;
1991 2323 2115 2392 quia
2155 2338 2252 2379 nec
2282 2322 2443 2380 debet
2492 2325 2732 2379 accusari
2768 2325 2964 2396 regalis
2999 2341 3251 2381 nummus
3291 2327 3362 2381 ab

1792 2416 2056 2472 adultero.
2112 2416 2263 2471 Illam
2306 2416 2682 2473 fortitudinem
2718 2428 2927 2473 natura:
2964 2427 3019 2473 et
3060 2419 3353 2489 cogitatum

1790 2509 1994 2573 videat,
2030 2524 2154 2564 cum
2199 2509 2644 2581 concupiscentia
2697 2509 2970 2578 hortatur,
3018 2526 3140 2566 cum
3196 2511 3360 2567 libido

1793 2612 1967 2671 rogat,
2001 2609 2056 2654 et
2090 2616 2196 2657 nox
2226 2602 2570 2656 occasionem
2597 2601 2843 2672 praibet:
2892 2602 3165 2671 quomodo
3206 2604 3354 2673 cogi-

1791 2702 1939 2748 tatus
1971 2708 2001 2747 e
2027 2701 2214 2748 contra
2240 2694 2509 2748 obstruit:
2539 2692 2668 2762 quia
2692 2702 2747 2747 et
2768 2694 2819 2748 in
2849 2694 3190 2763 passionibus
3220 2710 3357 2749 mar-

1792 2794 1993 2857 tyrum,
2027 2800 2219 2839 manus
2244 2785 2457 2855 quidem
2492 2785 2719 2851 radunt,
2754 2785 2896 2841 oculi
2926 2795 3108 2841 autem
3143 2787 3356 2840 minan-

1790 2884 1897 2944 tur,
1929 2884 1983 2931 et
2016 2877 2207 2932 dentes
2237 2879 2362 2931 dum
2395 2877 2631 2933 strident
2675 2887 2900 2944 terrent,
2940 2888 2997 2935 et
3042 2881 3279 2951 tyranni,
3308 2895 3356 2934 el

1787 2970 1971 3041 gladii,
2000 2978 2054 3025 et
2087 2970 2246 3040 ignis,
2272 2979 2324 3025 et
2354 2969 2500 3025 mille
2525 2972 2736 3043 species
2763 2973 2957 3028 mortis
2992 2982 3353 3042 apponuntur.

1788 3072 1844 3117 et
1868 3061 2140 3131 cogitatus
2165 3076 2272 3116 non
2312 3060 2571 3120 flectitur.
2600 3063 2708 3119 Sed
2734 3064 2872 3118 alius
2905 3065 3087 3120 victus
3113 3074 3196 3120 est
3223 3083 3238 3119 :
3264 3067 3355 3118 sed

113 3152 159 3204 si
189 3160 379 3206 essent
408 3152 460 3205 in
489 3152 687 3217 medio,
714 3161 771 3205 ut
801 3151 867 3205 ad
897 3152 1355 3220 comparationem
1396 3152 1537 3218 dico,
1590 3152 1688 3205 ali-
1715 3174 1758 3234 α
1791 3168 1898 3207 non
1932 3168 1961 3207 a
1995 3153 2153 3209 victis
2192 3154 2389 3210 debent
2423 3156 2637 3223 agmina
2674 3155 2932 3211 militaria
2969 3156 3225 3226 iudicari.
3269 3158 3360 3212 Ille

113 3244 311 3297 mnuiae
338 3244 603 3308 diversae;
632 3254 683 3298 et
718 3244 763 3298 si
802 3243 1059 3313 possibile
1086 3254 1230 3297 esset
1257 3252 1309 3299 et
1345 3244 1541 3297 artium
1569 3245 1687 3314 pul-

113 3333 456 3390 chritudines
486 3336 636 3404 poni,
665 3336 1033 3390 adunarentur
1060 3345 1238 3388 autem
1269 3344 1324 3389 et
1351 3336 1533 3390 omnia
1567 3338 1686 3390 ani-

116 3425 303 3490 malia,
333 3436 387 3481 et
416 3438 809 3496 proponeretur
840 3426 1001 3482 lectio
1028 3425 1140 3498 (96)
1171 3444 1186 3483 :
1223 3427 1407 3483 statim
1434 3430 1585 3497 porci
1620 3428 1686 3482 ad

113 3530 326 3573 stercus
353 3528 659 3585 currerent,
688 3534 874 3574 mures
901 3519 965 3573 ad
991 3516 1095 3573 alia
1127 3518 1431 3574 istiusmodi
1485 3534 1685 3574 conve-

114 3612 322 3666 nientia
351 3612 451 3668 sibi
482 3621 537 3667 et
560 3613 735 3667 amica
767 3629 781 3667 :
816 3612 951 3667 asini
1001 3620 1205 3678 autem,
1241 3622 1296 3667 et
1327 3612 1430 3665 alia
1464 3628 1584 3680 quae
1613 3614 1684 3667 ita

114 3712 245 3758 sunt
272 3704 421 3759 tarda
456 3704 732 3771 animalia,
788 3704 879 3758 illa
927 3706 1146 3774 quidem
1191 3703 1376 3757 fenum
1418 3714 1684 3772 peterent,

112 3797 221 3849 alia
247 3798 314 3851 ad
347 3811 412 3853 ea
448 3811 569 3867 quae
608 3805 934 3851 consuerunt
967 3811 1026 3851 se
1046 3793 1355 3865 jungerenl.
1385 3794 1557 3850 Homo
1589 3811 1683 3848 au-

111 3897 224 3942 tem
258 3888 572 3957 dignitatem
613 3889 851 3944 hominis
877 3889 1096 3944 salvans
1127 3887 1196 3942 ad
1224 3898 1370 3943 artes
1415 3897 1682 3951 curreret,

107 3993 165 4035 et
195 3982 263 4035 ad
292 3978 601 4048 spectacula
628 3979 825 4033 artium
854 3988 1191 4048 properaret.
1245 3975 1303 4033 Si
1355 3977 1473 4047 quis
1501 3988 1683 4030 autem

109 4082 261 4128 esset
305 4075 468 4127 homo
508 4088 636 4127 vere
683 4082 737 4127 et
784 4073 1023 4127 hominis
1048 4071 1267 4127 salvans
1298 4086 1556 4137 sensum;
1587 4074 1682 4125 de-

109 4166 349 4234 spiciens
379 4177 433 4219 et
457 4164 713 4220 deridens
748 4165 1079 4233 relinqueret
1118 4165 1306 4235 utique
1355 4162 1682 4218 sollicitudi-

107 4272 237 4311 nem
268 4258 631 4325 propositam;
667 4255 965 4323 respiceret
1003 4262 1185 4308 autem
1217 4268 1435 4307 sursum
1472 4253 1539 4306 ad
1565 4266 1681 4306 cm-

111 4348 249 4409 lunt,
274 4357 328 4399 et
357 4345 562 4400 videret
588 4360 708 4414 quae
738 4346 791 4398 in
820 4344 964 4400 caelo
1003 4353 1059 4399 et
1108 4345 1365 4412 superius
1402 4345 1543 4398 caelo
1586 4343 1683 4397 ha-

108 4440 331 4501 bentur,
387 4452 494 4491 non
546 4436 717 4491 oculis
759 4437 851 4490 sed
906 4445 1108 4501 mente,
1155 4444 1211 4489 et
1250 4450 1356 4489 non
1407 4443 1683 4502 pateretur

110 4534 366 4584 deorsum
424 4531 475 4584 in
521 4543 680 4584 como
727 4528 981 4583 volutari.
1020 4526 1126 4581 Sed
1178 4526 1306 4595 quid
1366 4526 1626 4580 faciemus
1658 4525 1683 4578 ’ἔ
1713 4511 1757 4566 Ι)

112 4625 257 4678 Deus
286 4622 530 4691 superius
556 4620 694 4676 ccelo
720 4631 804 4674 est
847 4630 901 4674 et
949 4616 1170 4687 ubique.
1206 4618 1455 4672 Mortalia
1502 4627 1681 4670 autem

109 4718 257 4770 circa
291 4715 432 4768 latus
462 4713 715 4777 illiciunt,
748 4721 804 4766 et
832 4725 1005 4781 neque
1038 4712 1303 4771 dicentes,
1358 4722 1532 4777 neque
1585 4724 1683 4760 au-

108 4809 327 4862 dientes
371 4804 675 4860 excitamur
719 4819 749 4857 a
794 4817 985 4858 somno
1027 4819 1044 4867 ;
1099 4803 1192 4855 sed
1237 4800 1376 4854 sicut
1424 4814 1546 4854 cera
1592 4808 1686 4851 aut

110 4901 392 4969 plumbum
423 4897 656 4953 infusum
687 4898 909 4951 auribus
946 4895 1145 4950 nostris
1171 4891 1389 4946 obturat
1416 4893 1686 4946 sermonis

113 4997 443 5061 ingressum,
466 5000 521 5044 et
550 4990 852 5045 clamamus
890 4988 1009 5041 sine
1042 5000 1204 5040 causa
1235 5002 1250 5038 :
1285 4984 1505 5038 trahunt
1538 4983 1681 5036 enim

112 5099 238 5152 quite
269 5086 549 5137 attrahunt
577 5097 681 5137 non
713 5096 835 5135 cum
866 5080 939 5143 vi,
973 5079 1240 5146 siquidem
1297 5090 1396 5129 nec
1451 5076 1625 5143 pisces
1653 5091 1680 5128 a

111 5176 324 5246 laqueis
370 5190 492 5229 cum
527 5175 577 5229 vi
612 5174 908 5227 trahuntur
957 5170 1195 5239 quandiu
1245 5177 1300 5222 et
1343 5168 1680 5234 capiuntur:

108 5281 288 5335 neque
316 5266 560 5322 diabolus
592 5273 698 5321 vim
730 5268 860 5320 facit
890 5262 1222 5326 hominibus,
1259 5259 1351 5314 sed
1409 5260 1678 5311 hortatur.

109 5358 229 5412 Non
255 5361 398 5413 enim
424 5360 684 5427 scriptum
719 5366 823 5421 est,
874 5359 996 5425 quia
1031 5353 1240 5421 accepit
1275 5350 1519 5405 diabolus
1561 5362 1679 5402 ma-

182 5478 227 5509 “
259 5477 359 5532 Isa.
384 5496 473 5545 IL,
498 5480 585 5532 26.
664 5479 709 5508 ⁴¹
736 5478 835 5532 lsa.
864 5493 918 5539 ν,
952 5475 1006 5528 ι.
1086 5472 1130 5504 ⁵³
1157 5470 1286 5525 ibid.

184 5571 297 5639 (95)
320 5571 443 5634 Ms,
480 5572 601 5625 salit
624 5589 713 5625 cor
747 5582 975 5640 propter.

186 5642 296 5708 (94)
328 5640 531 5695 Tutela.
559 5641 738 5705 Forte,
770 5640 991 5693 turbela.

184 5706 296 5783 (95)
326 5710 452 5775 Max,
479 5713 606 5776 quid
633 5729 789 5764 suum:
815 5721 889 5764 est
913 5712 967 5762 in
996 5706 1187 5761 invidis
1213 5706 1235 5757 ?

436 5809 705 5866 Parnm.
756 5806 870 5863 Gn.
922 5803 1149 5863 XXIV.

1792 3246 1936 3299 enim
1971 3247 2061 3315 qui
2097 3246 2272 3301 victus
2302 3257 2404 3312 est,
2432 3248 2639 3303 ordinis
2665 3250 2837 3303 aciem
2889 3249 3135 3314 dimisit;
3179 3251 3247 3305 ab
3277 3252 3360 3304 bis

1792 3350 1971 3391 autem
2003 3338 2094 3404 qui
2134 3346 2410 3407 superant,
2444 3337 2640 3394 debent
2684 3340 2903 3408 agnosci
2941 3343 3182 3409 agmines
3217 3342 3358 3395 mil;-

1793 3439 1955 3484 tares.
1983 3429 2116 3497 Quia
2151 3445 2324 3500 neque
2351 3446 2380 3484 a
2415 3430 2574 3486 caecis
2602 3430 2794 3486 oculus
2829 3432 3137 3501 judicatur,
3185 3449 3359 3503 neque

1790 3534 1819 3572 a
1853 3520 2032 3575 surdis
2066 3522 2236 3586 auris,
2267 3537 2443 3594 neque
2475 3523 2542 3577 ab
2568 3525 2960 3593 mgrotantihus
3006 3534 3221 3591 natura,
3258 3544 3357 3580 nec

1790 3613 1858 3667 ah
1884 3612 2242 3670 infructuosis
2287 3615 2573 3670 arboribus
2614 3615 2770 3685 culpa
2804 3625 3012 3671 natura:
3059 3618 3219 3673 debet
3263 3635 3352 3672 as-

1788 3703 1922 3758 cribi
1954 3722 1967 3758 :
2002 3706 2129 3775 quia
2165 3720 2266 3760 nec
2297 3706 2493 3760 mortui
2524 3706 2769 3762 homines
2795 3707 3043 3762 homines
3072 3718 3222 3772 sunt,
3258 3723 3355 3763 nec

1789 3796 1841 3849 in
1880 3796 2016 3851 vivis
2047 3798 2331 3867 irreligiosi
2361 3808 2417 3853 et
2443 3798 2613 3867 impii,
2642 3814 2819 3870 neque
2856 3811 3138 3871 assumpta
3204 3802 3352 3857 delc-

1789 3888 1953 3943 ctatio
1998 3888 2301 3945 libidinosis
2348 3900 2651 3961 reputatur.
2702 3890 2827 3947 Haec
2868 3892 3010 3947 enim
3063 3902 3148 3949 est
3190 3909 3351 3949 noxa.

1786 3980 1854 4035 Et
1883 3982 2086 4035 utinam
2110 3982 2387 4051 expediret
2416 3982 2614 4052 aliquid
2639 3998 2839 4047 sermo,
2874 3993 2933 4038 ut
2952 3995 3005 4038 et
3039 3984 3233 4040 iterum
3259 3987 3353 4041 fle-

1785 4081 1889 4127 ret.
1943 4072 2081 4139 Quia
2132 4074 2277 4128 enim
2334 4087 2719 4144 nonnunquam
2766 4084 3028 4143 putantur
3079 4091 3356 4133 sermones

1786 4163 2090 4219 contrarios
2146 4166 2214 4219 ob
2274 4167 2666 4235 spectationem
2715 4165 2829 4238 (97)
2881 4168 3087 4224 fructus
3135 4170 3354 4233 afferre,

1787 4256 1927 4311 sicut
1975 4255 2116 4312 Deus
2157 4256 2323 4311 Israel
2350 4258 2571 4326 culpatis
2611 4257 2781 4313 dicit:
2815 4256 3057 4314 Sustinui
3080 4270 3135 4314 ut
3164 4262 3355 4331 faceret

1785 4363 1961 4414 uvam,
2019 4346 2140 4415 fecit
2187 4358 2365 4401 autem
2397 4350 2576 4417 spinas
2618 4349 2705 4414 “;
2746 4353 3054 4405 exhortatio
3110 4354 3353 4422 quaedam

1785 4438 2020 4494 eﬂicitur
2062 4440 2127 4493 ad
2186 4440 2511 4506 docendum,
2562 4455 2627 4495 eo
2677 4443 2822 4511 quod
2877 4459 2982 4496 non
3028 4443 3355 4498 fructificant

1788 4532 1971 4586 verba.
2008 4531 2285 4601 Siquidem
2306 4541 2361 4586 et
2389 4531 2496 4587 illic
2522 4533 2651 4587 dicit
2683 4534 2821 4587 Dens
2848 4550 2863 4587 :
2893 4534 3084 4587 Omnia
3110 4551 3355 4603 quacun-

1787 4638 1885 4692 que
1914 4622 2067 4675 debui
2089 4622 2260 4691 facere
2289 4623 2390 4691 feci
2424 4624 2584 4675 vinea:
2618 4638 2747 4676 mea:
2778 4621 2844 4677 ”.
2879 4623 3013 4689 Quia
3053 4624 3197 4678 enim
3226 4642 3356 4678 cnti-

1789 4715 1985 4769 trarius
2013 4715 2400 4783 exspectationi
2433 4716 2609 4768 attulit
2637 4715 2867 4779 fructus,
2898 4717 2995 4779 ait,
3042 4716 3352 4771 Subducatn

1788 4805 2013 4860 imbrem
2045 4807 2111 4860 ab
2128 4821 2191 4861 ea
2218 4823 2233 4860 :
2265 4805 2447 4873 utquid
2481 4805 2622 4877 egjm
2644 4804 2852 4873 pluvias
2882 4805 2932 4859 ei
2960 4806 3127 4859 vinem
3166 4806 3218 4859 in
3246 4822 3352 4875 qua

1790 4912 1895 4951 non
1928 4905 2226 4966 exsurgunt
2249 4895 2493 4949 fructus?
2526 4895 2591 4949 Et
2617 4895 2743 4959 alia,
2776 4897 2971 4967 inquit,
3000 4897 3182 4951 omnia
3213 4913 3352 4966 qua:-

1789 5002 2002 5056 cunque
2031 4984 2130 5040 feci
2163 4987 2228 5039 ad
2256 4984 2729 5041 fructificationem
2761 4985 2897 5053 ejus,
2931 4989 3177 5058 quardam
3226 4990 3348 5057 qui-

1790 5079 1911 5133 dem
1946 5076 2209 5142 auferam,
2240 5077 2483 5145 quzedam
2519 5087 2697 5129 autem
2732 5086 2994 5140 evertam,
3030 5087 3087 5130 ut
3126 5092 3229 5131 non
3256 5094 3346 5131 cu-

1789 5165 2001 5220 stodita:
2048 5168 2214 5235 spinae
2256 5175 2310 5219 et
2354 5166 2524 5220 imbre
2557 5165 2743 5236 rigata:
2793 5164 3077 5221 florescant
3115 5184 3129 5222 :
3164 5179 3256 5221 aut
3285 5182 3354 5222 ex

1790 5258 2024 5328 negotiis
2054 5270 2145 5311 aut
2172 5272 2239 5313 ex
2271 5258 2569 5325 Scripturis
2616 5259 2996 5313 condiscamus
3030 5259 3351 5328 religiosita-

1790 5359 1918 5404 tem.
1956 5350 1999 5403 A
2041 5350 2271 5419 negotiis
2302 5350 2517 5419 quidem
2546 5350 2821 5405 videamus
2845 5350 3091 5405 mortalia
3112 5364 3182 5421 .ut
3214 5366 3357 5406 mor-

1858 5556 1971 5624 (96)
2003 5553 2193 5607 Lectio.
2262 5554 2420 5608 Forte
2449 5556 2653 5608 electio.

1860 5622 1974 5693 (97)
2030 5624 2216 5677 Cra-ce
2264 5625 2427 5679 fuisse
2496 5627 2724 5689 videtur,
2788 5624 2938 5694 παρὰ
3003 5622 3357 5693 προπδοκίαν,

1788 5706 1975 5767 pt'atter
1997 5705 2455 5763 exapet‘tattoncm.

2959 5787 3035 5848 38
