3822 6218
441 315 577 373 1195

439 438 587 500 talia,
625 433 961 490 transeuntis
988 444 1047 490 ut
1068 439 1399 493 transeuntia

438 540 518 584 sta
567 539 659 582 aut
712 528 1020 596 inhonesta,
1056 528 1138 583 vel
1171 545 1200 583 a
1235 532 1463 599 negotiis
1509 543 1565 587 et
1599 531 1861 599 alitteris
1895 532 2007 603 (98)

437 620 754 686 vide.,Deus
789 631 1010 690 propter
1042 623 1471 679 misericordiam
1503 625 1585 679 sui
1616 625 1808 680 scribit
1834 626 2011 681 homi-

437 728 537 768 nes
567 712 938 769 inobedientes
961 727 1085 768 esse
1115 730 1221 769 non
1252 716 1474 770 debere.
1516 714 1683 770 Putas
1713 714 2011 786 fatigamur

438 805 658 874 quidam
690 820 811 860 esse
832 806 1056 876 pudici?
1088 806 1203 861 Non
1235 808 1428 862 mirum
1454 819 1634 862 autem
1666 808 1710 862 si
1735 807 2010 863 libidinosi

442 916 551 955 non
585 901 769 956 satiati
795 902 907 970 jam
945 913 1185 958 cessant.
1225 902 1283 958 Si
1320 904 1464 958 enim
1489 904 1571 957 his
1594 904 1687 973 qui
1721 904 1856 959 bene
1882 919 2011 958 cur-

439 1007 571 1051 runt
613 997 767 1052 labor
810 1005 915 1062 est,
966 998 1049 1052 his
1084 998 1174 1067 qui
1214 997 1353 1052 male
1384 1008 1612 1051 currunt
1658 1011 1755 1051 cur
1784 997 2011 1051 satietas

440 1104 547 1143 non
595 1089 874 1145 habetur?
924 1089 1202 1160 Fatigatur
1236 1089 1357 1159 quis
1406 1087 1614 1143 faciens
1644 1090 1823 1155 bene;
1872 1087 2013 1143 male

438 1190 618 1234 autem
649 1179 858 1234 faciens
899 1194 1005 1234 non
1029 1179 1305 1234 satiatur?
1336 1178 1542 1248 Equus
1579 1180 1631 1233 in
1673 1194 1838 1233 cursu
1893 1177 2009 1233 eili-

439 1270 581 1323 eitur
611 1271 814 1325 sudans
841 1287 857 1336 ;
890 1278 943 1323 et
965 1269 1139 1325 malus
1171 1284 1399 1325 currens
1430 1279 1589 1340 putas
1616 1284 1720 1323 non
1753 1268 2014 1340 fatigatur

442 1362 496 1414 i
517 1362 751 1417 sudore?
768 1362 885 1417 Non
909 1363 1050 1417 enim
1079 1370 1282 1416 tantum
1302 1362 1558 1431 exprimit
1573 1374 1767 1415 cursus
1789 1375 2011 1430 equum,

440 1462 701 1522 quantum
729 1468 822 1508 eos
856 1454 947 1523 qui
997 1452 1203 1507 malitia
1251 1461 1501 1508 utuntur.
1546 1452 1767 1507 Cessate
1798 1467 1828 1506 a
1861 1452 2016 1506 mali-

441 1544 534 1598 tiis
578 1546 797 1609 vestris,
853 1550 907 1597 et
959 1543 1155 1598 iterum
1203 1544 1452 1599 odientcs
1498 1542 2013 1614 malumvjungimini

438 1634 603 1688 bono.
645 1633 761 1687 Non
795 1634 1012 1703 prodest
1047 1634 1255 1689 malitia
1283 1635 1465 1699 malo;
1500 1633 1701 1688 malum
1725 1634 1870 1689 enim
1905 1645 2011 1696 est,

440 1727 653 1782 etiamsi
681 1728 980 1782 sentiamus
1018 1736 1111 1781 aut
1140 1742 1248 1782 non
1279 1727 1603 1783 sentiamus.
1636 1727 1807 1797 Magis
1832 1734 2009 1781 autem

1108 315 1372 373 EUSEBll
1412 314 1886 373 cmsammsrs
1924 316 2076 372 OPP.
2119 316 2299 371 rans
2339 316 2426 370 IV.
2460 349 2526 358 _
2564 301 2985 373 uoculmcs.

1448 458 1460 492 :
1511 454 1613 494 non
1654 439 1803 494 vides
1839 440 2006 495 bone-
2036 450 2082 506 Α
2110 441 2287 495 visio!
2326 441 2415 495 ubi
2468 448 2593 495 sunt
2633 440 2821 495 oculi?
2856 455 2890 495 o
2934 440 3091 494 bona:
3144 436 3543 493 adhortationis
3573 454 3693 493 sen-

2113 536 2241 589 sus!
2280 534 2370 587 ubi
2397 534 2635 589 sensus?
2662 532 2752 587 ubi
2788 530 3100 602 cogitatus?
3151 528 3295 597 Quid
3332 530 3694 599 reprehendi-

2117 627 2188 683 sti
2222 625 2310 679 illa
2339 624 2363 679 ?
2393 625 2523 694 quid
2562 624 2826 694 agnovisti
2864 621 3107 676 in-istis?
3141 622 3230 676 ubi
3255 623 3549 676 annotinos
3566 637 3694 677 enr-

2114 734 2228 783 sus,
2258 727 2319 772 ut
2351 728 2406 771 et
2428 731 2742 786 perseveres
2775 716 2827 770 in
2872 715 3124 784 praesenti
3152 729 3315 782 anno
3353 714 3407 768 in
3444 718 3610 768 emno
3643 723 3694 768 te

2112 812 2335 866 volvens
2382 810 2407 865 3
2461 810 2552 865 ubi
2602 818 2728 864 sunt
2780 823 2903 879 quae
2956 808 3293 866 manducasti
3353 815 3482 861 ante
3530 806 3694 860 istum

2114 903 2277 968 diem,
2313 911 2373 957 ut
2422 900 2649 957 festines
2695 898 2809 972 (99)
2860 909 2916 955 et
2954 898 3162 954 hodie?
3189 914 3350 969 quem
3381 898 3624 953 fructum
3666 913 3694 951 a

2114 994 2343 1049 libidine
2395 994 2679 1065 accepisti,
2736 1003 2795 1047 ut
2852 993 3051 1047 iterum
3102 991 3169 1045 ad
3225 991 3397 1059 ipsam
3434 988 3698 1058 injuriam

2116 1086 2348 1142 curras?
2400 1086 2457 1140 Si
2513 1096 2691 1140 autem
2750 1099 2851 1140 nos
2899 1084 3112 1139 hortari
3158 1092 3340 1137 vestra
3386 1081 3701 1136 obedientia

2114 1178 2299 1245 vultis,
2330 1177 2623 1232 ostendere
2652 1176 2730 1248 (1)
2758 1177 2875 1246 ipso
2917 1188 3082 1243 apere
3137 1173 3347 1228 fructus
3399 1170 3699 1227 sermonis.

2115 1268 2267 1325 Nunc
2298 1280 2477 1323 autem
2517 1277 2573 1323 et
2604 1282 2699 1322 vos
2742 1265 3103 1321 adhortamini
3149 1265 3291 1320 :sed
3339 1273 3553 1332 tempus
3592 1275 3701 1315 non

2116 1362 2403 1433 permittit.
2453 1359 2597 1416 Deus
2625 1370 2805 1413 autem
2851 1358 3044 1412 liberet
3068 1372 3163 1412 vos
3189 1357 3256 1412 ab
3287 1357 3434 1411 omni
3469 1355 3701 1417 malitia,

2116 1461 2171 1506 et
2219 1450 2426 1521 repleat
2475 1464 2574 1505 vos
2628 1450 2739 1504 suis
2787 1447 2967 1513 bonis,
3002 1458 3063 1504 ut
3095 1445 3333 1502 aﬂ'eratis
3378 1444 3623 1501 fructum
3650 1445 3701 1497 iu

2115 1544 2415 1599 centesimo
2446 1550 2501 1598 et
2528 1540 2865 1610 sexagesimo
2899 1549 2954 1594 et
2990 1539 3267 1594 tricesimo
3294 1552 3547 1599 numero.
3602 1552 3703 1607 per

2116 1635 2396 1690 Christum
2455 1631 2594 1701 ejus,
2648 1644 2747 1702 per
2796 1644 2956 1698 quem
3003 1638 3090 1685 est
3136 1629 3249 1685 Deo
3276 1626 3443 1682 .Patri
3491 1628 3696 1699 gloria,

2116 1730 2312 1791 honor,
2366 1725 2676 1794 imperium,
2732 1724 3014 1793 maiestas,
3062 1736 3185 1778 cum
3230 1721 3437 1791 Spiritu
3480 1730 3702 1786 sancto,

443 1820 806 1874 sentientibus
846 1820 1075 1889 simplex
1122 1828 1226 1883 est,
1280 1832 1385 1873 non
1422 1819 1785 1874 sentientibus
1832 1828 2010 1872 autem
2046 1799 2085 1854 Β
2119 1829 2172 1875 et
2208 1832 2353 1873 nunc
2397 1826 2452 1872 et
2492 1829 2727 1886 semper,
2767 1826 2821 1871 et
2861 1830 2956 1886 per
2999 1814 3182 1870 omnia
3236 1812 3433 1869 secula
3469 1811 3703 1868 mnino

441 1912 658 1981 duplex.
696 1909 953 1979 Respicite
995 1913 1049 1964 in
1090 1911 1259 1964 altum
1300 1912 1470 1965 oculis
1512 1911 1716 1976 vestris,
1747 1920 1797 1965 et
1842 1910 2013 1965 videte

440 2002 556 2071 quis
596 2003 866 2056 constituit
895 2003 1068 2056 omnia
1105 2004 1206 2057 ista
1243 2002 1306 2058 “.
1335 2003 1378 2060 Ο
1417 2006 1571 2059 bona:
1610 2002 2003 2059 adhortationis

438 2171 466 2185 ο-

2120 1926 2260 1967 rum.
2288 1910 2480 1962 Amen.

472 2140 3693 2185 Μ

1418 2354 1977 2472 EUSEBII
2054 2351 2745 2468 PAMPHILI

1230 2596 1410 2683 DE
1514 2593 2331 2686 OPERIBUS
2436 2591 2924 2707 BONIS

1332 2785 1439 2847 Ex
1469 2782 1761 2863 Epistola
1792 2782 1981 2844 Pauli
2008 2783 2089 2844 ad
2118 2783 2482 2846 Corinthios
2511 2783 2809 2857 secunda,

1794 2950 2031 3013 LIBER
2075 2950 2357 3011 NONUS.

508 3246 992 3306 Resurrectionem
1046 3245 1261 3302 Domini
1313 3253 1370 3301 et.
1412 3258 1721 3316 regressum
1766 3244 1888 3313 ejus
1945 3244 2012 3301 ad
2042 3252 2084 3309 c
2121 3253 2286 3299 tutem
2318 3256 2582 3315 quantum
2614 3247 2681 3301 ad
2710 3260 2832 3302 eum
2870 3246 2963 3318 qui
2999 3245 3308 3302 videbatur.
3344 3244 3412 3301 Et
3441 3260 3555 3301 xxx
3580 3249 3709 3303 totis

442 3340 610 3395 caelos
643 3338 775 3408 ipsis
803 3335 975 3392 oculis
1029 3334 1278 3389 videntes
1323 3333 1577 3404 apostoli,
1621 3333 2015 3389 dubitationem

444 3446 607 3503 quam
661 3429 1142 3501 ante-passionem
1193 3428 1469 3483 habebant
1525 3427 1915 3495 deposuerunt,
1965 3434 2019 3480 et

443 3537 660 3579 omnem
697 3520 1141 3576 incredulitatem
1177 3534 1206 3573 a
1241 3534 1302 3574 se
1328 3518 1673 3589 pepulerunt.
1712 3515 1834 3587 Ipso
1871 3517 2018 3572 enim

444 3618 565 3671 visu
598 3614 702 3671 sibi
732 3614 867 3669 satis
901 3612 1168 3667 facientes
1202 3610 1328 3680 quia
1353 3610 1654 3665 resurrexit
1704 3619 1762 3665 et
1808 3624 2021 3665 assum-

443 3718 569 3777 ptus
594 3706 661 3761 ad
693 3705 861 3760 cmlos
886 3712 970 3759 est
1008 3703 1291 3769 Dominus,
1322 3700 1413 3755 alii
1442 3716 1539 3770 pro
1563 3701 1684 3756 aliis
1710 3699 1889 3756 eﬂ‘ecti
1915 3716 2018 3757 no-

446 3805 692 3851 scuntur.
723 3794 917 3850 Petrus
938 3792 1084 3849 enim
1119 3807 1215 3862 pro
1237 3792 1568 3861 iuramentis
1611 3802 1667 3847 et
1698 3792 2018 3862 abnegatio-

447 3888 629 3949 nibus,
666 3898 848 3953 praaco
899 3882 1081 3938 mundi
1132 3881 1355 3936 eﬂ‘ectus
1380 3891 1482 3938 est.
1535 3880 1684 3936 Visio
1715 3882 1859 3937 enim
1893 3896 2019 3936 eum

449 3978 817 4033 ﬁrmissimam
850 3985 1060 4045 petram
1087 3972 1286 4039 effecit,
1322 3974 1394 4028 ita
1429 3982 1489 4027 ut
1518 3973 1570 4026 in
1598 3988 1719 4029 eum
1749 3986 1804 4027 et
1833 3973 2020 4029 Eccle-

455 4073 535 4124 sia
567 4068 948 4132 aadificaretur,
979 4076 1032 4123 et
1059 4067 1175 4136 ipse
1201 4074 1407 4135 martyr
1454 4066 1745 4120 exsisteret
1770 4063 2013 4120 Christi.

456 4160 698 4214 Thomas
735 4171 969 4227 quoque,
1007 4157 1095 4226 qui
1131 4164 1186 4210 et
1236 4166 1358 4224 post
1405 4157 1889 4223 resurrectionem,
1919 4171 2019 4210 an-

454 4264 669 4322 tequam
701 4251 1129 4320 experimentum
1163 4249 1455 4316 acciperet,
1489 4247 1686 4303 dubius
1722 4258 1864 4315 erat,
1896 4248 2020 4319 quia

457 4342 607 4398 misit
636 4341 831 4412 digitos
860 4354 987 4395 suos
1019 4340 1072 4392 in
1118 4336 1475 4393 foraminibus
1506 4338 1810 4401 clavorum,
1846 4348 1903 4415 et
1939 4338 2019 4393 si-

443 4435 615 4489 bimet
647 4432 749 4503 ipsi
786 4432 920 4486 satis
948 4429 1097 4496 fecit,
1127 4430 1411 4483 Dominum
1440 4444 1563 4481 eum
1593 4438 1648 4482 et
1682 4428 1847 4483 Deum
1884 4444 2019 4483 con-

448 4526 630 4581 fessus
682 4532 785 4579 est.
836 4523 967 4577 Erat
1016 4522 1163 4577 enim
1204 4519 1520 4575 incredibile
1543 4521 1710 4573 Deum
1739 4520 2023 4577 advenisse

446 4622 500 4673 in
528 4632 776 4688 corpore,
806 4624 861 4672 et
883 4617 1158 4671 hominem
1187 4613 1355 4669 videri
1392 4612 1670 4668 caelestem
1701 4630 1715 4665 :
1742 4622 1860 4667 erat
1912 4629 2020 4668 non
2054 4607 2098 4662 D

446 4712 800 4776 credendum,
833 4710 958 4780 quia
985 4725 1051 4764 ex
1080 4709 1290 4779 virgine
1337 4716 1456 4762 erat
1494 4705 1747 4761 nativitas
1779 4705 1895 4774 ejus
1933 4721 2021 4761 se-

445 4806 680 4861 cundum
700 4819 941 4860 carnem.
956 4804 1049 4860 Isti
1071 4806 1215 4858 enim
1234 4800 1579 4858 conscientiae
1597 4799 2020 4855 satisfactionem

448 4896 563 4950 sola
612 4894 848 4949 habebat
873 4908 993 4963 quae
1021 4891 1503 4962 pepereratvirgo.
1548 4889 1791 4944 Necdum
1842 4898 2020 4945 autem

448 4996 646 5042 natura
692 4983 1015 5047 testabatur,
1069 4997 1246 5052 neque
1296 4991 1472 5035 mater
1525 4981 1763 5035 habebat
1818 4979 2025 5049 aliquid

444 5078 553 5133 tale
601 5076 912 5145 semetipsa,
962 5087 1136 5144 neque
1182 5073 1248 5126 de
1294 5071 1378 5127 his
1416 5088 1536 5141 quae
1584 5072 1861 5135 deorsum,
1926 5070 2021 5126 sed

446 5169 632 5225 omnia
662 5176 819 5223 erant
845 5166 1207 5222 incredibilia.
1240 5165 1428 5221 Gratia
1454 5165 1599 5220 enim
1631 5173 1751 5220 erat
1801 5165 2022 5219 inenar-

446 5258 657 5323 rabilis,
686 5266 741 5311 et
772 5255 1105 5327 indulgentia
1136 5253 1495 5310 incredibilis.
1540 5253 1658 5307 Alia
1689 5252 1833 5308 enim
1864 5259 2023 5307 erant

445 5366 569 5420 quze
592 5349 954 5405 videbantur:
1004 5347 1097 5419 qui
1145 5346 1290 5401 enim
1342 5346 1646 5414 videbatur,
1680 5360 1806 5400 vere
1836 5353 1889 5397 et
1920 5345 2019 5400 bo-

447 5446 651 5499 minem
702 5441 1048 5498 ostendebat.
1098 5438 1242 5494 Nihil
1291 5441 1435 5495 enim
1489 5438 1773 5496 differebat
1820 5439 1886 5494 ab
1915 5438 2021 5492 alio

444 5536 669 5590 homine
703 5543 968 5605 quantum
999 5533 1064 5587 ad
1092 5534 1303 5587 visum:
1337 5535 1461 5603 quia
1504 5531 1818 5589 continebat
1851 5532 2023 5587 virtu-

517 5628 564 5658 “
600 5627 702 5681 lsa.
733 5642 825 5690 ιι,
864 5627 955 5680 26.

521 5716 635 5787 (98)
661 5717 914 5787 Γρᾳφῶν,
948 5718 1259 5787 Scripturis.

521 5785 632 5854 (99)
662 5785 716 5841 Id
754 5785 859 5849 eat,
890 5788 1133 5853 epulm's.
1166 5786 1281 5843 Vox
1310 5788 1560 5845 barbara.

2121 3332 2278 3389 annis
2310 3348 2419 3389 non
2456 3332 2661 3390 fecerat
2694 3336 2928 3406 signum,
2973 3345 3033 3391 ut
3081 3336 3259 3406 primo
3306 3334 3571 3392 suaderet
3598 3352 3697 3392 no-

2120 3425 2203 3480 bis
2242 3424 2368 3494 quia
2419 3439 2646 3482 carnem
2707 3428 3022 3499 assumpsit,
3071 3437 3127 3482 et
3173 3429 3506 3484 concederet
3553 3430 3702 3484 carui

2119 3516 2381 3585 prolicere
2410 3518 2463 3572 in
2494 3527 2677 3583 aetate,
2706 3527 2762 3573 et
2783 3534 2890 3573 non
2934 3520 3001 3574 de
3047 3534 3107 3575 se
3158 3519 3429 3589 suspicari
3460 3521 3611 3590 quod
3650 3530 3704 3573 et

2121 3610 2464 3677 suspicavere
2490 3610 2707 3680 quidam
2739 3610 2983 3667 haeretici
3012 3628 3029 3666 :
3055 3620 3110 3665 et
3150 3613 3254 3666 ista
3281 3611 3701 3681 dispensatione

2122 3703 2263 3757 facta
2300 3704 2573 3773 praebebat
2601 3715 2656 3760 et
2701 3706 2806 3759 hoc
2851 3705 3312 3761 incredulitatem.
3353 3703 3510 3759 Nihil
3558 3706 3703 3760 enim

2125 3795 2355 3867 amplius
2404 3798 2697 3866 putabatur
2732 3811 2873 3863 esse,
2924 3813 3089 3867 quam
3145 3797 3192 3853 is
3236 3796 3333 3866 qui
3392 3798 3701 3853 videbatur.

2120 3888 2259 3944 Nam
2312 3897 2367 3944 et
2428 3890 2497 3945 ad
2547 3889 2877 3960 baptismum
2921 3887 3148 3944 Joannis
3191 3888 3453 3943 veniebat
3485 3908 3500 3943 :
3532 3889 3708 3957 bapti-

2123 3996 2297 4037 smum
2336 3989 2515 4035 autem
2551 3995 2656 4035 non
2702 3990 2821 4037 erat
2859 3979 3084 4050 simplex
3126 3998 3141 4035 :
3180 3980 3527 4050 paenitentia
3571 3980 3708 4034 enim

2123 4082 2243 4128 erat
2261 4072 2612 4141 baptismum,
2635 4072 2887 4141 quodque
2914 4071 3093 4126 adhuc
3117 4070 3291 4140 magis
3311 4070 3602 4126 hominem
3626 4086 3710 4124 os-

2124 4167 2397 4227 tendebat,
2434 4179 2598 4234 quam
2635 4178 2759 4218 eum
2790 4162 2885 4232 qui
2916 4161 3303 4218 occultabatur
3350 4160 3408 4215 in
3457 4162 3704 4217 homine.

2127 4261 2296 4315 Erant
2331 4260 2496 4329 igitur
2523 4261 2625 4316 ista
2669 4260 3062 4331 impedimenta
3096 4258 3242 4323 fidei,
3274 4272 3399 4326 qua:
3440 4257 3705 4313 videban-

2127 4361 2236 4415 tur,
2271 4366 2391 4420 qua‘.
2420 4352 2644 4417 ﬁebant,
2670 4366 2821 4419 esca,
2869 4365 3118 4417 somnus,
3169 4351 3460 4419 provectio
3513 4351 3707 4412 aetatis,

2126 4444 2179 4496 in
2214 4452 2356 4497 terra
2384 4443 2769 4499 deambulatio.
2816 4443 2874 4498 Si
2913 4452 3095 4497 autem
3120 4441 3280 4496 vellet
3308 4450 3366 4496 et
3393 4440 3577 4495 Mater
3630 4443 3705 4493 di-

2126 4548 2269 4599 cere,
2301 4534 2437 4601 Quia
2464 4536 2619 4604 virgo
2653 4550 2879 4591 manens
2927 4549 3051 4589 eum
3099 4533 3261 4589 enixa
3320 4548 3446 4588 sum
3485 4552 3501 4599 ;
3551 4534 3704 4587 unius

2131 4626 2377 4681 mulieris
2409 4636 2597 4682 contra
2627 4637 2883 4683 naturam
2933 4626 3302 4682 testimonium
3333 4625 3529 4680 minus
3576 4626 3709 4679 vale-

2130 4727 2234 4783 ret,
2259 4727 2315 4771 et
2343 4720 2576 4773 maxime
2611 4719 2754 4789 apud
2787 4717 3023 4773 Juda:os.
3069 4716 3166 4772 His
3194 4717 3363 4787 igitur
3404 4719 3583 4771 tantis
3617 4718 3709 4770 im—

2131 4808 2460 4877 pedimentis
2490 4808 2802 4864 constitutis
2841 4809 2909 4863 ad
2938 4808 3120 4875 fidem,
3149 4808 3394 4862 arduum
3454 4818 3584 4861 erat
3628 4822 3709 4859 su-

2130 4899 2264 4967 scipi
2291 4900 2727 4968 praedicationem
2755 4918 2770 4956 :
2801 4908 2855 4954 et
2887 4900 3122 4954 maxime
3152 4899 3278 4967 quia
3296 4899 3390 4967 qui
3426 4898 3711 4952 videbatur

2129 5003 2237 5043 nou
2265 4998 2381 5043 erat
2411 4990 2506 5059 qui
2540 4999 2595 5045 et
2621 4990 2934 5045 dicebatur:
2962 4991 3412 5061 przedicationem
3438 4988 3715 5058 praebebat

2130 5081 2267 5135 nihil
2300 5083 2497 5152 suscipi
2536 5083 2733 5138 debere
2762 5100 2885 5154 qua:
2930 5082 3256 5138 videbantur
3295 5099 3310 5135 :
3353 5082 3588 5136 credere
3624 5096 3715 5132 au-

2133 5182 2242 5225 tem
2290 5173 2415 5242 quia
2468 5173 2521 5226 in
2573 5174 2842 5243 principio
2898 5183 3017 5228 erat
3059 5170 3326 5236 Verbum,
3374 5182 3430 5225 et
3477 5170 3713 5227 Verbum

2130 5272 2249 5317 erat
2294 5264 2509 5327 vivens,
2561 5275 2618 5319 et
2666 5264 2807 5320 Deus
2857 5272 2974 5319 erat
3021 5260 3310 5328 Verbum;
3345 5262 3467 5317 haec
3517 5260 3587 5316 ad
3632 5261 3715 5314 illa

2128 5368 2248 5422 quae
2276 5353 2725 5422 inspiciebantur,
2760 5353 2963 5407 nullam
2992 5351 3320 5407 videbantur
3346 5352 3561 5405 habere
3590 5365 3714 5405 con-

2129 5445 2460 5499 scnsionem.
2512 5444 2981 5512 Quemadmodum
3016 5459 3151 5516 ergo
3190 5444 3245 5498 id
3293 5444 3444 5512 quod
3479 5443 3711 5498 incredi-

2132 5535 2238 5589 bile
2277 5546 2359 5591 est
2388 5534 2618 5592 edicitur
2647 5536 2930 5605 credibile,
2976 5537 3092 5608 ipse
3139 5536 3275 5592 dicit
3314 5534 3585 5593 Dominus
3618 5552 3634 5588 :
3662 5531 3715 5587 Si

2207 5719 2283 5789 μ)
2314 5718 2523 5788 Helius,
2546 5720 2820 5775 ostendite.
