3822 6218
136 343 275 397 “9'1

1450 340 1537 395 DE
1574 337 1913 397 OPERIBUS
1954 337 2081 394 BON
2088 336 2166 394 IS.

3259 335 3389 390 1198

136 476 297 529 Opera
331 476 432 513 non
465 458 607 527 facio
640 474 757 529 qua:
786 458 966 512 nullus
995 456 1134 513 alius
1158 457 1310 527 facit,
1332 458 1491 514 nolite
1515 458 1723 528 credere
1752 464 1799 516 Α
1826 454 1921 525 qui
1950 454 2115 509 etiam
2146 452 2437 508 mandabat
2466 451 2668 507 curatis
2709 464 2774 505 ne
2809 450 3049 507 dicerent
3083 448 3244 505 alicui
3271 464 3392 519 quae

135 555 270 607 mihi
308 554 374 608 ".
418 552 572 609 Sicut
626 553 771 607 enim
823 552 969 621 quod
1012 552 1303 607 videbatur
1342 553 1508 608 dabat
1557 551 1716 605 ﬁdem

135 646 265 715 quia
317 645 482 698 homo
537 654 680 707 erat,
740 643 811 697 ita
870 646 996 697 dum
1045 651 1390 713 operaretur,
1444 642 1719 712 praebebat

135 739 470 808 agnitionem
525 740 653 810 quia
712 738 873 792 Deus.
924 736 1257 803 Dormiebat,
1301 735 1718 792 describebatur

135 831 304 885 homo
328 849 344 897 ;
382 831 653 885 suscitans
671 842 851 884 autem
879 838 1146 896 mortuos,
1173 829 1501 883 ostendebat
1522 829 1711 883 Deum.

135 923 257 978 Non
293 925 438 980 enim
471 938 695 979 somnus
726 922 944 991 quidem
977 925 1303 992 suggerebat
1350 920 1585 977 hominis
1621 934 1719 974 na-

134 1025 340 1080 turam,
369 1016 700 1071 resurrectio
730 1022 910 1069 autem
942 1023 1280 1068 mortuorum
1321 1029 1428 1069 non
1462 1013 1718 1067 ostende-

136 1114 235 1163 bat
271 1108 437 1162 Deum
462 1108 641 1162 vivum
662 1123 727 1162 ex
754 1109 972 1162 vivente
996 1106 1106 1163 Deo
1133 1126 1146 1161 :
1183 1121 1355 1176 neque
1380 1106 1717 1161 manducans

134 1201 358 1267 quidem
403 1199 694 1254 exhibebat
748 1201 1043 1265 hominem,
1106 1215 1171 1255 ex
1224 1200 1415 1269 paucis
1461 1201 1606 1252 enim
1637 1197 1717 1269 (2)

134 1287 373 1355 panibus
423 1302 651 1356 pascens
699 1288 866 1342 millia
940 1289 1219 1342 hominum
1268 1304 1373 1343 non
1423 1288 1721 1343 exhibebat

138 1380 309 1432 Deum
353 1396 366 1430 :
420 1394 595 1448 neque
645 1382 765 1435 navi
820 1382 1039 1452 quidem
1086 1382 1343 1451 navigare
1398 1381 1721 1437 ostendebat

135 1471 455 1536 hominem;
515 1472 566 1525 in
606 1472 835 1528 summis
886 1483 1064 1529 autem
1115 1475 1372 1529 ﬂuctibus
1415 1474 1716 1541 ambulare,

134 1576 248 1615 non
299 1562 618 1618 ostendebat
661 1564 827 1619 Deum
889 1566 1073 1620 maris.
1128 1565 1235 1622 Sed
1284 1568 1424 1622 sicut
1468 1566 1720 1621 humanae

135 1660 351 1705 naturae
388 1651 725 1708 formabatur
759 1666 818 1709 ut
842 1655 1121 1711 diceretur
1163 1656 1348 1722 homo,
1403 1656 1472 1711 ita
1521 1656 1721 1710 divini-

137 1744 271 1799 tatis
304 1744 421 1813 ejus
447 1760 611 1816 opera
640 1747 1046 1803 abscondebant
1069 1758 1123 1804 et
1147 1750 1445 1806 hominem.
1480 1748 1585 1804 Sed
1619 1751 1716 1803 ad-

135 1834 415 1891 mirabilia
451 1815 666 1905 quidem
694 1852 815 1907 qua:
842 1847 973 1891 ante
1003 1840 1311 1907 passionem
1350 1854 1502 1893 suam
1548 1838 1717 1894 facie-
1748 1815 1790 1870 Β

134 1927 255 1991 bat,
287 1928 610 1983 ostendebat
642 1929 769 1997 quia
814 1930 1012 1986 divinae
1048 1933 1269 1987 virtutis
1312 1944 1455 1987 esset
1513 1933 1715 1988 adven-

136 2029 228 2073 tus
268 2039 280 2072 :
322 2020 389 2075 de
421 2023 817 2077 resurrectione
874 2037 1052 2079 autem
1089 2024 1204 2093 ejus
1236 2026 1385 2096 signa
1430 2040 1550 2096 qua:
1579 2042 1718 2097 pne-

135 2118 444 2177 cesserant,
479 2126 583 2166 non
614 2112 868 2168 omnibus
907 2114 1239 2169 exhibebant
1290 2116 1631 2171 virtutem‘et
1656 2114 1718 2169 ti-

136 2204 262 2256 dem
300 2204 719 2259 resurrectionis
742 2204 882 2275 ejus,
912 2205 1007 2260 sed
1040 2220 1179 2275 opus
1210 2215 1332 2261 erat
1378 2207 1501 2261 aliis
1551 2207 1719 2276 signis

134 2311 261 2363 qua:
297 2311 359 2351 ea
393 2294 677 2350 ﬁrmarent
720 2315 733 2349 :
789 2296 916 2365 quia
944 2312 1054 2353 non
1081 2297 1257 2352 solum
1302 2312 1539 2367 praesens
1565 2308 1719 2353 ante-

134 2403 301 2457 quam
338 2398 619 2457 pateretur
640 2398 899 2458 operatus
932 2398 1017 2443 cst
1042 2389 1315 2444 mirabilia
1341 2406 1357 2443 :
1386 2390 1480 2445 sed
1513 2391 1638 2460 quia
1664 2400 1718 2446 et

128 2489 381 2534 mortuos
422 2481 728 2546 suscitavit,
775 2489 829 2535 et
878 2482 995 2550 ipse
1050 2496 1342 2553 resurgens
1372 2483 1712 2538 rnirilicatur.

129 2570 243 2626 L'bi
268 2585 399 2641 ergo
429 2571 530 2624 ista
561 2578 686 2626 sunt
715 2571 987 2627 mirabilia
1027 2586 1148 2642 quae
1199 2581 1321 2642 post
1360 2578 1719 2631 resurrectio-

129 2679 261 2719 nem
326 2673 485 2719 erant
546 2665 795 2720 facienda
843 2666 866 2719 ?
922 2680 1100 2735 neque
1172 2666 1314 2721 enim
1368 2668 1715 2738 semetipsum

129 2755 339 2810 mundo
384 2756 644 2820 ostendit,
695 2771 871 2827 neque
904 2755 1129 2813 Judazis.
1188 2756 1246 2812 Si
1296 2758 1461 2826 igitur
1488 2772 1593 2813 non
1622 2773 1716 2814 os—

134 2848 309 2901 tendit
338 2849 720 2918 semetipsum,
746 2847 1020 2918 quomodo
1039 2859 1218 2918 potest
1239 2850 1361 2919 quis
1383 2850 1566 2906 dicere
1590 2850 1715 2920 quia

134 2938 346 2993 faciens
384 2940 653 2995 mirabilia
705 2941 1023 2997 credibilem
1080 2941 1211 2996 fecit
1253 2942 1714 2997 resurrectionem

131 3045 289 3084 suam
315 3031 339 3084 ?
369 3029 568 3087 Iudaeis
601 3034 745 3088 enim
772 3035 1123 3103 semetipsum
1155 3048 1259 3089 non
1301 3035 1712 3100 demonstravit,

1820 548 1963 617 passi
1998 546 2227 601 fuissent
2256 545 2391 599 bene
2424 544 2524 614 (5).
2552 544 2924 599 Conservabat
2967 541 3111 598 enim
3158 541 3389 611 dignita-

1820 645 1928 691 tem
1960 635 2396 699 resurrectionis,
2437 643 2492 691 et
2522 634 2877 706 regressionis
2908 647 3022 689 suae
3052 633 3118 687 ad
3147 631 3389 692 Patrem,

1820 737 1875 784 et
1900 728 2165 783 adventus
2193 726 2425 797 Spiritus
2445 726 2642 782 sancti.
2679 726 2821 793 Quid
2860 726 3004 780 enim
3047 724 3220 797 magis
3260 740 3391 779 sua-

1820 819 1983 875 debat
2010 817 2304 888 discipulos
2339 818 2481 886 ejus,
2519 817 2565 872 si
2600 817 2715 888 ipse
2756 814 2961 871 faceret
2995 816 3172 887 signa,
3213 824 3308 872 aut
3344 817 3391 872 si

1819 923 1885 964 ex
1920 907 2051 979 ipsis
2074 908 2338 977 prreberet
2362 908 2613 962 virtutem
2638 906 2816 962 facere
2842 907 3049 978 majora
3078 921 3242 977 quam
3276 907 3394 976 ipse

1820 1000 2087 1057 faciebat?
2114 1000 2289 1071 Ipsum
2319 1000 2462 1055 enim
2508 1000 2691 1056 facere
2724 1000 2898 1071 signa,
2932 1009 2991 1055 ut
3025 1009 3153 1071 puta
3194 1000 3394 1071 ejicere

1820 1093 2084 1148 daemonia
2116 1108 2145 1147 a
2176 1092 2499 1161 corporibus
2541 1078 2829 1161 possessis,
2872 1100 3184 1162 suspectum
3231 1106 3260 1145 a
3293 1089 3395 1145 Ju-

1820 1187 1949 1242 dteis
1970 1184 2197 1253 estquia
2230 1184 2283 1237 in
2319 1183 2621 1239 Beelzebub
2647 1184 2749 1239 hoc
2774 1183 2923 1239 facit.
2950 1184 3184 1254 Cupiens
3207 1194 3390 1238 autem

1821 1291 2047 1350 arguere
2074 1277 2197 1346 quia
2227 1276 2319 1330 Dei
2347 1289 2507 1344 opera
2535 1274 2764 1345 principi
2797 1275 3186 1330 daemoniorum
3213 1275 3391 1329 ascri-

1820 1370 1953 1425 bunt
1985 1370 2178 1434 Judaei,
2229 1378 2283 1424 et
2329 1367 2568 1422 maxime
2606 1381 2669 1422 ca
2718 1382 2839 1435 qua:
2884 1368 3172 1423 adversum
3210 1367 3389 1437 ipsum

1818 1462 2115 1533 principem
2155 1460 2543 1516 daemoniorum
2574 1466 2629 1513 et
2656 1458 2776 1527 ejus
2809 1460 3106 1514 exercitum
3150 1457 3374 1524 ﬂebant,

1820 1554 2044 1609 adduxit
2074 1555 2125 1608 in
2159 1552 2394 1607 medium
2432 1552 2501 1606 de
2532 1549 2811 1619 discipulis
2850 1550 2985 1613 suis,
3029 1558 3085 1604 et
3119 1549 3255 1605 dixit
3286 1566 3299 1602 :
3334 1548 3397 1604 Si

1819 1664 1911 1717 ego
1941 1647 1994 1700 in
2035 1645 2320 1700 Beelzebub
2352 1644 2507 1714 ejicio
2541 1643 2826 1707 daemonia,
2870 1641 2973 1711 ﬁlii
3014 1642 3170 1697 vestri
3206 1641 3260 1695 in
3294 1658 3398 1710 quo

1820 1741 2033 1809 ejiciunt
2072 1738 2154 1792 ⁸σῖ
2187 1737 2299 1793 Hoc
2328 1746 2431 1803 est,
2466 1736 2553 1791 isti
2588 1737 2693 1790 mei
2742 1734 2988 1805 discipuli
3012 1736 3103 1802 qui
3140 1748 3211 1789 ex
3244 1736 3399 1789 vobis

1820 1844 1966 1899 sunt,
2000 1833 2051 1886 in
2081 1846 2187 1902 quo
2224 1825 2484 1898 ejiciunt?
2513 1828 2649 1896 Quia
2685 1827 2851 1899 igitur
2890 1841 2951 1882 ea
2996 1841 3119 1898 quae
3163 1825 3231 1881 ab
3277 1827 3398 1896 ipso

1822 1927 2041 1985 liebant,
2077 1932 2298 1994 propter
2343 1921 2609 1975 malitiam
2658 1918 3071 1990 suscipientium
3119 1918 3392 1973 aliis.ba—

1820 2012 2021 2067 hebant
2061 2010 2430 2080 suspiciones:
2469 2008 2747 2078 discipulis
2789 2009 2901 2063 suis
2952 2009 3132 2064 omnia
3177 2023 3403 2064 conser.

1820 2103 2001 2167 vabat,
2036 2111 2094 2155 ut
2148 2115 2426 2171 praecones
2471 2098 2890 2156 resurreCtionis
2932 2109 3176 2155 mortuos
3222 2100 3401 2155 susci-

1822 2205 2015 2261 tantes,
2061 2211 2233 2251 camus
2279 2195 2542 2251 facientes
2594 2196 2814 2264 videre,
2869 2196 3079 2252 claudis
3128 2197 3398 2251 donantes

1820 2288 2120 2354 ambulare,
2145 2297 2199 2343 et
2222 2288 2462 2358 leprosos
2486 2288 2865 2356 emundantes,
2887 2302 3200 2344 sermonum
3222 2289 3401 2361 digni-

1821 2390 1981 2436 tatem
2035 2396 2132 2451 per
2185 2380 2451 2436 mirabilia
2503 2382 2875 2437 ostenderent.
2934 2382 3075 2447 Quid
3123 2381 3268 2437 enim
3321 2384 3397 2436 ita

1820 2482 2029 2543 poterat
2051 2470 2290 2527 Lazarus
2321 2480 2443 2541 post
2468 2480 2703 2540 quatuor
2724 2472 2840 2527 dies
2881 2486 3172 2542 resurgens
3193 2486 3224 2525 a
3250 2487 3400 2527 mor-

1822 2570 1930 2624 tuis
1965 2569 2205 2639 praebere
2235 2568 2301 2623 ad
2328 2567 2485 2622 ﬂdem
2520 2566 2605 2622 his
2633 2566 2723 2637 qui
2752 2566 3024 2632 viderant,
3045 2582 3209 2637 quam
3249 2575 3309 2622 ut
3344 2581 3403 2621 et

1822 2666 1923 2737 ipsi
1950 2663 2195 2735 discipuli
2233 2678 2356 2718 cum
2396 2663 2533 2718 alios
2566 2663 2899 2718 suscitarent
2942 2675 3040 2733 per
3078 2662 3403 2730 semetipsos

1822 2766 2065 2813 mortuos
2107 2755 2456 2827 praebebant?
2492 2753 2559 2809 Et
2600 2754 2727 2825 quid
2778 2754 2883 2810 tale
2912 2756 2976 2810 ad
3017 2754 3177 2809 fidem
3208 2755 3398 2815 valuit,

1824 2857 1880 2902 ut
1920 2847 2178 2903 Dominus
2205 2861 2310 2903 non
2353 2845 2577 2901 edoctus
2622 2846 2835 2902 litteras
2872 2846 3098 2917 legeret,
3136 2858 3400 2916 quantum

1825 2940 2015 2996 Petrus
2046 2956 2151 2995 non
2188 2940 2411 2995 edocws
2433 2939 2670 3011 linguam
2701 2940 2885 3004 ullam,
2921 2938 3059 2995 forte
3085 2954 3151 2993 ne
3182 2940 3400 3009 quidem

1819 3042 1874 3088 et
1895 3034 2152 3105 patriam,
2200 3034 2338 3089 bene
2380 3034 2527 3090 omni
2582 3034 2896 3103 loqueretur
2937 3033 3138 3105 lingua,
3185 3042 3241 3087 et
3280 3049 3400 3085 om-

130 3139 206 3178 ne
238 3123 430 3195 duplex
466 3127 534 3180 ab
566 3125 645 3181 eis
671 3125 1050 3197 irreligiositas
1085 3135 1409 3182 tentaretur.
1462 3126 1571 3181 Sed
1608 3142 1712 3180 non
1743 3157 1785 3214 ο
1822 3142 1945 3182 nem
1980 3126 2229 3182 audiret?
2263 3127 2420 3183 Unde
2445 3135 2500 3183 et
2529 3127 2737 3182 Lazaro
2788 3138 3124 3196 resurgente,
3175 3135 3223 3179 et
3277 3125 3398 3178 aliis

132 3225 391 3284 poterant
424 3218 642 3273 nolente
670 3218 805 3284 Deo,
840 3229 894 3273 et
917 3233 1022 3273 non
1048 3218 1377 3273 concedente
1402 3216 1710 3287 Unigenito,

133 3308 375 3363 secundo
416 3324 539 3364 eum
567 3308 783 3380 alligere
810 3310 958 3365 cruci
986 3328 999 3365 :
1027 3310 1295 3379 siquidem
1332 3323 1433 3364 nec
1483 3308 1714 3378 primam

131 3400 421 3454 audaciam
456 3401 832 3472 perfecissent,
879 3401 981 3456 nisi
1030 3399 1196 3456 Pater
1237 3401 1619 3465 concessisset,
1663 3412 1717 3456 et

129 3491 307 3546 Filius
347 3494 705 3563 permisisset.
751 3493 856 3548 Sed
908 3493 1124 3548 interim
1154 3493 1411 3548 alacritas
1454 3493 1590 3547 mala
1619 3494 1716 3547 du-

132 3583 261 3652 plex
300 3582 582 3639 habuisset
612 3583 837 3638 malitiae
884 3583 1121 3638 fructum
1160 3601 1173 3636 :
1212 3581 1327 3637 sive
1359 3583 1504 3636 enim
1535 3581 1716 3654 affige-

132 3686 263 3727 reut
298 3673 518 3740 iterum,
548 3674 665 3729 sive
698 3688 807 3728 non
838 3672 1140 3744 aﬂigerent,
1162 3664 1363 3727 vellent
1391 3682 1606 3738 autem;
1635 3674 1717 3727 in-

135 3767 297 3821 terim
326 3767 425 3837 ipsi
461 3766 728 3836 duplicem
755 3767 1022 3823 haberent
1057 3766 1421 3835 iniquitatem.
1452 3764 1587 3820 Erat
1617 3780 1716 3821 au-
1748 3752 1759 3773 λ

133 3867 249 3914 tem
271 3860 485 3930 etquod
512 3858 673 3914 ﬂebat
705 3858 947 3914 secundo
969 3856 1300 3928 superﬂuum
1324 3876 1336 3911 :
1367 3858 1535 3913 semel
1558 3858 1703 3914 enim

132 3954 475 4008 reconditum
507 3960 626 4007 erat
655 3962 715 4006 ut
738 3951 1075 4022 dispensatio
1092 3949 1461 4020 compleretur
1489 3950 1568 4005 :sl
1594 3950 1714 4020 qui-

132 4049 261 4101 dem
292 4061 390 4101 nec
429 4045 687 4115 possibile
721 4052 837 4099 erat
860 4052 984 4114 post
1012 4042 1470 4099 resurrectionem
1517 4058 1715 4112 corpus

135 4138 421 4208 quodjam
452 4136 917 4192 immortalitatem
968 4136 1145 4191 fuerat
1192 4135 1472 4205 adeptum,
1510 4135 1711 4189 iterum

140 4233 428 4286 incurrere
456 4240 706 4285 mortem.
741 4227 849 4284 Sed
883 4228 1026 4283 sicut
1050 4227 1287 4282 animam
1327 4228 1507 4283 nullus
1537 4236 1717 4297 potest

130 4324 385 4379 occidere
416 4322 542 4391 quia
572 4330 656 4377 est
678 4320 1023 4384 immortalis,
1046 4320 1123 4375 ita
1156 4330 1209 4375 et
1226 4334 1445 4390 corpus,
1476 4336 1597 4375 cum
1630 4320 1714 4374 in-

128 4417 324 4471 dutum
397 4414 560 4470 fuerit
634 4412 1077 4479 immortalitate,
1137 4413 1296 4467 istam
1350 4413 1716 4483 habetlpost

1823 3219 2115 3290 aliquantis
2167 3218 2397 3275 mortuis
2434 3218 2712 3275 suscitatis
2763 3217 2926 3274 etiam
2964 3218 3122 3273 caecis
3167 3217 3398 3272 videnti-

1822 3312 1945 3376 bus,
1983 3312 2079 3367 sed
2103 3321 2159 3366 et
2190 3310 2279 3365 illo
2310 3310 2403 3381 qui
2449 3310 2522 3366 ita
2565 3309 2745 3366 fuerat
2794 3324 2956 3365 natus
3002 3308 3295 3379 recipiente
3324 3306 3402 3360 vi-

1824 3415 1965 3467 sum,
1989 3401 2100 3455 imo
2131 3399 2467 3469 accipiente,
2510 3401 2819 3456 emundatis
2852 3400 3017 3455 etiam
3053 3399 3298 3469 plurimis
3326 3398 3402 3449 Ie-

1822 3494 2021 3560 prosis,
2080 3503 2136 3548 et
2195 3492 2401 3548 sanatis
2462 3492 2703 3549 millibus
2774 3492 3088 3557 hominum,
3171 3492 3404 3560 negabat

1824 3584 2038 3653 Petrus,
2060 3596 2116 3641 et
2142 3586 2361 3655 jurabat
2389 3600 2457 3642 ne
2479 3584 2696 3656 quidem
2738 3592 2797 3638 ut
2829 3584 3103 3639 hominem
3142 3598 3202 3637 se
3232 3583 3399 3637 scire.

1824 3678 1959 3747 Quia
1992 3690 2175 3736 autem
2203 3682 2352 3737 venit
2404 3681 2643 3752 Spiritus
2685 3687 2906 3735 sanctus
2944 3678 3142 3733 missus
3178 3693 3205 3730 a
3241 3676 3399 3738 Filio,

1823 3784 1879 3828 ct
1901 3773 2150 3829 coeﬂ'ecit
2194 3775 2339 3829 intus
2372 3772 2720 3830 sanctiﬂcans
2750 3772 2961 3836 virtus,
2996 3769 3133 3826 alius
3165 3786 3266 3840 pro
3298 3771 3403 3824 alio

1826 3865 1999 3921 factus
2039 3866 2254 3931 Petrus,
2301 3877 2355 3921 et
2392 3868 2504 3937 jam
2552 3864 2757 3934 Spiritu
2806 3863 3133 3933 baptizatus,
3168 3878 3273 3917 non
3316 3878 3405 3918 so-

1824 3958 1935 4013 lum
1966 3973 2070 4012 non
2097 3967 2258 4029 negat
2287 3959 2353 4012 ad
2372 3973 2555 4014 vocem
2578 3957 2789 4028 puellae,
2812 3959 2905 4013 sed
2941 3964 2997 4010 et
3033 3956 3179 4010 omni
3212 3956 3406 4025 populo

1825 4048 2033 4103 resistit
2074 4067 2085 4102 :
2120 4056 2173 4103 et
2204 4048 2294 4117 qui
2341 4059 2500 4105 antea
2553 4062 2612 4103 se
2659 4049 3050 4111 abscondebat,
3100 4062 3243 4102 nunc
3283 4062 3406 4101 cum

1826 4138 2021 4193 ﬁducia
2053 4139 2120 4193 ad
2157 4139 2419 4195 terminos
2450 4155 2623 4210 usque
2654 4150 2814 4194 terra
2853 4139 3136 4209 praedicat,
3163 4147 3220 4193 et
3246 4140 3408 4194 docet

1825 4232 2129 4287 universos.
2162 4230 2240 4286 lta
2273 4234 2539 4288 adventus
2570 4231 2809 4303 Spiritus
2832 4233 3033 4297 sancti,
3063 4233 3157 4302 qui
3194 4232 3407 4302 ingreso

1827 4334 1922 4376 sus
1968 4322 2141 4377 estin
2200 4322 2514 4393 discipulos,
2568 4332 2624 4379 et
2667 4322 2880 4388 effecit,
2936 4324 3399 4378 resurrectionem

1827 4411 2041 4469 Domini
2066 4423 2123 4469 et
2151 4416 2578 4485 assumptionem
2622 4415 2793 4472 visam
2841 4415 3178 4487 praedicavit,
3211 4426 3265 4469 ct
3291 4415 3409 4483 ejus

130 4508 591 4564 resurrectionem
615 4506 1050 4577 promissionem.
1074 4504 1227 4572 Quod
1248 4504 1718 4560 enimimmortale
1752 4523 1795 4579 ο
1826 4506 2081 4561 virtutem
2120 4509 2483 4563 annuntiavit.
2527 4509 2661 4565 Cum
2693 4508 2836 4563 enim
2874 4507 3119 4563 coeﬂecit
3144 4506 3405 4577 Spiritus,

130 4600 470 4670 indulgentia
498 4598 704 4654 factum
731 4607 835 4662 est,
865 4614 969 4653 non
1001 4599 1311 4669 potestiam
1343 4599 1717 4668 interemptio-

128 4708 259 4747 nem
291 4692 359 4746 ab
378 4691 689 4746 hominibus
716 4688 1069 4761 patiJudaeis
1111 4688 1277 4759 igitur
1302 4698 1425 4760 post
1471 4704 1719 4744 resurre-

127 4786 337 4838 tionem
380 4798 487 4837 non
534 4796 594 4837 se
634 4782 919 4837 ostendere
959 4781 1271 4844 Dominum,
1325 4781 1599 4850 parcentis
1633 4787 1720 4835 est

125 4879 375 4935 ludatis:
406 4878 498 4947 qui
538 4877 679 4932 enim
732 4874 1161 4945 Hierosolymam
1204 4872 1441 4937 deﬂevit,
1484 4888 1715 4942 procur-

126 4986 258 5026 rere
310 4971 541 5041 duplicia
575 4970 751 5033 mala;
797 4984 903 5023 non
946 4970 1129 5025 facere
1173 4974 1355 5021 autem
1404 4966 1579 5037 signa,
1628 4974 1721 5021 aut

128 5062 406 5117 modicum
437 5062 564 5132 quid
604 5061 884 5131 discipulis
908 5059 1216 5122 ostendere,
1242 5067 1300 5112 ut
1328 5065 1453 5127 puta
1483 5056 1716 5127 piscium

127 5151 317 5206 subito
340 5149 739 5205 multitudinem
766 5161 1002 5221 captam,
1028 5159 1121 5204 aut
1152 5148 1299 5203 aliud
1331 5148 1534 5219 aliquid
1569 5148 1709 5214 tale;

125 5260 239 5299 non
282 5253 401 5299 erat
443 5243 826 5299 ostentationis
863 5252 1095 5312 tempus,
1140 5255 1315 5311 neque
1360 5240 1713 5310 semetipsum

124 5335 491 5389 ostendentis.
527 5332 712 5403 Neque
739 5333 885 5389 enim
921 5347 1045 5387 cum
1084 5330 1290 5386 faceret
1336 5339 1464 5386 ante
1505 5332 1713 5399 passio-

127 5440 257 5480 nem
312 5425 583 5481 mirabilia
638 5426 931 5491 Dominus,
986 5433 1271 5479 ostentans
1324 5437 1383 5478 se
1442 5421 1713 5492 faciebat,

202 5608 247 5639 “
274 5607 429 5663 Joan.
454 5624 508 5673 ι,
535 5608 638 5673 ’57;
673 5624 761 5674 xv,
786 5607 875 5661 2-1.
954 5606 997 5638 ⁵⁸
1029 5605 1161 5662 Luc.
1193 5622 1269 5673 xt,
1306 5606 1386 5661 l9.

235 5731 286 5795 Ξ)
325 5724 502 5785 Enim.
539 5729 727 5794 Forte,
754 5740 948 5784 autem.

1828 4607 2224 4655 transmutatus
2260 4610 2345 4656 est
2382 4601 2572 4656 Petrus
2608 4619 2623 4653 :
2670 4610 2812 4657 totus
2857 4601 3077 4666 clamat,
3127 4599 3239 4669 jam
3298 4615 3405 4654 nou

1827 4706 2052 4762 negans,
2088 4693 2182 4747 sed
2222 4693 2523 4762 praedicans
2566 4692 2927 4749 Salvatorem.
2964 4691 3277 4763 Stephanus
3308 4708 3405 4748 au-

1831 4791 1938 4837 tem
1962 4792 2018 4838 et
2046 4783 2162 4854 ipse
2204 4784 2329 4839 silet
2363 4785 2428 4839 ad
2472 4786 2693 4856 lapides,
2748 4794 2804 4839 et
2854 4784 3141 4841 Dominum
3193 4802 3410 4840 annuu-

1829 4873 1947 4938 tiat,
1975 4889 2136 4944 quem
2185 4876 2252 4930 ad
2286 4876 2565 4931 dexteram
2607 4876 2787 4932 Patris
2824 4885 3059 4933 stantem
3106 4892 3411 4947 conspexe-

1823 4976 1907 5018 rat
1955 4982 1968 5017 :
2025 4975 2081 5019 et
2128 4966 2268 5020 alius
2321 4967 2464 5023 aliud
2521 4968 2897 5037 eloquebatur,
2934 4979 2989 5024 et
3031 4970 3153 5025 sine
3202 4969 3407 5025 solatio

1821 5064 1979 5110 erant
2013 5058 2220 5128 negotia
2265 5057 2601 5115 Judazorum.
2665 5061 2820 5116 Sicut
2890 5063 3036 5115 enim
3099 5062 3153 5116 in
3204 5062 3412 5116 diluvio

1824 5148 2045 5203 interim
2086 5150 2303 5216 quidem
2352 5150 2462 5207 Noe
2503 5167 2607 5207 non
2654 5155 2981 5209 credebatur
3021 5154 3148 5209 dum
3208 5154 3415 5208 faceret

1826 5255 2011 5295 arcam
2046 5263 2058 5295 :
2092 5258 2212 5296 cum
2244 5253 2425 5298 autem
2459 5246 2643 5301 subito
2670 5254 2842 5303 totum
2888 5246 3086 5303 cmlum
3132 5247 3411 5301 emitteret

1828 5332 2038 5399 ﬂuvios,
2072 5344 2216 5390 terra
2253 5345 2432 5393 autem
2468 5351 2750 5398 eructaret
2769 5355 2961 5413 aquas,
2984 5350 3038 5395 et
3066 5340 3190 5395 inde
3224 5347 3410 5393 arcta-

1833 5436 1986 5482 retur
2014 5427 2367 5487 incredulitas
2416 5441 2473 5490 et
2507 5434 2574 5491 de
2603 5434 2741 5493 uelo
2772 5443 2827 5491 et
2859 5433 2925 5490 de
2964 5442 3107 5488 terra
3147 5433 3214 5488 ab
3255 5430 3414 5501 aquis

230 5802 286 5872 5)
328 5800 548 5857 Phrasis
585 5801 797 5867 Graeca,
842 5801 999 5853 ἅτινα
1032 5801 1089 5853 εὐ
1129 5800 1192 5855 ἂν
1240 5800 1460 5867 ἔπαθον,
1493 5816 1612 5872 quae
1648 5801 1715 5859 be

1830 5799 1909 5855 cia
1933 5799 2285 5868 accepissent.
