3822 6218
441 252 574 306 H99
1084 242 1369 299 "EUSEBII
1410 242 1889 298 (IESAlllENSlS
1922 243 2073 301 OPP.
2112 242 2295 298 PARS
2334 244 2420 298 IV.
2462 270 2525 282 —-
2564 244 2982 300 DOGMATICA.
3551 254 3665 309 1230

432 379 490 422 nt
528 364 913 437 prefocaretur
958 364 1093 432 :.ita
1135 372 1191 418 et
1247 378 1342 431 per
1374 363 1649 431 apostolos
1682 361 1850 418 Judaei
1910 378 2005 418 an-
2110 361 2225 415 Non
2249 363 2393 417 enim
2430 364 2696 418 insomnia
2726 374 2885 419 erant
2918 364 3069 433 regni
3102 379 3226 433 spes
3262 384 3273 419 :
3316 369 3411 422 scd
3442 382 3666 441 suspecta

429 458 801 529 gustiabantttr
859 471 964 512 non
1016 456 1323 520 credentes,
1362 464 1436 519 et
1492 455 1833 511 admirabilia
1872 457 2009 510 indi-
2113 452 2308 507 fuisset
2357 454 2695 522 praedicatio,
2750 456 2794 509 si
2849 469 3010 523 regna
3069 457 3288 524 quidem
3334 461 3666 527 praedicarent

427 558 694 619 gnantes:
730 549 974 603 videntes
1002 549 1144 603 enim
1188 550 1275 604 isti
1300 564 1368 604 ne
1392 548 1469 620 (4)
1498 549 1715 619 quidem
1767 558 2007 604 mortuos
2111 547 2371 613 cmlestia,
2396 548 2461 602 de
2508 549 2592 604 his
2631 557 2809 603 autem
2856 564 3038 606 essent
3092 553 3304 607 solliciti
3350 571 3471 620 qua:
3505 558 3553 611 in
3582 560 3669 613 hac

424 644 718 698 suscitatos
782 642 849 695 ab
906 642 1168 711 Apostolo
1223 652 1611 713 exsurgentes,
1673 658 1771 712 per
1843 644 2006 697 alium
2107 642 2217 696 vita
2251 642 2522 698 habentur
2567 660 2581 696 :
2620 645 2711 699 sed
2746 646 2930 699 statim
2983 647 3234 715 operibus
3280 650 3577 707 formantes
3601 655 3668 723 (9)

423 733 650 789 claudos
686 732 1049 798 ambulantes,
1090 748 1188 803 per
1231 732 1461 789 alterum
1494 734 1598 787 alia
1648 734 1799 802 signa
1855 749 2007 789 com-
2108 734 2441 799 suasionem,
2474 736 2710 803 undique
2750 738 2815 790 ad
2858 753 3018 791 unam
3048 742 3399 796 concordiam
3447 744 3669 798 conﬂue-

426 826 597 896 pleta,
630 835 687 881 et
708 840 807 896 per
839 826 1003 879 alium
1040 824 1254 895 linguas
1292 826 1574 881 audientes
1609 826 2008 895 plurimas;ar—
2108 826 2261 883 bant.
2294 826 2537 895 Apostoli
2571 828 2787 896 quidem
2816 843 2910 898 per
2945 830 3212 886 mirabilia
3244 833 3670 904 lirmabantprae-

424 921 556 974 mali
588 920 856 975 meatibus
881 919 1187 976 istiusmodi
1218 920 1658 991 signorum,quag
1696 922 1761 976 de
1790 936 2003 976 sursum
2107 918 2430 974 dicationem
2464 937 2477 972 :
2504 920 2786 977 credentes
2810 931 3014 988 autem,
3065 939 3129 978 ex
3155 940 3221 981 eo
3249 927 3393 994 quod
3426 928 3671 981 distrahe-

422 1012 690 1081 apostolis
714 1011 928 1066 fuerant
949 1014 1171 1077 donata,
1199 1012 1387 1067 eadem
1414 1028 1533 1081 qua:
1557 1014 1610 1067 in
1642 1022 1784 1067 terra
1816 1014 2005 1067 viden-
2105 1008 2233 1062 bant
2261 1025 2354 1062 sua
2380 1051 2395 1077 ,
2426 1025 2492 1065 ex
2537 1026 2602 1065 eo
2641 1013 2783 1081 quod
2813 1014 2995 1068 omnia
3030 1014 3228 1069 dabant
3264 1019 3579 1084 praesentia,
3610 1037 3670 1073 ex

428 1116 505 1157 tes
541 1104 830 1171 mirabilia,
881 1104 969 1173 qtti
1004 1103 1118 1157 ausi
1165 1102 1383 1157 fuerant
1426 1104 1743 1172 magistrum
1789 1101 2004 1174 adigere
2105 1116 2170 1155 eo
2211 1105 2354 1172 quod
2403 1106 2582 1159 omnia
2620 1107 2686 1159 ad
2728 1121 2891 1176 regna
2944 1108 3211 1161 caelorum
3246 1110 3668 1177 transferebant;

422 1198 595 1263 cruci,
635 1198 829 1252 incerti
861 1206 1016 1252 erant
1061 1199 1189 1266 quid
1231 1196 1476 1251 facerent
1532 1196 1812 1265 discipulis
1855 1199 1998 1265 ejus.
2105 1203 2232 1247 ante
2262 1195 2552 1250 adventum
2586 1197 2753 1265 ipsius
2783 1197 2933 1267 regni
2966 1198 3324 1254 testabantur.
3360 1201 3457 1257 His
3499 1204 3671 1273 itaque

422 1294 536 1358 Qua
566 1293 734 1362 igitur
770 1292 835 1346 de
862 1306 1047 1350 causa,
1079 1290 1177 1345 sub
1201 1289 1494 1358 prasentia
1517 1288 1732 1357 quidem
1765 1287 1999 1354 Domini,
2102 1285 2272 1355 gestis
2319 1296 2629 1356 repetamus
2685 1304 2927 1354 sensum,
2974 1300 3029 1343 et
3084 1291 3365 1347 videamus
3419 1297 3510 1364 qui
3557 1309 3671 1351 erat

418 1394 475 1437 et
505 1382 736 1454 apostoli
769 1384 1081 1437 dubitantes
1104 1381 1308 1436 fuerint
1334 1380 1625 1449 aliquoties
1649 1380 1864 1435 oblatos
1890 1379 1995 1435 sibi
2104 1387 2234 1431 tunc
2260 1379 2398 1445 apud
2430 1375 2862 1449 Hierosolymam
2900 1388 3098 1444 status,
3126 1398 3244 1452 qua:
3293 1384 3522 1450 turbela,
3557 1388 3673 1455 quis

420 1490 524 1529 non
581 1475 822 1543 potuisse
866 1487 1092 1536 curare;
1141 1480 1264 1541 post
1308 1471 1766 1527 resurrectionem
1818 1480 1998 1525 autem
2101 1468 2283 1522 fervor
2314 1469 2696 1524 insanientium
2720 1468 3028 1525 Judteorum
3058 1491 3071 1526 :
3106 1473 3374 1543 siquidem
3421 1486 3475 1531 et
3518 1478 3609 1531 filii
3643 1493 3671 1532 a

418 1579 474 1621 et
535 1568 741 1637 majora
793 1581 954 1635 quam
1020 1566 1276 1619 Dominus
1328 1564 1459 1619 fecit
1505 1564 1657 1632 signa
1714 1562 1891 1617 facere
1920 1562 1997 1631 (5)
2100 1562 2343 1628 patribus
2392 1562 2709 1617 recedentes
2772 1563 2990 1618 sibilant
3043 1566 3109 1619 ad
3163 1566 3349 1633 fidem,
3387 1577 3441 1622 et
3487 1570 3607 1623 filiae
3642 1587 3674 1625 e

419 1661 710 1730 discipuli?
741 1660 841 1714 sub
874 1660 989 1728 ejus
1006 1662 1149 1713 enim
1184 1658 1473 1728 praesentia
1500 1658 1622 1711 ideo
1650 1655 1787 1712 nihil
1818 1656 1996 1710 facere
2105 1653 2314 1723 sinibus
2346 1663 2579 1707 matrum
2616 1654 2680 1708 ad
2713 1654 2872 1709 [idem
2904 1657 3199 1710 currebant
3228 1657 3454 1721 Christi,
3483 1670 3537 1714 et
3560 1670 3671 1713 tur-

419 1762 732 1822 poluerunt,
770 1753 895 1821 quia
923 1753 1213 1822 oportebat
1237 1751 1495 1821 ampliora
1540 1751 1695 1819 signa
1726 1749 1793 1803 ad
1830 1750 1994 1804 satis~
2021 1772 2067 1827 Β
2097 1743 2215 1797 bela
2239 1753 2360 1798 erat
2385 1744 2527 1814 apud
2551 1745 2797 1801 inﬁdeles
2828 1747 3047 1816 ubique.
3091 1747 3187 1804 ille
3233 1751 3378 1805 enim
3404 1753 3674 1807 irasceba-

416 1845 707 1899 factionem
763 1842 1175 1897 resurrectionis
1226 1843 1452 1895 servari.
1508 1840 1563 1894 Si
1602 1842 1747 1894 enim
1799 1840 1993 1895 antici-
2100 1845 2186 1890 tur
2226 1835 2356 1896 ﬁliO.
2401 1836 2524 1905 quia
2586 1838 2880 1907 sapientior
2932 1841 3072 1908 patri
3123 1856 3221 1895 suo
3264 1845 3553 1913 apparuit:
3589 1847 3673 1900 illa

415 1945 606 2007 parites
633 1936 734 1989 sub
775 1935 1062 2004 prmsentia
1113 1933 1325 1989 Domini
1370 1932 1662 2000 fecissent;
1707 1948 1827 2000 quae
1868 1944 1993 2003 post
2095 1940 2274 1984 autem
2317 1929 2607 1995 abjiciebat
2660 1930 2849 1996 lilium,
2899 1932 3026 2001 quia
3078 1934 3269 1989 matris
3321 1937 3673 2020 incredulitas

415 2028 867 2084 resurrectionem
922 2024 1037 2093 eius
1083 2026 1278 2081 fecisse
1326 2025 1602 2092 videntur,
1640 2025 1914 2081 habebant
1937 2035 1993 2081 et
2095 2036 2201 2075 non
2255 2022 2631 2078 conscnliebat
2683 2023 2841 2089 ﬁdei];
2914 2034 2969 2079 et
2998 2025 3168 2081 frater
3199 2028 3511 2083 minabatur
3562 2030 3671 2084 fra-

414 2122 518 2176 ista
557 2122 838 2176 destruere
869 2118 1063 2183 iudici,
1104 2126 1363 2187 quantum
1390 2118 1455 2173 ad
1487 2119 1631 2188 ipsos
1673 2129 1729 2174 et
1761 2119 1880 2173 aliis
1925 2134 1989 2174 ea
2094 2122 2161 2167 trt
2187 2131 2200 2178 ;
2226 2114 2337 2183 jam
2389 2126 2659 2171 autemet
2687 2118 2939 2174 dominus
2995 2134 3175 2173 servo.
3209 2119 3353 2190 Ignis
3396 2122 3541 2176 enim
3590 2123 3674 2177 ille

409 2214 594 2267 valere
626 2212 1047 2281 suspicionibus.
1076 2211 1234 2266 Nunc
1258 2222 1437 2266 autem
1469 2227 1575 2266 non
1606 2222 1851 2281 possunt.
1875 2212 1991 2268 Sub
2091 2221 2251 2276 quem
2281 2209 2432 2263 misit
2453 2209 2715 2265 Dominus
2738 2210 2922 2279 Iesus,
2968 2213 3180 2283 aliquos
3223 2214 3443 2282 quidem
3476 2217 3675 2285 tetigit,

408 2306 694 2376 pmsenlia
728 2305 872 2359 enim
900 2304 1112 2358 Domini
1140 2318 1305 2358 unum
1333 2305 1630 2359 daemonem
1659 2305 1856 2375 ejicere
1880 2320 1986 2359 non
2093 2298 2305 2368 aliquos
2339 2310 2519 2354 autem
2548 2302 2817 2370 despexit,
2845 2314 2901 2359 et
2927 2304 3174 2373 implevit
3210 2306 3419 2360 turbela
3473 2309 3670 2362 civita-

408 2409 661 2469 poterant
693 2398 920 2466 apostoli
960 2415 975 2452 :
1008 2406 1127 2466 post
1160 2398 1599 2453 resurrectionen
1629 2406 1808 2452 autem
1844 2396 1985 2466 eius,
2096 2403 2223 2458 tem,
2254 2392 2429 2459 vicos,
2459 2394 2709 2465 regiones
2742 2405 2796 2452 et
2830 2396 3040 2453 domos.
3072 2397 3203 2451 Erat
3244 2408 3423 2454 autem
3466 2402 3676 2457 turbela

407 2508 516 2547 non
545 2490 717 2547 solum
736 2490 833 2555 illi,
860 2491 952 2544 sed
982 2498 1035 2543 et
1056 2490 1109 2543 hi
1135 2491 1227 2558 qui
1258 2492 1325 2544 ab
1355 2490 1460 2544 illis
1484 2490 1639 2546 istius
1662 2491 1876 2546 virtutis
1901 2508 1989 2547 se-
2088 2482 2407 2551 quibusdam
2444 2486 2661 2554 quidem
2694 2486 2763 2542 ad
2787 2488 3011 2551 bonum,
3039 2490 3365 2559 quibusdam
3397 2500 3586 2546 autem
3611 2496 3679 2548 ad

406 2599 530 2639 men
563 2592 907 2654 acceperunt,
927 2581 1168 2651 ejiciunt.
1185 2582 1243 2637 Si
1267 2583 1411 2637 enim
1436 2592 1489 2637 et
1505 2584 1668 2639 dubia
1691 2592 1987 2652 erantquae
2088 2575 2287 2643 duplex
2312 2575 2533 2631 malum.
2572 2575 2813 2632 lllienim
2851 2579 2942 2649 qui
2985 2579 3377 2648 figurabantur.
3414 2589 3471 2635 et
3488 2598 3679 2646 Perse-

402 2687 534 2733 ante
597 2676 906 2747 passionem
945 2676 1400 2745 praedicabantur,
1464 2679 1870 2749 protensionem
1906 2676 1985 2749 (6)
2085 2670 2356 2722 cntionem
2382 2669 2742 2734 sustinebant,
2768 2679 2958 2727 etcum
3004 2671 3187 2726 laztitia
3226 2675 3407 2727 omnia
3428 2675 3501 2731 ob
3523 2690 3680 2745 spem

406 2767 596 2821 habuit
629 2768 977 2823 incredulitas
1007 2765 1267 2834 majorem
1292 2776 1412 2834 post
1435 2771 1767 2837 passionem.
1802 2770 1915 2824 lncr

2173 2761 2236 2827 {ni
2268 2761 2509 2817 cmlestis
2534 2762 2911 2831 patiebantur;
2936 2764 3075 2819 mala
3105 2780 3223 2834 quae
3239 2766 3597 2834 putabantur,
3627 2769 3682 2822 iu

407 2862 717 2917 dibilissimi
744 2863 888 2919 enim
917 2861 1114 2925 Judaei,
1136 2871 1400 2930 ponentes
1436 2863 1536 2917 sibi
1574 2863 1887 2918 scandalum

2172 2853 2242 2906 iis
2284 2853 2391 2908 sibi
2430 2853 2703 2907 thesauris
2745 2853 3126 2909 recondebant.
3172 2855 3498 2926 Quicunque
3532 2858 3681 2913 enim

405 2954 521 3024 ipsa
551 2955 800 3024 passione
824 2954 1057 3017 Domini,
1086 2954 1341 3009 dicebant
1374 2972 1389 3006 :
1435 2953 1495 3009 Si
1532 2953 1710 3009 Filius
1747 2954 1843 3008 Dei
1881 2972 1914 3009 et

2179 2944 2406 2999 ebantur
2434 2944 2602 3014 legem
2646 2946 2926 3001 vindicare
2970 2945 3198 3015 Moysei,
3228 2947 3361 3016 legis
3393 2961 3686 3003 sermones

406 3047 683 3100 descendat
717 3062 854 3099 nunc
874 3047 937 3099 de
958 3062 1109 3099 cruce
1133 3047 1201 3100 ".
1238 3047 1293 3101 Si
1321 3047 1463 3101 enim
1488 3060 1594 3101 non
1619 3045 1979 3116 descenderit,
2084 3034 2401 3104 ignm'ames
2433 3038 2707 3091 εοηιτθτίθ
2750 3037 2849 3107 ’θεῖ
2882 3038 3261 3105 οβθΐδῧδηιυτ·
3296 3038 3401 3093 Per
3423 3054 3491 3094 ea
3531 3040 3683 3093 enim

409 3137 503 3191 sed
534 3145 779 3191 mortuus
808 3134 988 3198 fuerit,
1018 3135 1287 3204 inquiunt,
1313 3145 1525 3191 mortua
1564 3136 1672 3191 erit
1691 3144 1747 3191 et
1776 3138 1918 3193 virtu

2169 3144 2202 3183 Β
2231 3128 2618 3199 gloriabantur,
2633 3147 2727 3201 per
2751 3132 2862 3201 ipsa
2886 3137 3337 3204 etarguebantur.
3358 3134 3491 3187 Erat
3513 3135 3678 3205 igitur

401 3229 542 3296 Quia
578 3240 709 3298 ergo
742 3228 922 3295 passio
955 3228 1221 3297 protendit
1264 3228 1343 3298 (7)
1380 3242 1566 3282 eorum
1621 3229 1976 3285 increduliia-
2034 3276 2043 3285 ,
2081 3218 2283 3274 Judaais
2318 3222 2430 3289 ipsa
2469 3222 2674 3277 veritas
2726 3237 2850 3277 nox.
2901 3221 3296 3279 lnterfecerunt
3318 3226 3467 3280 enim
3491 3236 3552 3281 et
3588 3228 3687 3282 ob-

405 3333 539 3383 tem,
568 3319 777 3388 majora
814 3328 991 3374 autem
1026 3318 1180 3388 signa
1216 3318 1524 3375 elﬁciuntur
1550 3334 1649 3389 per
1685 3322 1981 3391 discipulos
2077 3313 2389 3384 jurgarunt,
2421 3320 2475 3367 et
2501 3312 2851 3369 descendenti
2873 3314 2939 3369 de
2967 3329 3131 3369 cruce
3157 3315 3418 3369 dixerunt
3443 3318 3524 3375 ei.
3577 3334 3688 3372 non

405 3414 472 3465 ad
507 3412 973 3467 confirmationem
1003 3414 1265 3468 adventus
1299 3413 1421 3481 eius
1447 3430 1461 3480 ;
1490 3414 1663 3484 magis
1699 3425 1878 3470 autem
1913 3439 1914 3443 η

2177 3407 2384 3462 .cendit.
2428 3407 2721 3462 Descendit
2764 3416 2945 3463 autem
2978 3407 3047 3461 ad
3089 3407 3320 3476 inferos,
3357 3419 3417 3463 et
3468 3412 3686 3480 majora

404 3505 870 3560 conﬁrmationem
938 3505 1273 3560 incredibilis
1324 3507 1785 3576 resurrectionis,
1840 3510 1984 3564 acci-
2082 3509 2169 3555 εει
2218 3508 2497 3569 οβθτθιυεο
2577 3499 2634 3554 Si
2702 3500 2850 3554 enim
2912 3500 3291 3556 descendisset
3353 3504 3425 3556 de
3493 3519 3689 3567 cruce.

407 3597 621 3665 pientes
652 3595 1077 3650 satisfactionem
1126 3610 1189 3649 ex
1242 3598 1476 3653 adventu
1515 3599 1750 3669 Spiritus
1781 3602 1980 3664 sancti,
2080 3600 2341 3661 poterant
2370 3592 2552 3646 dicere
2575 3592 2703 3661 quia
2735 3593 3034 3647 moriturus
3064 3604 3153 3647 est
3193 3594 3244 3646 in
3286 3609 3351 3647 eo
3377 3593 3525 3664 (10),
3561 3611 3687 3649 cum

408 3699 462 3743 et
498 3688 723 3758 apostoli
771 3687 979 3742 fuerant
1038 3690 1237 3750 vocati,
1292 3691 1478 3744 statim
1522 3691 1781 3759 operibus
1841 3694 1979 3761 ipsis
2083 3699 2191 3738 non
2226 3692 2370 3740 esset
2408 3694 2679 3740 mortuus.
2720 3684 2982 3741 Malitiose
3001 3687 3145 3740 enim
3181 3693 3237 3740 et
3272 3686 3529 3742 Judaicae
3574 3704 3690 3741 ma-

404 3781 762 3834 ostendebant
818 3790 1079 3849 quantum
1143 3790 1323 3849 posset
1383 3785 1671 3851 praesentia
1747 3785 1984 3854 Spiritus
2084 3776 2419 3832 chinationis
2443 3788 2564 3834 erat
2593 3779 2883 3849 suspicari,
2917 3789 2976 3832 ut
3003 3779 3167 3833 etiam
3194 3780 3308 3834 haec
3330 3778 3617 3848 fingerent
3638 3790 3691 3835 et

401 3870 607 3924 sancti.
641 3868 825 3923 Primo
845 3870 1062 3936 quidem
1087 3873 1211 3940 quia
1235 3874 1361 3925 dum
1396 3882 1580 3926 essent
1615 3872 1792 3939 multi,
1818 3891 1980 3930 unum
2084 3870 2353 3924 audirent.
2384 3867 2537 3923 Nunc
2566 3879 2748 3923 autem
2792 3868 2920 3937 quia
2966 3884 3145 3939 neque
3185 3869 3407 3924 diabolo
3467 3886 3689 3942 propo-

388 3967 560 4012 ~erant
590 3959 782 4028 spiritu
834 3968 889 4012 et
934 3960 1115 4013 anima
1156 3976 1167 4009 :
1212 3962 1344 4029 quia
1393 3978 1531 4017 unus
1569 3972 1625 4016 et
1677 3964 1817 4018 idem
1867 3975 1984 4021 erat
2085 3960 2233 4014 ﬂenti
2282 3960 2561 4027 POSSibiiia
2604 3959 2887 4024 οὶιθάίυηιν
2934 3974 3109 4030 neque
3135 3958 3251 4029 eius
3294 3961 3425 4015 (“iis
3464 3966 3574 4031 qui
3604 3978 3695 4015 V0-

399 4050 662 4117 Spiritus,
694 4050 783 4119 qui
823 4052 919 4104 has
945 4050 1264 4107 eflicientias
1307 4053 1604 4110 dividebat.
1644 4054 1796 4111 Sicut
1837 4059 1980 4112 enim
2084 4049 2290 4105 luntate
2321 4051 2441 4120 eius
2472 4051 2567 4105 ﬁlii
2625 4053 2988 4118 habebantur,
3037 4052 3267 4122 praebuit
3302 4055 3453 4123 quod
3516 4055 3693 4111 locuti

404 4140 610 4208 lapides
646 4149 701 4194 et
745 4141 943 4195 lateres
973 4141 1123 4196 multi
1171 4142 1447 4209 conjuncti
1498 4154 1553 4199 et
1596 4148 1877 4217 compositi
1928 4149 1981 4203 in
2084 4155 2232 4199 sunt.
2263 4143 2399 4198 Cum
2431 4145 2575 4200 enim
2609 4154 2794 4214 posset
2828 4146 3182 4211 descendere.
3225 4161 3333 4200 nou
3366 4147 3694 4213 descendil.

404 4228 704 4284 aediﬁcatus
737 4228 817 4300 (8)
854 4245 1020 4284 unum
1056 4240 1110 4284 et
1162 4232 1405 4287 membra
1474 4234 1631 4303 plura
1711 4248 1983 4308 praecepto
2086 4252 2155 4290 ne
2193 4237 2541 4293 intercideret
2591 4239 3013 4307 dispensationis
3066 4254 3276 4306 curam,
3318 4255 3507 4310 neque
3552 4258 3696 4312 pra:-

395 4322 727 4377 ~9dificantis
755 4323 806 4377 in
831 4338 992 4377 unam
1026 4326 1402 4396 compaginem
1439 4327 1757 4383 adunantur
1789 4348 1802 4383 :
1833 4331 1907 4385 ita
1929 4340 1985 4387 et
2086 4328 2242 4385 heret
2290 4329 2490 4385 Judaeis
2547 4340 2606 4385 ttt
2640 4331 2827 4385 iisdem
2881 4331 3130 4386 obedisse
3178 4333 3483 4387 videretur.
3548 4335 3695 4401 Quid

407 4413 636 4481 apostoli
676 4428 784 4468 uno
832 4415 1089 4481 baptizati
1129 4413 1333 4484 Spiritu
1374 4418 1766 4485 separationem
1796 4421 1980 4476 multi-
2016 4492 2037 4494 _
2089 4422 2233 4475 enim
2265 4432 2384 4476 erat
2420 4422 2689 4478 difﬁcilius
2716 4438 2748 4478 e
2790 4437 2951 4478 cruce
2991 4424 3320 4480 descendere
3345 4425 3564 4494 Deum,
3596 4439 3691 4482 aut

402 4505 613 4560 tudinis
648 4507 1034 4574 deposuerunt.
1081 4506 1482 4575 Coniunctione
1523 4520 1702 4566 autem
1756 4514 1979 4583 spiritus
2014 4492 2056 4546 θ
2084 4515 2153 4568 ab
2196 4516 2387 4571 inferis
2437 4518 2731 4573 ascendere
2778 4518 3087 4573 viventem?
3118 4518 3259 4584 Ergo
3310 4534 3421 4574 non
3455 4492 3699 4591 propter

403 4594 624 4661 arctati,
663 4610 827 4649 unum
873 4606 1030 4651 erant
1064 4612 1256 4653 omnes
1284 4608 1342 4653 et
1378 4601 1572 4669 spiritu
1609 4612 1665 4657 et
1713 4606 1896 4659 anima
1926 4613 1981 4659 et
2083 4608 2581 4676 impossibilitatem
2613 4610 2894 4665 excusatio
2920 4612 3147 4674 exstitit,
3175 4612 3269 4667 sed
3307 4624 3549 4682 propter
3579 4616 3697 4669 dis-

401 4687 764 4742 consensione
800 4697 855 4743 et
903 4691 1218 4745 concordia.
1276 4692 1344 4745 Et
1397 4707 1504 4747 non
1566 4694 1739 4750 solum
1790 4697 1846 4751 in
1897 4696 1980 4752 his
2085 4701 2461 4769 pensationem
2488 4703 2778 4772 permissio
2814 4704 2974 4757 morti
3000 4704 3118 4765 fuit,
3156 4712 3215 4757 ut
3243 4706 3457 4773 majora
3495 4718 3694 4761 osten-

405 4794 525 4845 tiuaa
552 4777 622 4833 ab
649 4780 793 4835 intus
809 4790 937 4836 sunt
964 4797 1157 4849 unum,
1185 4784 1282 4838 sed
1307 4784 1470 4838 etiam
1502 4794 1558 4840 et
1584 4787 1651 4841 ab
1680 4788 1765 4842 his
1793 4805 1913 4859 quas
1946 4806 1977 4845 a
2085 4794 2238 4849 deret
2264 4809 2427 4864 quam
2461 4795 2533 4849 illi
2580 4797 2783 4865 precati
2833 4805 2978 4852 sunt.
3042 4797 3156 4867 Ego
3205 4807 3389 4852 autem
3440 4800 3697 4856 libenter

404 4872 542 4926 i'oris
566 4882 715 4936 sunt,
748 4872 1146 4942 praedicabatur
1166 4890 1355 4930 eorum
1384 4878 1566 4931 anima
1588 4889 1641 4933 et
1663 4882 1977 4937 concordia.
2084 4896 2270 4941 mente
2321 4902 2544 4942 recurro
2594 4888 2659 4943 ad
2709 4888 2862 4955 illud,
2911 4904 3033 4943 cum
3073 4890 3249 4944 adhuc
3302 4906 3510 4949 recens
3572 4906 3697 4950 erat

402 4965 726 5035 Quicunque
745 4967 914 5031 enim,
946 4967 1144 5037 inquit,
1192 4982 1355 5039 agros
1393 4971 1671 5027 habebant
1719 4982 1814 5029 aut
1845 4974 1979 5032 alias
2085 4980 2270 5049 passio
2295 4979 2527 5044 Christi,
2559 4995 2752 5037 recens
2782 4982 2946 5036 etiam
2985 4992 3041 5037 et
3064 4980 3377 5039 Iudaeorum
3419 4989 3692 5043 audacia.

401 5072 554 5126 opes,
578 5057 688 5126 iam
716 5074 821 5115 non
868 5075 964 5114 sua
1006 5061 1266 5129 putabant
1316 5078 1438 5132 quae
1484 5064 1771 5134 aliquando
1822 5075 1978 5121 erant
2084 5069 2283 5129 Petrus
2306 5073 2451 5128 enim
2481 5073 2802 5151 loquebatur
2832 5091 2938 5129 non
2970 5090 3033 5129 ea
3058 5091 3177 5144 quae
3202 5086 3333 5131 ante
3359 5080 3695 5146 passionem

403 5164 532 5216 sua;
561 5152 654 5205 sed
685 5151 738 5205 in
770 5165 1060 5206 commune
1083 5152 1446 5221 proferentcs,
1473 5165 1529 5209 et
1559 5156 1692 5224 ipsis
1720 5157 1976 5226 operibus
2088 5164 2327 5230 dicebat,
2366 5174 2422 5219 et
2456 5166 2685 5233 apostoli
2719 5169 3084 5232 testabantur,
3114 5179 3169 5223 et
3189 5167 3695 5233 Judaei-dolebant,

403 5256 552 5309 spent
604 5242 1010 5306 conﬁrmantes,
1070 5244 1443 5301 distrahebant
1483 5261 1665 5317 agros,
1700 5251 1979 5305 venunda—
2087 5254 2286 5323 etiam
2338 5271 2445 5312 non
2496 5257 2767 5312 habebant
2818 5259 2907 5313 cui
2956 5268 3250 5329 erogarent
3298 5263 3596 5330 pecunias,
3638 5272 3697 5315 ut

404 5334 533 5389 bant
582 5349 731 5403 opes,
787 5336 1162 5390 distrahebant
1204 5338 1384 5393 omnia
1430 5352 1551 5409 quae
1607 5340 1976 5409 possidebant.
2093 5348 2424 5401 resurrectio
2447 5348 2860 5403 occultaretur:
2898 5348 3096 5406 milites
3123 5352 3268 5406 enim
3300 5355 3693 5410 custodientes

475 5430 520 5461 ⁸⁷
553 5430 741 5485 Matth.
782 5447 952 5495 xxv",
990 5431 1081 5485 40.

581 5520 683 5598 Ife.
719 5519 879 5598 Forte
899 5540 1082 5598 nunc.‘
2155 5533 2231 5591 (8i
2266 5531 2386 5593 Ms.,
2407 5532 2667 5598 aediﬁciis.

587 5591 804 5671 (iacere.
839 5592 1020 5661 Forte,
1055 5595 1247 5665 fecere.
2152 5600 2227 5666 (9)
2261 5591 2383 5662 Ms..
2412 5591 2700 5671 ﬁrmantes.

469 5661 550 5800 ig)
588 5661 885 5716 Ἐπίτασιν.
1056 5661 1064 5665 ⁷
2151 5661 2260 5743 (l0)
2292 5661 2392 5726 Eoi.
2412 5661 2590 5728 'Forte
2617 5692 2698 5730 ea.

507 5739 550 5797 ι)
595 5731 899 5786 Ἐπιτείνει.

458 5764 550 5810 t‘l/
612 5764 899 5786 μηδιιινιιι
