3822 6218
166 344 304 402 12³01

1487 340 1575 394 DE
1614 338 1955 396 OPERIBUS
1995 336 2215 394 BONlSr.

3282 344 3421 399 1202

165 467 499 529 acceperant
533 459 658 526 ista,
694 459 834 514 sicut
874 467 927 513 et
973 453 1214 529 proditor
1261 459 1448 516 Judas.
1484 459 1744 516 Sciebant
1771 464 1823 526 Α
1849 463 2105 519 cedonas.
2137 458 2277 526 Quae
2310 469 2491 514 autem
2520 462 2798 529 pronatio?
2830 462 2953 532 quia
3010 462 3249 518 tribulati
3299 479 3405 518 non

162 553 317 610 enim
358 549 527 606 Judaei
548 552 835 606 adversum
861 566 920 606 se
954 551 1145 621 duplas
1179 553 1307 607 dare
1336 553 1609 622 pecunias.
1639 553 1740 608 De-

160 644 367 699 derunt
394 649 449 696 et
470 642 556 696 ad-
568 642 868 711 negandam
897 642 1312 699 resurrectionis
1338 643 1494 699 fidem
1522 661 1536 699 :
1564 644 1742 699 sciunt

161 736 367 807 quippe
394 743 448 791 et
482 736 615 790 dare
662 734 826 799 male,
862 744 916 789 et
944 736 1196 804 accipere
1229 751 1334 791 non
1365 738 1524 793 bene.
1558 736 1741 805 Siqui-

162 829 289 884 dem
322 836 378 883 et
409 826 608 896 Joseph
662 826 1028 882 distrahentes
1069 838 1396 899 acceperunt
1440 843 1546 883 non
1580 827 1738 895 bene,

158 930 221 976 et
272 920 557 975 Dominum
604 934 766 975 causa
804 920 1127 990 proditionis
1180 908 1448 987 emerunt,
1481 931 1539 977 et
1574 924 1742 977 abue-

158 1015 381 1081 gatione
430 1012 850 1067 resurrectionis
903 1014 1191 1068 adversum
1231 1026 1291 1067 se
1334 1022 1736 1082 compararunt.

154 1100 221 1158 ln
252 1104 392 1159 mala
423 1106 565 1159 enim
596 1104 917 1159 mercatoria
939 1106 1205 1169 meditati,
1240 1107 1598 1176 perditionem
1635 1106 1741 1162 sibi

158 1207 526 1266 procurarunt
554 1207 890 1266 perpetuam.
921 1198 1027 1253 Sed
1053 1200 1120 1253 ad
1145 1197 1339 1255 Judam
1387 1201 1605 1270 quidem
1653 1201 1742 1255 fu-

161 1303 282 1343 rem
321 1289 429 1344 vim
486 1289 758 1344 habebant
808 1289 1083 1360 pecuniae;
1140 1291 1207 1345 ad
1259 1305 1382 1345 eum
1437 1300 1612 1346 autem
1646 1292 1739 1359 qui

159 1382 394 1445 dicebat,
441 1380 681 1437 Pecunia
724 1390 779 1437 et
824 1396 1014 1435 aurum
1059 1396 1167 1436 non
1215 1390 1301 1437 est
1348 1382 1501 1447 mihi,
1537 1382 1737 1437 nullam

162 1472 402 1528 habebat
439 1473 643 1527 malitia
690 1472 970 1540 virtutem,
1026 1475 1123 1528 sed
1183 1475 1614 1544 angustabantur
1644 1490 1734 1530 sa-

159 1564 415 1618 cerdotes
434 1564 756 1633 et-populus,
784 1570 838 1617 et
862 1562 1071 1618 turbela
1096 1571 1217 1618 erat
1237 1563 1521 1619 bonorum.
1552 1563 1739 1635 Neque

160 1655 307 1709 enim
336 1669 497 1723 quem
537 1654 1060 1722 comprehenderunt
1082 1656 1194 1723 jam
1224 1656 1524 1723 habebant,
1559 1671 1739 1727 neque

156 1762 321 1817 quem
341 1747 689 1801 detinuerunt
707 1763 720 1799 :
740 1746 976 1815 undique
1007 1748 1152 1803 enim
1178 1748 1402 1822 spiritus
1431 1749 1737 1803 scaturiens

1843 563 2129 615 cesserunt
2164 552 2442 608 cbaritati.
2486 552 2589 619 Qui
2640 553 2785 607 enim
2833 568 2940 608 non
2996 555 3339 622 tribulatur,-
3369 558 3416 612 si

1844 648 2359 709 subministraverit,
2410 644 2605 700 similis
2642 657 2728 701 est
2756 645 2832 700 illi
2875 647 2969 715 qui
3006 648 3132 703 dum
3183 649 3418 704 mandu-

1842 751 1953 807 cat,
1984 755 2047 795 ea
2078 753 2199 809 quae
2239 738 2577 807 superaverit
2621 737 2803 793 donat.
2854 739 2956 807 Qui
3008 750 3187 795 autem
3243 741 3420 797 adhuc

1842 831 2012 890 esurit
2067 836 2123 884 et
2174 828 2499 899 compatitnr
2534 842 2581 883 e-
2616 842 2756 897 pane
2799 843 2919 895 suo,
2970 828 3060 885 ille
3102 838 3186 885 est
3232 830 3418 884 fratris

1843 932 2050 979 amator
2081 940 2095 976 :
2119 920 2382 990 siquidem
2406 928 2461 975 et
2489 919 2590 975 sub
2621 920 2847 976 Domino
2867 919 3021 989 Iesu,
3048 936 3171 977 cum
3197 923 3415 992 quidam

1844 1019 2128 1072 mitterent
2160 1014 2324 1069 multa
2366 1013 2420 1067 in
2466 1014 2667 1084 templo
2710 1029 2779 1070 ex
2825 1014 2909 1070 his
2944 1030 3065 1085 quae
3116 1016 3414 1080 habebant,

1844 1109 2002 1164 vidua
2041 1108 2146 1162 duo
2180 1107 2401 1162 mittens
2438 1105 2647 1160 minuta
2681 1120 2872 1161 omnes
2912 1108 3190 1177 superavit
3224 1106 3277 1162 in
3316 1108 3414 1163 do-

1842 1202 1948 1257 nis.
1983 1201 2048 1255 Et
2075 1207 2224 1255 certe
2258 1198 2384 1268 quid
2407 1206 2562 1253 erant
2592 1198 2680 1252 illa
2718 1199 2824 1254 duo
2852 1200 3057 1254 minuta
3099 1214 3221 1269 qua:
3252 1199 3414 1253 vidua

1843 1292 2033 1347 misit?
2061 1290 2331 1357 Quantum
2362 1288 2428 1342 ad
2456 1302 2569 1343 rem
2599 1288 2816 1359 quidem
2849 1292 2983 1346 satis
3012 1306 3179 1362 parva
3207 1310 3220 1345 :
3251 1305 3423 1360 quan-

1843 1395 1955 1439 tum
1993 1383 2057 1438 ad
2090 1382 2423 1436 alacritatem
2464 1388 2646 1435 autem
2688 1380 2843 1437 valde
2872 1398 3085 1453 magna.
3116 1384 3236 1438 Non
3268 1383 3419 1437 enim

1841 1476 1907 1530 ad
1948 1476 2001 1529 id
2062 1473 2332 1543 inspicere
2380 1472 2640 1527 debemus
2684 1474 2831 1543 quod
2879 1474 3064 1528 datum
3097 1484 3201 1540 est,
3239 1477 3331 1532 sed
3368 1478 3416 1533 si

1842 1567 1970 1637 quid
1997 1567 2174 1622 eidem
2220 1565 2535 1621 derelictum
2577 1574 2678 1620 est.
2724 1565 2792 1621 Et
2821 1564 2901 1619 ita
2942 1567 3275 1623 admirabilis
3327 1568 3418 1624 ille

1842 1660 1930 1728 qui
1962 1666 2204 1727 superat.
2231 1656 2349 1711 Non
2373 1656 2571 1726 quippe
2592 1657 2942 1725 quaerendum
2966 1666 3049 1711 est
3073 1659 3117 1713 si
3144 1658 3414 1715 modicum

1842 1759 1923 1805 est
1952 1751 2093 1820 quod
2123 1764 2153 1802 a
2192 1749 2353 1803 vidua
2382 1751 2563 1809 datur.
2595 1748 2690 1803 sed
2721 1749 2764 1802 si
2812 1750 3017 1818 aliquid
3056 1751 3105 1806 ei
3166 1752 3413 1806 relictum

157 1837 477 1892 fonticabat.
512 1836 577 1890 Et
601 1835 794 1891 Petrus
819 1837 1037 1906 quidem
1057 1837 1219 1893 istinc
1252 1838 1471 1892 aliunde
1495 1839 1656 1903 alius,
1682 1850 1736 1895 et
1768 1838 1811 1893 Β
1841 1850 1942 1895 est.
1986 1839 2044 1893 Si
2073 1839 2217 1894 enim
2251 1837 2392 1893 facta
2423 1838 2593 1892 fuerit
2617 1840 2955 1907 comparatio
2983 1841 3050 1894 de
3076 1840 3154 1894 eis
3176 1855 3295 1909 qua:
3323 1856 3413 1894 re-

158 1931 302 1986 alter
331 1945 399 1985 ex
425 1928 513 1983 illa
542 1936 718 1998 parte,
743 1938 793 1984 et
838 1930 928 1997 qui
957 1932 1184 1984 necdum
1224 1930 1529 1985 crediderat
1555 1931 1735 1987 initia-

157 2024 254 2077 hat
279 2022 539 2078 clamare.
572 2023 641 2078 Et
660 2022 801 2077 illius
824 2021 1039 2093 quidem
1062 2020 1224 2086 ﬁlius,
1256 2020 1475 2076 alterius
1500 2022 1630 2085 lilia,
1662 2022 1738 2075 al~

158 2114 333 2171 terius
371 2115 605 2184 eonjux;
648 2124 697 2169 et
726 2113 870 2169 illius
903 2114 1095 2168 domus
1122 2113 1236 2182 ipse
1265 2112 1654 2180 paterfamilias
1684 2122 1739 2168 et

157 2220 353 2262 servus
422 2217 475 2261 et
516 2205 717 2260 famula
775 2205 925 2277 (il);
966 2205 1203 2274 undique
1242 2203 1474 2273 Spiritus
1525 2204 1737 2259 fructus

156 2298 493 2353 scaturiebat
545 2314 696 2356 suus.
755 2298 872 2353 Non
931 2307 1142 2352 tantum
1194 2297 1337 2352 enim
1390 2298 1740 2367 permittebat

155 2389 361 2446 Iudaeis
396 2391 687 2455 visionem,
716 2400 981 2461 quantum
1018 2389 1378 2459 perditionem
1419 2404 1733 2458 agnoscere.

155 2479 288 2537 Haec
312 2496 433 2536 cum
481 2483 555 2536 ita
602 2482 794 2537 fierent
842 2484 982 2551 apud
1020 2482 1295 2547 Judaeam;
1337 2489 1555 2551 oportet
1591 2482 1735 2537 enim

154 2574 445 2630 ostendere
474 2588 574 2629 nos
611 2574 755 2628 unde
782 2575 849 2629 ad
888 2574 988 2630 hos
1017 2589 1204 2629 sumus
1240 2574 1491 2629 conversi
1524 2589 1736 2630 sermo-

157 2680 289 2734 nes;
332 2667 443 2737 jam
493 2682 601 2723 non
647 2676 766 2722 erat
806 2667 1064 2736 possibile
1112 2667 1196 2722 bis
1244 2668 1336 2738 qui
1392 2668 1736 2724 crediderant

156 2757 403 2821 Christo,
466 2758 607 2828 apud
658 2757 898 2814 Judaeam
952 2759 1099 2828 pasci
1133 2781 1144 2814 :
1177 2759 1441 2828 siquidem
1496 2758 1542 2814 si
1592 2768 1737 2815 esset

156 2850 283 2919 quis
311 2850 474 2915 filius,
504 2849 829 2916 ejiciebatur
868 2864 900 2905 e
944 2851 1106 2906 domo
1156 2852 1283 2921 quia
1328 2851 1503 2906 factus
1560 2851 1738 2907 fuerat

156 2941 337 2997 ﬁdelis
376 2944 464 2998 :si
489 2943 681 3007 frater,
725 2958 834 2998 non
887 2944 1122 3000 habebat
1165 2947 1468 3014 portionem
1503 2944 1735 3000 haeredi-

159 3034 317 3099 tatis,
374 3034 498 3104 quia
548 3034 661 3103 jam
709 3036 946 3091 habebat
995 3047 1206 3106 partem
1251 3037 1402 3107 regni
1448 3038 1733 3092 caelestis:

151 3133 212 3179 et
278 3124 403 3180 filia:
456 3125 885 3190 abdicabantur,
940 3136 996 3182 et
1060 3126 1203 3181 servi
1270 3128 1731 3194 emendabantur,

151 3216 487 3273 sustinentes

152 3316 467 3375 agerentur,
502 3318 557 3363 et
578 3307 691 3377 jam
720 3323 827 3362 non
868 3306 1180 3364 suli‘tcerent
1216 3308 1402 3365 fideles
1448 3310 1589 3379 apud
1629 3309 1727 3365 Ju-

152 3400 326 3453 daeam
377 3413 603 3468 pascere
653 3398 1056 3455 multitudinem
1104 3400 1441 3455 credentium
1475 3400 1725 3465 Christo;

151 3488 381 3559 apostoli
413 3489 769 3560 praedicantes
790 3492 1033 3561 gentium
1063 3491 1512 3562 complacuerunt
1536 3500 1592 3547 et
1625 3493 1732 3549 hoc

155 3582 363 3636 donare
396 3582 644 3638 fidelibus
660 3583 753 3653 qui
783 3584 835 3638 in
857 3582 1112 3654 gentibus
1141 3584 1508 3651 habebantur,
1536 3594 1596 3641 ut
1619 3586 1729 3641 col-

154 3673 386 3745 ligerent
420 3676 683 3744 quasdam
718 3676 972 3745 pecunias
998 3684 1054 3731 et
1095 3690 1245 3745 opes,
1269 3685 1324 3732 et
1349 3677 1628 3732 mitterent
1661 3680 1729 3733 ad

146 3765 392 3821 Iudaeam
440 3766 793 3822 credentibus
823 3767 1042 3823 Christo
1073 3786 1088 3824 :
1119 3778 1179 3824 ut
1212 3783 1305 3824 eos
1345 3784 1482 3839 quos
1506 3770 1728 3825 abdica-

148 3867 346 3913 verant
378 3867 633 3927 parentes
664 3858 734 3914 ob
757 3858 940 3925 fidem,
977 3875 1072 3915 eos
1108 3871 1396 3930 pascerent
1422 3871 1608 3931 gentes
1634 3877 1733 3918 ne-

145 3948 397 4007 cessaria
413 3949 771 4008 destinantes.
797 3951 864 4005 Et
890 3950 1218 4024 colligebant
1251 3954 1513 4024 pecunias
1537 3954 1631 4026 qui
1658 3970 1730 4010 ex

146 4043 402 4112 gentibus
426 4043 496 4098 ob
523 4042 813 4097 alimonias
842 4043 1051 4099 scilicet
1086 4055 1403 4101 sanctorum
1451 4047 1548 4116 qui
1584 4046 1728 4117 apud

144 4132 581 4205 Hierosolymam
606 4134 981 4190 morabantur.
1025 4135 1096 4191 Et
1130 4137 1234 4192 ista
1277 4152 1423 4192 nunc
1468 4153 1593 4207 pars
1645 4146 1730 4193 est

142 4240 270 4295 quae
316 4227 475 4281 hodie
527 4225 665 4281 lecta
712 4227 767 4282 in
816 4225 1060 4296 Epistola
1105 4227 1283 4294 Pauli,
1326 4230 1582 4285 videtur:
1616 4245 1726 4284 non

141 4317 303 4373 valde
357 4333 485 4373 cara
548 4318 706 4389 (12),
768 4320 911 4374 sicut
993 4320 1138 4393 facta
1213 4330 1342 4377 sunt
1406 4338 1526 4392 quae
1601 4331 1728 4379 ante

139 4410 433 4479 pradicata
482 4421 628 4464 sunt.
684 4410 1078 4480 Evangelizans
1105 4411 1270 4481 igitur
1298 4413 1591 4483 Apostolus
1621 4414 1726 4471 Co-

139 4504 377 4560 :inthios
434 4520 530 4573 per
595 4504 823 4559 aliorum
899 4503 1352 4569 sollicitudinem,
1412 4518 1613 4574 eosque
1658 4506 1725 4560 ad

139 4591 379 4647 similem
433 4591 792 4646 imitationem
841 4591 1160 4660 adhortans,
1223 4601 1281 4646 ut
1326 4592 1579 4648 alacriter
1615 4596 1723 4650 im-

137 4686 414 4753 pertirent
486 4684 738 4740 fidelibus
814 4685 905 4754 qui
977 4686 1119 4754 apud
1198 4682 1443 4741 Judteam
1526 4697 1720 4757 erant,

137 4776 344 4846 quique
414 4776 648 4831 abdicati
714 4791 763 4831 at
812 4777 927 4831 suis
990 4777 1315 4832 necessariis
1385 4777 1721 4850 indigebant,

136 4883 244 4923 nec
294 4867 430 4923 ullas
480 4868 882 4938 promissiones
924 4867 1178 4924 Judaicas
1223 4880 1317 4925 aut
1373 4870 1722 4930 haereditates

135 4958 415 5015 habebant
451 4977 465 5013 :
505 4958 625 5013 ideo
657 4959 907 5014 scribens
936 4959 1005 5014 ad
1040 4974 1139 5014 eos
1177 4959 1377 5015 Paulus
1412 4961 1485 5014 ita
1532 4962 1661 5018 dicit
1698 4981 1714 5018 :

135 5051 342 5106 Notam
367 5062 543 5105 autem
576 5051 718 5105 vobis
757 5052 918 5122 facio,
953 5052 1168 5121 fratres,
1201 5054 1430 5121 gratiam
1465 5052 1564 5108 Dei
1602 5070 1719 5125 quin

132 5147 266 5198 data
292 5154 372 5198 est
399 5146 455 5197 in
487 5143 739 5198 Ecclesiis
772 5143 1123 5210 Macedoniae,
1166 5144 1293 5215 quia
1334 5145 1390 5198 in
1423 5145 1587 5199 multo
1627 5161 1719 5202 ex-

130 5239 426 5305 perimento
456 5236 810 5289 tribulationis
839 5236 1168 5291 abundantia
1201 5237 1384 5308 gaudii
1427 5253 1632 5304 eorum,
1666 5245 1719 5291 et

130 5328 403 5381 altissima
424 5338 707 5398 paupertas
740 5343 923 5381 eorum
955 5327 1240 5383 abundavit
1271 5330 1325 5382 in
1352 5328 1565 5383 diuitias
1590 5330 1718 5383 sim.-

130 5418 387 5489 plicitatis
420 5436 602 5475 eorum
628 5420 696 5479 ⁸⁸.
732 5420 989 5478 Scribens
1029 5421 1323 5477 Corinthiis
1362 5422 1555 5490 probat
1600 5420 1714 5476 Ma-

205 5559 256 5592 “
277 5558 318 5612 ll
343 5559 470 5615 Cor.
506 5575 624 5626 Vill,
649 5562 760 5629 1,2.
838 5562 885 5594 δν
912 5561 1041 5619 ibid.
1070 5562 1123 5616 2.
1200 5563 1245 5595 ⁸ο
1272 5561 1402 5618 ibid.
1480 5563 1523 5595 δ’
1550 5562 1677 5620 ibid.
1706 5563 1758 5620 4.

205 5701 255 5772 (1
272 5700 320 5753 li
349 5700 472 5772 δίδη
509 5704 735 5772 familia.

208 5771 324 5841 (Β)
355 5771 515 5828 Cara.
553 5773 733 5839 Forte,
768 5777 934 5830 clara.

1845 1933 1971 1988 ricta
1997 1941 2145 1999 sunt,
2185 1931 2431 1988 invenies
2478 1930 2671 1986 divites
2716 1932 2935 2001 quidem
2986 1933 3119 1986 nihil
3161 1934 3411 1999 dedisse;

1840 2026 1996 2091 plura
2031 2029 2177 2081 enim
2220 2035 2346 2081 sunt
2372 2039 2494 2095 (tuae
2528 2024 2718 2079 relicta
2749 2032 2877 2079 sunt
2922 2025 3031 2089 eis;
3070 2026 3287 2079 viduam
3319 2042 3416 2081 au-

1842 2128 1949 2173 tem
2007 2127 2177 2173 totam
2236 2118 2558 2172 substantiae
2608 2116 2922 2173 facultatem
2979 2118 3213 2175 dedisse.
3274 2120 3416 2189 Ergo

1840 2210 1976 2265 nihil
2014 2212 2187 2283 magis
2221 2219 2324 2275 est,
2358 2213 2401 2266 si
2437 2211 2560 2281 quis
2587 2212 2794 2266 habens
2827 2212 2989 2266 donat
3021 2229 3038 2269 :
3076 2214 3168 2268 sed
3201 2213 3244 2268 si
3291 2214 3440 2282 quis.

1840 2320 1947 2358 non
1995 2304 2180 2370 habet,
2221 2312 2378 2371 urget
2429 2303 2753 2359 charitatem
2800 2312 2860 2358 ut
2909 2304 3091 2358 faciat.
3134 2304 3209 2358 ita
3237 2316 3293 2360 et
3323 2304 3439 2359 illa.

1837 2397 2020 2461 vidua,
2065 2409 2185 2463 quae
2216 2393 2454 2462 suscepit
2486 2393 2654 2447 Eliam
2683 2392 2935 2447 infamem
2977 2394 3115 2465 (l5),
3152 2410 3181 2447 a
3214 2394 3431 2464 pugilio~

1840 2491 2057 2563 pollinis
2088 2490 2360 2559 primitias
2395 2489 2628 2543 olferens
2665 2490 2963 2557 prephetae,
3005 2498 3061 2544 et
3106 2490 3222 2560 ipsa
3261 2501 3413 2560 pasta

1838 2592 1918 2637 est
1947 2591 1999 2637 et
2030 2580 2149 2652 plus
2177 2572 2389 2634 ceteris
2416 2579 2621 2634 habuit.
2648 2580 2723 2633 Ita
2758 2588 2813 2634 et
2846 2578 3191 2645 Macedones,
3224 2581 3317 2649 qui
3353 2580 3408 2634 in

1838 2672 2005 2728 multo
2048 2673 2417 2739 experimento
2454 2670 2817 2725 tribulationis
2849 2670 3015 2741 :quia
3057 2671 3205 2726 enim
3241 2671 3412 2727 multa

1838 2772 1956 2819 erat
1977 2764 2115 2833 apud
2143 2763 2261 2818 illos
2283 2762 2561 2817 tribulatio
2593 2762 2894 2817 inediarum
2919 2780 2933 2829 ;
2959 2762 3244 2816 incurrunt
3263 2763 3409 2816 enim

1837 2868 2225 2923 nonnunquam
2273 2853 2405 2907 tales
2444 2852 2755 2906 hominibus
2794 2850 3205 2915 tribulationes;
3255 2850 3411 2905 altis-

1836 2948 1973 3002 sima
1995 2946 2270 3001 tribulatio
2302 2959 2569 3000 summam
2602 2943 2923 2999 charitatem
2956 2943 3193 2998 ostendit
3221 2963 3235 2998 ε
3282 2945 3411 3011 quia

1836 3038 1894 3091 in
1922 3035 2086 3090 multo
2111 3035 2491 3104 experimento,
2518 3034 2721 3103 inquit,
2750 3033 3112 3088 tribulationis
3133 3033 3412 3087 abundan-

1839 3130 1913 3182 tia
1930 3128 2113 3198 gaudii
2132 3143 2312 3182 eorum
2330 3127 2399 3180 ‘9.
2439 3125 2713 3193 Quantum
2747 3125 2897 3182 enim
2917 3126 2988 3181 ad
3023 3140 3155 3195 opes
3178 3134 3411 3194 spectat,
3434 3176 3437 3179 γ

564 3230 755 3286 ptenas
815 3217 942 3287 quia
1008 3217 1215 3273 fideles.
1278 3217 1403 3274 Haec
1463 3233 1583 3274 cum
1651 3220 1728 3274 ita
1757 3214 1801 3273 α
1840 3218 2117 3274 tribulatio
2147 3229 2267 3273 erat
2287 3220 2367 3275 eis
2403 3237 2417 3272 :
2448 3228 2711 3289 quantum
2742 3228 2920 3273 autem
2962 3218 3030 3272 ad
3058 3218 3410 3281 cbarilatem,
3440 3276 3443 3281 η

1832 3314 2108 3384 gaudium.
2144 3312 2283 3367 Dare
2324 3314 2469 3369 enim
2499 3329 2567 3368 ex
2598 3314 2682 3368 his
2712 3329 2831 3384 quae
2859 3314 2974 3382 ipse
3004 3327 3110 3367 non
3141 3312 3323 3376 habet,
3355 3324 3410 3365 et

1832 3422 1954 3461 cum
1978 3408 2173 3478 gaudio
2197 3409 2348 3475 dare,
2376 3410 2491 3463 haec
2528 3417 2611 3463 est
2632 3424 2844 3463 summa
2882 3408 3175 3463 credulitas
3202 3408 3269 3463 de
3293 3421 3407 3464 cm-

1832 3496 2062 3553 lestibus
2097 3497 2303 3568 regnis.
2353 3499 2589 3568 Cupiens
2617 3514 2747 3570 ergo
2783 3500 3070 3554 ostendere
3117 3498 3421 3568 Apostolus.

1831 3596 2035 3657 quanta
2081 3588 2161 3644 eis
2200 3597 2319 3643 erat
2366 3590 2654 3660 angustia,
2706 3598 2761 3643 et
2805 3600 3066 3660 quantum
3102 3588 3409 3659 gaudebant

1832 3680 2023 3736 dantes
2072 3695 2139 3735 ex
2173 3694 2239 3736 eo
2266 3680 2408 3749 quod
2459 3696 2566 3736 non
2595 3679 2906 3745 habebant;
2960 3681 3015 3734 in
3062 3681 3231 3734 multo
3274 3680 3408 3734 dicit

1831 3773 2201 3843 experimento
2231 3773 2598 3828 tribulationis
2628 3773 2960 3833 abundantia
2985 3773 3167 3843 gaudii
3190 3787 3402 3834 eorum.

1833 3874 1889 3920 et
1916 3864 2179 3920 altissima
2228 3874 2521 3935 paupertas
2547 3879 2765 3920 eorum.
2802 3864 3080 3920 Altissima
3114 3875 3406 3934 paupertas

1833 3958 2093 4012 radicitus
2123 3972 2218 4012 eos
2250 3957 2382 4011 nihil
2406 3957 2609 4013 habere
2634 3957 2926 4025 signiﬁcat.
2972 3957 3293 4021 Abundatn't,
3319 3958 3405 4010 in—

1834 4051 1973 4120 quit,
2005 4051 2059 4103 in
2087 4050 2285 4105 diuitiis
2321 4051 2682 4120 simplicitatis
2728 4067 2929 4105 eorum.
2957 4050 3124 4105 Multa
3162 4050 3408 4120 probatio

1834 4141 2196 4198 tribulationis
2226 4159 2240 4196 :
2272 4144 2367 4198 sed
2416 4144 2699 4198 abundans
2721 4183 2736 4207 ,
2778 4143 2974 4213 inquit,
3005 4144 3261 4213 gaudium
3312 4157 3407 4198 eo-
3512 4158 3515 4161 λ

1833 4243 2044 4299 rum,et
2073 4233 2336 4289 altissima
2372 4244 2663 4305 paupertas
2693 4249 2882 4289 eorum
2916 4253 2930 4289 :
2964 4244 3020 4289 et
3050 4234 3406 4296 abundantia,

1832 4326 2006 4396 inquit
2026 4366 2043 4390 ,
2079 4327 2393 4381 divitiarum
2426 4327 2793 4397 simplicitatis
2823 4341 3031 4383 eorum.
3056 4326 3138 4380 Ab
3165 4328 3408 4381 adversis

1831 4419 2038 4489 accepit
2083 4420 2561 4487 comparationem,
2609 4418 2902 4474 ostendens
2930 4418 3053 4487 quia
3088 4418 3252 4471 multa
3285 4418 3408 4485 qui-

1831 4509 1952 4565 dem
1981 4509 2263 4566 tribulatio
2286 4519 2407 4567 erat
2435 4511 2579 4580 apud
2618 4525 2716 4565 eos
2746 4509 3069 4571 inediarum,
3111 4523 3217 4561 non
3256 4517 3405 4561 tanta

1830 4612 2008 4657 autem
2041 4612 2305 4671 quantum
2355 4611 2411 4659 et
2456 4601 2733 4673 gaudium.
2784 4600 2852 4654 Et
2894 4598 3157 4653 altissima
3186 4599 3407 4668 quidem

1828 4706 2154 4765 paupertas,
2203 4696 2298 4751 sed
2325 4696 2526 4751 divitia:
2552 4692 2939 4762 simplicitatis,
2967 4692 3095 4758 quia
3117 4690 3429 4745 secundum.

1830 4788 2075 4842 virtutem
2106 4787 2472 4842 testimonium
2497 4785 2764 4855 perhibes,
2792 4792 2843 4837 et
2873 4799 3030 4851 super
3052 4783 3183 4837 vires
3206 4783 3275 4836 δ’.
3297 4783 3408 4836 Hot:

1829 4881 1976 4935 enim
2024 4889 2146 4945 est,
2195 4888 2250 4935 et
2274 4878 2626 4933 tribulatione
2664 4876 2953 4932 voluntarii
3002 4875 3265 4929 fuerunt:
3303 4889 3429 4927 non.

1826 4972 1937 5026 vim
1982 4971 2172 5040 passi,
2208 4970 2301 5024 sed
2330 4983 2453 5023 cum
2498 4967 2665 5023 multa
2697 4966 3086 5021 exhortatione
3113 4966 3427 5019 obsecraIt-k

1827 5071 1931 5118 tes.
1962 5060 2079 5116 Non
2116 5061 2288 5116 solum
2321 5059 2475 5114 enim.
2511 5074 2543 5113 a
2594 5058 2754 5113 nobis
2788 5072 2895 5113 non
2922 5065 3050 5112 sunt
3095 5054 3365 5110 obsecrati
3391 5092 3408 5116 ,

1827 5155 1922 5209 sed
1952 5162 2008 5209 et
2038 5154 2139 5223 ipsi
2164 5156 2546 5208 obsecrarunt.
2588 5151 2694 5205 Sed
2725 5166 2846 5202 cum
2875 5150 3066 5213 multa,
3089 5147 3285 5216 inquit,
3317 5161 3410 5198 ex-

1826 5244 2122 5298 hortatione
2173 5243 2503 5297 obsecrantes
2551 5251 2798 5311 rogantes
2829 5258 2922 5295 nos
2945 5240 3012 5294 ἰ.
3068 5238 3205 5304 Quia
3260 5236 3407 5290 enim

1825 5351 1950 5390 cum
2002 5335 2167 5389 multa
2210 5335 2589 5389 obsecratione
2622 5334 2828 5387 dictum
2854 5331 3127 5399 ,dubium
3180 5328 3407 5382 videba-

1828 5438 1936 5493 tur,
1973 5435 2155 5481 utrum
2187 5425 2505 5481 Macedones
2537 5433 2821 5495 rogassent
2855 5422 3133 5493 apostolos
3159 5418 3417 5489 suscipi-

1903 5704 2013 5775 (l5)
2044 5703 2327 5774 Infantem.
2361 5703 2542 5772 Forte,
2577 5706 2627 5759 in
2657 5704 2815 5773 fame.
