3822 6218
367 316 505 373 ηοξ

1037 313 1302 370 EUSEBII
1344 312 1815 371 CESARIENSIS
1855 312 2004 370 OPP.
2046 312 2227 370 PARS
2266 312 2357 369 IV.
2397 343 2467 353 —
2506 311 2924 369 DOGMATICA.

3490 316 3626 375 1204

363 450 427 492 re
454 435 522 489 ab
551 432 681 504 ipsis
715 443 834 503 quae
855 429 1178 497 oderebant,
1214 439 1307 485 aut
1340 430 1566 502 apostoli
1593 430 1942 493 Macedonas,
1981 433 2029 493 Α
2057 432 2415 497 manducaus,
2436 430 2719 486 nobiscum
2737 431 3031 486 dormiens.
3051 430 3127 487 Ex
3169 433 3325 489 nobis
3354 445 3625 506 sputatus,

362 536 425 583 ut
445 540 566 582 sese
587 522 887 595 ponderent
916 523 985 577 ad
1018 523 1277 589 dandum,
1295 523 1415 578 ideo
1432 522 1591 578 dicit:
1619 522 1753 576 Cum
1775 521 1942 575 multa

362 617 731 675 exhortatione
775 615 1106 670 obsecrantes
1132 631 1247 679 nos,
1295 615 1572 683 offerentes
1598 613 1853 684 gaudium
1893 621 1942 665 et

362 707 787 763 communionem
839 706 1118 760 ministerii
1150 706 1289 775 quod
1320 705 1379 774 ﬁt
1429 706 1484 758 in
1530 715 1762 759 sanctos.
1825 702 1942 757 Non

362 800 507 853 enim
532 799 708 869 rogari
735 798 860 867 quis
890 797 1049 853 debet
1080 800 1147 851 ad
1182 796 1642 860 misericordiam,
1666 796 1759 851 sed
1787 810 1948 867 roga-

365 907 425 945 re
454 891 634 960 potius
665 898 724 944 ut
755 888 1123 945 communicet
1154 888 1279 943 aliis
1319 907 1332 942 :
1366 897 1416 943 et
1447 905 1551 943 non
1596 891 1730 943 sicut
1763 904 1945 958 spera-

364 987 530 1037 vimus
555 984 639 1048 ⁸²;
678 990 1003 1052 superarunt
1040 980 1188 1035 enim
1219 990 1275 1036 et
1304 990 1545 1036 nostram
1577 980 1945 1050 exspectatio-

366 1091 513 1131 nem.
549 1074 686 1142 Quid
715 1090 844 1146 ergo
868 1074 893 1128 ἲ
920 1074 1223 1130 Senserunt
1256 1073 1482 1143 apostoli
1514 1072 1749 1143 inopiam
1768 1072 1946 1129 Mace-

369 1167 589 1233 donum,
630 1176 683 1222 et
712 1166 928 1237 pigebat
959 1180 1055 1222 eos
1082 1168 1263 1222 dicere
1290 1165 1490 1236 aliquid
1516 1183 1530 1232 ;
1560 1166 1821 1234 apostolis
1844 1180 1946 1220 au-

372 1267 478 1311 tem
519 1258 821 1314 tacentibus
843 1272 949 1312 non
978 1257 1233 1312 tacebant
1255 1257 1347 1326 qui
1373 1257 1824 1321 obsecrabantur,
1855 1257 1947 1310 sed

368 1352 671 1420 semetipsos
694 1391 708 1412 ,
743 1350 918 1419 inquit
961 1390 977 1415 ,
1020 1350 1277 1403 dederunt
1310 1348 1482 1417 primo
1538 1347 1759 1403 Domino
1780 1388 1795 1413 ,
1830 1348 1949 1402 dein

368 1452 417 1495 et
445 1442 591 1494 nobis
638 1458 732 1511 per
757 1440 1077 1495 uoluntatem
1122 1439 1220 1495 Dei
1248 1457 1262 1491 :
1296 1440 1401 1494 hoc
1448 1449 1569 1503 est,
1602 1441 1803 1496 donum
1853 1440 1947 1494 Dei

368 1535 518 1588 venit
546 1535 612 1588 ad
646 1548 759 1597 eos,
790 1535 1012 1588 hortans
1056 1546 1151 1588 eos
1173 1532 1239 1588 ad
1269 1547 1435 1603 opera
1469 1533 1633 1599 bona,
1663 1543 1722 1587 ut
1755 1533 1948 1587 exhor-

369 1635 540 1677 temur
566 1622 764 1687 Titum,
793 1633 849 1677 ut
880 1624 1323 1694 quemadmodum
1340 1626 1516 1693 carpit,
1540 1626 1618 1679 ita
1638 1633 1688 1679 et
1710 1624 1948 1693 perﬁciat

368 1717 422 1768 iu
443 1732 530 1769 vos
572 1715 799 1784 gratiam
820 1716 975 1769 istam
1000 1715 1066 1767 ⁵³.
1098 1714 1235 1781 Quid
1251 1715 1352 1771 sibi
1384 1716 1499 1770 vult
1530 1725 1585 1770 ut
1619 1718 1952 1770 exhortemur

2047 541 2077 579 a
2119 524 2275 580 nobis
2296 531 2381 578 est
2410 533 2612 586 tentus,
2655 536 2683 576 a
2716 521 2872 577 nobis
2917 522 3328 590 condemnatus,
3359 539 3625 595 quantum

2042 616 2109 670 ad
2142 622 2393 668 naturam
2442 612 2761 666 humanam.
2805 608 3063 665 Proﬁciat
3110 621 3292 667 autem
3344 629 3535 671 sermo
3563 620 3630 672 ad

2044 715 2263 761 caetera.
2295 702 2552 773 lnjuriam
2577 717 2772 772 passus
2799 711 2902 768 est,
2950 717 3125 758 caesus
3147 714 3251 769 est,
3278 716 3503 775 sputum
3537 724 3629 762 ac-

2045 799 2429 871 cepit,.illusus
2452 807 2556 862 est,
2584 796 2774 851 aﬂixus
2796 806 2880 852 est
2906 797 3080 861 cruci,
3109 797 3177 851 fel
3209 808 3263 853 et
3293 811 3515 855 acetum
3551 802 3631 856 bi-

2046 893 2147 949 bit.
2180 892 2317 959 Quid
2336 891 2639 946 invenietur
2668 890 2720 944 in
2744 892 3171 944 commutatione
3201 901 3367 944 tantae
3394 892 3630 962 gratia?

2045 982 2210 1038 Istam
2241 982 2407 1053 igitur
2434 981 2665 1052 gratiam
2707 994 2808 1034 nos
2832 980 3131 1035 admonens
3160 982 3481 1052 Apostolus.
3503 986 3632 1039 hor-

2048 1084 2194 1129 tatur
2239 1074 2306 1129 ad
2340 1087 2502 1143 opera
2548 1072 2712 1127 bona.
2749 1072 2912 1126 Scitis
2942 1074 3103 1137 enim,
3144 1074 3337 1143 inquit,
3394 1078 3629 1146 gratiam

2048 1165 2260 1220 Domini
2286 1166 2453 1219 nostri
2480 1163 2610 1217 Iesu
2640 1162 2864 1229 Christi,
2895 1167 3018 1233 quia
3059 1178 3273 1234 propter
3307 1183 3417 1232 eos,
3441 1179 3499 1223 et
3525 1186 3631 1224 non

2046 1268 2270 1328 propter
2300 1272 2379 1323 se,
2412 1257 2562 1324 inops
2612 1255 2787 1325 factus
2832 1266 2907 1310 est
2944 1273 3064 1310 cum
3088 1270 3220 1312 esset
3256 1260 3422 1325 dit-es,
3459 1271 3517 1314 ut
3543 1278 3637 1316 vos

2047 1350 2191 1405 illius
2225 1350 2406 1420 inopia
2432 1351 2618 1404 divites
2644 1348 2826 1402 essetis
2858 1348 2925 1402 ⁸⁷.
2949 1347 3006 1405 Si
3039 1350 3154 1405 haec
3189 1350 3313 1405 fecit
3347 1355 3633 1422 magister,

2050 1442 2153 1498 ista
2202 1443 2519 1497 condiscant
2556 1442 2848 1510 discipuli,
2888 1452 2935 1495 et
2981 1443 3285 1507 consilium,
3317 1445 3514 1513 inquit,
3583 1449 3642 1499 in

2051 1533 2149 1587 isto
2177 1533 2244 1585 do
2274 1532 2326 1564 ⁸⁸
2358 1550 2374 1587 :
2403 1532 2506 1586 hoc
2531 1540 2634 1594 est,
2668 1530 2736 1583 ad
2756 1530 3117 1583 imitationem
3142 1530 3347 1586 Christi
3376 1547 3637 1601 provoco.

2053 1627 2169 1683 Hoc
2197 1628 2339 1681 enim
2376 1626 2519 1680 vobis
2556 1635 2630 1680 est
2676 1624 2827 1678 utile.
2882 1622 3013 1675 Illud
3064 1624 3209 1676 enim
3256 1639 3361 1677 non
3416 1623 3642 1678 Christo

2010 1728 2016 1741 ‘
2052 1730 2171 1774 erat
2224 1718 2375 1781 utile,
2414 1719 2605 1788 quique
2640 1734 2744 1771 non
2799 1717 2971 1770 solum
3013 1715 3227 1784 facere,
3283 1720 3373 1769 sed
3410 1726 3461 1769 et
3508 1717 3642 1770 velle

371 1806 604 1862 Titum?
650 1807 783 1874 Quia
825 1808 969 1863 enim
997 1848 1013 1873 ,
1059 1809 1270 1878 inquit,
1315 1809 1550 1865 vidimus
1602 1808 1949 1864 Macedonum
1982 1797 2026 1853 Β
2054 1812 2280 1879 cepistis
2325 1812 2389 1864 ub
2428 1826 2569 1864 anno
2595 1810 2789 1878 priore.
2842 1808 3048 1862 Facere
3088 1822 3193 1861 non
3225 1817 3309 1861 est
3344 1808 3522 1877 majus
3546 1818 3643 1862 aut

371 1899 586 1953 divitias
619 1898 1024 1967 simplicitatis;
1058 1911 1117 1953 ut
1150 1915 1256 1955 non
1288 1900 1637 1956 vinceremini
1690 1900 1741 1955 in
1772 1899 1949 1962 bonis,

372 1992 681 2062 rogavimus
720 1991 903 2045 Titum
933 1992 1119 2047 venire
1168 1994 1235 2047 ad
1268 2008 1364 2047 vos
1388 2032 1402 2057 ,
1443 2002 1499 2048 et
1528 2008 1688 2063 pares
1713 2007 1807 2047 vos
1839 1990 1950 2046 elﬁ-

372 2101 497 2141 cere
530 2085 594 2139 ad
629 2084 980 2148 Macedonas,
1012 2094 1067 2139 et
1100 2086 1377 2139 exhortari
1413 2100 1480 2139 ne
1511 2084 1893 2154 relinquamini
1921 2100 1950 2138 a

371 2178 576 2233 divitiis
607 2178 795 2249 gratiae
846 2177 1046 2247 huius:
1079 2176 1148 2230 Et
1190 2178 1329 2231 sicut
1376 2180 1431 2231 in
1476 2179 1619 2232 omni
1668 2178 1952 2231 abundatis

370 2273 500 2340 ﬁde,
525 2282 570 2324 et
595 2285 853 2334 sermone,
872 2281 926 2323 et
951 2269 1168 2324 scientia
1188 2311 1202 2335 ,
1231 2280 1277 2324 et
1304 2272 1446 2323 omni
1472 2269 1828 2323 sollicitudine
1852 2312 1867 2335 ,
1904 2280 1951 2322 et

370 2366 587 2432 insuper
611 2371 782 2417 uestra
816 2364 872 2415 in
917 2379 1010 2416 nos
1040 2362 1316 2427 charitate,
1369 2373 1424 2416 ut
1449 2372 1498 2415 et
1551 2364 1606 2415 in
1646 2365 1747 2415 hac
1782 2363 1954 2431 gratia

373 2455 651 2509 abundetis
682 2454 750 2507 ⁵⁸.
784 2453 837 2508 In
870 2454 1014 2517 aliis,
1058 2455 1253 2523 inquit,
1295 2455 1550 2509 omnibus
1592 2454 1955 2507 circumveni-

376 2548 485 2603 tis:
524 2557 582 2601 ut
620 2562 727 2602 non
764 2555 944 2601 autem
978 2546 1470 2600 circumvenientes
1523 2545 1575 2598 in
1615 2544 1760 2609 aliis,
1796 2545 1953 2600 dere-

375 2640 693 2709 linquamini
732 2638 785 2691 in
822 2637 1171 2705 quibusdam,
1201 2636 1575 2700 etexuamiui,
1620 2636 1804 2705 rogavi
1858 2636 1952 2691 Ti-

381 2744 512 2795 tum,
548 2731 685 2785 utin
718 2730 975 2785 omnibus
1020 2729 1313 2798 primatum
1348 2731 1577 2785 teneatis
1607 2749 1620 2784 :
1661 2729 1781 2783 Non
1802 2730 1955 2799 quasi

377 2825 641 2891 imperans
668 2823 807 2887 dico,
835 2822 926 2876 sed
952 2833 1163 2890 propter
1194 2822 1425 2875 aliorum
1450 2822 1953 2887 sollicitudinem”,

380 2918 482 2970 hoc
513 2926 595 2969 est
633 2913 985 2969 Macedonum
1034 2914 1269 2969 alienum
1302 2929 1316 2968 :
1349 2916 1395 2969 si
1442 2916 1738 2969 secundum
1781 2916 1955 2985 impe-

381 3007 520 3062 rium
555 3007 707 3076 limit,
740 3005 1064 3063 videbuntur
1098 3020 1163 3060 ex
1216 3006 1539 3060 necessitate
1568 3005 1683 3060 ﬁeri
1707 3046 1723 3070 ,
1751 3014 1805 3061 et
1849 3020 1954 3059 non

382 3102 586 3156 habent
626 3102 861 3156 fructum
915 3118 926 3153 :
976 3099 1068 3153 sed
1100 3108 1316 3167 propter
1366 3097 1590 3151 aliorum
1631 3098 1954 3153 sollicitudi-

379 3210 502 3248 nem
532 3235 546 3259 ,
574 3204 620 3247 et
654 3203 838 3247 vestrae
865 3191 1140 3245 charitatis
1184 3190 1455 3258 ingenium
1492 3190 1774 3259 probamus
1809 3204 1825 3241 :
1854 3191 1958 3244 hoc

377 3294 495 3346 est,
528 3284 882 3337 admonemus
914 3297 1013 3336 vos
1062 3281 1418 3337 Macedonum
1469 3282 1775 3336 claritatem
1817 3280 1955 3351 (l4),

382 3386 441 3429 ut
468 3376 750 3430 audientes
779 3376 845 3428 ad
884 3374 1115 3428 similem
1163 3374 1398 3427 veniatis
1427 3373 1625 3428 zelum.
1658 3372 1794 3439 Quia
1827 3387 1958 3444 ergo

385 3467 449 3519 de
481 3466 723 3533 pecuniis
752 3465 1050 3534 propositio
1093 3474 1211 3519 erat
1234 3504 1249 3528 ,
1284 3474 1339 3519 et
1371 3465 1437 3519 de
1480 3464 1734 3535 operibus
1762 3464 1954 3527 bouis;

382 3558 610 3626 cupiens
652 3572 746 3611 eos
784 3557 981 3613 docere
1010 3558 1300 3626 Apostolus
1347 3558 1472 3627 quia
1507 3557 1639 3611 nihil
1673 3556 1820 3625 digni
1874 3566 1959 3609 at-

380 3664 487 3716 que
518 3648 630 3717 (l5)
671 3649 941 3719 recepturi
993 3651 1164 3715 estis,
1202 3660 1257 3703 et
1305 3650 1430 3718 quia
1480 3650 1531 3702 in
1581 3648 1668 3703 his
1705 3648 1961 3704 Dominus

382 3742 529 3807 prior
560 3742 725 3811 coepit
750 3781 765 3805 ,
795 3750 849 3796 et
881 3741 1123 3797 debitum
1170 3741 1443 3796 reddimus
1495 3750 1551 3794 et
1585 3755 1690 3796 non
1727 3740 1959 3811 gratiam

381 3833 853 3900 praesemiuamus,
884 3832 1017 3886 dicit
1049 3849 1063 3883 :
1097 3831 1262 3887 Scitis
1301 3834 1440 3886 enim
1466 3833 1697 3901 gratiam
1745 3831 1959 3886 Domini

384 3926 549 3979 nostri
591 3924 724 3980 Jesu
767 3922 1004 3989 Christi,
1038 3924 1165 3994 quia
1213 3934 1431 3992 propter
1477 3940 1572 3978 nos
1601 3925 1751 3993 inops
1789 3923 1963 3993 factus

382 4025 481 4080 est,
507 4031 623 4069 cum
652 4015 794 4068 diues
821 4024 950 4068 esset
984 4014 1051 4071 “.
1077 4014 1213 4081 Quia
1241 4016 1383 4070 enim
1408 4016 1474 4071 de
1502 4018 1748 4085 pecuniis
1772 4018 1963 4072 dandis

382 4116 503 4160 erat
533 4105 582 4160 ei
617 4121 797 4161 sermo
822 4146 836 4169 ,
870 4108 1087 4176 pigebat
1122 4117 1299 4162 autem
1341 4108 1538 4163 divites
1584 4107 1703 4179 (16)
1730 4109 1961 4177 aperiri;

382 4197 632 4266 opposuit
660 4196 970 4263 Dominum,
997 4199 1089 4267 qui
1121 4213 1251 4254 vere
1284 4200 1453 4263 dives,
1488 4202 1644 4270 inops
1673 4216 1772 4271 pro
1806 4201 1963 4257 nobis

385 4290 564 4347 tactus
601 4300 706 4354 est,
733 4301 792 4345 ut
826 4291 891 4346 ad
924 4292 1280 4347 imitationem
1334 4293 1427 4347 Dei
1462 4295 1755 4349 suscitaret
1784 4295 1962 4350 homi-

386 4400 503 4438 nes.
528 4383 694 4439 Scitis
718 4387 877 4451 enim,
903 4386 1098 4455 inquit,
1135 4388 1367 4456 gratiam
1403 4385 1617 4440 Domini
1643 4389 1809 4442 nostri
1836 4386 1965 4443 Jesu

2053 1907 2190 1962 velle
2223 1905 2333 1977 (l8)
2364 1904 2500 1959 ?|Ile
2523 1914 2705 1958 autem
2731 1902 2903 1969 majus
2936 1916 3059 1957 esse
3086 1901 3271 1956 dicens
3296 1901 3435 1955 velle
3470 1917 3640 1969 quam

2050 1999 2252 2059 facere.
2293 1999 2367 2052 ita
2395 2012 2520 2053 cum
2579 1995 2662 2050 eis
2717 1994 2959 2063 loquitur
2989 2009 3088 2061 per
3135 1993 3446 2063 epistolam.
3501 1994 3641 2060 Quid

2049 2096 2285 2157 estergo
2311 2085 2456 2155 quod
2482 2084 2680 2137 dicitur
2702 2082 2769 2137 ad
2797 2097 2915 2146 eos,
2946 2098 3083 2150 quos
3104 2082 3354 2137 hortatur
3378 2084 3446 2135 ad
3476 2098 3645 2150 opera

2051 2178 2234 2234 bona?
2280 2178 2417 2244 Quia
2462 2176 2608 2230 enim
2638 2174 2913 2229 faciebant
2948 2176 3190 2243 quidem,
3225 2190 3328 2229 non
3360 2175 3648 2229 habebant

2052 2279 2232 2323 autem
2258 2284 2289 2322 e
2328 2284 2421 2322 sua
2475 2267 2740 2323 electione
2771 2278 2830 2323 ut
2880 2268 3022 2323 ultro
3058 2268 3333 2333 facerent;
3386 2268 3652 2321 hortatur

2052 2375 2145 2416 eos
2181 2371 2238 2413 ut
2272 2359 2415 2415 ultro
2462 2369 2852 2431 proponerent,
2887 2361 2989 2415 hoc
3031 2371 3115 2416 est
3148 2370 3208 2414 ut
3239 2376 3345 2415 non
3378 2361 3656 2416 admone.

2054 2464 2261 2519 rentur,
2293 2455 2385 2508 sed
2417 2463 2476 2507 ut
2497 2453 2641 2509 ultro
2692 2454 3058 2522 complerent.
3086 2454 3191 2519 Qui
3222 2470 3325 2508 non
3357 2454 3531 2507 solum
3563 2454 3651 2520 [a-

2053 2562 2186 2609 cere,
2213 2546 2405 2615 inquit,
2433 2547 2524 2599 sed
2550 2556 2599 2599 et
2624 2545 2750 2600 uelle
2791 2547 3026 2614 cwpistis
3060 2546 3125 2599 ab
3171 2562 3310 2599 anno
3340 2547 3521 2615 priore
3548 2546 3599 2577 ”
3633 2560 3654 2596 τ

2058 2637 2215 2692 Nunc
2262 2654 2385 2691 vero
2440 2647 2488 2691 et
2540 2637 2684 2707 {acto
2720 2639 2957 2706 perﬁcito
3008 2655 3025 2691 :
3082 2648 3139 2690 ut
3192 2638 3650 2708 quemadmodum

2054 2738 2326 2798 promptus
2354 2730 2563 2782 animus
2594 2739 2669 2783 est
2695 2730 2980 2784 uoluntatis
3008 2770 3023 2793 ,
3071 2732 3149 2783 ita
3176 2742 3224 2783 et
3251 2730 3517 2797 perﬁciati
3585 2744 3657 2781 xc

2056 2836 2117 2874 eo
2159 2820 2297 2889 quod
2323 2820 2522 2873 habetis
2554 2819 2623 2873 ⁸ο.
2654 2819 2923 2875 Praecedit
2948 2829 3231 2891 promptus
3258 2823 3480 2875 animus
3516 2836 3653 2891 per-

2059 2915 2371 2969 fectionem.
2403 2913 2505 2981 Qui
2555 2914 2699 2969 enim
2734 2914 2952 2967 nolebat
2991 2915 3122 2967 dare
3170 2927 3266 2966 sua
3298 2953 3311 2971 .
3341 2913 3655 2966 necessita-

2062 3019 2169 3063 tem
2212 3023 2315 3062 non
2346 3007 2581 3063 habebat
2636 3007 3029 3077 compulsionis
3058 3021 3074 3059 :
3101 3006 3368 3074 siquidem
3404 3021 3515 3058 non
3548 3022 3655 3058 ex-

2063 3102 2203 3155 actio
2228 3101 2321 3155 sed
2357 3100 2657 3156 admonitio
2688 3109 2828 3162 erat,
2860 3109 2917 3153 ut
2945 3098 3399 3169 quemadmodum
3457 3112 3653 3166 promo

2061 3207 2186 3265 ptus
2219 3196 2431 3249 animus
2467 3204 2551 3247 est
2579 3192 2901 3255 voluntatis,
2955 3192 3027 3245 ita
3056 3201 3109 3245 et
3144 3191 3439 3261 pcrliciatis
3472 3205 3539 3244 ex
3588 3207 3658 3246 eo

2061 3286 2203 3355 quod
2236 3286 2467 3340 habetis.
2509 3283 2663 3352 Quod
2692 3285 2834 3339 enim
2879 3284 2922 3338 si
2956 3293 3238 3352 promptus
3281 3293 3364 3337 est
3391 3283 3655 3351 quidem,

2062 3393 2165 3431 non
2199 3377 2397 3432 habeat
2430 3386 2636 3441 autem,
2661 3386 2717 3430 et
2750 3375 2926 3430 defuit
2953 3385 3011 3428 ut
3048 3375 3372 3443 perﬁceret;
3409 3389 3515 3427 non
3549 3374 3657 3429 de-

2062 3472 2250 3526 relicta
2298 3480 2382 3526 est
2424 3471 2541 3541 ejus
2571 3471 2846 3525 voluntas.
2901 3468 3178 3535 Quaeritur
3216 3467 3361 3521 enim
3394 3482 3501 3519 non
3525 3468 3663 3535 quis

2062 3564 2191 3633 quid
2225 3563 2444 3629 habeat,
2476 3562 2570 3617 sed
2600 3563 2722 3632 quis
2752 3560 2879 3629 quid
2908 3560 3060 3614 velit.
3092 3558 3229 3625 Quid
3254 3567 3436 3612 autem
3466 3558 3511 3612 si
3543 3574 3655 3611 nou

2063 3657 2222 3711 habet
2251 3656 2394 3725 quis,
2419 3655 2763 3724 descripserit
2791 3663 2969 3707 autem
3014 3653 3115 3707 sibi
3143 3661 3197 3706 et
3243 3653 3464 3717 dixerit,
3500 3652 3659 3721 quia,

2064 3750 2107 3805 si
2134 3749 2464 3819 possiderem
2502 3756 2709 3802 tantum
2738 3786 2754 3811 ,
2791 3753 2965 3801 totum
3018 3746 3204 3801 darem
3262 3744 3600 3816 pauperibus
3635 3745 3667 3797 .’

2065 3850 2325 3911 quantum
2357 3842 2425 3894 ad
2455 3838 2793 3894 alacritatem
2839 3838 3056 3907 quidem
3088 3846 3296 3906 spectat
3324 3879 3339 3903 ,
3388 3847 3445 3891 et
3476 3838 3661 3906 possi-

2064 3933 2156 3987 det
2181 3940 2237 3986 et
2285 3930 2452 3987 dedit.
2505 3930 2696 3987 Omnis
2729 3932 2873 3985 enim
2899 3931 3107 3985 fructus
3138 3930 3191 3984 in
3224 3929 3511 3984 alacritate
3579 3940 3663 3983 est

2065 4024 2293 4093 positus.
2330 4023 2728 4093 Nonnunquam
2786 4023 2931 4078 enim
2984 4025 3076 4094 qui
3110 4022 3287 4089 dant,
3341 4022 3664 4076 mercedem

2067 4129 2174 4168 non
2204 4114 2406 4169 habent
2433 4154 2449 4181 ,
2502 4123 2759 4184 tanquam
2790 4114 3040 4168 dederint
3073 4135 3083 4168 :
3116 4114 3209 4187 qui
3239 4122 3415 4166 autem
3452 4128 3664 4180 propo-

2067 4213 2319 4270 suerunt,
2349 4220 2512 4275 super
2540 4206 2753 4261 dantes.
2782 4205 2924 4272 Quid
2951 4205 3096 4259 enim
3140 4205 3186 4258 si
3237 4206 3329 4258 dat
3354 4205 3559 4274 aliquis
3612 4215 3663 4258 el

2068 4297 2425 4351 murmurat?
2463 4296 2591 4366 quid
2668 4297 2713 4351 si
2764 4297 3007 4364 praebet,
3056 4295 3259 4365 pigrior
3292 4305 3475 4348 autem
3528 4295 3667 4369 est?

2068 4387 2206 4453 Quid
2243 4397 2424 4442 autem
2457 4389 2501 4443 si
2559 4403 2665 4442 non
2728 4388 2895 4441 habet
2948 4387 3110 4455 quis,
3162 4386 3277 4440 vult
3330 4386 3567 4440 tamen?
3608 4396 3664 4438 ut

386 4476 604 4543 Christi,
626 4479 753 4546 quia
795 4489 1008 4547 propter
1037 4495 1129 4532 nos
1156 4478 1304 4547 inops
1337 4478 1507 4547 factus
1544 4488 1620 4532 est
1653 4496 1771 4533 cum
1823 4489 1961 4534 esset
1996 4503 2043 4558 ι)
2069 4480 2528 4549 quemadmodum
2568 4489 2851 4550 promptus
2899 4488 2985 4532 est
3009 4520 3023 4545 ,
3062 4477 3234 4546 inquit
3263 4518 3277 4540 ,
3310 4478 3535 4531 animus
3567 4492 3664 4530 vo-

387 4570 548 4633 dives,
583 4578 638 4620 ut
670 4568 818 4622 illius
836 4568 1018 4637 inopia
1041 4586 1127 4624 vos
1150 4569 1335 4623 divites
1355 4570 1551 4625 essetis.
1584 4568 1640 4623 Si
1679 4571 1795 4625 haec
1828 4571 1968 4627 Deus

388 4671 608 4729 promer
639 4660 907 4728 homines,
935 4676 1038 4715 nec
1062 4660 1320 4729 aequalia;
1364 4661 1409 4714 si
1438 4671 1616 4715 tamen
1652 4671 1740 4716 est
1767 4663 1970 4731 aliquid

386 4752 618 4821 aequale.
655 4752 788 4820 Quis
813 4755 957 4807 enim
987 4762 1230 4808 nostrum
1262 4762 1439 4825 potest
1470 4770 1499 4807 a
1525 4754 1634 4810 Deo
1669 4755 1780 4825 (17)
1812 4757 1973 4811 homo

388 4846 503 4899 tieri
532 4844 558 4899 2
590 4844 669 4898 Ita
697 4846 840 4899 enim
871 4844 1027 4900 ﬁeret
1064 4845 1290 4925 aequale,
1342 4848 1386 4901 si
1425 4857 1605 4903 tamen
1635 4856 1691 4901 et
1720 4862 1854 4902 crux
1885 4865 1972 4904 se-

386 4946 650 5004 queretur
706 4937 798 4991 tali
842 4945 1055 4992 natura.
1111 4937 1178 4991 Et
1227 4939 1399 4994 teneri
1431 4940 1574 4993 enim
1606 4980 1621 5004 ,
1652 4949 1707 4995 et
1754 4951 1969 5010 sputum

388 5027 659 5096 accipere,
683 5036 741 5081 et
774 5026 944 5093 illudi,
976 5039 1031 5083 et
1060 5028 1438 5095 condemnari,
1464 5040 1521 5084 et
1538 5031 1697 5094 mori,
1729 5031 1970 5085 debitum

387 5120 608 5186 quidem
647 5129 858 5174 tantum
912 5129 1128 5189 poterat
1183 5135 1305 5176 esse
1341 5138 1356 5178 :
1399 5121 1515 5177 haec
1569 5131 1749 5177 autem
1795 5124 1975 5177 dimit-

391 5222 532 5274 tens,
564 5220 620 5264 et
670 5227 825 5267 suam
859 5212 1086 5282 gloriam
1128 5213 1465 5269 abscondens
1493 5255 1508 5277 ,
1536 5217 1832 5286 assumpsit
1877 5232 1977 5271 no-

390 5310 559 5355 stram
593 5302 1015 5373 ignobilitatem,
1047 5305 1330 5360 nobiscum
1363 5307 1667 5374 ambulans,
1697 5310 1977 5364 nobiscum

462 5486 941 5558 tineam/una.
1009 5492 1055 5523 ιε
1098 5493 1228 5547 ibid.
1256 5492 1309 5546 6.
1386 5494 1661 5551 “ibid.7.
1728 5498 1993 5553 “ibid.8.

394 5553 437 5584 ⁶¹
473 5556 603 5612 ibitl.
645 5561 730 5614 12.

466 5648 577 5712 (14)
610 5650 934 5704 Claritatem.
967 5653 1131 5709 Forte
1154 5655 1486 5709 charitatem.

609 5722 791 5786 Atque.
826 5722 983 5775 Forte
1016 5726 1082 5775 ad
1112 5742 1169 5777 ea
1197 5743 1337 5791 qum.

498 5758 579 5781 -υ,
609 5758 683 5770 ηι-
715 5758 791 5774 νει.
829 5758 843 5774 ι
869 5758 983 5775 mu,
1016 5758 1081 5775 uu
1112 5758 1169 5777 cu
1197 5758 1207 5775 ι
1234 5758 1337 5779 «to.
1486 5758 1498 5769 θ

474 5758 949 5861 “QN/"3573913.,
982 5796 1033 5850 id
1066 5806 1167 5862 cst,
1202 5758 1403 5852 [oculos
1436 5798 1659 5867 aperire.

2073 4572 2296 4628 luntatis
2320 4613 2335 4638 ,
2385 4573 2459 4626 ita
2495 4580 2552 4627 et
2584 4570 2885 4641 perﬂeiatis
2918 4586 2984 4623 ex
3024 4585 3090 4624 eo
3140 4570 3281 4636 quod
3332 4569 3573 4623 habetis.
3610 4566 3667 4622 Si

2072 4665 2210 4720 enim
2260 4664 2513 4718 alacritas
2543 4664 2814 4733 proposita
2847 4670 2963 4728 est;
3015 4672 3070 4714 ut
3120 4678 3185 4715 ex
3224 4678 3281 4715 eo
3330 4662 3477 4729 quod
3512 4662 3665 4717 habet

2075 4756 2185 4822 det,
2213 4768 2426 4827 accepta
2453 4766 2529 4811 est
2557 4757 2600 4788 ⁶¹
2631 4774 2645 4809 :
2674 4767 2884 4811 tantum
2933 4762 3213 4824 promptus
3243 4756 3463 4810 animus
3485 4756 3580 4819 sit,
3614 4763 3668 4809 et

2077 4856 2273 4901 caetera
2306 4857 2604 4916 sequuntur
2631 4862 2737 4901 non
2766 4862 2833 4901 ex
2863 4862 2929 4901 eo
2960 4850 3102 4915 quod
3136 4861 3241 4899 non
3276 4845 3461 4899 habet.
3499 4847 3668 4901 Nemo

2079 4941 2245 5007 enim,
2302 4940 2500 5009 inquit,
2535 4940 2731 5008 quaerit
2760 4939 2902 5009 quod
2952 4955 3057 4995 non
3106 4939 3275 4994 babes
3298 4979 3312 5003 ,
3378 4938 3477 4992 sed
3506 4953 3575 4992 ex
3607 4953 3668 4993 eo

2082 5035 2223 5102 quod
2253 5035 2445 5089 habes.
2477 5031 2592 5088 Non
2629 5035 2770 5088 enim
2794 5034 2898 5088 hoc
2919 5044 3026 5097 est,
3061 5031 3257 5102 inquit,
3288 5030 3435 5100 quod
3469 5033 3668 5102 quaeri-

2084 5135 2223 5179 tura
2262 5127 2439 5193 nobis,
2471 5137 2532 5181 ut
2559 5142 2659 5181 vos
2698 5127 2914 5196 quidem
2944 5124 3305 5188 evacuemini,
3342 5123 3435 5177 alii
3491 5134 3668 5177 autem

2083 5218 2346 5272 ditentur.
2374 5217 2498 5273 Non
2519 5219 2660 5273 enim
2692 5230 2746 5272 ut
2782 5219 2901 5273 aliis
2932 5217 3293 5287 refrigerium,
3321 5216 3470 5269 vobis
3500 5226 3669 5268 autem

2085 5310 2357 5364 tribulatio
2392 5310 2458 5364 sit
2489 5326 2508 5363 :
2536 5312 2629 5365 sed
2663 5310 2951 5364 secundum
2976 5307 3361 5379 wgualitatem,
3395 5306 3598 5375 inquit,
3620 5308 3670 5357 in

2069 5500 2115 5531 ³⁵⁸
2149 5495 2279 5551 ibid.
2310 5495 2364 5551 9.
2441 5493 2484 5525 ⁸⁷
2518 5492 2647 5547 ibid.
2708 5492 2754 5523 ⁵⁸
2786 5489 2913 5544 ibid.
2947 5488 3029 5543 l0.
3084 5487 3129 5523 υ
3167 5484 3296 5540 ibid.
3343 5486 3390 5517 ⁶⁰
3425 5485 3558 5539 ibid.
3588 5482 3668 5538 Η.

2170 5656 2281 5723 (l7)
2315 5656 2368 5711 Id
2392 5665 2493 5719 est,
2522 5668 2586 5707 ex
2625 5655 2754 5717 Deo,
2788 5652 2896 5706 ἀπὸ
2934 5654 3091 5705 Θεοῦ.

2169 5719 2279 5799 (18)
2317 5728 2419 5782 Aut
2446 5725 2591 5783 velle.
2626 5725 2788 5781 Forte
2821 5740 2976 5789 quam
3007 5722 3155 5791 t'cllc,
3190 5721 3221 5791 ἢ
3248 5719 3449 5775 Θὲλίιν.
