3822 6218
165 347 306 404 1205

1405 350 1494 405 DE
1532 352 1876 410 OPElllBUS
1916 355 2137 416 BONlS.

3292 371 3315 426 i
3325 371 3430 429 206

159 459 411 531 prasenti
436 470 664 528 tempore
696 461 760 515 θ’.
802 458 914 516 Νοη
945 501 961 526 ,
1013 461 1191 531 inquit
1220 502 1236 528 ,
1269 462 1373 519 hoc
1409 464 1532 523 dico
1556 508 1573 534 ,
1609 469 1739 524 Date

1851 469 2028 524 dinem
2059 483 2298 527 nostram
2322 475 2389 529 ".
2413 473 2469 529 lu
2514 491 2617 544 qua
2651 492 2709 533 re
2734 478 2814 534 sic
2841 494 2938 535 nos
2965 482 3316 550 arctavimus,
3348 504 3420 542 ne

158 556 346 610 omnia
372 567 493 621 quas
526 554 735 609 habetis
763 593 779 619 ,
825 564 879 609 et
908 570 1003 610 vos
1035 556 1306 613 elﬁcimini
1345 575 1613 630 pauperes
1640 603 1655 626 ,
1694 573 1751 617 et

158 647 302 701 alios
327 648 514 702 ditate.
555 646 660 702 Sed
701 650 831 717 quid
864 650 997 704 aio?
1027 651 1124 717 Qui
1155 651 1319 706 habet
1350 653 1483 708 duas
1515 654 1747 723 tunicas,

155 742 361 797 habeat
408 758 571 798 unam
598 784 614 810 ,
642 742 734 797 det
766 752 946 797 autem
980 760 1086 798 non
1124 745 1345 800 habenti
1390 761 1575 810 unam,
1611 759 1662 802 et
1690 747 1751 802 lit

155 835 465 903 mquaiitas.
524 833 627 888 Sed
658 851 724 888 ea:
762 837 1087 903 aequalitate,
1129 837 1342 906 inquit,
1394 839 1450 891 in
1501 839 1749 906 prtesenti

157 932 415 993 tempore.
468 924 526 980 ln
587 926 863 994 praesenti,
924 927 1115 995 inquit,
1151 929 1254 984 vita
1296 940 1472 984 vestra
1508 932 1749 985 abundat

156 1017 232 1072 ad
265 1018 474 1071 illorum
508 1018 767 1087 inopiam.
795 1017 895 1086 Qui
931 1020 1114 1084 habet,
1164 1021 1379 1092 inquit,
1429 1023 1562 1077 duas
1594 1023 1744 1078 tuni-

158 1127 279 1178 cas,
304 1129 465 1167 unam
512 1114 838 1184 superﬂuam
862 1156 877 1181 ,
922 1116 971 1170 is
1000 1118 1091 1186 qui
1127 1133 1227 1172 nec
1258 1134 1417 1173 unam
1448 1119 1609 1176 habet
1639 1138 1745 1176 non

160 1202 412 1268 fraudet;
442 1216 500 1259 ut
532 1222 637 1259 una
678 1217 764 1260 tua
816 1207 1084 1277 superﬂua
1137 1226 1240 1264 non
1281 1211 1353 1266 sit
1381 1211 1476 1266 tibi
1521 1213 1744 1279 inutilis,

156 1293 260 1350 sed
297 1295 386 1350 liat
415 1296 522 1350 alio
554 1297 716 1353 utilis.
740 1296 840 1353 Sea
866 1315 929 1354 ea:
946 1301 1244 1370 a’qualitale
1275 1302 1331 1355 in
1351 1307 1594 1370 pricsenti
1623 1316 1749 1360 tem-

157 1400 291 1454 pore
314 1395 485 1440 vestra
529 1390 856 1443 abundantia
878 1392 1115 1459 suppleat
1155 1392 1368 1447 illorum
1403 1396 1632 1465 inopiam
1666 1398 1749 1451 “:

158 1475 270 1532 hoc
300 1488 383 1531 est
407 1517 423 1541 ,
460 1480 700 1532 abundat
744 1481 828 1535 his
861 1483 950 1550 qui
982 1498 1047 1536 ex
1078 1485 1329 1554 gentibus
1355 1497 1482 1542 sunt
1517 1507 1531 1542 :
1566 1490 1747 1545 mitta-

158 1578 255 1623 tur
287 1569 371 1624 his
395 1571 486 1638 qui
528 1582 656 1627 sunt
699 1573 840 1642 apud
871 1572 1113 1630 indutam
1140 1617 1156 1642 ,
1188 1580 1279 1647 qui
1325 1590 1551 1650 propter
1577 1581 1739 1638 Chri-

157 1670 304 1716 stum
338 1664 767 1731 persecutionem
798 1665 1068 1722 sustinent
1096 1689 1107 1722 :
1142 1680 1197 1723 ut
1245 1681 1293 1725 et
1330 1671 1545 1727 illorum
1578 1677 1746 1729 abun-

156 1753 371 1818 dantia,
402 1754 628 1824 spiritus
661 1764 849 1825 utpote
878 1760 1073 1829 gratia,
1105 1761 1176 1815 sit
1197 1763 1263 1817 ad
1293 1774 1485 1818 vestra:
1506 1765 1742 1834 inopiam

1854 560 1982 629 quis
2016 577 2115 618 nos
2146 563 2420 631 vituperet
2451 566 2505 620 in
2548 568 2651 622 hac
2694 570 3049 641 amplitudine
3098 589 3218 644 quae
3269 576 3431 631 mini-

1852 658 2060 705 stratur
2110 668 2208 723 per
2256 671 2378 713 nos.
2426 658 2561 725 Quia
2599 660 2744 714 enim
2804 661 3057 732 colligere
3105 666 3366 732 pecunias
3400 684 3432 722 a

1850 738 2112 798 fratribus
2134 755 2384 817 acceptas
2412 747 2700 803 videbatur
2716 750 2872 804 malis
2898 752 3263 823 suspicionem
3280 755 3429 820 dare,

1850 828 1985 883 dicit
2008 831 2131 886 ideo
2168 835 2291 901 quia
2321 836 2667 892 sollicitiores
2696 837 2958 908 eligentes
2988 843 3235 898 misimus
3260 860 3274 898 :
3305 846 3429 913 quia

1849 920 2230 992 circumspecti
2257 924 2459 983 luimus
2495 944 2561 982 ne
2600 929 2722 999 quis
2749 932 3172 998 reprehenderet
3203 934 3257 988 id
3276 938 3431 1010 .quod

1849 1014 2052 1081 liebat;
2093 1032 2163 1071 ne
2188 1019 2311 1087 quis
2333 1017 2499 1076 Judas
2524 1020 2781 1077 inventus
2803 1022 3103 1092 iuraretur,
3132 1035 3188 1081 et
3218 1028 3430 1098 vitupe—

1847 1118 1996 1163 raret
2044 1110 2402 1166 ministerium
2446 1124 2712 1170 nostrum.
2760 1115 3106 1172 Proridemus
3140 1119 3277 1171 enim
3311 1136 3430 1189 qui:

1850 1200 1984 1254 bona
2013 1213 2158 1267 sunt,
2200 1220 2305 1257 non
2348 1216 2554 1260 tantum
2587 1225 2763 1263 coram
2821 1209 2928 1263 Deo
2976 1210 3065 1279 qui
3095 1211 3246 1265 novit
3297 1226 3429 1266 con-

1848 1297 2152 1362 scientiam,
2194 1297 2286 1351 sed
2328 1308 2376 1351 et
2402 1315 2583 1354 coram
2635 1302 2932 1356 hominibus
2964 1304 3008 1336 ⁸⁸
3042 1322 3056 1358 :
3092 1312 3149 1356 ut
3184 1318 3251 1357 ne
3282 1304 3427 1372 quis,

1849 1386 2044 1454 inquit,
2074 1391 2414 1442 occasionem
2459 1392 2735 1459 acciperet
2764 1393 3134 1460 vituperandi.
3179 1392 3427 1447 Misimus

1848 1486 2021 1530 autem
2064 1493 2183 1530 cum
2217 1478 2324 1532 illis
2355 1487 2403 1531 et
2439 1478 2662 1548 fratrem
2694 1494 2959 1547 nostrum,
2991 1501 3148 1554 quem
3182 1487 3429 1555 probavi-

1847 1587 1963 1624 mus
1990 1571 2045 1624 in
2076 1571 2257 1626 multis
2305 1589 2443 1643 stepe
2488 1574 2778 1629 sollicitum
2810 1592 2923 1631 esse
2952 1578 3019 1631 “.
3052 1578 3427 1635 Statim‘enim

1849 1661 1939 1727 qui
1985 1660 2221 1715 dedisset
2249 1665 2509 1731 pecunias
2547 1674 2762 1735 poterat
2820 1682 2940 1722 esse
2985 1679 3269 1738 suspectus
3301 1670 3428 1739 quia

1849 1752 1940 1820 qui
1975 1751 2171 1822 accipit
2204 1753 2467 1817 lncralur,
2496 1766 2683 1811 etnon
2720 1757 2928 1828 perfert
2959 1762 3025 1814 ad
3068 1776 3180 1816 rem
3212 1762 3278 1815 ad
3306 1778 3430 1832 qua:

156 1844 311 1910 ﬁdei,
338 1854 398 1899 υι
423 1845 517 1901 εἰει
554 1848 837 1917 aequalitas
863 1868 875 1902 ε
904 1864 1002 1905 vos
1030 1865 1097 1906 ει
1125 1852 1213 1907 ius
1241 1870 1360 1922 quas,
1392 1856 1605 1911 habetis
1647 1872 1735 1926 pe.
1776 1848 1819 1908 Β
1848 1845 2015 1911 dedit,
2040 1859 2094 1900 et
2121 1846 2325 1916 pigrior
2355 1846 2692 1904 efficiebatur
2712 1850 2779 1903 ad
2812 1851 3047 1905 dandum
3079 1871 3094 1907 :
3127 1854 3247 1908 ideo
3279 1870 3429 1910 com-

156 1940 359 2006 cuniis,
385 1941 460 1996 illi
490 1955 557 1995 ex
583 1943 785 2012 quibus
803 1944 1003 2000 habent
1033 1947 1211 2002 donis.
1236 1947 1531 2005 Etillorum
1561 1951 1741 2023 inopia

155 2032 463 2102 replebitur
502 2042 684 2087 vestra
711 2035 1087 2105 abundantia;
1121 2051 1297 2094 vestra
1344 2052 1523 2098 autem
1560 2045 1741 2117 inopia

157 2119 493 2175 abundantia
534 2121 605 2177 sit
630 2123 871 2190 illorum,
906 2138 963 2179 ut
998 2128 1090 2181 liat
1116 2130 1433 2199 aequalitas;
1486 2137 1744 2204 pecunia-

153 2228 284 2268 rum
316 2214 534 2283 quidem
563 2230 592 2269 a
630 2217 786 2272 vobis
815 2218 868 2272 in
898 2218 1036 2287 illos,
1070 2221 1424 2279 donationum
1466 2237 1644 2283 autem
1674 2231 1743 2284 ab

153 2300 270 2357 illis
303 2302 357 2356 in
392 2319 486 2357 vos
511 2345 526 2369 ,
564 2306 699 2360 sicut
752 2309 1004 2375 scriptum
1040 2321 1114 2365 est
1155 2328 1175 2367 :
1210 2312 1313 2379 Qui
1350 2317 1609 2384 multum,
1640 2337 1743 2376 non

156 2395 488 2457 abundauit;
526 2406 574 2449 et
604 2396 695 2466 qui
731 2398 1017 2463 modicum,
1051 2418 1155 2456 non
1184 2404 1356 2471 defuit
1379 2408 1460 2460 illi
1491 2409 1557 2461 “.
1596 2410 1743 2465 Scri-

152 2494 312 2553 ptum
345 2495 450 2550 est,
479 2489 602 2556 quia
640 2490 893 2558 populus,
928 2492 1054 2545 dum
1097 2496 1378 2551 transisset
1409 2514 1579 2562 mare,
1603 2511 1744 2556 esset

154 2573 217 2628 in
254 2575 512 2641 deserto,
560 2586 618 2632 et
667 2594 841 2648 neque
896 2581 1191 2637 seminaret
1248 2600 1426 2655 neque
1476 2598 1739 2655 meteret;

155 2666 309 2720 Deus
357 2669 588 2725 reddens
632 2672 801 2726 vicem
854 2673 994 2740 patri
1041 2689 1228 2730 eorum
1261 2677 1538 2734 Abraham
1572 2721 1589 2747 ,
1644 2698 1743 2754 pro

155 2773 348 2813 mensa
381 2760 586 2816 scilicet
617 2762 706 2817 illa
747 2779 866 2832 qua:
894 2777 1178 2837 susceptos
1204 2770 1427 2840 angelos
1452 2773 1615 2840 pavit,
1643 2790 1743 2845 pro

156 2864 302 2919 pane
346 2851 489 2920 quod
516 2855 720 2924 angelis
743 2858 1013 2926 apposuit,
1045 2873 1238 2927 panem
1272 2863 1583 2930 angelorum
1603 2882 1742 2936 prie-

158 2943 282 2995 buit
313 2944 437 3000 ﬁliis
460 2947 695 3001 Abrahae
720 2989 736 3014 ,
773 2964 871 3017 pro
900 2964 965 3004 eo
993 2955 1136 3021 quod
1170 2956 1283 3024 ipse
1313 2957 1519 3026 angelis
1550 2975 1741 3027 panem

158 3036 442 3091 hominum
491 3040 543 3093 in
602 3045 947 3112 susceptione
1009 3059 1360 3116 apposuerat.
1421 3051 1527 3106 Isto
1580 3054 1745 3124 igitur

158 3126 342 3184 fructu
391 3146 599 3186 manna:
649 3134 958 3191 advenienti
1006 3137 1073 3191 de
1110 3138 1251 3193 coelo
1295 3141 1481 3195 exibat
1514 3144 1742 3214 papulus

157 3220 421 3290 colligens
442 3234 633 3291 parata
678 3240 776 3295 pro
808 3241 969 3283 cursu
996 3227 1229 3283 Abrahae
1258 3233 1544 3289 etsudore.
1580 3234 1741 3290 Colli-

153 3323 352 3382 gentes
381 3325 560 3369 autem
605 3326 661 3370 ut
688 3316 857 3371 Judaei
891 3333 993 3372 non
1031 3318 1372 3377 sufﬁciebant
1403 3324 1456 3378 in
1490 3341 1740 3381 mensura

158 3417 284 3467 qua
336 3402 551 3459 fuerant
585 3420 854 3476 praecepta
882 3411 1141 3480 colligere
1169 3453 1184 3477 ,
1227 3415 1322 3468 sed
1376 3415 1595 3482 quidam
1622 3432 1739 3470 am-

159 3494 330 3563 plius,
357 3494 447 3549 alii
489 3499 669 3552 minus
694 3500 1023 3566 colligebant
1050 3517 1286 3573 manna;
1334 3507 1615 3562 venientes
1640 3524 1739 3562 au-

159 3595 269 3638 tem
294 3596 351 3639 ut
378 3600 777 3658 meusnrarent,
810 3596 876 3647 ad
909 3595 1282 3663 aequalitatem
1328 3599 1743 3654 adducebantur

156 3676 338 3731 inviti.
373 3678 472 3745 Qui
508 3681 653 3734 enim
685 3685 837 3752 plura
872 3686 1163 3757 collegerat
1208 3689 1261 3743 in
1304 3706 1574 3755 mensura,
1620 3708 1740 3745 am-

160 3768 302 3837 plius
326 3784 430 3825 non
462 3773 696 3829 habebat
724 3792 738 3841 ;
767 3779 858 3846 qui
906 3789 1084 3833 autem
1134 3782 1334 3846 minus,
1369 3782 1503 3836 nihil
1532 3783 1741 3837 minue-

156 3860 323 3914 batur
351 3877 471 3917 cum
511 3878 912 3924 mensurarent.
974 3870 1078 3925 Ista
1132 3872 1297 3942 igitur
1331 3875 1743 3943 comparatione

154 3963 461 4022 opportune
489 3970 618 4010 usus
648 3967 732 4012 est
762 3960 1054 4029 Apostolus
1082 3962 1295 4028 dicens,
1326 3964 1460 4019 sicut
1489 3966 1743 4035 scriptum

154 4053 237 4101 at
266 4060 285 4098 :
321 4044 425 4111 Qui
464 4047 711 4113 multum,
748 4068 852 4106 non
900 4054 1225 4120 abundauit;
1268 4066 1319 4111 et
1341 4058 1431 4127 qui
1456 4057 1741 4123 modicum,

155 4153 265 4191 non
306 4139 473 4207 defuit
507 4140 608 4195 illi.
640 4142 742 4209 Qui
794 4145 938 4198 enim
990 4147 1216 4201 multum
1268 4148 1486 4218 collegit
1523 4165 1740 4214 manna,

155 4244 268 4284 non
305 4231 636 4299 abundavit;
672 4239 1037 4293 mensurando
1067 4241 1210 4294 enim
1266 4239 1333 4295 ad
1380 4240 1741 4310 aequalitatem

155 4323 311 4376 venit
344 4334 437 4379 :et
468 4326 560 4395 qui
610 4329 884 4383 modicum
938 4330 1200 4401 collegit,
1248 4346 1353 4385 non
1392 4331 1562 4386 deluit
1612 4332 1688 4387 illi
1723 4349 1740 4400 ;

157 4415 286 4470 dum
316 4430 729 4475 mensuraretur
753 4422 919 4483 enim,
946 4423 1256 4493 replebatur
1286 4425 1333 4479 ei
1363 4426 1506 4495 quod
1536 4425 1739 4481 deerat.

1846 1936 2066 1990 meudat
2096 1952 2194 1992 eos
2218 1937 2307 2006 qui
2343 1938 2494 1995 missi
2518 1949 2664 2004 sunt,
2701 1949 2760 1993 ut
2794 1955 2899 1994 non
2924 1941 3300 1998 destrueretur
3329 1945 3429 2000 do-

1844 2027 2090 2082 nantiutn
2134 2029 2412 2085 alacritas.
2456 2029 2706 2085 Misimus
2756 2043 2973 2096 autem,
3018 2033 3137 2098 ait,
3168 2051 3287 2088 cum
3319 2037 3429 2091 illis

1844 2121 2062 2190 fratrem
2107 2134 2343 2176 nostrum
2381 2137 2536 2191 quem
2579 2123 2914 2191 probavimus
2967 2125 3023 2177 in
3074 2125 3254 2177 multis
3292 2142 3431 2192 κτρα

1844 2210 2134 2264 sollicitum
2170 2228 2303 2275 esse,
2339 2228 2480 2265 nunc
2514 2223 2689 2265 autem
2716 2211 3081 2289 sollicitiorem
3111 2212 3429 2280 conﬁdentia

1843 2303 2010 2357 multa
2038 2305 2092 2357 in
2126 2320 2235 2368 vos,
2260 2304 2367 2358 sise
2389 2320 2483 2374 pro
2517 2303 2637 2357 Tito
2668 2305 2759 2367 qui
2782 2312 2861 2359 est
2895 2305 3073 2359 socius
3103 2320 3247 2357 meus
3294 2313 3347 2358 et
3374 2305 3429 2357 in

1844 2398 1985 2452 vobis
2016 2398 2230 2469 adjutor
2272 2400 2338 2452 ad
2379 2413 2617 2466 praesens
2646 2400 3006 2455 ministerium
3033 2440 3048 2465 ,
3074 2401 3181 2455 sive
3235 2401 3429 2468 fratres

1845 2488 2011 2541 nostri
2042 2488 2263 2555 apostoli
2293 2486 2654 2541 Ecclesiarum
2682 2488 2867 2559 gloritz
2903 2486 3124 2544 Christi.
3154 2489 3427 2559 Ergo-nou

1846 2596 1942 2636 vos
1969 2582 2147 2653 pigeat
2180 2583 2245 2636 ad
2271 2584 2715 2646 ostentationem,
2742 2597 2864 2652 qua:
2882 2584 2955 2636 sit
2980 2582 3221 2637 charitas
3249 2594 3429 2639 vestra

1843 2681 1898 2726 et
1928 2682 2109 2727 nostra
2139 2671 2311 2741 gloria
2340 2688 2437 2741 pro
2483 2675 2657 2729 vobis.
2693 2674 3102 2731 Praevenientes
3133 2676 3305 2743 enim,
3344 2676 3430 2731 in»

1844 2764 1986 2833 quit,
2022 2763 2237 2834 gloriati
2286 2780 2477 2820 sumus
2512 2768 2563 2819 in
2597 2766 2720 2822 illos
2744 2768 3098 2823 ostendentes
3148 2768 3200 2822 in
3234 2767 3428 2823 faciem

1845 2856 2215 2911 Ecclesiarum
2257 2879 2269 2912 :
2295 2866 2351 2911 et
2381 2858 2628 2912 homines
2650 2860 2867 2928 quidem
2896 2860 3320 2915 commendavit.
3356 2859 3433 2915 De

1849 2947 1968 3015 ipso
2022 2956 2205 3001 autem
2258 2948 2475 3014 negotio
2504 2948 2800 3002 exhortans
2842 2940 2936 3002 eds
2964 2949 3136 3004 dicit:
3174 2949 3316 3003 Nam
3366 2951 3435 3004 de

1846 3036 2138 3089 ministerio
2168 3037 2308 3105 quod
2338 3038 2397 3105 ﬁt
2431 3037 2486 3091 in
2529 3045 2741 3090 sanctos
2779 3038 2928 3107 ipsos
2962 3038 3054 3107 qui
3106 3047 3262 3092 erant
3290 3040 3431 3109 apud

1847 3126 2278 3197 Hierosolymam
2303 3168 2319 3194 ,
2350 3143 2415 3181 ea:
2444 3128 2740 3181 abundanti
2786 3138 2862 3181 est
2908 3129 3038 3181 mihi
3083 3130 3311 3183 scribere
3341 3146 3440 3183 uo-

1846 3222 1926 3274 bis
1956 3218 2022 3273 7°.
2045 3218 2157 3275 Cur
2184 3235 2248 3273 ex
2286 3219 2629 3274 abundanti?
2663 3218 2789 3273 Scio
2825 3222 2961 3274 enim
2996 3232 3292 3288 promptum
3309 3224 3434 3276 ani-

1844 3327 1986 3365 mum
2015 3324 2259 3365 vestrum.
2293 3310 2464 3378 Quem
2495 3326 2599 3365 non
2635 3310 2810 3365 solum
2839 3312 2972 3377 scio,
3005 3315 3099 3367 sed
3138 3324 3186 3367 et
3231 3317 3297 3367 de
3329 3328 3440 3383 qua

1842 3402 2043 3471 glorior
2059 3402 2123 3455 de
2141 3402 2282 3455 vobis
2305 3409 2447 3468 apud
2474 3400 2819 3464 Macedonas,
2840 3402 2968 3471 quia
2987 3402 3191 3456 Achaia
3215 3420 3433 3473 pra'pa-

1845 3503 1964 3546 rata
1989 3502 2063 3547 est
2093 3493 2157 3545 ab
2186 3508 2323 3546 anno
2353 3494 2549 3561 priore.
2586 3492 2654 3546 Et
2686 3506 2791 3545 non
2820 3493 2941 3548 dico
2971 3497 3097 3563 quia
3129 3494 3431 3548 secundum

1843 3585 2243 3639 aemulationem
2293 3583 2649 3638 Macedonum
2704 3585 2915 3641 debetis
2953 3601 3051 3638 vos
3099 3584 3431 3653 adhortari;

1845 3678 1939 3732 sed
1974 3676 2247 3732 wmulatio
2282 3687 2453 3730 vestra
2497 3687 2745 3745 provocat
2772 3676 3055 3746 plurimos.
3095 3676 3237 3744 Ergo
3264 3678 3434 3733 nolite

1847 3770 1959 3824 ﬁeri
1995 3768 2221 3825 secundi
2252 3769 2345 3823 sed
2380 3768 2540 3837 primi
2574 3810 2589 3834 ,
2641 3769 2903 3823 habentes
2944 3767 3319 3822 secundarios.
3373 3768 3432 3823 Si

1846 3863 2013 3933 igitur
2048 3877 2153 3916 non
2196 3870 2281 3915 est
2309 3874 2535 3914 necesse
2579 3861 2847 3925 scribere,
2883 3860 3012 3930 quid
3048 3859 3221 3914 mittis
3253 3859 3278 3913 ?
3309 3860 3436 3916 Misi

1846 3965 2022 4009 autem
2048 3954 2278 4023 fratres,
2309 3968 2371 4006 ne
2400 3952 2455 4005 in
2478 3968 2538 4006 eo
2559 3955 2698 4022 quod
2725 3953 3023 4023 gloriamur
3042 3952 3107 4005 de
3134 3952 3438 4015 vobis,eva-

1844 4058 2029 4102 citetur
2052 4049 2106 4100 in
2136 4045 2235 4098 hac
2257 4052 2405 4113 parte
2427 4059 2448 4109 ;
2479 4053 2556 4108 ut,
2580 4043 3026 4114 quemadmodum
3051 4044 3313 4111 dixeram,
3340 4061 3437 4114 pa-

1844 4141 1948 4195 rati
1973 4140 2086 4194 sitis
2107 4138 2173 4192 “.
2204 4137 2459 4192 Duhietas
2506 4136 2651 4191 enim
2683 4153 2698 4191 :
2729 4135 2832 4203 Ne,
2869 4138 2913 4190 si
2936 4138 3171 4191 venerint
3196 4176 3210 4200 ,
3238 4137 3435 4205 inquit,

1845 4249 2047 4288 mecum
2072 4230 2408 4296 Macedones,
2435 4242 2483 4284 et
2516 4230 2806 4284 invenerint
2839 4246 2929 4284 vos
2963 4231 3275 4299 imparatos,
3300 4247 3401 4284 con
3419 4260 3435 4272 -

1814 4318 1817 4319 ⁷
1848 4324 2137 4394 fundamur
2182 4339 2275 4377 nos
2301 4339 2321 4386 ;
2352 4323 2625 4392 quomodo
2659 4337 2760 4376 nos
2788 4323 2879 4392 qui
2937 4322 3102 4375 luerit
3146 4321 3434 4391 gloriatus,

1845 4428 1938 4473 aut
1965 4419 2179 4474 dicatur
2205 4418 2280 4471 ita
2307 4427 2362 4471 ut
2390 4432 2494 4470 non
2520 4416 2762 4470 dicamus
2788 4431 2877 4469 vos
2912 4416 2966 4468 in
2999 4415 3296 4469 substantia
3327 4415 3438 4468 ista

154 4507 237 4562 lia
276 4516 333 4563 et
378 4525 524 4565 nunc
552 4511 646 4565 ﬁat
694 4514 975 4583 aequalitas
1014 4532 1079 4569 ρχ
1110 4531 1307 4570 manna
1336 4518 1440 4573 isto
1477 4517 1599 4572 ﬁdei
1637 4538 1649 4572 ε
1686 4525 1742 4573 ei,
1773 4540 1818 4595 Β
1846 4509 2259 4583 gloriﬁcationis
2315 4509 2461 4565 dico.
2519 4506 2896 4562 Necessarium
2947 4522 3070 4573 ergo
3137 4506 3434 4559 existimaui

156 4599 359 4667 quibus
407 4601 685 4657 abundant
732 4619 863 4672 opes
894 4645 909 4670 ,
942 4605 1165 4659 mittant
1195 4606 1280 4661 his
1309 4607 1397 4675 qui
1448 4607 1691 4677 indigent
1723 4624 1739 4661 :

157 4690 357 4760 quibus
380 4701 560 4747 autem
589 4697 833 4751 abundat
864 4699 1061 4767 gratia,
1088 4699 1497 4754 communicent
1533 4699 1616 4754 his
1649 4699 1744 4768 qui

158 4800 266 4838 non
288 4785 485 4841 habent
501 4790 748 4857 gratiam.
775 4788 991 4846 Gratias
1008 4802 1183 4846 autem
1203 4792 1309 4846 Deo
1333 4794 1425 4863 qui
1450 4793 1593 4846 dedit
1609 4809 1746 4847 eam-

157 4882 277 4931 dem
313 4880 723 4937 sollicitudinem
763 4900 858 4952 pro
889 4886 1031 4939 vobis
1068 4890 1121 4939 in
1150 4889 1307 4940 corde
1346 4885 1453 4939 Titi
1485 4886 1528 4917 ⁸⁸
1567 4906 1579 4939 ;
1612 4903 1745 4953 quo»

158 4972 304 5024 niam
339 4973 753 5047 exhortationem
778 4978 990 5047 quidem
1033 4981 1260 5048 suscepit
1284 4996 1303 5043 ;
1331 4980 1420 5033 sed
1450 4994 1566 5032 cum
1593 4973 1751 5031 solidi

158 5062 319 5115 citior
344 5076 474 5119 esset
516 5068 579 5120 de
614 5070 758 5122 vobis
780 5109 794 5134 ,
844 5071 983 5125 ultro
1032 5072 1299 5141 profectus
1338 5085 1414 5125 est
1467 5071 1534 5123 ad
1565 5087 1651 5123 vos
1675 5069 1739 5123 “.

159 5150 353 5207 Omnia
395 5155 556 5219 ultro,
612 5157 937 5215 Macedones
968 5161 1130 5227 ultro,
1165 5161 1318 5217 Titus
1354 5162 1514 5215 ultro.
1564 5158 1745 5213 Ellici-

160 5245 317 5312 mini,
366 5246 566 5317 inquit,
596 5260 652 5306 et
687 5266 784 5306 vos
814 5252 977 5307 ultro.
1018 5252 1150 5309 Post
1177 5255 1292 5310 haec
1316 5263 1497 5311 autem
1531 5254 1662 5308 dicit
1687 5260 1743 5308 et

159 5352 321 5404 quem
346 5354 471 5394 cum
517 5342 707 5397 eodem
744 5346 977 5409 miserit,
1019 5354 1072 5400 et
1104 5345 1330 5404 laudans
1353 5363 1449 5404 eos
1497 5348 1743 5402 testimo-

158 5430 269 5487 niis
300 5437 688 5493 commendans
711 5455 848 5513 quos
882 5440 1128 5504 miserat,
1155 5443 1302 5496 addit
1336 5456 1352 5497 :
1383 5442 1451 5496 In
1485 5442 1584 5495 hac
1619 5456 1744 5509 gra-

160 5524 238 5575 tia
270 5525 609 5584 ministratur
630 5550 722 5601 per
758 5550 851 5590 nos
882 5537 936 5591 in
979 5537 1207 5609 gloriam
1230 5536 1352 5603 Dei,
1394 5546 1442 5591 et
1476 5534 1743 5591 sollicitu-

236 5739 281 5769 "
306 5738 634 5803 lICor.vm,
669 5742 755 5807 l3,
792 5742 873 5797 Μ.
952 5743 996 5774 ⁸³
1039 5741 1169 5797 ibid.
1195 5741 1285 5796 22.
1392 5739 1437 5771 ⁵⁵
1469 5740 1596 5795 ibid.
1632 5740 1717 5795 15.

143 5808 213 5891 \s:
243 5809 372 5866 iltitl.
407 5811 492 5865 14.
571 5814 615 5845 7°
646 5812 688 5869 ιι
740 5816 863 5871 αυτ,
903 5830 981 5885 ιχ,
1015 5813 1146 5885 1’2.
1224 5814 1267 5847 τι
1294 5812 1423 5871 ibid.
1470 5813 1521 5867 δ’

1826 5741 1869 5773 ⁸⁵
1904 5739 2029 5796 ibid.
2072 5738 2157 5795 16.

1600 5810 1795 5867 “ibid.
1832 5812 1886 5868 5.
1965 5810 2010 5842 τ·
2044 5811 2150 5855 iw
2206 5810 2238 5849 ιι

1850 4620 2037 4673 rogare
2062 4602 2252 4671 fratres
2275 4612 2330 4654 ut
2358 4612 2576 4671 pergant
2611 4599 2680 4652 ad
2707 4614 2817 4665 vos,
2869 4608 2917 4652 et
2963 4605 3261 4666 praeparent
3309 4606 3435 4649 ante

1850 4697 2164 4768 promissam
2222 4693 2631 4749 benedictionem
2689 4706 2793 4744 non
2842 4689 2995 4759 quasi
3050 4688 3431 4742 avaritiam".

1852 4790 1954 4858 Qui
1990 4790 2135 4845 enim
2173 4790 2288 4852 dat,
2330 4786 2527 4855 accipit
2556 4783 2764 4853 magis;
2798 4791 2851 4837 et
2897 4782 2987 4851 qui
3014 4780 3231 4835 videtur
3262 4779 3441 4835 dona-

1824 4899 1933 4949 .re,
1965 4881 2326 4937 benedicitur.
2355 4877 2722 4948 Praeparatam
2755 4884 2938 4929 autem
2963 4888 3103 4935 esse,
3137 4872 3335 4943 inquit,
3357 4873 3434 4926 ita

1848 4984 1908 5031 ut
1933 4973 2364 5031 benedictionem
2395 4986 2501 5025 non
2530 4970 2688 5041 quasi
2735 4968 3043 5023 avaritiam.
3072 4964 3151 5021 Ne
3186 4966 3309 5036 quis
3334 4980 3437 5035 pti-

1850 5076 1947 5136 tet,
1980 5068 2077 5131 ait,
2108 5065 2388 5120 avaritiam
2415 5077 2536 5118 esse
2559 5062 2700 5132 quod
2723 5062 2987 5132 accipitur
3026 5060 3092 5115 ad
3119 5060 3427 5115 necessita-

1854 5169 1963 5214 tem
1995 5166 2330 5212 sanctorum.
2361 5153 2479 5208 Hoc
2508 5165 2687 5209 autem
2716 5154 2835 5208 dico
2869 5154 3119 5225 quoniam
3143 5154 3232 5223 qui
3278 5166 3441 5220 parce-

1852 5251 2096 5315 seminat,
2131 5265 2291 5319 parce
2312 5258 2361 5303 et
2380 5256 2534 5302 metet
2558 5261 2577 5300 :
2614 5248 2706 5313 qui
2736 5247 2958 5302 seminat
2990 5244 3434 5304 benedictionem,

1852 5327 2261 5399 benemctionem
2299 5351 2347 5396 et
2379 5350 2554 5395 metet.
2586 5338 2956 5409 Unusquisque
2992 5338 3129 5393 sicut
3159 5335 3434 5405 proposuit

1854 5438 2011 5492 corde
2041 5436 2205 5505 faciat
2229 5434 2299 5489 ".
2354 5431 2469 5488 Non
2498 5434 2644 5488 enim
2673 5433 2846 5487 virtus
2895 5445 3030 5500 opus
3055 5439 3167 5495 est,
3196 5429 3291 5483 sed
3321 5426 3437 5481 ani-

1856 5546 1991 5586 mus~
2032 5536 2337 5599 promptus.
2394 5524 2861 5594 Quemadmodum
2917 5537 3045 5595 ergo
3092 5522 3253 5577 debet
3311 5518 3437 5588 quis

2267 5739 2311 5769 ⁸⁵
2354 5736 2480 5793 ibid.
2512 5737 2592 5791 l7.
2672 5735 2714 5766 ⁸⁷
2741 5733 2872 5791 ibid.
2913 5732 2993 5789 19.
3105 5729 3148 5763 ⁶⁶
3174 5729 3312 5787 ἰὺίιΙν
3341 5727 3432 5784 2|.
