4100 6286
213 320 1135 377 ΞΕ

1222 327 1888 335 2m

1141 507 2460 682 ΕΥΣΕΒΙΟΥ

3017 353 3376 361 -___.___.

2309 324 2872 332 ω

1347 811 1575 897 ΤΟΥ
1629 806 2233 897 ΠΑΜΦΙΛΟΥ

758 1011 1072 1140 ΕΙΣ
1182 1007 1715 1141 ΤΟΥΣ
1821 1002 2821 1141 ΨΑΛΜΟΥΣ

1461 1238 1599 1292 ΛΠΟ
1637 1237 1761 1292 ΡΙΘ¹
1802 1240 1927 1293 ΕΩΣ
1964 1239 2092 1293 ΡΝ.

902 1586 1661 1747 EUSEBII
1746 1584 2673 1743 PAMPHILI

505 1878 2025 2011 COMMENTARIORUM
2106 1884 2269 2008 IN
2349 1879 3073 2015 PSALMOS

1536 2139 1576 2180 Δ
1622 2138 1779 2181 CXIX
1822 2138 1905 2181 AD
1950 2138 2025 2182 CL

690 2314 693 2315 ν
760 2285 1162 2359 ΒΕΙᾸΟΠΙᾸΞ
1204 2284 1730 2348 SUPERSTITES

1833 2285 1860 2344 ι
1904 2284 2323 2348 comcmus
2366 2254 2820 2353 VATICANIS.

330 2450 430 2523 (Ex
457 2450 783 2507 Bibliotheca
809 2466 942 2506 nova
968 2447 1195 2535 Patrum
1232 2446 1530 2505 cardinalis
1562 2445 1770 2519 Angelo
1814 2446 1942 2515 MAI,
1974 2458 2013 2503 t.
2058 2448 2149 2514 IV,
2192 2464 2245 2520 p.
2282 2448 2371 2505 67.
2400 2449 2531 2522 Ejus
2560 2452 2938 2522 praefationem
2974 2458 3246 2529 superiori

1490 2552 1636 2598 tomo
1666 2543 2076 2615 praemisimus.)

697 2838 990 2895 ΨΑΛΜΟΣ
1030 2839 1179 2894 PIO'.

591 2930 731 3003 ’ῼόὴ
761 2930 882 2984 τῶν
913 2930 1291 3000 ἀναϐαθμῶν.

233 3023 289 3075 Ol
318 3024 712 3088 καταπεσόντες
745 3024 854 3078 άπὸ
899 3024 1009 3077 τῶν
1052 3022 1146 3076 τοῦ
1191 3022 1327 3077 Θεοῦ
1362 3022 1565 3086 καλῶν,
1596 3024 1731 3077 άνα-

180 3111 420 3168 ϐαίνουσιν
451 3117 542 3169 ἐπὶ
568 3115 761 3180 ταῦτα,
795 3116 1319 3187 παρασκευάσαντες
1352 3115 1432 3179 εἰς
1463 3116 1565 3186 τὴν
1598 3116 1734 3169 ἀνά-

175 3206 311 3261 εισιν
334 3209 582 3273 ἑαυτούς·
610 3209 707 3280 τὴν
734 3205 826 3264 οὖν
851 3208 1205 3281 παρασκευὴν
1232 3206 1432 3271 ἱκανῶς
1460 3205 1736 3272 ἐπιδείξας

178 3298 524 3373 ὸγαλμᾳὴὸς
571 3302 659 3356 διὰ
710 3301 807 3354 τοῦ
860 3299 1078 3373 πρώτου
1126 3297 1344 3370 ψαλμοῦ
1391 3299 1599 3368 είσάγει
1634 3298 1734 3369 τὴν

175 3392 409 3448 ἀνάϐασιν
432 3394 534 3465 τὴν
562 3394 650 3448 διὰ
682 3394 789 3447 τῶν
816 3393 1067 3463 θλίψεων.

584 3578 723 3635 Ἀπὸ
762 3578 1051 3647 γλώσσης
1075 3576 1211 3633 δολί
1213 3592 1306 3643 ας.

229 3668 507 3725 ’τουτέστιν
553 3671 662 3725 ἀπὺ
714 3671 897 3742 πάσης
945 3668 1291 3741 ψευδοδοξίας
1346 3665 1442 3722 καὶ
1485 3666 1731 3739 ἀπάτης

172 3762 319 3829 δεῖται
378 3763 490 3836 γὰρ
539 3764 569 3816 ὁ
617 3765 675 3816 ὲν
706 3763 849 3835 ἀρχῇ
910 3763 1196 3834 προκοπῆς
1243 3760 1529 3831 τυγχάνων
1584 3760 1735 3823 ὅπως

174 3853 337 3925 μηδεὶς
369 3856 533 3909 αὑτὸν
569 3853 1005 3927 παραλογίζηται
1038 3855 1096 3909 ὲν
1134 3851 1503 3925 πιθανολογίᾳ.

575 4040 637 4093 Τί
673 4038 879 4106 δοθείη
918 4050 1056 4099 dat;
1083 4054 1137 4090 κ.
1170 4053 1223 4090 τ.
1255 4035 1307 4093 λ.

231 4133 567 4198 Ἒπαγούσας
599 4135 627 4188 ὁ
650 4133 821 4201 Λόγος
851 4131 946 4185 τοῦ
978 4129 1444 4204 προσευξαμένου,
1473 4128 1617 4185 κατὰ
1648 4129 1729 4196 τὸ,

167 4223 275 4277 Ἔτι
317 4225 664 4291 λαλοῦντός
713 4242 851 4288 σου,
898 4219 1027 4277 ίδοὺ
1078 4220 1336 4293 πάρειμι,
1376 4222 1733 4297 ἀποκρίνεται

164 4317 291 4387 αὐτῷ
326 4318 418 4372 καί
450 4334 589 4387 φησι
611 4334 623 4347 ⁸
652 4316 877 4388 Θάρσει,
904 4308 949 4367 ὦ
987 4307 1162 4378 οὗτος,
1198 4312 1355 4378 εἰδὼς
1375 4314 1459 4367 ὅτι
1493 4312 1735 4385 προστά-

163 4426 244 4480 την
270 4414 358 4465 καὶ
386 4414 713 4483 ὑπερμαχον
764 4410 906 4480 ἔχεις
945 4408 1198 4473 δυνατὸν,
1232 4408 1418 4473 ὅπλοις
1448 4408 1731 4480 χριίιμενον

163 4502 279 4575 ὖπὲρ
306 4505 397 4559 σοῦ
429 4505 578 4559 κατὰ
610 4503 717 4557 τῶν
747 4502 855 4555 σῶν
889 4501 1163 4572 πολεμίων
1187 4518 1199 4531 ·
1233 4500 1361 4574 βέλη
1388 4518 1449 4554 τε
1472 4501 1580 4573 γάρ
1603 4500 1731 4570 ἠκό-

162 4612 299 4662 νησεν
327 4600 445 4651 κατ’
475 4596 660 4650 αὐτῶν
682 4636 696 4659 ,
744 4596 837 4647 καὶ
882 4593 1157 4665 ἄνθρακας
1188 4593 1484 4664 ἡτοίμασεν
1530 4593 1732 4664 ἐρημο-

164 4692 322 4754 ποιοῦς
368 4694 449 4755 εἰς
499 4690 726 4753 αὐτοὺς,
776 4688 1156 4758 μετελεύσεται
1211 4688 1268 4740 ὲν
1300 4688 1420 4751 ταῖς
1466 4688 1589 4740 κατ’
1639 4687 1735 4740 αὐ-

164 4777 251 4829 τῶν
278 4781 610 4851 τιμωρίαις*
636 4780 695 4832 τί
735 4773 828 4831 οὖν
869 4777 1032 4830 πλέον
1066 4778 1238 4839 αίτεῖς
1278 4774 1496 4846 δοθῆναί
1543 4791 1660 4839 σοις
1697 4775 1730 4844 ἢ

162 4874 201 4920 τί
222 4872 371 4945 θέλῃς
400 4869 765 4943 προστιθέναι
802 4887 882 4923 σοι
916 4869 1053 4941 μετὰ
1079 4868 1179 4937 τὴν
1209 4866 1477 4937 τοσαύτην
1510 4865 1605 4919 τοῦ
1635 4870 1735 4919 Δυ-

164 4963 298 5014 νατοῦ
332 4965 477 5017 κατὰ
507 4964 622 5016 τῶν
648 4962 858 5016 ἀσεϐῶν
889 4960 1282 5031 παρασκευήν;

369 5055 542 5109 Μετὰ
565 5051 688 5105 τῶν
724 5052 1131 5121 σκηνωμάτων
1156 5049 1357 5118 Κηδάρ
1388 5049 1486 5121 (1).

213 5145 391 5217 Κηδέιρ
421 5148 609 5215 πάγος
640 5146 831 5211 γενεᾶς
845 5143 1068 5197 δύναται
1086 5152 1181 5196 καὶ
1206 5140 1515 5211 σκοτασμός
1533 5157 1547 5170 ο
1572 5141 1726 5193 Κατ-

154 5243 414 5309 ετιήνωσα
441 5234 565 5302 οὖν,
602 5238 756 5307 φησι,
790 5235 928 5307 μετὰ
954 5235 1063 5288 τῶν
1094 5234 1467 5305 σκηνωμάτων
1485 5232 1579 5285 τοῦ
1598 5250 1723 5285 σκο-

154 5330 356 5398 τσσμοῧ,
393 5332 539 5400 ὅπερ
574 5330 691 5381 ἐστὶ
716 5328 809 5380 τοῦ
847 5326 1097 5396 σώματος
1126 5325 1219 5378 τοῦ
1261 5324 1492 5378 Θανάτου
1513 5341 1525 5353 ·
1571 5325 1721 5395 καὶὴ

150 5420 271 5492 1,221+,
306 5442 404 5492 μου
439 5422 614 5494 αὑτὴ,
645 5422 800 5491 φησὶ,
838 5420 1009 5473 πολλὰ
1040 5419 1327 5481 πλεονάκις
1368 5417 1718 5490 παρῴκησεν.

210 5534 223 5561 ³
252 5532 347 5587 lsa.
383 5551 548 5598 um,
594 5534 629 5588 9

2359 2839 2684 2898 PSALMUS
2722 2840 2909 2901 CXIX.

2196 2934 2359 2991 Vens.
2394 2936 2445 2989 1.
2475 2934 2755 2990 Canticum
2787 2935 3071 3007 graduum.

1910 3026 2015 3094 Qui
2049 3042 2077 3079 a
2108 3022 2203 3082 Dei
2236 3028 2394 3083 bonis
2419 3028 2765 3093 exciderunt,
2792 3031 2859 3083 ad
2888 3029 3005 3085 hac
3036 3030 3216 3087 denuo
3242 3046 3425 3088 assur-

1836 3131 1990 3192 gunt,
2049 3121 2095 3177 si
2147 3122 2213 3176 ad
2267 3121 2579 3192 hujusmodi
2636 3123 3012 3178 ascensionem
3063 3132 3236 3179 semet
3269 3139 3423 3181 com-

1835 3215 2209 3284 paraverint.‘
2248 3214 2401 3269 Hanc
2463 3230 2593 3286 ergo
2663 3216 3118 3285 praeparationem
3191 3231 3304 3287 prae
3364 3232 3426 3273 se

1838 3306 2023 3362 terens
2080 3306 2405 3373 Psalmista,
2478 3310 2657 3379 primo
2723 3307 2827 3363 boc
2888 3310 3155 3378 graduum
3213 3309 3426 3380 psalmo

1836 3398 2251 3463 ascensionem,
2324 3413 2447 3470 qua:
2523 3414 2621 3470 per
2688 3399 3103 3457 tribulationem
3147 3399 3253 3466 ﬁt,
3320 3415 3422 3456 ex-

1835 3490 2010 3560 ponit.

2221 3578 2388 3634 Vens.
2424 3578 2480 3633 2.
2530 3580 2575 3634 Α
2613 3579 2795 3652 lingua
2822 3581 3031 3637 dolosa.

1906 3673 1964 3727 Id
2019 3682 2105 3729 est
2153 3672 2223 3727 ab
2272 3673 2422 3728 omni
2472 3670 2652 3728 fallaci
2697 3674 2968 3731 sententia
2994 3682 3050 3728 et
3076 3673 3419 3743 deceptione.

1837 3764 2065 3835 Oportet
2117 3764 2260 3821 enim
2318 3782 2444 3822 eum
2511 3767 2602 3835 qui
2668 3766 2885 3822 initium
2947 3766 3270 3837 proﬁciendi
3338 3766 3424 3820 l'a-

1836 3859 1954 3925 cit,
2006 3873 2040 3913 a
2083 3858 2305 3914 nemine
2356 3857 2510 3913 falsis
2572 3857 3016 3929 persuasionibus
3066 3858 3120 3912 in
3174 3871 3419 3915 errorem

1836 3950 2051 4007 abducL

2157 4040 2323 4095 Vens.
2356 4040 2408 4095 5.
2456 4040 2596 4106 Quid
2630 4040 2785 4093 detur
2819 4039 2961 4093 tibi?
2988 4048 3099 4095 etc.

1906 4130 2109 4185 Audito
2129 4140 2323 4185 orante
2336 4129 2501 4195 Deus,
2517 4129 2683 4184 veluti
2704 4129 2858 4192 illud,
2874 4128 3059 4183 Adhuc
3082 4139 3130 4183 te
3156 4128 3419 4200 loquente,

1835 4240 1952 4280 ecce
2004 4224 2192 4278 adsum
2220 4224 2237 4255 ¹
2264 4265 2278 4289 ,
2311 4222 2609 4293 respondet
2632 4222 2705 4285 ei,
2744 4223 2982 4292 dicitque
3016 4242 3029 4277 :
3069 4223 3246 4281 Macte
3294 4225 3419 4279 ani-

1830 4332 1941 4382 mo,
1974 4330 2009 4371 0
2049 4315 2245 4381 homo;
2294 4317 2437 4370 nosti
2470 4315 2618 4369 enim
2661 4314 2900 4371 validum
2951 4324 3002 4372 te
3050 4326 3419 4385 protectorem

1830 4396 2278 4475 defensurennquc
2307 4406 2531 4474 habere,
2565 4408 2733 4462 armis
2772 4422 2868 4475 pro
2898 4416 2951 4463 te
2997 4409 3264 4465 adversus
3314 4409 3419 4464 lm-

1828 4506 1941 4553 stes
1967 4497 2338 4553 decertantem
2367 4516 2382 4552 :
2424 4512 2551 4553 nam
2599 4498 2827 4568 sagittas
2853 4510 3040 4555 contra
3070 4501 3217 4569 ipsos
3250 4500 3418 4567 acuit,

1830 4588 2190 4645 desolatorios
2217 4591 2487 4646 carbones
2517 4591 2777 4645 adversus
2804 4606 2900 4645 eos
2937 4593 3186 4662 paravit,
3230 4602 3285 4647 et
3330 4592 3418 4646 in-

1833 4687 2073 4735 structus
2110 4680 2394 4750 suppliciis
2423 4692 2686 4737 venturus
2718 4691 2825 4739 est.
2849 4680 2989 4750 Quid
3033 4698 3164 4751 ergo
3197 4682 3420 4750 insuper

1834 4769 1929 4824 tibi
1973 4770 2091 4825 dari
2142 4770 2425 4841 postulas?
2474 4771 2561 4826 vel
2603 4771 2865 4842 quidnam
2922 4772 3019 4828 tibi
3079 4773 3201 4829 addi
3254 4772 3415 4840 velis,

1832 4867 1954 4927 post
2012 4868 2225 4916 tantum
2278 4862 2520 4931 potentis
2573 4860 2667 4916 Dei
2710 4871 2905 4918 contra
2956 4863 3152 4934 impios
3180 4879 3417 4935 appara-

1834 4959 1947 5004 tum
1974 4951 1996 5003 ?

2122 5043 2286 5098 Vens.
2315 5043 2367 5098 5.
2397 5043 2529 5097 Cum
2556 5046 2913 5100 tabernaculis
2938 5045 3129 5102 Cedar.

1906 5131 2082 5189 Cedat
2102 5136 2225 5205 gelu
2255 5138 2625 5206 generationis
2652 5147 2706 5193 et
2728 5138 3084 5193 obscuritatis
3114 5136 3416 5208 signiﬁcat.

1835 5222 2088 5280 Habitavi
2119 5228 2324 5297 itaque,
2356 5229 2451 5293 ait,
2480 5232 2529 5282 in
2560 5230 2926 5285 tabernaculis
2953 5230 3332 5294 obscuritatis,
3355 5230 3419 5286 id

1834 5328 1919 5373 est
1948 5320 2001 5373 in
2043 5321 2255 5374 mortali
2288 5336 2521 5391 corpore
2553 5340 2567 5375 :
2600 5336 2657 5378 et
2688 5326 2873 5379 anima
2914 5339 3033 5378 mea
3089 5325 3206 5395 ipsa
3247 5338 3414 5393 saepe,

1835 5414 2029 5483 inquit,
2061 5415 2260 5485 diuque
2286 5416 2463 5472 incola
2503 5418 2626 5474 fuit.

208 5652 273 5720 (ί)
308 5655 479 5711 Recte
522 5654 653 5709 cod.
688 5653 751 5710 C.
790 5654 1166 5709 tantummodo
1211 5655 1333 5712 sic:
1394 5654 1452 5705 ὐ
1489 5652 1730 5713 Εὐσέϐιος

1833 5651 1968 5723 ηδὰρ
1997 5652 2357 5724 ἑρμηνεύεται
2395 5652 2750 5722 σκοτασμόν
2790 5653 2841 5723 (a

496 5753 771 5814 I’n'noc.
808 5752 930 5813 Gn.
979 5750 1213 5814 XXIV.

3070 5752 3099 5809 1
