4100 6286
216 323 277 379 Π
1333 326 1841 384 ΒΟΜΜΕΝΤΔΚΙΔ
1880 326 1949 383 IN
1989 324 2331 383 Ρδλωιοε.
3409 326 3478 383 is

212 445 322 510 ρίαν
348 444 505 516 ἡμῶν
547 447 978 519 φανταζόμενοι·
1012 446 1167 503 ἕσται
1203 448 1257 503 δὲ
1300 449 1451 523 ὕπαρ
1484 451 1579 505 καὶ
1629 451 1760 521 ἰναρ

1895 466 2059 519 quam
2096 448 2291 518 reliqui
2341 459 2558 519 quoque
2600 445 2800 500 fratres
2849 445 3021 502 nostri
3074 462 3104 501 a
3156 447 3479 517 captivitate

209 533 301 605 τὴς
315 534 465 606 ήμῶν
488 537 523 606 ἡ
542 536 707 606 χαρὰ,
730 537 952 593 ἐπειδὰν
978 538 1071 591 καὶ
1097 539 1147 591 οἰ
1176 538 1354 593 λοιποὶ
1379 540 1538 610 ἡμῶν
1562 539 1782 610 ἀδελφοὶ

210 624 306 679 ἀπὸ
342 626 438 695 τῆς
477 626 863 698 αἰχμαλωσίας
912 628 1301 684 ἰπανέλθωσιν·
1356 632 1443 701 ἐφ’
1484 624 1530 699 ᾧ
1570 632 1667 686 καὶ
1710 631 1782 685 τὰ

211 714 321 787 ἔθνη
357 716 725 790 μακαμοῦσιν
761 720 929 790 ἡμᾶς,
954 719 1031 784 ὡς
1057 720 1166 775 τδια
1189 720 1325 793 μέλη
1354 723 1775 797 κομισαμένους·

210 807 263 861 ἓν
284 808 385 879 γὰρ
409 808 470 862 τὸ
494 809 660 880 σῶμα
691 811 802 866 τῶν
832 812 1176 883 σωζομένων.

374 898 511 951 Τότε
541 900 825 969 ἐπλήσθη
857 901 1047 969 χαρᾶς
1074 901 1142 955 τό
1175 903 1372 972 στόμα
1407 902 1597 973 ἡμῶν.

267 986 398 1049 τούς
425 986 695 1056 λέγοντας
726 992 803 1063 (ό)
833 994 903 1047 τὰ
942 994 1063 1049 θεῖα
1108 996 1196 1066 ἐφ’
1228 992 1312 1060 οἷς
1357 998 1574 1069 καρπός
1614 998 1779 1054 πνεύ-

208 1090 379 1146 ματος,
417 1080 564 1149 χαρὰ
612 1084 724 1145 τοῖς
771 1084 1062 1138 ἀκούωσιν
1091 1085 1153 1139 τὸ
1200 1087 1301 1157 μὲν
1346 1088 1521 1160 στόμα
1567 1090 1778 1157 γίνεται

207 1170 288 1221 καὶ
326 1170 617 1245 ἐπληρώθη
670 1177 878 1246 χαρᾶς,
927 1179 961 1248 ἡ
1008 1176 1066 1231 δὲ
1116 1178 1338 1248 γλῶσσα
1376 1181 1775 1249 ἀγαλλιάσεως,

205 1260 284 1328 ἀφ’
309 1254 381 1314 ὧν
414 1265 498 1333 ῥεῖ
526 1265 674 1335 χαρὰ
700 1267 793 1319 καὶ
821 1267 1142 1335 ἀγαλλίασις
1160 1288 1173 1300 ·
1212 1271 1420 1327 τούτων
1451 1273 1510 1327 δὲ
1555 1275 1773 1346 γινομέ-

204 1370 315 1416 νων,
341 1355 390 1406 οἰ
418 1355 527 1408 ἀπὸ
558 1357 670 1409 τῶν
709 1358 879 1411 ἐθνῶν
910 1359 1286 1433 διδασκόμενοι
1319 1362 1774 1439 λέγουσιν-Ἐμε-

202 1443 375 1511 γάλυνε
424 1446 633 1520 Κύριος
671 1449 767 1503 τοῦ
810 1452 1033 1523 ποιῆσαι
1084 1456 1203 1525 μετ’
1238 1454 1452 1510 αὐτῶν·
1497 1458 1594 1512 καὶ
1644 1459 1774 1531 περὶ

201 1535 391 1591 ἑαυτῶν
420 1538 477 1592 δέ
500 1557 665 1608 φασιν
686 1543 1153 1615 εὐχαριστοῦντες·
1173 1547 1538 1617 Ἐμετάλυνε
1556 1553 1773 1621 Κύριος

200 1626 297 1681 τοῦ
310 1627 556 1697 ποιῆσαι
579 1633 709 1701 μεθ’
727 1632 913 1703 ἡμῶν·
961 1636 1301 1709 ἐγενήθημεν
1327 1641 1765 1713 εὐφραινόμενοι.

209 1719 328 1772 Ἐπί
351 1720 445 1790 μὲν
462 1721 585 1775 τῶν
609 1718 1271 1794 ποταμῶνᾜαϐυλῶνος
1285 1729 1651 1801 ἐκαθίσαμεν
1669 1734 1770 1787 καί

1891 541 2094 597 iuerint
2139 541 2369 598 reversi.
2412 542 2587 608 Quam
2642 554 2757 593 rem
2806 548 2996 610 gentes
3048 553 3273 611 quoque
3318 538 3477 593 nobis

1887 634 2329 704 gratulabuntur,
2360 648 2459 689 ceu
2509 633 2602 704 qui
2644 634 2888 687 membra
2943 641 3130 687 nbatra
3179 645 3474 701 recupera-

1886 728 2145 782 verimus.
2189 724 2372 784 Unum
2410 726 2613 797 quippe
2643 723 2979 780 salvatorum
3022 722 3305 778 hominum
3347 737 3475 779 σοι-ς

1888 836 1987 891 pus
2018 830 2123 876 est.

1950 909 2115 966 Vsus.
2153 909 2211 965 ‘2.
2243 907 2391 964 Tunc
2428 908 2681 979 repletum
2714 918 2788 963 est
2821 908 3018 979 gaudio
3055 923 3113 961 os
3146 915 3405 960 nostrum.

1959 1003 2183 1070 Eorum,
2214 1004 2307 1074 qui
2335 1003 2522 1057 divina
2546 1002 2901 1073 eloquuntur,
2940 1002 2993 1055 in
3019 1001 3220 1070 quibus
3247 1002 3471 1068 spiritus

1886 1099 2094 1155 fructus
2126 1106 2235 1163 est,
2264 1097 2520 1170 gaudium
2552 1096 2903 1151 audientibus
2928 1103 3081 1148 creat
3113 1109 3178 1149 os
3210 1094 3467 1163 jucundi-

1887 1201 1997 1247 tate
2030 1190 2360 1255 redundans,
2394 1198 2451 1244 et
2485 1188 2667 1256 lingua
2698 1184 2893 1240 (timuit
2919 1185 3307 1241 exsultatione.
3337 1182 3469 1250 Quae

1882 1296 2004 1336 cum
2056 1280 2169 1335 lieri
2208 1288 2399 1349 gentes
2442 1286 2816 1350 cognoscunt,
2852 1277 3048 1330 aiunt:
3102 1275 3468 1346 Magnificavit

1884 1371 2149 1426 Dominus
2197 1368 2380 1424 facere
2424 1382 2547 1422 cum
2580 1367 2682 1422 eis.
2718 1364 2832 1421 lmo
2873 1376 2928 1421 et
2971 1366 3038 1421 de
3079 1381 3140 1422 se
3170 1366 3300 1435 ipsis
3341 1382 3464 1421 cum

1881 1458 2179 1527 gratiarum
2244 1455 2461 1510 actione
2507 1455 2696 1509 dicunt
2716 1474 2739 1511 σε
2790 1454 3154 1525 Magni/icavit
3205 1455 3464 1510 Dominus

1880 1550 2054 1620 facere
2097 1549 2406 1614 nobiscum;
2444 1548 2674 1618 ideoque
2724 1548 2888 1603 laetati
2936 1564 3145 1604 sumus.
3188 1546 3260 1603 Et
3305 1565 3465 1619 super

1878 1643 2104 1712 ﬂumina
2135 1642 2355 1712 quidem
2386 1642 2673 1714 Babylonis
2714 1640 2904 1711 (Judaei
2934 1642 3204 1713 inquiunt)
3228 1643 3463 1697 sedimus

1879 1750 1942 1787 ac
1970 1734 2213 1803 ﬂeuimus
2241 1735 2301 1800 ';
2337 1750 2462 1791 cum
2489 1744 2674 1791 autem
2708 1732 2853 1788 Deus
2884 1735 3130 1804 captivos
3160 1737 3460 1802 revocavit,

197 1809 564 1881 ἐκλαύσαμεν
585 1832 597 1843 ·
638 1815 697 1868 ὲν
745 1815 807 1868 es
845 1815 922 1887 τῷ
948 1819 1272 1889 ἐπιστρέψαι
1306 1821 1398 1875 τὸν
1430 1822 1635 1894 Κύριον
1672 1825 1760 1897 τὴι

1876 1824 2131 1892 repletum
2162 1837 2239 1881 est
2271 1828 2470 1897 gaudio
2502 1843 2558 1881 os
2599 1839 2834 1881 nostrum
2859 1825 2897 1879 ⁸.
2933 1825 3150 1883 Similes
3179 1841 3341 1896 porro
3379 1827 3459 1881 lo—

198 1904 573 1973 αίχμαλωσίαν,
604 1906 884 1976 ἐπλήσθη
918 1908 1108 1979 χαρᾶς
1156 1912 1219 1966 τό
1264 1916 1459 1984 στόμα
1489 1916 1765 1989 ήμῶν(5)·

207 1994 383 2048 ἐπὰν
407 1996 759 2067 ποιήσωμεν
786 1998 868 2065 τῷ
904 2002 1154 2071 στόματι
1197 2005 1485 2073 φυλακήν
1505 2025 1519 2037 ·
1567 2009 1661 2061 καὶ
1686 2009 1767 2071 τὸ,

195 2086 371 2155 Στόμα
400 2086 641 2143 δικαίου
687 2089 915 2160 μελετᾷ
964 2094 1223 2163 σοφίαν·
1283 2098 1379 2151 καὶ
1421 2098 1501 2162 τὸ,
1543 2100 1771 2169 Ἅνοιτε

194 2176 296 2228 σὸν
337 2182 551 2250 στόμα,
608 2182 771 2253 λέγει
829 2185 1005 2250 Θεός·
1054 2186 1148 2241 καὶ
1198 2188 1394 2258 ὃμοια·
1454 2191 1526 2245 Τὸ
1575 2195 1771 2263 στόμα

193 2266 343 2335 ἡμῶν
359 2271 588 2343 ἀνέῳγε
609 2274 762 2341 πρὸς
781 2272 958 2345 ὑμᾶς,
984 2279 1279 2346 Κορίνθιοι
1297 2297 1311 2311 ·
1339 2281 1460 2335 τότε
1481 2281 1771 2353 ἀληθεύον-

192 2374 271 2421 at;
292 2362 532 2433 φήσομεν
551 2381 564 2394 ·
591 2365 729 2419 Τότε
750 2364 1028 2437 ἐπλήσθη
1051 2369 1243 2439 χαρᾶς
1266 2370 1333 2425 τό
1356 2374 1550 2442 στόμα
1576 2373 1763 2444 ἡμῶν.

193 2452 287 2505 Καὶ
316 2456 428 2523 μετ’
464 2456 646 2525 ὀλίγα·
701 2457 871 2513 nam
908 2459 965 2514 δὲ
1022 2461 1349 2533 φυλάξωμεν
1372 2465 1469 2529 τὰς
1497 2466 1650 2531 ὁδοὺς
1671 2468 1765 2521 τοῦ

194 2543 259 2611 μὴ
289 2545 643 2616 ἁμαρτάνειν,
670 2548 790 2602 τότε
839 2550 1261 2625 πληρωθήσεται
1287 2557 1319 2626 ἡ
1354 2555 1578 2625 γλῶσσα
1607 2559 1766 2629 ἡμῶν

189 2634 579 2701 ἀγαλλιάσεως·
621 2638 865 2713 ἐπλήσθη
908 2641 966 2695 δὲ
1018 2645 1195 2715 χαρᾶς
1247 2646 1342 2698 καὶ
1390 2646 1450 2699 τὸ
1496 2646 1763 2702 Φίλιππου

191 2729 365 2798 στόμα,
412 2730 501 2784 ὅτε
541 2732 762 2800 ἀνοίξας
805 2735 866 2788 τὸ
896 2736 1070 2807 στόμα
1103 2737 1290 2803 αὐτοῦ,
1328 2742 1422 2793 καὶ
1459 2740 1765 2813 ἀρξάμενος

189 2820 281 2873 ἀπὸ
302 2821 411 2887 τοῦ,
455 2823 553 2889 Ὠς
577 2826 877 2891 πρόϐατον
896 2827 995 2880 ἐπὶ
1024 2828 1274 2898 σφαγὴν
1312 2829 1492 2899 ἤχθη,
1527 2833 1764 2904 εὐηγγε-

190 2910 353 2965 λίσατο
380 2913 467 2967 τὸν
510 2916 720 2987 Ἰησοῦν
748 2917 828 2988 τῷ
856 2918 1095 2991 εὐνούχῳ
1122 2920 1362 2975 Αἰθίοπι.

276 3006 638 3077 Ἐμετάλυνε
665 3011 881 3079 Κύριος
904 3011 1012 3066 τοῦ
1043 3013 1294 3083 ποιῆσαι
1311 3018 1443 3085 μεθ’
1475 3016 1662 3086 ἡμῶν.

257 3095 530 3169 ’Δνωτέρω
566 3099 667 3169 μὲν
689 3098 765 3164 ὡς
791 3100 889 3172 ἤδη
924 3102 1261 3175 ἐπιστροφῆς
1291 3105 1399 3159 ἀπὸ
1429 3106 1528 3178 τῆς
1558 3108 1762 3179 αίχμα-

1872 1920 2121 1975 cutiones
2154 1929 2316 1975 sunt:
2366 1918 2499 1975 Cum
2544 1937 2795 1991 ponemus
2846 1923 2927 1975 ori
2985 1923 3282 1977 custodiam
3305 1924 3347 1989 ';
3382 1934 3459 1988 et,

1874 2009 1949 2066 0s
1972 2011 2109 2079 justi
2137 2012 2424 2066 meditatur
2458 2015 2775 2081 sapientiam
2802 2014 2877 2066 ¹⁶;
2902 2023 2979 2077 et,
3009 2014 3167 2082 Aperi
3202 2030 3260 2068 os
3289 2025 3457 2075 tuum.

1871 2102 2001 2155 dicit
2035 2102 2291 2157 Dominus
2313 2104 2387 2168 “;
2426 2105 2641 2173 aliaque
2666 2104 2971 2171 hujnstnodi
2999 2104 3219 2171 :velnti,
3262 2104 3333 2158 0s
3367 2122 3463 2157 nc-

1870 2204 2038 2247 strum
2067 2203 2210 2262 patet
2233 2196 2304 2249 ad
2332 2212 2443 2259 vos,
2469 2194 2731 2251 Corinthii
2758 2200 2822 2251 ¹¹.
2855 2198 2991 2253 Tum
3023 2213 3149 2253 vere
3175 2200 3419 2253 dicemus
3443 2216 3455 2250 :

1874 2284 2021 2340 Tunc
2048 2288 2301 2355 repletum
2330 2298 2406 2342 est
2438 2290 2636 2358 gaudio
2672 2306 2730 2343 os
2758 2301 3017 2344 nostrum.
3053 2289 3120 2344 Et
3153 2290 3341 2359 paucis
3377 2292 3460 2343 in—

1871 2379 2119 2450 terjectis
2141 2400 2155 2436 :
2177 2380 2314 2436 Cum
2351 2380 2775 2437 custodierimus
2798 2385 2916 2438 vias
2951 2392 3190 2446 nostras,
3220 2398 3286 2437 ne
3319 2383 3460 2440 forte

1869 2486 2195 2540 peccemus,
2237 2483 2370 2529 tunc
2403 2474 2583 2545 lingua
2633 2485 2818 2530 nostra
2866 2476 3165 2547 replebitur
3214 2462 3483 2531 exsultaA

1871 2565 2039 2623 tione.
2070 2564 2283 2622 Gaudio
2318 2582 2537 2637 quoque
2568 2566 2801 2638 Philippi
2840 2582 2902 2623 os
2940 2568 3290 2631 redundavit,
3329 2583 3455 2623 cum

1866 2654 1998 2711 illud
2036 2658 2310 2727 aperiens,
2346 2658 2716 2729 incipieusque
2738 2674 2767 2713 a
2797 2660 2979 2715 verbis
3013 2659 3142 2725 illis,
3178 2659 3454 2731 Tanquam

1866 2749 1975 2802 ovis
2029 2750 2099 2801 od
2137 2750 2454 2805 occisionem
2498 2750 2690 2807 ductus
2746 2762 2824 2807 est
2873 2754 2934 2817 ",
2964 2752 3147 2807 Jesutn
3203 2744 3457 2808 eunucho

1866 2840 2107 2913 rEthiopi
2129 2842 2522 2913 evangelizavit
2553 2844 2641 2897 ¹³”.

1902 2933 2071 2992 Vens.
2102 2934 2155 2988 3.
2198 2933 2565 3006 Magniﬁcavit
2609 2935 2870 2991 Dominus
2905 2936 3079 3007 facere
3119 2938 3413 2992 nobiscum.

1936 3024 2202 3097 Superius
2245 3040 2346 3083 ceu
2387 3038 2512 3097 post
2555 3026 2788 3082 reditum
2843 3044 2871 3082 a
2916 3030 3270 3100 captivitate,
3320 3030 3449 3086 dicti

1870 3118 2023 3173 fuere
2064 3120 2173 3173 duo
2212 3120 2491 3175 versiculi.
2536 3120 2690 3175 Nunc
2722 3130 2979 3189 tanquam
3018 3122 3195 3177 adhuc
3245 3123 3300 3176 in
3357 3138 3450 3178 ca-

186 3183 367 3286 λωσίας
411 3190 731 3262 γινομένης,
788 3192 1033 3264 εἴρηνται
1076 3196 1124 3248 οἰ
1172 3194 1266 3248 δύο
1310 3197 1515 3267 στίχοι·
1576 3197 1672 3251 νῦν
1700 3199 1758 3253 δὲ

1870 3212 2123 3279 ptivitate
2148 3212 2424 3278 detentus,
2455 3214 2574 3269 hinc
2601 3215 2675 3269 ait
2698 3183 3005 3286 Prop-beta;
3041 3226 3199 3269 antea
3228 3216 3449 3286 quidem

185 3276 249 3339 ὡς
279 3278 352 3331 ἔτι
379 3281 437 3332 έν
466 3281 818 3353 αἰχμαλωσίᾳ
842 3282 940 3346 ὣν,
979 3284 1153 3339 ταῦτά
1180 3302 1346 3356 φησιν
1376 3289 1405 3341 ό
1441 3289 1756 3361 Προφήτης,

183 3366 234 3419 τό
259 3368 349 3437 μὲν
363 3371 630 3444 πρότερον
647 3374 1026 3445 προφητεύων,
1054 3372 1372 3449 οἷμαι,περὶ
1396 3379 1505 3433 τῶν
1534 3382 1761 3435 ἀποστό-

183 3456 296 3523 λων,
326 3460 388 3513 τὸ
417 3462 474 3516 δὲ
505 3463 761 3537 δεύτερον
789 3466 854 3518 ὲκ
882 3466 1177 3538 προσώπου
1204 3470 1379 3539 λέγων
1409 3471 1518 3526 τῶν
1552 3472 1722 3528 ἐθνῶν
1741 3493 1754 3506 ·

180 3548 276 3603 τῶν
290 3552 393 3625 γὰρ
413 3556 470 3609 ἐν
484 3557 600 3619 τοῖς
624 3555 833 3611 ἑθνεσίν
853 3558 1000 3613 ἐστιν
1029 3562 1097 3616 τὰ
1112 3562 1221 3616 ἀπὸ
1250 3562 1369 3629 τοῦ,
1402 3563 1759 3634 Ἐμετάλυνε

184 3643 378 3711 Κύριος
404 3646 514 3702 τοῦ
553 3649 807 3718 ποιῆσαι
843 3656 973 3722 μεθ’
998 3655 1189 3726 ἡμῶν,
1228 3658 1336 3722 ἕως
1381 3659 1500 3725 τοῦ,
1531 3662 1612 3729 ὡς
1638 3678 1759 3731 χει-

178 3733 424 3805 μάρῤους
454 3741 527 3794 ἐν
558 3741 645 3808 τῷ
676 3745 847 3813 νότῳ.

235 3828 648 3901 Ἑπίστρεψον,
676 3837 884 3904 Κύριε,
910 3838 1027 3907 τὴν
1052 3843 1473 3911 αἰχμαλωσίαν
1511 3842 1698 3912 ἡμῶν.

252 3920 581 3987 ’Δκολούθως
608 3924 704 3978 καὶ
730 3924 903 3982 ταῦτα
936 3929 1288 4002 προσέθηκαν
1328 3935 1441 3996 τοῖς
1474 3931 1715 4005 πρώτοις
1738 3951 1750 3963 ·

182 4009 233 4062 οὐ
255 4010 356 4081 γὰρ
381 4014 862 4087 ἀναισθητοῦντες,
882 4020 1037 4091 φησὶ,
1056 4021 1154 4093 τῆς
1182 4024 1261 4087 εἰς
1290 4024 1437 4094 ἡμᾶς
1468 4024 1570 4095 ήδη
1599 4042 1755 4092 γενο-

184 4100 331 4173 μένης
362 4104 707 4178 εὐεργεσίας,
749 4110 923 4167 ταῦτά
955 4129 1160 4187 φαμεν,
1190 4111 1305 4166 ἀλλ’
1334 4111 1748 4185 ὁμολογοῦντες,

180 4190 248 4245 ὅτι
274 4196 482 4264 μεγαλα
534 4198 635 4269 μὲν
668 4200 890 4272 ἐποίησε
937 4202 1056 4274 μεθ’
1100 4203 1258 4276 ήμῶν
1283 4205 1313 4255 ό
1346 4203 1499 4271 Θεὸς,
1531 4206 1625 4259 καὶ
1651 4206 1752 4279 ήδη

180 4286 463 4360 γεγόναμεν
514 4292 577 4344 ὲν
631 4293 973 4369 εὐφροσύνῃ·
1017 4295 1160 4352 οὕτω
1204 4298 1263 4353 δὲ
1315 4300 1552 4371 ἔχοντες,
1603 4302 1754 4373 ὅμως

179 4373 301 4449 ὑπὲρ
330 4380 437 4433 τιῖιν
473 4382 825 4440 ηταλοίπων
860 4388 1037 4459 μελῶν
1063 4388 1222 4469 ἡμῶν
1248 4390 1483 4463 δεόμεθα
1514 4393 1606 4447 καὶ
1642 4394 1753 4447 ἰκε-

178 4470 385 4538 τεύομεν
409 4472 665 4543 λέγοντες
688 4493 701 4506 ·
750 4477 1169 4549 Ἐπίστρεψον,
1187 4474 1389 4551 Κύριε,
1408 4482 1524 4551 τὴν
1540 4486 1753 4553 αἰχμα-

178 4558 387 4613 λωσίαν
417 4562 594 4633 ἡμῶν
617 4566 697 4632 ὡς
722 4567 1081 4637 χειμάρῤους
1110 4570 1183 4624 ἐν
1219 4569 1300 4637 τῷ
1328 4573 1484 4641 νότῳ
1502 4589 1515 4603 ·
1548 4574 1748 4627 ἄτοπον

179 4647 271 4721 γάρ
288 4654 409 4719 τοὺς
443 4657 551 4727 μὲν
577 4657 675 4729 τῆς
721 4657 872 4724 θείας
899 4661 1152 4730 γνώσεως
1197 4665 1618 4737 ἐστερημένους,
1646 4668 1747 4738 τὴν

176 4740 243 4803 εἰς
294 4746 437 4816 ἡμᾶς
500 4752 876 4823 γεγενημένην
928 4753 1341 4827 φιλανθρωπίαν
1398 4756 1740 4829 θαυμάζειν,

177 4830 304 4900 ἡμᾶς
322 4835 379 4890 δὲ
396 4839 533 4903 τοὺς
550 4841 650 4911 τῆς
665 4844 947 4909 εὐσεϐείας
988 4848 1377 4919 τετυχηκότας,
1419 4851 1744 4923 ἀχαριστίαν

176 4928 350 4979 νοσεῖν.

370 5022 436 5074 οἱ
467 5024 825 5094 σπείροντες
853 5027 925 5079 ἐν
954 5027 1270 5099 δάκρυσιν,
1304 5048 1359 5085 κ.
1398 5048 1450 5085 τ.
1483 5032 1532 5085 λ.

243 5108 297 5161 'O
321 5114 568 5187 σπείρων
596 5118 656 5169 ὲν
681 5116 934 5191 δάκρυσι,
964 5123 1045 5186 εἰς
1066 5122 1127 5177 τὺ
1152 5122 1371 5195 πνεῦμα
1394 5124 1608 5197 σπείρει
1633 5124 1741 5179 τῶν

177 5195 253 5249 ἰπὶ
294 5205 402 5268 τοῖς
449 5204 684 5277 δάκρυσι
716 5211 1168 5285 μακαριζομένων
1189 5235 1200 5247 ·
1234 5218 1292 5270 ὲν
1321 5195 1638 5286 ἀγαλλιάσει
1684 5219 1741 5272 δὲ

176 5288 358 5361 θερεζει
385 5296 536 5370 ζωὴν
561 5300 802 5369 αἰώνιον,
829 5307 859 5358 ό
887 5308 1173 5377 ωγγάνων
1211 5310 1312 5383 ἤδη
1343 5310 1439 5363 τοῦ
1468 5311 1634 5382 γελᾷν
1662 5312 1741 5383 τῷ

176 5384 443 5456 πνεύματι.
460 5421 530 5432 -
546 5390 669 5457 Τοῖς
694 5397 825 5467 περὶ
845 5396 953 5451 τῶν
974 5397 1177 5453 λοιπῶν
1204 5400 1562 5473 αἰχμαλώτων
1587 5404 1741 5474 αἰτή-

176 5488 283 5530 σασι
313 5480 372 5533 τὸ
391 5480 550 5537 Θείον
564 5485 919 5560 ἀποκρίνεται
936 5490 1016 5555 τὸ,
1031 5493 1320 5562 Μακάριοι
1342 5498 1397 5549 οἱ
1419 5496 1737 5563 κλαίοντες

177 5654 190 5683 ι
231 5584 249 5613 ⁷
294 5587 438 5646 P-al.
484 5608 721 5665 cum,
758 5600 811 5655 i.
891 5601 914 5632 "
957 5600 1102 5659 Psal.
1153 5621 1331 5670 cxxv,
1378 5606 1433 5659 2.

192 5653 265 5708 ‘Ii
296 5662 417 5708 Cur-
464 5678 537 5708 ut-
576 5668 633 5708 ΙΙ
742 5672 785 5704 η
822 5670 902 5708 In
964 5688 1061 5708 nn
1118 5675 1148 5708 ’1
1254 5677 1319 5708 ιιι
1354 5680 1433 5708 Αιιι

296 5663 417 5714 cur.
464 5678 540 5731 vt,
576 5668 660 5723 ti.
708 5663 785 5704 ’⁸³
818 5670 928 5729 lsa.
962 5688 1081 5738 ιιιι,
1118 5675 1171 5729 7.
1254 5663 1467 5736 “’Act.
1512 5694 1643 5745 vni,
1677 5679 1773 5735 55.

237 5775 306 5843 (6)
338 5775 414 5833 Ita
441 5783 592 5841 codd.

1528 5611 1549 5641 '
1600 5607 1741 5663 Psal.
1777 5624 2012 5677 xxxviii,
2047 5611 2103 5665 2.

1874 3304 1944 3359 de
1994 3305 2280 3371 apostolis,
2323 3318 2380 3360 ut
2429 3317 2582 3377 puto,
2618 3309 2924 3363 vaticinans
2948 3350 2963 3371 ,
2988 3309 3182 3363 deinde
3220 3324 3349 3364 vero
3382 3323 3450 3364 ex

1865 3396 2211 3452 ethnicorum
2250 3412 2481 3469 persona
2524 3400 2772 3469 loquens.
2821 3400 3071 3471 Namque
3102 3402 3449 3457 ethnicorum

1861 3498 1987 3543 sunt
2006 3494 2194 3556 verba,
2215 3507 2244 3545 a
2280 3490 2643 3563 Magni/ienuit
2674 3494 2933 3550 Dominus
2948 3496 3124 3565 facere
3152 3495 3447 3559 nobiscum,

1862 3595 2035 3652 usque
2066 3582 2167 3648 ad,
2206 3584 2339 3637 sicut
2371 3595 2577 3641 torrens
2618 3590 2674 3641 in
2713 3597 2912 3642 austro.

1892 3850 2057 3903 Vens.
2088 3850 2142 3904 ό.
2179 3850 2454 3916 Converte,
2487 3852 2728 3919 Domine,
2758 3854 3114 3923 captioilalem
3152 3866 3408 3911 nostram.

1929 3942 2305 3998 Consentanea
2327 3944 2761 4013 praecedentibus
2780 3948 2895 4001 haec
2910 3947 3266 4017 subiungunt.
3290 3946 3446 4004 ilaud

1858 4033 2122 4103 equidem
2144 4034 2333 4092 collati
2376 4036 2534 4091 nobis
2560 4037 2813 4093 beneﬁcii
2842 4038 3188 4093 immemores
3218 4040 3331 4092 haec
3366 4040 3446 4092 di-

1857 4131 2071 4194 cimus,
2109 4127 2203 4183 sed
2235 4129 2464 4199 grandia
2511 4131 2795 4186 nobiscum
2828 4129 3026 4186 iecisse
3053 4131 3224 4187 Deum
3269 4128 3446 4185 faten-

1858 4232 1962 4287 tes,
1991 4221 2189 4293 gaudio
2215 4218 2515 4277 eii'erimur.
2558 4221 2745 4278 Nihilo
2783 4230 2965 4278 tamen
2998 4222 3181 4277 minus
3220 4236 3319 4292 pro
3354 4238 3443 4277 re-

1854 4312 2022 4384 liquis
2047 4311 2325 4368 cmembris
2363 4312 2572 4367 nostris
2612 4326 2836 4368 oramus
2860 4357 2875 4380 ,
2932 4313 3319 4384 supplicesque
3360 4315 3448 4367 di-

1856 4408 2065 4461 cimus:
2094 4404 2369 4469 Conoerte,
2388 4403 2631 4470 Domine,
2654 4406 3015 4473 captivitatem
3046 4416 3307 4470 nostram,
3337 4408 3446 4460 sic-

1855 4508 1914 4552 ut
1943 4508 2159 4567 torrens]
2178 4498 2233 4551 in
2264 4504 2473 4550 austro.
2500 4496 2815 4552 Absurdum
2853 4497 2998 4552 enim
3031 4496 3193 4563 foret,
3231 4498 3278 4553 si
3314 4500 3443 4553 dum

1856 4589 2062 4644 ethnici
2099 4589 2298 4643 divina:
2346 4589 2553 4642 notitiae
2585 4589 2795 4658 ignari,
2841 4589 3191 4645 clementiam
3239 4591 3294 4644 in
3345 4604 3446 4644 nos

1854 4681 2107 4736 collatam
2149 4682 2529 4744 admirantur,
2574 4694 2681 4734 nos
2719 4695 2907 4735 veram
2950 4679 3278 4751 rcligionem
3324 4696 3443 4737 sor-

1864 4771 1973 4835 titi,
2012 4770 2213 4842 ingrati
2240 4772 2407 4827 animi
2451 4771 2644 4826 morbo
2672 4770 3066 4825 laboraremus.

2019 5037 2185 5092 Vsus.
2223 5037 2278 5091 5.
2314 5036 2419 5102 Qui
2456 5037 2717 5091 seminum
2755 5038 2812 5090 in
2840 5036 3114 5107 lacrumis,
3158 5046 3261 5089 etc.

1920 5130 2024 5198 Qui
2054 5129 2290 5185 seminat
2322 5130 2374 5183 in
2405 5129 2684 5201 lacrymis,
2716 5129 3018 5183 secundum
3054 5129 3309 5197 spiritum
3347 5142 3439 5183 se-

1850 5221 2023 5277 minat
2055 5221 2272 5276 illorum
2295 5220 2388 5291 qui
2417 5221 2488 5276 ob
2515 5222 2786 5293 lacrymas
2812 5221 2955 5276 beati
2980 5220 3273 5286 dicuntur;
3306 5234 3433 5274 cum

1845 5315 2205 5371 exsultatione
2222 5323 2401 5371 autem
2424 5316 2591 5369 vitam
2614 5326 2873 5370 metuam
2886 5316 3073 5383 metit;
3097 5313 3297 5383 quippe
3320 5315 3436 5381 qui,

1845 5416 1906 5462 ut
1950 5407 2143 5475 spiritu
2196 5408 2403 5473 rideat,
2435 5406 2547 5477 jam
2597 5419 2926 5465 consecutus
2973 5418 3077 5462 est.
3113 5434 3182 5447 —-
3218 5406 3285 5460 Iis
3344 5408 3436 5474 qui

1846 5511 1946 5567 pro
1982 5496 2208 5568 reliquis
2236 5500 2468 5569 captivis
2490 5509 2739 5564 orarunt,
2772 5500 2915 5555 Deus
2944 5498 3237 5568 respondet
3272 5496 3440 5554 etiam

2184 5614 2228 5644 ¹⁰
2262 5612 2409 5668 Psal.
2460 5629 2649 5681 xxxvi,
2699 5614 2788 5671 '50.
2869 5614 2909 5645 “
2946 5613 3091 5670 Psal.
3153 5617 3441 5680 uu,.tt.

1917 5794 1994 5866 (ἦ)
2029 5793 2191 5850 Deest
2230 5792 2455 5865 aliquid.
