4100 6286
221 360 1145 413 iga-ea”

1153 551 2471 725 ΕΥΣΕΒΙΟΥ

2479 369 2540 374 __
2571 370 2592 374 _
2647 371 2688 374 -ν
2735 369 2886 376 -..ο-εν-
2923 372 2994 376 -.«-
3093 373 3206 377 ς--ν-.
3255 374 3296 377 -.-

2495 398 3392 406 ———————-————.——-.—_.

1358 853 1587 939 ΤΟΥ
1640 848 2243 939 ΠΑΜΦΙΛΟΥ

768 1051 1081 1180 ΕΙΣ
1192 1048 1725 1182 ΤΟΥΣ
1832 1044 2831 1184 ΨΑΛΜΟΥΣ

1471 1279 1609 1333 ΔΠΟ
1646 1278 1772 1333 ΡΙΘ¹
1812 1281 1936 1335 ΕΩΣ
1974 1281 2101 1335 PN.

910 1626 1670 1787 EUSEBII
1756 1625 2682 1785 PAMPHILI

502 1918 2033 2053 COMMENTARIORUM
2114 1927 2277 2050 IN
2358 1922 3082 2058 PSALMOS

1544 2181 1584 2221 Δ
1631 2180 1787 2222 CXIX
1830 2180 1913 2223 AD
1958 2181 2033 2223 CL

768 2325 1171 2399 RELIQUUE
1211 2325 1733 2388 SUPERSTITES

1837 2327 1868 2386 ι
1912 2327 2330 2390 CODlClBUS
2375 2296 2828 2395 VATICANIS.

317 2488 421 2562 (Bx
450 2489 792 2546 Bibliotheca
818 2506 950 2545 novo
975 2487 1203 2543 Patrum
1240 2486 1538 2545 cardinalis
1569 2487 1778 2560 Angelo
1821 2487 1949 2557 ΜΑι,
1982 2500 2020 2544 ι.
2065 2490 2156 2557 IV,
2200 2506 2253 2562 p.
2289 2490 2378 2547 67.
2408 2491 2539 2565 Ejus
2566 2495 2945 2565 pretationem
2981 2501 3253 2573 superiori

1498 2593 1644 2639 tomo
1674 2585 2084 2657 pmmisimus.)

703 2878 998 2935 ‘YAAMOZ
1037 2879 1186 2935 PlB’.

590 2969 739 3043 ’ῼδὴ
768 2969 888 3024 τῶν
920 2971 1298 3041 ἀναϐαθμῶν.

222 3064 279 3115 0!
308 3064 721 3127 καταπεσόντες
753 3064 860 3117 ἀπὺ
906 3064 1016 3117 τῶν
1058 3062 1153 3117 τοῦ
1197 3063 1334 3117 Θεοῦ
1368 3063 1572 3128 καλῶν,
1602 3065 1737 3118 ἀνα-

166 3152 411 3209 ϐαίνουσιν
442 3157 537 3210 ἐπὶ
564 3155 767 3220 ταῦτα,
803 3155 1326 3226 παρασκευάσαντες
1359 3156 1438 3219 είς
1469 3157 1571 3227 τὴν
1605 3158 1739 3211 ἀνά-

166 3246 300 3302 ίισιν
324 3250 580 3313 ἑαυτούς’
610 3249 714 3319 τὴν
742 3245 833 3303 οὖν
857 3249 1211 3321 παρασκευὴν
1239 3247 1438 3312 ἱκανῶς
1466 3246 1741 3313 ἐπιδείξας

166 3340 517 3413 ὁΨαλμῳδὸς
567 3342 663 3396 διά
718 3340 815 3394 τοῦ
866 3339 1084 3413 πρώτου
1132 3338 1351 3410 ψαλμοῦ
1397 3340 1605 3408 εἰσάγει
1640 3340 1739 3411 τὴν

166 3433 401 3489 ἀνάϐασιν
424 3434 528 3506 τὴν
558 3434 654 3488 διὰ
688 3433 796 3487 τῶν
822 3432 1073 3503 θλίψεων.

581 3617 730 3675 Ἀπὸ
768 3618 1057 3687 γλώσσης
1081 3616 1217 3673 δολί
1219 3632 1311 3684 ας.

222 3709 501 3766 τουτέστιν
548 3711 667 3765 άτσὺ
721 3711 903 3782 πάσης
951 3709 1295 3781 ψευδοδοξίας
1351 3706 1447 3763 καὶ
1489 3708 1735 3780 ἀπάτης⁶

166 3802 313 3870 δεῖται
372 3803 483 3876 γάρ
534 3805 565 3856 ό
617 3805 681 3856 ὲν
713 3802 854 3875 ἀρχῇ
915 3804 1201 3874 προκοπῆς
1248 3801 1533 3871 τυγχάνων
1588 3802 1739 3865 ὅπως

169 3895 332 3965 μηδεὶς
364 3896 528 3951 αὑτὸν
565 3893 1010 3966 παραλογίζηται
1042 3895 1101 3949 ὲν
1139 3892 1507 3965 πιθανολογίᾳ.

571 4079 639 4133 Τι
679 4077 885 4147 δοθείη
923 4090 1060 4139 σου
1088 4094 1142 4130 κ.
1175 4094 1227 4130 τ.
1260 4075 1311 4133 λ.

228 4174 562 4238 Ἕπαγούσας
596 4175 627 4228 ὁ
653 4173 826 4241 Λόγος
856 4171 951 4225 τοῦ
983 4170 1448 4243 προσευξαμένου,
1477 4170 1621 4226 κατὰ
1652 4171 1733 4237 τδ,

164 4266 273 4319 Ἔτι
315 4265 669 4331 λαλοῦντός
717 4281 855 4327 σου,
903 4260 1031 4317 ἰδοὺ
1082 4259 1340 4333 πάρειμι,
1380 4263 1736 4337 ἀποκρίνεται

163 4358 290 4428 αὐτῷ
324 4358 414 4412 καί
446 4375 586 4427 φησι
608 4375 623 4387 ·
655 4355 881 4428 Θάρσει,
908 4348 954 4407 ὦ
991 4346 1167 4418 οὗτος,
1202 4352 1359 4419 εἰδὼς
1379 4354 1462 4407 ὅτι
1496 4353 1738 4427 προστά-

162 4468 243 4522 την
270 4454 357 4506 xal
384 4454 717 4524 ὑπὲρμαχον
769 4450 910 4520 ἔχεις
950 4449 1203 4513 δυνατὸν,
1236 4449 1421 4513 ὅπλοις
1451 4448 1734 4521 χρώμενον

164 4543 279 4617 ὑπὲρ
306 4545 396 4599 σοῦ
427 4545 574 4599 κατὰ
607 4542 723 4597 τῶν
751 4542 859 4595 σῶν
893 4541 1167 4612 πολεμίων
1191 4560 1203 4571 ·
1237 4541 1364 4613 βέλη
1390 4559 1451 4595 τε
1474 4542 1583 4614 γάρ
1605 4541 1734 4611 ἡκό-

162 4654 299 4704 νησεν
326 4640 441 4692 κατ’
470 4636 665 4691 αὐτῶν
686 4675 700 4698 ,
747 4635 841 4687 καὶ
885 4633 1160 4705 ἄνθρακας
1191 4634 1487 4704 ἡτοίμασεν
1533 4634 1735 4705 ἐρημο-

168 4732 323 4793 manu;
368 4733 447 4795 είς
494 4729 730 4792 αὐτοὺς,
781 4728 1159 4798 μετελεύσεται
1214 4728 1271 4780 ὲν
1303 4729 1423 4791 ταῖς
1469 4729 1591 4781 κατ’
1641 4729 1737 4781 αὐ-

166 4818 253 4870 τῶν
281 4821 605 4893 τιμωρίαις·
637 4819 700 4871 τί
740 4813 832 4871 οὖν
872 4817 1035 4870 πλέον
1070 4818 1242 4879 αἰτεῖς
1281 4815 1499 4887 δοθῆναί
1546 4832 1663 4881 σοι;
1700 4818 1732 4886 ἢ

168 4914 207 4962 τί
227 4912 372 4985 θέλῃς
400 4910 770 4983 προστιθέναι
805 4927 885 4963 σοι
919 4908 1056 4981 μετὰ
1082 4909 1182 4978 τὴν
1211 4907 1479 4978 τοσαύτην
1513 4906 1607 4961 τοῦ
1637 4912 1737 4961 Δυ-

169 5002 301 5056 νατοῦ
333 5005 475 5058 κατὰ
503 5004 620 5056 τῶν
652 5002 862 5056 ἀσεϐῶν
892 5001 1284 5071 παρασκευήνς

371 5096 538 5149 Μετὰ
560 5092 691 5146 τῶν
727 5092 1133 5161 σκηνωμάτων
1158 5090 1360 5159 Κηδάρ
1390 5090 1488 5162 (1).

218 5185 393 5257 Κηδᾶρ
422 5187 603 5256 πάγος
642 5186 834 5251 γενεᾶς
848 5183 1071 5237 δύναται
1088 5193 1183 5236 καὶ
1207 5182 1517 5253 σκοτασμός
1536 5198 1549 5213 ο
1574 5183 1727 5235 Κατ-

164 5280 416 5347 εσκήνωσα
442 5274 560 5343 οὖν,
598 5276 760 5346 φησι,
793 5276 930 5347 μετὰ
957 5275 1065 5329 τῶν
1096 5275 1468 5346 σκηνωμάτων
1488 5274 1581 5326 τοῦ
1600 5291 1725 5326 σκο-

164 5370 361 5439 ταςμοῦ,
396 5372 536 5440 ὅπερ
570 5372 694 5421 ἐστὶ
721 5367 811 5419 τοῦ
849 5366 1099 5436 σώματος
1128 5366 1221 5419 τοῦ
1263 5364 1493 5419 θανάτου
1515 5382 1527 5394 ·
1573 5366 1723 5436 καὶὴ

163 5460 281 5529 ψυχή
314 5482 406 5532 μου
440 5464 611 5534 αὑτὴ,
648 5462 803 5531 φησὶ,
842 5460 1011 5513 πολλὰ
1042 5459 1329 5522 πλεονάκις
1370 5457 1719 5531 παρῴκησεν.

222 5571 354 5628 ‘lsa.
389 5591 546 5639 u'tzt,
593 5575 631 5629 9

2366 2882 2691 2941 PSALhﬂJS
2728 2883 2916 2944 CXIX.

2202 2977 2366 3033 Vnus.
2400 2978 2451 3031 1.
2480 2977 2760 3033 Canticum
2792 2979 3077 3050 graduum.

1916 3067 2021 3136 Qui
2055 3084 2084 3122 a
2115 3065 2209 3124 Dei
2242 3071 2400 3125 bonis
2425 3071 2772 3136 exciderunt,
2797 3074 2865 3126 ad
2894 3072 3011 3129 lucc
3042 3074 3223 3131 denuo
3247 3089 3431 3132 assur-

1841 3173 1996 3233 gunt,
2055 3163 2101 3218 si
2153 3164 2219 3217 ad
2273 3163 2585 3234 bujusmodi
2642 3166 3017 3221 ascensionem
3068 3176 3242 3224 semet
3275 3183 3428 3225 com-

1841 3258 2180 3325 paraverint.
2254 3256 2406 3312 Hanc
2469 3273 2598 3329 ergo
2668 3259 3123 3329 praeparationem
3196 3275 3310 3330 prae
3369 3277 3431 3318 se

1844 3347 2028 3403 ferens
2084 3348 2410 3416 Psalmista,
2483 3352 2662 3422 primo
2727 3350 2833 3407 lioc
2894 3354 3160 3421 graduum
3218 3353 3432 3424 psalmo

1842 3439 2256 3505 ascensionem,
2329 3456 2452 3512 quas
2528 3457 2626 3513 per
2694 3442 3109 3500 tribulationem
3153 3442 3258 3510 fit,
3326 3459 3427 3500 ex-

1841 3532 2015 3602 ponit.

2226 3620 2394 3677 Vstts.
2429 3620 2485 3675 2.
2536 3622 2581 3677 Α
2618 3622 2800 3695 lingua
2827 3624 3036 3681 dolosa.

1911 3715 1968 3769 ιιι
2024 3725 2109 3771 est
2158 3714 2228 3769 ab
2278 3716 2427 3771 omni
2477 3714 2657 3771 fallaci
2702 3718 2972 3773 sententia
2999 3726 3055 3772 et
3080 3717 3423 3787 deceptione.

1841 3806 2069 3877 Oportet
2122 3806 2265 3863 enim
2323 3798 2607 3878 eumqui
2673 3809 2890 3865 initium
2951 3810 3274 3879 prollciendi
3342 3810 3428 3864 fa-

1840 3901 1959 3966 cit,
2010 3915 2043 3954 a
2088 3900 2309 3957 nemine
2361 3899 2514 3956 falsis
2577 3901 3019 3972 persuasionibus
3070 3901 3124 3956 in
3178 3916 3423 3958 errorem

1840 3992 2055 4048 abducL

2161 4082 2327 4138 Vens.
2360 4083 2412 4137 5.
2460 4082 2600 4149 Quid
2634 4083 2788 4136 detur
2823 4083 2919 4137 tibi
2940 4083 2965 4136 .’
2992 4092 3103 4138 etc.

1910 4172 2112 4226 Audito
2132 4182 2327 4227 orante
2340 4172 2505 4237 Deus,
2522 4172 2686 4227 veluti
2708 4172 2862 4235 illud,
2877 4172 3062 4227 Adhuc
3085 4183 3134 4227 te
3160 4172 3423 4244 loquente,

1838 4282 1955 4321 ecce
2007 4266 2196 4320 adsum
2224 4267 2240 4297 ¹
2268 4308 2281 4332 ,
2316 4265 2613 4335 respondet
2636 4266 2709 4329 ei,
2748 4266 2985 4336 dicitque
3019 4286 3032 4321 :
3073 4267 3249 4325 Macte
3297 4270 3423 4323 ani—

1833 4374 1944 4424 mo,
1978 4373 2012 4413 ο
2053 4358 2249 4424 homo;
2297 4360 2440 4413 nosti
2474 4358 2621 4412 enim
2665 4357 2903 4413 validum
2954 4368 3005 4415 te
3053 4370 3423 4429 protectorem

1833 4448 2281 4518 defensoremque
2311 4449 2533 4517 habere,
2568 4451 2736 4505 armis
2774 4466 2871 4518 pro
2900 4460 2954 4506 te
3000 4453 3267 4509 adversus
3316 4454 3422 4508 hn-

1831 4548 1944 4595 stes
1971 4539 2341 4595 decertantem
2370 4559 2385 4595 :
2428 4555 2554 4596 nam
2602 4542 2830 4611 sagittas
2856 4554 3043 4599 contra
3074 4545 3219 4613 ipsos
3253 4546 3421 4612 acuit,

1832 4630 2193 4687 desolatorios
2220 4634 2490 4688 carbones
2519 4635 2779 4689 adversus
2806 4650 2903 4689 eos
2939 4638 3189 4706 paravit,
3232 4646 3287 4692 et
3332 4636 3421 4691 in-

1835 4728 2075 4777 structus
2114 4723 2396 4793 suppliciis
2426 4736 2689 4780 venturus
2720 4734 2827 4783 est.
2851 4724 2992 4793 Quid
3036 4742 3166 4795 ergo
3199 4726 3422 4795 insuper

1836 4810 1931 4866 tibi
1975 4812 2093 4867 dari
2144 4813 2427 4883 postulas?
2476 4814 2563 4869 vel
2605 4814 2867 4886 quidnam
2924 4816 3020 4872 tibi
3082 4818 3203 4874 addi
3256 4817 3416 4885 velis,

1834 4910 1956 4969 post
2015 4910 2227 4959 tantum
2281 4906 2523 4973 potentis
2575 4903 2669 4959 Dei
2712 4915 2907 4961 contra
2958 4907 3154 4977 impios
3182 4923 3419 4979 appara-

1837 5001 1951 5046 tum
1976 4992 1999 5045 ?

2124 5085 2288 5140 Vens.
2317 5086 2368 5140 5.
2399 5085 2531 5139 Cum
2558 5088 2915 5143 tabernaculis
2940 5088 3131 5146 Cedur.

1908 5174 2083 5231 Cedar
2104 5178 2225 5247 gelu
2257 5180 2627 5248 generationis
2654 5189 2707 5237 et
2729 5182 3085 5237 obscuritatis
3116 5180 3417 5251 significat.

1837 5264 2089 5322 Habitavi
2119 5271 2325 5339 itaque,
2357 5272 2452 5335 ait,
2482 5274 2531 5325 in
2562 5273 2927 5328 tabernaculis
2954 5274 3333 5337 obscuritatis,
3356 5273 3420 5330 id

1836 5370 1919 5415 est
1948 5362 2001 5414 in
2044 5364 2257 5416 mortali
2289 5378 2522 5434 corpore
2554 5382 2568 5417 :
2601 5379 2659 5420 et
2689 5369 2874 5422 anima
2916 5382 3034 5422 mea
3090 5368 3207 5439 ipsa
3247 5381 3414 5437 saepe,

1835 5454 2029 5524 inquit,
2062 5456 2261 5527 diuque
2286 5458 2464 5514 incola
2504 5460 2627 5517 fuit.

220 5690 285 5761 (l)
318 5693 482 5751 Recte
521 5693 655 5749 cod.
693 5692 757 5749 C.
795 5695 1167 5748 tantummodo
1212 5696 1335 5751 sic:
1396 5695 1452 5745 ὐ
1491 5692 1733 5755 Εὐσέϐιος

1837 5693 1968 5765 ηδὲρ
1998 5693 2358 5765 ἑρμηνεύεται
2396 5696 2751 5764 σκοτασμόν
2791 5696 2842 5766 (a
2868 5693 3020 5765 Tm).

496 5794 777 5853 ΙἈτιιοι.
816 5791 935 5851 Gn.
982 5790 1214 5854 XXIV.

3070 5794 3097 5852 1
