4100 6286
691 361 754 417 il
1387 350 1652 410 ευεεοιι
1691 346 2154 408 (ΖΑ-ΖΒΑΒΙΕΝΒῈ
2183 347 2220 403 Ο

2323 389 2334 402 .
2373 344 2555 403 PARS
2590 345 2678 404 ill.
2721 378 2786 390 -
2823 343 3228 402 EXEGETICA.
3826 351 3890 408 η

1211 445 1528 503 ΡΒΑΙΔΙῊΒ
1551 444 1714 502 CXX.

885 540 1046 595 Vnus.
1154 537 1343 593 ιουαυὶ
1364 536 1540 592 acuios
1567 553 1704 590 meus
1733 537 1789 590 in
1817 545 2036 589 montes.

757 634 836 688 Ab
865 631 1044 688 hostili
1072 630 1334 686 servitute
1365 630 1664 697 expeditus,
1696 639 1862 698 atque
1892 627 1946 680 in
1978 627 2091 696 ipsa
2122 628 2234 696 jam

687 731 768 782 via
793 727 1135 788 constitutus,
1169 737 1285 789 qua
1311 721 1377 777 sd
1406 721 1499 776 Dei
1525 721 1799 778 civitatem
1844 719 2018 785 ducit,
2052 719 2237 774 oculos

684 823 752 876 ad
789 830 1000 875 montes
1033 820 1129 873 bac
1163 816 1282 870 illac
1315 813 1531 878 attollit,
1563 816 1860 870 observans
1886 823 2048 882 atque
2076 809 2238 867 vesti-

681 926 851 983 gans,
885 911 1151 965 undenam
1192 905 1292 960 sibi
1332 902 1590 959 auxilium
1610 903 1684 958 sit
1706 901 2036 960 adfuturum.
2067 901 2236 958 Porro

680 1003 894 1059 cunctis
914 999 1093 1055 mundi
1122 995 1365 1068 partibus
1396 1009 1461 1050 ac
1488 995 1894 1051 summitatibus
1908 992 2230 1063 exploratis,

684 1094 826 1148 nulla
853 1093 906 1148 in
941 1107 999 1147 re
1035 1089 1276 1146 sensibili
1301 1103 1417 1143 rem
1441 1085 1723 1157 quaesitam
1746 1086 2031 1156 comperit.
2058 1083 2236 1141 lente

685 1187 850 1254 igitur
885 1185 1183 1252 animaeque
1205 1181 1378 1236 oculis
1415 1180 1482 1234 ad
1520 1189 1794 1234 auctorem
1819 1188 2234 1249 creatoremque

685 1293 863 1332 rerum
884 1276 1119 1332 omnium
1141 1275 1475 1343 confugiens,
1504 1270 1578 1327 ibi
1603 1269 1767 1333 sistit,
1782 1269 2118 1339 alterumque
2131 1270 2235 1325 hoc

680 1368 946 1424 canticum
966 1366 1199 1421 concinit
1216 1367 1399 1420 dicens
1421 1381 1434 1417 :
1458 1361 1727 1417 Auxilium
1739 1376 1909 1415 meum
1933 1377 1967 1414 α
1990 1358 2229 1424 Domino,

677 1461 770 1530 qui
796 1459 914 1530 fecit
938 1457 1120 1512 calum
1139 1466 1191 1511 et
1217 1467 1429 1510 terram.

991 1618 1150 1671 Vens.
1183 1616 1234 1670 5.
1272 1615 1526 1669 Dominus
1557 1613 1815 1668 custodiet
1849 1623 1916 1668 te.

744 1706 877 1761 Eum
923 1709 1016 1776 qui
1068 1719 1281 1774 semper
1312 1704 1378 1758 ad
1430 1703 1594 1757 Deum
1645 1711 1874 1772 spectat,
1918 1702 2033 1772 ipse
2100 1702 2228 1771 vigil

2893 438 3178 495 ΨΑΛΜΟΣ
3217 439 3345 493 PK'.

2505 527 2650 601 Ἦρα
2685 531 2826 597 τοὺς
2859 530 3200 600 ὀφθαλμούς
3376 530 3469 596 είς
3489 526 3563 583 τὰ
3600 528 3726 599 ὅρη.

2418 625 2476 677 ⁸0
2502 623 2599 696 τῆς
2623 621 2863 686 δουλείας
2898 621 3002 675 ὑπὸ
3029 621 3140 683 τοῖς
3171 618 3385 690 ἐχθροῖς
3414 618 3769 698 ἀπαλλαγεὶς,
3803 620 3894 675 καὶ

2336 713 2454 770 κατ’
2481 713 2649 785 αὐτὴν
2692 713 2794 784 ἤδη
2821 709 3060 782 γεγονὼς
3093 710 3192 781 τὴν
3235 708 3355 764 ὁδὸν
3390 711 3492 784 τὴν
3530 711 3768 781 ἄγουσαν
3804 711 3892 764 tut

2334 807 2431 878 τὴν
2451 804 2547 860 τοῦ
2565 803 2702 858 Θεοῦ
2727 803 2899 869 πόλιν,
2924 804 3036 859 ἀνω
3059 803 3184 867 τοὺς
3210 801 3524 874 ὀφθαλμοὺς
3547 795 3652 858 ὧδε
3675 804 3892 857 κάκεῖσε

2332 895 2414 962 είς
2461 898 2529 953 τά
2565 896 2666 970 ὅρη
2711 896 2946 969 επαίρει,
2983 893 3258 949 κατανοῶν
3301 895 3395 948 καὶ
3431 893 3896 966 πολυπραγμονῶν

2334 987 2497 1042 πόθεν
2539 985 2688 1058 αὐτῷ
2723 984 2842 1057 ἥξει
2885 983 3134 1055 βοήθεια·
3186 982 3257 1036 τά
3304 982 3444 1055 μέρη
3485 981 3544 1037 δὲ
3576 982 3756 1038 πάντα
3802 981 3892 1038 τοῦ

2333 1078 2535 1150 κόσμου
2584 1077 2681 1130 καὶ
2728 1075 2800 1129 τὰ
2855 1074 2962 1146 ὕψη
3018 1073 3410 1146 περιαθρήσας,
3456 1073 3516 1127 ὲν
3568 1073 3740 1127 οὐδενὶ
3789 1073 3896 1128 τῶν

2330 1168 2601 1242 αἰσθητῶν
2631 1166 2873 1242 εὑρίσκει
2899 1167 2962 1220 τὸ
3001 1166 3332 1238 ζητούμενον
3350 1182 3365 1198 ο
3409 1165 3488 1238 νῷ
3515 1164 3571 1219 δὲ
3601 1165 3694 1220 καὶ
3719 1165 3894 1238 ψυχῆς

2329 1259 2623 1331 ὀφθαλμοῖς
2650 1258 2744 1312 ἐπὶ
2778 1257 2870 1311 τὸν
2902 1258 3129 1328 ποιητὴν
3168 1256 3243 1327 (2)
3284 1255 3379 1309 καὶ
3413 1254 3743 1328 δημιουργὸν
3789 1255 3896 1310 τῶν

2327 1354 2466 1406 ὅλων
2497 1347 2844 1421 ἀναδραμὼν,
2869 1348 3101 1404 ἐνταῦθα
3130 1348 3362 1413 ῖσταται,
3390 1347 3484 1402 καὶ
3515 1346 3612 1418 τὴν
3640 1347 3895 1419 δευτέραν

2329 1443 2472 1517 ᾠδὴν
2502 1443 2616 1516 ᾅδει
2646 1441 2822 1510 λέγων
2838 1457 2853 1472 ο
2896 1439 2968 1494 Ἦ
2985 1437 3236 1509 βοήθειά
3252 1456 3372 1508 μου
3387 1438 3545 1507 παρὰ
3559 1439 3776 1507 Κυρίου
3789 1438 3894 1494 τοῦ

2332 1535 2702 1604 ποιήσαντος
2715 1535 2826 1588 τὸν
2839 1531 3100 1603 οὐρανὸν
3113 1531 3212 1584 καὶ
3230 1529 3346 1599 τὴν
3360 1530 3496 1599 γῆν.

2799 1624 3012 1692 Κύριος
3037 1621 3241 1692 φυλάε
3247 1638 3295 1675 ει
3321 1637 3416 1676 σε.

2397 1713 2501 1768 Τὸν
2535 1713 2825 1776 διαπαντὸς
2868 1713 2948 1775 εἰς
2995 1712 3088 1765 τὸν
3132 1711 3264 1765 Θεὸν
3323 1710 3612 1783 ἀφορῶντα
3659 1710 3821 1775 αὐτὸς
3864 1710 3896 1766 θ

674 1797 910 1852 custodit
933 1793 1092 1858 licus.
1125 1797 1348 1866 ejusque
1385 1793 1664 1849 dexteram
1708 1794 1938 1864 protegit
1982 1809 2220 1857 manum,

2329 1807 2534 1870 ἄϋπνος
2571 1803 2827 1873 φυλάττει
2859 1801 3009 1866 Θεὸς,
3035 1802 3130 1855 καὶ
3156 1800 3346 1854 τούτου
3390 1801 3488 1872 τὴν
3527 1799 3706 1866 δεξιὰν
3737 1803 3897 1872 χεῖρα

587 1905 596 1917 ·
673 1890 796 1958 quia
815 1899 870 1945 et
896 1889 983 1945 ille
1013 1890 1249 1945 dexteris
1281 1890 1488 1943 actibus
1516 1890 1702 1951 utitur,
1747 1897 1803 1940 et
1848 1886 2097 1942 inimicos
2127 1901 2220 1941 sua

2328 1894 2539 1958 σκέπει,
2593 1894 2688 1948 ἆτε
2733 1892 2935 1961 δεξιαῖς
2990 1889 3220 1957 πράξεσι
3273 1891 3577 1962 χρωμένου,
3626 1892 3722 1945 καὶ
3768 1892 3894 1954 τοὺς

672 1981 892 2034 dextera
946 1980 1179 2050 repellit.
1246 1978 1406 2034 Certe
1464 1978 1571 2033 Deo
1625 1978 1944 2033 dilectorqu
1991 1977 2223 2032 dexterae

673 2069 993 2125 insidiantur
1027 2069 1595 2138 potissimmubostes.
1644 2065 1736 2121 Sic
1792 2067 1974 2134 itaque
2023 2065 2222 2120 dictum

675 2158 775 2213 fuit
806 2176 819 2213 :
853 2156 924 2211 Et
946 2159 1098 2213 Iesus
1124 2161 1337 2212 indutus
1361 2170 1472 2211 erat
1505 2157 1724 2213 vestibus
1745 2156 1995 2222 sordidis,
2025 2156 2227 2210 stabat-

669 2266 768 2317 que
806 2249 1047 2304 diabolus
1095 2267 1127 2302 a
1181 2251 1380 2304 dextris
1429 2251 1541 2321 ejus
1585 2253 1629 2306 '.
1669 2278 1741 2292 -—
1769 2246 2046 2315 Praecipue
2097 2261 2225 2301 vero

669 2340 810 2397 Deus
861 2357 892 2396 a
941 2342 1177 2413 nequitia
1246 2352 1452 2406 tuetur,
1508 2341 1717 2396 etiamsi
1770 2339 1908 2395 forte
1956 2338 2224 2394 exteriora

670 2442 853 2488 nostra
888 2448 982 2488 seu
1020 2448 1219 2504 corpus
1265 2432 1484 2504 adligat.
1535 2430 1899 2500 Quamobrem
1922 2430 2066 2486 etde
2090 2428 2224 2484 Jobo

671 2525 944 2580 mandavit
973 2543 987 2578 :
1019 2526 1257 2579 Animam
1303 2526 1414 2593 ejus
1449 2534 1651 2579 tantum
1669 2540 1823 2597 serua
1849 2523 1887 2578 ³.
1918 2522 2087 2577 Porro
2107 2521 2224 2575 ani-

671 2630 755 2669 tua
783 2616 984 2686 indiget
1023 2615 1211 2677 tutela,
1282 2630 1402 2669 cum
1433 2616 1552 2670 vita:
1581 2612 1772 2669 exitus“
1792 2624 2006 2681 tempus
2030 2614 2219 2677 instat,

668 2720 724 2766 et
779 2725 900 2766 cum
963 2709 1030 2762 ad
1089 2708 1182 2762 Dei
1240 2709 1514 2761 civitatem
1547 2707 1650 2760 iter
1679 2702 1876 2771 carpit.
1907 2701 2045 2770 Quid
2077 2703 2220 2756 enim

671 2801 911 2870 proderit
944 2839 961 2861 ,
1019 2797 1064 2853 si
1114 2798 1380 2869 quispiam
1437 2799 1487 2852 in
1541 2796 1714 2852 medio
1766 2795 1963 2850 itinere
2021 2794 2220 2849 cadens

672 2891 897 2961 pereat?
953 2888 1137 2958 Itaque
1204 2888 1471 2943 nemiuem
1523 2897 1650 2942 ante
1709 2897 1936 2940 mortem
2003 2886 2220 2939 beatum

673 2985 840 3038 dicas.

880 3071 1043 3126 Vens.
1077 3072 1129 3127 6.
1182 3071 1283 3124 Per
1327 3070 1464 3124 diem
1512 3069 1591 3123 soi
1638 3084 1739 3122 non
1781 3077 1890 3120 uret
1940 3076 2009 3120 te.

2324 1988 2549 2059 ἐχθροὺς
2572 1987 2882 2050 ιλαύνοντος
2909 1988 2974 2057 τῇ
2999 1984 3194 2039 ἑαυτοῦ
3219 1983 3370 2055 δεξιᾷ
3388 2000 3400 2013 ·
3433 1982 3666 2053 μάλιστα
3689 1982 3798 2055 γὰρ
3825 1985 3891 2054 τῇ

2323 2078 2471 2152 δεξιᾷ
2492 2079 2598 2133 τῶν
2626 2077 2886 2147 θεοφιλῶν
2907 2075 3273 2131 ἐπιϐουλεύειν
3301 2074 3595 2146 πειρῶνται
3617 2075 3666 2128 oi
3689 2073 3891 2146 ὲχθροί·

2323 2170 2464 2225 οὕτω
2508 2168 2640 2240 γοῦν
2684 2170 2930 2241 εἴρηται·
2969 2167 3077 2222 Καὶ
3124 2166 3354 2235 Ἰησοῦς
3395 2161 3475 2237 ἦν
3501 2154 3893 2234 ἐνδεδυμένλος

2323 2260 2518 2332 ίμάτια
2543 2259 2804 2330 ῥυπαρὰ,
2837 2259 2933 2313 καὶ
2963 2262 2998 2313 ὁ
3024 2257 3300 2324 διάϐολος
3326 2255 3564 2323 ἑστήκει
3578 2257 3646 2311 ἐκ
3673 2254 3885 2321 δεξιῶν

2322 2349 2528 2404 αὐτοῦ.
2566 2379 2635 2392 -—
2671 2349 2921 2404 Μάλιστα
2962 2348 3020 2402 δὲ
3053 2346 3183 2411 Θεὸς
3224 2347 3332 2400 ἀπὸ
3373 2346 3569 2410 κακίας
3610 2346 3894 2417 φυλάττει,

2323 2440 2424 2495 κᾶν
2457 2439 2525 2494 τὰ
2555 2439 2709 2503 ὲκτὸς
2739 2439 2774 2509 ἢ
2801 2440 2864 2493 τὸ
2897 2439 3056 2510 σῶμα
3085 2439 3225 2510 λυπῇ
3248 2455 3261 2468 ·
3282 2438 3408 2509 περὶ
3439 2437 3569 2508 γοῦν
3604 2436 3722 2492 ἰὼδ
3750 2457 3776 2488 ς
3795 2455 3896 2509 αρ-

2325 2531 2567 2602 ήγγειλε·
2603 2532 2811 2598 Μόνην
2850 2529 2966 2598 τὴν
3024 2528 3238 2598 ψυχὴν
3261 2528 3446 2583 αὐτοῦ
3486 2527 3891 2596 διαφύλαξινν

2319 2623 2488 2678 δεῖται
2515 2622 2574 2675 δὲ
2611 2620 2856 2692 φυλακῆς
2900 2623 2933 2692 ἡ
2964 2619 3111 2691 ψυχὴ
3156 2619 3298 2673 κατὰ
3331 2618 3422 2672 τὸν
3454 2617 3555 2686 τῆς
3584 2616 3758 2682 ἐξόδου
3793 2616 3890 2671 τοῦ

2322 2713 2436 2783 βίου
2462 2711 2778 2783 καιρὸν,καὶ
2806 2710 2947 2764 κατά
2962 2711 3059 2781 τὴν
3083 2711 3282 2765 είσοδον
3297 2709 3393 2781 τὴν
3410 2711 3488 2772 είς
3514 2708 3612 2778 τὴν
3635 2707 3726 2760 τοῦ
3755 2706 3894 2761 Θεοῦ

2321 2804 2474 2857 πόλιν
2494 2821 2508 2835 ·
2551 2803 2605 2857 τί
2635 2801 2744 2874 γὰρ
2773 2802 2962 2872 ὄφελος
2985 2804 3033 2855 εί
3075 2804 3131 2855 ὲν
3163 2801 3312 2872 μέσῳ
3346 2802 3446 2870 τῆς
3470 2800 3585 2854 ὁδοῦ
3610 2800 3788 2854 πεσών
3808 2817 3895 2864 τις

2318 2895 2598 2961 ἀπώλετο;
2626 2895 2707 2949 διὸ
2752 2896 2826 2966 μὴ
2870 2893 3181 2965 μακαρίσῃς
3209 2892 3494 2962 ἄνθρωπον
3527 2892 3633 2964 πρὸ
3665 2892 3760 2964 τῆς
3803 2909 3892 2946 τε-

2315 2987 2514 3058 λευτῆς
2550 2986 2738 3041 αὑτοῦ.

2556 3078 2798 3148 Ἡμέρας
2831 3080 2863 3131 ό
2892 3076 3063 3144 ἣλιος
3096 3077 3166 3130 οὐ
3199 3075 3530 3144 cumbam
3556 3091 3648 3130 σε.

738 3163 1021 3233 Splendida
1042 3166 1207 3218 nubes
1233 3164 1371 3217 baud
1387 3176 1481 3215 eos
1503 3161 1632 3216 sinit
1654 3161 1734 3214 uri
1762 3160 1895 3222 sole,
1919 3159 2009 3229 qui
2027 3162 2091 3211 ad
2113 3157 2217 3212 De-

2388 3173 2602 3242 Νεφέλη
2619 3170 2847 3241 φωτεινὴ
2871 3169 2970 3222 οὐκ
2993 3168 3060 3238 ἐᾷ
3089 3164 3436 3235 συγκαίεσθαι
3458 3165 3562 3219 ὑπὸ
3582 3165 3730 3237 ἡλίου
3763 3167 3894 3230 τοὺς

669 3273 754 3307 unt
784 3265 1031 3325 pergunt.
1053 3254 1276 3324 Parique
1298 3253 1504 3307 ratione
1518 3267 1673 3319 opem
1693 3251 1817 3315 fert,
1838 3252 2129 3320 quominus
2149 3267 2218 3306 ne

666 3364 695 3399 ο
731 3355 988 3400 nocturno
1005 3345 1218 3414 quidem
1248 3342 1497 3394 lnminari
1519 3340 1897 3394 detrimentum
1918 3340 2213 3410 patiantur.

1181 3432 1499 3489 PSALMUS
1524 3430 1706 3488 CXXI.

671 3531 827 3587 Vens.
854 3531 904 3583 l.
926 3528 1156 3582 Lwlntus
1176 3543 1288 3581 sum
1315 3528 1368 3580 in
1391 3526 1471 3579 his
1497 3541 1611 3593 quae
1632 3527 1772 3579 dictu
1795 3536 1914 3580 sunt
1939 3524 2081 3590 mihi,
2107 3535 2213 3578 etc.

737 3624 870 3680 Dum
909 3623 993 3676 via
1025 3621 1380 3691 proﬁciscitur
1408 3621 1474 3675 ad
1502 3620 1664 3674 Deum
1705 3621 1956 3683 ducente,
2001 3620 2217 3690 cognito

665 3717 780 3786 ejus
831 3713 1082 3777 termino,
1140 3711 1337 3780 gaudio
1386 3710 1640 3780 repletur,
1698 3711 1998 3763 futurarum
2039 3724 2215 3762 rerum

665 3806 851 3860 nuntio
893 3804 1096 3858 audito.
1144 3800 1322 3868 Quare
1365 3810 1420 3854 et
1464 3800 1742 3869 praedicat,
1774 3814 1832 3855 se
1866 3801 2036 3853 bonos
2060 3813 2214 3868 egre-

665 3899 891 3966 giosque
924 3894 1213 3963 magistros
1245 3899 1460 3945 nactqu
1485 3905 1626 3957 esse,
1657 3890 1745 3960 qui
1789 3889 1891 3944 sibi
1937 3889 2122 3943 aiunt:
2153 3887 2217 3941 In

661 3989 876 4040 domum
901 3984 1114 4039 Domini
1141 3983 1347 4036 ibimus.
1375 3980 1600 4049 Ideoque
1623 3981 1790 4050 magis
1817 3979 2056 4046 festinat,
2077 3981 2214 4032 viam

664 4093 786 4130 cum
817 4075 1013 4145 gaudio
1045 4071 1598 4144 carpens.—ll|orum
1644 4071 1735 4139 qui
1782 4071 2054 4142 Babylone
2102 4071 2219 4125 red-

665 4170 813 4221 ibant
836 4182 962 4236 pars
1001 4166 1190 4235 major,
1229 4166 1454 4234 populus
1485 4163 1726 4216 novellus
1752 4172 1870 4217 erat
1903 4164 1956 4217 in
1993 4163 2103 4232 ipsa
2135 4176 2216 4229 ge-

665 4260 811 4310 nitus
838 4255 1129 4326 Babylone.
1173 4252 1337 4308 Pauci
1367 4267 1493 4306 vero
1524 4251 1742 4320 quidam
1775 4250 1920 4307 inter
1945 4265 2038 4305 eos
2065 4260 2220 4303 erant

665 4349 825 4415 prisci
850 4349 970 4412 viri,
1011 4362 1169 4401 senes
1218 4345 1529 4407 admodum,
1557 4343 1644 4411 qui
1675 4343 2061 4413 Hierosolymis
2086 4341 2214 4396 illuc

664 4437 1073 4500 descenderant,
1107 4446 1183 4500 et,
1217 4435 1551 4505 septuaginta
1595 4435 1666 4487 ibi
1712 4433 1868 4488 anuis
1911 4435 2217 4498 transactis,

2321 3266 2461 3318 κατά
2486 3259 2629 3316 Θεὸν
2648 3261 2929 3323 ὁδεύοντας
2945 3276 2960 3290 ·
2987 3258 3081 3312 καὶ
3107 3255 3454 3325 ἀναλογοῦντι
3478 3257 3678 3328 ταύτης
3699 3256 3894 3328 βοηθεῖ

2319 3355 2399 3418 είς
2417 3355 2476 3407 τὸ
2505 3351 2637 3423 μηδὲ
2670 3349 2778 3404 ὑπὸ
2805 3347 3118 3419 νυκτερινοῦ
3146 3346 3432 3418 φωστῆρος
3461 3345 3647 3402 παθεῖν
3665 3347 3891 3412 αὐτούς.

2845 3439 3135 3493 ΨΑΛΜΟΣ
3183 3439 3362 3492 PKA'.

2423 3536 2785 3603 Εὐφράνσην
2815 3530 2914 3584 ἐπὶ
2958 3529 3083 3595 τοῖς
3112 3530 3380 3597 εὶρηκόσι
3403 3545 3524 3598 μοι,
3561 3546 3614 3582 κ.
3644 3545 3694 3582 τ.
3724 3529 3777 3582 λ.

2388 3626 2499 3697 Τὴν
2522 3625 2641 3679 ὁδὸν
2686 3622 2915 3694 βαδίζων
2941 3622 3040 3690 τὴν
3068 3619 3160 3672 ἐπὶ
3186 3619 3276 3672 τὸν
3314 3619 3446 3673 Θεὸν
3473 3620 3727 3687 ἄγουσαν,
3758 3636 3892 3673 παι-

2316 3716 2600 3787 δευόμενος
2638 3713 2766 3784 περὶ
2815 3710 2911 3766 τοῦ
2960 3710 3145 3774 τέλους
3183 3709 3373 3779 αὐτῆς,
3423 3710 3756 3782 εὐφροσύνης
3799 3710 3891 3766 ἐπ’

2317 3810 2453 3880 αὐτῇ
2495 3809 2562 3878 τῇ
2611 3806 2719 3860 τῶν
2761 3803 3059 3876 μελλόντων
3100 3802 3236 3873 ἀκοῇ
3283 3800 3583 3872 πληροῦται
3607 3818 3618 3830 ·
3665 3801 3745 3854 διὸ
3791 3802 3892 3855 καὶ

2318 3899 2567 3971 ὁμολογεῖ
2592 3897 2770 3951 καλῶν
2804 3895 2900 3950 καὶ
2942 3893 3159 3963 ἀγαθῶν
3197 3892 3530 3947 διδασκάλων
3561 3891 3742 3963 τυχὼν
3778 3893 3897 3946 τῶν

2319 3987 2616 4060 εἰρηκότων
2644 3983 2811 4056 αὐτῷ·
2848 3985 2952 4048 Εἰς
2984 3979 3151 4037 οἷκον
3182 3981 3400 4050 Κυρίου
3428 3981 3892 4050 πορευσώμεϐα·

2320 4081 2413 4134 καὶ
2444 4078 2641 4149 μᾶλλον
2669 4076 2964 4144 ἐπείγεται,
2991 4073 3090 4145 τὴν
3138 4072 3360 4144 πορείαν
3395 4073 3512 4143 μετ’
3543 4060 3893 4143 εὐφροσύνης

2320 4168 2651 4240 ποιούμενος.
2697 4197 2763 4207 -
2807 4164 2927 4218 Τῶν
2974 4163 3299 4217 ἐπανιόντων
3331 4161 3439 4216 ἀπὸ
3486 4161 3826 4226 Βαϐυλῶνος,
3865 4165 3898 4217 ὁ

2323 4263 2419 4331 μὲν
2460 4260 2623 4324 πολὺς
2677 4259 2798 4322 νέος
2841 4253 2909 4328 ἦν
2956 4255 3081 4319 λαὸς
3115 4257 3171 4309 ὲν
3202 4255 3339 4326 αὐτῇ
3389 4254 3666 4325 γεννηθεὶς
3708 4255 3896 4308 Βασυ.

2319 4350 2481 4403 λῶνι·
2531 4351 2751 4422 βραχεῖς
2788 4348 2846 4402 δέ
2878 4364 3023 4410 τινες
3063 4348 3123 4400 ἐν
3155 4348 3337 4409 αὐτοῖς
3388 4345 3636 4416 ὑπῆρχον
3665 4345 3896 4400 παλαιοὶ

2321 4441 2508 4513 ἄνδρες
2535 4441 2629 4495 καί
2660 4439 2864 4511 σφόδρα
2896 4436 3277 4509 πρεσϐύτεροι,
3306 4437 3357 4490 οἱ
3388 4437 3496 4490 ἀπὸ
3538 4437 3898 4509 Ἰερουσαλὴμ.

665 4540 850 4597 postea
897 4545 1016 4583 cum
1055 4543 1192 4582 novo
1225 4526 1421 4596 pOpulo
1472 4526 1904 4579 revertebantur.
1941 4523 2002 4578 lli
2035 4534 2213 4578 autem

2323 4532 2751 4603 καταϐεϐηκότες
2775 4534 2907 4592 ἐκεῖ,
2943 4529 3038 4584 καὶ
3075 4529 3509 4601 παραμείναντες
3541 4527 3632 4581 τὸν
3657 4528 3901 4600 ἑϐδομή-

665 4637 695 4673 a
729 4633 868 4674 novo
892 4619 1087 4687 pupulo
1123 4613 1475 4682 interrogati,
1509 4628 1743 4683 quonam
1777 4613 1880 4666 iter
1907 4614 2212 4675 tenderent,

668 4709 987 4778 respondent
1001 4709 1394 4777 quodammodo
1414 4707 1618 4759 aienles
1641 4723 1653 4757 :
1677 4703 1743 4757 In
1764 4704 1976 4756 deruunt
2002 4704 2214 4758 Domini

666 4803 874 4855 ibimus.
932 4800 1159 4862 Rursus,
1217 4799 1319 4853 hoc
1376 4801 1580 4859 audito,
1634 4811 1805 4851 novus
1851 4795 1940 4849 ille
1993 4797 2217 4866 populus

665 4891 1016 4955 exhilaratus,
1045 4893 1222 4946 denuo
1249 4890 1516 4944 sciscitari
1539 4890 1769 4952 videtur,
1803 4889 2072 4942 undenam
2109 4888 2216 4942 illis

666 4986 781 5038 inec
839 4984 1022 5038 notitia
1049 4981 1228 5036 esset?
1272 4979 1334 5034 lli
1384 4995 1544 5050 porro
1595 4980 1960 5049 respondent:
2003 4977 2214 5033 Stuutes

663 5084 810 5126 erant
833 5076 984 5141 pedes
1020 5073 1183 5125 nostri
1221 5072 1275 5124 in
1327 5071 1478 5123 atriis
1512 5069 1805 5123 Jerusalem
1837 5085 1855 5132 ;
1885 5069 1935 5122 hi
1967 5069 2219 5122 nimirum

665 5166 764 5234 ipsi
811 5166 973 5234 pedes
1010 5165 1098 5231 qui
1138 5164 1411 5217 vobiscum
1438 5176 1581 5214 nunc
1604 5160 1945 5229 gradiuntur,
1969 5159 2025 5211 in
2057 5159 2214 5211 atriis

664 5257 790 5308 o‘iim
842 5264 1042 5309 stetere
1116 5252 1436 5308 Jerusalem.
1487 5252 1846 5318 Quamobrem
1901 5251 1981 5304 rei
2040 5252 2211 5318 probe

668 5345 892 5410 conscii,
918 5359 1037 5400 eam
1072 5345 1216 5398 vobis
1246 5347 1554 5400 unntiamus
1587 5361 1600 5395 :
1632 5357 1754 5396 nam
1786 5352 1840 5396 et
1866 5342 2215 5398 aediﬁciorum

671 5439 822 5490 urbis
861 5436 1143 5497 rationem,
1204 5437 1427 5503 ejusque
1475 5445 1656 5506 typum
1719 5449 1783 5488 ac
1831 5435 2213 5504 propemodum

676 5529 1120 5589 delineationem,
1171 5529 1425 5580 memoria
1479 5538 1734 5580 accurate
1785 5534 2045 5579 tenemus.
2095 5527 2214 5582 Non

742 5619 953 5673 'Zacli.
1004 5635 1086 5683 ιιι,
1141 5620 1192 5674 5.
1269 5616 1415 5674 'Job
1462 5635 1525 5683 II,
1566 5620 1620 5673 ϐ.

736 5715 812 5775 (“li
838 5713 949 5765 Duo
971 5712 1127 5782 codd.
1153 5711 1396 5782 Σωτῆρα.

2318 4641 2480 4698 κοντα
2493 4624 2686 4689 ετιι2⁹)
2714 4623 2923 4693 χρόνον,
2953 4621 3070 4692 μεθ’
3099 4621 3158 4673 ὃν
3187 4620 3524 4690 ὑπέστρεφον
3541 4619 3655 4689 ἅμα
3684 4617 3761 4687 τῷ
3784 4620 3901 4691 νέῳ

2322 4707 2469 4779 λαῷ·
2518 4709 2720 4761 τούτων
2779 4709 2957 4760 τοίνυν
3015 4706 3380 4777 ὲρωτωμένων
3425 4707 3574 4779 παρὰ
3623 4706 3716 4762 τοῦ
3765 4707 3900 4761 νέου

2321 4800 2448 4853 λαοῦ
2498 4801 2631 4852 ὅπου
2678 4798 2777 4868 τὴν
2832 4796 3059 4868 πορείαν
3117 4800 3380 4860 ποιοῖντο,
3429 4797 3902 4867 ἀποκρινομένους

2320 4890 2479 4945 οἱονεὶ
2519 4890 2625 4965 καὶ.
2654 4889 2912 4957 λέγοντας
2938 4907 2949 4918 ·
2991 4891 3094 4955 Εἰς
3136 4885 3305 4943 οἷκον
3342 4889 3560 4958 Kvpt'ov
3589 4889 3902 4956 πορευσώ-

2318 4985 2483 5051 petits.
2526 4981 2649 5034 Ἐπὶ
2677 4979 2735 5034 δὲ
2762 4979 2987 5054 τοιαύτῃ
3014 4982 3149 5051 ἀκοῇ
3195 4980 3285 5034 τὸν
3323 4980 3442 5032 νέον
3479 4980 3606 5033 λαὸν
3646 4980 3900 5052 εὐφραν-

2323 5072 2500 5135 θέντα,
2529 5071 2776 5143 δεύτερον
2804 5072 3050 5138 ἐξετάσαι
3079 5071 3241 5124 πόθεν
3266 5073 3378 5133 τοῖς
3408 5069 3657 5137 λέγουσιν
3688 5070 3722 5140 ἠ
3749 5068 3902 5137 γνῶ-

2325 5181 2440 5230 σις;
2471 5165 2608 5228 Τοὺς
2638 5165 2696 5218 δὲ
2725 5164 3122 5235 ἀποκρίνασθαι
3157 5163 3291 5234 πρὸς
3308 5163 3524 5225 αὐτοὺς,
3561 5161 3654 5214 καὶ
3683 5163 3895 5215 εἰπεῖν·

2335 5252 2619 5322 Ἐστῶτες
2667 5251 2828 5324 ἦσαν
2868 5257 2921 5309 oi
2949 5254 3130 5319 πόδες
3176 5253 3344 5322 ἡμῶν
3387 5254 3456 5306 ἐν
3500 5251 3629 5318 ταῖς
3670 5252 3898 5318 αὐλαῖς

2335 5343 2756 5415 Ἰερουσαλήμο
2810 5345 2903 5398 καὶ
2932 5347 2982 5398 ot
3027 5343 3186 5408 πόδες
3226 5337 3372 5398 οὗτοι
3409 5345 3457 5397 οἱ
3503 5342 3597 5396 νῦν
3652 5341 3897 5396 ἐνταῦθα

2322 5435 2436 5504 ἅμα
2480 5437 2606 5506 ύμῖν
2641 5434 2972 5505 βαδίζοντες,
3024 5436 3253 5500 ἑστῶτες
3299 5453 3426 5490 ποτε
3482 5434 3777 5506 ἐτύγχανον
3838 5440 3904 5487 ὲν

2321 5532 2440 5592 ταῖς
2495 5531 2684 5593 αὐλαῖς
2743 5531 3124 5603 ’1ερουσαλήμ’
3179 5531 3300 5585 ὅθεν
3351 5529 3593 5601 ἀκριϐῶς
3648 5529 3900 5597 εἰδότες,

737 5768 832 5854 (‘2')
887 5768 1323 5852 Ἐἴδομήκωτᾶ
1363 5783 1466 5837 ἐτι.
1511 5781 1599 5837 Sic
1635 5783 1763 5838 editi
1804 5801 1816 5836 :
1864 5793 1919 5836 ut
1974 5785 2109 5838 forte
2145 5783 2220 5854 leg

2323 5781 2422 5836 lum
2445 5781 2513 5835 sit
2550 5781 3032 5845 ἐϐδοειηκονταετῆ.
3067 5781 3223 5836 Eutr.
