4100 6286
684 348 758 427 ἰδ
1383 361 1649 420 EUSEBII
1687 362 2151 421 CESABIENSIS
2188 364 2337 421 opp.
2373 363 2557 423 PARS
2591 365 2681 423 In.
2718 397 2789 410 -
2825 365 3234 426 EXEGETICA.
3840 376 3907 433 l6

686 487 997 543 concinens.
1022 483 1193 541 Porro
1217 486 1290 540 ita
1320 484 1563 541 seniores
1581 485 1775 540 docent
1795 486 2243 551 adolescentulos,
2274 496 2305 550 Α

2279 496 2321 550 Α
2347 486 2502 553 νέους
2522 489 2575 543 οί
2614 490 3000 562 γεγηρακότες,
3040 491 3134 544 καὶ
3164 491 3215 544 οἱ
3249 490 3487 563 μαθηταὶ⁵
3514 492 3898 549 ὑπακούουσιν·

684 580 775 648 qui
816 577 1202 648 discipulorum
1234 576 1406 633 instar
1436 578 1761 632 auscultant.
1804 576 1987 632 lsraeli
2035 588 2240 643 autem,

2356 577 2572 650 Ἰσραὴλ
2606 578 2666 633 δὲ
2696 579 2790 634 τοῦ
2841 580 3056 652 ἔχοντος
3091 583 3151 635 ἐν
3190 582 3367 653 ἑαυτῷ
3406 582 3498 638 τὸν
3531 583 3683 645 Θεὸν.
3716 585 3776 640 τὸ
3811 585 3901 641 66'-

686 674 850 728 Dcum
896 671 1035 725 intra
1088 685 1148 726 se
1192 667 1513 738 possidenti,
1551 667 1732 724 dicere
1784 668 2078 740 congruit:
2116 667 2241 723 Nisi

2341 665 2532 721 νασθαι
2554 666 2751 738 λέγειν·
2767 669 2839 723 Ei
2856 669 2944 739 μὴ
2972 669 3061 723 ὅτι
3084 671 3300 739 Κύριος
3323 668 3403 743 ἦν
3425 673 3497 727 ἐν
3515 673 3678 744 ἡμῖν.
3722 675 3903 730 Τοιοῦ-

681 762 938 815 Dominus
1010 760 1197 830 [uisset
1256 760 1311 813 in
1369 758 1539 815 nobis.
1607 757 1923 831 Huiusmodi
1971 769 2091 815 erat
2138 761 2240 817 sub

2337 772 2430 821 τος
2456 752 2524 829 ἦν
2556 760 2585 811 6
2621 759 2728 813 ὑπὸ
2769 760 3049 825 Μωῦσέως
3084 761 3377 831 γενόμενος
3432 763 3667 837 Ἰσραὴλ,
3705 758 3750 835 ᾧ
3791 766 3904 822 ιλι-

681 854 866 922 Moyse
940 850 1103 907 Israel
1132 891 1149 917 ,
1213 850 1298 905 cui
1369 850 1702 917 dicebatur:
1758 848 1890 917 Sile,
1942 860 1992 906 et
2059 852 2186 906 audi
2218 890 2235 917 ,

2337 865 2462 917 γετο
2479 865 2494 879 ·
2523 848 2741 915 Σιώπα,
2764 852 2863 905 καὶ
2890 850 3094 915 ἄκουε,
3135 851 3403 921 Ἰσραήλ·
3434 855 3534 910 καί
3559 856 3773 925 Κύριος
3795 870 3902 910 πο-

680 942 875 999 Israel.
922 944 1175 999 Dominus
1234 959 1328 1013 pro
1373 943 1516 997 vobis
1565 945 1851 1015 pugnabit,
1888 956 1935 998 et
1990 961 2075 998 eos
2114 944 2238 999 sile-

2114 944 2238 999 sile-
2335 936 2585 1009 λεμήσει
2616 937 2770 1008 ὑπὲρ
2794 940 2983 1010 ὑμῶν,
3017 940 3119 997 καὶ
3146 941 3316 1011 ὑμεῖς
3344 942 3697 1014 σιγήσεσθε.

681 1036 803 1090 bilis
836 1035 876 1089 ⁸.

855 1128 1014 1183 Vsus.
1040 1125 1097 1181 5.
1129 1123 1378 1183 Fortasse
1403 1128 1542 1183 vivos
1562 1179 1567 1185 ,
1586 1127 1925 1197 deglutissent
1951 1145 2065 1185 nos.

2003 1145 2065 1185 is.
2619 1122 2759 1189 Ἄρα
2788 1118 3010 1188 ζῶντας
3032 1121 3112 1176 ἂν
3132 1121 3416 1178 κατέπιον

744 1215 1083 1271 Calamitatis
1116 1226 1350 1286 tempus,
1375 1217 1622 1286 quamvis
1644 1218 1718 1272 sit
1746 1217 2056 1280 vehemens,
2088 1217 2233 1272 nihi-

2403 1208 2512 1263 Καὶ
2561 1210 2591 1262 6
2628 1211 3013 1283 περιστατικδς
3050 1211 3109 1266 δὲ
3155 1211 3364 1284 καιρὸς,
3415 1214 3465 1266 εί
3507 1214 3604 1268 καὶ
3654 1211 3900 1287 σφοδρὸς,

677 1307 911 1362 lominus
940 1308 1201 1361 torrentis
1233 1307 1405 1363 instar
1446 1307 1610 1380 breve
1638 1316 1742 1362 est.

2332 1301 2468 1356 ἀλλὰ
2496 1303 2796 1375 χειμάρρου
2828 1302 2983 1377 δίκην
3019 1305 3394 1378 ὀλιγοχρόνιος.

952 1396 1111 1452 Vens.
1142 1396 1193 1452 6.
1226 1396 1539 1453 Benedictus
1565 1397 1841 1464 Dominus,
1878 1408 1985 1458 etc.

1927 1414 1985 1458 .c.
2687 1395 3292 1467 Εὐλογητὸς-Κύριος,
3330 1415 3386 1453 κ.
3412 1414 3464 1452 τ.
3498 1397 3546 1452 λ.

742 1490 917 1559 Quem
941 1505 1073 1547 vero
1097 1490 1317 1545 laudare
1341 1491 1668 1562 hymnisque
1698 1492 1981 1555 celebrare
2020 1501 2231 1562 oporte-

2401 1483 2510 1537 Καὶ
2527 1484 2648 1538 τίνα
2677 1487 2920 1557 εὐλογεῖν
2954 1488 3048 1542 καὶ
3073 1488 3260 1559 ὑμνεῖν
3292 1488 3401 1542 ἔδει
3438 1489 3533 1543 ἐπὶ
3555 1489 3633 1561 τῷ
3658 1490 3732 1564 μὴ
3760 1491 3898 1546 ἀλῶ-

670 1582 785 1646 bat,
810 1590 1094 1653 propterea
1144 1581 1284 1647 quod
1304 1582 1623 1649 praedatum
1649 1581 1910 1639 fuerimus
1923 1584 2229 1640 hominibus

2329 1591 2415 1629 ναι
2450 1578 2563 1641 τοῖς
2622 1577 2969 1651 βουλομένοις
3015 1579 3223 1645 ζῶντας
3260 1584 3549 1636 καταπιεῖν
3596 1584 3744 1654 ἡμᾶς
3798 1586 3896 1640 ἀν·-

671 1678 760 1746 qui
797 1676 1064 1745 deglutire
1089 1691 1187 1730 nos
1211 1673 1486 1739 volebant,
1518 1675 1621 1730 nisi
1658 1675 1939 1730 Dominum
1965 1676 2056 1747 qui
2089 1677 2228 1747 apud

2327 1665 2585 1738 θρώποις,
2615 1669 2649 1740 ἦ
2678 1671 2769 1723 τὸν
2810 1671 3012 1743 Κύριον
3041 1673 3134 1725 τὸν
3160 1672 3289 1726 ὄντα
3311 1675 3370 1728 ὲν
3401 1675 3567 1745 ἠμῖνς
3602 1675 3666 1728 Οί
3703 1673 3795 1728 ἐπὶ
3835 1676 3899 1730 τὸ

672 1780 771 1820 nos
803 1765 932 1820 est?
967 1764 1159 1836 Utique
1185 1764 1260 1819 illi
1289 1764 1357 1819 ad
1394 1774 1675 1833 capturam
1709 1777 1945 1821 nostram
1984 1779 2223 1834 ruentes,
2258 1818 2291 1836 η

2273 1819 2299 1836 _
2327 1756 2588 1830 θηρεῦσαι
2617 1760 2763 1830 ἡμᾶς
2789 1761 3152 1833 ὁρμήσαντες,
3184 1763 3271 1817 ἵνα
3306 1765 3693 1834 καταφάγωσιν
3727 1766 3892 1835 ἡμᾶς,

670 1865 728 1908 ιιι
755 1869 853 1908 nos
876 1853 1220 1917 devorarent,
1259 1852 1484 1908 consilia
1535 1867 1634 1908 sua
1685 1853 1912 1923 exsequi
1954 1855 2096 1909 haud
2133 1871 2226 1925 po-
2258 1818 2289 1875 Ε

2279 1819 2301 1875 ³
2324 1818 2842 1921 ού”’δεδύνηντσ.ι’ὡς
2859 1818 3151 1907 ’ἔσπευδοιῗ
3172 1853 3433 1909 διαθεῖναι
3448 1818 3471 1885 ο.
3506 1818 3898 1928 ὲῇγριωμένοι

672 1950 909 1997 luerunt.
962 1940 1280 2009 Exasperati
1328 1941 1472 1996 enim
1525 1943 1730 1996 crudeli
1777 1945 1960 2001 animo
2014 1946 2221 2013 leones,

2325 1940 2432 2014 γὰρ
2463 1943 2512 1995 οί
2536 1941 2817 2013 ὠμόθυμοι
2855 1944 3065 2009 λέοντες
3091 1948 3206 2010 τοῖς
3233 1945 3445 2000 ὀδοῦσιν
3480 1946 3659 2000 αὐτῶν
3696 1945 3894 2019 θηρεῦ-

665 2026 919 2089 deutibus
946 2028 1059 2088 suis
1084 2048 1181 2088 nos
1210 2046 1405 2102 capere
1434 2031 1701 2098 avebant;
1729 2034 1822 2089 sed
1856 2044 2034 2090 tamen
2059 2052 2225 2105 scopo

2325 2048 2414 2086 σαι
2448 2034 2594 2105 ἡμᾶς
2632 2033 2935 2105 ἐγλίχοντο·
2982 2034 3097 2089 ἀλλ’
3135 2036 3236 2090 οὐκ
3278 2036 3541 2108 ἐπέτυχον
3587 2036 3682 2091 τοῦ
3724 2054 3896 2092 σπου-

666 2138 767 2178 suo
797 2122 958 2194 potiri
988 2122 1366 2193 nequiverunt,
1398 2122 1540 2176 haud
1563 2138 1661 2178 nos
1690 2123 1797 2179 illis
1827 2125 2075 2182 tradente
2117 2127 2223 2181 υοο

2321 2124 2638 2196 δαζομένου,
2678 2125 2754 2198 μὴ
2794 2126 2975 2191 δόντος
3007 2128 3156 2198 ἡμᾶς
3194 2126 3289 2180 τοῦ
3324 2128 3529 2200 Κυρίου
3549 2144 3563 2157 ·
3588 2125 3648 2181 δν
3677 2129 3771 2181 καὶ
3797 2128 3894 2183 εὐ-

665 2216 812 2270 ιηίηο
842 2232 856 2269 :
887 2214 972 2269 cui
1001 2218 1163 2268 etiam
1191 2213 1582 2280 benedicimus,
1608 2214 1699 2285 qui
1730 2230 1828 2272 nos
1857 2231 1886 2269 a
1920 2216 2224 2274 furentibus

2322 2215 2584 2287 λογοῦμεν
2635 2217 2940 2288 ῥυσάμενον
2984 2219 3134 2289 ἡμᾶς
3178 2218 3285 2270 ἀπὸ
3327 2216 3435 2271 τῶν
3489 2217 3723 2286 φονικῶν
3768 2216 3893 2273 καθ’

663 2306 910 2362 hostibus
932 2304 1188 2360 liberavit

2322 2305 2477 2377 ἡμῶν
2501 2305 2872 2361 διατεθέντων.

1142 2395 1460 2454 ιιδΑιιιυε
1497 2394 1732 2452 CXXIV.

1718 2438 1732 2452 .
2848 2399 3141 2453 ΨΑΛΜΟΣ
3167 2399 3336 2453 ΡΚΔ’.

940 2482 1101 2545 Vsus.
1132 2489 1186 2543 2.
1223 2488 1423 2544 Montes
1452 2490 1509 2543 in
1548 2491 1773 2544 circuitu
1801 2490 1937 2560 ejus.

1801 2490 1937 2560 ejus.
2795 2491 2935 2560 Ὄρη
2966 2491 3170 2555 κύκλῳ
3193 2489 3403 2561 αὐτῆς.

727 2580 850 2637 llaec
881 2580 1037 2636 aiunt
1066 2583 1155 2651 qui
1198 2583 1354 2652 longa
1388 2595 1607 2636 emensa
1646 2582 1729 2635 ria
1772 2582 1845 2635 ad
1878 2581 2215 2637 materialem

2385 2579 2573 2636 Ταῦτά
2612 2597 2779 2651 φασιν
2823 2582 2873 2636 oi
2916 2580 3062 2653 μετά
3105 2582 3205 2653 τὴν
3242 2582 3461 2655 μακρὰν
3505 2582 3895 2649 ἐπανελθόντες

652 2672 950 2729 Jerusalem
992 2673 1193 2728 reversi
1238 2681 1398 2738 sunt,
1448 2686 1543 2726 ceu
1585 2670 1699 2738 jam
1742 2671 1794 2725 in
1845 2680 1960 2726 tuto
2003 2672 2214 2727 consti-

2312 2671 2621 2743 ὁδοιπορίαν
2667 2674 2759 2727 ἐπὶ
2787 2672 2887 2746 τὴν
2926 2672 3194 2745 αἰσθητὴν
3249 2674 3628 2747 Ἰερουσαλὴμ,
3673 2675 3752 2742 ὡς
3782 2676 3892 2748 ἢδη

654 2766 777 2833 tuti,
811 2779 909 2820 nec
939 2772 1044 2819 tam
1068 2766 1186 2820 loco
1213 2778 1374 2835 quam
1402 2762 1596 2818 ﬁducia
1626 2778 1753 2833 erga
1784 2760 2074 2817 Dominum
2097 2762 2214 2817 ala-

2313 2761 2497 2816 λοιπὺν
2539 2765 2599 2816 ὲν
2630 2763 2900 2836 ἀσφαλείᾳ
2946 2764 3249 2836 γενόμενοι,
3278 2766 3340 2819 ού
3389 2765 3468 2838 τῷ
3508 2769 3680 2837 τόπῳ,
3717 2769 3785 2839 τῇ
3831 2767 3894 2822 δὲ

652 2870 811 2921 crcs;
842 2855 987 2925 quod
1011 2870 1139 2910 sane
1166 2854 1363 2909 melius
1391 2863 1474 2909 est
1499 2868 1663 2924 quam
1696 2853 1844 2908 urbis
1874 2852 2211 2909 Hierusalem

2313 2853 2635 2925 πεποιθήσει
2679 2853 2775 2909 τοῦ
2816 2854 3022 2927 Κυρίου
3074 2854 3425 2929 θαρροῦντες·
3472 2857 3605 2930 δ.δὴ
3640 2860 3894 2931 κρεῖττον

651 2947 937 3004 iucolatus.
961 2944 1231 3002 Praterea
1265 2944 1485 3000 ubinam
1522 2944 1715 2998 melius
1746 2958 1811 2998 se
1855 2944 2081 3001 haberet
2115 2960 2213 3015 po-

2308 2946 2405 3000 τοῦ
2431 2951 2706 3002 κατοικεῖν
2755 2949 3142 3022 Ἰερουσαλήμ·
3179 2950 3275 3003 καὶ
3309 2950 3433 3004 ἐπεὶ
3489 2950 3650 3005 τοῦτο
3667 2951 3746 3022 (3)
3780 2952 3892 3006 ποῦ

649 3038 847 3107 pultis?
886 3037 1019 3091 Nam
1054 3036 1229 3093 locum
1254 3037 1471 3106 quidem
1495 3036 1853 3091 circumstare
1886 3047 2095 3093 montes
2122 3038 2209 3093 hic

2312 3039 2575 3109 κρείττων
2622 3036 2691 3113 ἦν
2732 3041 2761 3094 6
2805 3039 2965 3105 λαός;
3007 3039 3099 3093 τοῦ
3152 3040 3251 3112 μὲν
3296 3040 3464 3095 τόπου
3514 3041 3615 3115 δρη
3668 3041 3892 3112 λέγεται

648 3130 939 3197 dicuntur;
988 3129 1169 3201 populi
1210 3137 1414 3194 autem,
1460 3130 1615 3197 cujus
1640 3143 1803 3184 causa
1840 3129 2008 3184 etiam
2054 3130 2206 3186 locus
2232 3164 2267 3225 (ε

2270 3166 2277 3221 ι
2310 3132 2522 3204 κύκλῳ·
2566 3133 2667 3187 τοῦ
2697 3133 2755 3187 δὲ
2794 3132 2947 3201 λαοῦ,
2980 3133 3045 3187 δι’
3079 3133 3138 3186 δν
3170 3135 3266 3188 καὶ
3302 3135 3331 3187 6
3369 3134 3533 3199 τόπος
3571 3135 3889 3207 τετίμηται,

645 3221 969 3286 honoratur,
1002 3237 1125 3277 vere
1151 3219 1299 3277 Deus
1327 3230 1411 3277 est
1451 3230 1656 3287 custos,
1683 3221 1953 3291 simulque
1999 3222 2128 3291 loci,
2158 3226 2202 3279 si
2243 3219 2264 3225 ⁷

2271 3219 2274 3221 ’
2306 3221 2475 3287 ὅντως
2506 3225 2537 3277 6
2560 3223 2713 3289 Θεὸς,
2752 3223 2781 3279 6
2813 3225 2907 3277 καὶ
2937 3222 3030 3278 τὸν
3059 3221 3224 3277 τόπον
3252 3222 3556 3293 φυλάττων,
3604 3224 3693 3278 ὅτε
3731 3223 3890 3292 ἄξιος

647 3317 806 3369 modo
835 3314 1058 3383 populus
1086 3313 1278 3382 dignus
1308 3311 1489 3367 fuerit.
2306 3314 2335 3365 6
2366 3312 2511 3377 λαός.

749 3404 905 3459 Vens.
939 3402 991 3459 5.
1037 3402 1269 3475 Abducet
1307 3400 1561 3475 Dominus
1600 3417 1718 3456 cum
1770 3407 2110 3473 operantibus
2320 3403 2368 3457 Ἀ

2320 3401 2559 3469 ’Λπὰξει
2611 3403 2825 3471 Κύριος
2894 3402 3048 3475 μετὰ
3112 3402 3233 3475 τῶν
3296 3402 3699 3474 ἐργαῶμὼων
3763 3405 3898 3475 τὴν

1248 3472 1596 3540 iniquitatem.
1804 3472 1809 3473 ⁷

1804 3472 1809 3473 ⁷
2950 3474 3228 3541 ἀνομίαν.

720 3560 955 3617 Verbum
984 3561 1205 3616 abducet
1230 3560 1322 3615 hic
1352 3560 1623 3631 signiﬁcat
1656 3562 1863 3628 tradet;
1891 3578 2087 3636 nempe
2113 3568 2207 3621 ab-

2378 3562 2453 3616 T6
2492 3562 2730 3628 ἀπάξει,
2766 3563 2826 3617 τὸ
2848 3563 3188 3633 παραδώσει
3218 3565 3395 3636 δηλοῖ·
3414 3567 3495 3631 είς
3522 3565 3891 3640 τὴνάκαθαρ·

645 3655 806 3709 ducet
832 3654 884 3709 in
916 3652 1313 3707 immunditiam
1338 3666 1497 3721 quam
1527 3651 1634 3706 sibi
1668 3652 1968 3720 elegerunt,
1998 3655 2052 3709 in
2080 3669 2207 3727 pas-

2308 3655 2428 3709 σίαν
2463 3657 2530 3726 ἢν
2562 3654 2784 3720 εἴλοντο,
2817 3657 2896 3720 εἰς
2948 3654 3099 3727 πάθη
3128 3674 3189 3710 τε
3233 3658 3459 3730 ἀτιμίας
3492 3661 3586 3714 καὶ
3625 3660 3896 3732 ἀδόκιμον

641 3749 823 3803 siones
864 3745 1173 3817 ignominia
1206 3745 1600 3815 reprobamque
1638 3754 1906 3810 mentem,
1939 3755 2000 3801 ut
2045 3758 2209 3819 agant

1598 3767 1600 3792 ι
1638 3754 1906 3810 mentem,
1939 3755 2000 3801 ut
2045 3758 2209 3819 agam,
2306 3744 2451 3825 νοῦν,
2484 3747 2655 3799 ποιεῖν
2688 3744 2757 3797 τά
2784 3745 2857 3816 μὴ
2886 3742 3217 3815 καθήκοντα.

644 3858 762 3915 qua:
792 3844 1012 3898 minime
1036 3850 1271 3912 oportet.

1133 3931 1257 3988 PSA
1268 3933 1453 3989 ωιυδ
1499 3932 1711 3991 CXXV.

2835 3923 3130 3977 ΨΑΛΜΟΣ
3161 3923 3335 3989 PKE'.

648 4024 807 4079 Vsus.
837 4025 890 4078 l.
914 4021 1045 4077 Cum
1076 4033 1388 4077 converteret
1416 4022 1668 4077 Dominus
1689 4020 2204 4090 capticitatemSiou.

2321 4015 2416 4067 Ἐν
2429 4013 2508 4080 τῷ
2527 4013 2882 4083 ἐπιστρέψαι
2903 4015 3125 4083 Κύριον
3138 4014 3255 4083 τὴν
3276 4016 3693 4085 αἰχμαλωσίαν
3712 4016 3893 4073 Σιών.

714 4116 956 4187 Apostoli
987 4116 1356 4170 vaticinantur
1382 4115 1496 4169 haec
1527 4115 1597 4168 de
1628 4129 1686 4170 se
1716 4115 1919 4169 dictum
1956 4115 2023 4169 iri
2050 4124 2103 4172 et
2140 4117 2209 4168 de

2379 4106 2442 4157 υἱ
2486 4106 2774 4160 ἀπόστολοι
2820 4105 2995 4175 ταῦτα
3039 4105 3472 4178 προφητεύονται
3522 4107 3697 4175 λέξειν
3750 4114 3897 4182 περὶ

639 4210 929 4278 gentibus;
979 4208 1173 4263 deinde
1221 4222 1313 4261 res
1342 4214 1631 4261 eventuras
1685 4207 1879 4260 semini
1927 4215 1982 4259 et
2022 4203 2206 4260 messi.

2308 4197 2513 4251 ἑαυτῶν
2542 4200 2635 4253 καὶ
2656 4197 2766 4252 τῶν
2794 4200 2851 4252 ὲν
2879 4200 2991 4262 τοῖς
3022 4197 3221 4263 ἔθνεσι,
3256 4199 3353 4253 καὶ
3384 4200 3523 4270 μετὰ
3547 4200 3721 4256 ταῦτα
3745 4204 3900 4257 ἀπο-

642 4300 802 4357 Cet'te
823 4298 1053 4355 ‘Davidis
1086 4308 1330 4367 tempore
1357 4297 1499 4352 nulla
1531 4296 1821 4366 captivitas
1844 4294 1980 4363 fuit;
2013 4311 2208 4365 quam-

2310 4289 2588 4356 φανεῖσθαι
2618 4291 2747 4364 περὶ
2775 4289 2979 4361 σπόρου
3010 4289 3105 4343 καὶ
3135 4289 3421 4362 θερισμοῦ·
3452 4291 3595 4346 κατά
3626 4294 3754 4358 τοὺς
3785 4293 3898 4348 τοῦ

644 4394 833 4448 ohrem
866 4392 932 4447 de
968 4389 1196 4461 spiritali
1237 4388 1472 4443 fortasse
1516 4401 1697 4442 sermo
1731 4395 1837 4441 est.
1882 4386 2035 4440 Alius
2064 4386 2209 4441 dicet

2308 4382 2468 4435 Δασιδ
2495 4383 2718 4455 χρόνους
2749 4382 2851 4435 οὐκ
2874 4377 2941 4453 ἦν
2974 4384 3007 4454 ἡ
3042 4382 3387 4454 αίχμαλωσία
3409 4399 3424 4414 ·
3454 4382 3599 4455 τάχα
3629 4380 3723 4439 οὖν
3755 4387 3904 4459 περ’.

643 4487 758 4540 haec
787 4482 1101 4553 prophetico
1132 4480 1432 4548 signiﬁcari
1465 4478 1669 4532 futura.
1696 4475 1901 4547 Nempe
1934 4476 2205 4546 aliquanta
2239 4491 2262 4545 ι

2307 4475 2409 4544 τῆς
2435 4475 2631 4547 νοητῆς
2651 4474 2829 4528 ταῦτά
2857 4490 3020 4544 φησιν
3039 4490 3052 4504 ·
3075 4473 3264 4546 ὲρείδὲ
3295 4474 3473 4539 ἀλλος,
3502 4475 3586 4529 ὅτι
3617 4494 3904 4549 προφητι-

641 4576 977 4645 captivorum
1012 4586 1137 4643 pars
1173 4569 1445 4642 Bahylone
1494 4571 1690 4633 redux,
1754 4575 2071 4636 recuperata
2109 4564 2203 4620 Je-

2310 4566 2419 4629 κῶς
2444 4566 2506 4619 τὸ
2539 4565 2727 4637 μέλλον
2761 4565 3012 4637 δηλοῦται
3041 4566 3159 4639 (5⁸).
3178 4596 3247 4607 -
3267 4564 3446 4639 Μέρος
3471 4582 3524 4619 τι
3553 4566 3655 4638 τῆς
3678 4569 3904 4639 αἰχμα-

644 4668 898 4730 rusaiem,
938 4666 1006 4719 de
1051 4664 1119 4718 iis
1150 4664 1240 4733 qui
1272 4660 1541 4733 Babylone
1588 4667 1984 4723 remanserant,
2028 4658 2205 4713 canti-

2310 4656 2508 4721 λωσίας
2538 4658 2830 4712 ἐπανελθὸν
2852 4657 2962 4711 ἀπὸ
2987 4659 3088 4729 τῆς
3118 4658 3457 4727 Βαϐυλῶνος,
3488 4661 3582 4714 καὶ
3610 4660 3903 4715 ἀπολαῦον

641 4776 763 4815 cum
797 4762 896 4812 hoc
931 4772 1034 4811 non
1071 4756 1190 4810 sine
1216 4755 1355 4810 bona
1388 4752 1795 4822 exspectatione
1838 4751 1948 4805 Deo
1973 4748 2201 4804 extollit.

2310 4754 2409 4823 τὴν
2446 4753 2819 4826 Ἰερουσαλὴμ,
2853 4754 2981 4823 περὶ
3012 4752 3120 4807 τῶν
3165 4754 3576 4825 ἀπομεινάντων
3617 4755 3676 4807 ἐν
3707 4754 3906 4808 B662:-

639 4852 804 4906 Aiunt
824 4865 951 4919 ergo
980 4847 1214 4902 nondum
1242 4860 1400 4900 suum
1424 4843 1680 4916 gaudium
1697 4855 1818 4897 esse
1843 4841 2204 4911 completum;

2311 4843 2438 4897 λῶνι
2465 4843 2563 4915 τὴν
2592 4846 2956 4916 προκειμένην
2983 4844 3125 4916 ᾠδὴν
3148 4844 3234 4897 ἐπ’
3265 4843 3498 4914 ἀγαθαῖς
3541 4844 3903 4916 προσδοκίαις

641 4946 757 4999 fore
789 4955 990 5005 autem,
1026 4954 1147 4994 cum
1178 4938 1429 4993 universa
1454 4938 1601 4991 natio
1638 4950 1708 4989 ex
1754 4933 1939 4990 hostili
1987 4933 2207 5002 regione

2313 4936 2663 5006 ἀναπέμπει·
2708 4938 2841 5004 φασὶ
2883 4936 2976 4998 δὲ,
3013 4938 3093 4990 ὅτι
3121 4935 3273 4989 οῦπω
3312 4936 3409 5007 μὲν
3438 4935 3658 5000 τελείως
3685 4936 3756 4989 τὰ
3785 4937 3902 5005 τῆς

642 5040 709 5091 ad
741 5036 1015 5105 propriam
1061 5031 1299 5086 redierit.
1351 5027 1502 5083 Hanc
1540 5027 1798 5082 nimirum
1834 5025 1938 5081 loci
1985 5036 2204 5079 senten-

2314 5028 2585 5099 ἡμετέρας
2614 5030 2791 5099 χαρᾶς
2826 5028 3210 5099 πεπλήρωται·
3244 5027 3399 5081 ἔσται
3427 5028 3484 5081 δὲ
3517 5027 3674 5080 τοῦτο
3706 5028 3798 5081 ὅτε
3831 5029 3904 5081 τὸ

645 5131 772 5182 tiam
804 5126 995 5195 reliqui
1020 5126 1340 5189 interpretes
1377 5120 1612 5175 sistunt:
1650 5133 1772 5171 nam
1799 5131 1920 5185 pro,
1952 5115 2080 5183 facti
2112 5131 2206 5167 stt-

2314 5120 2421 5170 πᾶν
2463 5116 2613 5181 ἔθνος
2650 5118 2763 5170 ἀπὸ
2804 5119 2899 5188 τῆς
2948 5118 3208 5187 πολεμίας
3252 5118 3341 5170 ἐπὶ
3388 5118 3487 5188 τὴν
3534 5117 3740 5171 οίκείαν
3784 5118 3903 5188 γῆν

643 5238 757 5274 mus
780 5222 912 5273 sicut
952 5216 1242 5280 consolati,
1284 5212 1626 5269 concorditer
1658 5226 1845 5265 clunes
1885 5212 2071 5261 aiunt:
2118 5208 2207 5275 fa-

2311 5212 2578 5282 ὲπανέλθῃ
2597 5229 2609 5241 ·
2637 5211 2841 5283 ταύτην
2868 5212 2923 5264 δὲ
2952 5213 3048 5283 τὴν
3078 5213 3315 5265 διάνοιαν
3348 5211 3675 5283 παρίστησιν
3709 5211 3743 5280 ἡ
3777 5210 3905 5263 τῶν

642 5313 714 5365 eti
736 5327 914 5365 sumus
953 5312 1096 5379 quasi
1128 5307 1481 5367 somniantes;
1519 5320 1622 5357 non
1655 5314 1833 5355 autem
1867 5316 1993 5355 vera
2040 5299 2204 5351 liber-

2310 5302 2509 5355 λοιπῶν
2538 5304 2800 5375 ἑρμηνεία
2823 5321 2836 5333 ·
2855 5304 2974 5356 ἀντὶ
3001 5304 3106 5375 γὰρ
3132 5302 3247 5366 τοῦ,
3272 5301 3636 5373 ἐγενήθημεν
3670 5302 3751 5366 ὡς
3778 5318 3907 5371 πᾳ-

642 5414 805 5459 tatem
870 5410 1109 5457 nostram
1156 5400 1362 5453 visione
1425 5405 1748 5465 spectantes.
1812 5392 1980 5446 Porro
2030 5391 2203 5443 instar

2300 5394 2752 5459 ραχενηιημένοι,
2774 5394 3073 5465 συμφώνως
3106 5397 3155 5445 οἱ
3178 5395 3373 5457 πάντες
3407 5393 3822 5463 φασὶν,ἐγενήο
3834 5411 3908 5462 q-

643 5510 783 5549 vera:
811 5493 1213 5561 perspicuaeque
1239 5488 1457 5544 visionis
1481 5487 1581 5541 erit
1611 5487 1789 5539 hctitia
1820 5493 2026 5548 nostra,
2054 5490 2202 5551 post-

2303 5500 2417 5550 μεθ’
2444 5486 2523 5550 ὡς
2559 5488 3057 5557 ἐνυπνιαζόμενοι,
3086 5487 3198 5539 ἀλλ’
3233 5488 3330 5557 οὐχ
3371 5487 3517 5557 ῦπαρ
3541 5484 3639 5557 τὴν
3666 5484 3906 5539 ἐλευθεο

725 5591 747 5621 ⁸
784 5589 948 5642 Exod.
984 5603 1095 5653 xxv,
1136 5586 1223 5639 14.

716 5687 793 5753 (5)
848 5684 999 5737 Ἐπεὶ
1050 5681 1254 5753 τοῦτο.
1314 5681 1583 5747 lnterpres
1629 5677 1827 5749 legisse
1874 5677 2092 5753 videtur
2140 5675 2232 5753 ea!

2402 5674 2501 5753 (ᾷδ)
2538 5672 2821 5728 Nonnullis
2856 5672 3135 5753 Patribus,
3175 5674 3265 5753 qui
3293 5673 3630 5753 gradualium
3660 5689 3901 5745 quoque

645 5744 847 5816 τούτῶ,
899 5756 978 5809 vel
1026 5757 1115 5805 ἐπὶ
1165 5751 1414 5815 τούτοις,
1461 5744 1519 5803 tu
1570 5758 1624 5803 cl.
1677 5744 1942 5804 sentt-mia
2000 5749 2234 5815 pustulati

2333 5744 2660 5812 psalmorum
2719 5754 2997 5816 amatorem
3078 5744 3333 5800 Davidetn
3406 5745 3912 5811 existimaverunt,

653 5815 811 5882 Lion".
840 5812 846 5816 ’
1402 5812 1407 5815 ⁷
2002 5812 2014 5815 “
2344 5832 2482 5871 nunc
2518 5818 2746 5873 addatur
2774 5812 3055 5870 Eusebius.
