4100 6286
219 324 284 381 Π
1352 330 1859 387 COMMENTARIA
1898 330 1967 387 IN
2007 328 2349 387 PSALMOS.
3426 330 3496 387 18

212 448 333 513 ρίαν
360 448 517 519 ἡμῶν
563 449 964 522 φανταζόμενοι
986 468 999 481 ·
1034 449 1187 506 ἔσται
1223 452 1278 506 δὲ
1320 452 1470 526 ῦπαρ
1502 455 1598 509 καὶ
1647 454 1780 525 ἰναρ

1914 469 2077 522 quam
2114 451 2309 521 reliqui
2359 464 2576 522 quoque
2618 449 2817 504 fratres
2868 449 3038 505 nostri
3092 465 3122 505 a
3174 451 3497 521 captivitate

207 535 310 608 τὴς
326 538 481 608 ἡμῶν
505 540 541 609 ὴ
559 539 723 610 χαρὰ,
744 540 972 595 ἐπειδὰν
999 541 1093 594 καὶ
1117 543 1169 595 oi
1195 541 1372 596 λοιποὶ
1398 542 1557 614 ἡμῶν
1580 543 1801 614 ἀδελφοὶ

208 627 317 681 ἀπὸ
354 628 457 697 τῆς
494 630 878 701 αἰχμαλωσίας
930 631 1320 687 ὲπανέλθωσιν·
1374 635 1461 704 ἐφ’
1502 628 1549 703 ᾧ
1590 636 1685 689 καὶ
1729 634 1800 689 τὰ

210 717 333 790 ἔθνη
372 719 743 793 μακαριοῦσίν
777 723 947 794 ἡμᾶς,
974 722 1051 787 ὡς
1077 723 1185 779 ῐδια
1208 724 1344 797 μέλη
1373 727 1793 800 κομισαμένους·

209 810 268 863 ἓν
292 811 401 881 γὰρ
428 811 491 865 τὸ
516 812 678 885 σῶμα
708 814 819 869 τῶν
850 815 1195 887 σωζομένων.

393 901 533 955 Τότε
562 904 843 973 ἐπλήσθη
876 904 1066 973 χαρᾶς
1092 904 1160 959 τὸ
1194 906 1391 975 στόμα
1425 905 1616 977 ἡμῶν.

276 988 418 1053 Τοὺς
448 991 714 1060 λέγοντας
744 995 822 1067 (ι)
852 997 922 1050 τὰ
961 998 1082 1053 θεῖα
1128 999 1214 1069 ἐφ’
1247 996 1331 1063 οἷς
1375 1000 1592 1073 καρπός
1633 1002 1796 1057 πνεύ-

205 1095 399 1149 ματος,
440 1083 585 1153 χαρὰ
630 1088 743 1149 τοῖς
789 1087 1081 1141 ἀκούωσιν
1109 1089 1171 1142 τὸ
1219 1090 1319 1160 μὲν
1364 1091 1540 1163 στόμα
1585 1093 1795 1160 γίνεται

204 1174 299 1225 Ital.
340 1174 636 1247 ἐπληρώθη
689 1180 863 1248 χαρᾶς
883 1221 897 1243 ,
948 1182 979 1251 ή
1027 1180 1085 1234 δὲ
1134 1181 1356 1251 γλῶσσα
1394 1184 1793 1252 ἀγαλλιάσεως,

201 1264 295 1331 ἀφ’
322 1258 401 1318 ὧν
438 1269 522 1336 ῥεῖ
548 1269 692 1338 χαρὰ
719 1270 812 1322 καὶ
840 1270 1191 1339 ἀγαλλίασις·
1231 1275 1439 1330 τούτων
1469 1277 1528 1330 δὲ
1574 1278 1790 1350 γινομέ-

200 1373 330 1421 νων,
359 1358 411 1410 οε
441 1358 549 1411 ἀπὸ
580 1360 689 1413 τῶν
728 1360 899 1415 ἐθνῶν
931 1362 1305 1436 διδασκόμενοι
1337 1366 1793 1442 λέγουσιν-Ἐμε-

198 1446 396 1514 γάλυνε
446 1450 652 1523 Κύριος
690 1452 785 1506 τοῦ
828 1455 1052 1525 ποιῆσαι
1102 1459 1221 1529 μετ’
1256 1458 1469 1514 αὐτῶν·
1515 1461 1612 1515 καὶ
1662 1462 1792 1534 περὶ

198 1539 413 1594 ἑαυτῶν
442 1542 499 1595 δέ
522 1561 683 1611 φασιν
704 1546 1172 1617 εὐχαριστοῦντες
1192 1550 1556 1620 Ἐμετάλυνε
1574 1556 1791 1623 Κύριος

198 1630 310 1685 τοῦ
324 1632 576 1702 ποιῆσαι
596 1636 727 1704 μεθ’
746 1635 933 1705 ἡμῶν·
980 1639 1319 1712 ἐγενήθημεν
1346 1644 1783 1716 εὐφραινόμενοι.

208 1723 344 1776 Ἐπί
368 1723 467 1794 μὲν
484 1724 603 1778 τῶν
626 1721 1289 1797 ποταμῶνᾚαϐυλῶνος
1304 1732 1669 1805 ὲκαθίσαμεν
1688 1738 1788 1791 καὶ

1909 544 2112 600 fuerint
2158 544 2387 602 reversi.
2430 545 2605 611 Quam
2660 557 2775 597 rem
2825 552 3014 613 gentes
3066 557 3289 614 quoque
3336 542 3494 597 nobis

1906 638 2347 707 gratulabuntur,
2378 652 2476 693 ceu
2527 637 2619 707 qui
2662 637 2906 691 membra
2962 644 3147 691 nostra
3196 649 3493 704 recupera-

1905 730 2163 786 verimus.
2206 728 2390 787 Unum
2428 729 2631 801 quippe
2661 727 2997 784 salvatorum
3041 725 3323 782 hominum
3366 741 3493 783 θοι·-

1906 839 2006 894 pus
2036 834 2141 879 est.

1968 912 2132 969 Vens.
2171 913 2229 969 ‘2.
2262 911 2409 967 Tunc
2446 912 2699 982 repletum
2732 922 2806 967 est
2839 911 3036 983 gaudio
3073 926 3131 965 os
3164 918 3424 964 nostrum.

1977 1006 2201 1073 Eorum,
2232 1007 2325 1078 qui
2353 1006 2540 1061 divina
2564 1006 2919 1076 eloquuntur,
2958 1005 3011 1059 in
3037 1004 3238 1073 quibus
3265 1005 3488 1073 spiritus

1904 1103 2113 1158 fructus
2143 1109 2253 1167 est,
2281 1101 2538 1173 gaudium
2570 1099 2921 1154 audientibus
2946 1107 3100 1151 creat
3131 1112 3196 1153 os
3228 1098 3485 1167 jucundi-

1906 1204 2015 1250 tate
2047 1194 2379 1258 redundans,
2412 1201 2469 1247 et
2503 1191 2685 1259 lingua
2716 1188 2911 1243 dililuit
2938 1188 3325 1244 exsultatione.
3355 1186 3487 1254 Quae

1900 1298 2023 1339 cum
2074 1284 2187 1338 tieri
2226 1292 2417 1353 gentes
2460 1290 2835 1353 cognoscunt,
2871 1280 3067 1334 aiunt:
3121 1278 3486 1349 Magnificam

1902 1374 2167 1429 Dominus
2215 1371 2398 1427 facere
2442 1386 2566 1426 cum
2598 1371 2700 1425 eis.
2736 1368 2850 1424 lmo
2892 1379 2946 1424 et
2990 1370 3056 1424 de
3097 1384 3158 1425 se
3188 1370 3318 1439 ipsis
3359 1386 3481 1425 cum

1899 1461 2197 1530 gratiarum
2262 1459 2479 1514 actione
2526 1459 2757 1514 dicunt-:
2808 1458 3172 1529 Magniﬁcavit
3223 1458 3482 1514 Dominus

1898 1553 2071 1623 facere
2115 1553 2424 1617 nobiscum;
2462 1552 2692 1622 ideoque
2742 1551 2906 1607 laetati
2954 1568 3163 1608 sumus.
3206 1550 3277 1606 Et
3323 1569 3483 1622 super

1896 1646 2122 1715 ﬂumina
2153 1646 2372 1715 quidem
2404 1645 2691 1717 Babylonis
2731 1644 2922 1714 (Judaei
2953 1645 3223 1717 inquiunt)
3250 1646 3480 1700 sedimus

1897 1753 1960 1791 ac
1988 1737 2230 1806 ﬂet-imus
2259 1739 2319 1804 ’;
2355 1753 2480 1793 cum
2507 1747 2692 1794 autem
2727 1736 2871 1792 Deus
2902 1738 3148 1807 captivos
3178 1740 3479 1805 revocavit,

193 1812 615 1884 ἐκλαύσαμεν·
656 1818 714 1871 ὲν
762 1818 825 1872 δὲ
864 1818 942 1890 τῷ
966 1822 1291 1892 ἐπιπρέψαι
1325 1824 1417 1878 τὸν
1448 1825 1653 1897 Κύριον
1691 1828 1780 1900 τὴν

1895 1827 2148 1895 repletum
2180 1840 2257 1883 est
2289 1832 2488 1900 gaudio
2520 1846 2576 1884 as
2617 1843 2853 1884 nostrum
2877 1829 2914 1882 ⁸.
2951 1828 3168 1886 Similes
3197 1845 3359 1899 porro
3396 1831 3477 1885 lo-

196 1907 593 1977 αίχμαλωσίαν,
622 1910 903 1979 ἐπλήσθη
937 1911 1126 1982 χαρᾶς
1174 1915 1238 1969 τὸ
1282 1919 1477 1987 στόμα
1508 1919 1784 1991 fuitin-(5)“

206 1999 403 2053 'Exar
429 1998 777 2071 ποιήσωμεν
804 2001 886 2068 τῷ
923 2005 1172 2074 στόματι
1215 2008 1503 2077 φυλακήν
1524 2028 1537 2040 ·

191 2091 392 2158 Στόμα
422 2089 657 2146 δικαίου
703 2092 935 2163 μελετᾷ
983 2098 1242 2166 σοφίαν·
1301 2102 1397 2153 καὶ
1439 2101 1521 2164 τὸ,
1562 2104 1789 2173 Ἀνοιγε

190 2180 309 2234 σὺν
354 2186 571 2253 στόμα,
625 2185 789 2255 λέγει
847 2188 1024 2253 Θεός·
1072 2189 1166 2243 καὶ
1217 2192 1413 2261 ὅμοια·
1473 2194 1545 2249 Τὸ
1593 2198 1789 2266 στόμα

191 2270 361 2339 ἡμῶν
380 2274 607 2346 ἀνέῳγε
628 2277 780 2345 πρὸς
800 2275 977 2348 ὑμᾶς,
1003 2281 1297 2349 Κορίνθιοι
1316 2300 1329 2315 ·
1357 2284 1479 2337 τότε
1500 2284 1788 2356 ἀληθεύον-

188 2380 281 2426 τες
306 2366 553 2437 φήσομεν
570 2384 584 2397 ο
609 2368 747 2421 Τότε
766 2368 1047 2439 ἐπλήσθη
1069 2372 1261 2441 χαρᾶς
1284 2374 1351 2427 τὸ
1374 2378 1569 2444 στόμα
1594 2376 1781 2447 ἡμῶν.

190 2457 300 2510 Kal.
330 2460 451 2527 μετ’
485 2458 663 2528 όλίγα·
718 2460 890 2515 Ἐπὰν
928 2462 984 2516 δὲ
1041 2464 1367 2537 φυλάξωμεν
1389 2468 1488 2532 τὰς
1516 2469 1668 2534 ὁδοὺς
1689 2471 1783 2524 τοῦ

192 2550 266 2616 μὴ
301 2549 660 2620 ἁμαρτάνειν,
687 2552 808 2606 τότε
857 2553 1279 2628 πληρωθήσεται
1306 2560 1338 2629 ἡ
1372 2558 1597 2627 γλῶσσα
1625 2563 1657 2631 ή
1668 2562 1783 2632 μῶν

188 2638 599 2705 ἀγαλλιάσεως·
639 2641 883 2716 ἐπλήσθη
926 2644 984 2697 δὲ
1037 2648 1213 2718 χαρᾶς
1265 2649 1360 2701 καὶ
1408 2649 1469 2702 τὸ
1514 2649 1780 2705 Φίλιππον

190 2733 386 2803 πόμα,
434 2734 523 2787 ὅτε
562 2735 779 2802 ἀνοίξας
823 2738 885 2791 τὸ
915 2739 1088 2809 στόμα
1121 2740 1309 2807 αὐτοῦ,
1346 2744 1440 2795 καὶ
1477 2744 1783 2815 ἀρξάμενος

188 2824 294 2877 ἀπὸ
315 2824 433 2891 τοῦ,
477 2826 574 2893 Ὠς
597 2829 896 2895 πρόϐατον
914 2830 1014 2883 ἐπὶ
1042 2831 1292 2901 σφαγὴν
1329 2833 1510 2903 ἤχθη,
1545 2836 1781 2906 εὐηγγε-

188 2916 373 2970 λίσατο
401 2917 490 2971 τὸν
532 2918 738 2989 Ἰησοῦν
766 2920 845 2991 τῷ
873 2921 1113 2994 εὐνούχῳ
1141 2924 1380 2978 Αἰθίοπι.

287 3010 655 3080 Ἑμεγάλυιε
685 3014 899 3081 Κύριος
922 3014 1031 3069 τοῦ
1061 3016 1312 3085 ποιῆσαι
1329 3021 1461 3088 μεθ’
1492 3019 1680 3089 ἡμῶν.

265 3100 551 3171 Ἀνωτέρω
586 3102 685 3172 μὲν
707 3101 783 3167 ὡς
808 3104 907 3175 ήδη
941 3105 1279 3178 ἐπιστροφῆς
1309 3108 1416 3161 ἀπὸ
1446 3110 1545 3181 τῆς
1576 3112 1779 3182 αἰχμα-

1890 1924 2139 1978 cutiones
2172 1932 2334 1979 sunt:
2384 1922 2518 1978 Cum
2562 1941 2813 1994 ponemus
2863 1926 2945 1978 ori
3003 1927 3365 1993 custodiam’;
3400 1938 3477 1991 et,

1771 2052 1786 2074 ,
1892 2012 1967 2069 0s
1990 2014 2128 2083 justi
2155 2016 2442 2069 meditatur
2475 2018 2793 2085 sapientiam
2821 2018 2894 2069 ¹⁶;
2920 2027 2997 2081 et,
3028 2018 3185 2085 Aperi
3220 2034 3277 2071 os
3307 2028 3474 2077 tuum.

1890 2105 2019 2158 dicit
2053 2105 2308 2160 Dominus
2332 2107 2405 2171 “;
2445 2108 2659 2175 aliaque
2685 2108 2989 2175 hujusmodi
3018 2108 3236 2174 :veluti,
3280 2108 3351 2161 Os
3385 2125 3481 2161 uc-

1888 2207 2056 2250 strum
2086 2206 2227 2265 patet
2250 2199 2321 2252 ad
2350 2215 2461 2262 vos,
2487 2198 2749 2255 Corinthii
2776 2204 2841 2255 ".
2873 2202 3009 2257 Tum
3041 2217 3167 2256 vero
3192 2203 3472 2256 dicemus:

1891 2287 2039 2344 Tunc
2066 2292 2319 2357 repletum
2348 2302 2424 2345 est
2456 2293 2655 2361 gaudio
2690 2310 2749 2347 os
2776 2304 3035 2347 nostrum.
3071 2293 3137 2348 Et
3171 2293 3359 2362 paucis
3394 2295 3477 2346 iu-

1889 2382 2137 2453 terjectis
2160 2403 2172 2439 :
2195 2384 2332 2439 Cum
2368 2384 2793 2440 custodierimus
2815 2388 2934 2441 vias
2969 2396 3208 2450 nostras,
3238 2402 3303 2441 ne
3337 2386 3478 2444 forte

1887 2489 2213 2543 peccemus,
2255 2487 2387 2533 tunc
2421 2477 2601 2549 lingua
2651 2489 2836 2533 nostra
2884 2479 3183 2550 replebitur
3231 2478 3473 2534 exsulta-

1889 2568 2057 2626 tione.
2088 2568 2301 2625 Gaudio
2337 2584 2555 2640 quoque
2586 2569 2819 2641 Philippi
2858 2586 2921 2626 os
2959 2571 3308 2635 redundavit,
3346 2586 3473 2626 cum
3565 2606 3568 2611 η

1884 2658 2016 2714 illud
2054 2661 2328 2730 aperiens,
2363 2662 2733 2731 incipieusque
2756 2677 2785 2717 a
2815 2663 2997 2717 verbis
3031 2662 3160 2728 illis,
3197 2662 3472 2734 Tanquam

1884 2752 1993 2805 ovis
2046 2754 2117 2804 ad
2156 2754 2471 2808 occisionem
2516 2753 2708 2810 ductus
2764 2766 2842 2810 est
2891 2756 2952 2820 ",
2982 2755 3166 2810 Jesum.
3221 2747 3474 2811 eunucho

1884 2843 2124 2916 Ethiopi
2147 2846 2539 2916 euangelizavit
2570 2847 2660 2899 ¹²⁶.

1920 2936 2089 2995 Vens.
2120 2937 2173 2991 5.
2215 2936 2583 3008 Hagniﬁcavit
2627 2939 2888 2994 Dominus
2923 2940 3097 3009 facere
3137 2941 3430 2995 nobiscum.

1954 3028 2219 3099 Superius
2264 3044 2364 3086 ceu
2405 3042 2530 3101 post
2572 3030 2805 3085 reditum
2860 3047 2889 3085 a
2933 3033 3288 3103 captivitate,
3339 3033 3467 3089 dicti

1888 3120 2041 3176 fuere
2081 3123 2191 3177 duo
2229 3122 2508 3178 versiculi.
2555 3123 2708 3178 Nunc
2740 3133 2996 3193 tanquam
3035 3124 3213 3180 adhuc
3263 3126 3318 3179 in
3375 3141 3469 3180 ca-

184 3189 388 3253 λωσίας
432 3193 749 3264 γινομένης,
806 3195 1052 3266 εἴρηνται
1094 3198 1143 3250 οἱ
1190 3197 1284 3251 δύο
1327 3200 1533 3270 στίχοι·
1593 3200 1689 3255 νῦν
1718 3202 1775 3256 δὲ

1888 3216 2141 3282 ptivitate
2166 3215 2442 3280 detentus,
2473 3217 2592 3273 lucc
2620 3218 2693 3272 ait
2716 3189 3023 3289 Propheta;
3058 3230 3218 3273 antea
3246 3218 3467 3289 quidem

183 3282 257 3345 ὡς
290 3282 373 3335 ἔτι
398 3285 458 3335 ὲν
488 3284 835 3356 αίχμαλωσίᾳ
860 3285 958 3349 ὣν,
997 3287 1172 3342 ταῦτά
1199 3305 1364 3359 φησιν
1394 3293 1423 3343 ό
1458 3292 1774 3364 Προφήτης,

181 3372 240 3424 τὸ
269 3373 647 3447 μὲνπρὸτερον
666 3377 1045 3447 προφητεύων,
1072 3375 1390 3452 οἶμαι,περὶ
1413 3382 1523 3437 τῶν
1551 3384 1779 3438 ἀποστό-

181 3461 309 3528 λων,
345 3463 408 3518 τδ
438 3465 495 3519 δὲ
526 3466 779 3540 δεύτερον
807 3469 873 3521 ἐκ
901 3469 1195 3541 προσώπου
1222 3473 1396 3542 λέγων
1427 3474 1535 3528 τῶν
1570 3476 1740 3531 ἐθνῶν
1759 3496 1772 3509 ·

177 3553 288 3608 τῶν
303 3556 413 3628 γὰρ
434 3559 491 3611 ὲν
506 3559 619 3622 τοῖς
641 3558 851 3614 ἔθνεσίν
871 3562 1019 3617 εστιν
1047 3564 1115 3619 τὰ
1130 3565 1240 3619 ἀπὸ
1268 3565 1387 3631 τοῦ,
1420 3566 1777 3637 Ἑμεγάλυνε

181 3649 397 3715 Κύριος
425 3649 534 3704 τοῦ
574 3652 825 3720 ποιῆσαι
861 3659 991 3724 μεθ’
1016 3658 1207 3729 ἡμῶν,
1247 3661 1355 3726 ἕως
1400 3662 1517 3729 τοῦ,
1548 3664 1630 3731 ὡς
1655 3681 1777 3734 χει-

175 3739 445 3810 μάῤῥους
475 3744 547 3797 ἐν·
578 3744 663 3811 τῶ
694 3748 865 3815 νότφι

241 3833 666 3904 Έκίστρεψον,
695 3840 902 3907 Κύριε,
928 3840 1045 3911 τὴν
1070 3845 1491 3914 αἰχμαλωσίαν
1528 3846 1715 3915 ἡμῶν.

260 3924 599 3990 ’Δκολοόθως
624 3927 723 3981 καὶ
748 3928 922 3985 ταῦτα
954 3932 1306 4005 προσέθηκαν
1346 3938 1459 3998 τοῖς
1492 3933 1732 4007 πρώτοις
1756 3954 1768 3966 ·

178 4016 239 4069 οὔ
263 4015 375 4086 γὰρ
401 4017 881 4090 ἀναισθητοῦντες,
900 4024 1054 4093 φησι,
1073 4024 1171 4096 τῆς
1200 4027 1278 4089 είς
1308 4027 1455 4097 ἡμᾶς
1486 4027 1588 4098 ήδη
1617 4044 1772 4095 γενο-

181 4108 349 4177 μένης
382 4107 725 4181 εὐεργεσίας,
767 4113 941 4170 ταῦτά
972 4132 1177 4190 φαμεν,
1208 4114 1323 4169 ἀλλ’
1352 4114 1766 4187 ὁμολογοῦντες,

176 4197 256 4251 ὅτι
284 4199 504 4269 μεγάλα
552 4201 652 4272 μὲν
686 4203 908 4274 εποίησε
955 4205 1073 4277 μεθ’
1117 4206 1276 4279 ἡμῶν
1301 4207 1331 4259 ό
1364 4206 1517 4273 Θεὸς,
1549 4210 1643 4262 καὶ
1669 4209 1769 4281 ηδη

176 4291 485 4363 γεγόναμεν
534 4294 594 4347 ὲν
649 4296 990 4372 εὐφροσύνῃ·
1034 4298 1178 4355 οὕτω
1221 4302 1280 4356 δὲ
1332 4302 1569 4374 ἔχοντες,
1622 4305 1773 4375 ὅμως

176 4380 318 4453 ὑπὲρ
348 4384 461 4436 τῶν
494 4386 843 4442 καταλοίπων
878 4390 1055 4462 μελῶν
1081 4392 1240 4463 ἡμῶν
1265 4393 1501 4466 δεόμεθα
1532 4396 1624 4449 καὶ
1660 4397 1772 4449 iste-

173 4475 407 4542 τεύομεν
432 4475 684 4545 λέγοντες
706 4496 719 4509 ·
767 4481 1185 4552 Ἐπίστρεψον,
1205 4468 1406 4554 Κύριε,
1425 4485 1541 4554 τὴν
1558 4489 1619 4539 al
1622 4505 1771 4556 χμα-

174 4563 410 4616 λωσίαν
441 4565 613 4636 ἡμῶν
634 4568 715 4635 ὡς
740 4571 1098 4640 χειμάρῤους
1128 4573 1201 4627 ἐν
1237 4572 1318 4640 τῷ
1346 4577 1502 4643 νότῳ
1520 4592 1533 4606 ·
1566 4576 1767 4631 ἄτοπον

174 4654 284 4725 γὰρ
304 4658 433 4721 τοὺς
466 4659 568 4729 μὲν
594 4661 692 4732 τῆς
739 4660 889 4727 θείας
918 4665 1169 4733 γνώσεως
1215 4668 1636 4741 ὶστερημὲνους,
1665 4671 1765 4741 τὴν

172 4747 252 4810 εις
312 4749 461 4820 ἡμᾶς
522 4754 894 4826 γεγενημένην
945 4756 1358 4830 φιλανθρωπίαν
1415 4760 1720 4832 θαυμάζειν
1744 4803 1758 4825 ,

173 4838 323 4906 ἡμᾶς
342 4839 402 4893 δὲ
422 4841 551 4906 τοὺς
567 4844 667 4915 τῆς
681 4847 964 4912 εὐσεϐείας
1006 4852 1394 4922 τετυχηκότας,
1437 4854 1762 4926 ἀχαριστίαν

174 4946 373 4985 νοσειν.

393 5024 460 5076 οἱ
489 5026 843 5096 σπείροντες
870 5029 941 5082 ἐν
972 5030 1288 5102 δάκρυσιν,
1322 5050 1376 5087 κ.
1416 5051 1467 5088 τ.
1501 5035 1548 5087 λ.

252 5114 317 5165 Ὀ
343 5116 586 5188 σπείρων
615 5121 674 5171 ὲν
699 5119 951 5193 δάκρυσι,
982 5125 1063 5188 είς
1084 5125 1145 5181 τὸ
1169 5124 1388 5198 πνεῦμα
1412 5127 1625 5199 σπείρει
1650 5126 1759 5181 τῶν

174 5202 264 5256 ἰπὶ
313 5208 425 5270 τοῖς
472 5206 702 5279 δάκρυσι
734 5214 1185 5287 μακαριζομένων
1206 5238 1218 5249 ·
1245 5220 1310 5272 ’ὲν
1340 5220 1655 5289 ἀγαλλιάσει
1701 5222 1759 5274 δὲ

1892 3307 1962 3362 de
2012 3308 2298 3375 apostolis,
2341 3320 2399 3363 ut
2448 3320 2600 3380 puto,
2636 3312 2941 3367 vaticinans
2966 3353 2980 3374 ,
3005 3311 3199 3366 deinde
3239 3327 3367 3367 vero
3400 3326 3467 3367 ex

1882 3399 2228 3455 ethnicorum
2268 3416 2499 3472 persona
2541 3402 2790 3472 loquens.
2838 3403 3088 3474 Namque
3120 3404 3467 3459 ethnicorum

1879 3502 2005 3546 sunt
2024 3497 2211 3560 verba,
2233 3510 2261 3548 a
2298 3493 2661 3565 Magniﬁcavit
2692 3497 2950 3553 Dominus
2965 3499 3142 3567 facere
3170 3498 3465 3562 nobiscum,

1880 3598 2053 3655 usque
2084 3585 2149 3641 ad
2171 3627 2185 3651 ,
2224 3587 2357 3640 sicut
2388 3598 2594 3644 torrens
2636 3592 2692 3644 in
2730 3600 2930 3645 austro.

1911 3853 2074 3907 Vens.
2106 3853 2160 3907 4.
2197 3852 2471 3919 Converte,
2505 3855 2745 3921 Domine,
2775 3857 3131 3925 captivitatem
3170 3869 3425 3913 nostram.

1946 3944 2322 4001 Couseutauea
2345 3946 2778 4016 praecedentibus
2798 3950 2913 4004 haec
2928 3949 3283 4020 subiungunt.
3307 3949 3463 4006 Haud

1876 4036 2139 4106 equidem
2162 4037 2351 4095 collati
2394 4038 2551 4094 nobis
2578 4039 2831 4096 beneﬁcii
2860 4042 3205 4096 immemores
3236 4042 3349 4094 haec
3384 4041 3464 4094 ιΙί-

1875 4134 2089 4197 cimus,
2126 4130 2220 4186 sed
2253 4132 2481 4201 grandia
2528 4134 2813 4189 nobiscum
2846 4132 3043 4189 fecisse
3071 4134 3242 4189 Demu
3287 4130 3463 4188 faten-

1876 4235 1979 4290 tes,
2008 4224 2206 4295 gaudio
2232 4221 2533 4279 efferimur.
2576 4224 2763 4280 Nihilo
2800 4232 2982 4280 tamen
3015 4225 3198 4280 minus
3238 4238 3336 4294 pro
3372 4241 3461 4280 re-

1872 4315 2040 4387 liquis
2064 4315 2343 4371 imembris
2381 4314 2589 4369 nostris
2629 4329 2853 4371 oramus
2878 4359 2892 4383 ,
2949 4316 3336 4386 supplicesque
3378 4318 3465 4370 di-

1873 4411 2082 4465 cimus:
2112 4407 2387 4473 Converte,
2405 4406 2649 4473 Domine,
2672 4410 3033 4477 captivitatem
3063 4419 3324 4473 nostram,
3355 4410 3463 4463 sic-

1873 4511 1931 4554 ut
1961 4510 2177 4571 torrens,
2196 4501 2251 4554 in
2281 4508 2490 4553 austro.
2518 4499 2831 4555 Absurdum
2871 4500 3015 4555 enim
3048 4499 3210 4565 foret,
3249 4502 3295 4556 si
3332 4502 3460 4556 dum

1874 4592 2079 4647 ethnici
2116 4592 2315 4647 divinzn
2363 4592 2570 4646 notitiae
2603 4592 2812 4661 ignari,
2859 4592 3208 4647 clementiam
3257 4594 3312 4647 in
3363 4607 3462 4646 nos

1872 4684 2125 4739 collatam
2166 4685 2547 4747 admirantur,
2592 4697 2698 4737 nos
2736 4698 2925 4738 veram
2968 4682 3295 4754 religionem
3342 4699 3460 4739 sor-

1881 4774 1990 4838 titi,
2030 4773 2230 4845 ingrati
2258 4774 2424 4830 animi
2469 4774 2661 4829 morbo
2690 4772 3083 4829 laboraremus.

2036 5040 2203 5095 Vsus.
2241 5040 2295 5095 5.
2332 5040 2436 5105 Qui
2474 5040 2734 5093 seminam
2772 5042 2830 5093 in
2857 5039 3131 5110 lacrymis,
3176 5048 3279 5092 etc.

1938 5133 2041 5200 Qui
2071 5132 2307 5188 seminat
2339 5133 2391 5186 in
2423 5133 2701 5203 lacrymis,
2734 5132 3037 5187 secundum
3071 5131 3327 5199 spiritum
3365 5144 3456 5187 se-

1868 5225 2041 5279 minat
2073 5224 2289 5278 illorum
2312 5223 2405 5293 qui
2435 5224 2506 5278 ob
2532 5223 2803 5295 lacrymas
2830 5224 2973 5278 beati
2997 5223 3290 5288 dicuntur;
3323 5236 3450 5277 cum

174 5295 379 5369 θερίζει
409 5298 554 5373 ζωὴν
580 5302 820 5371 αἰώνιον,
847 5310 877 5361 ό
904 5310 1190 5379 τυγγάνων
1230 5312 1330 5385 ήδη
1362 5312 1457 5366 τοῦ
1486 5313 1653 5384 γελᾷν
1680 5314 1757 5385 τῷ

1887 5317 2223 5373 :xsultatione
2239 5325 2419 5373 autem
2442 5319 2608 5371 vitam
2631 5330 2890 5373 aeternam
2903 5318 3091 5385 metit;
3116 5316 3315 5385 quippe
3338 5318 3453 5384 qui,

173 5388 465 5460 πνεύματι.
482 5424 548 5434 -
564 5392 688 5459 Τοῖς
713 5400 842 5469 περὶ
863 5398 971 5453 τῶν
992 5400 1195 5456 λοιπῶν
1222 5403 1580 5475 αἰχμαλώτων
1605 5407 1759 5477 αἰτή-

1863 5418 1924 5464 ut
1968 5410 2161 5478 spiritu
2213 5410 2420 5476 rideat,
2452 5409 2565 5479 jam
2614 5421 2943 5468 consecutus
2990 5420 3095 5464 est.
3131 5436 3199 5449 —
3235 5408 3303 5462 lis
3362 5410 3453 5476 qui

174 5496 299 5535 σασι
332 5482 394 5537 τὺ
415 5484 566 5540 Θείον
580 5488 937 5562 ἀποκρίνεται
953 5493 1035 5558 τὸ,
1049 5495 1338 5564 Μακάριοι
1361 5500 1416 5551 οἱ
1436 5499 1755 5565 κλαίοντες

1887 5514 1964 5553 πο
1999 5499 2225 5571 reliquis
2254 5502 2486 5572 captivis
2508 5511 2757 5566 orarunt,
2790 5503 2933 5557 Deus
2962 5500 3254 5570 respondet
3290 5498 3457 5556 etiam

236 5592 278 5672 ξ-
313 5591 457 5672 ίξ-οί.
501 5612 741 5667 cum,
780 5602 831 5657 i.
909 5603 932 5635 “
975 5603 1121 5661 Psal.
1173 5623 1350 5672 στιν,
1396 5608 1451 5662 2.

243 5780 320 5849 (ὁ)
357 5779 427 5839 Ita
452 5787 606 5846 codd.

175 5610 278 5694 ιιὲι
312 5610 859 5694 ξτ’ἶ¹’..⁰“;ξ“·.ξ·.
909 5610 932 5635 ’⁸
975 5610 1451 5694 Ρ⁸³¹·..⁶“.Ὶο.²ο
1546 5614 1566 5643 ⁹
1617 5610 1766 5694 Ρ⁵ξ¹;

1887 5628 2030 5679 mn,
2064 5614 2120 5667 2.

236 5659 278 5715 ll
312 5665 437 5717 Cur.
480 5682 554 5735 vt,
592 5672 680 5726 Η.
728 5659 807 5706 ’³³
839 5673 946 5731 lsa.
980 5659 1485 5740 Ll—Ii,r7.—VH‘""A—cvl.
1530 5659 1791 5747 νιιῖξξέ.

2202 5616 2246 5646 ¹⁶
2280 5614 2426 5670 Psal.
2477 5630 2666 5683 xxxvi,
2717 5617 2805 5673 50.
2886 5616 2927 5647 ¹¹
2964 5615 3108 5672 Psal.
3170 5619 3458 5681 Lugii.

1936 5797 2012 5869 (ὅ)
2047 5796 2210 5852 Deest
2248 5795 2474 5866 aliquid.
