  <div class='ocr_page' id='page_1' title='image "/cluster/home/n/w/nwhite01/storage/ocr_20150623/24/pst.000005712083/030.png"; bbox 0 0 4100 6286; ppageno 0'>
   <div class='ocr_carea' id='block_1_1' title="bbox 220 306 3481 380">
    <p class='ocr_par' dir='ltr' id='par_1_1' title="bbox 220 306 3481 380">
     <span class='ocr_line' id='line_1_1' title="bbox 220 306 3481 380; baseline 0.009 -28"><span class='ocrx_word' id='word_1_1' title='bbox 220 312 281 367; x_wconf 69' lang='lat'><strong>95</strong></span> <span class='ocrx_word' id='word_1_2' title='bbox 1339 306 1845 366; x_wconf 71' lang='lat' dir='ltr'><strong>COMMENTARIA</strong></span> <span class='ocrx_word' id='word_1_3' title='bbox 1886 310 1953 366; x_wconf 83' lang='lat' dir='ltr'><strong>IN</strong></span> <span class='ocrx_word' id='word_1_4' title='bbox 1991 312 2331 371; x_wconf 70' lang='lat' dir='ltr'><strong>PSALIOS.</strong></span> <span class='ocrx_word' id='word_1_5' title='bbox 3411 324 3481 380; x_wconf 72' lang='lat' dir='ltr'><strong>i6</strong></span> 
     </span>
    </p>
   </div>
   <div class='ocr_carea' id='block_1_2' title="bbox 771 429 1221 482">
    <p class='ocr_par' dir='ltr' id='par_1_2' title="bbox 771 429 1221 482">
     <span class='ocr_line' id='line_1_2' title="bbox 771 429 1221 482; baseline -0.002 0"><span class='ocrx_word' id='word_1_6' title='bbox 771 429 917 482; x_wconf 76' lang='lat' dir='ltr'><strong>‘FAA</strong></span> <span class='ocrx_word' id='word_1_7' title='bbox 925 429 1066 482; x_wconf 83' lang='grc' dir='ltr'><strong>ΜΟΣ</strong></span> <span class='ocrx_word' id='word_1_8' title='bbox 1096 429 1221 481; x_wconf 88' lang='grc' dir='ltr'><strong>ΡΛ’.</strong></span> 
     </span>
    </p>
   </div>
   <div class='ocr_carea' id='block_1_3' title="bbox 287 517 1796 591">
    <p class='ocr_par' dir='ltr' id='par_1_3' title="bbox 287 517 1796 591">
     <span class='ocr_line' id='line_1_3' title="bbox 287 517 1796 591; baseline -0.002 -17"><span class='ocrx_word' id='word_1_9' title='bbox 287 519 607 582; x_wconf 73' lang='grc' dir='ltr'>Ἀκολούθως</span> <span class='ocrx_word' id='word_1_10' title='bbox 633 521 668 590; x_wconf 77' lang='grc' dir='ltr'><strong>ἡ</strong></span> <span class='ocrx_word' id='word_1_11' title='bbox 700 520 817 591; x_wconf 74' lang='grc' dir='ltr'><strong>ᾠδὴ</strong></span> <span class='ocrx_word' id='word_1_12' title='bbox 852 524 885 591; x_wconf 78' lang='grc' dir='ltr'><strong>ἡ</strong></span> <span class='ocrx_word' id='word_1_13' title='bbox 915 520 1164 591; x_wconf 83' lang='grc' dir='ltr'>παροῦσα</span> <span class='ocrx_word' id='word_1_14' title='bbox 1190 519 1287 572; x_wconf 72' lang='grc' dir='ltr'><strong>καὶ</strong></span> <span class='ocrx_word' id='word_1_15' title='bbox 1312 520 1345 589; x_wconf 85' lang='grc' dir='ltr'><strong>ἡ</strong></span> <span class='ocrx_word' id='word_1_16' title='bbox 1381 520 1485 591; x_wconf 79' lang='grc' dir='ltr'>πρὸ</span> <span class='ocrx_word' id='word_1_17' title='bbox 1510 520 1680 591; x_wconf 78' lang='grc' dir='ltr'>αὐτῆς</span> <span class='ocrx_word' id='word_1_18' title='bbox 1701 517 1796 571; x_wconf 79' lang='grc' dir='ltr'>τοῦ</span> 
     </span>
    </p>
   </div>
   <div class='ocr_carea' id='block_1_4' title="bbox 225 610 1797 683">
    <p class='ocr_par' dir='ltr' id='par_1_4' title="bbox 225 610 1797 683">
     <span class='ocr_line' id='line_1_4' title="bbox 225 610 1797 683; baseline -0.002 -18"><span class='ocrx_word' id='word_1_19' title='bbox 225 613 272 665; x_wconf 80' lang='grc' dir='ltr'>ὲν</span> <span class='ocrx_word' id='word_1_20' title='bbox 288 614 463 683; x_wconf 61' lang='grc' dir='ltr'>Ἐυρίῳ</span> <span class='ocrx_word' id='word_1_21' title='bbox 488 611 919 682; x_wconf 82' lang='grc' dir='ltr'>τετελειωμένου</span> <span class='ocrx_word' id='word_1_22' title='bbox 958 610 1457 682; x_wconf 79' lang='grc' dir='ltr'><strong>ταπεινοφροσύνης</strong></span> <span class='ocrx_word' id='word_1_23' title='bbox 1495 610 1677 679; x_wconf 81' lang='grc' dir='ltr'>φωνὰς</span> <span class='ocrx_word' id='word_1_24' title='bbox 1702 626 1797 662; x_wconf 79' lang='grc' dir='ltr'>πε-</span> 
     </span>
    </p>
   </div>
   <div class='ocr_carea' id='block_1_5' title="bbox 225 701 1796 774">
    <p class='ocr_par' dir='ltr' id='par_1_5' title="bbox 225 701 1796 774">
     <span class='ocr_line' id='line_1_5' title="bbox 225 701 1796 774; baseline 0 -19"><span class='ocrx_word' id='word_1_25' title='bbox 225 706 467 774; x_wconf 63' lang='grc' dir='ltr'>ριέχσδσα,</span> <span class='ocrx_word' id='word_1_26' title='bbox 503 703 599 756; x_wconf 73' lang='grc' dir='ltr'><strong>καὶ</strong></span> <span class='ocrx_word' id='word_1_27' title='bbox 637 702 881 773; x_wconf 74' lang='grc' dir='ltr'>μάλιστα</span> <span class='ocrx_word' id='word_1_28' title='bbox 924 701 1018 756; x_wconf 80' lang='grc' dir='ltr'>τοῦ</span> <span class='ocrx_word' id='word_1_29' title='bbox 1051 702 1349 772; x_wconf 82' lang='grc' dir='ltr'><strong>δυναμένου</strong></span> <span class='ocrx_word' id='word_1_30' title='bbox 1391 702 1594 770; x_wconf 84' lang='grc' dir='ltr'>λέγειν·</span> <span class='ocrx_word' id='word_1_31' title='bbox 1634 701 1796 755; x_wconf 80' lang='grc' dir='ltr'><strong>Ἕνε-</strong></span> 
     </span>
    </p>
   </div>
   <div class='ocr_carea' id='block_1_6' title="bbox 224 792 1793 863">
    <p class='ocr_par' dir='ltr' id='par_1_6' title="bbox 224 792 1793 863">
     <span class='ocr_line' id='line_1_6' title="bbox 224 792 1793 863; baseline -0.001 -16"><span class='ocrx_word' id='word_1_32' title='bbox 224 813 311 849; x_wconf 77' lang='grc' dir='ltr'><strong>κεν</strong></span> <span class='ocrx_word' id='word_1_33' title='bbox 332 796 421 847; x_wconf 72' lang='grc' dir='ltr'>τοῦ</span> <span class='ocrx_word' id='word_1_34' title='bbox 469 796 777 861; x_wconf 65' lang='grc' dir='ltr'>ὀνόματός</span> <span class='ocrx_word' id='word_1_35' title='bbox 811 812 929 849; x_wconf 91' lang='grc' dir='ltr'><strong>σου</strong></span> <span class='ocrx_word' id='word_1_36' title='bbox 964 793 1256 863; x_wconf 79' lang='grc' dir='ltr'>ὑπέμεινὰ</span> <span class='ocrx_word' id='word_1_37' title='bbox 1287 810 1379 857; x_wconf 90' lang='grc' dir='ltr'><strong>σε,</strong></span> <span class='ocrx_word' id='word_1_38' title='bbox 1412 796 1611 861; x_wconf 78' lang='grc' dir='ltr'>Κύριε.</span> <span class='ocrx_word' id='word_1_39' title='bbox 1652 794 1710 845; x_wconf 85' lang='grc'><strong>’0</strong></span> <span class='ocrx_word' id='word_1_40' title='bbox 1737 792 1793 845; x_wconf 82' lang='grc' dir='ltr'>δὲ</span> 
     </span>
    </p>
   </div>
   <div class='ocr_carea' id='block_1_7' title="bbox 223 885 1792 960">
    <p class='ocr_par' dir='ltr' id='par_1_7' title="bbox 223 885 1792 960">
     <span class='ocr_line' id='line_1_7' title="bbox 223 885 1792 960; baseline -0.002 -20"><span class='ocrx_word' id='word_1_41' title='bbox 223 890 360 941; x_wconf 80' lang='grc' dir='ltr'>Δαυῖδ</span> <span class='ocrx_word' id='word_1_42' title='bbox 386 890 455 950; x_wconf 71' lang='grc' dir='ltr'>ὡς</span> <span class='ocrx_word' id='word_1_43' title='bbox 475 890 625 952; x_wconf 75' lang='grc' dir='ltr'>εἰκὸς</span> <span class='ocrx_word' id='word_1_44' title='bbox 662 907 733 960; x_wconf 84' lang='grc' dir='ltr'><strong>με</strong></span> <span class='ocrx_word' id='word_1_45' title='bbox 743 888 1003 960; x_wconf 79' lang='grc' dir='ltr'>μαθηκὼς</span> <span class='ocrx_word' id='word_1_46' title='bbox 1044 888 1151 941; x_wconf 73' lang='grc' dir='ltr'><strong>ἀπὸ</strong></span> <span class='ocrx_word' id='word_1_47' title='bbox 1173 889 1281 941; x_wconf 83' lang='grc' dir='ltr'>τῶν</span> <span class='ocrx_word' id='word_1_48' title='bbox 1310 887 1399 940; x_wconf 75' lang='grc' dir='ltr'>τοῦ</span> <span class='ocrx_word' id='word_1_49' title='bbox 1432 887 1588 954; x_wconf 85' lang='grc' dir='ltr'>ἁγίου</span> <span class='ocrx_word' id='word_1_50' title='bbox 1619 885 1792 937; x_wconf 87' lang='grc' dir='ltr'>Πνεύ-</span> 
     </span>
    </p>
   </div>
   <div class='ocr_carea' id='block_1_8' title="bbox 222 977 1790 1051">
    <p class='ocr_par' dir='ltr' id='par_1_8' title="bbox 222 977 1790 1051">
     <span class='ocr_line' id='line_1_8' title="bbox 222 977 1790 1051; baseline -0.003 -18"><span class='ocrx_word' id='word_1_51' title='bbox 222 998 367 1051; x_wconf 82' lang='grc' dir='ltr'>ματος</span> <span class='ocrx_word' id='word_1_52' title='bbox 397 981 609 1049; x_wconf 72' lang='grc' dir='ltr'>φονῶν,</span> <span class='ocrx_word' id='word_1_53' title='bbox 627 984 715 1035; x_wconf 82' lang='grc' dir='ltr'>ὅτι</span> <span class='ocrx_word' id='word_1_54' title='bbox 738 982 1056 1051; x_wconf 83' lang='grc' dir='ltr'>τιςὶλασμδς</span> <span class='ocrx_word' id='word_1_55' title='bbox 1078 981 1227 1051; x_wconf 79' lang='grc' dir='ltr'>παρᾶ</span> <span class='ocrx_word' id='word_1_56' title='bbox 1246 980 1325 1050; x_wconf 81' lang='grc' dir='ltr'>τῷ</span> <span class='ocrx_word' id='word_1_57' title='bbox 1346 979 1485 1049; x_wconf 81' lang='grc' dir='ltr'>Θεῷ,</span> <span class='ocrx_word' id='word_1_58' title='bbox 1506 980 1601 1031; x_wconf 76' lang='grc' dir='ltr'><strong>καὶ</strong></span> <span class='ocrx_word' id='word_1_59' title='bbox 1623 977 1790 1050; x_wconf 75' lang='grc' dir='ltr'>πολλὴ</span> 
     </span>
    </p>
   </div>
   <div class='ocr_carea' id='block_1_9' title="bbox 222 1071 1790 1145">
    <p class='ocr_par' dir='ltr' id='par_1_9' title="bbox 222 1071 1790 1145">
     <span class='ocr_line' id='line_1_9' title="bbox 222 1071 1790 1145; baseline -0.002 -21"><span class='ocrx_word' id='word_1_60' title='bbox 222 1075 328 1144; x_wconf 79' lang='grc' dir='ltr'>παρ’</span> <span class='ocrx_word' id='word_1_61' title='bbox 384 1074 528 1143; x_wconf 82' lang='grc' dir='ltr'>αὑτῴ</span> <span class='ocrx_word' id='word_1_62' title='bbox 593 1074 873 1145; x_wconf 76' lang='grc' dir='ltr'><strong>λύτρωσις</strong></span> <span class='ocrx_word' id='word_1_63' title='bbox 931 1074 979 1125; x_wconf 85' lang='grc' dir='ltr'>εἰ</span> <span class='ocrx_word' id='word_1_64' title='bbox 1034 1072 1397 1132; x_wconf 83' lang='grc' dir='ltr'>πιστεύσειεν,</span> <span class='ocrx_word' id='word_1_65' title='bbox 1477 1071 1790 1138; x_wconf 77' lang='grc' dir='ltr'><strong>ἀναγκαίως</strong></span> 
     </span>
    </p>
   </div>
   <div class='ocr_carea' id='block_1_10' title="bbox 220 1162 1785 1236">
    <p class='ocr_par' dir='ltr' id='par_1_10' title="bbox 220 1162 1785 1236">
     <span class='ocr_line' id='line_1_10' title="bbox 220 1162 1785 1236; baseline -0.003 -19"><span class='ocrx_word' id='word_1_66' title='bbox 220 1166 383 1219; x_wconf 76' lang='grc' dir='ltr'>ἑαυτὸν</span> <span class='ocrx_word' id='word_1_67' title='bbox 401 1166 706 1236; x_wconf 73' lang='grc' dir='ltr'>προσφέρει</span> <span class='ocrx_word' id='word_1_68' title='bbox 723 1165 803 1235; x_wconf 77' lang='grc' dir='ltr'><strong>τῷ</strong></span> <span class='ocrx_word' id='word_1_69' title='bbox 823 1166 1107 1235; x_wconf 74' lang='grc' dir='ltr'>Λυτρωτῇ·</span> <span class='ocrx_word' id='word_1_70' title='bbox 1134 1162 1215 1216; x_wconf 80' lang='grc' dir='ltr'>διὸ</span> <span class='ocrx_word' id='word_1_71' title='bbox 1245 1164 1337 1215; x_wconf 80' lang='grc' dir='ltr'><strong>καὶ</strong></span> <span class='ocrx_word' id='word_1_72' title='bbox 1366 1162 1785 1232; x_wconf 75' lang='grc' dir='ltr'>ἐπιγέγραπται·</span> 
     </span>
    </p>
   </div>
   <div class='ocr_carea' id='block_1_11' title="bbox 221 1252 1789 1324">
    <p class='ocr_par' dir='ltr' id='par_1_11' title="bbox 221 1252 1789 1324">
     <span class='ocr_line' id='line_1_11' title="bbox 221 1252 1789 1324; baseline -0.003 -14"><span class='ocrx_word' id='word_1_73' title='bbox 221 1258 314 1311; x_wconf 82' lang='grc' dir='ltr'><strong>Τοῦ</strong></span> <span class='ocrx_word' id='word_1_74' title='bbox 347 1257 521 1309; x_wconf 73' lang='grc' dir='ltr'>Δαυῒδ</span> <span class='ocrx_word' id='word_1_75' title='bbox 560 1260 649 1322; x_wconf 81' lang='grc' dir='ltr'><strong>είς</strong></span> <span class='ocrx_word' id='word_1_76' title='bbox 695 1257 1071 1324; x_wconf 75' lang='grc' dir='ltr'><strong>παραίτησιν</strong></span> <span class='ocrx_word' id='word_1_77' title='bbox 1101 1252 1648 1323; x_wconf 73' lang='grc' dir='ltr'><strong>πλημμελημάτων,</strong></span> <span class='ocrx_word' id='word_1_78' title='bbox 1682 1254 1789 1319; x_wconf 82' lang='grc' dir='ltr'>τὰς</span> 
     </span>
    </p>
   </div>
   <div class='ocr_carea' id='block_1_12' title="bbox 218 1343 1785 1418">
    <p class='ocr_par' dir='ltr' id='par_1_12' title="bbox 218 1343 1785 1418">
     <span class='ocr_line' id='line_1_12' title="bbox 218 1343 1785 1418; baseline -0.004 -15"><span class='ocrx_word' id='word_1_79' title='bbox 218 1348 349 1414; x_wconf 74' lang='grc' dir='ltr'>ἰδίας</span> <span class='ocrx_word' id='word_1_80' title='bbox 409 1348 880 1418; x_wconf 67' lang='grc' dir='ltr'><strong>ἐξαριθμοῦντες</strong></span> <span class='ocrx_word' id='word_1_81' title='bbox 945 1347 1367 1415; x_wconf 60' lang='grc' dir='ltr'>ἀνδραγαθίας.</span> <span class='ocrx_word' id='word_1_82' title='bbox 1416 1346 1490 1397; x_wconf 78' lang='grc' dir='ltr'><strong>Οὐ</strong></span> <span class='ocrx_word' id='word_1_83' title='bbox 1567 1343 1785 1397; x_wconf 80' lang='grc' dir='ltr'>πώποτε</span> 
     </span>
    </p>
   </div>
   <div class='ocr_carea' id='block_1_13' title="bbox 213 1435 1781 1511">
    <p class='ocr_par' dir='ltr' id='par_1_13' title="bbox 213 1435 1781 1511">
     <span class='ocr_line' id='line_1_13' title="bbox 213 1435 1781 1511; baseline -0.003 -20"><span class='ocrx_word' id='word_1_84' title='bbox 213 1441 324 1511; x_wconf 69' lang='grc' dir='ltr'>γὰρ,</span> <span class='ocrx_word' id='word_1_85' title='bbox 355 1442 535 1511; x_wconf 62' lang='grc' dir='ltr'>φησιν,</span> <span class='ocrx_word' id='word_1_86' title='bbox 568 1439 828 1510; x_wconf 72' lang='grc' dir='ltr'>ἐπήρθην</span> <span class='ocrx_word' id='word_1_87' title='bbox 859 1437 1041 1500; x_wconf 84' lang='grc' dir='ltr'>καθὼς</span> <span class='ocrx_word' id='word_1_88' title='bbox 1070 1438 1253 1507; x_wconf 76' lang='grc' dir='ltr'>ἄρχων</span> <span class='ocrx_word' id='word_1_89' title='bbox 1286 1436 1372 1488; x_wconf 72' lang='grc' dir='ltr'><strong>ἐπ’</strong></span> <span class='ocrx_word' id='word_1_90' title='bbox 1403 1436 1553 1499; x_wconf 75' lang='grc' dir='ltr'>ἔθνος</span> <span class='ocrx_word' id='word_1_91' title='bbox 1582 1435 1745 1489; x_wconf 78' lang='grc' dir='ltr'>αὑτοῦ</span> <span class='ocrx_word' id='word_1_92' title='bbox 1768 1451 1781 1465; x_wconf 77' lang='grc'><strong><em>⁸</em></strong></span> 
     </span>
    </p>
   </div>
   <div class='ocr_carea' id='block_1_14' title="bbox 213 1528 1785 1603">
    <p class='ocr_par' dir='ltr' id='par_1_14' title="bbox 213 1528 1785 1603">
     <span class='ocr_line' id='line_1_14' title="bbox 213 1528 1785 1603; baseline -0.003 -19"><span class='ocrx_word' id='word_1_93' title='bbox 213 1534 315 1585; x_wconf 64' lang='grc' dir='ltr'>οὔτε</span> <span class='ocrx_word' id='word_1_94' title='bbox 351 1535 450 1603; x_wconf 81' lang='grc' dir='ltr'><strong>μὴν</strong></span> <span class='ocrx_word' id='word_1_95' title='bbox 490 1532 814 1602; x_wconf 76' lang='grc' dir='ltr'>ἐχαυνώθην</span> <span class='ocrx_word' id='word_1_96' title='bbox 847 1530 1044 1599; x_wconf 71' lang='grc' dir='ltr'>βλέψας</span> <span class='ocrx_word' id='word_1_97' title='bbox 1073 1529 1177 1595; x_wconf 74' lang='grc' dir='ltr'><strong>ἔξω</strong></span> <span class='ocrx_word' id='word_1_98' title='bbox 1206 1529 1361 1591; x_wconf 78' lang='grc' dir='ltr'>Θεοῦ,</span> <span class='ocrx_word' id='word_1_99' title='bbox 1395 1531 1487 1581; x_wconf 65' lang='grc' dir='ltr'><strong>καὶ</strong></span> <span class='ocrx_word' id='word_1_100' title='bbox 1526 1528 1624 1598; x_wconf 80' lang='grc' dir='ltr'>τῆς</span> <span class='ocrx_word' id='word_1_101' title='bbox 1652 1528 1785 1598; x_wconf 75' lang='grc' dir='ltr'>πρὸς</span> 
     </span>
    </p>
   </div>
   <div class='ocr_carea' id='block_1_15' title="bbox 212 1620 1783 1693">
    <p class='ocr_par' dir='ltr' id='par_1_15' title="bbox 212 1620 1783 1693">
     <span class='ocr_line' id='line_1_15' title="bbox 212 1620 1783 1693; baseline -0.003 -17"><span class='ocrx_word' id='word_1_102' title='bbox 212 1627 286 1677; x_wconf 66' lang='grc' dir='ltr'><strong>τὸν</strong></span> <span class='ocrx_word' id='word_1_103' title='bbox 313 1624 466 1677; x_wconf 67' lang='grc' dir='ltr'>αὐτοῦ</span> <span class='ocrx_word' id='word_1_104' title='bbox 504 1624 673 1693; x_wconf 80' lang='grc' dir='ltr'>φόὸον</span> <span class='ocrx_word' id='word_1_105' title='bbox 709 1622 1022 1685; x_wconf 80' lang='grc' dir='ltr'>συστάσεως</span> <span class='ocrx_word' id='word_1_106' title='bbox 1055 1620 1349 1689; x_wconf 82' lang='grc' dir='ltr'>καθυφείς·</span> <span class='ocrx_word' id='word_1_107' title='bbox 1383 1620 1505 1672; x_wconf 71' lang='grc' dir='ltr'>οὔτε</span> <span class='ocrx_word' id='word_1_108' title='bbox 1540 1620 1697 1672; x_wconf 85' lang='grc' dir='ltr'>πάλιν</span> <span class='ocrx_word' id='word_1_109' title='bbox 1726 1622 1783 1671; x_wconf 86' lang='grc' dir='ltr'>ὲν</span> 
     </span>
    </p>
   </div>
   <div class='ocr_carea' id='block_1_16' title="bbox 212 1712 1781 1787">
    <p class='ocr_par' dir='ltr' id='par_1_16' title="bbox 212 1712 1781 1787">
     <span class='ocr_line' id='line_1_16' title="bbox 212 1712 1781 1787; baseline -0.002 -20"><span class='ocrx_word' id='word_1_110' title='bbox 212 1720 366 1787; x_wconf 69' lang='grc' dir='ltr'>τρυφῇ</span> <span class='ocrx_word' id='word_1_111' title='bbox 398 1716 672 1779; x_wconf 78' lang='grc' dir='ltr'>πλουσίως</span> <span class='ocrx_word' id='word_1_112' title='bbox 726 1714 973 1784; x_wconf 79' lang='grc' dir='ltr'>διεξῆγον</span> <span class='ocrx_word' id='word_1_113' title='bbox 1016 1713 1107 1765; x_wconf 81' lang='grc' dir='ltr'>τὸν</span> <span class='ocrx_word' id='word_1_114' title='bbox 1154 1713 1303 1781; x_wconf 84' lang='grc' dir='ltr'>βίον’</span> <span class='ocrx_word' id='word_1_115' title='bbox 1353 1712 1472 1765; x_wconf 73' lang='grc' dir='ltr'>οὐδέ</span> <span class='ocrx_word' id='word_1_116' title='bbox 1506 1731 1556 1765; x_wconf 86' lang='grc' dir='ltr'><strong>τι</strong></span> <span class='ocrx_word' id='word_1_117' title='bbox 1599 1714 1781 1782; x_wconf 77' lang='grc' dir='ltr'>μεῖζον</span> 
     </span>
    </p>
   </div>
   <div class='ocr_carea' id='block_1_17' title="bbox 1822 434 1870 490">
    <p class='ocr_par' dir='ltr' id='par_1_17' title="bbox 1822 434 1870 490">
     <span class='ocr_line' id='line_1_17' title="bbox 1822 434 1870 490; baseline 0 0"><span class='ocrx_word' id='word_1_118' title='bbox 1822 434 1870 490; x_wconf 75' lang='grc' dir='ltr'>Α</span> 
     </span>
    </p>
   </div>
   <div class='ocr_carea' id='block_1_18' title="bbox 2399 431 2982 490">
    <p class='ocr_par' dir='ltr' id='par_1_18' title="bbox 2399 431 2982 490">
     <span class='ocr_line' id='line_1_18' title="bbox 2399 431 2982 490; baseline 0.003 -3"><span class='ocrx_word' id='word_1_119' title='bbox 2399 431 2727 490; x_wconf 71' lang='lat' dir='ltr'><strong>PSALMUS</strong></span> <span class='ocrx_word' id='word_1_120' title='bbox 2765 434 2982 490; x_wconf 76' lang='lat' dir='ltr'><strong>CXXX.</strong></span> 
     </span>
    </p>
   </div>
   <div class='ocr_carea' id='block_1_19' title="bbox 1978 523 3481 597">
    <p class='ocr_par' dir='ltr' id='par_1_19' title="bbox 1978 523 3481 597">
     <span class='ocr_line' id='line_1_19' title="bbox 1978 523 3481 597; baseline 0.003 -19"><span class='ocrx_word' id='word_1_121' title='bbox 1978 523 2231 595; x_wconf 82' lang='lat' dir='ltr'><strong>Congrue</strong></span> <span class='ocrx_word' id='word_1_122' title='bbox 2276 539 2518 593; x_wconf 63' lang='lat' dir='ltr'><strong>praesens</strong></span> <span class='ocrx_word' id='word_1_123' title='bbox 2541 534 2667 589; x_wconf 81' lang='lat' dir='ltr'><strong>oua,</strong></span> <span class='ocrx_word' id='word_1_124' title='bbox 2721 526 2957 595; x_wconf 84' lang='lat' dir='ltr'><strong>itemque</strong></span> <span class='ocrx_word' id='word_1_125' title='bbox 2996 528 3332 597; x_wconf 66' lang='lat' dir='ltr'><strong>praecedens,</strong></span> <span class='ocrx_word' id='word_1_126' title='bbox 3380 531 3481 585; x_wconf 63' lang='lat' dir='ltr'><strong>ho-</strong></span> 
     </span>
    </p>
   </div>
   <div class='ocr_carea' id='block_1_20' title="bbox 1899 614 3478 685">
    <p class='ocr_par' dir='ltr' id='par_1_20' title="bbox 1899 614 3478 685">
     <span class='ocr_line' id='line_1_20' title="bbox 1899 614 3478 685; baseline 0.004 -16"><span class='ocrx_word' id='word_1_127' title='bbox 1899 614 2063 670; x_wconf 81' lang='lat' dir='ltr'><strong>minis</strong></span> <span class='ocrx_word' id='word_1_128' title='bbox 2118 617 2169 669; x_wconf 91' lang='lat' dir='ltr'><strong>in</strong></span> <span class='ocrx_word' id='word_1_129' title='bbox 2227 615 2337 671; x_wconf 82' lang='lat' dir='ltr'><strong>Deo</strong></span> <span class='ocrx_word' id='word_1_130' title='bbox 2400 616 2633 685; x_wconf 79' lang='lat' dir='ltr'><strong>perfecti</strong></span> <span class='ocrx_word' id='word_1_131' title='bbox 2706 618 2937 672; x_wconf 88' lang='lat' dir='ltr'><strong>humiles</strong></span> <span class='ocrx_word' id='word_1_132' title='bbox 3000 634 3161 674; x_wconf 87' lang='lat' dir='ltr'><strong>voces</strong></span> <span class='ocrx_word' id='word_1_133' title='bbox 3217 624 3478 684; x_wconf 71' lang='lat' dir='ltr'><strong>continuet.</strong></span> 
     </span>
    </p>
   </div>
   <div class='ocr_carea' id='block_1_21' title="bbox 1898 708 3480 779">
    <p class='ocr_par' dir='ltr' id='par_1_21' title="bbox 1898 708 3480 779">
     <span class='ocr_line' id='line_1_21' title="bbox 1898 708 3480 779; baseline 0.006 -20"><span class='ocrx_word' id='word_1_134' title='bbox 1898 708 2279 777; x_wconf 63' lang='lat' dir='ltr'><strong>praecipueque</strong></span> <span class='ocrx_word' id='word_1_135' title='bbox 2312 709 2431 776; x_wconf 88' lang='lat' dir='ltr'><strong>ejus</strong></span> <span class='ocrx_word' id='word_1_136' title='bbox 2463 708 2555 777; x_wconf 86' lang='lat' dir='ltr'><strong>qui</strong></span> <span class='ocrx_word' id='word_1_137' title='bbox 2580 710 2757 775; x_wconf 86' lang='lat' dir='ltr'><strong>possit</strong></span> <span class='ocrx_word' id='word_1_138' title='bbox 2787 708 3002 765; x_wconf 85' lang='lat' dir='ltr'><strong>dicere:</strong></span> <span class='ocrx_word' id='word_1_139' title='bbox 3042 711 3269 779; x_wconf 89' lang='lat' dir='ltr'><strong>Propter</strong></span> <span class='ocrx_word' id='word_1_140' title='bbox 3293 731 3480 768; x_wconf 82' lang='lat' dir='ltr'><strong><em>nomen</em></strong></span> 
     </span>
    </p>
   </div>
   <div class='ocr_carea' id='block_1_22' title="bbox 1896 797 3477 872">
    <p class='ocr_par' dir='ltr' id='par_1_22' title="bbox 1896 797 3477 872">
     <span class='ocr_line' id='line_1_22' title="bbox 1896 797 3477 872; baseline 0.006 -24"><span class='ocrx_word' id='word_1_141' title='bbox 1896 807 2048 850; x_wconf 73' lang='lat' dir='ltr'><strong>tuum</strong></span> <span class='ocrx_word' id='word_1_142' title='bbox 2073 798 2306 851; x_wconf 92' lang='lat' dir='ltr'><strong>sustinui</strong></span> <span class='ocrx_word' id='word_1_143' title='bbox 2343 806 2413 862; x_wconf 87' lang='lat' dir='ltr'><strong>te,</strong></span> <span class='ocrx_word' id='word_1_144' title='bbox 2441 797 2663 851; x_wconf 80' lang='lat' dir='ltr'><strong>Domine</strong></span> <span class='ocrx_word' id='word_1_145' title='bbox 2698 798 2765 852; x_wconf 87' lang='grc'><strong>³³.</strong></span> <span class='ocrx_word' id='word_1_146' title='bbox 2809 800 2976 854; x_wconf 75' lang='lat' dir='ltr'><strong>David</strong></span> <span class='ocrx_word' id='word_1_147' title='bbox 3006 812 3191 856; x_wconf 79' lang='lat' dir='ltr'><strong>autem</strong></span> <span class='ocrx_word' id='word_1_148' title='bbox 3234 802 3477 872; x_wconf 84' lang='lat' dir='ltr'><strong>edoctus,</strong></span> 
     </span>
    </p>
   </div>
   <div class='ocr_carea' id='block_1_23' title="bbox 1897 889 3480 962">
    <p class='ocr_par' dir='ltr' id='par_1_23' title="bbox 1897 889 3480 962">
     <span class='ocr_line' id='line_1_23' title="bbox 1897 889 3480 962; baseline 0.006 -22"><span class='ocrx_word' id='word_1_149' title='bbox 1897 898 1953 941; x_wconf 94' lang='lat' dir='ltr'><strong>ut</strong></span> <span class='ocrx_word' id='word_1_150' title='bbox 1988 889 2247 945; x_wconf 84' lang='lat' dir='ltr'><strong>credibile</strong></span> <span class='ocrx_word' id='word_1_151' title='bbox 2298 900 2401 950; x_wconf 88' lang='lat' dir='ltr'><strong>est.</strong></span> <span class='ocrx_word' id='word_1_152' title='bbox 2454 906 2481 943; x_wconf 90' lang='lat' dir='ltr'><strong>a</strong></span> <span class='ocrx_word' id='word_1_153' title='bbox 2518 891 2698 945; x_wconf 86' lang='lat' dir='ltr'><strong>sancti</strong></span> <span class='ocrx_word' id='word_1_154' title='bbox 2731 891 2970 961; x_wconf 73' lang='lat' dir='ltr'><strong>Spiritus</strong></span> <span class='ocrx_word' id='word_1_155' title='bbox 3014 895 3275 962; x_wconf 77' lang='lat' dir='ltr'><strong>oraculis,</strong></span> <span class='ocrx_word' id='word_1_156' title='bbox 3319 898 3480 950; x_wconf 64' lang='lat' dir='ltr'><strong>mise-</strong></span> 
     </span>
    </p>
   </div>
   <div class='ocr_carea' id='block_1_24' title="bbox 1895 980 3477 1055">
    <p class='ocr_par' dir='ltr' id='par_1_24' title="bbox 1895 980 3477 1055">
     <span class='ocr_line' id='line_1_24' title="bbox 1895 980 3477 1055; baseline 0.006 -22"><span class='ocrx_word' id='word_1_157' title='bbox 1895 980 2185 1034; x_wconf 88' lang='lat' dir='ltr'><strong>ricordiam</strong></span> <span class='ocrx_word' id='word_1_158' title='bbox 2250 982 2391 1050; x_wconf 88' lang='lat' dir='ltr'><strong>apud</strong></span> <span class='ocrx_word' id='word_1_159' title='bbox 2427 980 2595 1035; x_wconf 78' lang='lat' dir='ltr'><strong>Deum</strong></span> <span class='ocrx_word' id='word_1_160' title='bbox 2650 984 2881 1037; x_wconf 83' lang='lat' dir='ltr'><strong>inveniri</strong></span> <span class='ocrx_word' id='word_1_161' title='bbox 2944 987 3337 1055; x_wconf 85' lang='lat' dir='ltr'><strong>copiosamque</strong></span> <span class='ocrx_word' id='word_1_162' title='bbox 3388 1004 3477 1043; x_wconf 91' lang='lat' dir='ltr'><strong>re-</strong></span> 
     </span>
    </p>
   </div>
   <div class='ocr_carea' id='block_1_25' title="bbox 1894 1072 3476 1148">
    <p class='ocr_par' dir='ltr' id='par_1_25' title="bbox 1894 1072 3476 1148">
     <span class='ocr_line' id='line_1_25' title="bbox 1894 1072 3476 1148; baseline 0.006 -23"><span class='ocrx_word' id='word_1_163' title='bbox 1894 1072 2277 1139; x_wconf 81' lang='lat' dir='ltr'><strong>demptionem,</strong></span> <span class='ocrx_word' id='word_1_164' title='bbox 2314 1072 2361 1127; x_wconf 89' lang='lat' dir='ltr'><strong>si</strong></span> <span class='ocrx_word' id='word_1_165' title='bbox 2394 1073 2560 1128; x_wconf 89' lang='lat' dir='ltr'><strong>modo</strong></span> <span class='ocrx_word' id='word_1_166' title='bbox 2588 1074 2856 1139; x_wconf 78' lang='lat' dir='ltr'><strong>crederet,</strong></span> <span class='ocrx_word' id='word_1_167' title='bbox 2895 1079 3211 1132; x_wconf 84' lang='lat' dir='ltr'><strong>necessario</strong></span> <span class='ocrx_word' id='word_1_168' title='bbox 3240 1080 3476 1148; x_wconf 87' lang='lat' dir='ltr'><strong>seipsum</strong></span> 
     </span>
    </p>
   </div>
   <div class='ocr_carea' id='block_1_26' title="bbox 1892 1162 3475 1234">
    <p class='ocr_par' dir='ltr' id='par_1_26' title="bbox 1892 1162 3475 1234">
     <span class='ocr_line' id='line_1_26' title="bbox 1892 1162 3475 1234; baseline 0.007 -18"><span class='ocrx_word' id='word_1_169' title='bbox 1892 1164 2114 1217; x_wconf 78' lang='lat' dir='ltr'><strong>exhibet</strong></span> <span class='ocrx_word' id='word_1_170' title='bbox 2143 1162 2513 1234; x_wconf 77' lang='lat' dir='ltr'><strong>Redemptori.</strong></span> <span class='ocrx_word' id='word_1_171' title='bbox 2565 1164 2746 1231; x_wconf 80' lang='lat' dir='ltr'><strong>Quare</strong></span> <span class='ocrx_word' id='word_1_172' title='bbox 2777 1175 2831 1221; x_wconf 90' lang='lat' dir='ltr'><strong>et</strong></span> <span class='ocrx_word' id='word_1_173' title='bbox 2854 1168 3173 1223; x_wconf 74' lang='lat' dir='ltr'><strong>inscribitur</strong></span> <span class='ocrx_word' id='word_1_174' title='bbox 3203 1188 3217 1225; x_wconf 90' lang='lat'><strong>:</strong></span> <span class='ocrx_word' id='word_1_175' title='bbox 3253 1169 3475 1227; x_wconf 81' lang='lat' dir='ltr'><strong>Davidis</strong></span> 
     </span>
    </p>
   </div>
   <div class='ocr_carea' id='block_1_27' title="bbox 1892 1255 3477 1334">
    <p class='ocr_par' dir='ltr' id='par_1_27' title="bbox 1892 1255 3477 1334">
     <span class='ocr_line' id='line_1_27' title="bbox 1892 1255 3477 1334; baseline 0.008 -27"><span class='ocrx_word' id='word_1_176' title='bbox 1892 1255 1961 1307; x_wconf 84' lang='lat' dir='ltr'><strong>ad</strong></span> <span class='ocrx_word' id='word_1_177' title='bbox 2015 1255 2435 1325; x_wconf 77' lang='lat' dir='ltr'><strong>deprecationem</strong></span> <span class='ocrx_word' id='word_1_178' title='bbox 2495 1266 2863 1326; x_wconf 78' lang='lat' dir='ltr'><strong>peccatorum,</strong></span> <span class='ocrx_word' id='word_1_179' title='bbox 2920 1276 3003 1314; x_wconf 87' lang='lat' dir='ltr'><strong>res</strong></span> <span class='ocrx_word' id='word_1_180' title='bbox 3060 1277 3093 1315; x_wconf 83' lang='grc' dir='ltr'><strong>α</strong></span> <span class='ocrx_word' id='word_1_181' title='bbox 3157 1278 3211 1316; x_wconf 81' lang='lat' dir='ltr'><strong>se</strong></span> <span class='ocrx_word' id='word_1_182' title='bbox 3272 1266 3477 1334; x_wconf 79' lang='lat' dir='ltr'><strong>egregie</strong></span> 
     </span>
    </p>
   </div>
   <div class='ocr_carea' id='block_1_28' title="bbox 1890 1346 3477 1424">
    <p class='ocr_par' dir='ltr' id='par_1_28' title="bbox 1890 1346 3477 1424">
     <span class='ocr_line' id='line_1_28' title="bbox 1890 1346 3477 1424; baseline 0.006 -26"><span class='ocrx_word' id='word_1_183' title='bbox 1890 1356 2067 1416; x_wconf 88' lang='lat' dir='ltr'><strong>gestas</strong></span> <span class='ocrx_word' id='word_1_184' title='bbox 2109 1348 2447 1404; x_wconf 85' lang='lat' dir='ltr'><strong>recensentis.</strong></span> <span class='ocrx_word' id='word_1_185' title='bbox 2510 1346 2795 1419; x_wconf 81' lang='lat' dir='ltr'><strong>Nunquam</strong></span> <span class='ocrx_word' id='word_1_186' title='bbox 2842 1351 3020 1416; x_wconf 88' lang='lat' dir='ltr'><strong>enim,</strong></span> <span class='ocrx_word' id='word_1_187' title='bbox 3072 1353 3281 1424; x_wconf 90' lang='lat' dir='ltr'><strong>inquit,</strong></span> <span class='ocrx_word' id='word_1_188' title='bbox 3336 1354 3477 1409; x_wconf 81' lang='lat' dir='ltr'><strong>fastu</strong></span> 
     </span>
    </p>
   </div>
   <div class='ocr_carea' id='block_1_29' title="bbox 1891 1438 3473 1516">
    <p class='ocr_par' dir='ltr' id='par_1_29' title="bbox 1891 1438 3473 1516">
     <span class='ocr_line' id='line_1_29' title="bbox 1891 1438 3473 1516; baseline 0.004 -24"><span class='ocrx_word' id='word_1_189' title='bbox 1891 1438 2071 1493; x_wconf 81' lang='lat' dir='ltr'><strong>elatus</strong></span> <span class='ocrx_word' id='word_1_190' title='bbox 2107 1453 2247 1503; x_wconf 88' lang='lat' dir='ltr'><strong>sum,</strong></span> <span class='ocrx_word' id='word_1_191' title='bbox 2282 1452 2378 1493; x_wconf 93' lang='lat' dir='ltr'><strong>ceu</strong></span> <span class='ocrx_word' id='word_1_192' title='bbox 2422 1439 2601 1508; x_wconf 85' lang='lat' dir='ltr'><strong>gentis</strong></span> <span class='ocrx_word' id='word_1_193' title='bbox 2635 1440 2933 1511; x_wconf 84' lang='lat' dir='ltr'><strong>princeps;</strong></span> <span class='ocrx_word' id='word_1_194' title='bbox 2965 1456 3143 1511; x_wconf 89' lang='lat' dir='ltr'><strong>neque</strong></span> <span class='ocrx_word' id='word_1_195' title='bbox 3176 1444 3251 1499; x_wconf 83' lang='lat' dir='ltr'><strong>ita</strong></span> <span class='ocrx_word' id='word_1_196' title='bbox 3280 1459 3473 1516; x_wconf 85' lang='lat' dir='ltr'><strong>super-</strong></span> 
     </span>
    </p>
   </div>
   <div class='ocr_carea' id='block_1_30' title="bbox 1886 1528 3471 1604">
    <p class='ocr_par' dir='ltr' id='par_1_30' title="bbox 1886 1528 3471 1604">
     <span class='ocr_line' id='line_1_30' title="bbox 1886 1528 3471 1604; baseline 0.006 -23"><span class='ocrx_word' id='word_1_197' title='bbox 1886 1528 1973 1581; x_wconf 90' lang='lat' dir='ltr'><strong>bia</strong></span> <span class='ocrx_word' id='word_1_198' title='bbox 2011 1529 2181 1582; x_wconf 92' lang='lat' dir='ltr'><strong>tumui</strong></span> <span class='ocrx_word' id='word_1_199' title='bbox 2217 1538 2275 1582; x_wconf 90' lang='lat' dir='ltr'><strong>ut</strong></span> <span class='ocrx_word' id='word_1_200' title='bbox 2313 1530 2405 1583; x_wconf 89' lang='lat' dir='ltr'><strong>Dei</strong></span> <span class='ocrx_word' id='word_1_201' title='bbox 2438 1531 2783 1599; x_wconf 63' lang='lat' dir='ltr'><strong>praesentiam</strong></span> <span class='ocrx_word' id='word_1_202' title='bbox 2814 1547 2922 1587; x_wconf 91' lang='lat' dir='ltr'><strong>non</strong></span> <span class='ocrx_word' id='word_1_203' title='bbox 2963 1543 3296 1604; x_wconf 84' lang='lat' dir='ltr'><strong>spectarem,</strong></span> <span class='ocrx_word' id='word_1_204' title='bbox 3336 1536 3471 1591; x_wconf 85' lang='lat' dir='ltr'><strong>etin</strong></span> 
     </span>
    </p>
   </div>
   <div class='ocr_carea' id='block_1_31' title="bbox 1887 1620 3471 1697">
    <p class='ocr_par' dir='ltr' id='par_1_31' title="bbox 1887 1620 3471 1697">
     <span class='ocr_line' id='line_1_31' title="bbox 1887 1620 3471 1697; baseline 0.007 -25"><span class='ocrx_word' id='word_1_205' title='bbox 1887 1634 1952 1672; x_wconf 89' lang='lat' dir='ltr'><strong>co</strong></span> <span class='ocrx_word' id='word_1_206' title='bbox 1993 1620 2235 1673; x_wconf 80' lang='lat' dir='ltr'><strong>timendo</strong></span> <span class='ocrx_word' id='word_1_207' title='bbox 2258 1622 2629 1675; x_wconf 81' lang='lat' dir='ltr'><strong>constantiam</strong></span> <span class='ocrx_word' id='word_1_208' title='bbox 2665 1624 2999 1681; x_wconf 82' lang='lat' dir='ltr'><strong>amitterem.</strong></span> <span class='ocrx_word' id='word_1_209' title='bbox 3023 1624 3211 1697; x_wconf 75' lang='lat' dir='ltr'><strong>Neque</strong></span> <span class='ocrx_word' id='word_1_210' title='bbox 3253 1629 3380 1681; x_wconf 85' lang='lat' dir='ltr'><strong>item</strong></span> <span class='ocrx_word' id='word_1_211' title='bbox 3415 1629 3471 1683; x_wconf 87' lang='lat' dir='ltr'><strong>in</strong></span> 
     </span>
    </p>
   </div>
   <div class='ocr_carea' id='block_1_32' title="bbox 1888 1711 3473 1789">
    <p class='ocr_par' dir='ltr' id='par_1_32' title="bbox 1888 1711 3473 1789">
     <span class='ocr_line' id='line_1_32' title="bbox 1888 1711 3473 1789; baseline 0.008 -26"><span class='ocrx_word' id='word_1_212' title='bbox 1888 1712 2102 1766; x_wconf 87' lang='lat' dir='ltr'><strong>deliciis</strong></span> <span class='ocrx_word' id='word_1_213' title='bbox 2134 1711 2422 1767; x_wconf 86' lang='lat' dir='ltr'><strong>atlluenter</strong></span> <span class='ocrx_word' id='word_1_214' title='bbox 2455 1714 2606 1780; x_wconf 79' lang='lat' dir='ltr'><strong>vixi;</strong></span> <span class='ocrx_word' id='word_1_215' title='bbox 2643 1731 2823 1785; x_wconf 87' lang='lat' dir='ltr'><strong>neque</strong></span> <span class='ocrx_word' id='word_1_216' title='bbox 2870 1717 2938 1771; x_wconf 88' lang='lat' dir='ltr'><strong>de</strong></span> <span class='ocrx_word' id='word_1_217' title='bbox 2967 1732 3052 1772; x_wconf 89' lang='lat' dir='ltr'><strong>me</strong></span> <span class='ocrx_word' id='word_1_218' title='bbox 3088 1722 3331 1789; x_wconf 90' lang='lat' dir='ltr'><strong>meisque</strong></span> <span class='ocrx_word' id='word_1_219' title='bbox 3383 1735 3473 1775; x_wconf 83' lang='lat' dir='ltr'><strong>re-</strong></span> 
     </span>
    </p>
   </div>
   <div class='ocr_carea' id='block_1_33' title="bbox 210 1771 1768 1882">
    <p class='ocr_par' dir='ltr' id='par_1_33' title="bbox 210 1771 1768 1878">
     <span class='ocr_line' id='line_1_33' title="bbox 210 1771 1768 1878; baseline -0.003 -20"><span class='ocrx_word' id='word_1_220' title='bbox 210 1771 475 1878; x_wconf 51' lang='grc' dir='ltr'>ὲξςρδνησα,</span> <span class='ocrx_word' id='word_1_221' title='bbox 506 1771 668 1877; x_wconf 64' lang='grc' dir='ltr'>φησὶ,</span> <span class='ocrx_word' id='word_1_222' title='bbox 708 1824 775 1859; x_wconf 87' lang='grc' dir='ltr'><strong>πε</strong></span> <span class='ocrx_word' id='word_1_223' title='bbox 785 1771 838 1873; x_wconf 63' lang='lat' dir='ltr'><strong>pi</strong></span> <span class='ocrx_word' id='word_1_224' title='bbox 864 1771 1123 1876; x_wconf 52' lang='lat' dir='ltr'><strong>ipa-4:06,</strong></span> <span class='ocrx_word' id='word_1_225' title='bbox 1153 1771 1262 1859; x_wconf 61' lang='grc' dir='ltr'><strong>τῶν</strong></span> <span class='ocrx_word' id='word_1_226' title='bbox 1289 1771 1738 1874; x_wconf 47' lang='grc' dir='ltr'>προσόντων-ἐμοί</span> <span class='ocrx_word' id='word_1_227' title='bbox 1764 1822 1768 1833; x_wconf 65' lang='grc' dir='ltr'><strong>ί</strong></span> 
     </span>
    </p>
   </div>
   <div class='ocr_carea' id='block_1_34' title="bbox 1875 1771 3468 1882">
    <p class='ocr_par' dir='ltr' id='par_1_34' title="bbox 1888 1771 3468 1882">
     <span class='ocr_line' id='line_1_34' title="bbox 1888 1771 3468 1882; baseline 0.008 -29"><span class='ocrx_word' id='word_1_228' title='bbox 1888 1801 1987 1859; x_wconf 81' lang='lat' dir='ltr'><strong>bus</strong></span> <span class='ocrx_word' id='word_1_229' title='bbox 2023 1812 2221 1871; x_wconf 61' lang='lat' dir='ltr'><strong>praeter</strong></span> <span class='ocrx_word' id='word_1_230' title='bbox 2254 1805 2578 1859; x_wconf 78' lang='lat' dir='ltr'><strong>modestiam</strong></span> <span class='ocrx_word' id='word_1_231' title='bbox 2618 1822 2802 1861; x_wconf 68' lang='lat' dir='ltr'><strong>sensu:</strong></span> <span class='ocrx_word' id='word_1_232' title='bbox 2846 1809 2992 1879; x_wconf 90' lang='lat' dir='ltr'><strong>quod</strong></span> <span class='ocrx_word' id='word_1_233' title='bbox 3032 1771 3257 1865; x_wconf 55' lang='lat' dir='ltr'><strong>facian:</strong></span> <span class='ocrx_word' id='word_1_234' title='bbox 3300 1812 3335 1867; x_wconf 90' lang='lat' dir='ltr'><strong>ii</strong></span> <span class='ocrx_word' id='word_1_235' title='bbox 3376 1812 3468 1882; x_wconf 90' lang='lat' dir='ltr'><strong>qui</strong></span> 
     </span>
    </p>
   </div>
   <div class='ocr_carea' id='block_1_35' title="bbox 207 1899 1780 1968">
    <p class='ocr_par' dir='ltr' id='par_1_35' title="bbox 207 1899 1780 1968">
     <span class='ocr_line' id='line_1_35' title="bbox 207 1899 1780 1968; baseline 0 -18"><span class='ocrx_word' id='word_1_236' title='bbox 207 1900 354 1951; x_wconf 73' lang='grc' dir='ltr'>ὁποῖοί</span> <span class='ocrx_word' id='word_1_237' title='bbox 394 1900 537 1961; x_wconf 83' lang='grc' dir='ltr'>τινές</span> <span class='ocrx_word' id='word_1_238' title='bbox 596 1902 740 1951; x_wconf 75' lang='grc' dir='ltr'>εἰσιν</span> <span class='ocrx_word' id='word_1_239' title='bbox 779 1899 827 1951; x_wconf 79' lang='grc' dir='ltr'>οἱ</span> <span class='ocrx_word' id='word_1_240' title='bbox 883 1900 1093 1950; x_wconf 74' lang='grc' dir='ltr'>συνετοὶ</span> <span class='ocrx_word' id='word_1_241' title='bbox 1138 1899 1269 1968; x_wconf 79' lang='grc' dir='ltr'>παρ’</span> <span class='ocrx_word' id='word_1_242' title='bbox 1301 1900 1531 1963; x_wconf 80' lang='grc' dir='ltr'><strong>ἑαυτοῖς,</strong></span> <span class='ocrx_word' id='word_1_243' title='bbox 1574 1899 1664 1949; x_wconf 77' lang='grc' dir='ltr'><strong>καὶ</strong></span> <span class='ocrx_word' id='word_1_244' title='bbox 1697 1901 1780 1951; x_wconf 83' lang='grc' dir='ltr'><strong>ὲν·-</strong></span> 
     </span>
    </p>
   </div>
   <div class='ocr_carea' id='block_1_36' title="bbox 207 1990 971 2061">
    <p class='ocr_par' dir='ltr' id='par_1_36' title="bbox 207 1990 971 2061">
     <span class='ocr_line' id='line_1_36' title="bbox 207 1990 971 2061; baseline -0.001 -18"><span class='ocrx_word' id='word_1_245' title='bbox 207 1990 353 2045; x_wconf 78' lang='grc' dir='ltr'>ώπιον</span> <span class='ocrx_word' id='word_1_246' title='bbox 382 1990 560 2045; x_wconf 75' lang='grc' dir='ltr'>αὐτῶν</span> <span class='ocrx_word' id='word_1_247' title='bbox 585 1992 783 2061; x_wconf 84' lang='grc' dir='ltr'>ὲπιστή</span> <span class='ocrx_word' id='word_1_248' title='bbox 794 2008 971 2059; x_wconf 85' lang='grc' dir='ltr'>μονες.</span> 
     </span>
    </p>
   </div>
   <div class='ocr_carea' id='block_1_37' title="bbox 404 2082 1545 2149">
    <p class='ocr_par' dir='ltr' id='par_1_37' title="bbox 404 2082 1545 2149">
     <span class='ocr_line' id='line_1_37' title="bbox 404 2082 1545 2149; baseline -0.002 -14"><span class='ocrx_word' id='word_1_249' title='bbox 404 2082 751 2135; x_wconf 74' lang='grc' dir='ltr'>Ἐλπισάτω</span> <span class='ocrx_word' id='word_1_250' title='bbox 792 2082 1031 2149; x_wconf 75' lang='grc' dir='ltr'>Ἰσραὴλ</span> <span class='ocrx_word' id='word_1_251' title='bbox 1053 2082 1148 2135; x_wconf 77' lang='grc' dir='ltr'><strong>ἐπὶ</strong></span> <span class='ocrx_word' id='word_1_252' title='bbox 1186 2082 1293 2135; x_wconf 80' lang='grc' dir='ltr'><strong>τὸν</strong></span> <span class='ocrx_word' id='word_1_253' title='bbox 1325 2082 1545 2149; x_wconf 77' lang='grc' dir='ltr'>Κύριον</span> 
     </span>
    </p>
   </div>
   <div class='ocr_carea' id='block_1_38' title="bbox 266 2172 1774 2245">
    <p class='ocr_par' dir='ltr' id='par_1_38' title="bbox 266 2172 1774 2245">
     <span class='ocr_line' id='line_1_38' title="bbox 266 2172 1774 2245; baseline 0 -20"><span class='ocrx_word' id='word_1_254' title='bbox 266 2174 463 2243; x_wconf 78' lang='grc' dir='ltr'>Ὠσπερ</span> <span class='ocrx_word' id='word_1_255' title='bbox 491 2174 627 2243; x_wconf 77' lang='grc' dir='ltr'>ἐγὼ,</span> <span class='ocrx_word' id='word_1_256' title='bbox 666 2176 831 2245; x_wconf 65' lang='grc' dir='ltr'>φησιν</span> <span class='ocrx_word' id='word_1_257' title='bbox 856 2177 885 2227; x_wconf 83' lang='grc' dir='ltr'>ὁ</span> <span class='ocrx_word' id='word_1_258' title='bbox 916 2174 1168 2243; x_wconf 78' lang='grc' dir='ltr'>βασιλεὺς</span> <span class='ocrx_word' id='word_1_259' title='bbox 1200 2172 1381 2235; x_wconf 77' lang='grc' dir='ltr'>Δαυῖδ,</span> <span class='ocrx_word' id='word_1_260' title='bbox 1409 2173 1666 2236; x_wconf 80' lang='grc' dir='ltr'>τοσοῦτος</span> <span class='ocrx_word' id='word_1_261' title='bbox 1698 2172 1774 2225; x_wconf 82' lang='grc' dir='ltr'>ὣν</span> 
     </span>
    </p>
   </div>
   <div class='ocr_carea' id='block_1_39' title="bbox 206 2264 1776 2338">
    <p class='ocr_par' dir='ltr' id='par_1_39' title="bbox 206 2264 1776 2338">
     <span class='ocr_line' id='line_1_39' title="bbox 206 2264 1776 2338; baseline 0.002 -22"><span class='ocrx_word' id='word_1_262' title='bbox 206 2264 284 2317; x_wconf 73' lang='grc' dir='ltr'><strong>καὶ</strong></span> <span class='ocrx_word' id='word_1_263' title='bbox 305 2265 537 2330; x_wconf 85' lang='grc' dir='ltr'>τοιοῦτος</span> <span class='ocrx_word' id='word_1_264' title='bbox 564 2268 729 2338; x_wconf 80' lang='grc' dir='ltr'>ἀνὴρ,</span> <span class='ocrx_word' id='word_1_265' title='bbox 766 2268 1024 2320; x_wconf 84' lang='grc' dir='ltr'>ταπεινὸν</span> <span class='ocrx_word' id='word_1_266' title='bbox 1055 2267 1289 2336; x_wconf 75' lang='grc' dir='ltr'>ἐμαυτὸν</span> <span class='ocrx_word' id='word_1_267' title='bbox 1320 2267 1651 2337; x_wconf 81' lang='grc' dir='ltr'>κατέστησα,</span> <span class='ocrx_word' id='word_1_268' title='bbox 1682 2269 1776 2319; x_wconf 82' lang='grc' dir='ltr'><strong>καὶ</strong></span> 
     </span>
    </p>
   </div>
   <div class='ocr_carea' id='block_1_40' title="bbox 204 2357 1774 2429">
    <p class='ocr_par' dir='ltr' id='par_1_40' title="bbox 204 2357 1774 2429">
     <span class='ocr_line' id='line_1_40' title="bbox 204 2357 1774 2429; baseline 0.001 -22"><span class='ocrx_word' id='word_1_269' title='bbox 204 2359 525 2425; x_wconf 75' lang='grc' dir='ltr'><strong>προσήγαγον</strong></span> <span class='ocrx_word' id='word_1_270' title='bbox 556 2358 793 2428; x_wconf 78' lang='grc' dir='ltr'>ἐμαυτὸν</span> <span class='ocrx_word' id='word_1_271' title='bbox 821 2357 899 2427; x_wconf 83' lang='grc' dir='ltr'>τῷ</span> <span class='ocrx_word' id='word_1_272' title='bbox 922 2357 1134 2427; x_wconf 84' lang='grc' dir='ltr'>ίλασμῷ</span> <span class='ocrx_word' id='word_1_273' title='bbox 1166 2359 1259 2411; x_wconf 72' lang='grc' dir='ltr'><strong>καὶ</strong></span> <span class='ocrx_word' id='word_1_274' title='bbox 1287 2357 1364 2428; x_wconf 80' lang='grc' dir='ltr'>τῷ</span> <span class='ocrx_word' id='word_1_275' title='bbox 1398 2358 1657 2429; x_wconf 78' lang='grc' dir='ltr'>Λυτρωτῇ</span> <span class='ocrx_word' id='word_1_276' title='bbox 1683 2358 1774 2409; x_wconf 78' lang='grc' dir='ltr'><strong>καὶ</strong></span> 
     </span>
    </p>
   </div>
   <div class='ocr_carea' id='block_1_41' title="bbox 202 2448 1771 2521">
    <p class='ocr_par' dir='ltr' id='par_1_41' title="bbox 202 2448 1771 2521">
     <span class='ocr_line' id='line_1_41' title="bbox 202 2448 1771 2521; baseline -0.001 -21"><span class='ocrx_word' id='word_1_277' title='bbox 202 2448 409 2519; x_wconf 73' lang='grc' dir='ltr'>Σωτῆρι,</span> <span class='ocrx_word' id='word_1_278' title='bbox 446 2448 622 2515; x_wconf 76' lang='grc' dir='ltr'>οὕτως</span> <span class='ocrx_word' id='word_1_279' title='bbox 666 2451 760 2503; x_wconf 73' lang='grc' dir='ltr'>καὶ</span> <span class='ocrx_word' id='word_1_280' title='bbox 792 2449 869 2520; x_wconf 84' lang='grc' dir='ltr'>τῷ</span> <span class='ocrx_word' id='word_1_281' title='bbox 901 2450 1072 2520; x_wconf 83' lang='grc' dir='ltr'>λοιπῷ</span> <span class='ocrx_word' id='word_1_282' title='bbox 1112 2449 1324 2521; x_wconf 74' lang='grc' dir='ltr'>Ἰσραὴλ</span> <span class='ocrx_word' id='word_1_283' title='bbox 1369 2448 1771 2518; x_wconf 79' lang='grc' dir='ltr'>ἐπαγγέλλομαι</span> 
     </span>
    </p>
   </div>
   <div class='ocr_carea' id='block_1_42' title="bbox 207 2537 1769 2613">
    <p class='ocr_par' dir='ltr' id='par_1_42' title="bbox 207 2537 1769 2613">
     <span class='ocr_line' id='line_1_42' title="bbox 207 2537 1769 2613; baseline 0.001 -23"><span class='ocrx_word' id='word_1_284' title='bbox 207 2537 529 2609; x_wconf 63' lang='lat' dir='ltr'><strong>dape-otium»;</strong></span> <span class='ocrx_word' id='word_1_285' title='bbox 567 2540 855 2613; x_wconf 82' lang='grc' dir='ltr'>προσιέναι</span> <span class='ocrx_word' id='word_1_286' title='bbox 898 2539 976 2610; x_wconf 83' lang='grc' dir='ltr'>τῷ</span> <span class='ocrx_word' id='word_1_287' title='bbox 1016 2539 1231 2611; x_wconf 82' lang='grc' dir='ltr'>ἱλασμῷ</span> <span class='ocrx_word' id='word_1_288' title='bbox 1254 2557 1267 2570; x_wconf 88' lang='grc'><strong>·</strong></span> <span class='ocrx_word' id='word_1_289' title='bbox 1310 2539 1555 2611; x_wconf 77' lang='grc' dir='ltr'>ἀκριϐῶς</span> <span class='ocrx_word' id='word_1_290' title='bbox 1593 2539 1769 2603; x_wconf 73' lang='grc' dir='ltr'>είε-ὼς,</span> 
     </span>
    </p>
   </div>
   <div class='ocr_carea' id='block_1_43' title="bbox 203 2630 1771 2705">
    <p class='ocr_par' dir='ltr' id='par_1_43' title="bbox 203 2630 1771 2705">
     <span class='ocr_line' id='line_1_43' title="bbox 203 2630 1771 2705; baseline 0.003 -24"><span class='ocrx_word' id='word_1_291' title='bbox 203 2630 270 2682; x_wconf 83' lang='grc' dir='ltr'>ὅτι</span> <span class='ocrx_word' id='word_1_292' title='bbox 297 2631 448 2695; x_wconf 76' lang='grc' dir='ltr'>αὐτὸς</span> <span class='ocrx_word' id='word_1_293' title='bbox 474 2632 816 2705; x_wconf 83' lang='grc' dir='ltr'>λυτρώσεται</span> <span class='ocrx_word' id='word_1_294' title='bbox 839 2632 931 2686; x_wconf 82' lang='grc' dir='ltr'>τὸν</span> <span class='ocrx_word' id='word_1_295' title='bbox 968 2632 1202 2703; x_wconf 84' lang='grc' dir='ltr'>Ἰσραὴλ,</span> <span class='ocrx_word' id='word_1_296' title='bbox 1238 2634 1287 2685; x_wconf 88' lang='grc' dir='ltr'><strong>εί</strong></span> <span class='ocrx_word' id='word_1_297' title='bbox 1314 2632 1652 2704; x_wconf 73' lang='grc' dir='ltr'>προσδραμοι</span> <span class='ocrx_word' id='word_1_298' title='bbox 1682 2634 1771 2685; x_wconf 83' lang='grc' dir='ltr'><strong>αὑ-</strong></span> 
     </span>
    </p>
   </div>
   <div class='ocr_carea' id='block_1_44' title="bbox 201 2722 1203 2795">
    <p class='ocr_par' dir='ltr' id='par_1_44' title="bbox 201 2722 1203 2795">
     <span class='ocr_line' id='line_1_44' title="bbox 201 2722 1203 2795; baseline 0.005 -21"><span class='ocrx_word' id='word_1_299' title='bbox 201 2722 281 2793; x_wconf 74' lang='grc' dir='ltr'>τῷ,</span> <span class='ocrx_word' id='word_1_300' title='bbox 313 2726 372 2777; x_wconf 76' lang='grc' dir='ltr'><strong>ὲκ</strong></span> <span class='ocrx_word' id='word_1_301' title='bbox 396 2725 587 2778; x_wconf 82' lang='grc' dir='ltr'>πασῶν</span> <span class='ocrx_word' id='word_1_302' title='bbox 610 2724 720 2777; x_wconf 81' lang='grc' dir='ltr'><strong>τῶν</strong></span> <span class='ocrx_word' id='word_1_303' title='bbox 744 2724 985 2795; x_wconf 81' lang='grc' dir='ltr'>ἀνομιῶν</span> <span class='ocrx_word' id='word_1_304' title='bbox 1014 2726 1203 2779; x_wconf 80' lang='grc' dir='ltr'>αὑτοῦ.</span> 
     </span>
    </p>
   </div>
   <div class='ocr_carea' id='block_1_45' title="bbox 723 2815 1219 2872">
    <p class='ocr_par' dir='ltr' id='par_1_45' title="bbox 723 2815 1219 2872">
     <span class='ocr_line' id='line_1_45' title="bbox 723 2815 1219 2872; baseline 0 -3"><span class='ocrx_word' id='word_1_305' title='bbox 723 2815 1017 2872; x_wconf 70' lang='grc' dir='ltr'><strong>ΨΑΛΜΟΣ</strong></span> <span class='ocrx_word' id='word_1_306' title='bbox 1050 2817 1129 2869; x_wconf 86' lang='grc' dir='ltr'><strong>ΡΛ</strong></span> <span class='ocrx_word' id='word_1_307' title='bbox 1140 2816 1219 2869; x_wconf 81' lang='lat' dir='ltr'><strong>A&#39;.</strong></span> 
     </span>
    </p>
   </div>
   <div class='ocr_carea' id='block_1_46' title="bbox 409 2906 1527 2975">
    <p class='ocr_par' dir='ltr' id='par_1_46' title="bbox 409 2906 1527 2975">
     <span class='ocr_line' id='line_1_46' title="bbox 409 2906 1527 2975; baseline -0.001 -11"><span class='ocrx_word' id='word_1_308' title='bbox 409 2909 633 2973; x_wconf 80' lang='grc' dir='ltr'>Ὠιιοσε</span> <span class='ocrx_word' id='word_1_309' title='bbox 654 2909 867 2975; x_wconf 62' lang='grc' dir='ltr'>Κύριος</span> <span class='ocrx_word' id='word_1_310' title='bbox 896 2906 976 2972; x_wconf 81' lang='grc' dir='ltr'>τῷ</span> <span class='ocrx_word' id='word_1_311' title='bbox 1015 2908 1195 2961; x_wconf 81' lang='grc' dir='ltr'>Δαυῒδ</span> <span class='ocrx_word' id='word_1_312' title='bbox 1219 2909 1527 2973; x_wconf 71' lang='grc' dir='ltr'>ἀλήθειαν.</span> 
     </span>
    </p>
   </div>
   <div class='ocr_carea' id='block_1_47' title="bbox 269 2998 1767 3072">
    <p class='ocr_par' dir='ltr' id='par_1_47' title="bbox 269 2998 1767 3072">
     <span class='ocr_line' id='line_1_47' title="bbox 269 2998 1767 3072; baseline 0.002 -22"><span class='ocrx_word' id='word_1_313' title='bbox 269 2998 608 3069; x_wconf 81' lang='grc' dir='ltr'>Ὀμωμοκότι</span> <span class='ocrx_word' id='word_1_314' title='bbox 636 2999 692 3051; x_wconf 81' lang='grc' dir='ltr'>δὲ</span> <span class='ocrx_word' id='word_1_315' title='bbox 722 2999 799 3069; x_wconf 84' lang='grc' dir='ltr'><strong>τῷ</strong></span> <span class='ocrx_word' id='word_1_316' title='bbox 828 2998 1011 3062; x_wconf 72' lang='grc' dir='ltr'>Δαυῒδ,</span> <span class='ocrx_word' id='word_1_317' title='bbox 1054 2999 1413 3071; x_wconf 83' lang='grc' dir='ltr'>ἀντώμοσενό</span> <span class='ocrx_word' id='word_1_318' title='bbox 1437 2998 1569 3064; x_wconf 83' lang='grc' dir='ltr'>Θεὸς</span> <span class='ocrx_word' id='word_1_319' title='bbox 1602 3000 1767 3072; x_wconf 73' lang='grc' dir='ltr'>ζητή-</span> 
     </span>
    </p>
   </div>
   <div class='ocr_carea' id='block_1_48' title="bbox 1885 1892 3268 1970">
    <p class='ocr_par' dir='ltr' id='par_1_48' title="bbox 1885 1892 3268 1970">
     <span class='ocr_line' id='line_1_48' title="bbox 1885 1892 3268 1970; baseline 0.009 -26"><span class='ocrx_word' id='word_1_320' title='bbox 1885 1892 2104 1945; x_wconf 84' lang='lat' dir='ltr'><strong>sibimet</strong></span> <span class='ocrx_word' id='word_1_321' title='bbox 2134 1892 2235 1961; x_wconf 91' lang='lat' dir='ltr'><strong>ipsi</strong></span> <span class='ocrx_word' id='word_1_322' title='bbox 2281 1893 2529 1949; x_wconf 77' lang='lat' dir='ltr'><strong>videntur</strong></span> <span class='ocrx_word' id='word_1_323' title='bbox 2558 1896 2830 1966; x_wconf 82' lang='lat' dir='ltr'><strong>ingeniosi</strong></span> <span class='ocrx_word' id='word_1_324' title='bbox 2871 1915 2937 1954; x_wconf 89' lang='lat' dir='ltr'><strong>ac</strong></span> <span class='ocrx_word' id='word_1_325' title='bbox 2972 1902 3268 1970; x_wconf 86' lang='lat' dir='ltr'><strong>sapientes.</strong></span> 
     </span>
    </p>
   </div>
   <div class='ocr_carea' id='block_1_49' title="bbox 2161 2072 3183 2144">
    <p class='ocr_par' dir='ltr' id='par_1_49' title="bbox 2161 2072 3183 2144">
     <span class='ocr_line' id='line_1_49' title="bbox 2161 2072 3183 2144; baseline 0.012 -20"><span class='ocrx_word' id='word_1_326' title='bbox 2161 2072 2322 2128; x_wconf 75' lang='lat' dir='ltr'><strong>Vsus.</strong></span> <span class='ocrx_word' id='word_1_327' title='bbox 2354 2074 2407 2129; x_wconf 82' lang='grc'><strong>5.</strong></span> <span class='ocrx_word' id='word_1_328' title='bbox 2437 2076 2623 2144; x_wconf 89' lang='lat' dir='ltr'><strong>Speret</strong></span> <span class='ocrx_word' id='word_1_329' title='bbox 2656 2076 2828 2133; x_wconf 88' lang='lat' dir='ltr'><strong>Israel</strong></span> <span class='ocrx_word' id='word_1_330' title='bbox 2855 2083 2908 2134; x_wconf 92' lang='lat' dir='ltr'><strong>in</strong></span> <span class='ocrx_word' id='word_1_331' title='bbox 2939 2080 3183 2137; x_wconf 88' lang='lat' dir='ltr'><strong>Domino.</strong></span> 
     </span>
    </p>
   </div>
   <div class='ocr_carea' id='block_1_50' title="bbox 1965 2164 3466 2246">
    <p class='ocr_par' dir='ltr' id='par_1_50' title="bbox 1965 2164 3466 2246">
     <span class='ocr_line' id='line_1_50' title="bbox 1965 2164 3466 2246; baseline 0.009 -27"><span class='ocrx_word' id='word_1_332' title='bbox 1965 2164 2118 2219; x_wconf 89' lang='lat' dir='ltr'><strong>Sicut</strong></span> <span class='ocrx_word' id='word_1_333' title='bbox 2157 2168 2301 2220; x_wconf 89' lang='lat' dir='ltr'><strong>enim</strong></span> <span class='ocrx_word' id='word_1_334' title='bbox 2335 2182 2454 2236; x_wconf 78' lang='lat' dir='ltr'><strong>ego,</strong></span> <span class='ocrx_word' id='word_1_335' title='bbox 2513 2169 2590 2221; x_wconf 88' lang='lat' dir='ltr'><strong>ait</strong></span> <span class='ocrx_word' id='word_1_336' title='bbox 2629 2186 2724 2223; x_wconf 78' lang='lat' dir='ltr'><strong>rex</strong></span> <span class='ocrx_word' id='word_1_337' title='bbox 2780 2170 2972 2235; x_wconf 81' lang='lat' dir='ltr'><strong>David,</strong></span> <span class='ocrx_word' id='word_1_338' title='bbox 3010 2173 3132 2227; x_wconf 86' lang='lat' dir='ltr'><strong>talis</strong></span> <span class='ocrx_word' id='word_1_339' title='bbox 3173 2183 3466 2246; x_wconf 83' lang='lat' dir='ltr'><strong>tantusque</strong></span> 
     </span>
    </p>
   </div>
   <div class='ocr_carea' id='block_1_51' title="bbox 1882 2258 3461 2334">
    <p class='ocr_par' dir='ltr' id='par_1_51' title="bbox 1882 2258 3461 2334">
     <span class='ocr_line' id='line_1_51' title="bbox 1882 2258 3461 2334; baseline 0.008 -24"><span class='ocrx_word' id='word_1_340' title='bbox 1882 2259 1965 2312; x_wconf 79' lang='lat' dir='ltr'><strong>vir</strong></span> <span class='ocrx_word' id='word_1_341' title='bbox 1998 2258 2256 2313; x_wconf 86' lang='lat' dir='ltr'><strong>humilem</strong></span> <span class='ocrx_word' id='word_1_342' title='bbox 2288 2274 2372 2313; x_wconf 91' lang='lat' dir='ltr'><strong>me</strong></span> <span class='ocrx_word' id='word_1_343' title='bbox 2414 2260 2537 2325; x_wconf 83' lang='lat' dir='ltr'><strong>feci,</strong></span> <span class='ocrx_word' id='word_1_344' title='bbox 2588 2276 2784 2330; x_wconf 88' lang='lat' dir='ltr'><strong>meque</strong></span> <span class='ocrx_word' id='word_1_345' title='bbox 2807 2263 2980 2318; x_wconf 88' lang='lat' dir='ltr'><strong>obtuli</strong></span> <span class='ocrx_word' id='word_1_346' title='bbox 3036 2266 3461 2334; x_wconf 71' lang='lat' dir='ltr'><strong>misericordiae,</strong></span> 
     </span>
    </p>
   </div>
   <div class='ocr_carea' id='block_1_52' title="bbox 1879 2349 3462 2425">
    <p class='ocr_par' dir='ltr' id='par_1_52' title="bbox 1879 2349 3462 2425">
     <span class='ocr_line' id='line_1_52' title="bbox 1879 2349 3462 2425; baseline 0.007 -22"><span class='ocrx_word' id='word_1_347' title='bbox 1879 2349 2345 2420; x_wconf 81' lang='lat' dir='ltr'><strong>Redemptorique</strong></span> <span class='ocrx_word' id='word_1_348' title='bbox 2382 2367 2447 2404; x_wconf 87' lang='lat' dir='ltr'><strong>ac</strong></span> <span class='ocrx_word' id='word_1_349' title='bbox 2473 2350 2794 2418; x_wconf 85' lang='lat' dir='ltr'><strong>Servatori;</strong></span> <span class='ocrx_word' id='word_1_350' title='bbox 2828 2355 2901 2408; x_wconf 89' lang='lat' dir='ltr'><strong>ita</strong></span> <span class='ocrx_word' id='word_1_351' title='bbox 2936 2356 3145 2425; x_wconf 88' lang='lat' dir='ltr'><strong>reliquo</strong></span> <span class='ocrx_word' id='word_1_352' title='bbox 3185 2359 3348 2412; x_wconf 84' lang='lat' dir='ltr'><strong>etiam</strong></span> <span class='ocrx_word' id='word_1_353' title='bbox 3383 2358 3462 2415; x_wconf 85' lang='lat' dir='ltr'><strong>ls-</strong></span> 
     </span>
    </p>
   </div>
   <div class='ocr_carea' id='block_1_53' title="bbox 1877 2443 3460 2505">
    <p class='ocr_par' dir='ltr' id='par_1_53' title="bbox 1877 2443 3460 2505">
     <span class='ocr_line' id='line_1_53' title="bbox 1877 2443 3460 2505; baseline 0.005 -8"><span class='ocrx_word' id='word_1_354' title='bbox 1877 2444 2009 2497; x_wconf 89' lang='lat' dir='ltr'><strong>raeli</strong></span> <span class='ocrx_word' id='word_1_355' title='bbox 2044 2443 2309 2497; x_wconf 86' lang='lat' dir='ltr'><strong>denuntio</strong></span> <span class='ocrx_word' id='word_1_356' title='bbox 2353 2456 2412 2496; x_wconf 88' lang='lat' dir='ltr'><strong>ut</strong></span> <span class='ocrx_word' id='word_1_357' title='bbox 2438 2444 2777 2500; x_wconf 85' lang='lat' dir='ltr'><strong>conﬁdenter</strong></span> <span class='ocrx_word' id='word_1_358' title='bbox 2813 2449 2881 2501; x_wconf 85' lang='lat' dir='ltr'><strong>ad</strong></span> <span class='ocrx_word' id='word_1_359' title='bbox 2914 2449 3345 2504; x_wconf 89' lang='lat' dir='ltr'><strong>misericordiam</strong></span> <span class='ocrx_word' id='word_1_360' title='bbox 3376 2466 3460 2505; x_wconf 88' lang='lat' dir='ltr'><strong>ac-</strong></span> 
     </span>
    </p>
   </div>
   <div class='ocr_carea' id='block_1_54' title="bbox 1874 2532 3541 2603">
    <p class='ocr_par' dir='ltr' id='par_1_54' title="bbox 1874 2532 3541 2603">
     <span class='ocr_line' id='line_1_54' title="bbox 1874 2532 3541 2603; baseline 0.004 -16"><span class='ocrx_word' id='word_1_361' title='bbox 1874 2534 2053 2587; x_wconf 78' lang='lat' dir='ltr'><strong>cedat.</strong></span> <span class='ocrx_word' id='word_1_362' title='bbox 2089 2533 2222 2587; x_wconf 85' lang='lat' dir='ltr'><strong>Nam</strong></span> <span class='ocrx_word' id='word_1_363' title='bbox 2253 2532 2424 2603; x_wconf 88' lang='lat' dir='ltr'><strong>probe</strong></span> <span class='ocrx_word' id='word_1_364' title='bbox 2456 2534 2593 2597; x_wconf 87' lang='lat' dir='ltr'><strong>scio,</strong></span> <span class='ocrx_word' id='word_1_365' title='bbox 2653 2534 2771 2590; x_wconf 83' lang='lat' dir='ltr'><strong>fore</strong></span> <span class='ocrx_word' id='word_1_366' title='bbox 2815 2545 2875 2589; x_wconf 90' lang='lat' dir='ltr'><strong>ut</strong></span> <span class='ocrx_word' id='word_1_367' title='bbox 2906 2536 3048 2591; x_wconf 90' lang='lat' dir='ltr'><strong>Deus</strong></span> <span class='ocrx_word' id='word_1_368' title='bbox 3084 2536 3337 2593; x_wconf 70' lang='lat' dir='ltr'><strong>IsraeEem</strong></span> <span class='ocrx_word' id='word_1_369' title='bbox 3376 2553 3456 2593; x_wconf 85' lang='lat' dir='ltr'><strong>re-</strong></span> <span class='ocrx_word' id='word_1_370' title='bbox 3538 2598 3541 2599; x_wconf 24' lang='grc' dir='ltr'><strong>ν</strong></span> 
     </span>
    </p>
   </div>
   <div class='ocr_carea' id='block_1_55' title="bbox 1874 2626 3460 2701">
    <p class='ocr_par' dir='ltr' id='par_1_55' title="bbox 1874 2626 3460 2701">
     <span class='ocr_line' id='line_1_55' title="bbox 1874 2626 3460 2701; baseline 0.003 -22"><span class='ocrx_word' id='word_1_371' title='bbox 1874 2628 2065 2693; x_wconf 83' lang='lat' dir='ltr'><strong>dimat,</strong></span> <span class='ocrx_word' id='word_1_372' title='bbox 2098 2626 2145 2681; x_wconf 89' lang='lat' dir='ltr'><strong>si</strong></span> <span class='ocrx_word' id='word_1_373' title='bbox 2180 2627 2248 2680; x_wconf 89' lang='lat' dir='ltr'><strong>ad</strong></span> <span class='ocrx_word' id='word_1_374' title='bbox 2286 2642 2409 2681; x_wconf 89' lang='lat' dir='ltr'><strong>eum</strong></span> <span class='ocrx_word' id='word_1_375' title='bbox 2454 2626 2788 2688; x_wconf 51' lang='lat' dir='ltr'><strong>confuverit,</strong></span> <span class='ocrx_word' id='word_1_376' title='bbox 2814 2644 2882 2682; x_wconf 79' lang='lat' dir='ltr'><strong>ex</strong></span> <span class='ocrx_word' id='word_1_377' title='bbox 2920 2630 3177 2684; x_wconf 88' lang='lat' dir='ltr'><strong>onmihus</strong></span> <span class='ocrx_word' id='word_1_378' title='bbox 3202 2630 3460 2701; x_wconf 86' lang='lat' dir='ltr'><strong>iniquita-</strong></span> 
     </span>
    </p>
   </div>
   <div class='ocr_carea' id='block_1_56' title="bbox 1874 2718 2201 2787">
    <p class='ocr_par' dir='ltr' id='par_1_56' title="bbox 1874 2718 2201 2787">
     <span class='ocr_line' id='line_1_56' title="bbox 1874 2718 2201 2787; baseline 0.003 -15"><span class='ocrx_word' id='word_1_379' title='bbox 1874 2720 2015 2774; x_wconf 74' lang='lat' dir='ltr'><strong>tibus</strong></span> <span class='ocrx_word' id='word_1_380' title='bbox 2064 2718 2201 2787; x_wconf 86' lang='lat' dir='ltr'><strong>ejus.</strong></span> 
     </span>
    </p>
   </div>
   <div class='ocr_carea' id='block_1_57' title="bbox 2365 2808 2976 2866">
    <p class='ocr_par' dir='ltr' id='par_1_57' title="bbox 2365 2808 2976 2866">
     <span class='ocr_line' id='line_1_57' title="bbox 2365 2808 2976 2866; baseline 0.005 -3"><span class='ocrx_word' id='word_1_381' title='bbox 2365 2808 2696 2866; x_wconf 79' lang='lat' dir='ltr'><strong>PSALMUS</strong></span> <span class='ocrx_word' id='word_1_382' title='bbox 2734 2809 2976 2866; x_wconf 73' lang='lat' dir='ltr'><strong>CXXXI.</strong></span> 
     </span>
    </p>
   </div>
   <div class='ocr_carea' id='block_1_58' title="bbox 1980 2900 3341 2961">
    <p class='ocr_par' dir='ltr' id='par_1_58' title="bbox 1980 2900 3341 2961">
     <span class='ocr_line' id='line_1_58' title="bbox 1980 2900 3341 2961; baseline 0.004 -6"><span class='ocrx_word' id='word_1_383' title='bbox 1980 2900 2145 2955; x_wconf 69' lang='lat' dir='ltr'><strong>Vens.</strong></span> <span class='ocrx_word' id='word_1_384' title='bbox 2184 2900 2275 2954; x_wconf 77' lang='grc' dir='ltr'><strong>Η.</strong></span> <span class='ocrx_word' id='word_1_385' title='bbox 2304 2900 2516 2954; x_wconf 80' lang='lat' dir='ltr'><strong>Juruuit</strong></span> <span class='ocrx_word' id='word_1_386' title='bbox 2551 2902 2805 2955; x_wconf 81' lang='lat' dir='ltr'><strong>Dominus</strong></span> <span class='ocrx_word' id='word_1_387' title='bbox 2834 2903 3025 2956; x_wconf 73' lang='grc' dir='ltr'><strong><em>ι)αυίάὶ</em></strong></span> <span class='ocrx_word' id='word_1_388' title='bbox 3049 2904 3341 2961; x_wconf 80' lang='lat' dir='ltr'><strong>veritatem.</strong></span> 
     </span>
    </p>
   </div>
   <div class='ocr_carea' id='block_1_59' title="bbox 1940 2992 3455 3064">
    <p class='ocr_par' dir='ltr' id='par_1_59' title="bbox 1940 2992 3455 3064">
     <span class='ocr_line' id='line_1_59' title="bbox 1940 2992 3455 3064; baseline 0.001 -17"><span class='ocrx_word' id='word_1_389' title='bbox 1940 2992 2156 3047; x_wconf 87' lang='lat' dir='ltr'><strong>Juranti</strong></span> <span class='ocrx_word' id='word_1_390' title='bbox 2210 2994 2396 3048; x_wconf 89' lang='lat' dir='ltr'><strong>Davidi</strong></span> <span class='ocrx_word' id='word_1_391' title='bbox 2434 2994 2670 3048; x_wconf 80' lang='lat' dir='ltr'><strong>vicissim</strong></span> <span class='ocrx_word' id='word_1_392' title='bbox 2698 2994 2905 3063; x_wconf 84' lang='lat' dir='ltr'><strong>juravit</strong></span> <span class='ocrx_word' id='word_1_393' title='bbox 2952 2993 3114 3059; x_wconf 88' lang='lat' dir='ltr'><strong>Deus,</strong></span> <span class='ocrx_word' id='word_1_394' title='bbox 3160 2997 3208 3049; x_wconf 91' lang='lat' dir='ltr'><strong>ei</strong></span> <span class='ocrx_word' id='word_1_395' title='bbox 3246 2997 3337 3064; x_wconf 91' lang='lat' dir='ltr'><strong>qui</strong></span> <span class='ocrx_word' id='word_1_396' title='bbox 3376 2995 3455 3049; x_wconf 86' lang='lat' dir='ltr'><strong>lo-</strong></span> 
     </span>
    </p>
   </div>
   <div class='ocr_carea' id='block_1_60' title="bbox 202 3088 1768 3178">
    <p class='ocr_par' dir='ltr' id='par_1_60' title="bbox 202 3091 1760 3162">
     <span class='ocr_line' id='line_1_60' title="bbox 202 3091 1760 3162; baseline 0.004 -21"><span class='ocrx_word' id='word_1_397' title='bbox 202 3104 334 3143; x_wconf 79' lang='grc' dir='ltr'>σαντι</span> <span class='ocrx_word' id='word_1_398' title='bbox 363 3092 452 3144; x_wconf 73' lang='grc' dir='ltr'><strong>τὸν</strong></span> <span class='ocrx_word' id='word_1_399' title='bbox 480 3091 646 3144; x_wconf 80' lang='grc' dir='ltr'>τόπον</span> <span class='ocrx_word' id='word_1_400' title='bbox 687 3092 898 3162; x_wconf 80' lang='grc' dir='ltr'>μαθεῖν,</span> <span class='ocrx_word' id='word_1_401' title='bbox 923 3092 1130 3162; x_wconf 80' lang='grc' dir='ltr'>δωρεὰν</span> <span class='ocrx_word' id='word_1_402' title='bbox 1159 3092 1282 3155; x_wconf 83' lang='grc' dir='ltr'>δοὺς</span> <span class='ocrx_word' id='word_1_403' title='bbox 1302 3093 1362 3146; x_wconf 79' lang='grc' dir='ltr'>τὸ</span> <span class='ocrx_word' id='word_1_404' title='bbox 1388 3094 1481 3146; x_wconf 72' lang='grc' dir='ltr'>καὶ</span> <span class='ocrx_word' id='word_1_405' title='bbox 1510 3094 1567 3160; x_wconf 79' lang='grc' dir='ltr'><strong>ἐξ</strong></span> <span class='ocrx_word' id='word_1_406' title='bbox 1598 3094 1760 3147; x_wconf 80' lang='grc' dir='ltr'>αὐτοῦ</span> 
     </span>
    </p>
   </div>
   <div class='ocr_carea' id='block_1_61' title="bbox 1875 3088 3453 3178">
    <p class='ocr_par' dir='ltr' id='par_1_61' title="bbox 1875 3088 3453 3160">
     <span class='ocr_line' id='line_1_61' title="bbox 1875 3088 3453 3160; baseline 0.002 -20"><span class='ocrx_word' id='word_1_407' title='bbox 1875 3102 1991 3140; x_wconf 79' lang='lat' dir='ltr'><strong>cum</strong></span> <span class='ocrx_word' id='word_1_408' title='bbox 2034 3100 2369 3156; x_wconf 84' lang='lat' dir='ltr'><strong>cognoscere</strong></span> <span class='ocrx_word' id='word_1_409' title='bbox 2404 3088 2621 3150; x_wconf 84' lang='lat' dir='ltr'><strong>avebat,</strong></span> <span class='ocrx_word' id='word_1_410' title='bbox 2657 3088 2897 3157; x_wconf 87' lang='lat' dir='ltr'><strong>gratuito</strong></span> <span class='ocrx_word' id='word_1_411' title='bbox 2935 3088 3147 3142; x_wconf 81' lang='lat' dir='ltr'><strong>donans</strong></span> <span class='ocrx_word' id='word_1_412' title='bbox 3180 3104 3453 3160; x_wconf 69' lang='lat' dir='ltr'><strong>praeroga-</strong></span> 
     </span>
    </p>
   </div>
   <div class='ocr_carea' id='block_1_62' title="bbox 200 3178 1768 3254">
    <p class='ocr_par' dir='ltr' id='par_1_62' title="bbox 200 3182 1765 3254">
     <span class='ocr_line' id='line_1_62' title="bbox 200 3182 1765 3254; baseline 0.004 -22"><span class='ocrx_word' id='word_1_413' title='bbox 200 3182 474 3250; x_wconf 72' lang='grc' dir='ltr'><strong>προελθεῖν⁸</strong></span> <span class='ocrx_word' id='word_1_414' title='bbox 496 3184 631 3238; x_wconf 81' lang='grc' dir='ltr'><strong>Ἵνα</strong></span> <span class='ocrx_word' id='word_1_415' title='bbox 642 3182 740 3237; x_wconf 78' lang='grc' dir='ltr'>διὰ</span> <span class='ocrx_word' id='word_1_416' title='bbox 755 3183 863 3237; x_wconf 83' lang='grc' dir='ltr'><strong>δύο</strong></span> <span class='ocrx_word' id='word_1_417' title='bbox 880 3184 1239 3253; x_wconf 75' lang='grc' dir='ltr'>πραγμάτων</span> <span class='ocrx_word' id='word_1_418' title='bbox 1253 3187 1723 3254; x_wconf 62' lang='grc' dir='ltr'>ἀμταθέτων,ὠς</span> <span class='ocrx_word' id='word_1_419' title='bbox 1737 3188 1765 3239; x_wconf 84' lang='grc' dir='ltr'><strong>ὁ</strong></span> 
     </span>
    </p>
   </div>
   <div class='ocr_carea' id='block_1_63' title="bbox 1875 3178 3454 3254">
    <p class='ocr_par' dir='ltr' id='par_1_63' title="bbox 1875 3178 3454 3248">
     <span class='ocr_line' id='line_1_63' title="bbox 1875 3178 3454 3248; baseline 0.001 -16"><span class='ocrx_word' id='word_1_420' title='bbox 1875 3180 2041 3232; x_wconf 89' lang='lat' dir='ltr'><strong>tivam</strong></span> <span class='ocrx_word' id='word_1_421' title='bbox 2063 3190 2119 3232; x_wconf 89' lang='lat' dir='ltr'><strong>ut</strong></span> <span class='ocrx_word' id='word_1_422' title='bbox 2148 3187 2201 3233; x_wconf 94' lang='lat' dir='ltr'><strong>et</strong></span> <span class='ocrx_word' id='word_1_423' title='bbox 2232 3179 2459 3247; x_wconf 88' lang='lat' dir='ltr'><strong>ipsemet</strong></span> <span class='ocrx_word' id='word_1_424' title='bbox 2480 3178 2595 3245; x_wconf 85' lang='lat' dir='ltr'><strong>ejus</strong></span> <span class='ocrx_word' id='word_1_425' title='bbox 2620 3181 2793 3248; x_wconf 76' lang='lat' dir='ltr'><strong>Stirpe</strong></span> <span class='ocrx_word' id='word_1_426' title='bbox 2810 3180 3090 3243; x_wconf 87' lang='lat' dir='ltr'><strong>oriretur;</strong></span> <span class='ocrx_word' id='word_1_427' title='bbox 3112 3178 3181 3233; x_wconf 87' lang='lat' dir='ltr'><strong>Ut</strong></span> <span class='ocrx_word' id='word_1_428' title='bbox 3206 3196 3296 3248; x_wconf 84' lang='lat' dir='ltr'><strong>per</strong></span> <span class='ocrx_word' id='word_1_429' title='bbox 3318 3182 3454 3235; x_wconf 73' lang='lat' dir='ltr'><strong>duas</strong></span> 
     </span>
    </p>
   </div>
   <div class='ocr_carea' id='block_1_64' title="bbox 201 3274 1763 3347">
    <p class='ocr_par' dir='ltr' id='par_1_64' title="bbox 201 3274 1763 3347">
     <span class='ocr_line' id='line_1_64' title="bbox 201 3274 1763 3347; baseline 0.005 -22"><span class='ocrx_word' id='word_1_430' title='bbox 201 3274 388 3339; x_wconf 72' lang='grc' dir='ltr'>Παῦλος</span> <span class='ocrx_word' id='word_1_431' title='bbox 404 3293 586 3347; x_wconf 74' lang='grc' dir='ltr'>φησιν,</span> <span class='ocrx_word' id='word_1_432' title='bbox 600 3276 670 3329; x_wconf 75' lang='grc' dir='ltr'><strong>ἐν</strong></span> <span class='ocrx_word' id='word_1_433' title='bbox 685 3277 774 3341; x_wconf 80' lang='grc' dir='ltr'>οἷς</span> <span class='ocrx_word' id='word_1_434' title='bbox 789 3276 981 3331; x_wconf 78' lang='grc' dir='ltr'>ἁδύνα</span> <span class='ocrx_word' id='word_1_435' title='bbox 993 3294 1099 3331; x_wconf 86' lang='grc' dir='ltr'>τον</span> <span class='ocrx_word' id='word_1_436' title='bbox 1114 3280 1459 3346; x_wconf 71' lang='grc' dir='ltr'>ψεύσασθαι</span> <span class='ocrx_word' id='word_1_437' title='bbox 1474 3278 1579 3332; x_wconf 76' lang='grc' dir='ltr'><strong>τὸν</strong></span> <span class='ocrx_word' id='word_1_438' title='bbox 1595 3280 1763 3345; x_wconf 79' lang='grc' dir='ltr'>Θεὸν,</span> 
     </span>
    </p>
   </div>
   <div class='ocr_carea' id='block_1_65' title="bbox 200 3362 1689 3441">
    <p class='ocr_par' dir='ltr' id='par_1_65' title="bbox 200 3362 1689 3441">
     <span class='ocr_line' id='line_1_65' title="bbox 200 3362 1689 3441; baseline 0.003 -24"><span class='ocrx_word' id='word_1_439' title='bbox 200 3368 435 3435; x_wconf 72' lang='grc' dir='ltr'>ἰσχυρὰν</span> <span class='ocrx_word' id='word_1_440' title='bbox 457 3367 863 3436; x_wconf 74' lang='grc' dir='ltr'>παράκλησιν,</span> <span class='ocrx_word' id='word_1_441' title='bbox 894 3384 961 3421; x_wconf 83' lang='grc' dir='ltr'><strong>πε</strong></span> <span class='ocrx_word' id='word_1_442' title='bbox 972 3369 1023 3441; x_wconf 73' lang='lat' dir='ltr'><strong>pi.</strong></span> <span class='ocrx_word' id='word_1_443' title='bbox 1050 3362 1124 3422; x_wconf 83' lang='grc' dir='ltr'>ὧν</span> <span class='ocrx_word' id='word_1_444' title='bbox 1154 3368 1372 3440; x_wconf 73' lang='grc' dir='ltr'>ηὔξατο,</span> <span class='ocrx_word' id='word_1_445' title='bbox 1398 3369 1689 3438; x_wconf 77' lang='grc' dir='ltr'><strong>λάϐωμεν.</strong></span> 
     </span>
    </p>
   </div>
   <div class='ocr_carea' id='block_1_66' title="bbox 207 3535 1764 3611">
    <p class='ocr_par' dir='ltr' id='par_1_66' title="bbox 207 3535 1764 3611">
     <span class='ocr_line' id='line_1_66' title="bbox 207 3535 1764 3611; baseline 0.004 -23"><span class='ocrx_word' id='word_1_446' title='bbox 207 3535 288 3589; x_wconf 79' lang='grc' dir='ltr'><strong>Ἐκ</strong></span> <span class='ocrx_word' id='word_1_447' title='bbox 319 3538 546 3606; x_wconf 70' lang='grc' dir='ltr'>καρποῦ</span> <span class='ocrx_word' id='word_1_448' title='bbox 588 3537 700 3607; x_wconf 82' lang='grc' dir='ltr'>τῆς</span> <span class='ocrx_word' id='word_1_449' title='bbox 742 3541 974 3605; x_wconf 72' lang='grc' dir='ltr'>κοιλίας</span> <span class='ocrx_word' id='word_1_450' title='bbox 1019 3556 1135 3594; x_wconf 90' lang='grc' dir='ltr'><strong>σου</strong></span> <span class='ocrx_word' id='word_1_451' title='bbox 1195 3542 1453 3611; x_wconf 83' lang='grc' dir='ltr'>θήσομαι</span> <span class='ocrx_word' id='word_1_452' title='bbox 1498 3541 1596 3595; x_wconf 77' lang='grc' dir='ltr'><strong>ἐπὶ</strong></span> <span class='ocrx_word' id='word_1_453' title='bbox 1656 3542 1764 3595; x_wconf 80' lang='grc' dir='ltr'>τοῦ</span> 
     </span>
    </p>
   </div>
   <div class='ocr_carea' id='block_1_67' title="bbox 782 3612 1158 3679">
    <p class='ocr_par' dir='ltr' id='par_1_67' title="bbox 782 3612 1158 3679">
     <span class='ocr_line' id='line_1_67' title="bbox 782 3612 1158 3679; baseline 0.003 -15"><span class='ocrx_word' id='word_1_454' title='bbox 782 3612 999 3679; x_wconf 82' lang='grc' dir='ltr'>θρόνου</span> <span class='ocrx_word' id='word_1_455' title='bbox 1022 3627 1158 3665; x_wconf 91' lang='grc' dir='ltr'>σου.</span> 
     </span>
    </p>
   </div>
   <div class='ocr_carea' id='block_1_68' title="bbox 265 3700 1763 3775">
    <p class='ocr_par' dir='ltr' id='par_1_68' title="bbox 265 3700 1763 3775">
     <span class='ocr_line' id='line_1_68' title="bbox 265 3700 1763 3775; baseline 0.003 -22"><span class='ocrx_word' id='word_1_456' title='bbox 265 3700 476 3771; x_wconf 79' lang='grc' dir='ltr'>Ἐπειδὴ</span> <span class='ocrx_word' id='word_1_457' title='bbox 508 3703 595 3765; x_wconf 75' lang='grc' dir='ltr'><strong>σὺ,</strong></span> <span class='ocrx_word' id='word_1_458' title='bbox 626 3702 812 3773; x_wconf 65' lang='grc' dir='ltr'>φησιν,</span> <span class='ocrx_word' id='word_1_459' title='bbox 848 3700 992 3755; x_wconf 75' lang='grc' dir='ltr'>οὕτω</span> <span class='ocrx_word' id='word_1_460' title='bbox 1024 3702 1322 3765; x_wconf 80' lang='grc' dir='ltr'>πιστεύσας</span> <span class='ocrx_word' id='word_1_461' title='bbox 1362 3702 1585 3755; x_wconf 80' lang='grc' dir='ltr'>τοιαῦτα</span> <span class='ocrx_word' id='word_1_462' title='bbox 1613 3703 1763 3775; x_wconf 73' lang='grc' dir='ltr'>ηὔξω</span> 
     </span>
    </p>
   </div>
   <div class='ocr_carea' id='block_1_69' title="bbox 197 3791 1763 3867">
    <p class='ocr_par' dir='ltr' id='par_1_69' title="bbox 197 3791 1763 3867">
     <span class='ocr_line' id='line_1_69' title="bbox 197 3791 1763 3867; baseline 0.004 -25"><span class='ocrx_word' id='word_1_463' title='bbox 197 3791 401 3857; x_wconf 79' lang='grc' dir='ltr'>γνῶναι,</span> <span class='ocrx_word' id='word_1_464' title='bbox 437 3793 761 3863; x_wconf 83' lang='grc' dir='ltr'>βουλόμενος</span> <span class='ocrx_word' id='word_1_465' title='bbox 806 3793 995 3865; x_wconf 81' lang='grc' dir='ltr'>μαθεῖν</span> <span class='ocrx_word' id='word_1_466' title='bbox 1026 3797 1156 3867; x_wconf 74' lang='grc' dir='ltr'>περὶ</span> <span class='ocrx_word' id='word_1_467' title='bbox 1209 3794 1303 3847; x_wconf 79' lang='grc' dir='ltr'>τοῦ</span> <span class='ocrx_word' id='word_1_468' title='bbox 1335 3796 1502 3847; x_wconf 81' lang='grc' dir='ltr'>τόπου</span> <span class='ocrx_word' id='word_1_469' title='bbox 1537 3795 1639 3865; x_wconf 78' lang='grc' dir='ltr'>τῆς</span> <span class='ocrx_word' id='word_1_470' title='bbox 1682 3798 1763 3860; x_wconf 83' lang='grc' dir='ltr'><strong>εἰς</strong></span> 
     </span>
    </p>
   </div>
   <div class='ocr_carea' id='block_1_70' title="bbox 194 3883 1764 3958">
    <p class='ocr_par' dir='ltr' id='par_1_70' title="bbox 194 3883 1764 3958">
     <span class='ocr_line' id='line_1_70' title="bbox 194 3883 1764 3958; baseline 0.003 -23"><span class='ocrx_word' id='word_1_471' title='bbox 194 3883 492 3954; x_wconf 79' lang='grc' dir='ltr'>ἀνθρώπους</span> <span class='ocrx_word' id='word_1_472' title='bbox 530 3886 765 3954; x_wconf 61' lang='grc' dir='ltr'>ἀφίξεως</span> <span class='ocrx_word' id='word_1_473' title='bbox 797 3885 893 3939; x_wconf 81' lang='grc' dir='ltr'>τοῦ</span> <span class='ocrx_word' id='word_1_474' title='bbox 941 3886 1213 3958; x_wconf 83' lang='grc' dir='ltr'>Σωτῆρος,</span> <span class='ocrx_word' id='word_1_475' title='bbox 1248 3886 1402 3956; x_wconf 76' lang='grc' dir='ltr'>δέχου</span> <span class='ocrx_word' id='word_1_476' title='bbox 1443 3886 1506 3957; x_wconf 83' lang='grc' dir='ltr'>δὴ</span> <span class='ocrx_word' id='word_1_477' title='bbox 1542 3887 1634 3939; x_wconf 80' lang='grc' dir='ltr'>καὶ</span> <span class='ocrx_word' id='word_1_478' title='bbox 1667 3886 1764 3939; x_wconf 82' lang='grc' dir='ltr'>αύ-</span> 
     </span>
    </p>
   </div>
   <div class='ocr_carea' id='block_1_71' title="bbox 194 3975 1760 4049">
    <p class='ocr_par' dir='ltr' id='par_1_71' title="bbox 194 3975 1760 4049">
     <span class='ocr_line' id='line_1_71' title="bbox 194 3975 1760 4049; baseline 0.004 -23"><span class='ocrx_word' id='word_1_479' title='bbox 194 3975 271 4039; x_wconf 73' lang='grc' dir='ltr'><strong>τδς</strong></span> <span class='ocrx_word' id='word_1_480' title='bbox 308 3978 404 4049; x_wconf 78' lang='grc' dir='ltr'>τὴν</span> <span class='ocrx_word' id='word_1_481' title='bbox 441 3977 795 4046; x_wconf 79' lang='grc' dir='ltr'>ἐπαγγελίαν,</span> <span class='ocrx_word' id='word_1_482' title='bbox 838 3979 933 4031; x_wconf 76' lang='grc' dir='ltr'><strong>καὶ</strong></span> <span class='ocrx_word' id='word_1_483' title='bbox 974 3978 1125 4046; x_wconf 83' lang='grc' dir='ltr'>γίνου</span> <span class='ocrx_word' id='word_1_484' title='bbox 1168 3978 1413 4040; x_wconf 83' lang='grc' dir='ltr'>διάκονος</span> <span class='ocrx_word' id='word_1_485' title='bbox 1440 3980 1538 4049; x_wconf 81' lang='grc' dir='ltr'>τῆς</span> <span class='ocrx_word' id='word_1_486' title='bbox 1582 3995 1760 4049; x_wconf 82' lang='grc' dir='ltr'>σωτη-</span> 
     </span>
    </p>
   </div>
   <div class='ocr_carea' id='block_1_72' title="bbox 195 4068 1758 4141">
    <p class='ocr_par' dir='ltr' id='par_1_72' title="bbox 195 4068 1758 4141">
     <span class='ocr_line' id='line_1_72' title="bbox 195 4068 1758 4141; baseline 0.01 -22"><span class='ocrx_word' id='word_1_487' title='bbox 195 4068 294 4136; x_wconf 76' lang='grc' dir='ltr'>ρίου</span> <span class='ocrx_word' id='word_1_488' title='bbox 321 4070 605 4136; x_wconf 81' lang='grc' dir='ltr'>γενέσεως.</span> <span class='ocrx_word' id='word_1_489' title='bbox 641 4070 739 4133; x_wconf 74' lang='grc' dir='ltr'><strong>Σὸς</strong></span> <span class='ocrx_word' id='word_1_490' title='bbox 759 4070 868 4139; x_wconf 75' lang='grc' dir='ltr'>γὰρ</span> <span class='ocrx_word' id='word_1_491' title='bbox 895 4068 1045 4123; x_wconf 73' lang='grc' dir='ltr'>ἔσται</span> <span class='ocrx_word' id='word_1_492' title='bbox 1080 4070 1290 4141; x_wconf 78' lang='grc' dir='ltr'>καρπὸς</span> <span class='ocrx_word' id='word_1_493' title='bbox 1318 4070 1345 4121; x_wconf 69' lang='grc' dir='ltr'>ὁ</span> <span class='ocrx_word' id='word_1_494' title='bbox 1377 4069 1758 4139; x_wconf 78' lang='grc' dir='ltr'>γενησόμενος,</span> 
     </span>
    </p>
   </div>
   <div class='ocr_carea' id='block_1_73' title="bbox 192 4159 1760 4231">
    <p class='ocr_par' dir='ltr' id='par_1_73' title="bbox 192 4159 1760 4231">
     <span class='ocr_line' id='line_1_73' title="bbox 192 4159 1760 4231; baseline 0.003 -22"><span class='ocrx_word' id='word_1_495' title='bbox 192 4159 247 4209; x_wconf 77' lang='grc' dir='ltr'><strong>ἐκ</strong></span> <span class='ocrx_word' id='word_1_496' title='bbox 273 4161 362 4227; x_wconf 82' lang='grc' dir='ltr'>σῆς</span> <span class='ocrx_word' id='word_1_497' title='bbox 390 4160 641 4231; x_wconf 78' lang='grc' dir='ltr'>διαδοχῆς</span> <span class='ocrx_word' id='word_1_498' title='bbox 666 4160 760 4213; x_wconf 75' lang='grc' dir='ltr'><strong>καὶ</strong></span> <span class='ocrx_word' id='word_1_499' title='bbox 801 4162 863 4212; x_wconf 82' lang='grc' dir='ltr'><strong>ὲκ</strong></span> <span class='ocrx_word' id='word_1_500' title='bbox 896 4159 989 4213; x_wconf 75' lang='grc' dir='ltr'>σοῦ</span> <span class='ocrx_word' id='word_1_501' title='bbox 1022 4161 1333 4231; x_wconf 84' lang='grc' dir='ltr'>σπέρματος</span> <span class='ocrx_word' id='word_1_502' title='bbox 1365 4160 1760 4231; x_wconf 83' lang='grc' dir='ltr'>προελευσόμε-</span> 
     </span>
    </p>
   </div>
   <div class='ocr_carea' id='block_1_74' title="bbox 192 4252 1756 4328">
    <p class='ocr_par' dir='ltr' id='par_1_74' title="bbox 192 4252 1756 4328">
     <span class='ocr_line' id='line_1_74' title="bbox 192 4252 1756 4328; baseline 0.001 -24"><span class='ocrx_word' id='word_1_503' title='bbox 192 4268 298 4313; x_wconf 73' lang='grc' dir='ltr'>νος·</span> <span class='ocrx_word' id='word_1_504' title='bbox 326 4252 405 4305; x_wconf 77' lang='grc' dir='ltr'>διὸ</span> <span class='ocrx_word' id='word_1_505' title='bbox 425 4254 518 4306; x_wconf 76' lang='grc' dir='ltr'><strong>καὶ</strong></span> <span class='ocrx_word' id='word_1_506' title='bbox 551 4254 701 4323; x_wconf 69' lang='grc' dir='ltr'>αὐτῷ</span> <span class='ocrx_word' id='word_1_507' title='bbox 724 4252 1005 4324; x_wconf 74' lang='grc' dir='ltr'>δοθήσεται</span> <span class='ocrx_word' id='word_1_508' title='bbox 1031 4252 1164 4305; x_wconf 74' lang='grc' dir='ltr'>ὡσεὶ</span> <span class='ocrx_word' id='word_1_509' title='bbox 1194 4253 1600 4324; x_wconf 84' lang='grc' dir='ltr'>ὲπηγγελμένος</span> <span class='ocrx_word' id='word_1_510' title='bbox 1629 4252 1756 4328; x_wconf 87' lang='grc' dir='ltr'>θρό-</span> 
     </span>
    </p>
   </div>
   <div class='ocr_carea' id='block_1_75' title="bbox 190 4344 1757 4417">
    <p class='ocr_par' dir='ltr' id='par_1_75' title="bbox 190 4344 1757 4417">
     <span class='ocr_line' id='line_1_75' title="bbox 190 4344 1757 4417; baseline 0.002 -21"><span class='ocrx_word' id='word_1_511' title='bbox 190 4358 285 4405; x_wconf 82' lang='grc' dir='ltr'>νος,</span> <span class='ocrx_word' id='word_1_512' title='bbox 312 4344 397 4397; x_wconf 77' lang='grc' dir='ltr'><strong>διὰ</strong></span> <span class='ocrx_word' id='word_1_513' title='bbox 431 4346 490 4396; x_wconf 78' lang='grc' dir='ltr'><strong>τὸ</strong></span> <span class='ocrx_word' id='word_1_514' title='bbox 520 4345 722 4415; x_wconf 79' lang='grc' dir='ltr'>μηδένα</span> <span class='ocrx_word' id='word_1_515' title='bbox 750 4344 933 4415; x_wconf 74' lang='grc' dir='ltr'>ἕτερον</span> <span class='ocrx_word' id='word_1_516' title='bbox 979 4345 1013 4416; x_wconf 78' lang='grc' dir='ltr'>ἢ</span> <span class='ocrx_word' id='word_1_517' title='bbox 1049 4346 1207 4416; x_wconf 78' lang='grc' dir='ltr'>μόνον</span> <span class='ocrx_word' id='word_1_518' title='bbox 1234 4346 1324 4399; x_wconf 76' lang='grc' dir='ltr'>τὸν</span> <span class='ocrx_word' id='word_1_519' title='bbox 1366 4348 1430 4399; x_wconf 77' lang='grc' dir='ltr'>ἐκ</span> <span class='ocrx_word' id='word_1_520' title='bbox 1477 4344 1569 4399; x_wconf 75' lang='grc' dir='ltr'>σοῦ</span> <span class='ocrx_word' id='word_1_521' title='bbox 1625 4363 1757 4417; x_wconf 81' lang='grc' dir='ltr'>προ-</span> 
     </span>
    </p>
   </div>
   <div class='ocr_carea' id='block_1_76' title="bbox 1874 3272 3453 3341">
    <p class='ocr_par' dir='ltr' id='par_1_76' title="bbox 1874 3272 3453 3341">
     <span class='ocr_line' id='line_1_76' title="bbox 1874 3272 3453 3341; baseline 0.001 -17"><span class='ocrx_word' id='word_1_522' title='bbox 1874 3289 1956 3326; x_wconf 85' lang='lat' dir='ltr'><strong>res</strong></span> <span class='ocrx_word' id='word_1_523' title='bbox 1997 3273 2319 3335; x_wconf 76' lang='lat' dir='ltr'><strong>immobiles,</strong></span> <span class='ocrx_word' id='word_1_524' title='bbox 2369 3283 2539 3341; x_wconf 89' lang='lat' dir='ltr'><strong>prout</strong></span> <span class='ocrx_word' id='word_1_525' title='bbox 2592 3272 2799 3326; x_wconf 85' lang='lat' dir='ltr'><strong>Paulus</strong></span> <span class='ocrx_word' id='word_1_526' title='bbox 2840 3272 2938 3335; x_wconf 86' lang='lat' dir='ltr'><strong>ait,</strong></span> <span class='ocrx_word' id='word_1_527' title='bbox 2975 3273 3165 3339; x_wconf 85' lang='lat' dir='ltr'><strong>quibus</strong></span> <span class='ocrx_word' id='word_1_528' title='bbox 3210 3274 3453 3341; x_wconf 71' lang='lat' dir='ltr'><strong>impassi~</strong></span> 
     </span>
    </p>
   </div>
   <div class='ocr_carea' id='block_1_77' title="bbox 1868 3363 3448 3430">
    <p class='ocr_par' dir='ltr' id='par_1_77' title="bbox 1868 3363 3448 3430">
     <span class='ocr_line' id='line_1_77' title="bbox 1868 3363 3448 3430; baseline -0.001 -12"><span class='ocrx_word' id='word_1_529' title='bbox 1868 3365 1968 3419; x_wconf 84' lang='lat' dir='ltr'><strong>bile</strong></span> <span class='ocrx_word' id='word_1_530' title='bbox 2000 3376 2076 3418; x_wconf 86' lang='lat' dir='ltr'><strong>est</strong></span> <span class='ocrx_word' id='word_1_531' title='bbox 2112 3365 2323 3417; x_wconf 69' lang='lat' dir='ltr'><strong>naentiri</strong></span> <span class='ocrx_word' id='word_1_532' title='bbox 2356 3363 2548 3427; x_wconf 85' lang='lat' dir='ltr'><strong>Deum,</strong></span> <span class='ocrx_word' id='word_1_533' title='bbox 2575 3364 2808 3417; x_wconf 79' lang='lat' dir='ltr'><strong>validum</strong></span> <span class='ocrx_word' id='word_1_534' title='bbox 2838 3364 3090 3417; x_wconf 85' lang='lat' dir='ltr'><strong>solatium</strong></span> <span class='ocrx_word' id='word_1_535' title='bbox 3113 3364 3175 3430; x_wconf 74' lang='lat'><strong>“,</strong></span> <span class='ocrx_word' id='word_1_536' title='bbox 3207 3367 3349 3419; x_wconf 80' lang='lat' dir='ltr'><strong>circa</strong></span> <span class='ocrx_word' id='word_1_537' title='bbox 3381 3379 3448 3423; x_wconf 87' lang='lat' dir='ltr'><strong>ea</strong></span> 
     </span>
    </p>
   </div>
   <div class='ocr_carea' id='block_1_78' title="bbox 1867 3457 2794 3527">
    <p class='ocr_par' dir='ltr' id='par_1_78' title="bbox 1867 3457 2794 3527">
     <span class='ocr_line' id='line_1_78' title="bbox 1867 3457 2794 3527; baseline 0.002 -18"><span class='ocrx_word' id='word_1_538' title='bbox 1867 3474 1989 3526; x_wconf 62' lang='lat' dir='ltr'><strong>quae</strong></span> <span class='ocrx_word' id='word_1_539' title='bbox 2022 3458 2253 3527; x_wconf 86' lang='lat' dir='ltr'><strong>quisque</strong></span> <span class='ocrx_word' id='word_1_540' title='bbox 2296 3460 2451 3527; x_wconf 87' lang='lat' dir='ltr'><strong>petit,</strong></span> <span class='ocrx_word' id='word_1_541' title='bbox 2482 3457 2794 3513; x_wconf 77' lang='lat' dir='ltr'><strong>habeamus.</strong></span> 
     </span>
    </p>
   </div>
   <div class='ocr_carea' id='block_1_79' title="bbox 1868 3547 3450 3619">
    <p class='ocr_par' dir='ltr' id='par_1_79' title="bbox 1868 3547 3450 3619">
     <span class='ocr_line' id='line_1_79' title="bbox 1868 3547 3450 3619; baseline 0.001 -16"><span class='ocrx_word' id='word_1_542' title='bbox 1868 3549 2036 3604; x_wconf 76' lang='lat' dir='ltr'><strong>Vsus.</strong></span> <span class='ocrx_word' id='word_1_543' title='bbox 2078 3548 2165 3605; x_wconf 88' lang='lat' dir='ltr'><strong>ll.</strong></span> <span class='ocrx_word' id='word_1_544' title='bbox 2214 3547 2293 3603; x_wconf 86' lang='lat' dir='ltr'><strong>De</strong></span> <span class='ocrx_word' id='word_1_545' title='bbox 2347 3550 2524 3619; x_wconf 77' lang='lat' dir='ltr'><strong>fructu</strong></span> <span class='ocrx_word' id='word_1_546' title='bbox 2557 3552 2753 3604; x_wconf 80' lang='lat' dir='ltr'><strong>uentris</strong></span> <span class='ocrx_word' id='word_1_547' title='bbox 2796 3552 2871 3604; x_wconf 84' lang='lat' dir='ltr'><strong>tui</strong></span> <span class='ocrx_word' id='word_1_548' title='bbox 2900 3566 3092 3619; x_wconf 84' lang='lat' dir='ltr'><strong>ponam</strong></span> <span class='ocrx_word' id='word_1_549' title='bbox 3122 3566 3280 3618; x_wconf 82' lang='lat' dir='ltr'><strong>super</strong></span> <span class='ocrx_word' id='word_1_550' title='bbox 3305 3552 3450 3604; x_wconf 79' lang='lat' dir='ltr'><strong>thro-</strong></span> 
     </span>
    </p>
   </div>
   <div class='ocr_carea' id='block_1_80' title="bbox 2504 3633 2830 3677">
    <p class='ocr_par' dir='ltr' id='par_1_80' title="bbox 2504 3633 2830 3677">
     <span class='ocr_line' id='line_1_80' title="bbox 2504 3633 2830 3677; baseline 0.009 -3"><span class='ocrx_word' id='word_1_551' title='bbox 2504 3637 2625 3674; x_wconf 87' lang='lat' dir='ltr'><strong>num</strong></span> <span class='ocrx_word' id='word_1_552' title='bbox 2657 3633 2830 3677; x_wconf 84' lang='lat' dir='ltr'><strong>tuum.</strong></span> 
     </span>
    </p>
   </div>
   <div class='ocr_carea' id='block_1_81' title="bbox 1936 3709 3451 3785">
    <p class='ocr_par' dir='ltr' id='par_1_81' title="bbox 1936 3709 3451 3785">
     <span class='ocr_line' id='line_1_81' title="bbox 1936 3709 3451 3785; baseline -0.002 -20"><span class='ocrx_word' id='word_1_553' title='bbox 1936 3709 2202 3777; x_wconf 86' lang='lat' dir='ltr'><strong>Quoniam</strong></span> <span class='ocrx_word' id='word_1_554' title='bbox 2270 3721 2353 3774; x_wconf 93' lang='lat' dir='ltr'><strong>tu,</strong></span> <span class='ocrx_word' id='word_1_555' title='bbox 2413 3712 2617 3782; x_wconf 90' lang='lat' dir='ltr'><strong>inquit,</strong></span> <span class='ocrx_word' id='word_1_556' title='bbox 2678 3712 2754 3766; x_wconf 90' lang='lat' dir='ltr'><strong>ita</strong></span> <span class='ocrx_word' id='word_1_557' title='bbox 2818 3713 3072 3780; x_wconf 85' lang='lat' dir='ltr'><strong>credens,</strong></span> <span class='ocrx_word' id='word_1_558' title='bbox 3118 3726 3451 3785; x_wconf 78' lang='lat' dir='ltr'><strong>cognoscere</strong></span> 
     </span>
    </p>
   </div>
   <div class='ocr_carea' id='block_1_82' title="bbox 1866 3804 3450 3877">
    <p class='ocr_par' dir='ltr' id='par_1_82' title="bbox 1866 3804 3450 3877">
     <span class='ocr_line' id='line_1_82' title="bbox 1866 3804 3450 3877; baseline -0.001 -19"><span class='ocrx_word' id='word_1_559' title='bbox 1866 3804 1979 3859; x_wconf 67' lang='lat' dir='ltr'><strong>haec</strong></span> <span class='ocrx_word' id='word_1_560' title='bbox 2011 3806 2233 3873; x_wconf 85' lang='lat' dir='ltr'><strong>optasti,</strong></span> <span class='ocrx_word' id='word_1_561' title='bbox 2275 3820 2472 3874; x_wconf 87' lang='lat' dir='ltr'><strong>nempe</strong></span> <span class='ocrx_word' id='word_1_562' title='bbox 2500 3806 2679 3861; x_wconf 85' lang='lat' dir='ltr'><strong>locum</strong></span> <span class='ocrx_word' id='word_1_563' title='bbox 2705 3820 2813 3877; x_wconf 92' lang='lat' dir='ltr'><strong>quo</strong></span> <span class='ocrx_word' id='word_1_564' title='bbox 2849 3810 2916 3861; x_wconf 92' lang='lat' dir='ltr'><strong>ad</strong></span> <span class='ocrx_word' id='word_1_565' title='bbox 2959 3807 3209 3862; x_wconf 87' lang='lat' dir='ltr'><strong>homines</strong></span> <span class='ocrx_word' id='word_1_566' title='bbox 3256 3816 3450 3859; x_wconf 86' lang='lat' dir='ltr'><strong>ventu-</strong></span> 
     </span>
    </p>
   </div>
   <div class='ocr_carea' id='block_1_83' title="bbox 1867 3897 3449 3968">
    <p class='ocr_par' dir='ltr' id='par_1_83' title="bbox 1867 3897 3449 3968">
     <span class='ocr_line' id='line_1_83' title="bbox 1867 3897 3449 3968; baseline 0.001 -16"><span class='ocrx_word' id='word_1_567' title='bbox 1867 3913 1960 3952; x_wconf 90' lang='lat' dir='ltr'><strong>rus</strong></span> <span class='ocrx_word' id='word_1_568' title='bbox 2017 3907 2099 3953; x_wconf 91' lang='lat' dir='ltr'><strong>est</strong></span> <span class='ocrx_word' id='word_1_569' title='bbox 2142 3897 2413 3966; x_wconf 86' lang='lat' dir='ltr'><strong>Salvator,</strong></span> <span class='ocrx_word' id='word_1_570' title='bbox 2475 3900 2663 3968; x_wconf 88' lang='lat' dir='ltr'><strong>accipe</strong></span> <span class='ocrx_word' id='word_1_571' title='bbox 2713 3901 2853 3955; x_wconf 88' lang='lat' dir='ltr'><strong>hanc</strong></span> <span class='ocrx_word' id='word_1_572' title='bbox 2906 3902 3182 3964; x_wconf 91' lang='lat' dir='ltr'><strong>notitiam,</strong></span> <span class='ocrx_word' id='word_1_573' title='bbox 3233 3910 3290 3953; x_wconf 90' lang='lat' dir='ltr'><strong>et</strong></span> <span class='ocrx_word' id='word_1_574' title='bbox 3330 3907 3449 3953; x_wconf 90' lang='lat' dir='ltr'><strong>esto</strong></span> 
     </span>
    </p>
   </div>
   <div class='ocr_carea' id='block_1_84' title="bbox 1864 3989 3445 4057">
    <p class='ocr_par' dir='ltr' id='par_1_84' title="bbox 1864 3989 3445 4057">
     <span class='ocr_line' id='line_1_84' title="bbox 1864 3989 3445 4057; baseline 0 -13"><span class='ocrx_word' id='word_1_575' title='bbox 1864 3990 2117 4045; x_wconf 89' lang='lat' dir='ltr'><strong>salutaris</strong></span> <span class='ocrx_word' id='word_1_576' title='bbox 2168 3989 2285 4057; x_wconf 87' lang='lat' dir='ltr'><strong>ejus</strong></span> <span class='ocrx_word' id='word_1_577' title='bbox 2330 3990 2635 4046; x_wconf 87' lang='lat' dir='ltr'><strong>nativitatis</strong></span> <span class='ocrx_word' id='word_1_578' title='bbox 2686 3992 2960 4046; x_wconf 89' lang='lat' dir='ltr'><strong>minister.</strong></span> <span class='ocrx_word' id='word_1_579' title='bbox 3020 3991 3257 4047; x_wconf 84' lang='lat' dir='ltr'><strong>Fructus</strong></span> <span class='ocrx_word' id='word_1_580' title='bbox 3302 3991 3445 4044; x_wconf 90' lang='lat' dir='ltr'><strong>enim</strong></span> 
     </span>
    </p>
   </div>
   <div class='ocr_carea' id='block_1_85' title="bbox 1868 4082 3449 4153">
    <p class='ocr_par' dir='ltr' id='par_1_85' title="bbox 1868 4082 3449 4153">
     <span class='ocr_line' id='line_1_85' title="bbox 1868 4082 3449 4153; baseline 0 -17"><span class='ocrx_word' id='word_1_581' title='bbox 1868 4094 1991 4136; x_wconf 91' lang='lat' dir='ltr'><strong>tuus</strong></span> <span class='ocrx_word' id='word_1_582' title='bbox 2020 4084 2122 4135; x_wconf 90' lang='lat' dir='ltr'><strong>erit</strong></span> <span class='ocrx_word' id='word_1_583' title='bbox 2145 4083 2237 4151; x_wconf 90' lang='lat' dir='ltr'><strong>qui</strong></span> <span class='ocrx_word' id='word_1_584' title='bbox 2272 4082 2489 4138; x_wconf 81' lang='lat' dir='ltr'><strong>futurus</strong></span> <span class='ocrx_word' id='word_1_585' title='bbox 2515 4093 2624 4150; x_wconf 91' lang='lat' dir='ltr'><strong>est,</strong></span> <span class='ocrx_word' id='word_1_586' title='bbox 2644 4098 2711 4137; x_wconf 80' lang='lat' dir='ltr'><strong>ex</strong></span> <span class='ocrx_word' id='word_1_587' title='bbox 2743 4092 2833 4138; x_wconf 89' lang='lat' dir='ltr'><strong>tua</strong></span> <span class='ocrx_word' id='word_1_588' title='bbox 2862 4085 3122 4153; x_wconf 75' lang='lat' dir='ltr'><strong>progenie</strong></span> <span class='ocrx_word' id='word_1_589' title='bbox 3152 4098 3217 4137; x_wconf 88' lang='lat' dir='ltr'><strong>ac</strong></span> <span class='ocrx_word' id='word_1_590' title='bbox 3240 4082 3449 4136; x_wconf 84' lang='lat' dir='ltr'><strong>semine</strong></span> 
     </span>
    </p>
   </div>
   <div class='ocr_carea' id='block_1_86' title="bbox 1862 4174 3451 4246">
    <p class='ocr_par' dir='ltr' id='par_1_86' title="bbox 1862 4174 3451 4246">
     <span class='ocr_line' id='line_1_86' title="bbox 1862 4174 3451 4246; baseline 0 -20"><span class='ocrx_word' id='word_1_591' title='bbox 1862 4185 2269 4243; x_wconf 78' lang='lat' dir='ltr'><strong>proventurus:</strong></span> <span class='ocrx_word' id='word_1_592' title='bbox 2308 4174 2545 4244; x_wconf 86' lang='lat' dir='ltr'><strong>ideoque</strong></span> <span class='ocrx_word' id='word_1_593' title='bbox 2578 4186 2633 4229; x_wconf 89' lang='lat' dir='ltr'><strong>et</strong></span> <span class='ocrx_word' id='word_1_594' title='bbox 2673 4176 2777 4246; x_wconf 90' lang='lat' dir='ltr'><strong>ipsi</strong></span> <span class='ocrx_word' id='word_1_595' title='bbox 2818 4176 3039 4230; x_wconf 81' lang='lat' dir='ltr'><strong>dabitur</strong></span> <span class='ocrx_word' id='word_1_596' title='bbox 3069 4180 3300 4229; x_wconf 88' lang='lat' dir='ltr'><strong>thronus</strong></span> <span class='ocrx_word' id='word_1_597' title='bbox 3332 4189 3451 4243; x_wconf 87' lang='lat' dir='ltr'><strong>pro-</strong></span> 
     </span>
    </p>
   </div>
   <div class='ocr_carea' id='block_1_87' title="bbox 1862 4270 3446 4340">
    <p class='ocr_par' dir='ltr' id='par_1_87' title="bbox 1862 4270 3446 4340">
     <span class='ocr_line' id='line_1_87' title="bbox 1862 4270 3446 4340; baseline 0.002 -20"><span class='ocrx_word' id='word_1_598' title='bbox 1862 4270 2082 4335; x_wconf 74' lang='lat' dir='ltr'><strong>missus,</strong></span> <span class='ocrx_word' id='word_1_599' title='bbox 2126 4270 2254 4338; x_wconf 89' lang='lat' dir='ltr'><strong>quia</strong></span> <span class='ocrx_word' id='word_1_600' title='bbox 2308 4285 2468 4325; x_wconf 89' lang='lat' dir='ltr'><strong>nemo</strong></span> <span class='ocrx_word' id='word_1_601' title='bbox 2512 4280 2596 4325; x_wconf 88' lang='lat' dir='ltr'><strong>est</strong></span> <span class='ocrx_word' id='word_1_602' title='bbox 2638 4272 2799 4335; x_wconf 85' lang='lat' dir='ltr'><strong>alius.</strong></span> <span class='ocrx_word' id='word_1_603' title='bbox 2845 4280 3041 4340; x_wconf 72' lang='lat' dir='ltr'><strong>praeter</strong></span> <span class='ocrx_word' id='word_1_604' title='bbox 3095 4270 3245 4323; x_wconf 89' lang='lat' dir='ltr'><strong>illum</strong></span> <span class='ocrx_word' id='word_1_605' title='bbox 3291 4285 3356 4323; x_wconf 78' lang='lat' dir='ltr'><strong>ex</strong></span> <span class='ocrx_word' id='word_1_606' title='bbox 3393 4280 3446 4324; x_wconf 90' lang='lat' dir='ltr'><strong>te</strong></span> 
     </span>
    </p>
   </div>
   <div class='ocr_carea' id='block_1_88' title="bbox 1864 4362 3444 4431">
    <p class='ocr_par' dir='ltr' id='par_1_88' title="bbox 1864 4362 3444 4431">
     <span class='ocr_line' id='line_1_88' title="bbox 1864 4362 3444 4431; baseline 0.001 -16"><span class='ocrx_word' id='word_1_607' title='bbox 1864 4362 2160 4427; x_wconf 83' lang='lat' dir='ltr'><strong>oriturum,</strong></span> <span class='ocrx_word' id='word_1_608' title='bbox 2191 4363 2283 4431; x_wconf 94' lang='lat' dir='ltr'><strong>qui</strong></span> <span class='ocrx_word' id='word_1_609' title='bbox 2317 4363 2374 4416; x_wconf 93' lang='lat' dir='ltr'><strong>in</strong></span> <span class='ocrx_word' id='word_1_610' title='bbox 2408 4364 2684 4431; x_wconf 89' lang='lat' dir='ltr'><strong>promisso</strong></span> <span class='ocrx_word' id='word_1_611' title='bbox 2709 4363 2908 4419; x_wconf 89' lang='lat' dir='ltr'><strong>throno</strong></span> <span class='ocrx_word' id='word_1_612' title='bbox 2931 4364 3122 4418; x_wconf 90' lang='lat' dir='ltr'><strong>sedere</strong></span> <span class='ocrx_word' id='word_1_613' title='bbox 3146 4373 3444 4416; x_wconf 79' lang='lat' dir='ltr'><strong>mereatur.</strong></span> 
     </span>
    </p>
   </div>
   <div class='ocr_carea' id='block_1_89' title="bbox 192 4434 1768 4527">
    <p class='ocr_par' dir='ltr' id='par_1_89' title="bbox 192 4434 1751 4510">
     <span class='ocr_line' id='line_1_89' title="bbox 192 4434 1751 4510; baseline 0.003 -23"><span class='ocrx_word' id='word_1_614' title='bbox 192 4435 541 4505; x_wconf 76' lang='grc' dir='ltr'>ελευσόμενον,</span> <span class='ocrx_word' id='word_1_615' title='bbox 573 4436 722 4503; x_wconf 75' lang='grc' dir='ltr'>ἄξιον</span> <span class='ocrx_word' id='word_1_616' title='bbox 762 4434 896 4491; x_wconf 80' lang='grc' dir='ltr'>εἶναι</span> <span class='ocrx_word' id='word_1_617' title='bbox 940 4437 1033 4490; x_wconf 74' lang='grc' dir='ltr'>τοῦ</span> <span class='ocrx_word' id='word_1_618' title='bbox 1061 4438 1143 4491; x_wconf 72' lang='grc' dir='ltr'>σοὶ</span> <span class='ocrx_word' id='word_1_619' title='bbox 1176 4438 1591 4509; x_wconf 74' lang='grc' dir='ltr'>ἑπηγγελμένου</span> <span class='ocrx_word' id='word_1_620' title='bbox 1626 4438 1751 4510; x_wconf 83' lang='grc' dir='ltr'>θρό-</span> 
     </span>
    </p>
   </div>
   <div class='ocr_carea' id='block_1_90' title="bbox 1875 4434 3445 4527">
    <p class='ocr_par' dir='ltr' id='par_1_90' title="bbox 1875 4449 3445 4518">
     <span class='ocr_line' id='line_1_90' title="bbox 1875 4449 3445 4518; baseline -0.002 -15"><span class='ocrx_word' id='word_1_621' title='bbox 1875 4452 2039 4518; x_wconf 67' lang='lat' dir='ltr'><strong>)uare</strong></span> <span class='ocrx_word' id='word_1_622' title='bbox 2073 4462 2129 4506; x_wconf 83' lang='lat' dir='ltr'><strong>et</strong></span> <span class='ocrx_word' id='word_1_623' title='bbox 2180 4450 2401 4507; x_wconf 84' lang='lat' dir='ltr'><strong>Gabriel</strong></span> <span class='ocrx_word' id='word_1_624' title='bbox 2434 4453 2615 4507; x_wconf 72' lang='lat' dir='ltr'><strong>Maria:</strong></span> <span class='ocrx_word' id='word_1_625' title='bbox 2656 4454 2833 4508; x_wconf 80' lang='lat' dir='ltr'><strong>dixit:</strong></span> <span class='ocrx_word' id='word_1_626' title='bbox 2876 4452 2943 4506; x_wconf 84' lang='lat' dir='ltr'><strong>Et</strong></span> <span class='ocrx_word' id='word_1_627' title='bbox 2989 4452 3135 4505; x_wconf 86' lang='lat' dir='ltr'><strong>dabit</strong></span> <span class='ocrx_word' id='word_1_628' title='bbox 3178 4449 3258 4503; x_wconf 85' lang='lat' dir='ltr'><strong>illi</strong></span> <span class='ocrx_word' id='word_1_629' title='bbox 3305 4449 3445 4503; x_wconf 87' lang='lat' dir='ltr'><strong>Deus</strong></span> 
     </span>
    </p>
   </div>
   <div class='ocr_carea' id='block_1_91' title="bbox 192 4528 1751 4602">
    <p class='ocr_par' dir='ltr' id='par_1_91' title="bbox 192 4528 1751 4602">
     <span class='ocr_line' id='line_1_91' title="bbox 192 4528 1751 4602; baseline 0.004 -25"><span class='ocrx_word' id='word_1_630' title='bbox 192 4543 289 4579; x_wconf 79' lang='grc' dir='ltr'>νου.</span> <span class='ocrx_word' id='word_1_631' title='bbox 321 4528 611 4597; x_wconf 76' lang='grc' dir='ltr'>Τοιγαροῦν</span> <span class='ocrx_word' id='word_1_632' title='bbox 642 4529 734 4581; x_wconf 77' lang='grc' dir='ltr'><strong>καὶ</strong></span> <span class='ocrx_word' id='word_1_633' title='bbox 762 4532 789 4581; x_wconf 89' lang='grc' dir='ltr'>ὁ</span> <span class='ocrx_word' id='word_1_634' title='bbox 821 4528 1059 4601; x_wconf 79' lang='grc' dir='ltr'>Γαϐριὴλ</span> <span class='ocrx_word' id='word_1_635' title='bbox 1094 4531 1229 4601; x_wconf 82' lang='grc' dir='ltr'>πρὸς</span> <span class='ocrx_word' id='word_1_636' title='bbox 1254 4532 1352 4602; x_wconf 82' lang='grc' dir='ltr'>τὴν</span> <span class='ocrx_word' id='word_1_637' title='bbox 1387 4531 1619 4601; x_wconf 82' lang='grc' dir='ltr'>Μαριάμ</span> <span class='ocrx_word' id='word_1_638' title='bbox 1648 4549 1751 4602; x_wconf 80' lang='grc' dir='ltr'>φη-</span> 
     </span>
    </p>
   </div>
   <div class='ocr_carea' id='block_1_92' title="bbox 1860 4542 3446 4616">
    <p class='ocr_par' dir='ltr' id='par_1_92' title="bbox 1860 4542 3446 4616">
     <span class='ocr_line' id='line_1_92' title="bbox 1860 4542 3446 4616; baseline -0.001 -19"><span class='ocrx_word' id='word_1_639' title='bbox 1860 4545 2104 4597; x_wconf 82' lang='lat' dir='ltr'><strong>tltrouum</strong></span> <span class='ocrx_word' id='word_1_640' title='bbox 2145 4542 2363 4599; x_wconf 85' lang='lat' dir='ltr'><strong>Davidis</strong></span> <span class='ocrx_word' id='word_1_641' title='bbox 2404 4547 2570 4614; x_wconf 84' lang='lat' dir='ltr'><strong>patris</strong></span> <span class='ocrx_word' id='word_1_642' title='bbox 2602 4547 2741 4614; x_wconf 88' lang='lat' dir='ltr'><strong>ejus,</strong></span> <span class='ocrx_word' id='word_1_643' title='bbox 2770 4545 3107 4616; x_wconf 82' lang='lat' dir='ltr'><strong>regnabitque</strong></span> <span class='ocrx_word' id='word_1_644' title='bbox 3159 4559 3317 4613; x_wconf 83' lang='lat' dir='ltr'><strong>super</strong></span> <span class='ocrx_word' id='word_1_645' title='bbox 3358 4544 3446 4595; x_wconf 85' lang='lat' dir='ltr'><strong>do-</strong></span> 
     </span>
    </p>
   </div>
   <div class='ocr_carea' id='block_1_93' title="bbox 193 4619 1768 4694">
    <p class='ocr_par' dir='ltr' id='par_1_93' title="bbox 193 4619 1750 4689">
     <span class='ocr_line' id='line_1_93' title="bbox 193 4619 1750 4689; baseline 0.005 -20"><span class='ocrx_word' id='word_1_646' title='bbox 193 4635 267 4670; x_wconf 83' lang='grc' dir='ltr'>σι·</span> <span class='ocrx_word' id='word_1_647' title='bbox 292 4621 394 4673; x_wconf 77' lang='grc' dir='ltr'><strong>Καὶ</strong></span> <span class='ocrx_word' id='word_1_648' title='bbox 426 4620 604 4674; x_wconf 80' lang='grc' dir='ltr'>δώσει</span> <span class='ocrx_word' id='word_1_649' title='bbox 628 4619 787 4686; x_wconf 84' lang='grc' dir='ltr'>αὐτῷ</span> <span class='ocrx_word' id='word_1_650' title='bbox 812 4623 843 4674; x_wconf 85' lang='grc' dir='ltr'><em>ὁ</em></span> <span class='ocrx_word' id='word_1_651' title='bbox 881 4622 1025 4687; x_wconf 84' lang='grc' dir='ltr'>Θεὸς</span> <span class='ocrx_word' id='word_1_652' title='bbox 1058 4621 1167 4673; x_wconf 84' lang='grc' dir='ltr'><strong>τὸν</strong></span> <span class='ocrx_word' id='word_1_653' title='bbox 1197 4622 1414 4689; x_wconf 81' lang='grc' dir='ltr'>θρόνον</span> <span class='ocrx_word' id='word_1_654' title='bbox 1432 4622 1614 4675; x_wconf 80' lang='grc' dir='ltr'>Δαυῒδ</span> <span class='ocrx_word' id='word_1_655' title='bbox 1645 4624 1750 4677; x_wconf 84' lang='grc' dir='ltr'>τοῦ</span> 
     </span>
    </p>
   </div>
   <div class='ocr_carea' id='block_1_94' title="bbox 1875 4619 2681 4694">
    <p class='ocr_par' dir='ltr' id='par_1_94' title="bbox 1877 4636 2681 4694">
     <span class='ocr_line' id='line_1_94' title="bbox 1877 4636 2681 4694; baseline 0.002 -5"><span class='ocrx_word' id='word_1_656' title='bbox 1877 4654 2002 4689; x_wconf 88' lang='lat' dir='ltr'><strong>num</strong></span> <span class='ocrx_word' id='word_1_657' title='bbox 2047 4636 2215 4691; x_wconf 75' lang='lat' dir='ltr'><strong>Iacob</strong></span> <span class='ocrx_word' id='word_1_658' title='bbox 2254 4639 2309 4691; x_wconf 88' lang='lat' dir='ltr'><strong>in</strong></span> <span class='ocrx_word' id='word_1_659' title='bbox 2340 4648 2593 4694; x_wconf 70' lang='lat' dir='ltr'><strong>mentum</strong></span> <span class='ocrx_word' id='word_1_660' title='bbox 2615 4638 2681 4692; x_wconf 86' lang='grc'><strong>³⁵.</strong></span> 
     </span>
    </p>
   </div>
   <div class='ocr_carea' id='block_1_95' title="bbox 191 4711 1751 4780">
    <p class='ocr_par' dir='ltr' id='par_1_95' title="bbox 191 4711 1751 4780">
     <span class='ocr_line' id='line_1_95' title="bbox 191 4711 1751 4780; baseline 0.004 -17"><span class='ocrx_word' id='word_1_661' title='bbox 191 4714 392 4780; x_wconf 71' lang='grc' dir='ltr'>πατρὸς</span> <span class='ocrx_word' id='word_1_662' title='bbox 408 4714 614 4777; x_wconf 83' lang='grc' dir='ltr'>αὐτοῦ,</span> <span class='ocrx_word' id='word_1_663' title='bbox 646 4714 741 4768; x_wconf 75' lang='grc' dir='ltr'><strong>καὶ</strong></span> <span class='ocrx_word' id='word_1_664' title='bbox 788 4714 1150 4779; x_wconf 72' lang='grc' dir='ltr'>βασιλεύσει</span> <span class='ocrx_word' id='word_1_665' title='bbox 1185 4715 1284 4769; x_wconf 73' lang='grc' dir='ltr'><strong>ἐπὶ</strong></span> <span class='ocrx_word' id='word_1_666' title='bbox 1309 4715 1415 4767; x_wconf 83' lang='grc' dir='ltr'><strong>τὸν</strong></span> <span class='ocrx_word' id='word_1_667' title='bbox 1442 4711 1614 4769; x_wconf 76' lang='grc' dir='ltr'>οἷκον</span> <span class='ocrx_word' id='word_1_668' title='bbox 1652 4716 1751 4769; x_wconf 72' lang='grc' dir='ltr'><strong>Ἰαο</strong></span> 
     </span>
    </p>
   </div>
   <div class='ocr_carea' id='block_1_96' title="bbox 191 4801 774 4871">
    <p class='ocr_par' dir='ltr' id='par_1_96' title="bbox 191 4801 774 4871">
     <span class='ocr_line' id='line_1_96' title="bbox 191 4801 774 4871; baseline 0.003 -16"><span class='ocrx_word' id='word_1_669' title='bbox 191 4801 297 4856; x_wconf 54' lang='lat' dir='ltr'><strong>nuit</strong></span> <span class='ocrx_word' id='word_1_670' title='bbox 320 4807 403 4871; x_wconf 84' lang='grc' dir='ltr'><strong>είς</strong></span> <span class='ocrx_word' id='word_1_671' title='bbox 434 4804 536 4859; x_wconf 74' lang='grc' dir='ltr'><strong>τὸν</strong></span> <span class='ocrx_word' id='word_1_672' title='bbox 568 4805 774 4859; x_wconf 78' lang='grc' dir='ltr'><strong>αἰῶνα.</strong></span> 
     </span>
    </p>
   </div>
   <div class='ocr_carea' id='block_1_97' title="bbox 200 4894 1744 4968">
    <p class='ocr_par' dir='ltr' id='par_1_97' title="bbox 200 4894 1744 4968">
     <span class='ocr_line' id='line_1_97' title="bbox 200 4894 1744 4968; baseline 0.005 -23"><span class='ocrx_word' id='word_1_673' title='bbox 200 4894 319 4948; x_wconf 79' lang='grc' dir='ltr'><strong>Ἐὰν</strong></span> <span class='ocrx_word' id='word_1_674' title='bbox 343 4898 721 4965; x_wconf 65' lang='grc' dir='ltr'><strong>φυλάξωνται</strong></span> <span class='ocrx_word' id='word_1_675' title='bbox 753 4901 807 4952; x_wconf 86' lang='lat' dir='ltr'><strong>ol</strong></span> <span class='ocrx_word' id='word_1_676' title='bbox 851 4900 974 4953; x_wconf 74' lang='grc' dir='ltr'>υἱοί</span> <span class='ocrx_word' id='word_1_677' title='bbox 1000 4914 1117 4954; x_wconf 89' lang='grc' dir='ltr'><strong>σου</strong></span> <span class='ocrx_word' id='word_1_678' title='bbox 1137 4898 1252 4967; x_wconf 79' lang='grc' dir='ltr'><strong>τὴν</strong></span> <span class='ocrx_word' id='word_1_679' title='bbox 1280 4898 1575 4967; x_wconf 79' lang='grc' dir='ltr'><strong>διαθήκην</strong></span> <span class='ocrx_word' id='word_1_680' title='bbox 1605 4916 1744 4968; x_wconf 82' lang='grc' dir='ltr'>μου.</span> 
     </span>
    </p>
   </div>
   <div class='ocr_carea' id='block_1_98' title="bbox 250 4988 1748 5063">
    <p class='ocr_par' dir='ltr' id='par_1_98' title="bbox 250 4988 1748 5063">
     <span class='ocr_line' id='line_1_98' title="bbox 250 4988 1748 5063; baseline 0.001 -21"><span class='ocrx_word' id='word_1_681' title='bbox 250 4988 679 5061; x_wconf 75' lang='grc' dir='ltr'>Καθεσθήσονται</span> <span class='ocrx_word' id='word_1_682' title='bbox 712 4992 798 5044; x_wconf 79' lang='grc' dir='ltr'><strong>ἐπ’</strong></span> <span class='ocrx_word' id='word_1_683' title='bbox 831 4992 991 5045; x_wconf 75' lang='grc' dir='ltr'>αὐτὸν</span> <span class='ocrx_word' id='word_1_684' title='bbox 1030 4991 1230 5063; x_wconf 82' lang='grc' dir='ltr'>δηλαδὴ</span> <span class='ocrx_word' id='word_1_685' title='bbox 1268 4992 1358 5043; x_wconf 81' lang='grc' dir='ltr'>τὸν</span> <span class='ocrx_word' id='word_1_686' title='bbox 1389 4990 1482 5044; x_wconf 76' lang='grc' dir='ltr'>τοῦ</span> <span class='ocrx_word' id='word_1_687' title='bbox 1515 4990 1748 5062; x_wconf 78' lang='grc' dir='ltr'>Χριστοῦ</span> 
     </span>
    </p>
   </div>
   <div class='ocr_carea' id='block_1_99' title="bbox 190 5078 1751 5154">
    <p class='ocr_par' dir='ltr' id='par_1_99' title="bbox 190 5078 1751 5154">
     <span class='ocr_line' id='line_1_99' title="bbox 190 5078 1751 5154; baseline 0.001 -21"><span class='ocrx_word' id='word_1_688' title='bbox 190 5078 357 5148; x_wconf 79' lang='grc' dir='ltr'>θρόνον</span> <span class='ocrx_word' id='word_1_689' title='bbox 390 5084 436 5135; x_wconf 85' lang='grc' dir='ltr'><strong>οί</strong></span> <span class='ocrx_word' id='word_1_690' title='bbox 471 5082 639 5137; x_wconf 78' lang='grc' dir='ltr'>αὑτοῦ</span> <span class='ocrx_word' id='word_1_691' title='bbox 689 5084 926 5154; x_wconf 79' lang='grc' dir='ltr'>μαθηταὶ</span> <span class='ocrx_word' id='word_1_692' title='bbox 960 5086 1052 5138; x_wconf 81' lang='grc' dir='ltr'><strong>καὶ</strong></span> <span class='ocrx_word' id='word_1_693' title='bbox 1082 5084 1349 5154; x_wconf 76' lang='grc' dir='ltr'>διάδοχοι·</span> <span class='ocrx_word' id='word_1_694' title='bbox 1398 5083 1539 5154; x_wconf 82' lang='grc' dir='ltr'>πλὴν</span> <span class='ocrx_word' id='word_1_695' title='bbox 1578 5084 1751 5148; x_wconf 74' lang='grc' dir='ltr'>οὐδεὶς</span> 
     </span>
    </p>
   </div>
   <div class='ocr_carea' id='block_1_100' title="bbox 194 5170 1751 5241">
    <p class='ocr_par' dir='ltr' id='par_1_100' title="bbox 194 5170 1751 5241">
     <span class='ocr_line' id='line_1_100' title="bbox 194 5170 1751 5241; baseline 0.002 -17"><span class='ocrx_word' id='word_1_696' title='bbox 194 5171 365 5241; x_wconf 68' lang='grc' dir='ltr'>φθόνος</span> <span class='ocrx_word' id='word_1_697' title='bbox 392 5178 481 5230; x_wconf 72' lang='grc' dir='ltr'><strong>καὶ</strong></span> <span class='ocrx_word' id='word_1_698' title='bbox 512 5178 623 5238; x_wconf 85' lang='grc' dir='ltr'>τοῖς</span> <span class='ocrx_word' id='word_1_699' title='bbox 656 5179 766 5239; x_wconf 80' lang='grc' dir='ltr'>σοῖς</span> <span class='ocrx_word' id='word_1_700' title='bbox 793 5178 950 5240; x_wconf 78' lang='grc' dir='ltr'>υἱοῖς.</span> <span class='ocrx_word' id='word_1_701' title='bbox 979 5170 1024 5229; x_wconf 82' lang='grc' dir='ltr'><strong>ὦ</strong></span> <span class='ocrx_word' id='word_1_702' title='bbox 1057 5175 1239 5241; x_wconf 76' lang='grc' dir='ltr'>Δαυῒδ,</span> <span class='ocrx_word' id='word_1_703' title='bbox 1274 5176 1519 5227; x_wconf 80' lang='grc' dir='ltr'>τουτέστι</span> <span class='ocrx_word' id='word_1_704' title='bbox 1547 5178 1656 5238; x_wconf 83' lang='grc' dir='ltr'>τοῖς</span> <span class='ocrx_word' id='word_1_705' title='bbox 1686 5178 1751 5228; x_wconf 80' lang='grc' dir='ltr'><strong>ὲκ</strong></span> 
     </span>
    </p>
   </div>
   <div class='ocr_carea' id='block_1_101' title="bbox 192 5266 1749 5338">
    <p class='ocr_par' dir='ltr' id='par_1_101' title="bbox 192 5266 1749 5338">
     <span class='ocr_line' id='line_1_101' title="bbox 192 5266 1749 5338; baseline 0.003 -21"><span class='ocrx_word' id='word_1_706' title='bbox 192 5268 488 5338; x_wconf 78' lang='grc' dir='ltr'>περιτομῆς,</span> <span class='ocrx_word' id='word_1_707' title='bbox 520 5267 612 5323; x_wconf 80' lang='grc' dir='ltr'><strong>καὶ</strong></span> <span class='ocrx_word' id='word_1_708' title='bbox 652 5270 700 5321; x_wconf 84' lang='grc' dir='ltr'><strong>εί</strong></span> <span class='ocrx_word' id='word_1_709' title='bbox 733 5267 1117 5337; x_wconf 74' lang='grc' dir='ltr'>παραδέξοιντο</span> <span class='ocrx_word' id='word_1_710' title='bbox 1158 5266 1250 5320; x_wconf 80' lang='grc' dir='ltr'>τὸν</span> <span class='ocrx_word' id='word_1_711' title='bbox 1287 5268 1541 5338; x_wconf 74' lang='grc' dir='ltr'>Χριστόν,</span> <span class='ocrx_word' id='word_1_712' title='bbox 1578 5268 1672 5321; x_wconf 75' lang='grc' dir='ltr'><strong>καὶ</strong></span> <span class='ocrx_word' id='word_1_713' title='bbox 1701 5270 1749 5322; x_wconf 83' lang='grc' dir='ltr'><strong>εἰ</strong></span> 
     </span>
    </p>
   </div>
   <div class='ocr_carea' id='block_1_102' title="bbox 193 5359 1745 5432">
    <p class='ocr_par' dir='ltr' id='par_1_102' title="bbox 193 5359 1745 5432">
     <span class='ocr_line' id='line_1_102' title="bbox 193 5359 1745 5432; baseline 0.004 -24"><span class='ocrx_word' id='word_1_714' title='bbox 193 5359 483 5425; x_wconf 72' lang='grc' dir='ltr'>φυλάξοιντο</span> <span class='ocrx_word' id='word_1_715' title='bbox 513 5362 610 5431; x_wconf 80' lang='grc' dir='ltr'>τὴν</span> <span class='ocrx_word' id='word_1_716' title='bbox 659 5360 924 5431; x_wconf 75' lang='grc' dir='ltr'>διαθήκην</span> <span class='ocrx_word' id='word_1_717' title='bbox 960 5378 1057 5430; x_wconf 87' lang='grc' dir='ltr'><strong>μου</strong></span> <span class='ocrx_word' id='word_1_718' title='bbox 1088 5360 1181 5413; x_wconf 77' lang='grc' dir='ltr'><strong>καὶ</strong></span> <span class='ocrx_word' id='word_1_719' title='bbox 1216 5359 1283 5412; x_wconf 75' lang='grc' dir='ltr'><strong>τὰ</strong></span> <span class='ocrx_word' id='word_1_720' title='bbox 1312 5359 1589 5432; x_wconf 85' lang='grc' dir='ltr'>μαρτύριά</span> <span class='ocrx_word' id='word_1_721' title='bbox 1620 5378 1745 5431; x_wconf 89' lang='grc' dir='ltr'>μου,</span> 
     </span>
    </p>
   </div>
   <div class='ocr_carea' id='block_1_103' title="bbox 191 5451 1744 5525">
    <p class='ocr_par' dir='ltr' id='par_1_103' title="bbox 191 5451 1744 5525">
     <span class='ocr_line' id='line_1_103' title="bbox 191 5451 1744 5525; baseline 0.004 -23"><span class='ocrx_word' id='word_1_722' title='bbox 191 5451 243 5503; x_wconf 73' lang='grc' dir='ltr'>οὐ</span> <span class='ocrx_word' id='word_1_723' title='bbox 275 5451 338 5504; x_wconf 73' lang='grc' dir='ltr'><strong>τὰ</strong></span> <span class='ocrx_word' id='word_1_724' title='bbox 376 5452 461 5506; x_wconf 78' lang='grc' dir='ltr'>διὰ</span> <span class='ocrx_word' id='word_1_725' title='bbox 502 5454 602 5523; x_wconf 83' lang='grc' dir='ltr'>τῆς</span> <span class='ocrx_word' id='word_1_726' title='bbox 651 5451 877 5525; x_wconf 80' lang='grc' dir='ltr'>πρώτης</span> <span class='ocrx_word' id='word_1_727' title='bbox 917 5451 1235 5523; x_wconf 86' lang='grc' dir='ltr'>νομοθεσίας</span> <span class='ocrx_word' id='word_1_728' title='bbox 1280 5453 1560 5524; x_wconf 80' lang='grc' dir='ltr'>δεδομένα,</span> <span class='ocrx_word' id='word_1_729' title='bbox 1608 5452 1744 5508; x_wconf 77' lang='grc' dir='ltr'>ἀλλὰ</span> 
     </span>
    </p>
   </div>
   <div class='ocr_carea' id='block_1_104' title="bbox 190 5542 1743 5617">
    <p class='ocr_par' dir='ltr' id='par_1_104' title="bbox 190 5542 1743 5617">
     <span class='ocr_line' id='line_1_104' title="bbox 190 5542 1743 5617; baseline 0.003 -23"><span class='ocrx_word' id='word_1_730' title='bbox 190 5542 342 5595; x_wconf 72' lang='grc' dir='ltr'>ταῦτα</span> <span class='ocrx_word' id='word_1_731' title='bbox 367 5545 400 5598; x_wconf 78' lang='grc' dir='ltr'>ἃ,</span> <span class='ocrx_word' id='word_1_732' title='bbox 425 5545 615 5613; x_wconf 74' lang='grc' dir='ltr'>διδάξω</span> <span class='ocrx_word' id='word_1_733' title='bbox 634 5546 857 5610; x_wconf 78' lang='grc' dir='ltr'>αὐτοὺς,</span> <span class='ocrx_word' id='word_1_734' title='bbox 891 5544 1148 5615; x_wconf 80' lang='grc' dir='ltr'>μέλλοντα</span> <span class='ocrx_word' id='word_1_735' title='bbox 1176 5546 1358 5609; x_wconf 83' lang='grc' dir='ltr'>αὐτοῖς</span> <span class='ocrx_word' id='word_1_736' title='bbox 1387 5545 1613 5617; x_wconf 77' lang='grc' dir='ltr'>ὕστερόν</span> <span class='ocrx_word' id='word_1_737' title='bbox 1645 5564 1743 5599; x_wconf 84' lang='grc' dir='ltr'>πο-</span> 
     </span>
    </p>
   </div>
   <div class='ocr_carea' id='block_1_105' title="bbox 190 5636 1749 5710">
    <p class='ocr_par' dir='ltr' id='par_1_105' title="bbox 190 5636 1749 5710">
     <span class='ocr_line' id='line_1_105' title="bbox 190 5636 1749 5710; baseline 0.003 -25"><span class='ocrx_word' id='word_1_738' title='bbox 190 5646 242 5685; x_wconf 71' lang='grc' dir='ltr'><strong>τε</strong></span> <span class='ocrx_word' id='word_1_739' title='bbox 268 5636 724 5710; x_wconf 80' lang='grc' dir='ltr'>παραδοθήσεσθαι</span> <span class='ocrx_word' id='word_1_740' title='bbox 772 5637 864 5691; x_wconf 83' lang='grc' dir='ltr'><strong>διὰ</strong></span> <span class='ocrx_word' id='word_1_741' title='bbox 900 5636 999 5706; x_wconf 79' lang='grc' dir='ltr'>τῆς</span> <span class='ocrx_word' id='word_1_742' title='bbox 1026 5637 1217 5706; x_wconf 71' lang='grc' dir='ltr'>καινῆς</span> <span class='ocrx_word' id='word_1_743' title='bbox 1250 5636 1533 5709; x_wconf 76' lang='grc' dir='ltr'>διαθήκης·</span> <span class='ocrx_word' id='word_1_744' title='bbox 1567 5638 1615 5689; x_wconf 81' lang='grc' dir='ltr'><strong>εί</strong></span> <span class='ocrx_word' id='word_1_745' title='bbox 1641 5637 1749 5708; x_wconf 79' lang='grc' dir='ltr'><strong>γὰρ</strong></span> 
     </span>
    </p>
   </div>
   <div class='ocr_carea' id='block_1_106' title="bbox 190 5724 1763 5853">
    <p class='ocr_par' dir='ltr' id='par_1_106' title="bbox 190 5724 1763 5853">
     <span class='ocr_line' id='line_1_106' title="bbox 190 5724 223 5765; baseline 0 0"><span class='ocrx_word' id='word_1_746' title='bbox 190 5724 223 5765; x_wconf 69' lang='grc' dir='ltr'><strong>ι</strong></span> 
     </span>
     <span class='ocr_line' id='line_1_107' title="bbox 255 5774 1763 5853; baseline 0.007 -26"><span class='ocrx_word' id='word_1_747' title='bbox 255 5774 295 5807; x_wconf 83' lang='grc'><strong>⁸³</strong></span> <span class='ocrx_word' id='word_1_748' title='bbox 319 5775 449 5832; x_wconf 76' lang='lat' dir='ltr'><strong>Psal.</strong></span> <span class='ocrx_word' id='word_1_749' title='bbox 484 5797 661 5853; x_wconf 75' lang='lat' dir='ltr'><strong>curs,</strong></span> <span class='ocrx_word' id='word_1_750' title='bbox 693 5783 751 5837; x_wconf 64' lang='lat'><strong>.5.</strong></span> <span class='ocrx_word' id='word_1_751' title='bbox 835 5783 877 5813; x_wconf 71' lang='lat'><strong>“</strong></span> <span class='ocrx_word' id='word_1_752' title='bbox 898 5780 1059 5836; x_wconf 80' lang='lat' dir='ltr'><strong>llchr.</strong></span> <span class='ocrx_word' id='word_1_753' title='bbox 1092 5795 1164 5845; x_wconf 80' lang='lat' dir='ltr'><strong>vr,</strong></span> <span class='ocrx_word' id='word_1_754' title='bbox 1194 5779 1279 5836; x_wconf 85' lang='lat' dir='ltr'><strong>l8.</strong></span> <span class='ocrx_word' id='word_1_755' title='bbox 1358 5783 1401 5813; x_wconf 86' lang='grc'><strong>³⁵</strong></span> <span class='ocrx_word' id='word_1_756' title='bbox 1431 5782 1563 5838; x_wconf 83' lang='lat' dir='ltr'><strong>Luc.</strong></span> <span class='ocrx_word' id='word_1_757' title='bbox 1610 5800 1644 5847; x_wconf 81' lang='grc' dir='ltr'><strong>ι,</strong></span> <span class='ocrx_word' id='word_1_758' title='bbox 1676 5783 1763 5838; x_wconf 75' lang='lat'><strong>&#39;52.</strong></span> 
     </span>
    </p>
   </div>
   <div class='ocr_carea' id='block_1_107' title="bbox 1860 4896 3442 4972">
    <p class='ocr_par' dir='ltr' id='par_1_107' title="bbox 1860 4896 3442 4972">
     <span class='ocr_line' id='line_1_108' title="bbox 1860 4896 3442 4972; baseline 0.005 -21"><span class='ocrx_word' id='word_1_759' title='bbox 1860 4896 2029 4952; x_wconf 66' lang='lat' dir='ltr'><strong>Vens.</strong></span> <span class='ocrx_word' id='word_1_760' title='bbox 2056 4899 2144 4953; x_wconf 74' lang='grc'><strong>12.</strong></span> <span class='ocrx_word' id='word_1_761' title='bbox 2169 4899 2224 4955; x_wconf 87' lang='lat' dir='ltr'><strong>Si</strong></span> <span class='ocrx_word' id='word_1_762' title='bbox 2250 4903 2710 4972; x_wconf 81' lang='lat' dir='ltr'><strong>custodierintﬁlii</strong></span> <span class='ocrx_word' id='word_1_763' title='bbox 2737 4903 2815 4957; x_wconf 87' lang='lat' dir='ltr'><strong>tui</strong></span> <span class='ocrx_word' id='word_1_764' title='bbox 2841 4910 3205 4956; x_wconf 81' lang='lat' dir='ltr'><strong>testamentum</strong></span> <span class='ocrx_word' id='word_1_765' title='bbox 3246 4917 3442 4960; x_wconf 84' lang='lat' dir='ltr'><strong>meum.</strong></span> 
     </span>
    </p>
   </div>
   <div class='ocr_carea' id='block_1_108' title="bbox 1932 4988 3444 5063">
    <p class='ocr_par' dir='ltr' id='par_1_108' title="bbox 1932 4988 3444 5063">
     <span class='ocr_line' id='line_1_109' title="bbox 1932 4988 3444 5063; baseline 0.002 -19"><span class='ocrx_word' id='word_1_766' title='bbox 1932 4988 2210 5047; x_wconf 85' lang='lat' dir='ltr'><strong>Sedebunt</strong></span> <span class='ocrx_word' id='word_1_767' title='bbox 2267 5008 2433 5063; x_wconf 84' lang='lat' dir='ltr'><strong>super</strong></span> <span class='ocrx_word' id='word_1_768' title='bbox 2495 4996 2615 5063; x_wconf 84' lang='lat' dir='ltr'><strong>ipso</strong></span> <span class='ocrx_word' id='word_1_769' title='bbox 2678 4996 2932 5050; x_wconf 85' lang='lat' dir='ltr'><strong>videlicet</strong></span> <span class='ocrx_word' id='word_1_770' title='bbox 2983 4993 3185 5047; x_wconf 87' lang='lat' dir='ltr'><strong>Christi</strong></span> <span class='ocrx_word' id='word_1_771' title='bbox 3246 4996 3444 5047; x_wconf 87' lang='lat' dir='ltr'><strong>throno</strong></span> 
     </span>
    </p>
   </div>
   <div class='ocr_carea' id='block_1_109' title="bbox 1860 5079 3441 5152">
    <p class='ocr_par' dir='ltr' id='par_1_109' title="bbox 1860 5079 3441 5152">
     <span class='ocr_line' id='line_1_110' title="bbox 1860 5079 3441 5152; baseline 0.006 -23"><span class='ocrx_word' id='word_1_772' title='bbox 1860 5079 2113 5150; x_wconf 69' lang='lat' dir='ltr'><strong>discxpuli</strong></span> <span class='ocrx_word' id='word_1_773' title='bbox 2161 5083 2281 5152; x_wconf 86' lang='lat' dir='ltr'><strong>ejus</strong></span> <span class='ocrx_word' id='word_1_774' title='bbox 2307 5099 2372 5139; x_wconf 88' lang='lat' dir='ltr'><strong>ac</strong></span> <span class='ocrx_word' id='word_1_775' title='bbox 2404 5100 2777 5141; x_wconf 89' lang='lat' dir='ltr'><strong>successores.</strong></span> <span class='ocrx_word' id='word_1_776' title='bbox 2818 5083 3205 5139; x_wconf 80' lang='lat' dir='ltr'><strong>Verumtamen</strong></span> <span class='ocrx_word' id='word_1_777' title='bbox 3258 5099 3325 5137; x_wconf 92' lang='lat' dir='ltr'><strong>ne</strong></span> <span class='ocrx_word' id='word_1_778' title='bbox 3366 5084 3441 5139; x_wconf 91' lang='lat' dir='ltr'><strong>tui</strong></span> 
     </span>
    </p>
   </div>
   <div class='ocr_carea' id='block_1_110' title="bbox 1860 5173 3444 5243">
    <p class='ocr_par' dir='ltr' id='par_1_110' title="bbox 1860 5173 3444 5243">
     <span class='ocr_line' id='line_1_111' title="bbox 1860 5173 3444 5243; baseline 0.004 -19"><span class='ocrx_word' id='word_1_779' title='bbox 1860 5173 2079 5240; x_wconf 89' lang='lat' dir='ltr'><strong>quidem</strong></span> <span class='ocrx_word' id='word_1_780' title='bbox 2118 5174 2237 5243; x_wconf 85' lang='lat' dir='ltr'><strong>ﬁlii,</strong></span> <span class='ocrx_word' id='word_1_781' title='bbox 2263 5191 2296 5232; x_wconf 94' lang='grc' dir='ltr'><strong>ο</strong></span> <span class='ocrx_word' id='word_1_782' title='bbox 2336 5176 2528 5243; x_wconf 87' lang='lat' dir='ltr'><strong>David,</strong></span> <span class='ocrx_word' id='word_1_783' title='bbox 2562 5177 2670 5233; x_wconf 92' lang='lat' dir='ltr'><strong>ulla</strong></span> <span class='ocrx_word' id='word_1_784' title='bbox 2726 5192 2784 5231; x_wconf 86' lang='lat' dir='ltr'><strong>re</strong></span> <span class='ocrx_word' id='word_1_785' title='bbox 2829 5175 3245 5240; x_wconf 85' lang='lat' dir='ltr'><strong>fraudabuntur,</strong></span> <span class='ocrx_word' id='word_1_786' title='bbox 3280 5176 3330 5230; x_wconf 86' lang='lat' dir='ltr'><strong>id</strong></span> <span class='ocrx_word' id='word_1_787' title='bbox 3360 5186 3444 5231; x_wconf 84' lang='lat' dir='ltr'><strong>est</strong></span> 
     </span>
    </p>
   </div>
   <div class='ocr_carea' id='block_1_111' title="bbox 1858 5264 3444 5338">
    <p class='ocr_par' dir='ltr' id='par_1_111' title="bbox 1858 5264 3444 5338">
     <span class='ocr_line' id='line_1_112' title="bbox 1858 5264 3444 5338; baseline 0.004 -22"><span class='ocrx_word' id='word_1_788' title='bbox 1858 5264 2304 5324; x_wconf 89' lang='lat' dir='ltr'><strong>circumcisionis</strong></span> <span class='ocrx_word' id='word_1_789' title='bbox 2338 5270 2580 5335; x_wconf 68' lang='lat' dir='ltr'><strong>asseclaa,</strong></span> <span class='ocrx_word' id='word_1_790' title='bbox 2620 5272 2663 5325; x_wconf 90' lang='lat' dir='ltr'><strong>si</strong></span> <span class='ocrx_word' id='word_1_791' title='bbox 2696 5272 2854 5324; x_wconf 92' lang='lat' dir='ltr'><strong>modo</strong></span> <span class='ocrx_word' id='word_1_792' title='bbox 2894 5268 3172 5324; x_wconf 88' lang='lat' dir='ltr'><strong>Christum</strong></span> <span class='ocrx_word' id='word_1_793' title='bbox 3222 5283 3444 5338; x_wconf 82' lang='lat' dir='ltr'><strong>recepe-</strong></span> 
     </span>
    </p>
   </div>
   <div class='ocr_carea' id='block_1_112' title="bbox 1858 5357 3438 5437">
    <p class='ocr_par' dir='ltr' id='par_1_112' title="bbox 1858 5357 3438 5437">
     <span class='ocr_line' id='line_1_113' title="bbox 1858 5357 3438 5437; baseline 0.003 -27"><span class='ocrx_word' id='word_1_794' title='bbox 1858 5357 1993 5425; x_wconf 91' lang='lat' dir='ltr'><strong>rint,</strong></span> <span class='ocrx_word' id='word_1_795' title='bbox 2036 5370 2092 5414; x_wconf 86' lang='lat' dir='ltr'><strong>et</strong></span> <span class='ocrx_word' id='word_1_796' title='bbox 2118 5373 2334 5430; x_wconf 89' lang='lat' dir='ltr'><strong>pactum</strong></span> <span class='ocrx_word' id='word_1_797' title='bbox 2386 5378 2565 5437; x_wconf 80' lang='lat' dir='ltr'><strong>meum</strong></span> <span class='ocrx_word' id='word_1_798' title='bbox 2612 5378 2679 5419; x_wconf 88' lang='lat' dir='ltr'><strong>ac</strong></span> <span class='ocrx_word' id='word_1_799' title='bbox 2727 5362 3037 5417; x_wconf 87' lang='lat' dir='ltr'><strong>testimonia</strong></span> <span class='ocrx_word' id='word_1_800' title='bbox 3077 5361 3438 5425; x_wconf 85' lang='lat' dir='ltr'><strong>servaverint,</strong></span> 
     </span>
    </p>
   </div>
   <div class='ocr_carea' id='block_1_113' title="bbox 1856 5453 3438 5526">
    <p class='ocr_par' dir='ltr' id='par_1_113' title="bbox 1856 5453 3438 5526">
     <span class='ocr_line' id='line_1_114' title="bbox 1856 5453 3438 5526; baseline 0.001 -21"><span class='ocrx_word' id='word_1_801' title='bbox 1856 5466 1964 5506; x_wconf 92' lang='lat' dir='ltr'><strong>non</strong></span> <span class='ocrx_word' id='word_1_802' title='bbox 1995 5453 2086 5507; x_wconf 91' lang='lat' dir='ltr'><strong>illa</strong></span> <span class='ocrx_word' id='word_1_803' title='bbox 2112 5456 2178 5509; x_wconf 88' lang='lat' dir='ltr'><strong>ad</strong></span> <span class='ocrx_word' id='word_1_804' title='bbox 2205 5457 2447 5525; x_wconf 87' lang='lat' dir='ltr'><strong>priorem</strong></span> <span class='ocrx_word' id='word_1_805' title='bbox 2503 5456 2902 5526; x_wconf 85' lang='lat' dir='ltr'><strong>legislationem</strong></span> <span class='ocrx_word' id='word_1_806' title='bbox 2944 5454 3301 5525; x_wconf 89' lang='lat' dir='ltr'><strong>pertinentia,</strong></span> <span class='ocrx_word' id='word_1_807' title='bbox 3343 5455 3438 5507; x_wconf 87' lang='lat' dir='ltr'><strong>sed</strong></span> 
     </span>
    </p>
   </div>
   <div class='ocr_carea' id='block_1_114' title="bbox 1855 5544 3439 5619">
    <p class='ocr_par' dir='ltr' id='par_1_114' title="bbox 1855 5544 3439 5619">
     <span class='ocr_line' id='line_1_115' title="bbox 1855 5544 3439 5619; baseline 0.001 -20"><span class='ocrx_word' id='word_1_808' title='bbox 1855 5560 1918 5599; x_wconf 87' lang='lat' dir='ltr'><strong>ea</strong></span> <span class='ocrx_word' id='word_1_809' title='bbox 1956 5562 2077 5617; x_wconf 74' lang='lat' dir='ltr'><strong>qua:</strong></span> <span class='ocrx_word' id='word_1_810' title='bbox 2110 5549 2307 5604; x_wconf 87' lang='lat' dir='ltr'><strong>deinde</strong></span> <span class='ocrx_word' id='word_1_811' title='bbox 2339 5550 2485 5619; x_wconf 87' lang='lat' dir='ltr'><strong>ipsos</strong></span> <span class='ocrx_word' id='word_1_812' title='bbox 2515 5550 2744 5613; x_wconf 88' lang='lat' dir='ltr'><strong>docebo,</strong></span> <span class='ocrx_word' id='word_1_813' title='bbox 2786 5563 3013 5619; x_wconf 75' lang='lat' dir='ltr'><strong>qua:un</strong></span> <span class='ocrx_word' id='word_1_814' title='bbox 3049 5547 3172 5603; x_wconf 93' lang='lat' dir='ltr'><strong>novi</strong></span> <span class='ocrx_word' id='word_1_815' title='bbox 3215 5544 3439 5600; x_wconf 72' lang='lat' dir='ltr'><strong>fmderis</strong></span> 
     </span>
    </p>
   </div>
   <div class='ocr_carea' id='block_1_115' title="bbox 1861 5642 3439 5710">
    <p class='ocr_par' dir='ltr' id='par_1_115' title="bbox 1861 5642 3439 5710">
     <span class='ocr_line' id='line_1_116' title="bbox 1861 5642 3439 5710; baseline 0.003 -17"><span class='ocrx_word' id='word_1_816' title='bbox 1861 5648 2106 5710; x_wconf 86' lang='lat' dir='ltr'><strong>tempore</strong></span> <span class='ocrx_word' id='word_1_817' title='bbox 2162 5643 2421 5699; x_wconf 85' lang='lat' dir='ltr'><strong>tradenda</strong></span> <span class='ocrx_word' id='word_1_818' title='bbox 2463 5652 2611 5701; x_wconf 89' lang='lat' dir='ltr'><strong>sunt.</strong></span> <span class='ocrx_word' id='word_1_819' title='bbox 2647 5642 2886 5699; x_wconf 88' lang='lat' dir='ltr'><strong>Omnino</strong></span> <span class='ocrx_word' id='word_1_820' title='bbox 2926 5643 2973 5698; x_wconf 89' lang='lat' dir='ltr'><strong>si</strong></span> <span class='ocrx_word' id='word_1_821' title='bbox 3023 5642 3138 5696; x_wconf 71' lang='lat' dir='ltr'><strong>haec</strong></span> <span class='ocrx_word' id='word_1_822' title='bbox 3183 5649 3439 5697; x_wconf 75' lang='lat' dir='ltr'><strong>servave-</strong></span> 
     </span>
    </p>
   </div>
  </div>
