4100 6286
650 317 721 377 31
1322 320 1592 380 EUSEBII
1625 314 2106 380 CESARIENSIS
2142 313 2204 372 01

2334 310 2515 369 PARS
2554 308 2642 368 Ill.
2676 345 2743 357 —
2779 310 3187 370 EXEGETICA.
3830 312 3904 368 62

653 435 795 488 lente
822 434 931 488 Deo
962 434 1029 489 ad
1056 435 1426 493 exsistendum
1454 440 1736 508 perducta.
1787 437 1844 493 Si
1875 436 2003 507 quid
2033 445 2204 490 tamen

2322 431 2736 504 θελήματιΘεοῦ
2751 431 3090 504 γεγενημένα
3109 449 3123 461 ·
3153 432 3202 484 εί
3233 429 3291 484 δέ
3315 431 3368 484 τί
3402 431 3550 482 ἐστιν
3576 429 3634 482 ἐν
3657 428 3900 503 οὐρανῷ,

649 532 736 580 est
775 526 828 580 in
866 527 1029 590 cmlo,
1063 527 1222 582 veluti
1250 530 1512 596 spiritalia
1547 530 1822 600 nequitia,
1847 538 1944 582 aut
1976 527 2030 582 in
2059 535 2224 588 terra,

2325 526 2400 590 ὡς
2436 526 2504 579 τὰ
2537 523 2878 594 πνευματικὰ
2907 525 3005 590 τῆς
3039 523 3320 595 πονηρίας.
3356 524 3388 594 ἢ
3421 525 3479 577 ἐν
3519 526 3586 596 τῇ
3629 528 3698 596 γῇ
3731 526 3806 590 ὡς
3845 527 3904 578 οἱ

651 616 816 671 veluti
867 618 1114 672 homines
1159 627 1489 687 peccatores,
1541 629 1637 675 aut
1683 621 1736 675 in
1785 618 2047 684 maribus,
2081 619 2202 675 velu

2325 618 2637 690 ἁμαρτωλοὶ
2652 617 2998 689 άνθρωποι,ῆ
3034 617 3092 668 ἐν
3120 619 3240 679 ταῖς
3281 616 3599 685 θαλάσσαις,
3633 616 3709 682 ὠς
3736 620 3770 688 ἡ
3799 618 3902 672 τοῦ

647 708 900 763 draconis
942 707 1271 776 improbitas,
1306 717 1398 765 aut
1438 711 1489 764 in
1530 711 1763 784 sbyssis,
1793 712 1941 767 velut
1961 711 2204 781 iniquita:

2323 710 2614 782 δράκοντος
2642 708 2828 773 κακία,
2861 709 2894 780 ἢ
2930 711 2988 761 ἐν
3038 711 3158 771 ταῖς
3193 707 3454 773 ἀϐύσσοις
3482 709 3559 772 ὡς
3596 711 3631 780 ὴ
3663 710 3907 780 πονηρία.

647 798 1000 854 ωειεειοτυηι
1058 798 1292 865 illorum,
1344 801 1437 872 qui
1486 802 1611 859 illuc
1663 804 1816 859 abire
1853 803 1991 873 jussi
2051 811 2220 868 sunt;

649 889 807 958 haec,
868 893 1120 962 inquam,
1170 893 1310 949 Deus
1363 911 1468 950 non
1522 895 1702 952 eﬂecit
1759 897 2040 952 voluntate
2097 911 2217 951 sua.

653 981 894 1053 Namque
921 997 987 1039 ex
1021 998 1119 1040 ore
1147 982 1360 1042 Domini
1395 987 1537 1044 haud
1571 987 1862 1059 prodibunt
1889 986 2026 1041 mala
2059 986 2220 1043 simul

643 1084 700 1130 et
752 1076 972 1133 bonum.

757 1165 921 1224 Vens.
953 1169 1010 1226 7.
1046 1169 1150 1236 Qui
1182 1172 1358 1226 educit
1391 1178 1568 1227 ventos
1595 1171 1659 1225 de
1691 1172 1954 1226 thesauris
1988 1172 2118 1226 suis.

719 1260 853 1316 Dum
903 1263 994 1320 hic
1039 1264 1175 1321 dicit
1233 1270 1556 1330 thesauros.
1621 1268 1766 1323 haud
1814 1283 1946 1322 sane
2014 1269 2217 1323 indicat

646 1355 907 1422 quosdam
959 1371 1081 1412 esse
1136 1364 1420 1412 ventorum
1460 1358 1783 1426 thesauros,
1830 1359 1925 1414 sed
1971 1357 2215 1427 jubentis

644 1446 826 1515 potius
856 1448 1214 1511 celeritatem,
1247 1458 1302 1502 et
1336 1451 1413 1503 rei
1457 1464 1724 1520 possessa:
1756 1458 2002 1520 paratam
2042 1449 2215 1504 facili-

644 1547 834 1593 tatem.
878 1540 1030 1596 Sicut
1063 1542 1205 1598 enim
1235 1542 1326 1612 qui
1361 1543 1674 1598 thesaurum
1726 1544 1866 1614 apud
1913 1558 1972 1598 se
2022 1541 2208 1608 habet,

643 1629 896 1699 expedite
947 1631 1269 1700 admodum,
1323 1634 1753 1704 quotiescunque
1815 1634 1962 1701 vult,
2015 1643 2208 1688 cuncta

2320 801 2428 855 τῶν
2480 801 2976 872 προστασσομὲνων
3014 799 3131 852 ἐκεῖ
3175 799 3428 853 ἀπελθεῖν
3481 797 3684 862 κακῶν,
3737 799 3906 853 τοῦτο

2319 892 2417 962 οὐχ
2444 893 2472 945 6
2503 891 2634 956 Θεὸς
2661 891 2880 962 ἐποίησε
2910 889 2986 960 τῷ
3014 888 3279 960 θελήματι
3310 890 3474 944 αὑτοῦ
3499 907 3512 920 ·
3545 893 3608 944 ἐκ
3639 890 3746 961 γάρ
3773 891 3905 944 στό-

2323 997 2490 1050 ματος
2534 979 2736 1051 Κυρίου
2786 980 2887 1034 οὐκ
2953 979 3296 1046 ἐξελεύσεται
3346 991 3418 1036 τα
3477 981 3624 1035 κακά
3677 981 3773 1036 καὶ
3831 979 3902 1036 τὸ

2317 1072 2541 1142 ἀγαθόν.

2468 1167 2522 1217 Ὀ
2549 1163 2782 1234 ἐξάγων
2809 1163 3068 1233 ἀνέμους
3093 1164 3161 1217 ἐκ
3193 1163 3513 1232 θησαυρῶν
3543 1166 3746 1222 αὐτοῦ.

2387 1255 2459 1307 Τὸ
2483 1256 2657 1309 εἰπεῖν
2688 1256 2752 1310 ἐκ
2784 1255 3093 1327 θησαυρῶν.
3120 1255 3180 1308 ού
3205 1254 3364 1308 τοῦτο
3405 1255 3558 1327 δηλοῖ
3581 1259 3663 1311 ὅτι
3688 1257 3901 1329 θησαυ-

2319 1345 2399 1415 ροί
2435 1347 2577 1409 τινές
2609 1347 2714 1399 εισι
2741 1345 2848 1400 τῶν
2881 1346 3118 1417 ἀνέμων,
3159 1346 3296 1401 ἀλλά
3321 1346 3382 1399 τὸ
3413 1347 3628 1416 ἕτοιμον
3653 1348 3744 1401 τοῦ
3769 1350 3898 1402 ἐπι-

2312 1436 2618 1501 τάττοντος,
2650 1435 2712 1488 τὸ
2742 1435 2963 1490 εὔκολον
3002 1436 3102 1507 τῆς
3151 1437 3396 1507 κτήσεως
3442 1437 3897 1509 παρεσκευασμέ-

2315 1542 2434 1578 νονο
2487 1525 2675 1599 ὥσπερ
2721 1526 2786 1580 ἂν
2837 1528 2867 1579 6
2920 1527 2978 1579 ἐν
3026 1525 3285 1598 θησαυρῷ
3333 1527 3471 1596 ἔχων
3523 1528 3661 1597 μετά
3706 1526 3895 1591 ἀδείας

2311 1613 2495 1684 ἐξάγει
2527 1615 2703 1669 πάντα
2727 1616 2819 1669 καὶ
2840 1617 2926 1668 ὅτε
2955 1614 3226 1686 βούλεται,
3256 1615 3429 1680 οὕτως
3454 1617 3548 1670 καὶ
3569 1618 3597 1669 6
3623 1617 3714 1671 τοῦ
3745 1634 3888 1672 παν-

648 1717 777 1772 inde
812 1722 1053 1790 profert;
1102 1723 1174 1776 ita
1207 1732 1262 1778 et
1283 1725 1523 1778 omnium
1561 1721 1793 1779 Creator
1821 1735 2010 1779 cuncta
2054 1721 2204 1779 facile

2309 1708 2400 1773 τδς
2436 1709 2774 1780 Δημιουργὸς
2808 1709 2982 1762 πάντα
3007 1707 3242 1771 εὐκόλως
3273 1709 3493 1779 ἐποίησε
3523 1711 3616 1762 καὶ
3637 1713 3702 1782 τῇ
3727 1710 3890 1779 φύσει

638 1807 837 1877 eﬂ‘ecit,
868 1822 922 1865 et
949 1813 1015 1866 ad
1043 1815 1420 1870 exsistentiam
1447 1816 1714 1884 perduxit.

747 1899 912 1956 Vitas.
947 1902 1000 1957 8.
1052 1903 1158 1968 Qui
1195 1908 1452 1974 percussit
1481 1907 1828 1976 primogenita
1859 1905 2102 1978 Egypti.

709 1994 846 2060 Quia
879 1995 1118 2050 nonnulli
1165 1998 1432 2053 mundana
1467 2000 1836 2055 tantummodo
1870 2015 1934 2054 ac
1965 2000 2209 2056 celestia

636 2085 829 2141 dicunt
868 2087 1206 2156 providentis
1251 2089 1343 2144 Dei
1391 2089 1706 2156 κύδει-ηανξ,
1731 2089 2071 2146 demonstrat
2117 2092 2212 2145 hu-

641 2191 798 2230 mana
831 2193 1046 2247 quoque
1080 2193 1224 2234 cura;
1258 2195 1378 2236 esse
1403 2181 1604 2248 eidem,
1642 2182 1733 2250 qui
1761 2189 1817 2235 et
1844 2196 1988 2236 nunc
2017 2183 2209 2251 impios

638 2266 815 2333 punit,
861 2276 916 2321 et
965 2269 1175 2336 piorum
1225 2285 1401 2340 genus
1446 2271 1703 2341 protegit.
1752 2272 1857 2326 Sed
1893 2273 2037 2327 enim
2079 2273 2206 2327 olim

639 2355 856 2422 quidem
884 2358 1062 2426 portio
1091 2368 1209 2414 erat
1239 2362 1472 2429 Domini,
1500 2363 1552 2416 id
1586 2373 1668 2417 est
1699 2363 1794 2418 Dei
1825 2364 2007 2432 Verbi,
2040 2379 2208 2434 popu-

638 2446 724 2501 lus
767 2447 884 2514 ejus
934 2447 1139 2514 Jacob.
1182 2450 1453 2508 funiculus
1491 2455 1826 2510 hmreditatis
1874 2456 1991 2527 ejus
2019 2455 2202 2512 Israel.

637 2533 929 2604 Postquam
967 2553 1093 2594 vero
1127 2541 1197 2595 ob
1238 2557 1390 2596 suam
1435 2544 1892 2615 irreligiositatem
1947 2547 2034 2601 ille
2082 2562 2206 2617 pro-

633 2625 817 2694 lapsus
860 2629 1229 2694 est,_dictum
1272 2631 1374 2686 fuit
1422 2634 1714 2689 humanato
1744 2634 1926 2691 Verbo
1965 2655 1977 2691 :
2016 2637 2142 2693 Pete
2171 2657 2203 2692 a

634 2731 735 2781 me,
767 2727 814 2771 et
846 2719 980 2773 dabo
1012 2721 1107 2774 tibi
1135 2732 1310 2790 gentes
1341 2722 1697 2780 hereditatem
1729 2736 1872 2781 tuam
1895 2729 1960 2781 ”.

741 2893 902 2950 Vens.
937 2897 1025 2952 4.3.
1054 2897 1296 2966 Domine,
1327 2917 1514 2956 nomen
1548 2912 1694 2957 tuum
1734 2906 1788 2959 in
1822 2917 2096 2961 relernum.

704 2985 843 3040 Nihil
871 2997 1151 3059 tantopere
1185 2992 1252 3045 ad
1279 2993 1516 3048 divinam
1548 2994 1950 3052 Providentiam
1968 3011 2199 3069 spectat.

629 3093 793 3148 quam
835 3079 1028 3134 docere
1068 3081 1337 3146 homines.
1373 3099 1437 3138 ne
1467 3100 1648 3140 rerum
1689 3088 1828 3143 hanc
1862 3090 2188 3145 universita-
2228 3119 2270 3178 ο

633 3179 738 3224 tem
769 3172 886 3226 sine
920 3172 1285 3241 gubernatore
1317 3189 1436 3230 esse
1468 3178 1713 3235 credant.
1759 3179 1935 3243 Quare
1975 3191 2030 3235 et
2065 3197 2197 3237 con-

634 3263 786 3317 tinua
813 3263 952 3333 apud
991 3281 1090 3320 nos
1128 3275 1213 3321 est
1251 3267 1343 3321 Dei
1378 3271 1658 3332 memoria,
1684 3270 1838 3338 cujus
1871 3274 2203 3344 magnitudi-

630 3367 753 3407 nem
801 3369 831 3408 a
864 3356 1162 3424 majoribus
1208 3358 1353 3412 servi
1388 3358 1503 3428 ejus
1537 3359 1743 3425 edocti,
1797 3366 2084 3430 praesentia
2124 3367 2204 3420 di-

629 3460 753 3501 cere
787 3449 1004 3502 discunt
1037 3459 1092 3504 et
1121 3451 1345 3514 audent,
1397 3453 1532 3506 satis
1576 3454 1732 3523 gnari
1781 3454 1896 3509 fore
1930 3464 1987 3509 ut
2019 3472 2202 3512 recre-

628 3547 814 3606 entur,
846 3541 972 3610 quia
1016 3541 1280 3608 judicium
1315 3544 1405 3597 Iiet
1435 3545 1501 3599 de
1532 3547 1740 3616 reliquo
1771 3548 1987 3618 pnpulo,
2013 3566 2200 3605 eorum

628 3645 790 3686 causa
838 3631 929 3702 qui
969 3631 1062 3687 Dei
1113 3649 1308 3688 nomen
1353 3635 1530 3690 sciunt
1563 3647 1619 3691 et
1657 3641 1916 3693 memoria
1964 3653 2198 3698 versant.

625 3721 733 3778 Pro
760 3723 842 3779 eis
887 3723 1102 3793 itaque,
1147 3733 1405 3795 tanquam
1436 3743 1536 3798 pro
1575 3732 1751 3786 servis
1785 3731 1941 3787 venia
1996 3738 2204 3804 egenti-

626 3815 760 3875 bus.
798 3815 1148 3884 deprecatur.

737 3903 896 3960 Vens.
933 3906 1019 3961 £5.
1052 3907 1208 3961 ldola
1235 3909 1466 3979 gentium
1497 3920 1773 3980 argentum
1803 3922 1854 3967 et
1883 3931 2094 3970 aurum.

699 3997 963 4052 Absoluto
1001 3998 1307 4070 theoIOgico
1335 4001 1480 4055 circa
1513 4001 1797 4058 Dominum
1841 4019 2114 4072 sermone,
2150 4018 2204 4064 et

626 4091 980 4160 providentia
1014 4089 1132 4159 ejus
1159 4095 1373 4162 magnis
1404 4095 1660 4163 Operibus
1691 4101 2046 4163 enumeratis,
2082 4111 2200 4155 tan-

625 4196 788 4250 quam
835 4183 1011 4237 adhuc
1056 4199 1244 4239 servos
1294 4201 1389 4240 eos
1430 4188 1734 4257 alloquens,
1777 4191 1866 4260 qui
1912 4207 1978 4246 ex
2015 4209 2202 4250 errore

625 4273 972 4344 polytheismi
1015 4290 1188 4344 nuper
1230 4289 1618 4342 accesserant,
1665 4280 1851 4348 objicit
1895 4294 2198 4351 putatorum

622 4366 753 4419 olim
783 4367 851 4420 ab
882 4366 1018 4435 ipsis
1053 4367 1280 4422 deorum
1323 4370 1809 4439 vituperationem;
1842 4386 2198 4434 consentanee

2239 1785 2283 1840 Β
2313 1800 2647 1871 παρέδωκεν.

2492 1894 2598 1959 ὀς
2625 1891 2884 1958 ἐπάταξε
2906 1893 2978 1948 τὰ
3003 1895 3348 1962 πρωτότοκα
3374 1893 3698 1964 Αίγύπτου.

2395 1985 2610 2055 Ἐπειδὴ
2661 1984 2718 2037 δέ
2767 1983 2835 2037 τά
2890 1983 3119 2038 καθόλου
3167 1985 3260 2038 καὶ
3298 1984 3526 2057 οὐράνιά
3567 1984 3698 2054 φασί
3741 2000 3892 2050 τινες

2312 2079 2539 2150 προνοίᾳ
2570 2077 2886 2131 διοικεῖσθαι
2923 2079 3058 2151 μόνῃ
3091 2077 3248 2143 Θεοῦ,
3299 2078 3568 2132 δείκνυσιν
3608 2078 3685 2142 ὡς
3732 2076 3891 2148 μέλει

2311 2171 2403 2223 καὶ
2449 2170 2556 2223 τῶν
2609 2169 2962 2244 ἀνθρωπίνων
3007 2169 3175 2241 αὐτῷ,
3227 2171 3322 2223 καὶ
3373 2169 3466 2224 νῦν
3497 2170 3623 2232 τοὺς
3667 2169 3890 2233 ἀσεϐεῖς

2309 2261 2588 2324 κολάζοντι
2640 2263 2732 2314 καὶ
2775 2260 2884 2313 τῶν
2931 2261 3170 2314 εὐσεϐῶν
3210 2262 3561 2332 οἰκειουμένῳ
3601 2261 3662 2313 τὸ
3700 2261 3884 2329 γένος.

2322 2353 2478 2407 Ἀλλά
2512 2354 2677 2407 πάλαι
2709 2354 2807 2424 μὲν
2838 2349 2905 2424 ἦν
2941 2355 3098 2424 μερὶς
3131 2354 3357 2426 Κυρίου,
3391 2353 3588 2426 δηλαδὴ
3617 2352 3708 2406 τοῦ
3743 2351 3886 2406 Θεοῦ

2305 2446 2500 2515 Λόγου,
2535 2446 2662 2510 λαὸς
2708 2445 2870 2500 αὑτοῦ
2926 2447 3137 2511 Ἰακὼϐ,
3187 2449 3472 2519 σχοίνισμα
3518 2445 3890 2517 κληρονομίας

2305 2539 2470 2592 αὑτοῦ
2521 2540 2773 2610 Ἰσραήλ·
2823 2539 3010 2610 ἐπειδὴ
3053 2539 3110 2593 δὲ
3152 2539 3220 2592 δι’
3261 2541 3327 2611 ἢν
3372 2539 3594 2610 ἔδρασεν
3623 2537 3887 2592 ἀσέϐειαν

2305 2633 2508 2693 ἐκεῖνος
2548 2630 2920 2693 ἐκπέπτωκεν,
2956 2630 3432 2702 ἐνανθρωπήσαντι
3476 2630 3743 2685 λέλεκταιο
3779 2631 3889 2685 Ατ-

2303 2737 2480 2787 τησαι
2514 2720 2648 2788 παρ’
2673 2721 2838 2789 ἐμοῦ,
2889 2719 2987 2774 καὶ
3012 2719 3182 2774 δώσω
3207 2736 3305 2774 σοι
3336 2721 3480 2789 ἔθνη
3514 2719 3628 2788 τὴν
3661 2723 3886 2789 κληρο-

2301 2808 2518 2877 νομίαν
2550 2823 2688 2862 σου.

2513 2901 2710 2968 Κύριε,
2745 2901 2809 2954 τὸ
2843 2899 3029 2969 ὄνομά
3059 2913 3174 2953 σου
3205 2903 3294 2967 εις
3326 2900 3432 2955 τὸν
3458 2900 3662 2955 αἰῶνα.

2374 2991 2537 3045 Ούδὲν
2570 2991 2710 3044 οὕτω
2733 2993 2832 3064 τῆς
2853 2991 3003 3057 Θείας
3029 2993 3310 3064 Προνοίας,
3333 2994 3408 3053 ὡς
3433 2993 3494 3046 τὸ
3516 2993 3720 3059 διδάξαι
3751 2995 3885 3059 τοὺς

2302 3083 2622 3154 ἀνθρώπους
2658 3083 2733 3154 μὴ
2776 3083 3068 3138 ἀδέσποτον
3095 3082 3233 3140 εἶναι
3267 3086 3329 3138 τὸ
3371 3087 3512 3139 πᾶν·
3555 3086 3675 3138 ὅθεν
3700 3087 3797 3139 καὶ
3844 3090 3881 3157 ἡ

2305 3175 2558 3245 διηνεκὴς
2587 3175 2753 3229 αὑτοῦ
2805 3177 2990 3247 μνήμη
3034 3176 3338 3248 καθέστηκε
3369 3177 3496 3248 παρ’
3533 3179 3682 3248 ἡμῖν,
3715 3171 3777 3230 οὗ
3818 3180 3884 3232 τὸ

2309 3268 2539 3338 μέγεθος
2587 3268 2674 3322 διὰ
2720 3269 2828 3322 τῶν
2881 3269 3260 3341 προλαϐόντων
3307 3273 3357 3323 oi
3394 3269 3568 3323 δοῦλοι
3613 3271 3883 3340 μαθόντες

2304 3368 2488 3433 αὑτοῦ,
2523 3369 2590 3422 τὰ
2621 3368 2861 3438 παρόντα
2893 3367 3070 3436 λέγειν
3097 3367 3437 3421 διδάσκονται
3463 3367 3557 3420 καὶ
3589 3367 3881 3439 παραθαρ-

2307 3458 2576 3530 ῥύνονται.
2617 3457 2875 3529 μαθόντες
2909 3457 2984 3521 ὡς
3011 3460 3097 3512 ἐπ’
3126 3460 3308 3521 αὐτοῖς
3342 3456 3879 3530 παρακληθήσονται,

2302 3550 2400 3619 τῆς
2449 3551 2680 3621 κρίσεως
2730 3548 3127 3619 ἀκολουθούσης
3171 3552 3282 3612 τοῖς
3328 3549 3532 3614 λοιποῖς
3581 3547 3675 3602 τοῦ
3719 3548 3878 3613 λαοῦ,

2269 3633 2412 3704 ’τοῖς
2440 3641 2775 3710 ἐπεγνωκόσι
2806 3641 2866 3694 τὸ
2897 3641 3065 3711 ὄνομα
3099 3641 3284 3703 αὑτοῦ,
3318 3641 3413 3694 καὶ
3438 3641 3500 3693 τὸ
3533 3641 3881 3712 μνημόσυνον

2302 3731 2514 3800 ἔχουσιν
2537 3747 2549 3760 ο
2588 3731 2673 3782 ἐπ’
2703 3729 2930 3794 ἐκείνοις
2975 3731 3031 3783 δὲ
3064 3731 3139 3793 ὼς
3169 3730 3233 3784 ἂν
3265 3732 3357 3783 ἐπὶ
3388 3729 3593 3794 δούλοις
3625 3731 3876 3800 ωγγνώο

2305 3839 2410 3892 μης
2431 3821 2793 3891 ἐπιδεομένοις
2821 3822 3235 3891 παρακαλεῖται.

2378 3912 2453 3966 Τὰ
2481 3912 2700 3965 εἴδωλα
2730 3911 2848 3965 τῶν
2875 3910 3065 3966 ἐθνῶν
3092 3913 3376 3981 ἀργύριον
3401 3912 3502 3965 καὶ
3525 3913 3805 3982 χρυσίον.

2370 4002 2696 4066 Συντελεσας
2728 4003 2825 4073 τὴν
2857 4005 2984 4075 περὶ
3025 4002 3120 4056 τοῦ
3174 4005 3379 4076 Κυρίου
3431 4003 3729 4072 θεολογίαν,
3780 4004 3881 4058 καὶ

2299 4093 2397 4163 τῆς
2444 4093 2697 4164 προνοίας
2746 4092 2909 4146 αὑτοῦ
2951 4092 3051 4156 τάς
3102 4094 3502 4166 μεγαλουργίας
3549 4092 3878 4158 καταλέξας,

2299 4185 2374 4247 ὼς
2408 4184 2486 4236 ἔτι
2520 4182 2724 4246 δούλοις
2759 4182 2964 4254 ὁμιλῶν
2993 4187 3106 4245 τοῖς
3139 4187 3201 4237 ἐκ
3235 4184 3333 4254 τῆς
3370 4183 3632 4237 πολυθέου
3666 4183 3882 4255 πλάνης

2298 4277 2422 4346 ἄρτι
2447 4275 2924 4347 προσεληλυθόσιν,
2948 4274 3404 4346 ἀντιπαραϐάλλει
3419 4274 3526 4328 τῶν
3549 4274 3714 4328 πάλαι
3742 4275 3880 4346 παρ’

2299 4369 2480 4431 αὐτοῖς
2521 4369 2920 4439 νενομισμένων
2959 4365 3094 4420 θεῶν
3144 4367 3235 4420 τὸν
3289 4367 3527 4438 ἔλεγχον,
3567 4365 3882 4429 ἀκολούθως

624 4458 880 4512 nimirum
929 4458 1013 4513 his
1059 4475 1179 4529 qua:
1223 4475 1388 4530 supra
1435 4463 1670 4527 dixerat,
1720 4481 1925 4534 nempe,
1967 4466 2075 4538 Ego
2105 4487 2191 4523 co-

2304 4455 2376 4526 οἷς
2426 4462 2681 4534 ἀνωτέρω
2713 4464 2924 4533 εἰρήκει
2942 4479 2956 4493 ο
2987 4462 3088 4527 ὅτι,
3156 4459 3302 4531 Ἐγὼ
3330 4459 3561 4529 ἔγνωκα
3581 4459 3667 4512 ὅτι
3690 4458 3883 4529 μένας

623 4550 780 4619 gnavi
811 4550 948 4620 quod
985 4567 1204 4620 magnus
1236 4562 1312 4607 est
1335 4552 1617 4612 Dominus.
1650 4554 1717 4608 Et
1750 4555 2000 4611 Dominus
2027 4570 2200 4616 noster

619 4656 785 4709 supra
841 4656 1018 4696 omnes
1061 4642 1182 4696 deos
1209 4643 1277 4700 ".
1335 4643 1593 4699 Dominus
1629 4659 1813 4702 noster
1861 4648 1975 4703 hinc
2013 4659 2068 4705 et
2111 4653 2197 4706 illa

621 4729 776 4796 fecit,
813 4740 924 4787 tum
959 4732 1255 4787 universint
1284 4742 1398 4788 tum
1422 4736 1584 4790 etiam
1616 4737 1915 4805 partiatim.
1946 4738 2196 4797 Gentium

622 4832 801 4876 autem
840 4823 935 4888 dii,
978 4823 1174 4892 quibus
1205 4838 1302 4880 vos
1337 4841 1551 4895 quoque
1578 4827 1791 4898 decepti
1818 4844 2006 4884 errore
2035 4841 2192 4887 antea

622 4909 948 4975 credebatis,
984 4912 1124 4968 nihil
1161 4924 1316 4969 erant
1347 4914 1493 4970 aliud
1518 4931 1679 4986 quam
1719 4930 1931 4973 mortua
1960 4929 2014 4974 et
2047 4933 2191 4977 muta

621 5001 932 5058 simulacra.
975 5003 1122 5058 Scite
1155 5014 1333 5061 autem
1371 5015 1426 5061 et
1452 5007 1808 5075 Symmachus
1834 5026 1952 5081 pro,
1996 5013 2191 5068 similes

619 5092 726 5145 illis
765 5093 897 5161 [lant
928 5097 1019 5166 qui
1059 5097 1261 5166 faciunt
1290 5113 1372 5163 ea,
1401 5101 1788 5171 interpretatus
1833 5119 1919 5161 est
1963 5105 2188 5164 dicens:

620 5184 754 5239 velut
775 5185 893 5254 ipsa
914 5187 1046 5256 ﬁant
1077 5191 1165 5256 qui
1189 5188 1388 5258 faciunt
1411 5209 1495 5257 ea,
1523 5203 1570 5247 et
1596 5197 1888 5268 quicunque
1910 5199 2038 5268 ipsis
2065 5215 2193 5255 con-

620 5274 819 5342 ﬁdunt.
858 5276 1064 5332 Revera
1105 5277 1249 5332 enim
1282 5280 1373 5349 qui
1407 5281 1715 5338 inanimatis
1745 5287 1907 5340 rebus
1936 5297 2188 5357 tanquam

622 5365 727 5419 dus
753 5369 1064 5434 attendunt,
1097 5368 1464 5440 lapidescente
1508 5372 1709 5439 anima,
1743 5373 1885 5430 idem
1916 5380 2190 5447 patiuntur

621 5457 766 5526 quod
809 5459 907 5513 abs
949 5474 1011 5515 se
1050 5460 1192 5515 culta
1233 5461 1397 5529 idola,
1434 5477 1625 5531 nempe
1660 5465 1845 5522 oculos
1883 5467 2089 5526 habent
2133 5482 2188 5527 et

622 5542 965 5616 uon‘vident,
998 5565 1158 5607 aures
1184 5551 1387 5608 habent
1416 5563 1473 5608 et
1505 5568 1612 5609 non
1645 5555 1892 5613 audiunt.

693 5745 737 5780 ³⁸
765 5743 908 5804 Psal.
935 5764 994 5814 ll,
1025 5749 1077 5804 8.
1155 5750 1198 5781 ⁵⁸
1231 5748 1366 5805 Psal.
1403 5765 1621 5816 custv,
1657 5750 1708 5805 5.

2298 4552 2533 4618 Κύριος,
2576 4551 2676 4604 καὶ
2733 4554 2766 4605 d
2803 4552 3018 4619 Κύριος
3063 4547 3231 4619 ἡμῶν
3261 4547 3422 4617 παρὰ
3463 4546 3690 4613 πάντας
3730 4547 3882 4615 τοὺς

2299 4645 2472 4709 θεούς
2495 4660 2508 4674 ·
2540 4646 2569 4697 ό
2601 4643 2699 4715 μέν
2726 4644 2834 4716 γάρ
2872 4642 3078 4713 Κύριος
3122 4639 3281 4712 ὴμῶν
3305 4640 3432 4694 τάδε
3470 4639 3563 4694 καὶ
3590 4639 3714 4693 τάδε
3758 4641 3881 4710 είρ-

2297 4735 2504 4803 γάσατο
2537 4734 2593 4787 ἐν
2621 4751 2680 4786 τε
2717 4737 2828 4797 τοῖς
2861 4733 3086 4786 καθόλου
3134 4733 3227 4786 καὶ
3275 4735 3333 4786 ἐν
3365 4733 3478 4794 τοῖς
3509 4730 3603 4784 ἐπὶ
3636 4729 3873 4802 μέρουςο

2300 4828 2349 4879 οἱ
2376 4826 2431 4878 δὲ
2474 4825 2582 4880 τῶν
2624 4825 2794 4879 ἐθνῶν
2827 4825 2956 4889 θεοὶ,
2984 4824 3078 4889 οὓς
3105 4825 3201 4879 καὶ
3237 4824 3394 4877 αὐτοὶ⁵
3440 4820 3878 4892 πεπλανημένως

2299 4917 2575 4988 ἐνομίζετε
2607 4917 2888 4990 πρότερον,
2925 4916 3078 4970 οὐδὲν
3117 4912 3256 4988 ἦσαν
3280 4915 3466 4987 ἕτερον
3493 4914 3528 4984 ἢ
3562 4914 3748 4967 εἴδωλα
3784 4931 3880 4966 νε-

2300 5010 2406 5080 κρά
2441 5009 2535 5062 καὶ
2571 5008 2751 5077 κωφὰ.
2790 5007 3103 5079 Χαριέντως
3132 5007 3189 5060 δέ
3218 5006 3314 5060 καὶ
3356 5009 3385 5059 6
3426 5005 3720 5076 Σύμμαχος
3746 5004 3878 5060 ἀντὶ

2297 5101 2412 5164 τοῦ,
2459 5100 2650 5170 ὅμοιοι
2692 5099 2895 5166 αὐτοῖς
2941 5098 3206 5169 γένοιντο
3250 5101 3303 5151 οἱ
3345 5096 3657 5162 ποιοῦντες
3691 5096 3874 5164 αὐτὰ,

2293 5195 2636 5264 ἡρμήνευσεν
2659 5190 2849 5258 εἰπὼν,
2888 5193 2968 5258 ὡς
2995 5191 3148 5246 αὐτὰ
3170 5189 3440 5260 γένοιντο
3472 5192 3524 5242 ot
3553 5187 3880 5255 ποιοῦντες

2294 5286 2463 5350 αὐτὰ,
2495 5286 2593 5339 καὶ
2628 5282 2746 5350 πᾶς
2771 5288 2803 5338 ό
2829 5284 3124 5350 πεποιθὼς
3158 5282 3381 5350 αὐτοῖς.
3413 5282 3523 5336 Καὶ
3552 5282 3661 5352 γάρ
3696 5280 3874 5347 ὅντως

2292 5371 2341 5423 οἱ
2377 5371 2490 5434 τοῖς
2518 5367 2744 5439 ἀψύχοις
2774 5369 2848 5431 ὼς
2881 5367 3023 5432 θεοῖς
3057 5368 3430 5440 προσέχοντες,
3457 5365 3648 5436 ῶσπερ
3679 5363 3876 5418 ἀπολι-

2293 5459 2554 5524 θωθέντες
2586 5461 2686 5531 τὴν
2719 5459 2915 5530 ψυχὴν,
2953 5459 3050 5513 καὶ
3090 5458 3243 5512 αὐτοὶ
3274 5457 3335 5510 τὸ
3363 5455 3494 5511 αὐτὸ
3532 5453 3873 5507 πεπόνθασιν

2290 5557 2402 5616 τοῖς
2436 5552 2925 5625 προσκυνουμένοις
2958 5553 3047 5604 ὑπ’
3087 5549 3284 5614 αὐτῶν,
3311 5546 3622 5618 ὀφθαλμοὺς
3647 5544 3870 5616 ἔχοντες

2291 5651 2381 5704 καὶ
2405 5649 2466 5702 ού
2490 5647 2795 5718 βλέποντες,
2822 5641 2934 5702 ὦτα
2957 5645 3167 5718 ἔχοντες
3193 5645 3285 5700 καὶ
3309 5644 3410 5697 οὐκ
3435 5639 3746 5706 ἀκούοντες.
