  <div class='ocr_page' id='page_1' title='image "/cluster/home/n/w/nwhite01/storage/ocr_20150623/24/pst.000005712083/035.png"; bbox 0 0 4100 6286; ppageno 0'>
   <div class='ocr_carea' id='block_1_1' title="bbox 551 330 3815 417">
    <p class='ocr_par' dir='ltr' id='par_1_1' title="bbox 551 330 3815 417">
     <span class='ocr_line' id='line_1_1' title="bbox 551 330 3815 417; baseline -0.008 -1"><span class='ocrx_word' id='word_1_1' title='bbox 551 356 625 417; x_wconf 74' lang='lat'><strong>33</strong></span> <span class='ocrx_word' id='word_1_2' title='bbox 1223 343 1496 408; x_wconf 78' lang='lat' dir='ltr'><strong>EUSII</strong></span> <span class='ocrx_word' id='word_1_3' title='bbox 1531 344 2004 407; x_wconf 68' lang='grc' dir='ltr'><strong>ωωιιιαειε</strong></span> <span class='ocrx_word' id='word_1_4' title='bbox 2037 341 2195 404; x_wconf 63' lang='grc' dir='ltr'><strong>ουρ.</strong></span> <span class='ocrx_word' id='word_1_5' title='bbox 2232 341 2415 401; x_wconf 74' lang='lat' dir='ltr'><strong>PARS</strong></span> <span class='ocrx_word' id='word_1_6' title='bbox 2445 338 2537 402; x_wconf 75' lang='lat' dir='ltr'><strong>Ill.</strong></span> <span class='ocrx_word' id='word_1_7' title='bbox 2573 372 2645 387; x_wconf 90' lang='lat'><strong><em>—</em></strong></span> <span class='ocrx_word' id='word_1_8' title='bbox 2682 336 3098 400; x_wconf 69' lang='lat' dir='ltr'><strong>EXEGE‘HCA.</strong></span> <span class='ocrx_word' id='word_1_9' title='bbox 3735 330 3815 390; x_wconf 71' lang='lat'><strong><em>36</em></strong></span> 
     </span>
    </p>
   </div>
   <div class='ocr_carea' id='block_1_2' title="bbox 552 451 2132 534">
    <p class='ocr_par' dir='ltr' id='par_1_2' title="bbox 552 463 2120 534">
     <span class='ocr_line' id='line_1_2' title="bbox 552 463 2120 534; baseline -0.009 -2"><span class='ocrx_word' id='word_1_10' title='bbox 552 476 685 534; x_wconf 88' lang='lat' dir='ltr'><strong>olbn</strong></span> <span class='ocrx_word' id='word_1_11' title='bbox 725 483 782 530; x_wconf 86' lang='lat' dir='ltr'><strong>et</strong></span> <span class='ocrx_word' id='word_1_12' title='bbox 852 484 997 527; x_wconf 89' lang='lat' dir='ltr'><strong>nunc</strong></span> <span class='ocrx_word' id='word_1_13' title='bbox 1044 467 1211 525; x_wconf 80' lang='lat' dir='ltr'><strong>etiam</strong></span> <span class='ocrx_word' id='word_1_14' title='bbox 1257 477 1451 525; x_wconf 87' lang='lat' dir='ltr'><strong>cuncta</strong></span> <span class='ocrx_word' id='word_1_15' title='bbox 1501 466 1816 525; x_wconf 76' lang='lat' dir='ltr'><strong>hominibus</strong></span> <span class='ocrx_word' id='word_1_16' title='bbox 1857 463 2120 523; x_wconf 71' lang='lat' dir='ltr'><strong>beneﬁcia</strong></span> 
     </span>
    </p>
   </div>
   <div class='ocr_carea' id='block_1_3' title="bbox 2229 451 3814 534">
    <p class='ocr_par' dir='ltr' id='par_1_3' title="bbox 2229 451 3814 532">
     <span class='ocr_line' id='line_1_3' title="bbox 2229 451 3814 532; baseline -0.006 -16"><span class='ocrx_word' id='word_1_17' title='bbox 2229 457 2357 516; x_wconf 73' lang='lat' dir='ltr'><strong>Decii</strong></span> <span class='ocrx_word' id='word_1_18' title='bbox 2384 460 2557 530; x_wconf 76' lang='grc' dir='ltr'><strong>Λόγος</strong></span> <span class='ocrx_word' id='word_1_19' title='bbox 2580 459 2715 532; x_wconf 76' lang='grc' dir='ltr'><strong>(Η),</strong></span> <span class='ocrx_word' id='word_1_20' title='bbox 2741 458 2811 515; x_wconf 74' lang='grc' dir='ltr'><strong>δι’</strong></span> <span class='ocrx_word' id='word_1_21' title='bbox 2840 452 2903 514; x_wconf 75' lang='grc' dir='ltr'><strong>οὗ</strong></span> <span class='ocrx_word' id='word_1_22' title='bbox 2929 457 3026 513; x_wconf 81' lang='grc' dir='ltr'><strong>καὶ</strong></span> <span class='ocrx_word' id='word_1_23' title='bbox 3049 454 3216 513; x_wconf 83' lang='grc' dir='ltr'><strong>πάλαι</strong></span> <span class='ocrx_word' id='word_1_24' title='bbox 3237 454 3333 511; x_wconf 82' lang='grc' dir='ltr'><strong>καὶ</strong></span> <span class='ocrx_word' id='word_1_25' title='bbox 3352 451 3450 510; x_wconf 79' lang='grc' dir='ltr'><strong>νῦν</strong></span> <span class='ocrx_word' id='word_1_26' title='bbox 3474 453 3573 520; x_wconf 84' lang='grc' dir='ltr'><strong>τάς</strong></span> <span class='ocrx_word' id='word_1_27' title='bbox 3600 454 3682 518; x_wconf 80' lang='grc' dir='ltr'><strong>είς</strong></span> <span class='ocrx_word' id='word_1_28' title='bbox 3710 452 3814 508; x_wconf 83' lang='grc' dir='ltr'><strong>άν-</strong></span> 
     </span>
    </p>
   </div>
   <div class='ocr_carea' id='block_1_4' title="bbox 554 560 1464 638">
    <p class='ocr_par' dir='ltr' id='par_1_4' title="bbox 554 560 1464 638">
     <span class='ocr_line' id='line_1_4' title="bbox 554 560 1464 638; baseline -0.012 -14"><span class='ocrx_word' id='word_1_29' title='bbox 554 564 856 638; x_wconf 76' lang='lat' dir='ltr'><strong>benignitas</strong></span> <span class='ocrx_word' id='word_1_30' title='bbox 883 561 978 618; x_wconf 83' lang='lat' dir='ltr'><strong>Dei</strong></span> <span class='ocrx_word' id='word_1_31' title='bbox 1007 561 1198 631; x_wconf 87' lang='lat' dir='ltr'><strong>optimi</strong></span> <span class='ocrx_word' id='word_1_32' title='bbox 1228 560 1464 618; x_wconf 77' lang='lat' dir='ltr'><strong>confert.</strong></span> 
     </span>
    </p>
   </div>
   <div class='ocr_carea' id='block_1_5' title="bbox 765 737 1910 810">
    <p class='ocr_par' dir='ltr' id='par_1_5' title="bbox 765 737 1910 810">
     <span class='ocr_line' id='line_1_5' title="bbox 765 737 1910 810; baseline -0.001 -13"><span class='ocrx_word' id='word_1_33' title='bbox 765 740 931 799; x_wconf 79' lang='lat' dir='ltr'><strong>Vna.</strong></span> <span class='ocrx_word' id='word_1_34' title='bbox 961 740 1050 798; x_wconf 82' lang='lat' dir='ltr'><strong>i9.</strong></span> <span class='ocrx_word' id='word_1_35' title='bbox 1083 739 1224 798; x_wconf 83' lang='lat' dir='ltr'><strong>Seon</strong></span> <span class='ocrx_word' id='word_1_36' title='bbox 1252 753 1426 810; x_wconf 72' lang='lat' dir='ltr'><strong>regens</strong></span> <span class='ocrx_word' id='word_1_37' title='bbox 1454 737 1910 796; x_wconf 69' lang='grc' dir='ltr'><strong>Δηιοηάανοηιαι.</strong></span> 
     </span>
    </p>
   </div>
   <div class='ocr_carea' id='block_1_6' title="bbox 621 829 2127 906">
    <p class='ocr_par' dir='ltr' id='par_1_6' title="bbox 621 829 2127 906">
     <span class='ocr_line' id='line_1_6' title="bbox 621 829 2127 906; baseline -0.005 -15"><span class='ocrx_word' id='word_1_38' title='bbox 621 832 974 906; x_wconf 86' lang='lat' dir='ltr'><strong>Interpretari</strong></span> <span class='ocrx_word' id='word_1_39' title='bbox 1003 830 1241 889; x_wconf 84' lang='lat' dir='ltr'><strong>solemus</strong></span> <span class='ocrx_word' id='word_1_40' title='bbox 1260 831 1609 886; x_wconf 71' lang='lat' dir='ltr'><strong>Amorrbteos</strong></span> <span class='ocrx_word' id='word_1_41' title='bbox 1635 829 1854 900; x_wconf 79' lang='lat' dir='ltr'><strong>quidem</strong></span> <span class='ocrx_word' id='word_1_42' title='bbox 1883 829 2127 902; x_wconf 73' lang='lat' dir='ltr'><strong>loquaces</strong></span> 
     </span>
    </p>
   </div>
   <div class='ocr_carea' id='block_1_7' title="bbox 554 920 2127 997">
    <p class='ocr_par' dir='ltr' id='par_1_7' title="bbox 554 920 2127 997">
     <span class='ocr_line' id='line_1_7' title="bbox 554 920 2127 997; baseline -0.006 -15"><span class='ocrx_word' id='word_1_43' title='bbox 554 934 964 997; x_wconf 67' lang='lat' dir='ltr'><strong>exasperent“;</strong></span> <span class='ocrx_word' id='word_1_44' title='bbox 1008 933 1066 978; x_wconf 88' lang='lat' dir='ltr'><strong>et</strong></span> <span class='ocrx_word' id='word_1_45' title='bbox 1105 921 1299 978; x_wconf 85' lang='lat' dir='ltr'><strong>borum</strong></span> <span class='ocrx_word' id='word_1_46' title='bbox 1344 937 1524 994; x_wconf 82' lang='lat' dir='ltr'><strong>regem</strong></span> <span class='ocrx_word' id='word_1_47' title='bbox 1565 920 1732 985; x_wconf 82' lang='lat' dir='ltr'><strong>Seon,</strong></span> <span class='ocrx_word' id='word_1_48' title='bbox 1787 923 2127 976; x_wconf 76' lang='lat' dir='ltr'><strong>untutiouet</strong></span> 
     </span>
    </p>
   </div>
   <div class='ocr_carea' id='block_1_8' title="bbox 557 1006 2130 1082">
    <p class='ocr_par' dir='ltr' id='par_1_8' title="bbox 557 1006 2130 1082">
     <span class='ocr_line' id='line_1_8' title="bbox 557 1006 2130 1082; baseline -0.006 -11"><span class='ocrx_word' id='word_1_49' title='bbox 557 1023 612 1070; x_wconf 91' lang='lat' dir='ltr'><strong>et</strong></span> <span class='ocrx_word' id='word_1_50' title='bbox 630 1011 1101 1070; x_wconf 64' lang='lat' dir='ltr'><strong>assentationem.</strong></span> <span class='ocrx_word' id='word_1_51' title='bbox 1125 1006 1372 1082; x_wconf 83' lang='lat' dir='ltr'><strong>Namque</strong></span> <span class='ocrx_word' id='word_1_52' title='bbox 1392 1010 1643 1067; x_wconf 78' lang='lat' dir='ltr'><strong>homines</strong></span> <span class='ocrx_word' id='word_1_53' title='bbox 1658 1010 1961 1081; x_wconf 76' lang='lat' dir='ltr'><strong>sophistica:</strong></span> <span class='ocrx_word' id='word_1_54' title='bbox 1982 1009 2130 1064; x_wconf 72' lang='lat' dir='ltr'><strong>tran-</strong></span> 
     </span>
    </p>
   </div>
   <div class='ocr_carea' id='block_1_9' title="bbox 558 1102 2126 1175">
    <p class='ocr_par' dir='ltr' id='par_1_9' title="bbox 558 1102 2126 1175">
     <span class='ocr_line' id='line_1_9' title="bbox 558 1102 2126 1175; baseline -0.003 -15"><span class='ocrx_word' id='word_1_55' title='bbox 558 1105 643 1162; x_wconf 86' lang='lat' dir='ltr'><strong>dis</strong></span> <span class='ocrx_word' id='word_1_56' title='bbox 682 1104 839 1175; x_wconf 89' lang='lat' dir='ltr'><strong>periti</strong></span> <span class='ocrx_word' id='word_1_57' title='bbox 884 1118 1078 1175; x_wconf 85' lang='lat' dir='ltr'><strong>aspere</strong></span> <span class='ocrx_word' id='word_1_58' title='bbox 1124 1117 1266 1173; x_wconf 64' lang='lat' dir='ltr'><strong>sepe</strong></span> <span class='ocrx_word' id='word_1_59' title='bbox 1310 1102 1626 1174; x_wconf 86' lang='lat' dir='ltr'><strong>loquuntur,</strong></span> <span class='ocrx_word' id='word_1_60' title='bbox 1670 1104 1982 1174; x_wconf 73' lang='lat' dir='ltr'><strong>pariterque</strong></span> <span class='ocrx_word' id='word_1_61' title='bbox 2013 1102 2126 1155; x_wconf 72' lang='lat' dir='ltr'><strong>vel-</strong></span> 
     </span>
    </p>
   </div>
   <div class='ocr_carea' id='block_1_10' title="bbox 559 1193 2127 1266">
    <p class='ocr_par' dir='ltr' id='par_1_10' title="bbox 559 1193 2127 1266">
     <span class='ocr_line' id='line_1_10' title="bbox 559 1193 2127 1266; baseline -0.001 -17"><span class='ocrx_word' id='word_1_62' title='bbox 559 1195 674 1251; x_wconf 91' lang='lat' dir='ltr'><strong>lent</strong></span> <span class='ocrx_word' id='word_1_63' title='bbox 701 1194 950 1251; x_wconf 78' lang='lat' dir='ltr'><strong>veritatis</strong></span> <span class='ocrx_word' id='word_1_64' title='bbox 981 1208 1198 1266; x_wconf 88' lang='lat' dir='ltr'><strong>quoque</strong></span> <span class='ocrx_word' id='word_1_65' title='bbox 1237 1206 1508 1249; x_wconf 87' lang='lat' dir='ltr'><strong>amatores</strong></span> <span class='ocrx_word' id='word_1_66' title='bbox 1556 1193 1952 1249; x_wconf 79' lang='lat' dir='ltr'><strong>fraudulenter&#39;</strong></span> <span class='ocrx_word' id='word_1_67' title='bbox 1979 1193 2127 1263; x_wconf 87' lang='lat' dir='ltr'><strong>loqui</strong></span> 
     </span>
    </p>
   </div>
   <div class='ocr_carea' id='block_1_11' title="bbox 558 1283 2133 1357">
    <p class='ocr_par' dir='ltr' id='par_1_11' title="bbox 558 1283 2133 1357">
     <span class='ocr_line' id='line_1_11' title="bbox 558 1283 2133 1357; baseline -0.003 -15"><span class='ocrx_word' id='word_1_68' title='bbox 558 1295 618 1342; x_wconf 89' lang='lat' dir='ltr'><strong>et</strong></span> <span class='ocrx_word' id='word_1_69' title='bbox 674 1287 952 1351; x_wconf 85' lang='lat' dir='ltr'><strong>occinere,</strong></span> <span class='ocrx_word' id='word_1_70' title='bbox 1007 1296 1171 1357; x_wconf 88' lang='lat' dir='ltr'><strong>atque</strong></span> <span class='ocrx_word' id='word_1_71' title='bbox 1219 1285 1444 1341; x_wconf 85' lang='lat' dir='ltr'><strong>omnino</strong></span> <span class='ocrx_word' id='word_1_72' title='bbox 1497 1284 1633 1341; x_wconf 77' lang='lat' dir='ltr'><strong>nihil</strong></span> <span class='ocrx_word' id='word_1_73' title='bbox 1685 1283 1831 1338; x_wconf 92' lang='lat' dir='ltr'><strong>aliud</strong></span> <span class='ocrx_word' id='word_1_74' title='bbox 1885 1292 2133 1354; x_wconf 84' lang='lat' dir='ltr'><strong>spectant</strong></span> 
     </span>
    </p>
   </div>
   <div class='ocr_carea' id='block_1_12' title="bbox 558 1374 2130 1446">
    <p class='ocr_par' dir='ltr' id='par_1_12' title="bbox 558 1374 2130 1446">
     <span class='ocr_line' id='line_1_12' title="bbox 558 1374 2130 1446; baseline 0.001 -16"><span class='ocrx_word' id='word_1_75' title='bbox 558 1390 720 1445; x_wconf 87' lang='lat' dir='ltr'><strong>quam</strong></span> <span class='ocrx_word' id='word_1_76' title='bbox 745 1385 808 1431; x_wconf 89' lang='lat' dir='ltr'><strong>ut</strong></span> <span class='ocrx_word' id='word_1_77' title='bbox 832 1385 1030 1431; x_wconf 84' lang='lat' dir='ltr'><strong>vexent</strong></span> <span class='ocrx_word' id='word_1_78' title='bbox 1051 1386 1213 1445; x_wconf 88' lang='lat' dir='ltr'><strong>atque</strong></span> <span class='ocrx_word' id='word_1_79' title='bbox 1233 1387 1576 1445; x_wconf 73' lang='lat' dir='ltr'><strong>exasperent.</strong></span> <span class='ocrx_word' id='word_1_80' title='bbox 1605 1374 1778 1430; x_wconf 85' lang='lat' dir='ltr'><strong>Basan</strong></span> <span class='ocrx_word' id='word_1_81' title='bbox 1802 1390 1955 1442; x_wconf 83' lang='lat' dir='ltr'><strong>vero,</strong></span> <span class='ocrx_word' id='word_1_82' title='bbox 1984 1376 2130 1446; x_wconf 86' lang='lat' dir='ltr'><strong>quod</strong></span> 
     </span>
    </p>
   </div>
   <div class='ocr_carea' id='block_1_13' title="bbox 556 1467 2128 1540">
    <p class='ocr_par' dir='ltr' id='par_1_13' title="bbox 556 1467 2128 1540">
     <span class='ocr_line' id='line_1_13' title="bbox 556 1467 2128 1540; baseline -0.002 -16"><span class='ocrx_word' id='word_1_83' title='bbox 556 1469 904 1540; x_wconf 76' lang='lat' dir='ltr'><strong>ignominiam</strong></span> <span class='ocrx_word' id='word_1_84' title='bbox 937 1469 1236 1538; x_wconf 73' lang='lat' dir='ltr'><strong>signiﬁcat,</strong></span> <span class='ocrx_word' id='word_1_85' title='bbox 1271 1469 1641 1539; x_wconf 84' lang='lat' dir='ltr'><strong>improborum</strong></span> <span class='ocrx_word' id='word_1_86' title='bbox 1671 1467 1977 1538; x_wconf 87' lang='lat' dir='ltr'><strong>pudendam</strong></span> <span class='ocrx_word' id='word_1_87' title='bbox 2016 1483 2128 1522; x_wconf 87' lang='lat' dir='ltr'><strong>ma-</strong></span> 
     </span>
    </p>
   </div>
   <div class='ocr_carea' id='block_1_14' title="bbox 557 1559 2129 1628">
    <p class='ocr_par' dir='ltr' id='par_1_14' title="bbox 557 1559 2129 1628">
     <span class='ocr_line' id='line_1_14' title="bbox 557 1559 2129 1628; baseline 0.003 -14"><span class='ocrx_word' id='word_1_88' title='bbox 557 1559 734 1616; x_wconf 82' lang='lat' dir='ltr'><strong>litiam</strong></span> <span class='ocrx_word' id='word_1_89' title='bbox 769 1563 986 1616; x_wconf 86' lang='lat' dir='ltr'><strong>denotat</strong></span> <span class='ocrx_word' id='word_1_90' title='bbox 1013 1580 1028 1616; x_wconf 87' lang='lat'><strong>:</strong></span> <span class='ocrx_word' id='word_1_91' title='bbox 1058 1562 1208 1628; x_wconf 82' lang='lat' dir='ltr'><strong>cujus</strong></span> <span class='ocrx_word' id='word_1_92' title='bbox 1251 1576 1347 1616; x_wconf 88' lang='lat' dir='ltr'><strong>rex</strong></span> <span class='ocrx_word' id='word_1_93' title='bbox 1374 1561 1458 1617; x_wconf 89' lang='lat' dir='ltr'><strong>0n</strong></span> <span class='ocrx_word' id='word_1_94' title='bbox 1493 1575 1619 1617; x_wconf 89' lang='lat' dir='ltr'><strong>cum</strong></span> <span class='ocrx_word' id='word_1_95' title='bbox 1655 1560 1795 1617; x_wconf 88' lang='lat' dir='ltr'><strong>Seon</strong></span> <span class='ocrx_word' id='word_1_96' title='bbox 1832 1562 2129 1626; x_wconf 81' lang='lat' dir='ltr'><strong>occiditur;</strong></span> 
     </span>
    </p>
   </div>
   <div class='ocr_carea' id='block_1_15' title="bbox 561 1651 2130 1723">
    <p class='ocr_par' dir='ltr' id='par_1_15' title="bbox 561 1651 2130 1723">
     <span class='ocr_line' id='line_1_15' title="bbox 561 1651 2130 1723; baseline 0.002 -17"><span class='ocrx_word' id='word_1_97' title='bbox 561 1659 623 1706; x_wconf 90' lang='lat' dir='ltr'><strong>ut</strong></span> <span class='ocrx_word' id='word_1_98' title='bbox 673 1652 854 1708; x_wconf 88' lang='lat' dir='ltr'><strong>lsraeli</strong></span> <span class='ocrx_word' id='word_1_99' title='bbox 908 1663 1050 1707; x_wconf 85' lang='lat' dir='ltr'><strong>terra</strong></span> <span class='ocrx_word' id='word_1_100' title='bbox 1110 1667 1274 1723; x_wconf 86' lang='lat' dir='ltr'><strong>quam</strong></span> <span class='ocrx_word' id='word_1_101' title='bbox 1318 1651 1459 1708; x_wconf 86' lang='lat' dir='ltr'><strong>male</strong></span> <span class='ocrx_word' id='word_1_102' title='bbox 1513 1652 1815 1709; x_wconf 73' lang='lat' dir='ltr'><strong>retinebant</strong></span> <span class='ocrx_word' id='word_1_103' title='bbox 1864 1655 2130 1720; x_wconf 86' lang='lat' dir='ltr'><strong>tradatur,</strong></span> 
     </span>
    </p>
   </div>
   <div class='ocr_carea' id='block_1_16' title="bbox 560 1744 2131 1817">
    <p class='ocr_par' dir='ltr' id='par_1_16' title="bbox 560 1744 2131 1817">
     <span class='ocr_line' id='line_1_16' title="bbox 560 1744 2131 1817; baseline 0.001 -17"><span class='ocrx_word' id='word_1_104' title='bbox 560 1744 653 1813; x_wconf 89' lang='lat' dir='ltr'><strong>qui</strong></span> <span class='ocrx_word' id='word_1_105' title='bbox 695 1745 890 1803; x_wconf 89' lang='lat' dir='ltr'><strong>callido</strong></span> <span class='ocrx_word' id='word_1_106' title='bbox 935 1753 992 1800; x_wconf 89' lang='lat' dir='ltr'><strong>et</strong></span> <span class='ocrx_word' id='word_1_107' title='bbox 1040 1745 1227 1816; x_wconf 85' lang='lat' dir='ltr'><strong>iniquo</strong></span> <span class='ocrx_word' id='word_1_108' title='bbox 1275 1759 1565 1814; x_wconf 86' lang='lat' dir='ltr'><strong>possessu,</strong></span> <span class='ocrx_word' id='word_1_109' title='bbox 1617 1746 1960 1817; x_wconf 83' lang='lat' dir='ltr'><strong>mniignoqne</strong></span> <span class='ocrx_word' id='word_1_110' title='bbox 2009 1762 2131 1802; x_wconf 85' lang='lat' dir='ltr'><strong>eam</strong></span> 
     </span>
    </p>
   </div>
   <div class='ocr_carea' id='block_1_17' title="bbox 560 1835 2132 1907">
    <p class='ocr_par' dir='ltr' id='par_1_17' title="bbox 560 1835 2132 1907">
     <span class='ocr_line' id='line_1_17' title="bbox 560 1835 2132 1907; baseline 0.004 -18"><span class='ocrx_word' id='word_1_111' title='bbox 560 1835 1004 1891; x_wconf 90' lang='lat' dir='ltr'><strong>administrantes</strong></span> <span class='ocrx_word' id='word_1_112' title='bbox 1059 1835 1298 1906; x_wconf 83' lang='lat' dir='ltr'><strong>ingenio,</strong></span> <span class='ocrx_word' id='word_1_113' title='bbox 1348 1852 1576 1907; x_wconf 90' lang='lat' dir='ltr'><strong>regnare</strong></span> <span class='ocrx_word' id='word_1_114' title='bbox 1633 1837 1978 1893; x_wconf 85' lang='lat' dir='ltr'><strong>videbantur.</strong></span> <span class='ocrx_word' id='word_1_115' title='bbox 2033 1838 2132 1895; x_wconf 80' lang='lat' dir='ltr'><strong>Ve-</strong></span> 
     </span>
    </p>
   </div>
   <div class='ocr_carea' id='block_1_18' title="bbox 561 1927 2130 2000">
    <p class='ocr_par' dir='ltr' id='par_1_18' title="bbox 561 1927 2130 2000">
     <span class='ocr_line' id='line_1_18' title="bbox 561 1927 2130 2000; baseline 0.007 -20"><span class='ocrx_word' id='word_1_116' title='bbox 561 1936 865 1982; x_wconf 85' lang='lat' dir='ltr'><strong>rumtamen</strong></span> <span class='ocrx_word' id='word_1_117' title='bbox 909 1927 1052 1982; x_wconf 82' lang='lat' dir='ltr'><strong>dicta</strong></span> <span class='ocrx_word' id='word_1_118' title='bbox 1092 1937 1236 1984; x_wconf 89' lang='lat' dir='ltr'><strong>terra</strong></span> <span class='ocrx_word' id='word_1_119' title='bbox 1284 1928 1372 1984; x_wconf 86' lang='lat' dir='ltr'><strong>his</strong></span> <span class='ocrx_word' id='word_1_120' title='bbox 1414 1942 1600 2000; x_wconf 81' lang='lat' dir='ltr'><strong>erepta</strong></span> <span class='ocrx_word' id='word_1_121' title='bbox 1654 1932 1887 1988; x_wconf 83' lang='lat' dir='ltr'><strong>traditur</strong></span> <span class='ocrx_word' id='word_1_122' title='bbox 1925 1934 1977 1988; x_wconf 93' lang='lat' dir='ltr'><strong>in</strong></span> <span class='ocrx_word' id='word_1_123' title='bbox 2006 1949 2130 1990; x_wconf 81' lang='lat' dir='ltr'><strong>sor-</strong></span> 
     </span>
    </p>
   </div>
   <div class='ocr_carea' id='block_1_19' title="bbox 562 2015 2128 2089">
    <p class='ocr_par' dir='ltr' id='par_1_19' title="bbox 562 2015 2128 2089">
     <span class='ocr_line' id='line_1_19' title="bbox 562 2015 2128 2089; baseline 0.005 -21"><span class='ocrx_word' id='word_1_124' title='bbox 562 2024 669 2070; x_wconf 87' lang='lat' dir='ltr'><strong>tem</strong></span> <span class='ocrx_word' id='word_1_125' title='bbox 698 2015 915 2081; x_wconf 78' lang='lat' dir='ltr'><strong>lsraeli,</strong></span> <span class='ocrx_word' id='word_1_126' title='bbox 951 2015 1094 2072; x_wconf 83' lang='lat' dir='ltr'><strong>ildeii</strong></span> <span class='ocrx_word' id='word_1_127' title='bbox 1135 2031 1296 2074; x_wconf 84' lang='lat' dir='ltr'><strong>servo</strong></span> <span class='ocrx_word' id='word_1_128' title='bbox 1339 2017 1484 2076; x_wconf 89' lang='lat' dir='ltr'><strong>illius</strong></span> <span class='ocrx_word' id='word_1_129' title='bbox 1528 2020 1619 2089; x_wconf 87' lang='lat' dir='ltr'><strong>qui</strong></span> <span class='ocrx_word' id='word_1_130' title='bbox 1666 2035 1849 2076; x_wconf 86' lang='lat' dir='ltr'><strong>rerum</strong></span> <span class='ocrx_word' id='word_1_131' title='bbox 1887 2022 2128 2078; x_wconf 90' lang='lat' dir='ltr'><strong>omnium</strong></span> 
     </span>
    </p>
   </div>
   <div class='ocr_carea' id='block_1_20' title="bbox 561 2117 897 2167">
    <p class='ocr_par' dir='ltr' id='par_1_20' title="bbox 561 2117 897 2167">
     <span class='ocr_line' id='line_1_20' title="bbox 561 2117 897 2167; baseline 0.018 -7"><span class='ocrx_word' id='word_1_132' title='bbox 561 2117 754 2164; x_wconf 74' lang='grc' dir='ltr'><strong>ιιιειοι·</strong></span> <span class='ocrx_word' id='word_1_133' title='bbox 791 2117 897 2167; x_wconf 70' lang='grc'><strong>881..</strong></span> 
     </span>
    </p>
   </div>
   <div class='ocr_carea' id='block_1_21' title="bbox 633 2197 2072 2276">
    <p class='ocr_par' dir='ltr' id='par_1_21' title="bbox 633 2197 2072 2276">
     <span class='ocr_line' id='line_1_21' title="bbox 633 2197 2072 2276; baseline 0.005 -22"><span class='ocrx_word' id='word_1_134' title='bbox 633 2197 795 2256; x_wconf 78' lang='lat' dir='ltr'><strong>Vna.</strong></span> <span class='ocrx_word' id='word_1_135' title='bbox 823 2201 914 2258; x_wconf 67' lang='grc' dir='ltr'><strong>εδ.</strong></span> <span class='ocrx_word' id='word_1_136' title='bbox 941 2200 1080 2268; x_wconf 82' lang='lat' dir='ltr'><strong>Quia</strong></span> <span class='ocrx_word' id='word_1_137' title='bbox 1112 2205 1169 2259; x_wconf 80' lang='lat' dir='ltr'><strong>in</strong></span> <span class='ocrx_word' id='word_1_138' title='bbox 1197 2203 1500 2276; x_wconf 70' lang='lat' dir='ltr'><strong>humilitate</strong></span> <span class='ocrx_word' id='word_1_139' title='bbox 1526 2214 1706 2258; x_wconf 77' lang='lat' dir='ltr'><strong>nostra</strong></span> <span class='ocrx_word' id='word_1_140' title='bbox 1736 2221 1934 2260; x_wconf 83' lang='lat' dir='ltr'><strong>utentur</strong></span> <span class='ocrx_word' id='word_1_141' title='bbox 1951 2204 2072 2276; x_wconf 76' lang='lat' dir='ltr'><strong>fuit.</strong></span> 
     </span>
    </p>
   </div>
   <div class='ocr_carea' id='block_1_22' title="bbox 1104 2273 1578 2330">
    <p class='ocr_par' dir='ltr' id='par_1_22' title="bbox 1104 2273 1578 2330">
     <span class='ocr_line' id='line_1_22' title="bbox 1104 2273 1578 2330; baseline 0.002 -1"><span class='ocrx_word' id='word_1_142' title='bbox 1104 2274 1270 2329; x_wconf 83' lang='lat' dir='ltr'><strong>nostri</strong></span> <span class='ocrx_word' id='word_1_143' title='bbox 1299 2273 1578 2330; x_wconf 80' lang='lat' dir='ltr'><strong>Dominus.</strong></span> 
     </span>
    </p>
   </div>
   <div class='ocr_carea' id='block_1_23' title="bbox 630 2361 2127 2438">
    <p class='ocr_par' dir='ltr' id='par_1_23' title="bbox 630 2361 2127 2438">
     <span class='ocr_line' id='line_1_23' title="bbox 630 2361 2127 2438; baseline 0.003 -20"><span class='ocrx_word' id='word_1_144' title='bbox 630 2361 687 2418; x_wconf 92' lang='lat' dir='ltr'><strong>ln</strong></span> <span class='ocrx_word' id='word_1_145' title='bbox 708 2364 1077 2433; x_wconf 86' lang='lat' dir='ltr'><strong>superioribus</strong></span> <span class='ocrx_word' id='word_1_146' title='bbox 1101 2380 1319 2438; x_wconf 89' lang='lat' dir='ltr'><strong>quoque</strong></span> <span class='ocrx_word' id='word_1_147' title='bbox 1349 2369 1502 2424; x_wconf 87' lang='lat' dir='ltr'><strong>varie</strong></span> <span class='ocrx_word' id='word_1_148' title='bbox 1535 2369 1971 2424; x_wconf 79' lang='lat' dir='ltr'><strong>demonstratum</strong></span> <span class='ocrx_word' id='word_1_149' title='bbox 2001 2367 2127 2432; x_wconf 80' lang='lat' dir='ltr'><strong>fuit,</strong></span> 
     </span>
    </p>
   </div>
   <div class='ocr_carea' id='block_1_24' title="bbox 564 2455 2130 2530">
    <p class='ocr_par' dir='ltr' id='par_1_24' title="bbox 564 2455 2130 2530">
     <span class='ocr_line' id='line_1_24' title="bbox 564 2455 2130 2530; baseline 0.003 -21"><span class='ocrx_word' id='word_1_150' title='bbox 564 2469 672 2510; x_wconf 83' lang='lat' dir='ltr'><strong>non</strong></span> <span class='ocrx_word' id='word_1_151' title='bbox 695 2469 817 2510; x_wconf 89' lang='lat' dir='ltr'><strong>eum</strong></span> <span class='ocrx_word' id='word_1_152' title='bbox 849 2458 939 2527; x_wconf 89' lang='lat' dir='ltr'><strong>qni</strong></span> <span class='ocrx_word' id='word_1_153' title='bbox 988 2459 1056 2512; x_wconf 91' lang='lat' dir='ltr'><strong>de</strong></span> <span class='ocrx_word' id='word_1_154' title='bbox 1104 2455 1333 2515; x_wconf 67' lang='lat' dir='ltr'><strong>Iudaico</strong></span> <span class='ocrx_word' id='word_1_155' title='bbox 1381 2475 1583 2530; x_wconf 85' lang='lat' dir='ltr'><strong>genere</strong></span> <span class='ocrx_word' id='word_1_156' title='bbox 1611 2463 1826 2528; x_wconf 89' lang='lat' dir='ltr'><strong>oritur,</strong></span> <span class='ocrx_word' id='word_1_157' title='bbox 1873 2459 2130 2516; x_wconf 83' lang='lat' dir='ltr'><strong>lsraelem</strong></span> 
     </span>
    </p>
   </div>
   <div class='ocr_carea' id='block_1_25' title="bbox 561 2545 2128 2621">
    <p class='ocr_par' dir='ltr' id='par_1_25' title="bbox 561 2545 2128 2621">
     <span class='ocr_line' id='line_1_25' title="bbox 561 2545 2128 2621; baseline 0.007 -25"><span class='ocrx_word' id='word_1_158' title='bbox 561 2557 706 2607; x_wconf 86' lang='lat' dir='ltr'><strong>esse,</strong></span> <span class='ocrx_word' id='word_1_159' title='bbox 742 2545 836 2599; x_wconf 85' lang='lat' dir='ltr'><strong>sed</strong></span> <span class='ocrx_word' id='word_1_160' title='bbox 867 2559 991 2600; x_wconf 89' lang='lat' dir='ltr'><strong>eum</strong></span> <span class='ocrx_word' id='word_1_161' title='bbox 1019 2547 1109 2614; x_wconf 91' lang='lat' dir='ltr'><strong>qui</strong></span> <span class='ocrx_word' id='word_1_162' title='bbox 1137 2549 1383 2603; x_wconf 83' lang='lat' dir='ltr'><strong>moribus</strong></span> <span class='ocrx_word' id='word_1_163' title='bbox 1409 2548 1607 2621; x_wconf 86' lang='lat' dir='ltr'><strong>dignus</strong></span> <span class='ocrx_word' id='word_1_164' title='bbox 1637 2551 1742 2606; x_wconf 88' lang='lat' dir='ltr'><strong>boc</strong></span> <span class='ocrx_word' id='word_1_165' title='bbox 1769 2552 1987 2607; x_wconf 81' lang='lat' dir='ltr'><strong>nomine</strong></span> <span class='ocrx_word' id='word_1_166' title='bbox 2023 2564 2128 2608; x_wconf 84' lang='lat' dir='ltr'><strong>est.</strong></span> 
     </span>
    </p>
   </div>
   <div class='ocr_carea' id='block_1_26' title="bbox 565 2631 2128 2708">
    <p class='ocr_par' dir='ltr' id='par_1_26' title="bbox 565 2631 2128 2708">
     <span class='ocr_line' id='line_1_26' title="bbox 565 2631 2128 2708; baseline 0.006 -19"><span class='ocrx_word' id='word_1_167' title='bbox 565 2631 690 2689; x_wconf 81' lang='lat' dir='ltr'><strong>Non</strong></span> <span class='ocrx_word' id='word_1_168' title='bbox 719 2636 855 2689; x_wconf 81' lang='lat' dir='ltr'><strong>enim</strong></span> <span class='ocrx_word' id='word_1_169' title='bbox 887 2652 1063 2691; x_wconf 72' lang='lat' dir='ltr'><strong>onanes</strong></span> <span class='ocrx_word' id='word_1_170' title='bbox 1097 2638 1184 2708; x_wconf 76' lang='lat' dir='ltr'><strong>qui</strong></span> <span class='ocrx_word' id='word_1_171' title='bbox 1230 2639 1296 2693; x_wconf 84' lang='lat' dir='ltr'><strong>de</strong></span> <span class='ocrx_word' id='word_1_172' title='bbox 1338 2639 1538 2694; x_wconf 81' lang='lat' dir='ltr'><strong>Israele</strong></span> <span class='ocrx_word' id='word_1_173' title='bbox 1566 2651 1689 2696; x_wconf 74' lang='lat' dir='ltr'><strong>sunt</strong></span> <span class='ocrx_word' id='word_1_174' title='bbox 1714 2680 1732 2706; x_wconf 85' lang='lat'><strong>,</strong></span> <span class='ocrx_word' id='word_1_175' title='bbox 1780 2642 1836 2695; x_wconf 86' lang='lat' dir='ltr'><strong>lti</strong></span> <span class='ocrx_word' id='word_1_176' title='bbox 1872 2652 1998 2698; x_wconf 76' lang='lat' dir='ltr'><strong>sunt</strong></span> <span class='ocrx_word' id='word_1_177' title='bbox 2040 2643 2128 2700; x_wconf 85' lang='lat' dir='ltr'><strong>Is-</strong></span> 
     </span>
    </p>
   </div>
   <div class='ocr_carea' id='block_1_27' title="bbox 563 2723 2127 2802">
    <p class='ocr_par' dir='ltr' id='par_1_27' title="bbox 563 2723 2127 2802">
     <span class='ocr_line' id='line_1_27' title="bbox 563 2723 2127 2802; baseline 0.008 -27"><span class='ocrx_word' id='word_1_178' title='bbox 563 2723 677 2777; x_wconf 73' lang='lat' dir='ltr'><strong>rael</strong></span> <span class='ocrx_word' id='word_1_179' title='bbox 705 2723 751 2756; x_wconf 76' lang='lat'>“</span> <span class='ocrx_word' id='word_1_180' title='bbox 784 2739 798 2777; x_wconf 89' lang='lat'><strong>:</strong></span> <span class='ocrx_word' id='word_1_181' title='bbox 831 2741 993 2796; x_wconf 76' lang='lat' dir='ltr'><strong>neque</strong></span> <span class='ocrx_word' id='word_1_182' title='bbox 1023 2726 1120 2779; x_wconf 81' lang='lat' dir='ltr'><strong>illa</strong></span> <span class='ocrx_word' id='word_1_183' title='bbox 1157 2744 1279 2798; x_wconf 69' lang='lat' dir='ltr'><strong>qua:</strong></span> <span class='ocrx_word' id='word_1_184' title='bbox 1305 2730 1510 2798; x_wconf 78' lang='lat' dir='ltr'><strong>publice</strong></span> <span class='ocrx_word' id='word_1_185' title='bbox 1533 2732 1591 2799; x_wconf 79' lang='lat' dir='ltr'><strong>ﬁt</strong></span> <span class='ocrx_word' id='word_1_186' title='bbox 1615 2770 1632 2796; x_wconf 98' lang='lat'><strong>,</strong></span> <span class='ocrx_word' id='word_1_187' title='bbox 1676 2733 2006 2788; x_wconf 72' lang='lat' dir='ltr'><strong>circumcisio</strong></span> <span class='ocrx_word' id='word_1_188' title='bbox 2031 2747 2127 2802; x_wconf 86' lang='lat' dir='ltr'><strong>est,</strong></span> 
     </span>
    </p>
   </div>
   <div class='ocr_carea' id='block_1_28' title="bbox 562 2815 2130 2893">
    <p class='ocr_par' dir='ltr' id='par_1_28' title="bbox 562 2815 2130 2893">
     <span class='ocr_line' id='line_1_28' title="bbox 562 2815 2130 2893; baseline 0.009 -26"><span class='ocrx_word' id='word_1_189' title='bbox 562 2823 620 2868; x_wconf 88' lang='lat' dir='ltr'><strong>ut</strong></span> <span class='ocrx_word' id='word_1_190' title='bbox 651 2815 729 2870; x_wconf 88' lang='lat' dir='ltr'><strong>ait</strong></span> <span class='ocrx_word' id='word_1_191' title='bbox 756 2816 1048 2886; x_wconf 80' lang='lat' dir='ltr'><strong>Apostolus</strong></span> <span class='ocrx_word' id='word_1_192' title='bbox 1072 2855 1089 2883; x_wconf 92' lang='lat'><strong>,</strong></span> <span class='ocrx_word' id='word_1_193' title='bbox 1120 2822 1210 2873; x_wconf 82' lang='lat' dir='ltr'><strong>sed</strong></span> <span class='ocrx_word' id='word_1_194' title='bbox 1239 2822 1293 2874; x_wconf 78' lang='lat' dir='ltr'><strong>ia</strong></span> <span class='ocrx_word' id='word_1_195' title='bbox 1320 2823 1526 2877; x_wconf 78' lang='lat' dir='ltr'><strong>occulto</strong></span> <span class='ocrx_word' id='word_1_196' title='bbox 1569 2827 1744 2893; x_wconf 82' lang='lat' dir='ltr'><strong>potius</strong></span> <span class='ocrx_word' id='word_1_197' title='bbox 1787 2825 2010 2883; x_wconf 67' lang='lat' dir='ltr'><strong>ludens</strong></span> <span class='ocrx_word' id='word_1_198' title='bbox 2033 2869 2047 2891; x_wconf 93' lang='lat'><strong>,</strong></span> <span class='ocrx_word' id='word_1_199' title='bbox 2080 2840 2130 2883; x_wconf 85' lang='lat' dir='ltr'><strong>et</strong></span> 
     </span>
    </p>
   </div>
   <div class='ocr_carea' id='block_1_29' title="bbox 2222 543 3811 623">
    <p class='ocr_par' dir='ltr' id='par_1_29' title="bbox 2222 543 3811 623">
     <span class='ocr_line' id='line_1_29' title="bbox 2222 543 3811 623; baseline -0.004 -19"><span class='ocrx_word' id='word_1_200' title='bbox 2222 549 2476 623; x_wconf 77' lang='grc' dir='ltr'><strong>θρώπους</strong></span> <span class='ocrx_word' id='word_1_201' title='bbox 2513 549 2834 622; x_wconf 73' lang='grc' dir='ltr'><strong>εὐεργεσίας</strong></span> <span class='ocrx_word' id='word_1_202' title='bbox 2874 549 2909 620; x_wconf 78' lang='grc' dir='ltr'><strong>ή</strong></span> <span class='ocrx_word' id='word_1_203' title='bbox 2941 545 3321 620; x_wconf 71' lang='grc' dir='ltr'><strong>φιλανθρωπία</strong></span> <span class='ocrx_word' id='word_1_204' title='bbox 3350 544 3446 601; x_wconf 81' lang='grc' dir='ltr'><strong>τοῦ</strong></span> <span class='ocrx_word' id='word_1_205' title='bbox 3488 543 3811 614; x_wconf 84' lang='grc' dir='ltr'><strong>παναγάθου</strong></span> 
     </span>
    </p>
   </div>
   <div class='ocr_carea' id='block_1_30' title="bbox 2221 641 2802 716">
    <p class='ocr_par' dir='ltr' id='par_1_30' title="bbox 2221 641 2802 716">
     <span class='ocr_line' id='line_1_30' title="bbox 2221 641 2802 716; baseline -0.005 -17"><span class='ocrx_word' id='word_1_206' title='bbox 2221 641 2359 698; x_wconf 72' lang='grc' dir='ltr'><strong>θεοῦ</strong></span> <span class='ocrx_word' id='word_1_207' title='bbox 2387 641 2802 716; x_wconf 83' lang='grc' dir='ltr'><strong>κατειργάσατο.</strong></span> 
     </span>
    </p>
   </div>
   <div class='ocr_carea' id='block_1_31' title="bbox 2432 728 3587 801">
    <p class='ocr_par' dir='ltr' id='par_1_31' title="bbox 2432 728 3587 801">
     <span class='ocr_line' id='line_1_31' title="bbox 2432 728 3587 801; baseline -0.004 -12"><span class='ocrx_word' id='word_1_208' title='bbox 2432 733 2546 790; x_wconf 74' lang='grc' dir='ltr'><strong>Τὸν</strong></span> <span class='ocrx_word' id='word_1_209' title='bbox 2568 731 2743 801; x_wconf 73' lang='grc' dir='ltr'><strong>Σηὸν</strong></span> <span class='ocrx_word' id='word_1_210' title='bbox 2766 731 3036 798; x_wconf 67' lang='grc' dir='ltr'><strong>βασιλέα</strong></span> <span class='ocrx_word' id='word_1_211' title='bbox 3063 728 3183 784; x_wconf 76' lang='grc' dir='ltr'><strong>τῶν</strong></span> <span class='ocrx_word' id='word_1_212' title='bbox 3212 729 3587 801; x_wconf 68' lang='grc' dir='ltr'><strong>Ἆμοῤῥαίυν.</strong></span> 
     </span>
    </p>
   </div>
   <div class='ocr_carea' id='block_1_32' title="bbox 2305 817 3817 896">
    <p class='ocr_par' dir='ltr' id='par_1_32' title="bbox 2305 817 3817 896">
     <span class='ocr_line' id='line_1_32' title="bbox 2305 817 3817 896; baseline -0.005 -18"><span class='ocrx_word' id='word_1_213' title='bbox 2305 821 2733 896; x_wconf 81' lang='grc' dir='ltr'><strong>Ἕρμηνεύονται</strong></span> <span class='ocrx_word' id='word_1_214' title='bbox 2759 821 2817 877; x_wconf 74' lang='grc' dir='ltr'><strong>δι</strong></span> <span class='ocrx_word' id='word_1_215' title='bbox 2861 821 3178 893; x_wconf 75' lang='grc' dir='ltr'><strong>’Δμορραῖοι</strong></span> <span class='ocrx_word' id='word_1_216' title='bbox 3207 821 3308 892; x_wconf 75' lang='grc' dir='ltr'><strong>μὶν</strong></span> <span class='ocrx_word' id='word_1_217' title='bbox 3329 817 3582 888; x_wconf 63' lang='lat' dir='ltr'><strong>mucci</strong></span> <span class='ocrx_word' id='word_1_218' title='bbox 3619 831 3817 886; x_wconf 60' lang='lat' dir='ltr'><strong>sape»</strong></span> 
     </span>
    </p>
   </div>
   <div class='ocr_carea' id='block_1_33' title="bbox 2225 906 3814 983">
    <p class='ocr_par' dir='ltr' id='par_1_33' title="bbox 2225 906 3814 983">
     <span class='ocr_line' id='line_1_33' title="bbox 2225 906 3814 983; baseline -0.006 -14"><span class='ocrx_word' id='word_1_219' title='bbox 2225 914 2664 983; x_wconf 60' lang='grc' dir='ltr'><strong>πικράν-οντες,</strong></span> <span class='ocrx_word' id='word_1_220' title='bbox 2697 913 2794 968; x_wconf 74' lang='grc' dir='ltr'><strong>καὶ</strong></span> <span class='ocrx_word' id='word_1_221' title='bbox 2821 913 2852 966; x_wconf 85' lang='grc' dir='ltr'><strong>ό</strong></span> <span class='ocrx_word' id='word_1_222' title='bbox 2879 910 3087 967; x_wconf 82' lang='grc' dir='ltr'><strong>τούτων</strong></span> <span class='ocrx_word' id='word_1_223' title='bbox 3109 908 3364 981; x_wconf 82' lang='grc' dir='ltr'><strong>βασιλεὺς</strong></span> <span class='ocrx_word' id='word_1_224' title='bbox 3395 906 3572 982; x_wconf 75' lang='grc' dir='ltr'><strong>Σηὼν,</strong></span> <span class='ocrx_word' id='word_1_225' title='bbox 3601 921 3814 976; x_wconf 74' lang='grc' dir='ltr'><strong>πεφα-</strong></span> 
     </span>
    </p>
   </div>
   <div class='ocr_carea' id='block_1_34' title="bbox 2225 998 3816 1078">
    <p class='ocr_par' dir='ltr' id='par_1_34' title="bbox 2225 998 3816 1078">
     <span class='ocr_line' id='line_1_34' title="bbox 2225 998 3816 1078; baseline -0.005 -17"><span class='ocrx_word' id='word_1_226' title='bbox 2225 1006 2383 1078; x_wconf 78' lang='grc' dir='ltr'><strong>σμὸς</strong></span> <span class='ocrx_word' id='word_1_227' title='bbox 2408 1006 2504 1060; x_wconf 80' lang='grc' dir='ltr'><strong>καὶ</strong></span> <span class='ocrx_word' id='word_1_228' title='bbox 2531 1005 2939 1075; x_wconf 74' lang='grc' dir='ltr'><strong>παροργισμός</strong></span> <span class='ocrx_word' id='word_1_229' title='bbox 2958 1019 2974 1034; x_wconf 80' lang='grc' dir='ltr'><strong>ο</strong></span> <span class='ocrx_word' id='word_1_230' title='bbox 3001 1003 3052 1056; x_wconf 82' lang='lat' dir='ltr'><strong>oi</strong></span> <span class='ocrx_word' id='word_1_231' title='bbox 3087 1002 3251 1058; x_wconf 76' lang='grc' dir='ltr'><strong>δεινοὶ</strong></span> <span class='ocrx_word' id='word_1_232' title='bbox 3277 1001 3386 1075; x_wconf 82' lang='grc' dir='ltr'><strong>γάρ</strong></span> <span class='ocrx_word' id='word_1_233' title='bbox 3427 1001 3564 1074; x_wconf 77' lang='grc' dir='ltr'><strong>πρὸς</strong></span> <span class='ocrx_word' id='word_1_234' title='bbox 3588 998 3816 1071; x_wconf 77' lang='grc' dir='ltr'><strong>ἀπάτην</strong></span> 
     </span>
    </p>
   </div>
   <div class='ocr_carea' id='block_1_35' title="bbox 2229 1091 3819 1170">
    <p class='ocr_par' dir='ltr' id='par_1_35' title="bbox 2229 1091 3819 1170">
     <span class='ocr_line' id='line_1_35' title="bbox 2229 1091 3819 1170; baseline -0.003 -17"><span class='ocrx_word' id='word_1_235' title='bbox 2229 1096 2550 1170; x_wconf 71' lang='grc' dir='ltr'><strong>σοφιστικὴν</strong></span> <span class='ocrx_word' id='word_1_236' title='bbox 2568 1094 3094 1169; x_wconf 76' lang='grc' dir='ltr'><strong>καταπικραίνοντις</strong></span> <span class='ocrx_word' id='word_1_237' title='bbox 3111 1094 3252 1148; x_wconf 89' lang='grc' dir='ltr'><strong>είσιν</strong></span> <span class='ocrx_word' id='word_1_238' title='bbox 3277 1092 3522 1164; x_wconf 82' lang='grc' dir='ltr'><strong>λαλητοὶ,</strong></span> <span class='ocrx_word' id='word_1_239' title='bbox 3545 1092 3671 1156; x_wconf 73' lang='grc' dir='ltr'><strong>τοὺς</strong></span> <span class='ocrx_word' id='word_1_240' title='bbox 3692 1091 3819 1148; x_wconf 73' lang='grc' dir='ltr'><strong>ὅσοι</strong></span> 
     </span>
    </p>
   </div>
   <div class='ocr_carea' id='block_1_36' title="bbox 2227 1183 3820 1263">
    <p class='ocr_par' dir='ltr' id='par_1_36' title="bbox 2227 1183 3820 1263">
     <span class='ocr_line' id='line_1_36' title="bbox 2227 1183 3820 1263; baseline -0.005 -17"><span class='ocrx_word' id='word_1_241' title='bbox 2227 1190 2336 1262; x_wconf 84' lang='grc' dir='ltr'><strong>τῆς</strong></span> <span class='ocrx_word' id='word_1_242' title='bbox 2354 1189 2611 1263; x_wconf 76' lang='grc' dir='ltr'><strong>ἀληθείας</strong></span> <span class='ocrx_word' id='word_1_243' title='bbox 2635 1189 2777 1244; x_wconf 76' lang='grc' dir='ltr'><strong>είσὶν</strong></span> <span class='ocrx_word' id='word_1_244' title='bbox 2803 1188 3034 1258; x_wconf 70' lang='grc' dir='ltr'><strong>ἐρασταὶ</strong></span> <span class='ocrx_word' id='word_1_245' title='bbox 3066 1186 3313 1250; x_wconf 80' lang='grc' dir='ltr'><strong>θέλοντες</strong></span> <span class='ocrx_word' id='word_1_246' title='bbox 3345 1185 3440 1240; x_wconf 73' lang='grc' dir='ltr'><strong>επὶ</strong></span> <span class='ocrx_word' id='word_1_247' title='bbox 3465 1183 3682 1256; x_wconf 81' lang='grc' dir='ltr'><strong>ἀπάτης</strong></span> <span class='ocrx_word' id='word_1_248' title='bbox 3712 1184 3820 1237; x_wconf 78' lang='grc' dir='ltr'><strong>λα-</strong></span> 
     </span>
    </p>
   </div>
   <div class='ocr_carea' id='block_1_37' title="bbox 2229 1271 3817 1353">
    <p class='ocr_par' dir='ltr' id='par_1_37' title="bbox 2229 1271 3817 1353">
     <span class='ocr_line' id='line_1_37' title="bbox 2229 1271 3817 1353; baseline -0.006 -17"><span class='ocrx_word' id='word_1_249' title='bbox 2229 1280 2438 1336; x_wconf 86' lang='grc' dir='ltr'><strong>λεῖσθαι</strong></span> <span class='ocrx_word' id='word_1_250' title='bbox 2475 1279 2572 1335; x_wconf 73' lang='grc' dir='ltr'><strong>καὶ</strong></span> <span class='ocrx_word' id='word_1_251' title='bbox 2611 1278 2855 1353; x_wconf 64' lang='grc' dir='ltr'><strong>ᾅδεσθαι,</strong></span> <span class='ocrx_word' id='word_1_252' title='bbox 2911 1273 3195 1353; x_wconf 73' lang='grc' dir='ltr'><strong>πειράζειν</strong></span> <span class='ocrx_word' id='word_1_253' title='bbox 3231 1290 3292 1329; x_wconf 86' lang='grc' dir='ltr'><strong>τε</strong></span> <span class='ocrx_word' id='word_1_254' title='bbox 3324 1275 3421 1330; x_wconf 72' lang='grc' dir='ltr'><strong>καὶ</strong></span> <span class='ocrx_word' id='word_1_255' title='bbox 3454 1271 3817 1348; x_wconf 75' lang='grc' dir='ltr'><strong>παροργίζειν</strong></span> 
     </span>
    </p>
   </div>
   <div class='ocr_carea' id='block_1_38' title="bbox 2230 1350 3814 1444">
    <p class='ocr_par' dir='ltr' id='par_1_38' title="bbox 2230 1350 3814 1444">
     <span class='ocr_line' id='line_1_38' title="bbox 2230 1350 3814 1444; baseline -0.003 -19"><span class='ocrx_word' id='word_1_256' title='bbox 2230 1371 2444 1444; x_wconf 67' lang='grc' dir='ltr'><strong>ἔχοντες</strong></span> <span class='ocrx_word' id='word_1_257' title='bbox 2468 1372 2563 1426; x_wconf 80' lang='grc' dir='ltr'><strong>τὸν</strong></span> <span class='ocrx_word' id='word_1_258' title='bbox 2875 1369 3059 1426; x_wconf 82' lang='grc' dir='ltr'><strong>Βασάν</strong></span> <span class='ocrx_word' id='word_1_259' title='bbox 3087 1350 3145 1424; x_wconf 69' lang='grc' dir='ltr'><strong>δὲ</strong></span> <span class='ocrx_word' id='word_1_260' title='bbox 3175 1369 3483 1438; x_wconf 67' lang='grc' dir='ltr'><strong>αἰσχύνην</strong></span> <span class='ocrx_word' id='word_1_261' title='bbox 3527 1366 3814 1440; x_wconf 81' lang='grc' dir='ltr'><strong>μεθερμη-</strong></span> 
     </span>
    </p>
   </div>
   <div class='ocr_carea' id='block_1_39' title="bbox 2230 1459 3819 1536">
    <p class='ocr_par' dir='ltr' id='par_1_39' title="bbox 2230 1459 3819 1536">
     <span class='ocr_line' id='line_1_39' title="bbox 2230 1459 3819 1536; baseline -0.002 -20"><span class='ocrx_word' id='word_1_262' title='bbox 2230 1463 2519 1535; x_wconf 67' lang='grc' dir='ltr'><strong>νευομένη,</strong></span> <span class='ocrx_word' id='word_1_263' title='bbox 2564 1461 2666 1536; x_wconf 78' lang='grc' dir='ltr'><strong>τὴν</strong></span> <span class='ocrx_word' id='word_1_264' title='bbox 2706 1463 2832 1528; x_wconf 79' lang='grc' dir='ltr'><strong>τοὺς</strong></span> <span class='ocrx_word' id='word_1_265' title='bbox 2869 1463 3074 1527; x_wconf 80' lang='grc' dir='ltr'><strong>κακοὺς</strong></span> <span class='ocrx_word' id='word_1_266' title='bbox 3110 1460 3578 1533; x_wconf 89' lang='grc' dir='ltr'><strong>καταισχύνουσαν</strong></span> <span class='ocrx_word' id='word_1_267' title='bbox 3609 1459 3819 1514; x_wconf 89' lang='grc' dir='ltr'><strong>κακίαν</strong></span> 
     </span>
    </p>
   </div>
   <div class='ocr_carea' id='block_1_40' title="bbox 2231 1549 3812 1629">
    <p class='ocr_par' dir='ltr' id='par_1_40' title="bbox 2231 1549 3812 1629">
     <span class='ocr_line' id='line_1_40' title="bbox 2231 1549 3812 1629; baseline -0.004 -19"><span class='ocrx_word' id='word_1_268' title='bbox 2231 1555 2383 1627; x_wconf 88' lang='grc' dir='ltr'><strong>δηλοῖ</strong></span> <span class='ocrx_word' id='word_1_269' title='bbox 2399 1572 2414 1586; x_wconf 76' lang='grc' dir='ltr'><strong>ο</strong></span> <span class='ocrx_word' id='word_1_270' title='bbox 2436 1549 2507 1629; x_wconf 82' lang='grc' dir='ltr'><strong>ἦς</strong></span> <span class='ocrx_word' id='word_1_271' title='bbox 2529 1554 2559 1607; x_wconf 86' lang='grc' dir='ltr'><strong>ό</strong></span> <span class='ocrx_word' id='word_1_272' title='bbox 2585 1554 2835 1627; x_wconf 80' lang='grc' dir='ltr'><strong>βασιλεὺς</strong></span> <span class='ocrx_word' id='word_1_273' title='bbox 2861 1555 2978 1620; x_wconf 79' lang='grc' dir='ltr'><strong>Ὧν,</strong></span> <span class='ocrx_word' id='word_1_274' title='bbox 3005 1555 3103 1610; x_wconf 79' lang='grc' dir='ltr'><strong>σὺν</strong></span> <span class='ocrx_word' id='word_1_275' title='bbox 3123 1554 3203 1625; x_wconf 83' lang='grc' dir='ltr'><strong>τῷ</strong></span> <span class='ocrx_word' id='word_1_276' title='bbox 3221 1552 3374 1625; x_wconf 82' lang='grc' dir='ltr'><strong>Σηὼν</strong></span> <span class='ocrx_word' id='word_1_277' title='bbox 3398 1551 3812 1606; x_wconf 66' lang='grc' dir='ltr'><strong>άποκτίννυταν</strong></span> 
     </span>
    </p>
   </div>
   <div class='ocr_carea' id='block_1_41' title="bbox 2231 1643 3816 1719">
    <p class='ocr_par' dir='ltr' id='par_1_41' title="bbox 2231 1643 3816 1719">
     <span class='ocr_line' id='line_1_41' title="bbox 2231 1643 3816 1719; baseline -0.003 -19"><span class='ocrx_word' id='word_1_278' title='bbox 2231 1647 2380 1709; x_wconf 75' lang='grc' dir='ltr'><strong>ὅπως</strong></span> <span class='ocrx_word' id='word_1_279' title='bbox 2411 1643 2492 1716; x_wconf 82' lang='grc' dir='ltr'><strong>τῷ</strong></span> <span class='ocrx_word' id='word_1_280' title='bbox 2527 1646 2744 1719; x_wconf 76' lang='grc' dir='ltr'><strong>Ἰσραὴλ</strong></span> <span class='ocrx_word' id='word_1_281' title='bbox 2767 1648 2802 1719; x_wconf 75' lang='grc' dir='ltr'><strong>ἡ</strong></span> <span class='ocrx_word' id='word_1_282' title='bbox 2830 1647 2924 1717; x_wconf 81' lang='grc' dir='ltr'><strong>γῆ,</strong></span> <span class='ocrx_word' id='word_1_283' title='bbox 2950 1648 3015 1718; x_wconf 67' lang='grc' dir='ltr'><strong>ἢν</strong></span> <span class='ocrx_word' id='word_1_284' title='bbox 3041 1646 3226 1710; x_wconf 85' lang='grc' dir='ltr'><strong>κακῶς</strong></span> <span class='ocrx_word' id='word_1_285' title='bbox 3252 1643 3535 1717; x_wconf 67' lang='grc' dir='ltr'><strong>ἀκράτουν,</strong></span> <span class='ocrx_word' id='word_1_286' title='bbox 3563 1659 3816 1713; x_wconf 80' lang='grc' dir='ltr'><strong>σοφιστι-</strong></span> 
     </span>
    </p>
   </div>
   <div class='ocr_carea' id='block_1_42' title="bbox 2235 1735 3821 1811">
    <p class='ocr_par' dir='ltr' id='par_1_42' title="bbox 2235 1735 3821 1811">
     <span class='ocr_line' id='line_1_42' title="bbox 2235 1735 3821 1811; baseline 0.001 -21"><span class='ocrx_word' id='word_1_287' title='bbox 2235 1735 2347 1801; x_wconf 86' lang='grc' dir='ltr'><strong>κῶς</strong></span> <span class='ocrx_word' id='word_1_288' title='bbox 2366 1735 2462 1791; x_wconf 75' lang='grc' dir='ltr'><strong>καὶ</strong></span> <span class='ocrx_word' id='word_1_289' title='bbox 2488 1738 2627 1809; x_wconf 85' lang='grc' dir='ltr'><strong>μετά</strong></span> <span class='ocrx_word' id='word_1_290' title='bbox 2663 1738 2942 1811; x_wconf 71' lang='grc' dir='ltr'><strong>μοχθηρᾶς</strong></span> <span class='ocrx_word' id='word_1_291' title='bbox 2964 1739 3131 1808; x_wconf 70' lang='grc' dir='ltr'><strong>ἕξεως</strong></span> <span class='ocrx_word' id='word_1_292' title='bbox 3153 1739 3282 1811; x_wconf 76' lang='grc' dir='ltr'><strong>περὶ</strong></span> <span class='ocrx_word' id='word_1_293' title='bbox 3301 1738 3401 1810; x_wconf 82' lang='grc' dir='ltr'><strong>τὴν</strong></span> <span class='ocrx_word' id='word_1_294' title='bbox 3421 1737 3532 1793; x_wconf 85' lang='grc' dir='ltr'><strong>τῶν</strong></span> <span class='ocrx_word' id='word_1_295' title='bbox 3551 1735 3821 1810; x_wconf 81' lang='grc' dir='ltr'><strong>πραγμά-</strong></span> 
     </span>
    </p>
   </div>
   <div class='ocr_carea' id='block_1_43' title="bbox 2164 1811 3814 1900">
    <p class='ocr_par' dir='ltr' id='par_1_43' title="bbox 2164 1811 3814 1900">
     <span class='ocr_line' id='line_1_43' title="bbox 2164 1811 3814 1900; baseline 0.011 -21"><span class='ocrx_word' id='word_1_296' title='bbox 2164 1811 2207 1871; x_wconf 76' lang='grc' dir='ltr'><strong><em>Β</em></strong></span> <span class='ocrx_word' id='word_1_297' title='bbox 2233 1843 2341 1882; x_wconf 87' lang='grc' dir='ltr'><strong>των</strong></span> <span class='ocrx_word' id='word_1_298' title='bbox 2367 1826 2736 1900; x_wconf 73' lang='grc' dir='ltr'><strong>διατρίϐοντες</strong></span> <span class='ocrx_word' id='word_1_299' title='bbox 2763 1828 2946 1898; x_wconf 71' lang='grc' dir='ltr'><strong>φύσιν.</strong></span> <span class='ocrx_word' id='word_1_300' title='bbox 2967 1827 3250 1893; x_wconf 70' lang='grc' dir='ltr'><strong>δοκοῦντες</strong></span> <span class='ocrx_word' id='word_1_301' title='bbox 3289 1826 3593 1899; x_wconf 68' lang='grc' dir='ltr'><strong>βασιλεύειν</strong></span> <span class='ocrx_word' id='word_1_302' title='bbox 3616 1825 3814 1896; x_wconf 54' lang='grc' dir='ltr'><strong>αὐτῆς</strong></span> 
     </span>
    </p>
   </div>
   <div class='ocr_carea' id='block_1_44' title="bbox 2229 1912 3819 1993">
    <p class='ocr_par' dir='ltr' id='par_1_44' title="bbox 2229 1912 3819 1993">
     <span class='ocr_line' id='line_1_44' title="bbox 2229 1912 3819 1993; baseline -0.001 -20"><span class='ocrx_word' id='word_1_303' title='bbox 2229 1918 2344 1972; x_wconf 83' lang='grc' dir='ltr'><strong>ἀλλ’</strong></span> <span class='ocrx_word' id='word_1_304' title='bbox 2391 1919 2754 1992; x_wconf 79' lang='grc' dir='ltr'><strong>ἀφαιρεθεῖσα</strong></span> <span class='ocrx_word' id='word_1_305' title='bbox 2795 1920 2975 1974; x_wconf 76' lang='grc' dir='ltr'><strong>αὐτῶν</strong></span> <span class='ocrx_word' id='word_1_306' title='bbox 2994 1912 3058 1991; x_wconf 73' lang='grc' dir='ltr'><strong>’ἡ</strong></span> <span class='ocrx_word' id='word_1_307' title='bbox 3117 1919 3530 1993; x_wconf 67' lang='grc' dir='ltr'><strong>ἑρμηνευομένη</strong></span> <span class='ocrx_word' id='word_1_308' title='bbox 3580 1918 3674 1990; x_wconf 83' lang='grc' dir='ltr'><strong>γῆ,</strong></span> <span class='ocrx_word' id='word_1_309' title='bbox 3729 1917 3819 1983; x_wconf 90' lang='grc' dir='ltr'><strong>είς</strong></span> 
     </span>
    </p>
   </div>
   <div class='ocr_carea' id='block_1_45' title="bbox 2230 2011 3819 2085">
    <p class='ocr_par' dir='ltr' id='par_1_45' title="bbox 2230 2011 3819 2085">
     <span class='ocr_line' id='line_1_45' title="bbox 2230 2011 3819 2085; baseline -0.001 -20"><span class='ocrx_word' id='word_1_310' title='bbox 2230 2011 2559 2083; x_wconf 79' lang='grc' dir='ltr'><strong>κατάσχεσιν</strong></span> <span class='ocrx_word' id='word_1_311' title='bbox 2589 2011 2668 2084; x_wconf 84' lang='grc' dir='ltr'><strong>τῷ</strong></span> <span class='ocrx_word' id='word_1_312' title='bbox 2718 2012 2935 2084; x_wconf 78' lang='grc' dir='ltr'><strong>Ἰσραὴλ</strong></span> <span class='ocrx_word' id='word_1_313' title='bbox 2971 2012 3172 2068; x_wconf 88' lang='grc' dir='ltr'><strong>δίδοται</strong></span> <span class='ocrx_word' id='word_1_314' title='bbox 3207 2013 3299 2067; x_wconf 76' lang='grc' dir='ltr'><strong>επὶ</strong></span> <span class='ocrx_word' id='word_1_315' title='bbox 3334 2012 3416 2085; x_wconf 83' lang='grc' dir='ltr'><strong>τῷ</strong></span> <span class='ocrx_word' id='word_1_316' title='bbox 3455 2013 3819 2085; x_wconf 69' lang='grc' dir='ltr'><strong>κληρονομεῖν</strong></span> 
     </span>
    </p>
   </div>
   <div class='ocr_carea' id='block_1_46' title="bbox 2230 2101 3812 2176">
    <p class='ocr_par' dir='ltr' id='par_1_46' title="bbox 2230 2101 3812 2176">
     <span class='ocr_line' id='line_1_46' title="bbox 2230 2101 3812 2176; baseline 0 -20"><span class='ocrx_word' id='word_1_317' title='bbox 2230 2103 2420 2176; x_wconf 77' lang='grc' dir='ltr'><strong>αὐτὴν,</strong></span> <span class='ocrx_word' id='word_1_318' title='bbox 2456 2101 2627 2176; x_wconf 83' lang='grc' dir='ltr'><strong>δούλῳ</strong></span> <span class='ocrx_word' id='word_1_319' title='bbox 2652 2105 2860 2175; x_wconf 78' lang='grc' dir='ltr'><strong>γνησίῳ</strong></span> <span class='ocrx_word' id='word_1_320' title='bbox 2883 2102 2978 2158; x_wconf 78' lang='grc' dir='ltr'><strong>τοῦ</strong></span> <span class='ocrx_word' id='word_1_321' title='bbox 3007 2105 3225 2160; x_wconf 87' lang='grc' dir='ltr'><strong>πάντων</strong></span> <span class='ocrx_word' id='word_1_322' title='bbox 3267 2103 3442 2159; x_wconf 81' lang='grc' dir='ltr'><strong>αίτίου</strong></span> <span class='ocrx_word' id='word_1_323' title='bbox 3464 2103 3812 2175; x_wconf 81' lang='grc' dir='ltr'><strong>τυγχάνοντι.</strong></span> 
     </span>
    </p>
   </div>
   <div class='ocr_carea' id='block_1_47' title="bbox 2235 2189 3819 2266">
    <p class='ocr_par' dir='ltr' id='par_1_47' title="bbox 2235 2189 3819 2266">
     <span class='ocr_line' id='line_1_47' title="bbox 2235 2189 3819 2266; baseline 0 -18"><span class='ocrx_word' id='word_1_324' title='bbox 2235 2193 2365 2248; x_wconf 79' lang='grc' dir='ltr'><strong>Ὀτι</strong></span> <span class='ocrx_word' id='word_1_325' title='bbox 2403 2194 2475 2248; x_wconf 80' lang='grc' dir='ltr'><strong>ὲν</strong></span> <span class='ocrx_word' id='word_1_326' title='bbox 2511 2193 2589 2263; x_wconf 74' lang='grc' dir='ltr'><strong>τῇ</strong></span> <span class='ocrx_word' id='word_1_327' title='bbox 2637 2194 2991 2250; x_wconf 76' lang='grc' dir='ltr'><strong>ταπεινώσει</strong></span> <span class='ocrx_word' id='word_1_328' title='bbox 3038 2193 3208 2265; x_wconf 72' lang='grc' dir='ltr'><strong>ἡμῶν</strong></span> <span class='ocrx_word' id='word_1_329' title='bbox 3261 2194 3534 2266; x_wconf 78' lang='grc' dir='ltr'><strong>ἐμνήσθη</strong></span> <span class='ocrx_word' id='word_1_330' title='bbox 3562 2189 3747 2266; x_wconf 60' lang='lat' dir='ltr'><strong>Mr</strong></span> <span class='ocrx_word' id='word_1_331' title='bbox 3782 2195 3819 2248; x_wconf 81' lang='grc' dir='ltr'><em>ὀ</em></span> 
     </span>
    </p>
   </div>
   <div class='ocr_carea' id='block_1_48' title="bbox 2900 2266 3137 2334">
    <p class='ocr_par' dir='ltr' id='par_1_48' title="bbox 2900 2266 3137 2334">
     <span class='ocr_line' id='line_1_48' title="bbox 2900 2266 3137 2334; baseline -0.004 -14"><span class='ocrx_word' id='word_1_332' title='bbox 2900 2266 3137 2334; x_wconf 81' lang='grc' dir='ltr'><strong>Κύριος.</strong></span> 
     </span>
    </p>
   </div>
   <div class='ocr_carea' id='block_1_49' title="bbox 2303 2352 3820 2428">
    <p class='ocr_par' dir='ltr' id='par_1_49' title="bbox 2303 2352 3820 2428">
     <span class='ocr_line' id='line_1_49' title="bbox 2303 2352 3820 2428; baseline 0.002 -22"><span class='ocrx_word' id='word_1_333' title='bbox 2303 2352 2414 2407; x_wconf 77' lang='grc' dir='ltr'><strong>Καὶ</strong></span> <span class='ocrx_word' id='word_1_334' title='bbox 2456 2354 2514 2406; x_wconf 72' lang='grc' dir='ltr'><strong>εν</strong></span> <span class='ocrx_word' id='word_1_335' title='bbox 2556 2356 2673 2419; x_wconf 77' lang='grc' dir='ltr'><strong>τοῖς</strong></span> <span class='ocrx_word' id='word_1_336' title='bbox 2699 2353 2956 2427; x_wconf 72' lang='grc' dir='ltr'><strong>ἀνωτέρω</strong></span> <span class='ocrx_word' id='word_1_337' title='bbox 3001 2355 3274 2428; x_wconf 81' lang='grc' dir='ltr'><strong>διαφόρως</strong></span> <span class='ocrx_word' id='word_1_338' title='bbox 3313 2354 3661 2410; x_wconf 75' lang='grc' dir='ltr'><strong>ἐπεδείκνυτο</strong></span> <span class='ocrx_word' id='word_1_339' title='bbox 3709 2353 3820 2409; x_wconf 80' lang='grc' dir='ltr'><strong>Ἰσ-</strong></span> 
     </span>
    </p>
   </div>
   <div class='ocr_carea' id='block_1_50' title="bbox 2233 2443 3819 2521">
    <p class='ocr_par' dir='ltr' id='par_1_50' title="bbox 2233 2443 3819 2521">
     <span class='ocr_line' id='line_1_50' title="bbox 2233 2443 3819 2521; baseline 0.003 -25"><span class='ocrx_word' id='word_1_340' title='bbox 2233 2443 2391 2515; x_wconf 82' lang='grc' dir='ltr'><strong>ραὴλ,</strong></span> <span class='ocrx_word' id='word_1_341' title='bbox 2420 2445 2481 2498; x_wconf 79' lang='grc' dir='ltr'><strong>ού</strong></span> <span class='ocrx_word' id='word_1_342' title='bbox 2530 2445 2589 2498; x_wconf 79' lang='grc' dir='ltr'><strong>τὸ</strong></span> <span class='ocrx_word' id='word_1_343' title='bbox 2630 2445 2787 2514; x_wconf 82' lang='grc' dir='ltr'><strong>γένος</strong></span> <span class='ocrx_word' id='word_1_344' title='bbox 2837 2446 2946 2503; x_wconf 91' lang='grc' dir='ltr'><strong>τῶν</strong></span> <span class='ocrx_word' id='word_1_345' title='bbox 3009 2447 3278 2502; x_wconf 79' lang='grc' dir='ltr'><strong>Ἰουδαίων</strong></span> <span class='ocrx_word' id='word_1_346' title='bbox 3316 2448 3598 2521; x_wconf 80' lang='grc' dir='ltr'><strong>ὑπάρχων,</strong></span> <span class='ocrx_word' id='word_1_347' title='bbox 3635 2445 3753 2502; x_wconf 78' lang='grc' dir='ltr'><strong>ἀλλ’</strong></span> <span class='ocrx_word' id='word_1_348' title='bbox 3783 2447 3819 2500; x_wconf 79' lang='grc' dir='ltr'><strong>ό</strong></span> 
     </span>
    </p>
   </div>
   <div class='ocr_carea' id='block_1_51' title="bbox 2231 2533 3817 2611">
    <p class='ocr_par' dir='ltr' id='par_1_51' title="bbox 2231 2533 3817 2611">
     <span class='ocr_line' id='line_1_51' title="bbox 2231 2533 3817 2611; baseline 0.004 -26"><span class='ocrx_word' id='word_1_349' title='bbox 2231 2533 2440 2586; x_wconf 87' lang='grc' dir='ltr'><strong>τοιόσδε</strong></span> <span class='ocrx_word' id='word_1_350' title='bbox 2465 2536 2566 2605; x_wconf 78' lang='grc' dir='ltr'><strong>τῆς</strong></span> <span class='ocrx_word' id='word_1_351' title='bbox 2582 2533 2890 2601; x_wconf 76' lang='grc' dir='ltr'><strong>θεοσεϐείας</strong></span> <span class='ocrx_word' id='word_1_352' title='bbox 2910 2536 3130 2611; x_wconf 82' lang='grc' dir='ltr'><strong>τρόποις</strong></span> <span class='ocrx_word' id='word_1_353' title='bbox 3147 2537 3277 2610; x_wconf 71' lang='grc'><strong>(12)’</strong></span> <span class='ocrx_word' id='word_1_354' title='bbox 3290 2540 3373 2592; x_wconf 83' lang='grc' dir='ltr'><strong>οὐ</strong></span> <span class='ocrx_word' id='word_1_355' title='bbox 3393 2539 3505 2608; x_wconf 76' lang='grc' dir='ltr'><strong>γὰρ</strong></span> <span class='ocrx_word' id='word_1_356' title='bbox 3517 2536 3742 2605; x_wconf 75' lang='grc' dir='ltr'><strong>πάντες</strong></span> <span class='ocrx_word' id='word_1_357' title='bbox 3756 2539 3817 2592; x_wconf 83' lang='grc' dir='ltr'><strong>οι</strong></span> 
     </span>
    </p>
   </div>
   <div class='ocr_carea' id='block_1_52' title="bbox 2229 2620 3819 2697">
    <p class='ocr_par' dir='ltr' id='par_1_52' title="bbox 2229 2620 3819 2697">
     <span class='ocr_line' id='line_1_52' title="bbox 2229 2620 3819 2697; baseline 0.003 -20"><span class='ocrx_word' id='word_1_358' title='bbox 2229 2621 2298 2687; x_wconf 80' lang='grc' dir='ltr'><strong>ἐξ</strong></span> <span class='ocrx_word' id='word_1_359' title='bbox 2326 2623 2592 2693; x_wconf 76' lang='grc' dir='ltr'><strong>Ἰσραὴλ.</strong></span> <span class='ocrx_word' id='word_1_360' title='bbox 2611 2620 2779 2681; x_wconf 80' lang='grc' dir='ltr'><strong>οὗτοι</strong></span> <span class='ocrx_word' id='word_1_361' title='bbox 2808 2625 3077 2695; x_wconf 70' lang='grc' dir='ltr'><strong>Ἰσραήλ·</strong></span> <span class='ocrx_word' id='word_1_362' title='bbox 3101 2627 3246 2682; x_wconf 82' lang='grc' dir='ltr'><strong>οὐδὲ</strong></span> <span class='ocrx_word' id='word_1_363' title='bbox 3259 2628 3296 2695; x_wconf 82' lang='grc' dir='ltr'><strong><em>ἠ</em></strong></span> <span class='ocrx_word' id='word_1_364' title='bbox 3309 2627 3381 2680; x_wconf 81' lang='grc' dir='ltr'><strong>ἐν</strong></span> <span class='ocrx_word' id='word_1_365' title='bbox 3395 2627 3477 2694; x_wconf 83' lang='grc' dir='ltr'><strong>τῷ</strong></span> <span class='ocrx_word' id='word_1_366' title='bbox 3488 2626 3724 2697; x_wconf 71' lang='grc' dir='ltr'><strong>φανερῷ</strong></span> <span class='ocrx_word' id='word_1_367' title='bbox 3741 2628 3819 2682; x_wconf 72' lang='grc' dir='ltr'><strong>ὲν</strong></span> 
     </span>
    </p>
   </div>
   <div class='ocr_carea' id='block_1_53' title="bbox 2228 2715 3819 2793">
    <p class='ocr_par' dir='ltr' id='par_1_53' title="bbox 2228 2715 3819 2793">
     <span class='ocr_line' id='line_1_53' title="bbox 2228 2715 3819 2793; baseline 0.002 -24"><span class='ocrx_word' id='word_1_368' title='bbox 2228 2715 2412 2782; x_wconf 77' lang='grc' dir='ltr'><strong>σαρκί</strong></span> <span class='ocrx_word' id='word_1_369' title='bbox 2441 2715 2748 2793; x_wconf 78' lang='grc' dir='ltr'><strong>περιτομὴ,</strong></span> <span class='ocrx_word' id='word_1_370' title='bbox 2789 2717 2933 2771; x_wconf 87' lang='grc' dir='ltr'><strong>κατά</strong></span> <span class='ocrx_word' id='word_1_371' title='bbox 2959 2716 3404 2781; x_wconf 80' lang='grc' dir='ltr'><strong>τδνἎπόστολον,</strong></span> <span class='ocrx_word' id='word_1_372' title='bbox 3434 2717 3573 2772; x_wconf 67' lang='grc' dir='ltr'><strong>ἀλλ’</strong></span> <span class='ocrx_word' id='word_1_373' title='bbox 3595 2715 3711 2772; x_wconf 66' lang='lat' dir='ltr'><strong>der</strong></span> <span class='ocrx_word' id='word_1_374' title='bbox 3731 2716 3819 2783; x_wconf 78' lang='grc' dir='ltr'><strong>τῷ</strong></span> 
     </span>
    </p>
   </div>
   <div class='ocr_carea' id='block_1_54' title="bbox 2228 2802 3820 2878">
    <p class='ocr_par' dir='ltr' id='par_1_54' title="bbox 2228 2802 3820 2878">
     <span class='ocr_line' id='line_1_54' title="bbox 2228 2802 3820 2878; baseline 0.003 -20"><span class='ocrx_word' id='word_1_375' title='bbox 2228 2802 2475 2872; x_wconf 79' lang='grc' dir='ltr'><strong>κρυπτῷ</strong></span> <span class='ocrx_word' id='word_1_376' title='bbox 2502 2803 2792 2872; x_wconf 77' lang='grc' dir='ltr'><strong>Ἰουδαῖος</strong></span> <span class='ocrx_word' id='word_1_377' title='bbox 2809 2847 2826 2872; x_wconf 98' lang='grc'><strong>,</strong></span> <span class='ocrx_word' id='word_1_378' title='bbox 2855 2806 2952 2859; x_wconf 75' lang='grc' dir='ltr'><strong>καί</strong></span> <span class='ocrx_word' id='word_1_379' title='bbox 2973 2805 3255 2876; x_wconf 81' lang='grc' dir='ltr'><strong>περιτομὴ</strong></span> <span class='ocrx_word' id='word_1_380' title='bbox 3274 2805 3524 2877; x_wconf 71' lang='grc' dir='ltr'><strong>καρδίας</strong></span> <span class='ocrx_word' id='word_1_381' title='bbox 3538 2808 3610 2862; x_wconf 87' lang='grc' dir='ltr'><strong>οὐ</strong></span> <span class='ocrx_word' id='word_1_382' title='bbox 3630 2805 3820 2878; x_wconf 60' lang='grc' dir='ltr'><strong>ψάμ-</strong></span> 
     </span>
    </p>
   </div>
   <div class='ocr_carea' id='block_1_55' title="bbox 561 2892 2132 2983">
    <p class='ocr_par' dir='ltr' id='par_1_55' title="bbox 561 2907 2132 2983">
     <span class='ocr_line' id='line_1_55' title="bbox 561 2907 2132 2983; baseline 0.011 -25"><span class='ocrx_word' id='word_1_383' title='bbox 561 2907 736 2960; x_wconf 85' lang='lat' dir='ltr'><strong>cordis</strong></span> <span class='ocrx_word' id='word_1_384' title='bbox 779 2907 1150 2975; x_wconf 72' lang='lat' dir='ltr'><strong>circumcisio,</strong></span> <span class='ocrx_word' id='word_1_385' title='bbox 1199 2929 1302 2966; x_wconf 84' lang='lat' dir='ltr'><strong>non</strong></span> <span class='ocrx_word' id='word_1_386' title='bbox 1345 2918 1633 2969; x_wconf 76' lang='lat' dir='ltr'><strong>secundum</strong></span> <span class='ocrx_word' id='word_1_387' title='bbox 1652 2917 1903 2983; x_wconf 81' lang='lat' dir='ltr'><strong>litteram,</strong></span> <span class='ocrx_word' id='word_1_388' title='bbox 1939 2923 2029 2974; x_wconf 74' lang='lat' dir='ltr'><strong>sed</strong></span> <span class='ocrx_word' id='word_1_389' title='bbox 2074 2922 2132 2976; x_wconf 72' lang='lat' dir='ltr'><strong>in</strong></span> 
     </span>
    </p>
   </div>
   <div class='ocr_carea' id='block_1_56' title="bbox 2229 2892 3817 2983">
    <p class='ocr_par' dir='ltr' id='par_1_56' title="bbox 2229 2892 3817 2983">
     <span class='ocr_line' id='line_1_56' title="bbox 2229 2892 3817 2983; baseline 0.003 -37"><span class='ocrx_word' id='word_1_390' title='bbox 2229 2912 2365 2963; x_wconf 81' lang='grc' dir='ltr'><strong>ματι</strong></span> <span class='ocrx_word' id='word_1_391' title='bbox 2377 2894 2539 2949; x_wconf 68' lang='grc' dir='ltr'><strong>ἀλλὰ</strong></span> <span class='ocrx_word' id='word_1_392' title='bbox 2553 2896 2858 2964; x_wconf 80' lang='grc' dir='ltr'><strong>πνεύματι-</strong></span> <span class='ocrx_word' id='word_1_393' title='bbox 2874 2892 2947 2952; x_wconf 82' lang='grc' dir='ltr'><strong>οὗ</strong></span> <span class='ocrx_word' id='word_1_394' title='bbox 2961 2900 2994 2951; x_wconf 86' lang='grc' dir='ltr'><em>ὁ</em></span> <span class='ocrx_word' id='word_1_395' title='bbox 3004 2896 3253 2983; x_wconf 55' lang='grc' dir='ltr'><strong>ἔπαινος</strong></span> <span class='ocrx_word' id='word_1_396' title='bbox 3261 2898 3374 2951; x_wconf 83' lang='grc' dir='ltr'><strong>οὐκ</strong></span> <span class='ocrx_word' id='word_1_397' title='bbox 3387 2896 3457 2963; x_wconf 74' lang='grc' dir='ltr'><strong><em>ἐξ</em></strong></span> <span class='ocrx_word' id='word_1_398' title='bbox 3468 2896 3817 2968; x_wconf 75' lang='grc' dir='ltr'><strong>ἀνθρώπων,</strong></span> 
     </span>
    </p>
   </div>
   <div class='ocr_carea' id='block_1_57' title="bbox 560 2995 2127 3072">
    <p class='ocr_par' dir='ltr' id='par_1_57' title="bbox 560 2995 2127 3072">
     <span class='ocr_line' id='line_1_57' title="bbox 560 2995 2127 3072; baseline 0.011 -24"><span class='ocrx_word' id='word_1_399' title='bbox 560 2995 745 3060; x_wconf 74' lang='lat' dir='ltr'><strong>spiritu</strong></span> <span class='ocrx_word' id='word_1_400' title='bbox 770 3014 790 3051; x_wconf 89' lang='lat'><strong><em>:</em></strong></span> <span class='ocrx_word' id='word_1_401' title='bbox 821 2997 974 3067; x_wconf 75' lang='lat' dir='ltr'><strong>cujus</strong></span> <span class='ocrx_word' id='word_1_402' title='bbox 1008 3000 1124 3054; x_wconf 84' lang='lat' dir='ltr'><strong>laus</strong></span> <span class='ocrx_word' id='word_1_403' title='bbox 1159 3017 1262 3056; x_wconf 84' lang='lat' dir='ltr'><strong>non</strong></span> <span class='ocrx_word' id='word_1_404' title='bbox 1286 3019 1353 3057; x_wconf 77' lang='lat' dir='ltr'><strong>ea:</strong></span> <span class='ocrx_word' id='word_1_405' title='bbox 1377 3005 1696 3072; x_wconf 68' lang='lat' dir='ltr'><strong>hominibus,</strong></span> <span class='ocrx_word' id='word_1_406' title='bbox 1725 3011 1816 3063; x_wconf 80' lang='lat' dir='ltr'><strong>sed</strong></span> <span class='ocrx_word' id='word_1_407' title='bbox 1845 3025 1912 3064; x_wconf 74' lang='lat' dir='ltr'><strong>ea:</strong></span> <span class='ocrx_word' id='word_1_408' title='bbox 1941 3010 2045 3065; x_wconf 84' lang='lat' dir='ltr'><strong>Deo</strong></span> <span class='ocrx_word' id='word_1_409' title='bbox 2061 3011 2127 3065; x_wconf 79' lang='lat'><strong>&quot;.</strong></span> 
     </span>
    </p>
   </div>
   <div class='ocr_carea' id='block_1_58' title="bbox 564 3081 2128 3170">
    <p class='ocr_par' dir='ltr' id='par_1_58' title="bbox 564 3081 2128 3170">
     <span class='ocr_line' id='line_1_58' title="bbox 564 3081 2128 3170; baseline 0.013 -34"><span class='ocrx_word' id='word_1_410' title='bbox 564 3081 675 3139; x_wconf 85' lang='lat' dir='ltr'><strong>Nos</strong></span> <span class='ocrx_word' id='word_1_411' title='bbox 725 3099 939 3156; x_wconf 91' lang='lat' dir='ltr'><strong>quoque</strong></span> <span class='ocrx_word' id='word_1_412' title='bbox 987 3090 1154 3158; x_wconf 89' lang='lat' dir='ltr'><strong>igitur</strong></span> <span class='ocrx_word' id='word_1_413' title='bbox 1180 3092 1273 3161; x_wconf 90' lang='lat' dir='ltr'><strong>qni</strong></span> <span class='ocrx_word' id='word_1_414' title='bbox 1320 3106 1387 3149; x_wconf 91' lang='lat' dir='ltr'><strong>ex</strong></span> <span class='ocrx_word' id='word_1_415' title='bbox 1429 3095 1664 3152; x_wconf 79' lang='lat' dir='ltr'><strong>ethnicis</strong></span> <span class='ocrx_word' id='word_1_416' title='bbox 1713 3094 1963 3153; x_wconf 78' lang='lat' dir='ltr'><strong>venimus</strong></span> <span class='ocrx_word' id='word_1_417' title='bbox 2007 3107 2128 3170; x_wconf 84' lang='lat' dir='ltr'><strong>(nos</strong></span> 
     </span>
    </p>
   </div>
   <div class='ocr_carea' id='block_1_59' title="bbox 2229 2981 3822 3059">
    <p class='ocr_par' dir='ltr' id='par_1_59' title="bbox 2229 2981 3822 3059">
     <span class='ocr_line' id='line_1_59' title="bbox 2229 2981 3822 3059; baseline 0.003 -22"><span class='ocrx_word' id='word_1_418' title='bbox 2229 2983 2366 3037; x_wconf 65' lang='lat' dir='ltr'><strong>ou</strong></span> <span class='ocrx_word' id='word_1_419' title='bbox 2385 2983 2456 3037; x_wconf 80' lang='grc' dir='ltr'><strong>ἐκ</strong></span> <span class='ocrx_word' id='word_1_420' title='bbox 2478 2983 2587 3039; x_wconf 84' lang='grc' dir='ltr'><strong>τοῦ</strong></span> <span class='ocrx_word' id='word_1_421' title='bbox 2605 2985 2773 3040; x_wconf 76' lang='grc' dir='ltr'><strong>Θεοῦο</strong></span> <span class='ocrx_word' id='word_1_422' title='bbox 2799 2985 2893 3040; x_wconf 77' lang='grc' dir='ltr'><strong>καὶ</strong></span> <span class='ocrx_word' id='word_1_423' title='bbox 2919 2986 3066 3057; x_wconf 75' lang='grc' dir='ltr'><strong>ἡμᾶς</strong></span> <span class='ocrx_word' id='word_1_424' title='bbox 3079 2981 3173 3040; x_wconf 79' lang='grc' dir='ltr'><strong>οὖν</strong></span> <span class='ocrx_word' id='word_1_425' title='bbox 3203 2986 3332 3051; x_wconf 76' lang='grc' dir='ltr'><strong>τοὺς</strong></span> <span class='ocrx_word' id='word_1_426' title='bbox 3349 2985 3411 3052; x_wconf 71' lang='grc' dir='ltr'>ἐξ</span> <span class='ocrx_word' id='word_1_427' title='bbox 3436 2985 3602 3041; x_wconf 70' lang='grc' dir='ltr'><strong>ἐθνῶν</strong></span> <span class='ocrx_word' id='word_1_428' title='bbox 3629 2988 3822 3059; x_wconf 77' lang='grc' dir='ltr'><strong>(ἡμεῖς</strong></span> 
     </span>
    </p>
   </div>
   <div class='ocr_carea' id='block_1_60' title="bbox 2228 3075 3823 3151">
    <p class='ocr_par' dir='ltr' id='par_1_60' title="bbox 2228 3075 3823 3151">
     <span class='ocr_line' id='line_1_60' title="bbox 2228 3075 3823 3151; baseline 0.003 -23"><span class='ocrx_word' id='word_1_429' title='bbox 2228 3075 2337 3145; x_wconf 90' lang='grc' dir='ltr'><strong>γάρ</strong></span> <span class='ocrx_word' id='word_1_430' title='bbox 2376 3076 2546 3147; x_wconf 71' lang='grc' dir='ltr'><strong>ἔσμεν</strong></span> <span class='ocrx_word' id='word_1_431' title='bbox 2580 3078 2613 3148; x_wconf 83' lang='grc' dir='ltr'>ἠ</span> <span class='ocrx_word' id='word_1_432' title='bbox 2664 3078 2933 3149; x_wconf 81' lang='grc' dir='ltr'><strong>περιτομὴ</strong></span> <span class='ocrx_word' id='word_1_433' title='bbox 2966 3077 3060 3131; x_wconf 79' lang='grc' dir='ltr'><strong>καὶ</strong></span> <span class='ocrx_word' id='word_1_434' title='bbox 3092 3076 3345 3150; x_wconf 79' lang='grc' dir='ltr'><strong>ἀληθινὸς</strong></span> <span class='ocrx_word' id='word_1_435' title='bbox 3401 3077 3663 3151; x_wconf 78' lang='grc' dir='ltr'><strong>Ἰσραὴλ),</strong></span> <span class='ocrx_word' id='word_1_436' title='bbox 3693 3078 3823 3133; x_wconf 74' lang='grc' dir='ltr'><strong>ιλυ.</strong></span> 
     </span>
    </p>
   </div>
   <div class='ocr_carea' id='block_1_61' title="bbox 563 3162 2132 3263">
    <p class='ocr_par' dir='ltr' id='par_1_61' title="bbox 563 3174 2128 3263">
     <span class='ocr_line' id='line_1_61' title="bbox 563 3174 2128 3263; baseline 0.012 -36"><span class='ocrx_word' id='word_1_437' title='bbox 563 3174 710 3229; x_wconf 82' lang='lat' dir='ltr'><strong>euim</strong></span> <span class='ocrx_word' id='word_1_438' title='bbox 753 3191 944 3248; x_wconf 79' lang='lat' dir='ltr'><strong>reapse</strong></span> <span class='ocrx_word' id='word_1_439' title='bbox 997 3179 1343 3237; x_wconf 85' lang='lat' dir='ltr'><strong>circumcisio</strong></span> <span class='ocrx_word' id='word_1_440' title='bbox 1391 3199 1580 3240; x_wconf 86' lang='lat' dir='ltr'><strong>sumus</strong></span> <span class='ocrx_word' id='word_1_441' title='bbox 1626 3202 1895 3259; x_wconf 82' lang='lat' dir='ltr'><strong>verosque</strong></span> <span class='ocrx_word' id='word_1_442' title='bbox 1944 3191 2128 3263; x_wconf 83' lang='lat' dir='ltr'><strong>Israel)</strong></span> 
     </span>
    </p>
   </div>
   <div class='ocr_carea' id='block_1_62' title="bbox 2229 3162 3818 3263">
    <p class='ocr_par' dir='ltr' id='par_1_62' title="bbox 2233 3165 3818 3243">
     <span class='ocr_line' id='line_1_62' title="bbox 2233 3165 3818 3243; baseline 0.004 -25"><span class='ocrx_word' id='word_1_443' title='bbox 2233 3165 2484 3237; x_wconf 85' lang='grc' dir='ltr'><strong>τρώσατο</strong></span> <span class='ocrx_word' id='word_1_444' title='bbox 2512 3168 2578 3222; x_wconf 75' lang='grc' dir='ltr'><strong>ὲκ</strong></span> <span class='ocrx_word' id='word_1_445' title='bbox 2614 3167 2724 3222; x_wconf 78' lang='grc' dir='ltr'><strong>τῶν</strong></span> <span class='ocrx_word' id='word_1_446' title='bbox 2755 3169 2967 3240; x_wconf 74' lang='grc' dir='ltr'><strong>ἐχθρῶν</strong></span> <span class='ocrx_word' id='word_1_447' title='bbox 3218 3170 3419 3242; x_wconf 75' lang='grc' dir='ltr'><strong>μᾶλλον</strong></span> <span class='ocrx_word' id='word_1_448' title='bbox 3456 3170 3490 3243; x_wconf 74' lang='grc' dir='ltr'><strong>ἢ</strong></span> <span class='ocrx_word' id='word_1_449' title='bbox 3535 3171 3778 3237; x_wconf 71' lang='grc' dir='ltr'><strong>ἐκείνους</strong></span> <span class='ocrx_word' id='word_1_450' title='bbox 3799 3188 3818 3204; x_wconf 88' lang='grc'><strong>·</strong></span> 
     </span>
    </p>
   </div>
   <div class='ocr_carea' id='block_1_63' title="bbox 566 3273 2136 3356">
    <p class='ocr_par' dir='ltr' id='par_1_63' title="bbox 566 3273 2136 3356">
     <span class='ocr_line' id='line_1_63' title="bbox 566 3273 2136 3356; baseline 0.011 -33"><span class='ocrx_word' id='word_1_451' title='bbox 566 3285 686 3336; x_wconf 87' lang='lat' dir='ltr'><strong>nos,</strong></span> <span class='ocrx_word' id='word_1_452' title='bbox 717 3273 936 3342; x_wconf 89' lang='lat' dir='ltr'><strong>inquam</strong></span> <span class='ocrx_word' id='word_1_453' title='bbox 963 3315 979 3339; x_wconf 93' lang='lat'><strong>,</strong></span> <span class='ocrx_word' id='word_1_454' title='bbox 1008 3277 1190 3344; x_wconf 84' lang='lat' dir='ltr'><strong>potius</strong></span> <span class='ocrx_word' id='word_1_455' title='bbox 1220 3293 1285 3333; x_wconf 89' lang='lat' dir='ltr'><strong>ex</strong></span> <span class='ocrx_word' id='word_1_456' title='bbox 1318 3279 1553 3335; x_wconf 85' lang='lat' dir='ltr'><strong>inimicis</strong></span> <span class='ocrx_word' id='word_1_457' title='bbox 1583 3282 1847 3350; x_wconf 81' lang='lat' dir='ltr'><strong>liberavit,</strong></span> <span class='ocrx_word' id='word_1_458' title='bbox 1879 3302 2039 3356; x_wconf 82' lang='lat' dir='ltr'><strong>quam</strong></span> <span class='ocrx_word' id='word_1_459' title='bbox 2069 3289 2136 3342; x_wconf 86' lang='lat' dir='ltr'><strong>il-</strong></span> 
     </span>
    </p>
   </div>
   <div class='ocr_carea' id='block_1_64' title="bbox 563 3361 2136 3448">
    <p class='ocr_par' dir='ltr' id='par_1_64' title="bbox 563 3361 2136 3448">
     <span class='ocr_line' id='line_1_64' title="bbox 563 3361 2136 3448; baseline 0.013 -34"><span class='ocrx_word' id='word_1_460' title='bbox 563 3361 667 3418; x_wconf 85' lang='lat' dir='ltr'><strong>los.</strong></span> <span class='ocrx_word' id='word_1_461' title='bbox 703 3362 914 3420; x_wconf 85' lang='lat' dir='ltr'><strong>Etenim</strong></span> <span class='ocrx_word' id='word_1_462' title='bbox 965 3367 1041 3422; x_wconf 91' lang='lat' dir='ltr'><strong>illi</strong></span> <span class='ocrx_word' id='word_1_463' title='bbox 1069 3383 1132 3423; x_wconf 90' lang='lat' dir='ltr'><strong>ex</strong></span> <span class='ocrx_word' id='word_1_464' title='bbox 1183 3369 1415 3441; x_wconf 72' lang='lat' dir='ltr'><strong>Aigypto</strong></span> <span class='ocrx_word' id='word_1_465' title='bbox 1455 3373 1817 3440; x_wconf 85' lang='lat' dir='ltr'><strong>discedentes,</strong></span> <span class='ocrx_word' id='word_1_466' title='bbox 1846 3393 2136 3448; x_wconf 81' lang='lat' dir='ltr'><strong>corporeus</strong></span> 
     </span>
    </p>
   </div>
   <div class='ocr_carea' id='block_1_65' title="bbox 566 3453 2136 3534">
    <p class='ocr_par' dir='ltr' id='par_1_65' title="bbox 566 3453 2136 3534">
     <span class='ocr_line' id='line_1_65' title="bbox 566 3453 2136 3534; baseline 0.012 -27"><span class='ocrx_word' id='word_1_467' title='bbox 566 3453 818 3526; x_wconf 75' lang='lat' dir='ltr'><strong>fugerunt</strong></span> <span class='ocrx_word' id='word_1_468' title='bbox 846 3467 1125 3529; x_wconf 83' lang='lat' dir='ltr'><strong>tyrannos.</strong></span> <span class='ocrx_word' id='word_1_469' title='bbox 1141 3460 1525 3519; x_wconf 80' lang='lat' dir='ltr'><strong>Verumtamen</strong></span> <span class='ocrx_word' id='word_1_470' title='bbox 1551 3468 1735 3534; x_wconf 79' lang='lat' dir='ltr'><strong>pravis</strong></span> <span class='ocrx_word' id='word_1_471' title='bbox 1762 3471 2002 3527; x_wconf 90' lang='lat' dir='ltr'><strong>moribus</strong></span> <span class='ocrx_word' id='word_1_472' title='bbox 2024 3474 2136 3526; x_wconf 83' lang='lat' dir='ltr'><strong>aui-</strong></span> 
     </span>
    </p>
   </div>
   <div class='ocr_carea' id='block_1_66' title="bbox 567 3551 2135 3620">
    <p class='ocr_par' dir='ltr' id='par_1_66' title="bbox 567 3551 2135 3620">
     <span class='ocr_line' id='line_1_66' title="bbox 567 3551 2135 3620; baseline 0.01 -19"><span class='ocrx_word' id='word_1_473' title='bbox 567 3565 684 3602; x_wconf 67' lang='lat' dir='ltr'><strong>mas</strong></span> <span class='ocrx_word' id='word_1_474' title='bbox 713 3566 838 3605; x_wconf 81' lang='lat' dir='ltr'><strong>snas</strong></span> <span class='ocrx_word' id='word_1_475' title='bbox 867 3551 1173 3610; x_wconf 78' lang='lat' dir='ltr'><strong>inﬁcientes</strong></span> <span class='ocrx_word' id='word_1_476' title='bbox 1195 3594 1212 3620; x_wconf 95' lang='lat'><strong>,</strong></span> <span class='ocrx_word' id='word_1_477' title='bbox 1236 3556 1612 3611; x_wconf 85' lang='lat' dir='ltr'><strong>occubuerunt</strong></span> <span class='ocrx_word' id='word_1_478' title='bbox 1641 3559 1693 3614; x_wconf 88' lang='lat' dir='ltr'><strong>in</strong></span> <span class='ocrx_word' id='word_1_479' title='bbox 1724 3559 1939 3616; x_wconf 69' lang='lat' dir='ltr'><strong>deserto</strong></span> <span class='ocrx_word' id='word_1_480' title='bbox 1972 3564 2135 3620; x_wconf 82' lang='lat' dir='ltr'><strong>idolo-</strong></span> 
     </span>
    </p>
   </div>
   <div class='ocr_carea' id='block_1_67' title="bbox 566 3636 2134 3710">
    <p class='ocr_par' dir='ltr' id='par_1_67' title="bbox 566 3636 2134 3710">
     <span class='ocr_line' id='line_1_67' title="bbox 566 3636 2134 3710; baseline 0.013 -21"><span class='ocrx_word' id='word_1_481' title='bbox 566 3636 740 3691; x_wconf 67' lang='lat' dir='ltr'><strong>latriae</strong></span> <span class='ocrx_word' id='word_1_482' title='bbox 770 3639 956 3698; x_wconf 89' lang='lat' dir='ltr'><strong>dediti.</strong></span> <span class='ocrx_word' id='word_1_483' title='bbox 982 3638 1093 3696; x_wconf 83' lang='lat' dir='ltr'><strong>Nos</strong></span> <span class='ocrx_word' id='word_1_484' title='bbox 1119 3651 1299 3698; x_wconf 88' lang='lat' dir='ltr'><strong>autem</strong></span> <span class='ocrx_word' id='word_1_485' title='bbox 1335 3657 1522 3699; x_wconf 82' lang='lat' dir='ltr'><strong>revera</strong></span> <span class='ocrx_word' id='word_1_486' title='bbox 1569 3647 1802 3703; x_wconf 81' lang='lat' dir='ltr'><strong>redemit</strong></span> <span class='ocrx_word' id='word_1_487' title='bbox 1829 3651 1896 3706; x_wconf 84' lang='lat' dir='ltr'><strong>de</strong></span> <span class='ocrx_word' id='word_1_488' title='bbox 1938 3654 2134 3710; x_wconf 74' lang='lat' dir='ltr'><strong>anima:</strong></span> 
     </span>
    </p>
   </div>
   <div class='ocr_carea' id='block_1_68' title="bbox 566 3727 2130 3809">
    <p class='ocr_par' dir='ltr' id='par_1_68' title="bbox 566 3727 2130 3809">
     <span class='ocr_line' id='line_1_68' title="bbox 566 3727 2130 3809; baseline 0.013 -30"><span class='ocrx_word' id='word_1_489' title='bbox 566 3739 767 3780; x_wconf 65' lang='lat' dir='ltr'><strong>nostra</strong></span> <span class='ocrx_word' id='word_1_490' title='bbox 817 3727 1062 3785; x_wconf 80' lang='lat' dir='ltr'><strong>hostibus</strong></span> <span class='ocrx_word' id='word_1_491' title='bbox 1087 3771 1103 3797; x_wconf 90' lang='lat'><strong>,</strong></span> <span class='ocrx_word' id='word_1_492' title='bbox 1138 3747 1456 3803; x_wconf 86' lang='lat' dir='ltr'><strong>memorque</strong></span> <span class='ocrx_word' id='word_1_493' title='bbox 1506 3737 1674 3790; x_wconf 86' lang='lat' dir='ltr'><strong>nostri</strong></span> <span class='ocrx_word' id='word_1_494' title='bbox 1709 3740 1884 3809; x_wconf 87' lang='lat' dir='ltr'><strong>magis</strong></span> <span class='ocrx_word' id='word_1_495' title='bbox 1941 3743 2041 3798; x_wconf 81' lang='lat' dir='ltr'><strong>fuit</strong></span> <span class='ocrx_word' id='word_1_496' title='bbox 2076 3745 2130 3798; x_wconf 92' lang='lat' dir='ltr'><strong>in</strong></span> 
     </span>
    </p>
   </div>
   <div class='ocr_carea' id='block_1_69' title="bbox 566 3816 2134 3902">
    <p class='ocr_par' dir='ltr' id='par_1_69' title="bbox 566 3816 2134 3902">
     <span class='ocr_line' id='line_1_69' title="bbox 566 3816 2134 3902; baseline 0.011 -33"><span class='ocrx_word' id='word_1_497' title='bbox 566 3816 869 3873; x_wconf 83' lang='lat' dir='ltr'><strong>humilitate</strong></span> <span class='ocrx_word' id='word_1_498' title='bbox 920 3829 1105 3875; x_wconf 90' lang='lat' dir='ltr'><strong>nostra</strong></span> <span class='ocrx_word' id='word_1_499' title='bbox 1157 3837 1319 3891; x_wconf 89' lang='lat' dir='ltr'><strong>quam</strong></span> <span class='ocrx_word' id='word_1_500' title='bbox 1358 3824 1592 3884; x_wconf 87' lang='lat' dir='ltr'><strong>illorum.</strong></span> <span class='ocrx_word' id='word_1_501' title='bbox 1627 3827 1875 3898; x_wconf 84' lang='lat' dir='ltr'><strong>Namque</strong></span> <span class='ocrx_word' id='word_1_502' title='bbox 1908 3832 1982 3886; x_wconf 90' lang='lat' dir='ltr'><strong>illi</strong></span> <span class='ocrx_word' id='word_1_503' title='bbox 2013 3834 2134 3902; x_wconf 88' lang='lat' dir='ltr'><strong>qni-</strong></span> 
     </span>
    </p>
   </div>
   <div class='ocr_carea' id='block_1_70' title="bbox 567 3904 2136 3986">
    <p class='ocr_par' dir='ltr' id='par_1_70' title="bbox 567 3904 2136 3986">
     <span class='ocr_line' id='line_1_70' title="bbox 567 3904 2136 3986; baseline 0.013 -26"><span class='ocrx_word' id='word_1_504' title='bbox 567 3904 690 3962; x_wconf 87' lang='lat' dir='ltr'><strong>dem</strong></span> <span class='ocrx_word' id='word_1_505' title='bbox 721 3921 948 3977; x_wconf 88' lang='lat' dir='ltr'><strong>corpore</strong></span> <span class='ocrx_word' id='word_1_506' title='bbox 977 3911 1284 3967; x_wconf 81' lang='lat' dir='ltr'><strong>serviebant</strong></span> <span class='ocrx_word' id='word_1_507' title='bbox 1310 3913 1597 3986; x_wconf 64' lang='lat' dir='ltr'><strong>Egyptiis.</strong></span> <span class='ocrx_word' id='word_1_508' title='bbox 1630 3930 1828 3976; x_wconf 72' lang='lat' dir='ltr'><strong>nostrae</strong></span> <span class='ocrx_word' id='word_1_509' title='bbox 1858 3937 1989 3978; x_wconf 86' lang='lat' dir='ltr'><strong>vero</strong></span> <span class='ocrx_word' id='word_1_510' title='bbox 2019 3927 2136 3979; x_wconf 86' lang='lat' dir='ltr'><strong>anl-</strong></span> 
     </span>
    </p>
   </div>
   <div class='ocr_carea' id='block_1_71' title="bbox 569 3997 2136 4085">
    <p class='ocr_par' dir='ltr' id='par_1_71' title="bbox 569 3997 2136 4085">
     <span class='ocr_line' id='line_1_71' title="bbox 569 3997 2136 4085; baseline 0.012 -34"><span class='ocrx_word' id='word_1_511' title='bbox 569 4012 671 4051; x_wconf 72' lang='lat' dir='ltr'><strong>ma:</strong></span> <span class='ocrx_word' id='word_1_512' title='bbox 697 3997 929 4054; x_wconf 86' lang='lat' dir='ltr'><strong>ludibrio</strong></span> <span class='ocrx_word' id='word_1_513' title='bbox 951 4011 1110 4056; x_wconf 87' lang='lat' dir='ltr'><strong>erant</strong></span> <span class='ocrx_word' id='word_1_514' title='bbox 1135 4002 1492 4071; x_wconf 69' lang='lat' dir='ltr'><strong>daemonibus,</strong></span> <span class='ocrx_word' id='word_1_515' title='bbox 1525 4018 1581 4062; x_wconf 91' lang='lat' dir='ltr'><strong>et</strong></span> <span class='ocrx_word' id='word_1_516' title='bbox 1609 4009 1710 4064; x_wconf 89' lang='lat' dir='ltr'><strong>sub</strong></span> <span class='ocrx_word' id='word_1_517' title='bbox 1743 4011 1901 4066; x_wconf 88' lang='lat' dir='ltr'><strong>malis</strong></span> <span class='ocrx_word' id='word_1_518' title='bbox 1930 4015 2136 4085; x_wconf 82' lang='lat' dir='ltr'><strong>spiriti-</strong></span> 
     </span>
    </p>
   </div>
   <div class='ocr_carea' id='block_1_72' title="bbox 566 4085 2133 4161">
    <p class='ocr_par' dir='ltr' id='par_1_72' title="bbox 566 4085 2133 4161">
     <span class='ocr_line' id='line_1_72' title="bbox 566 4085 2133 4161; baseline 0.012 -19"><span class='ocrx_word' id='word_1_519' title='bbox 566 4085 669 4146; x_wconf 85' lang='lat' dir='ltr'><strong>bus</strong></span> <span class='ocrx_word' id='word_1_520' title='bbox 701 4088 967 4146; x_wconf 86' lang='lat' dir='ltr'><strong>bumiliati</strong></span> <span class='ocrx_word' id='word_1_521' title='bbox 997 4107 1231 4152; x_wconf 83' lang='lat' dir='ltr'><strong>eramus.</strong></span> <span class='ocrx_word' id='word_1_522' title='bbox 1267 4095 1439 4153; x_wconf 75' lang='lat' dir='ltr'><strong>Tanta</strong></span> <span class='ocrx_word' id='word_1_523' title='bbox 1471 4114 1600 4154; x_wconf 87' lang='lat' dir='ltr'><strong>vero</strong></span> <span class='ocrx_word' id='word_1_524' title='bbox 1629 4113 1713 4156; x_wconf 90' lang='lat' dir='ltr'><strong>est</strong></span> <span class='ocrx_word' id='word_1_525' title='bbox 1763 4103 2133 4161; x_wconf 83' lang='lat' dir='ltr'><strong>misericordia</strong></span> 
     </span>
    </p>
   </div>
   <div class='ocr_carea' id='block_1_73' title="bbox 566 4176 2133 4266">
    <p class='ocr_par' dir='ltr' id='par_1_73' title="bbox 566 4176 2133 4266">
     <span class='ocr_line' id='line_1_73' title="bbox 566 4176 2133 4266; baseline 0.013 -34"><span class='ocrx_word' id='word_1_526' title='bbox 566 4176 685 4242; x_wconf 87' lang='lat' dir='ltr'><strong>Dei,</strong></span> <span class='ocrx_word' id='word_1_527' title='bbox 719 4190 776 4235; x_wconf 91' lang='lat' dir='ltr'><strong>ut</strong></span> <span class='ocrx_word' id='word_1_528' title='bbox 796 4196 901 4237; x_wconf 90' lang='lat' dir='ltr'><strong>non</strong></span> <span class='ocrx_word' id='word_1_529' title='bbox 933 4183 1108 4238; x_wconf 86' lang='lat' dir='ltr'><strong>solum</strong></span> <span class='ocrx_word' id='word_1_530' title='bbox 1134 4185 1342 4255; x_wconf 90' lang='lat' dir='ltr'><strong>piorum</strong></span> <span class='ocrx_word' id='word_1_531' title='bbox 1377 4204 1560 4244; x_wconf 84' lang='lat' dir='ltr'><strong>curam</strong></span> <span class='ocrx_word' id='word_1_532' title='bbox 1591 4203 1764 4262; x_wconf 86' lang='lat' dir='ltr'><strong>gerat,</strong></span> <span class='ocrx_word' id='word_1_533' title='bbox 1797 4206 1851 4249; x_wconf 91' lang='lat' dir='ltr'><strong>et</strong></span> <span class='ocrx_word' id='word_1_534' title='bbox 1878 4195 1982 4250; x_wconf 87' lang='lat' dir='ltr'><strong>sibi</strong></span> <span class='ocrx_word' id='word_1_535' title='bbox 2006 4211 2133 4266; x_wconf 89' lang='lat' dir='ltr'><strong>pro-</strong></span> 
     </span>
    </p>
   </div>
   <div class='ocr_carea' id='block_1_74' title="bbox 565 4271 2134 4356">
    <p class='ocr_par' dir='ltr' id='par_1_74' title="bbox 565 4271 2134 4356">
     <span class='ocr_line' id='line_1_74' title="bbox 565 4271 2134 4356; baseline 0.012 -31"><span class='ocrx_word' id='word_1_536' title='bbox 565 4271 950 4341; x_wconf 84' lang='lat' dir='ltr'><strong>pinquantibus</strong></span> <span class='ocrx_word' id='word_1_537' title='bbox 986 4276 1259 4344; x_wconf 84' lang='lat' dir='ltr'><strong>consulat,</strong></span> <span class='ocrx_word' id='word_1_538' title='bbox 1303 4292 1487 4335; x_wconf 86' lang='lat' dir='ltr'><strong>verum</strong></span> <span class='ocrx_word' id='word_1_539' title='bbox 1515 4283 1680 4338; x_wconf 84' lang='lat' dir='ltr'><strong>etiam</strong></span> <span class='ocrx_word' id='word_1_540' title='bbox 1707 4293 1993 4356; x_wconf 82' lang='lat' dir='ltr'><strong>terrestres</strong></span> <span class='ocrx_word' id='word_1_541' title='bbox 2016 4304 2134 4343; x_wconf 88' lang='lat' dir='ltr'><strong>om-</strong></span> 
     </span>
    </p>
   </div>
   <div class='ocr_carea' id='block_1_75' title="bbox 565 4365 2132 4446">
    <p class='ocr_par' dir='ltr' id='par_1_75' title="bbox 565 4365 2132 4446">
     <span class='ocr_line' id='line_1_75' title="bbox 565 4365 2132 4446; baseline 0.013 -30"><span class='ocrx_word' id='word_1_542' title='bbox 565 4377 664 4418; x_wconf 86' lang='lat' dir='ltr'><strong>nes</strong></span> <span class='ocrx_word' id='word_1_543' title='bbox 689 4365 1028 4432; x_wconf 83' lang='lat' dir='ltr'><strong>providentia</strong></span> <span class='ocrx_word' id='word_1_544' title='bbox 1054 4380 1152 4422; x_wconf 82' lang='lat' dir='ltr'><strong>sua</strong></span> <span class='ocrx_word' id='word_1_545' title='bbox 1183 4370 1604 4440; x_wconf 84' lang='lat' dir='ltr'><strong>complectatur,</strong></span> <span class='ocrx_word' id='word_1_546' title='bbox 1639 4391 1815 4446; x_wconf 87' lang='lat' dir='ltr'><strong>neque</strong></span> <span class='ocrx_word' id='word_1_547' title='bbox 1841 4373 2132 4436; x_wconf 85' lang='lat' dir='ltr'><strong>rationales</strong></span> 
     </span>
    </p>
   </div>
   <div class='ocr_carea' id='block_1_76' title="bbox 566 4454 2208 4563">
    <p class='ocr_par' dir='ltr' id='par_1_76' title="bbox 566 4454 2208 4563">
     <span class='ocr_line' id='line_1_76' title="bbox 566 4454 2208 4563; baseline 0.011 -53"><span class='ocrx_word' id='word_1_548' title='bbox 566 4454 738 4510; x_wconf 79' lang='lat' dir='ltr'><strong>solum</strong></span> <span class='ocrx_word' id='word_1_549' title='bbox 768 4458 863 4512; x_wconf 89' lang='lat' dir='ltr'><strong>sed</strong></span> <span class='ocrx_word' id='word_1_550' title='bbox 911 4459 1078 4514; x_wconf 82' lang='lat' dir='ltr'><strong>etiam</strong></span> <span class='ocrx_word' id='word_1_551' title='bbox 1132 4460 1481 4520; x_wconf 73' lang='lat' dir='ltr'><strong>irrationale:</strong></span> <span class='ocrx_word' id='word_1_552' title='bbox 1506 4505 1522 4531; x_wconf 90' lang='lat'><strong>,</strong></span> <span class='ocrx_word' id='word_1_553' title='bbox 1550 4469 1870 4537; x_wconf 87' lang='lat' dir='ltr'><strong>cunctisque</strong></span> <span class='ocrx_word' id='word_1_554' title='bbox 1896 4473 1949 4526; x_wconf 87' lang='lat' dir='ltr'><strong>in</strong></span> <span class='ocrx_word' id='word_1_555' title='bbox 1986 4481 2127 4527; x_wconf 87' lang='lat' dir='ltr'><strong>terra</strong></span> <span class='ocrx_word' id='word_1_556' title='bbox 2160 4502 2208 4563; x_wconf 70' lang='grc' dir='ltr'>υ</span> 
     </span>
    </p>
   </div>
   <div class='ocr_carea' id='block_1_77' title="bbox 567 4545 2130 4634">
    <p class='ocr_par' dir='ltr' id='par_1_77' title="bbox 567 4545 2130 4634">
     <span class='ocr_line' id='line_1_77' title="bbox 567 4545 2130 4634; baseline 0.013 -35"><span class='ocrx_word' id='word_1_557' title='bbox 567 4545 823 4602; x_wconf 82' lang='lat' dir='ltr'><strong>alimenta</strong></span> <span class='ocrx_word' id='word_1_558' title='bbox 866 4550 1231 4609; x_wconf 83' lang='lat' dir='ltr'><strong>animantibus</strong></span> <span class='ocrx_word' id='word_1_559' title='bbox 1277 4554 1555 4624; x_wconf 68' lang='lat' dir='ltr'><strong>praebeat,</strong></span> <span class='ocrx_word' id='word_1_560' title='bbox 1603 4559 1894 4631; x_wconf 88' lang='lat' dir='ltr'><strong>unicuique</strong></span> <span class='ocrx_word' id='word_1_561' title='bbox 1945 4565 2130 4634; x_wconf 87' lang='lat' dir='ltr'><strong>generi</strong></span> 
     </span>
    </p>
   </div>
   <div class='ocr_carea' id='block_1_78' title="bbox 566 4636 2133 4717">
    <p class='ocr_par' dir='ltr' id='par_1_78' title="bbox 566 4636 2133 4717">
     <span class='ocr_line' id='line_1_78' title="bbox 566 4636 2133 4717; baseline 0.011 -27"><span class='ocrx_word' id='word_1_562' title='bbox 566 4636 783 4703; x_wconf 87' lang='lat' dir='ltr'><strong>idonea,</strong></span> <span class='ocrx_word' id='word_1_563' title='bbox 831 4646 886 4694; x_wconf 90' lang='lat' dir='ltr'><strong>et</strong></span> <span class='ocrx_word' id='word_1_564' title='bbox 921 4641 1047 4694; x_wconf 64' lang='lat' dir='ltr'><strong>vitae</strong></span> <span class='ocrx_word' id='word_1_565' title='bbox 1093 4645 1404 4700; x_wconf 85' lang='lat' dir='ltr'><strong>necessaria</strong></span> <span class='ocrx_word' id='word_1_566' title='bbox 1430 4648 1738 4717; x_wconf 87' lang='lat' dir='ltr'><strong>suppeditet</strong></span> <span class='ocrx_word' id='word_1_567' title='bbox 1769 4663 1788 4704; x_wconf 89' lang='lat'><strong>:</strong></span> <span class='ocrx_word' id='word_1_568' title='bbox 1825 4659 1881 4704; x_wconf 83' lang='lat' dir='ltr'><strong>et</strong></span> <span class='ocrx_word' id='word_1_569' title='bbox 1914 4667 2010 4707; x_wconf 89' lang='lat' dir='ltr'><strong>nos</strong></span> <span class='ocrx_word' id='word_1_570' title='bbox 2038 4654 2133 4709; x_wconf 90' lang='lat' dir='ltr'><strong>de-</strong></span> 
     </span>
    </p>
   </div>
   <div class='ocr_carea' id='block_1_79' title="bbox 565 4729 2133 4805">
    <p class='ocr_par' dir='ltr' id='par_1_79' title="bbox 565 4729 2133 4805">
     <span class='ocr_line' id='line_1_79' title="bbox 565 4729 2133 4805; baseline 0.01 -24"><span class='ocrx_word' id='word_1_571' title='bbox 565 4741 713 4782; x_wconf 87' lang='lat' dir='ltr'><strong>mum</strong></span> <span class='ocrx_word' id='word_1_572' title='bbox 749 4729 802 4783; x_wconf 92' lang='lat' dir='ltr'><strong>in</strong></span> <span class='ocrx_word' id='word_1_573' title='bbox 833 4729 998 4785; x_wconf 69' lang='lat' dir='ltr'><strong>caelos</strong></span> <span class='ocrx_word' id='word_1_574' title='bbox 1034 4732 1158 4787; x_wconf 90' lang='lat' dir='ltr'><strong>binc</strong></span> <span class='ocrx_word' id='word_1_575' title='bbox 1186 4734 1503 4791; x_wconf 80' lang='lat' dir='ltr'><strong>transferat.</strong></span> <span class='ocrx_word' id='word_1_576' title='bbox 1550 4737 1916 4805; x_wconf 82' lang='lat' dir='ltr'><strong>Quamobrem</strong></span> <span class='ocrx_word' id='word_1_577' title='bbox 1953 4758 2133 4798; x_wconf 79' lang='lat' dir='ltr'><strong>sermo</strong></span> 
     </span>
    </p>
   </div>
   <div class='ocr_carea' id='block_1_80' title="bbox 566 4817 2131 4894">
    <p class='ocr_par' dir='ltr' id='par_1_80' title="bbox 566 4817 2131 4894">
     <span class='ocr_line' id='line_1_80' title="bbox 566 4817 2131 4894; baseline 0.01 -22"><span class='ocrx_word' id='word_1_578' title='bbox 566 4817 866 4875; x_wconf 72' lang='lat' dir='ltr'><strong>Psalmista:</strong></span> <span class='ocrx_word' id='word_1_579' title='bbox 890 4833 1170 4892; x_wconf 77' lang='lat' dir='ltr'><strong>postquam</strong></span> <span class='ocrx_word' id='word_1_580' title='bbox 1192 4827 1348 4893; x_wconf 88' lang='lat' dir='ltr'><strong>dixit,</strong></span> <span class='ocrx_word' id='word_1_581' title='bbox 1376 4824 1482 4894; x_wconf 81' lang='lat' dir='ltr'><strong>Qui</strong></span> <span class='ocrx_word' id='word_1_582' title='bbox 1503 4829 1594 4884; x_wconf 86' lang='lat' dir='ltr'><strong>dat</strong></span> <span class='ocrx_word' id='word_1_583' title='bbox 1623 4847 1796 4886; x_wconf 74' lang='lat' dir='ltr'><strong>escam</strong></span> <span class='ocrx_word' id='word_1_584' title='bbox 1819 4836 1969 4887; x_wconf 79' lang='lat' dir='ltr'><strong>omni</strong></span> <span class='ocrx_word' id='word_1_585' title='bbox 1987 4837 2131 4888; x_wconf 87' lang='lat' dir='ltr'><strong>carni</strong></span> 
     </span>
    </p>
   </div>
   <div class='ocr_carea' id='block_1_81' title="bbox 567 4912 2123 4990">
    <p class='ocr_par' dir='ltr' id='par_1_81' title="bbox 567 4912 2123 4990">
     <span class='ocr_line' id='line_1_81' title="bbox 567 4912 2123 4990; baseline 0.01 -26"><span class='ocrx_word' id='word_1_586' title='bbox 567 4924 668 4966; x_wconf 85' lang='lat' dir='ltr'><strong>nos</strong></span> <span class='ocrx_word' id='word_1_587' title='bbox 701 4912 753 4965; x_wconf 92' lang='lat' dir='ltr'><strong>in</strong></span> <span class='ocrx_word' id='word_1_588' title='bbox 797 4913 995 4967; x_wconf 75' lang='lat' dir='ltr'><strong>ctelum</strong></span> <span class='ocrx_word' id='word_1_589' title='bbox 1047 4917 1402 4984; x_wconf 83' lang='lat' dir='ltr'><strong>transmittit,</strong></span> <span class='ocrx_word' id='word_1_590' title='bbox 1452 4934 1639 4975; x_wconf 85' lang='lat' dir='ltr'><strong>rursus</strong></span> <span class='ocrx_word' id='word_1_591' title='bbox 1681 4922 1869 4979; x_wconf 91' lang='lat' dir='ltr'><strong>dicens</strong></span> <span class='ocrx_word' id='word_1_592' title='bbox 1903 4942 1917 4978; x_wconf 91' lang='lat'><strong><em>:</em></strong></span> <span class='ocrx_word' id='word_1_593' title='bbox 1950 4923 2123 4990; x_wconf 80' lang='lat' dir='ltr'><strong>Conﬁ-</strong></span> 
     </span>
    </p>
   </div>
   <div class='ocr_carea' id='block_1_82' title="bbox 564 5003 2132 5080">
    <p class='ocr_par' dir='ltr' id='par_1_82' title="bbox 564 5003 2132 5080">
     <span class='ocr_line' id='line_1_82' title="bbox 564 5003 2132 5080; baseline 0.012 -25"><span class='ocrx_word' id='word_1_594' title='bbox 564 5005 748 5058; x_wconf 79' lang='lat' dir='ltr'><strong>senu&#39;ni</strong></span> <span class='ocrx_word' id='word_1_595' title='bbox 780 5003 912 5070; x_wconf 85' lang='lat' dir='ltr'><strong>Deo,</strong></span> <span class='ocrx_word' id='word_1_596' title='bbox 941 5007 1077 5073; x_wconf 68' lang='lat' dir='ltr'><strong>caeli,</strong></span> <span class='ocrx_word' id='word_1_597' title='bbox 1109 5009 1359 5080; x_wconf 78' lang='lat' dir='ltr'><strong>quoniam</strong></span> <span class='ocrx_word' id='word_1_598' title='bbox 1385 5013 1439 5066; x_wconf 83' lang='lat' dir='ltr'><strong>in</strong></span> <span class='ocrx_word' id='word_1_599' title='bbox 1477 5023 1732 5068; x_wconf 74' lang='lat' dir='ltr'><strong>teter-num</strong></span> <span class='ocrx_word' id='word_1_600' title='bbox 1773 5018 2132 5074; x_wconf 84' lang='lat' dir='ltr'><strong>misericordia</strong></span> 
     </span>
    </p>
   </div>
   <div class='ocr_carea' id='block_1_83' title="bbox 563 5111 701 5166">
    <p class='ocr_par' dir='ltr' id='par_1_83' title="bbox 563 5111 701 5166">
     <span class='ocr_line' id='line_1_83' title="bbox 563 5111 701 5166; baseline 0.014 -17"><span class='ocrx_word' id='word_1_601' title='bbox 563 5111 701 5166; x_wconf 64' lang='lat' dir='ltr'><strong>ejus.</strong></span> 
     </span>
    </p>
   </div>
   <div class='ocr_carea' id='block_1_84' title="bbox 1018 5188 1667 5250">
    <p class='ocr_par' dir='ltr' id='par_1_84' title="bbox 1018 5188 1667 5250">
     <span class='ocr_line' id='line_1_84' title="bbox 1018 5188 1667 5250; baseline 0.008 -5"><span class='ocrx_word' id='word_1_602' title='bbox 1018 5188 1337 5250; x_wconf 73' lang='lat' dir='ltr'><strong>PSALMUS</strong></span> <span class='ocrx_word' id='word_1_603' title='bbox 1382 5190 1667 5250; x_wconf 73' lang='lat' dir='ltr'><strong>CXXXVI.</strong></span> 
     </span>
    </p>
   </div>
   <div class='ocr_carea' id='block_1_85' title="bbox 631 5279 2126 5362">
    <p class='ocr_par' dir='ltr' id='par_1_85' title="bbox 631 5279 2126 5362">
     <span class='ocr_line' id='line_1_85' title="bbox 631 5279 2126 5362; baseline 0.015 -32"><span class='ocrx_word' id='word_1_604' title='bbox 631 5279 793 5336; x_wconf 81' lang='lat' dir='ltr'><strong>Caret</strong></span> <span class='ocrx_word' id='word_1_605' title='bbox 840 5281 931 5338; x_wconf 84' lang='lat' dir='ltr'><strong>hic</strong></span> <span class='ocrx_word' id='word_1_606' title='bbox 981 5284 1222 5354; x_wconf 86' lang='lat' dir='ltr'><strong>psalmus</strong></span> <span class='ocrx_word' id='word_1_607' title='bbox 1278 5287 1435 5343; x_wconf 89' lang='lat' dir='ltr'><strong>titulo</strong></span> <span class='ocrx_word' id='word_1_608' title='bbox 1487 5289 1630 5358; x_wconf 87' lang='lat' dir='ltr'><strong>apud</strong></span> <span class='ocrx_word' id='word_1_609' title='bbox 1678 5288 1966 5362; x_wconf 65' lang='lat' dir='ltr'><strong>Hebraos;</strong></span> <span class='ocrx_word' id='word_1_610' title='bbox 2003 5310 2126 5351; x_wconf 84' lang='lat' dir='ltr'><strong>nam</strong></span> 
     </span>
    </p>
   </div>
   <div class='ocr_carea' id='block_1_86' title="bbox 637 5465 1716 5540">
    <p class='ocr_par' dir='ltr' id='par_1_86' title="bbox 637 5465 1716 5540">
     <span class='ocr_line' id='line_1_86' title="bbox 637 5465 1716 5540; baseline 0.005 -19"><span class='ocrx_word' id='word_1_611' title='bbox 637 5465 686 5500; x_wconf 75' lang='lat'>“</span> <span class='ocrx_word' id='word_1_612' title='bbox 715 5466 873 5524; x_wconf 83' lang='lat' dir='ltr'><strong>Rom.</strong></span> <span class='ocrx_word' id='word_1_613' title='bbox 901 5484 977 5533; x_wconf 77' lang='lat' dir='ltr'><strong>Ix,</strong></span> <span class='ocrx_word' id='word_1_614' title='bbox 1001 5468 1055 5524; x_wconf 83' lang='lat'><strong>6.</strong></span> <span class='ocrx_word' id='word_1_615' title='bbox 1133 5468 1180 5501; x_wconf 70' lang='grc' dir='ltr'><strong>δ’</strong></span> <span class='ocrx_word' id='word_1_616' title='bbox 1217 5469 1375 5526; x_wconf 78' lang='lat' dir='ltr'><strong>Rom.</strong></span> <span class='ocrx_word' id='word_1_617' title='bbox 1402 5487 1464 5540; x_wconf 84' lang='grc' dir='ltr'><strong>η,</strong></span> <span class='ocrx_word' id='word_1_618' title='bbox 1493 5471 1587 5540; x_wconf 73' lang='lat'><strong>28,</strong></span> <span class='ocrx_word' id='word_1_619' title='bbox 1625 5471 1716 5527; x_wconf 72' lang='lat'><strong>29.</strong></span> 
     </span>
    </p>
   </div>
   <div class='ocr_carea' id='block_1_87' title="bbox 636 5605 2118 5680">
    <p class='ocr_par' dir='ltr' id='par_1_87' title="bbox 636 5605 2118 5680">
     <span class='ocr_line' id='line_1_87' title="bbox 636 5605 2118 5680; baseline 0.007 -19"><span class='ocrx_word' id='word_1_620' title='bbox 636 5605 969 5680; x_wconf 61' lang='lat' dir='ltr'><strong>(liﬂiecnlc</strong></span> <span class='ocrx_word' id='word_1_621' title='bbox 996 5609 1216 5680; x_wconf 83' lang='lat' dir='ltr'><strong>omnino</strong></span> <span class='ocrx_word' id='word_1_622' title='bbox 1247 5611 1500 5670; x_wconf 83' lang='lat' dir='ltr'><strong>adnotata</strong></span> <span class='ocrx_word' id='word_1_623' title='bbox 1533 5627 1564 5667; x_wconf 93' lang='lat' dir='ltr'><strong>a</strong></span> <span class='ocrx_word' id='word_1_624' title='bbox 1601 5612 1760 5670; x_wconf 90' lang='lat' dir='ltr'><strong>nobis</strong></span> <span class='ocrx_word' id='word_1_625' title='bbox 1795 5615 1846 5669; x_wconf 91' lang='lat' dir='ltr'><strong>in</strong></span> <span class='ocrx_word' id='word_1_626' title='bbox 1884 5626 2118 5673; x_wconf 90' lang='lat' dir='ltr'><strong>tractatu</strong></span> 
     </span>
    </p>
   </div>
   <div class='ocr_carea' id='block_1_88' title="bbox 567 5675 2126 5753">
    <p class='ocr_par' dir='ltr' id='par_1_88' title="bbox 567 5675 2126 5753">
     <span class='ocr_line' id='line_1_88' title="bbox 567 5675 2126 5753; baseline 0.006 -20"><span class='ocrx_word' id='word_1_627' title='bbox 567 5675 840 5753; x_wconf 54' lang='lat' dir='ltr'><strong>.SQCy&#39;rilli</strong></span> <span class='ocrx_word' id='word_1_628' title='bbox 892 5679 964 5753; x_wconf 73' lang='grc' dir='ltr'><strong>ρε</strong></span> <span class='ocrx_word' id='word_1_629' title='bbox 1020 5678 1191 5734; x_wconf 68' lang='grc' dir='ltr'><strong>Πανία</strong></span> <span class='ocrx_word' id='word_1_630' title='bbox 1223 5683 1464 5753; x_wconf 81' lang='lat' dir='ltr'><strong>deiporo,</strong></span> <span class='ocrx_word' id='word_1_631' title='bbox 1500 5698 1632 5753; x_wconf 62' lang='lat' dir='ltr'><strong>cap.</strong></span> <span class='ocrx_word' id='word_1_632' title='bbox 1681 5683 1736 5747; x_wconf 84' lang='lat'><strong>5,</strong></span> <span class='ocrx_word' id='word_1_633' title='bbox 1783 5686 1851 5740; x_wconf 91' lang='lat' dir='ltr'><strong>de</strong></span> <span class='ocrx_word' id='word_1_634' title='bbox 1897 5687 2126 5742; x_wconf 90' lang='lat' dir='ltr'><strong>Domino</strong></span> 
     </span>
    </p>
   </div>
   <div class='ocr_carea' id='block_1_89' title="bbox 559 5747 2125 5825">
    <p class='ocr_par' dir='ltr' id='par_1_89' title="bbox 559 5747 2125 5825">
     <span class='ocr_line' id='line_1_89' title="bbox 559 5747 2125 5825; baseline 0.007 -23"><span class='ocrx_word' id='word_1_635' title='bbox 559 5747 712 5813; x_wconf 74' lang='lat' dir='ltr'><strong>Jesn,</strong></span> <span class='ocrx_word' id='word_1_636' title='bbox 756 5764 854 5819; x_wconf 89' lang='lat' dir='ltr'><strong>pro</strong></span> <span class='ocrx_word' id='word_1_637' title='bbox 900 5747 1085 5816; x_wconf 81' lang='lat' dir='ltr'><strong>Josua,</strong></span> <span class='ocrx_word' id='word_1_638' title='bbox 1117 5747 1428 5809; x_wconf 77' lang='lat' dir='ltr'><strong>exeuntium</strong></span> <span class='ocrx_word' id='word_1_639' title='bbox 1477 5747 1710 5825; x_wconf 57' lang='lat' dir='ltr'><strong>Eg&#39;ypto</strong></span> <span class='ocrx_word' id='word_1_640' title='bbox 1754 5755 2125 5812; x_wconf 85' lang='lat' dir='ltr'><strong>lsraelitarum</strong></span> 
     </span>
    </p>
   </div>
   <div class='ocr_carea' id='block_1_90' title="bbox 2233 3259 3824 3335">
    <p class='ocr_par' dir='ltr' id='par_1_90' title="bbox 2233 3259 3824 3335">
     <span class='ocr_line' id='line_1_90' title="bbox 2233 3259 3824 3335; baseline 0.005 -24"><span class='ocrx_word' id='word_1_641' title='bbox 2233 3260 2284 3311; x_wconf 86' lang='lat' dir='ltr'><strong>oi</strong></span> <span class='ocrx_word' id='word_1_642' title='bbox 2321 3259 2419 3329; x_wconf 80' lang='grc' dir='ltr'><strong>μὲν</strong></span> <span class='ocrx_word' id='word_1_643' title='bbox 2446 3259 2556 3331; x_wconf 85' lang='grc' dir='ltr'><strong>γάρ</strong></span> <span class='ocrx_word' id='word_1_644' title='bbox 2588 3260 2648 3325; x_wconf 68' lang='grc' dir='ltr'><strong>ἐξ</strong></span> <span class='ocrx_word' id='word_1_645' title='bbox 2677 3262 2952 3331; x_wconf 76' lang='grc' dir='ltr'><strong>Αἰγύπτου</strong></span> <span class='ocrx_word' id='word_1_646' title='bbox 2996 3262 3368 3335; x_wconf 73' lang='grc' dir='ltr'><strong>προελθόντες,</strong></span> <span class='ocrx_word' id='word_1_647' title='bbox 3403 3265 3530 3328; x_wconf 75' lang='grc' dir='ltr'><strong>τοὺς</strong></span> <span class='ocrx_word' id='word_1_648' title='bbox 3577 3280 3824 3335; x_wconf 77' lang='grc' dir='ltr'><strong>σωματι-</strong></span> 
     </span>
    </p>
   </div>
   <div class='ocr_carea' id='block_1_91' title="bbox 2235 3349 3825 3426">
    <p class='ocr_par' dir='ltr' id='par_1_91' title="bbox 2235 3349 3825 3426">
     <span class='ocr_line' id='line_1_91' title="bbox 2235 3349 3825 3426; baseline 0.006 -23"><span class='ocrx_word' id='word_1_649' title='bbox 2235 3351 2364 3413; x_wconf 88' lang='grc' dir='ltr'><strong>κοὺς</strong></span> <span class='ocrx_word' id='word_1_650' title='bbox 2407 3349 2665 3420; x_wconf 67' lang='grc' dir='ltr'><strong>ἐξέφυγον</strong></span> <span class='ocrx_word' id='word_1_651' title='bbox 2721 3354 3019 3424; x_wconf 77' lang='grc' dir='ltr'><strong>τυράννους</strong></span> <span class='ocrx_word' id='word_1_652' title='bbox 3038 3370 3052 3384; x_wconf 88' lang='grc'><strong>·</strong></span> <span class='ocrx_word' id='word_1_653' title='bbox 3109 3355 3438 3426; x_wconf 73' lang='grc' dir='ltr'><strong>ἐπαγόμενοι</strong></span> <span class='ocrx_word' id='word_1_654' title='bbox 3479 3356 3538 3410; x_wconf 77' lang='grc' dir='ltr'><strong>δὲ</strong></span> <span class='ocrx_word' id='word_1_655' title='bbox 3588 3359 3645 3411; x_wconf 71' lang='grc' dir='ltr'><strong>ἐν</strong></span> <span class='ocrx_word' id='word_1_656' title='bbox 3691 3360 3825 3424; x_wconf 87' lang='grc' dir='ltr'><strong>ταῖς</strong></span> 
     </span>
    </p>
   </div>
   <div class='ocr_carea' id='block_1_92' title="bbox 2233 3439 3822 3516">
    <p class='ocr_par' dir='ltr' id='par_1_92' title="bbox 2233 3439 3822 3516">
     <span class='ocr_line' id='line_1_92' title="bbox 2233 3439 3822 3516; baseline 0.006 -24"><span class='ocrx_word' id='word_1_657' title='bbox 2233 3439 2442 3493; x_wconf 69' lang='grc' dir='ltr'><strong>ἑαυτῶν</strong></span> <span class='ocrx_word' id='word_1_658' title='bbox 2472 3439 2672 3512; x_wconf 82' lang='grc' dir='ltr'><strong>ψυχαῖς</strong></span> <span class='ocrx_word' id='word_1_659' title='bbox 2691 3444 2818 3506; x_wconf 78' lang='grc' dir='ltr'><strong>τοὺς</strong></span> <span class='ocrx_word' id='word_1_660' title='bbox 2843 3443 3060 3507; x_wconf 74' lang='grc' dir='ltr'><strong>ἀσεϐεῖς</strong></span> <span class='ocrx_word' id='word_1_661' title='bbox 3088 3445 3343 3516; x_wconf 82' lang='grc' dir='ltr'><strong>τρόπους,</strong></span> <span class='ocrx_word' id='word_1_662' title='bbox 3370 3445 3725 3502; x_wconf 82' lang='grc' dir='ltr'><strong>πεπτώκασιν</strong></span> <span class='ocrx_word' id='word_1_663' title='bbox 3753 3449 3822 3502; x_wconf 65' lang='grc' dir='ltr'><strong>ἰν</strong></span> 
     </span>
    </p>
   </div>
   <div class='ocr_carea' id='block_1_93' title="bbox 2233 3533 3825 3611">
    <p class='ocr_par' dir='ltr' id='par_1_93' title="bbox 2233 3533 3825 3611">
     <span class='ocr_line' id='line_1_93' title="bbox 2233 3533 3825 3611; baseline 0.005 -27"><span class='ocrx_word' id='word_1_664' title='bbox 2233 3534 2299 3603; x_wconf 78' lang='grc' dir='ltr'><strong>τῇ</strong></span> <span class='ocrx_word' id='word_1_665' title='bbox 2336 3533 2527 3604; x_wconf 72' lang='grc' dir='ltr'><strong>ἐρήμῳ</strong></span> <span class='ocrx_word' id='word_1_666' title='bbox 2551 3533 3125 3607; x_wconf 81' lang='grc' dir='ltr'><strong>είδωλολατρήσαντες.</strong></span> <span class='ocrx_word' id='word_1_667' title='bbox 3170 3537 3348 3609; x_wconf 81' lang='grc' dir='ltr'><strong>Ἦμᾶς</strong></span> <span class='ocrx_word' id='word_1_668' title='bbox 3370 3537 3426 3592; x_wconf 72' lang='grc' dir='ltr'><strong>δὲ</strong></span> <span class='ocrx_word' id='word_1_669' title='bbox 3449 3537 3664 3611; x_wconf 74' lang='grc' dir='ltr'><strong>ἀληθῶς</strong></span> <span class='ocrx_word' id='word_1_670' title='bbox 3695 3539 3825 3594; x_wconf 65' lang='grc' dir='ltr'><strong>ἐλυ-</strong></span> 
     </span>
    </p>
   </div>
   <div class='ocr_carea' id='block_1_94' title="bbox 2233 3623 3825 3702">
    <p class='ocr_par' dir='ltr' id='par_1_94' title="bbox 2233 3623 3825 3702">
     <span class='ocr_line' id='line_1_94' title="bbox 2233 3623 3825 3702; baseline 0.006 -26"><span class='ocrx_word' id='word_1_671' title='bbox 2233 3623 2478 3694; x_wconf 84' lang='grc' dir='ltr'><strong>τρὼσατο</strong></span> <span class='ocrx_word' id='word_1_672' title='bbox 2534 3626 2600 3678; x_wconf 76' lang='grc' dir='ltr'><strong>ὲκ</strong></span> <span class='ocrx_word' id='word_1_673' title='bbox 2650 3625 2759 3680; x_wconf 88' lang='grc' dir='ltr'><strong>τῶν</strong></span> <span class='ocrx_word' id='word_1_674' title='bbox 2821 3629 2921 3697; x_wconf 79' lang='grc' dir='ltr'><strong>τῆς</strong></span> <span class='ocrx_word' id='word_1_675' title='bbox 2987 3628 3166 3700; x_wconf 81' lang='grc' dir='ltr'><strong>ψυχῆς</strong></span> <span class='ocrx_word' id='word_1_676' title='bbox 3219 3630 3378 3701; x_wconf 72' lang='grc' dir='ltr'><strong>ἡμῶν</strong></span> <span class='ocrx_word' id='word_1_677' title='bbox 3436 3629 3667 3702; x_wconf 64' lang='grc' dir='ltr'><strong>ἐχθρῶν,</strong></span> <span class='ocrx_word' id='word_1_678' title='bbox 3719 3633 3825 3686; x_wconf 76' lang='grc' dir='ltr'><strong>καὶ</strong></span> 
     </span>
    </p>
   </div>
   <div class='ocr_carea' id='block_1_95' title="bbox 2233 3715 3820 3797">
    <p class='ocr_par' dir='ltr' id='par_1_95' title="bbox 2233 3715 3820 3797">
     <span class='ocr_line' id='line_1_95' title="bbox 2233 3715 3820 3797; baseline 0.006 -30"><span class='ocrx_word' id='word_1_679' title='bbox 2233 3715 2476 3787; x_wconf 63' lang='grc' dir='ltr'><strong>ἀμνήσθη</strong></span> <span class='ocrx_word' id='word_1_680' title='bbox 2525 3716 2682 3789; x_wconf 79' lang='grc' dir='ltr'><strong>ἡμῶν</strong></span> <span class='ocrx_word' id='word_1_681' title='bbox 2731 3719 2790 3771; x_wconf 79' lang='grc' dir='ltr'><strong>ὲν</strong></span> <span class='ocrx_word' id='word_1_682' title='bbox 2830 3720 2895 3790; x_wconf 82' lang='grc' dir='ltr'><strong>τῇ</strong></span> <span class='ocrx_word' id='word_1_683' title='bbox 2944 3719 3272 3774; x_wconf 81' lang='grc' dir='ltr'><strong>ταπεινώσει</strong></span> <span class='ocrx_word' id='word_1_684' title='bbox 3316 3721 3474 3793; x_wconf 76' lang='grc' dir='ltr'><strong>ἡμῶν</strong></span> <span class='ocrx_word' id='word_1_685' title='bbox 3525 3721 3724 3792; x_wconf 79' lang='grc' dir='ltr'><strong>μᾶλλον</strong></span> <span class='ocrx_word' id='word_1_686' title='bbox 3781 3724 3820 3797; x_wconf 80' lang='grc' dir='ltr'>ἢ</span> 
     </span>
    </p>
   </div>
   <div class='ocr_carea' id='block_1_96' title="bbox 2233 3807 3820 3885">
    <p class='ocr_par' dir='ltr' id='par_1_96' title="bbox 2233 3807 3820 3885">
     <span class='ocr_line' id='line_1_96' title="bbox 2233 3807 3820 3885; baseline 0.006 -24"><span class='ocrx_word' id='word_1_687' title='bbox 2233 3807 2460 3861; x_wconf 69' lang='grc' dir='ltr'><strong>δκείνων</strong></span> <span class='ocrx_word' id='word_1_688' title='bbox 2482 3824 2496 3838; x_wconf 90' lang='grc'><strong>·</strong></span> <span class='ocrx_word' id='word_1_689' title='bbox 2532 3809 2583 3861; x_wconf 87' lang='lat' dir='ltr'><strong>oi</strong></span> <span class='ocrx_word' id='word_1_690' title='bbox 2621 3808 2721 3879; x_wconf 85' lang='grc' dir='ltr'><strong>μὲν</strong></span> <span class='ocrx_word' id='word_1_691' title='bbox 2762 3808 2873 3880; x_wconf 90' lang='grc' dir='ltr'><strong>γάρ</strong></span> <span class='ocrx_word' id='word_1_692' title='bbox 2913 3809 3160 3882; x_wconf 86' lang='grc' dir='ltr'><strong>σώμασιν</strong></span> <span class='ocrx_word' id='word_1_693' title='bbox 3191 3812 3469 3868; x_wconf 68' lang='grc' dir='ltr'><strong>ἐδούλευον</strong></span> <span class='ocrx_word' id='word_1_694' title='bbox 3503 3819 3618 3880; x_wconf 88' lang='grc' dir='ltr'><strong>τοῖς</strong></span> <span class='ocrx_word' id='word_1_695' title='bbox 3643 3818 3820 3885; x_wconf 84' lang='grc' dir='ltr'><strong>Δίγυ-</strong></span> 
     </span>
    </p>
   </div>
   <div class='ocr_carea' id='block_1_97' title="bbox 2235 3895 3822 3978">
    <p class='ocr_par' dir='ltr' id='par_1_97' title="bbox 2235 3895 3822 3978">
     <span class='ocr_line' id='line_1_97' title="bbox 2235 3895 3822 3978; baseline 0.009 -29"><span class='ocrx_word' id='word_1_696' title='bbox 2235 3897 2433 3961; x_wconf 87' lang='grc' dir='ltr'><strong>πτίοις,</strong></span> <span class='ocrx_word' id='word_1_697' title='bbox 2461 3897 2620 3968; x_wconf 77' lang='grc' dir='ltr'><strong>ἡμεῖς</strong></span> <span class='ocrx_word' id='word_1_698' title='bbox 2663 3895 2720 3951; x_wconf 80' lang='grc' dir='ltr'><strong>δὲ</strong></span> <span class='ocrx_word' id='word_1_699' title='bbox 2753 3902 2873 3962; x_wconf 88' lang='grc' dir='ltr'><strong>ταῖς</strong></span> <span class='ocrx_word' id='word_1_700' title='bbox 2901 3899 3103 3972; x_wconf 82' lang='grc' dir='ltr'><strong>ψυχαῖς</strong></span> <span class='ocrx_word' id='word_1_701' title='bbox 3136 3902 3328 3968; x_wconf 86' lang='grc' dir='ltr'><strong>αύταῖς</strong></span> <span class='ocrx_word' id='word_1_702' title='bbox 3370 3903 3641 3976; x_wconf 83' lang='grc' dir='ltr'><strong>δαιμόνων</strong></span> <span class='ocrx_word' id='word_1_703' title='bbox 3672 3902 3822 3978; x_wconf 66' lang='grc' dir='ltr'><strong>ἦμεν</strong></span> 
     </span>
    </p>
   </div>
   <div class='ocr_carea' id='block_1_98' title="bbox 2234 3988 3826 4071">
    <p class='ocr_par' dir='ltr' id='par_1_98' title="bbox 2234 3988 3826 4071">
     <span class='ocr_line' id='line_1_98' title="bbox 2234 3988 3826 4071; baseline 0.008 -29"><span class='ocrx_word' id='word_1_704' title='bbox 2234 3988 2479 4059; x_wconf 83' lang='grc' dir='ltr'><strong>παίγνια,</strong></span> <span class='ocrx_word' id='word_1_705' title='bbox 2514 3990 2610 4044; x_wconf 80' lang='grc' dir='ltr'><strong>καὶ</strong></span> <span class='ocrx_word' id='word_1_706' title='bbox 2649 3989 2753 4044; x_wconf 71' lang='grc' dir='ltr'><strong>ὑπὸ</strong></span> <span class='ocrx_word' id='word_1_707' title='bbox 2779 3993 2895 4055; x_wconf 88' lang='grc' dir='ltr'><strong>τοῖς</strong></span> <span class='ocrx_word' id='word_1_708' title='bbox 2928 3997 3183 4067; x_wconf 84' lang='grc' dir='ltr'><strong>πονηροῖς</strong></span> <span class='ocrx_word' id='word_1_709' title='bbox 3221 3995 3528 4068; x_wconf 82' lang='grc' dir='ltr'><strong>πνεύμασιν</strong></span> <span class='ocrx_word' id='word_1_710' title='bbox 3564 3994 3706 4071; x_wconf 81' lang='grc' dir='ltr'><strong>ἦμεν</strong></span> <span class='ocrx_word' id='word_1_711' title='bbox 3734 4016 3826 4053; x_wconf 87' lang='grc' dir='ltr'><strong>τε-</strong></span> 
     </span>
    </p>
   </div>
   <div class='ocr_carea' id='block_1_99' title="bbox 2233 4080 3819 4156">
    <p class='ocr_par' dir='ltr' id='par_1_99' title="bbox 2233 4080 3819 4156">
     <span class='ocr_line' id='line_1_99' title="bbox 2233 4080 3819 4156; baseline 0.008 -22"><span class='ocrx_word' id='word_1_712' title='bbox 2233 4082 2644 4153; x_wconf 80' lang='grc' dir='ltr'><strong>ταπεινωμένοι.</strong></span> <span class='ocrx_word' id='word_1_713' title='bbox 2685 4080 2948 4137; x_wconf 80' lang='grc' dir='ltr'><strong>Τοσοῦτον</strong></span> <span class='ocrx_word' id='word_1_714' title='bbox 2979 4085 3036 4139; x_wconf 78' lang='grc' dir='ltr'><strong>δέ</strong></span> <span class='ocrx_word' id='word_1_715' title='bbox 3079 4089 3195 4141; x_wconf 74' lang='grc' dir='ltr'><strong>ἐστι</strong></span> <span class='ocrx_word' id='word_1_716' title='bbox 3238 4088 3300 4142; x_wconf 72' lang='grc' dir='ltr'><strong>τὸ</strong></span> <span class='ocrx_word' id='word_1_717' title='bbox 3340 4088 3488 4154; x_wconf 68' lang='grc' dir='ltr'><strong>ἔλεος</strong></span> <span class='ocrx_word' id='word_1_718' title='bbox 3520 4090 3614 4144; x_wconf 84' lang='grc' dir='ltr'><strong>τοῦ</strong></span> <span class='ocrx_word' id='word_1_719' title='bbox 3653 4090 3819 4156; x_wconf 77' lang='grc' dir='ltr'><strong>Θεοῦ,</strong></span> 
     </span>
    </p>
   </div>
   <div class='ocr_carea' id='block_1_100' title="bbox 2232 4171 3822 4255">
    <p class='ocr_par' dir='ltr' id='par_1_100' title="bbox 2232 4171 3822 4255">
     <span class='ocr_line' id='line_1_100' title="bbox 2232 4171 3822 4255; baseline 0.008 -31"><span class='ocrx_word' id='word_1_720' title='bbox 2232 4171 2309 4236; x_wconf 84' lang='grc' dir='ltr'><strong>ὼς</strong></span> <span class='ocrx_word' id='word_1_721' title='bbox 2337 4173 2412 4244; x_wconf 75' lang='grc' dir='ltr'><strong>μὴ</strong></span> <span class='ocrx_word' id='word_1_722' title='bbox 2455 4173 2614 4243; x_wconf 84' lang='grc' dir='ltr'><strong>μόνον</strong></span> <span class='ocrx_word' id='word_1_723' title='bbox 2647 4174 2902 4246; x_wconf 75' lang='grc' dir='ltr'><strong>κήδεσθαι</strong></span> <span class='ocrx_word' id='word_1_724' title='bbox 2937 4175 3047 4231; x_wconf 87' lang='grc' dir='ltr'><strong>τῶν</strong></span> <span class='ocrx_word' id='word_1_725' title='bbox 3081 4177 3372 4246; x_wconf 76' lang='grc' dir='ltr'><strong>θεοσεθῶν,</strong></span> <span class='ocrx_word' id='word_1_726' title='bbox 3401 4176 3635 4237; x_wconf 71' lang='lat' dir='ltr'><strong>xei&quot;:ch</strong></span> <span class='ocrx_word' id='word_1_727' title='bbox 3664 4183 3822 4255; x_wconf 82' lang='grc' dir='ltr'><strong>αὐτῷ</strong></span> 
     </span>
    </p>
   </div>
   <div class='ocr_carea' id='block_1_101' title="bbox 2233 4263 3822 4346">
    <p class='ocr_par' dir='ltr' id='par_1_101' title="bbox 2233 4263 3822 4346">
     <span class='ocr_line' id='line_1_101' title="bbox 2233 4263 3822 4346; baseline 0.011 -30"><span class='ocrx_word' id='word_1_728' title='bbox 2233 4263 2642 4336; x_wconf 78' lang='grc' dir='ltr'><strong>πλησιαζόντων</strong></span> <span class='ocrx_word' id='word_1_729' title='bbox 2688 4267 3016 4336; x_wconf 73' lang='grc' dir='ltr'><strong>φροντίζειν,</strong></span> <span class='ocrx_word' id='word_1_730' title='bbox 3066 4269 3203 4326; x_wconf 88' lang='grc' dir='ltr'><strong>ἀλλά</strong></span> <span class='ocrx_word' id='word_1_731' title='bbox 3251 4274 3345 4327; x_wconf 74' lang='grc' dir='ltr'><strong>καὶ</strong></span> <span class='ocrx_word' id='word_1_732' title='bbox 3392 4274 3612 4346; x_wconf 85' lang='grc' dir='ltr'><strong>πάντων</strong></span> <span class='ocrx_word' id='word_1_733' title='bbox 3664 4277 3822 4346; x_wconf 73' lang='grc' dir='ltr'><strong>ἅπαξ</strong></span> 
     </span>
    </p>
   </div>
   <div class='ocr_carea' id='block_1_102' title="bbox 2232 4356 3820 4435">
    <p class='ocr_par' dir='ltr' id='par_1_102' title="bbox 2232 4356 3820 4435">
     <span class='ocr_line' id='line_1_102' title="bbox 2232 4356 3820 4435; baseline 0.01 -26"><span class='ocrx_word' id='word_1_734' title='bbox 2232 4356 2420 4421; x_wconf 88' lang='grc' dir='ltr'><strong>ἀπλῶς</strong></span> <span class='ocrx_word' id='word_1_735' title='bbox 2454 4357 2564 4412; x_wconf 82' lang='grc' dir='ltr'><strong>τῶν</strong></span> <span class='ocrx_word' id='word_1_736' title='bbox 2597 4359 2692 4413; x_wconf 73' lang='grc' dir='ltr'><strong>ἐπὶ</strong></span> <span class='ocrx_word' id='word_1_737' title='bbox 2723 4361 2827 4431; x_wconf 86' lang='grc' dir='ltr'><strong>γῆς</strong></span> <span class='ocrx_word' id='word_1_738' title='bbox 2865 4362 2963 4433; x_wconf 79' lang='grc' dir='ltr'><strong>τὴν</strong></span> <span class='ocrx_word' id='word_1_739' title='bbox 2997 4364 3252 4435; x_wconf 90' lang='grc' dir='ltr'><strong>πρόνοιαν</strong></span> <span class='ocrx_word' id='word_1_740' title='bbox 3286 4367 3579 4434; x_wconf 87' lang='grc' dir='ltr'><strong>ποιεῖσθαι,</strong></span> <span class='ocrx_word' id='word_1_741' title='bbox 3613 4369 3709 4427; x_wconf 74' lang='grc' dir='ltr'><strong>καὶ</strong></span> <span class='ocrx_word' id='word_1_742' title='bbox 3749 4371 3820 4425; x_wconf 76' lang='grc' dir='ltr'><strong>ού</strong></span> 
     </span>
    </p>
   </div>
   <div class='ocr_carea' id='block_1_103' title="bbox 2231 4447 3821 4534">
    <p class='ocr_par' dir='ltr' id='par_1_103' title="bbox 2231 4447 3821 4534">
     <span class='ocr_line' id='line_1_103' title="bbox 2231 4447 3821 4534; baseline 0.011 -34"><span class='ocrx_word' id='word_1_743' title='bbox 2231 4447 2467 4518; x_wconf 85' lang='grc' dir='ltr'><strong>λογικῶν</strong></span> <span class='ocrx_word' id='word_1_744' title='bbox 2516 4450 2691 4521; x_wconf 87' lang='grc' dir='ltr'><strong>μόνων</strong></span> <span class='ocrx_word' id='word_1_745' title='bbox 2745 4452 2884 4507; x_wconf 87' lang='grc' dir='ltr'><strong>ἀλλά</strong></span> <span class='ocrx_word' id='word_1_746' title='bbox 2926 4455 3019 4508; x_wconf 83' lang='grc' dir='ltr'><strong>καί</strong></span> <span class='ocrx_word' id='word_1_747' title='bbox 3065 4455 3294 4526; x_wconf 81' lang='grc' dir='ltr'><strong>ἀλόγων,</strong></span> <span class='ocrx_word' id='word_1_748' title='bbox 3349 4458 3425 4523; x_wconf 83' lang='grc' dir='ltr'><strong>ὡς</strong></span> <span class='ocrx_word' id='word_1_749' title='bbox 3464 4461 3821 4534; x_wconf 74' lang='grc' dir='ltr'><strong>ἐπιχορηγεῖν</strong></span> 
     </span>
    </p>
   </div>
   <div class='ocr_carea' id='block_1_104' title="bbox 2232 4540 3822 4621">
    <p class='ocr_par' dir='ltr' id='par_1_104' title="bbox 2232 4540 3822 4621">
     <span class='ocr_line' id='line_1_104' title="bbox 2232 4540 3822 4621; baseline 0.011 -29"><span class='ocrx_word' id='word_1_750' title='bbox 2232 4540 2439 4610; x_wconf 82' lang='grc' dir='ltr'><strong>τροφάς</strong></span> <span class='ocrx_word' id='word_1_751' title='bbox 2465 4543 2600 4595; x_wconf 75' lang='grc' dir='ltr'><strong>πᾶσι</strong></span> <span class='ocrx_word' id='word_1_752' title='bbox 2624 4544 2740 4607; x_wconf 89' lang='grc' dir='ltr'><strong>τοῖς</strong></span> <span class='ocrx_word' id='word_1_753' title='bbox 2773 4544 2867 4598; x_wconf 76' lang='grc' dir='ltr'><strong>ἐπὶ</strong></span> <span class='ocrx_word' id='word_1_754' title='bbox 2895 4547 2998 4618; x_wconf 82' lang='grc' dir='ltr'><strong>γῆς</strong></span> <span class='ocrx_word' id='word_1_755' title='bbox 3030 4545 3215 4617; x_wconf 80' lang='grc' dir='ltr'><strong>ζώοις,</strong></span> <span class='ocrx_word' id='word_1_756' title='bbox 3243 4549 3456 4621; x_wconf 72' lang='grc' dir='ltr'><strong>ἑκάστῳ</strong></span> <span class='ocrx_word' id='word_1_757' title='bbox 3483 4568 3545 4606; x_wconf 86' lang='grc' dir='ltr'><strong>τε</strong></span> <span class='ocrx_word' id='word_1_758' title='bbox 3570 4552 3714 4621; x_wconf 66' lang='grc' dir='ltr'><strong>γάνει</strong></span> <span class='ocrx_word' id='word_1_759' title='bbox 3742 4553 3822 4610; x_wconf 85' lang='grc' dir='ltr'><strong>τά</strong></span> 
     </span>
    </p>
   </div>
   <div class='ocr_carea' id='block_1_105' title="bbox 2233 4632 3820 4718">
    <p class='ocr_par' dir='ltr' id='par_1_105' title="bbox 2233 4632 3820 4718">
     <span class='ocr_line' id='line_1_105' title="bbox 2233 4632 3820 4718; baseline 0.013 -35"><span class='ocrx_word' id='word_1_760' title='bbox 2233 4632 2537 4705; x_wconf 84' lang='grc' dir='ltr'><strong>πρόσφορα,</strong></span> <span class='ocrx_word' id='word_1_761' title='bbox 2585 4636 2678 4689; x_wconf 75' lang='grc' dir='ltr'><strong>καὶ</strong></span> <span class='ocrx_word' id='word_1_762' title='bbox 2727 4637 2795 4690; x_wconf 81' lang='grc' dir='ltr'><strong>τὰ</strong></span> <span class='ocrx_word' id='word_1_763' title='bbox 2847 4639 3156 4712; x_wconf 81' lang='grc' dir='ltr'><strong>κατάλληλα</strong></span> <span class='ocrx_word' id='word_1_764' title='bbox 3201 4641 3341 4715; x_wconf 83' lang='grc' dir='ltr'><strong>πρὸς</strong></span> <span class='ocrx_word' id='word_1_765' title='bbox 3384 4645 3487 4715; x_wconf 74' lang='grc' dir='ltr'><strong>τὴν</strong></span> <span class='ocrx_word' id='word_1_766' title='bbox 3519 4645 3662 4718; x_wconf 78' lang='grc' dir='ltr'><strong>ζωὴν</strong></span> <span class='ocrx_word' id='word_1_767' title='bbox 3709 4645 3820 4702; x_wconf 85' lang='grc' dir='ltr'><strong>δω-</strong></span> 
     </span>
    </p>
   </div>
   <div class='ocr_carea' id='block_1_106' title="bbox 2237 4724 3816 4810">
    <p class='ocr_par' dir='ltr' id='par_1_106' title="bbox 2237 4724 3816 4810">
     <span class='ocr_line' id='line_1_106' title="bbox 2237 4724 3816 4810; baseline 0.012 -35"><span class='ocrx_word' id='word_1_768' title='bbox 2237 4724 2480 4794; x_wconf 81' lang='grc' dir='ltr'><strong>ρεῖσθαι,</strong></span> <span class='ocrx_word' id='word_1_769' title='bbox 2522 4727 2774 4784; x_wconf 72' lang='grc' dir='ltr'><strong>ἐντεῦθέν</strong></span> <span class='ocrx_word' id='word_1_770' title='bbox 2830 4747 2889 4784; x_wconf 88' lang='grc' dir='ltr'><strong>τε</strong></span> <span class='ocrx_word' id='word_1_771' title='bbox 2946 4731 3109 4787; x_wconf 87' lang='grc' dir='ltr'><strong>πάλιν</strong></span> <span class='ocrx_word' id='word_1_772' title='bbox 3164 4735 3245 4798; x_wconf 88' lang='grc' dir='ltr'><strong>είς</strong></span> <span class='ocrx_word' id='word_1_773' title='bbox 3295 4736 3525 4808; x_wconf 83' lang='grc' dir='ltr'><strong>οὐρανὸν</strong></span> <span class='ocrx_word' id='word_1_774' title='bbox 3582 4737 3816 4810; x_wconf 74' lang='grc' dir='ltr'><strong>διήκειν.</strong></span> 
     </span>
    </p>
   </div>
   <div class='ocr_carea' id='block_1_107' title="bbox 2232 4816 3821 4900">
    <p class='ocr_par' dir='ltr' id='par_1_107' title="bbox 2232 4816 3821 4900">
     <span class='ocr_line' id='line_1_107' title="bbox 2232 4816 3821 4900; baseline 0.012 -33"><span class='ocrx_word' id='word_1_775' title='bbox 2232 4816 2434 4888; x_wconf 84' lang='grc' dir='ltr'><strong>Διόπερ</strong></span> <span class='ocrx_word' id='word_1_776' title='bbox 2479 4818 2509 4870; x_wconf 88' lang='grc' dir='ltr'><strong>ό</strong></span> <span class='ocrx_word' id='word_1_777' title='bbox 2531 4817 2687 4888; x_wconf 87' lang='grc' dir='ltr'><strong>λόγος</strong></span> <span class='ocrx_word' id='word_1_778' title='bbox 2732 4823 2871 4892; x_wconf 87' lang='grc' dir='ltr'><strong>μετά</strong></span> <span class='ocrx_word' id='word_1_779' title='bbox 2912 4823 2972 4876; x_wconf 84' lang='grc' dir='ltr'><strong>τὸ</strong></span> <span class='ocrx_word' id='word_1_780' title='bbox 3017 4823 3205 4894; x_wconf 83' lang='grc' dir='ltr'><strong>φάναι,</strong></span> <span class='ocrx_word' id='word_1_781' title='bbox 3245 4825 3308 4881; x_wconf 89' lang='lat'><strong>&#39;0</strong></span> <span class='ocrx_word' id='word_1_782' title='bbox 3340 4826 3547 4896; x_wconf 81' lang='grc' dir='ltr'><strong>διδοὺς</strong></span> <span class='ocrx_word' id='word_1_783' title='bbox 3581 4830 3821 4900; x_wconf 68' lang='grc' dir='ltr'><strong>τροφὴν</strong></span> 
     </span>
    </p>
   </div>
   <div class='ocr_carea' id='block_1_108' title="bbox 2235 4906 3822 4993">
    <p class='ocr_par' dir='ltr' id='par_1_108' title="bbox 2235 4906 3822 4993">
     <span class='ocr_line' id='line_1_108' title="bbox 2235 4906 3822 4993; baseline 0.011 -32"><span class='ocrx_word' id='word_1_784' title='bbox 2235 4906 2404 4979; x_wconf 78' lang='grc' dir='ltr'><strong>πάσῃ</strong></span> <span class='ocrx_word' id='word_1_785' title='bbox 2449 4912 2660 4980; x_wconf 72' lang='grc' dir='ltr'><strong>σαρκὶ,</strong></span> <span class='ocrx_word' id='word_1_786' title='bbox 2695 4914 3009 4985; x_wconf 78' lang='grc' dir='ltr'><strong>ἀναπέμπει</strong></span> <span class='ocrx_word' id='word_1_787' title='bbox 3051 4918 3200 4988; x_wconf 71' lang='grc' dir='ltr'><strong>ἡμᾶς</strong></span> <span class='ocrx_word' id='word_1_788' title='bbox 3245 4920 3326 4983; x_wconf 90' lang='grc' dir='ltr'><strong>είς</strong></span> <span class='ocrx_word' id='word_1_789' title='bbox 3364 4920 3626 4993; x_wconf 81' lang='grc' dir='ltr'><strong>οὐρανὸν,</strong></span> <span class='ocrx_word' id='word_1_790' title='bbox 3659 4918 3822 4989; x_wconf 78' lang='grc' dir='ltr'><strong>αὖθις</strong></span> 
     </span>
    </p>
   </div>
   <div class='ocr_carea' id='block_1_109' title="bbox 2237 4996 3819 5082">
    <p class='ocr_par' dir='ltr' id='par_1_109' title="bbox 2237 4996 3819 5082">
     <span class='ocr_line' id='line_1_109' title="bbox 2237 4996 3819 5082; baseline 0.013 -31"><span class='ocrx_word' id='word_1_791' title='bbox 2237 4996 2411 5068; x_wconf 79' lang='grc' dir='ltr'><strong>λέγων</strong></span> <span class='ocrx_word' id='word_1_792' title='bbox 2427 5016 2443 5031; x_wconf 80' lang='grc' dir='ltr'><strong>ο</strong></span> <span class='ocrx_word' id='word_1_793' title='bbox 2477 5000 2969 5074; x_wconf 74' lang='grc' dir='ltr'><strong>Ἐξομολογεῖσθε</strong></span> <span class='ocrx_word' id='word_1_794' title='bbox 2998 5006 3079 5073; x_wconf 85' lang='grc' dir='ltr'><strong>τῷ</strong></span> <span class='ocrx_word' id='word_1_795' title='bbox 3111 5007 3237 5076; x_wconf 80' lang='grc' dir='ltr'><strong>Θεῷ</strong></span> <span class='ocrx_word' id='word_1_796' title='bbox 3276 5010 3391 5066; x_wconf 80' lang='grc' dir='ltr'><strong>τοῦ</strong></span> <span class='ocrx_word' id='word_1_797' title='bbox 3419 5013 3701 5082; x_wconf 79' lang='grc' dir='ltr'><strong>οὐρανοῦ,</strong></span> <span class='ocrx_word' id='word_1_798' title='bbox 3721 5014 3819 5071; x_wconf 79' lang='grc' dir='ltr'><strong>ὅτι</strong></span> 
     </span>
    </p>
   </div>
   <div class='ocr_carea' id='block_1_110' title="bbox 2233 5090 3138 5166">
    <p class='ocr_par' dir='ltr' id='par_1_110' title="bbox 2233 5090 3138 5166">
     <span class='ocr_line' id='line_1_110' title="bbox 2233 5090 3138 5166; baseline 0.014 -24"><span class='ocrx_word' id='word_1_799' title='bbox 2233 5091 2323 5156; x_wconf 83' lang='grc' dir='ltr'><strong>εις</strong></span> <span class='ocrx_word' id='word_1_800' title='bbox 2337 5091 2446 5145; x_wconf 81' lang='grc' dir='ltr'><strong>τὸν</strong></span> <span class='ocrx_word' id='word_1_801' title='bbox 2457 5090 2643 5147; x_wconf 74' lang='grc' dir='ltr'><strong>αίῶνα</strong></span> <span class='ocrx_word' id='word_1_802' title='bbox 2659 5095 2728 5149; x_wconf 81' lang='grc' dir='ltr'><strong>τὸ</strong></span> <span class='ocrx_word' id='word_1_803' title='bbox 2743 5097 2915 5166; x_wconf 71' lang='grc' dir='ltr'><strong>ἕλεος</strong></span> <span class='ocrx_word' id='word_1_804' title='bbox 2929 5100 3138 5155; x_wconf 84' lang='grc' dir='ltr'><strong>αὐτοῦ.</strong></span> 
     </span>
    </p>
   </div>
   <div class='ocr_carea' id='block_1_111' title="bbox 2761 5189 3278 5262">
    <p class='ocr_par' dir='ltr' id='par_1_111' title="bbox 2761 5189 3278 5262">
     <span class='ocr_line' id='line_1_111' title="bbox 2761 5189 3278 5262; baseline 0.012 -18"><span class='ocrx_word' id='word_1_805' title='bbox 2761 5189 3052 5247; x_wconf 75' lang='grc' dir='ltr'><strong>ΨΑΛΜΟΣ</strong></span> <span class='ocrx_word' id='word_1_806' title='bbox 3095 5194 3278 5262; x_wconf 60' lang='grc' dir='ltr'><strong>ΡΛΓΓ.</strong></span> 
     </span>
    </p>
   </div>
   <div class='ocr_carea' id='block_1_112' title="bbox 2317 5276 3819 5365">
    <p class='ocr_par' dir='ltr' id='par_1_112' title="bbox 2317 5276 3819 5365">
     <span class='ocr_line' id='line_1_112' title="bbox 2317 5276 3819 5365; baseline 0.013 -36"><span class='ocrx_word' id='word_1_807' title='bbox 2317 5276 2377 5330; x_wconf 88' lang='lat'><strong>&#39;0</strong></span> <span class='ocrx_word' id='word_1_808' title='bbox 2427 5276 2620 5350; x_wconf 87' lang='grc' dir='ltr'><strong>παρὼν</strong></span> <span class='ocrx_word' id='word_1_809' title='bbox 2673 5280 2917 5354; x_wconf 84' lang='grc' dir='ltr'><strong>ψαλμδς,</strong></span> <span class='ocrx_word' id='word_1_810' title='bbox 2966 5287 3340 5360; x_wconf 81' lang='grc' dir='ltr'><strong>ἀνεπίγραφος</strong></span> <span class='ocrx_word' id='word_1_811' title='bbox 3394 5290 3632 5364; x_wconf 80' lang='grc' dir='ltr'><strong>ὑπάρχει</strong></span> <span class='ocrx_word' id='word_1_812' title='bbox 3681 5295 3819 5365; x_wconf 79' lang='grc' dir='ltr'><strong>παρ’</strong></span> 
     </span>
    </p>
   </div>
   <div class='ocr_carea' id='block_1_113' title="bbox 2232 5615 3822 5699">
    <p class='ocr_par' dir='ltr' id='par_1_113' title="bbox 2232 5615 3822 5699">
     <span class='ocr_line' id='line_1_113' title="bbox 2232 5615 3822 5699; baseline 0.009 -27"><span class='ocrx_word' id='word_1_813' title='bbox 2232 5615 2391 5699; x_wconf 68' lang='lat' dir='ltr'><strong>duce.</strong></span> <span class='ocrx_word' id='word_1_814' title='bbox 2421 5615 2556 5672; x_wconf 83' lang='lat' dir='ltr'><strong>Nam</strong></span> <span class='ocrx_word' id='word_1_815' title='bbox 2613 5627 2671 5674; x_wconf 90' lang='lat' dir='ltr'><strong>et</strong></span> <span class='ocrx_word' id='word_1_816' title='bbox 2733 5619 2998 5699; x_wconf 75' lang='lat' dir='ltr'><strong>Eusebius</strong></span> <span class='ocrx_word' id='word_1_817' title='bbox 3061 5622 3383 5693; x_wconf 85' lang='lat' dir='ltr'><strong>conspirare</strong></span> <span class='ocrx_word' id='word_1_818' title='bbox 3444 5638 3568 5680; x_wconf 85' lang='lat' dir='ltr'><strong>cum</strong></span> <span class='ocrx_word' id='word_1_819' title='bbox 3626 5623 3822 5699; x_wconf 81' lang='lat' dir='ltr'><strong>Cyrilil</strong></span> 
     </span>
    </p>
   </div>
   <div class='ocr_carea' id='block_1_114' title="bbox 2231 5687 3142 5748">
    <p class='ocr_par' dir='ltr' id='par_1_114' title="bbox 2231 5687 3142 5748">
     <span class='ocr_line' id='line_1_114' title="bbox 2231 5687 3142 5748; baseline 0.007 -6"><span class='ocrx_word' id='word_1_820' title='bbox 2231 5687 2575 5748; x_wconf 83' lang='lat' dir='ltr'><strong>aliorumque</strong></span> <span class='ocrx_word' id='word_1_821' title='bbox 2605 5690 2876 5745; x_wconf 83' lang='lat' dir='ltr'><strong>sententia</strong></span> <span class='ocrx_word' id='word_1_822' title='bbox 2909 5691 3142 5748; x_wconf 80' lang='lat' dir='ltr'><strong>videtur.</strong></span> 
     </span>
    </p>
   </div>
   <div class='ocr_carea' id='block_1_115' title="bbox 2304 5757 2841 5832">
    <p class='ocr_par' dir='ltr' id='par_1_115' title="bbox 2304 5757 2841 5832">
     <span class='ocr_line' id='line_1_115' title="bbox 2304 5757 2841 5832; baseline 0.006 -19"><span class='ocrx_word' id='word_1_823' title='bbox 2304 5757 2422 5830; x_wconf 75' lang='lat' dir='ltr'><strong>(ta)</strong></span> <span class='ocrx_word' id='word_1_824' title='bbox 2454 5757 2590 5816; x_wconf 84' lang='lat' dir='ltr'><strong>Cod.</strong></span> <span class='ocrx_word' id='word_1_825' title='bbox 2618 5760 2841 5832; x_wconf 77' lang='grc' dir='ltr'><strong>τρόπος.</strong></span> 
     </span>
    </p>
   </div>
  </div>
