4100 6286
588 371 656 426 59
1221 353 1486 414 EUSEBII
1524 344 1994 410 CESARIENSIS
2026 343 2174 400 OPP.
2217 339 2398 396 PARS
2435 332 2527 392 III.
2570 369 2636 378 —
2676 332 3088 391 EXEGETICA.

3765 328 3838 384 ω

587 485 870 544 mtﬂtitudo
917 478 1158 552 gentium
1207 476 1449 544 ingressa
1507 469 1707 530 fuerit,
1767 476 1824 520 et
1877 461 2144 518 secundus

2267 455 2517 526 πλήρωμα
2546 449 2652 504 τῶν
2683 447 2851 502 ἐθνῶν
2883 445 3120 518 εἰσέλθῃ,
3156 447 3250 499 καὶ
3277 447 3312 518 ἡ
3337 446 3567 517 δευτέρα
3598 443 3690 497 τοῦ
3714 444 3836 497 Σωι

586 575 786 634 Christi
813 573 1077 626 adventus
1107 565 1383 623 acciderit.
1419 562 1571 616 Tunc
1595 559 1736 613 enim
1763 569 1957 623 magna
1987 567 2149 622 app-

591 667 728 722 rebit
770 663 937 734 gloria
968 658 1202 716 Domini.
1248 655 1487 722 Namque
1533 649 1854 719 imperativo
1883 646 2038 701 modo
2067 641 2150 696 vel

587 757 847 826 optativo,
876 753 1054 808 futura
1083 748 1347 804 interdum
1375 745 1702 799 denotantur
1728 741 2022 798 secundum
2055 751 2148 806 pe-

587 847 845 904 culiarem
872 842 1216 898 Hebrmurum
1262 834 1733 892 consuetudinem.
1767 860 1840 872 —
1871 828 2149 883 Vaticina-

591 944 680 988 tnr
728 931 975 987 diffusum
1026 928 1090 982 iri
1141 941 1238 994 per
1268 940 1460 980 omnes
1490 933 1682 995 gentes
1726 921 1819 977 Dei
1869 919 2148 982 notitiam;

589 1024 779 1079 Cuncti
814 1022 977 1082 enim,
1012 1018 1208 1087 inquit,
1241 1030 1399 1084 reges
1424 1023 1584 1069 terra:
1609 1011 2004 1068 conﬁtebuntur
2034 1007 2148 1067 tibi,

591 1117 913 1183 audientque
941 1109 1123 1165 omnia
1154 1108 1316 1162 verba
1359 1105 1472 1160 oris
1501 1104 1594 1158 Dei
1622 1141 1638 1168 ,
1683 1111 1736 1157 et
1768 1101 2067 1156 cantabunt
2097 1097 2150 1151 in

589 1209 693 1261 viis
737 1201 968 1259 Domini.
1020 1199 1144 1254 Htcc
1194 1207 1372 1252 autem
1406 1195 1618 1250 nonnisi
1672 1200 1793 1263 post
1843 1189 2152 1245 Servatoris

592 1297 760 1353 nostri
804 1293 1242 1364 praedicationem
1275 1289 1478 1342 exitum
1515 1294 1669 1339 nacta
1713 1295 1859 1338 sunt.
1896 1281 2011 1338 Viae
2055 1297 2152 1335 au-

592 1401 700 1443 tem
740 1385 968 1439 virtutes
1017 1389 1183 1442 sunt,
1232 1391 1351 1447 quas
1399 1375 1464 1430 ad
1517 1374 1610 1429 Dei
1660 1374 1908 1430 notitiam
1955 1372 2152 1442 perdu-

593 1487 741 1532 cunt.

659 1652 824 1706 Vens.
859 1650 910 1705 6.
948 1649 1197 1704 Excelsus
1228 1648 1485 1703 Dominus
1523 1660 1570 1701 et
1599 1645 1822 1699 humilia
1855 1646 2086 1712 respicit.

667 1743 797 1811 Quae
840 1743 1185 1810 propheticus
1238 1740 1463 1808 spiritus
1516 1738 1572 1791 in
1625 1738 1740 1806 ipso
1768 1744 1822 1790 et
1860 1750 1955 1804 per
1985 1735 2156 1803 ipsum

2250 547 2414 617 τῆρος
2441 542 2666 612 γένηται
2714 538 3002 608 παρουσίαο
3024 537 3146 590 τότε
3175 536 3282 607 γὰρ
3305 535 3600 608 ὀφθήσεται
3626 532 3838 604 μεγάλη

2249 637 2344 690 τοῦ
2377 633 2584 704 Κυρίου
2619 633 2652 702 ἡ
2695 629 2852 695 δόξα·
2887 627 3301 697 προστακτικῶς
3332 627 3388 681 δὲ
3426 628 3520 680 καὶ
3569 624 3840 686 εύκτικῶς

2251 725 2362 779 ἔσθ’
2424 724 2514 776 ὅτε
2569 720 2637 774 τὰ
2691 718 2947 790 μέλλοντα
3007 716 3292 786 δηλοῦται,
3353 717 3497 772 κατά
3549 732 3671 769 τινα
3728 713 3842 767 τῶν

2265 815 2529 886 Ἐθραίων
2573 811 2882 881 συνήθειαν.
2925 839 2995 850 --
3020 807 3362 878 Προφητεύει
3393 808 3520 880 περὶ
3552 807 3651 876 τῆς
3701 805 3837 877 μελ-

2251 906 2452 977 λούσης
2483 901 2848 969 ὲξαπλοῦσθαι
2886 901 2966 962 εἰς
3014 899 3191 952 πάντα
3229 896 3358 968 ἔθνη
3397 897 3492 952 τοῦ
3521 897 3653 951 Θεοῦ
3691 895 3840 966 γνώ-

2254 1015 2409 1062 σεως
2439 997 2630 1049 Ἔσται
2669 993 2800 1065 γὰρ,
2831 993 3017 1063 φησιν,
3039 991 3128 1044 ὅτε
3160 990 3358 1054 πάντες
3387 991 3438 1044 οἱ
3473 989 3704 1060 βασιλεῖς
3733 986 3842 1057 τῆς

2252 1089 2356 1160 γῆς
2397 1082 2881 1156 ἐξομολογήσονταί
2925 1098 3006 1134 σοι
3042 1081 3136 1134 καὶ
3184 1081 3504 1134 ἀκούσονται
3546 1080 3721 1132 πάντα
3763 1077 3844 1130 τὶ

2256 1181 2476 1251 ῥήματα
2512 1175 2608 1230 τοῦ
2642 1175 2908 1246 στόματος
2937 1172 3094 1237 Θεοῦ,
3129 1173 3223 1227 καὶ
3253 1173 3334 1225 ὅτι
3377 1172 3598 1244 ᾄσονται
3628 1172 3684 1224 ὲν
3709 1171 3839 1233 ταῖς

2255 1265 2392 1329 ὁδοῖς
2433 1264 2661 1336 Κυρίου.
2689 1261 2875 1316 Ταῦτα
2901 1262 2958 1315 δὲ
2989 1261 3088 1315 οὐκ
3129 1259 3316 1314 ἄλλοτε
3352 1262 3385 1331 ἢ
3427 1261 3564 1331 μετὰ
3587 1261 3648 1314 τὸ
3674 1260 3841 1328 εὐαγ-

2255 1355 2469 1424 γελικὸν
2497 1357 2759 1425 κήρυγμα
2791 1352 2884 1406 τοῦ
2914 1353 3168 1423 Σωτῆρος
3195 1355 3227 1422 ἡ
3238 1351 3353 1422 μῶν
3385 1352 3574 1415 τέλους
3606 1351 3842 1422 τετύχη-

2257 1464 2371 1502 κεν.
2414 1447 2553 1500 Ὀδοὶ
2601 1445 2657 1498 δέ
2689 1447 2825 1497 εἰσιν
2858 1445 2914 1496 αἱ
2960 1442 3181 1514 ἀρεταὶ,
3214 1444 3270 1496 αί
3300 1442 3562 1514 φέρουσαι
3601 1443 3694 1495 ἐπὶ
3733 1441 3842 1510 τὴν

2257 1542 2458 1606 γνῶσιν
2482 1535 2577 1590 τοῦ
2609 1533 2766 1588 Θεοῦ.

2411 1623 2682 1693 ’Υψηλὸς
2713 1623 2949 1690 Κύριος,
2981 1622 3078 1675 καί
3112 1621 3184 1675 τὰ
3217 1623 3467 1676 ταπεινὰ
3485 1620 3690 1692 ἐφορᾷ.

2330 1715 2413 1770 Τὰ
2443 1716 2548 1768 ὑπὸ
2571 1714 2666 1768 τοῦ
2695 1713 3033 1785 προφητικοῦ
3061 1715 3372 1784 πνεύματος
3397 1716 3455 1768 ὲν
3481 1714 3628 1785 αὐτῷ
3649 1715 3743 1771 καὶ
3762 1715 3840 1770 δι’

596 1833 808 1886 locutus
864 1830 1079 1892 fuerat,
1129 1830 1291 1883 David
1346 1841 1714 1897 cognoscens,
1772 1826 1979 1879 limatur
2029 1825 2151 1892 quia

2267 1805 2416 1858 ῑύτοῦ
2443 1803 2743 1875 λαληθέντα
2773 1802 2960 1872 μαθὼν
2985 1804 3013 1855 ὁ
3043 1805 3222 1868 Δαυῒδ,
3257 1805 3449 1876 θαρρεῖ
3473 1806 3548 1868 ὡς
3581 1805 3827 1876 ἐφορῶν-

599 1921 738 1974 Deus
766 1919 985 1973 humilia
1034 1918 1255 1988 respicit
1281 1957 1298 1984 ,
1333 1926 1388 1971 et
1418 1915 1686 1986 pressuris
1732 1915 1850 1984 ejus
1881 1923 2153 1982 protector

553 2033 558 2036 '
597 2014 770 2068 adest.

693 2128 851 2186 Vnus.
886 2129 938 2182 7.
970 2127 1028 2183 Si
1050 2127 1382 2182 ambularem
1410 2127 1465 2179 in
1492 2126 1661 2178 medio
1685 2123 2063 2184 tribulationis,

1109 2197 1385 2264 uiui/icabis
1417 2212 1516 2260 me,
1546 2204 1651 2248 etc.

668 2288 878 2344 Clarius
912 2286 1269 2358 Symmachus
1297 2285 1436 2338 dixit
1466 2301 1478 2337 :
1511 2283 1575 2338 Si
1607 2281 1940 2336 ambulavero
1976 2282 2030 2334 in
2054 2296 2159 2333 me-

597 2379 684 2430 dio
717 2375 1069 2429 tribulationis
1094 2414 1110 2438 ,
1153 2372 1481 2428 conseruabis
1523 2387 1603 2423 me
1629 2383 1648 2421 :
1678 2378 1862 2423 contra
1907 2369 2183 2422 anhelata;

603 2479 676 2521 tes
713 2467 948 2520 inimicos
984 2482 1125 2519 meos
1174 2479 1385 2517 manum
1433 2475 1575 2516 tuam
1609 2462 1876 2520 extendes.
1908 2461 2158 2513 seruabit-

600 2573 699 2626 que
755 2571 836 2608 me
885 2556 1098 2607 dextera
1138 2561 1252 2606 tua.
1290 2552 1545 2605 Dominus
1587 2567 1695 2605 rem
1733 2567 1828 2619 pro
1870 2567 1953 2604 me
1992 2549 2160 2616 confi-

599 2650 719 2700 ciet.

1039 2795 1162 2852 PSA
1173 2795 1357 2852 LMUS
1393 2794 1726 2851 CXXXVIII.

670 2885 835 2941 Vsus.
861 2887 914 2940 ί.
949 2885 1189 2952 Domine,
1219 2887 1448 2955 probasti
1471 2902 1571 2953 me,
1605 2897 1652 2938 et
1685 2885 1968 2954 cognovisti
1989 2902 2090 2938 me.

673 2979 934 3044 Quoniam
962 2977 1120 3046 igitur
1148 2987 1345 3031 nostra:
1368 2991 1581 3046 quoque
1606 2978 1728 3032 vitae
1759 2987 1970 3045 tempus
2002 2975 2164 3030 habet

604 3069 848 3124 dimensa
907 3085 936 3123 a
985 3070 1094 3124 Deo
1147 3068 1467 3131 intervalla,
1515 3070 1826 3125 universum
1869 3069 1997 3124 vita:
2030 3083 2163 3124 mea)

2256 1914 2346 1959 τος
2371 1897 2440 1949 τὰ
2468 1893 2699 1947 ταπεινὰ
2731 1893 2824 1945 τοῦ
2851 1892 3018 1960 Θεοῦ,
3059 1895 3135 1958 ὡς
3159 1897 3218 1948 ὲν
3256 1899 3379 1960 ταῖς
3406 1895 3649 1966 θλίψεσιν
3684 1897 3842 1968 αύτῷ

2265 1987 2750 2058 συνασπιζομένου.

2269 2101 2404 2153 Ἐὰν
2422 2097 2690 2167 πορευθῶ
2717 2099 2784 2154 ἐν
2801 2102 2970 2170 μέσῳ
2998 2103 3277 2172 θλίψεως,
3306 2099 3492 2168 (riam-
3510 2117 3609 2170 με,
3630 2118 3684 2154 κ.
3704 2118 3755 2154 τ.
3783 2100 3839 2156 λ.

2330 2247 2667 2319 Σαφέστερον
2709 2249 2765 2303 δὲ
2797 2250 2826 2301 ό
2865 2250 3157 2322 Σύμμαχος
3201 2251 3338 2321 ἔφη·
3392 2251 3533 2305 Ἐὰν
3567 2249 3844 2320 πορευθῶ

2257 2337 2355 2392 διὰ
2395 2338 2593 2408 μέσης
2644 2341 2940 2408 θλίψεως,
2984 2344 3338 2409 περισώσεις
3379 2358 3489 2412 με’
3543 2340 3690 2396 κατὰ
3723 2339 3844 2409 τῆς

2256 2428 2569 2497 ἀναπνοῆς
2620 2428 2739 2484 τῶν
2773 2430 3002 2499 ἐχθρῶν
3027 2449 3148 2501 μου
3188 2431 3449 2499 ἐκτενεῖς
3486 2432 3652 2502 χεῖρά
3694 2447 3841 2496 σου,

2257 2522 2356 2574 καὶ
2396 2521 2582 2575 σώσει
2625 2538 2702 2591 με
2740 2523 2779 2590 ἠ
2825 2521 2994 2586 δεξιά
3043 2538 3193 2578 σου’
3246 2527 3462 2593 Κύριος
3502 2523 3845 2585 ἐπιτελέσαι

2259 2610 2411 2679 ὑπὲρ
2440 2613 2606 2682 ἐμοῦ.

2795 2776 3085 2831 ΨΑΛΜΟΣ
3121 2778 3294 2834 ΡΛΗ’.

2438 2892 2638 2958 Κύριε,
2670 2890 3034 2960 ὲόοκίμασάς
3068 2909 3176 2962 με,
3215 2890 3316 2946 καὶ
3348 2891 3536 2963 ἔγνως
3562 2910 3657 2963 με.

2348 2982 2501 3035 Ἐπεὶ
2525 2982 2702 3035 τοίνυν
2728 2984 2823 3037 καὶ
2859 2987 2889 3038 ό
2913 2985 3103 3056 χρόνος
3127 2987 3225 3056 τῆς
3257 2983 3529 3056 ἡμετέρας
3555 2986 3700 3057 ζωῆς
3723 2983 3844 3056 ἔχει

2266 3073 2388 3127 τινὰ
2445 3073 2788 3144 διαστήματα
2841 3076 3230 3148 μεμετρημένα
3277 3074 3428 3147 παρὰ
3468 3075 3614 3147 Θεῷ,
3661 3076 3845 3131 πάντα.

609 3168 818 3227 tempus
839 3201 854 3224 ,
889 3159 1061 3229 inquit
1083 3198 1098 3223 ,
1131 3160 1378 3228 viamque
1427 3160 1691 3215 hactenus
1719 3156 2019 3214 confectam
2050 3157 2163 3226 ipse

2268 3181 2370 3234 μου
2402 3166 2502 3236 τῆς
2533 3163 2678 3233 ζωῆς
2719 3165 2811 3218 τὸν
2851 3168 3081 3237 χρόνον,
3115 3167 3267 3236 φησι,
3315 3168 3410 3221 καὶ
3453 3169 3551 3241 τὴν
3600 3169 3719 3224 ὁδὸν
3766 3169 3843 3242 ἢν

606 3261 874 3305 scrutatus
905 3267 983 3304 es.

676 3339 837 3395 Vsus.
871 3342 922 3396 6.
954 3341 1212 3396 Hii-abitis
1241 3344 1383 3412 facta
1422 3352 1499 3397 est
1530 3345 1750 3398 scicntia
1781 3351 1872 3396 tua
1906 3359 1971 3396 ea:
1993 3359 2091 3396 me.

678 3433 931 3500 Superat,
958 3433 1154 3502 inquit,
1184 3433 1328 3489 vires
1359 3449 1525 3498 meas,
1556 3441 1610 3488 et
1631 3442 1783 3488 extra
1814 3448 1986 3488 meam
2014 3447 2165 3486 com-

606 3523 1013 3590 prehensionem
1045 3531 1129 3577 est
1175 3525 1363 3578 horum
1391 3524 1645 3595 cognitio,
1696 3524 1768 3579 ita
1803 3533 1862 3579 ut
1899 3538 1962 3580 ea
1990 3539 2165 3594 neque

608 3615 911 3682 excogitare
932 3629 1102 3684 neque
1125 3629 1385 3670 enarrare
1413 3630 1626 3685 queam.
1644 3615 2003 3684 Quantumvis
2021 3617 2166 3670 enim

609 3704 838 3773 dixero,
885 3719 948 3761 ea
995 3720 1161 3775 parva
1212 3721 1274 3761 ac
1319 3706 1542 3762 minima
1579 3722 1686 3776 pra:
1714 3706 1894 3762 divina
1928 3708 2166 3776 potentia

609 3795 850 3862 fuerint,
889 3796 1041 3863 cujus
1089 3796 1499 3863 comprehensio
1535 3812 1710 3851 meam
1760 3796 1899 3868 fugit
1937 3798 2169 3852 tenuita-

612 3895 743 3949 tem,
777 3887 885 3940 imo
917 3887 1152 3939 omnium
1183 3887 1378 3943 virium
1413 3886 1710 3945 defectum.

657 3997 821 4052 Vsus.
853 3997 939 4052 I6.
979 3997 1344 4068 Imperfectum
1373 4017 1544 4055 meum
1567 4001 1804 4056 uiderunt
1842 3999 1983 4054 oculi
2017 4000 2116 4055 tui.

682 4087 836 4154 Quod
876 4090 1108 4143 nondum
1150 4089 1273 4154 feci,
1293 4091 1484 4160 inquit.
1524 4099 1777 4162 tanquam
1813 4090 1927 4161 iam
1961 4090 2165 4146 factum

611 4178 866 4244 intueris;
897 4187 952 4233 et
985 4180 1216 4232 nondum
1257 4191 1412 4237 natos
1435 4223 1450 4246 ,
1479 4193 1729 4250 tanquam
1760 4181 1871 4252 jam
1905 4183 1958 4236 in
1991 4181 2166 4238 lucem

613 4266 789 4321 editos
828 4268 988 4324 nosti.
1017 4266 1199 4322 Potest
1231 4259 1407 4324 autem
1433 4271 1722 4339 dupliciter
1749 4270 1975 4342 intelligi
2009 4271 2169 4326 inno-

615 4358 788 4410 centia
816 4372 955 4420 mea,
985 4365 1041 4409 et
1071 4356 1287 4410 malitiae
1327 4359 1568 4412 carentia
1593 4396 1610 4422 ,
1642 4357 1786 4411 nulla
1811 4357 2054 4427 indigens
2087 4357 2170 4410 in-

613 4447 926 4517 quisitione.
967 4446 1098 4501 Nam
1139 4448 1352 4503 curiosa
1386 4450 1738 4505 observantia
1779 4448 1883 4504 dici
1915 4464 2050 4516 opus
2080 4465 2169 4518 po-

2269 3252 2482 3325 διῆλθον
2511 3252 2671 3315 αὐτὸς
2705 3252 3036 3323 ἑξιχνίασας.

2459 3342 2913 3412 Ἑθαυμαστώθη
2942 3346 2982 3413 ἠ
3009 3343 3234 3414 γνῶσίς
3254 3360 3369 3400 σου
3403 3346 3474 3411 ἐξ
3498 3345 3660 3416 ἐμοῦ.

2353 3435 2668 3498 Ἐπιϐαίνει,
2699 3435 2851 3506 φησὶ,
2879 3434 2976 3506 τὴν
3014 3436 3152 3507 ὲμὴν
3176 3436 3424 3509 δύναμιν,
3459 3439 3552 3491 καὶ
3585 3436 3847 3497 ὲπέκεινά

2270 3525 2418 3579 ἐστιν
2443 3527 2542 3596 τῆς
2565 3526 2704 3597 ἐμῆς
2727 3525 3077 3598 καταλήψεως
3112 3527 3146 3597 ἡ
3174 3527 3378 3583 τούτων
3410 3528 3629 3598 γνῶσις,
3658 3529 3735 3595 ὡς
3762 3531 3845 3603 μὴ

2271 3615 2527 3669 δύνασθαί
2562 3633 2631 3686 με
2658 3615 2901 3688 ἐξευρεῖν
2938 3617 3071 3688 μηδὲ
3103 3616 3337 3682 ἐξειπεῖν
3365 3620 3523 3675 αὑτά.
3561 3623 3700 3676 Ὅσα
3731 3621 3847 3694 γὰρ

2272 3704 2337 3759 ἂν
2376 3705 2537 3769 εἴπω,
2575 3706 2746 3778 μικρὰ
2793 3708 2888 3761 καὶ
2935 3708 3189 3779 ἐλάχιστα
3236 3710 3491 3782 τυγχάνει
3523 3714 3620 3784 τῆς
3653 3713 3848 3785 θεῖκῆς

2272 3797 2574 3868 δυνάμεως,
2605 3793 2674 3869 ἦς
2719 3799 3022 3871 κατάληψις
3063 3801 3159 3872 τὴν
3197 3802 3335 3875 ἐμὴν
3367 3804 3706 3877 σμικρότητα
3746 3808 3849 3861 καὶ

2273 3886 2519 3942 ούθενίαν
2548 3887 2846 3958 διαφεύγει.

2371 3997 2830 4068 Ἀκατέρταστόν
2854 4016 2974 4069 μου
3010 3996 3174 4056 εἶδον
3211 4005 3266 4057 οι
3299 4003 3595 4074 ὀφθαλμοί
3631 4018 3768 4061 σου.

2344 4088 2418 4143 Τὸ
2449 4090 2612 4160 μήπω
2630 4091 2871 4163 πραχθέν
2890 4110 2998 4163 μοι,
3016 4093 3201 4164 φησὶν,
3221 4094 3296 4158 ὡς
3318 4096 3418 4168 ἤδη
3447 4097 3695 4152 τελεσθὲν
3710 4098 3850 4153 καθ-

2272 4183 2425 4254 ορᾷς,
2458 4182 2554 4235 καὶ
2580 4183 2707 4245 τοὺς
2730 4181 2869 4248 τέως
2893 4183 2967 4256 μὴ
2996 4183 3306 4255 τεχθέντας,
3333 4186 3409 4251 ὡς
3434 4187 3532 4260 ἤδη
3555 4187 3849 4259 τεχθέντας

2274 4274 2581 4327 ἐπίστασαι.
2615 4275 2846 4329 Δύναται
2880 4275 2938 4328 δὲ
2971 4275 3208 4330 νοεῖσθαι
3237 4277 3401 4348 διχῶς
3423 4279 3486 4332 τὸ
3519 4279 3722 4334 ἄκακον
3749 4282 3851 4336 καὶ

2273 4365 2566 4437 ἀπόνηρον,
2612 4367 2707 4420 καὶ
2723 4365 3074 4433 ἀνεξέταστόν
3114 4385 3215 4438 μου
3235 4385 3249 4399 ο
3287 4369 3444 4441 ἔργον
3480 4369 3588 4443 γὰρ
3626 4375 3660 4444 ἡ
3692 4372 3853 4444 περί-

2273 4472 2391 4509 νοια
2427 4456 2679 4524 λέγεσθαι
2713 4456 2944 4524 ὀφείλει·
2991 4456 3400 4529 ἀκατέργαστος
3441 4459 3498 4513 δέ
3541 4461 3657 4516 ἐστι
3697 4461 3851 4532 ψυχὴ

616 4514 716 4591 test
759 4555 772 4593 :
811 4549 894 4593 est
939 4548 1116 4594 autem
1167 4539 1476 4609 imperfecta
1528 4541 1736 4604 anima,
1772 4555 1891 4609 quae
1933 4514 2163 4596 nondum

2269 4549 2303 4616 ἡ
2338 4514 2511 4618 μήπω.
2529 4548 2595 4601 δι’
2627 4514 2829 4620 aper-ip:
2857 4514 3329 4620 popumesiuu'xa‘t
3358 4514 3630 4621 χνὼσεως.

613 4629 812 4684 virtute
849 4636 903 4684 et
939 4631 1165 4684 scientia
1201 4632 1486 4687 informata
1523 4631 1709 4689 fuerit.

754 4761 926 4833 Vsus.
946 4761 1030 4833 19.
1061 4760 1172 4815 Viri
1203 4764 1538 4833 sanguinum,
1562 4763 1818 4817 declinate
1847 4780 1876 4816 ο
1908 4780 2007 4818 me.

713 4831 879 4886 Vsus.
904 4831 996 4886 20.
1036 4831 1317 4901 Accipient
1337 4837 1389 4887 in
1422 4834 1655 4888 vanitate
1677 4834 1907 4887 ciuitates
1936 4844 2073 4886 tuas.

690 4921 821 4976 Cum
845 4923 1066 4977 dixisset
1089 4922 1161 4993 (v.
1190 4923 1308 4994 I7):
1329 4923 1588 4978 Miltivero
1613 4925 1765 4978 nimis
1791 4925 2033 4978 honorati
2056 4934 2172 4978 sunt

620 5017 776 5069 amici
817 5016 934 5084 tui,
980 5015 1160 5080 Deus;
1211 5017 1405 5070 merito
1442 5015 1691 5072 inimicos
1744 5016 1838 5072 Dei
1879 5018 2176 5072 detestatur

619 5113 779 5170 atque
800 5118 829 5156 a
870 5117 928 5157 se
949 5112 1207 5158 removet.
1239 5103 1350 5158 lmo
1377 5119 1496 5158 cum
1520 5105 1648 5161 item
1666 5107 1887 5162 dixisset
1907 5105 2023 5161 fore
2047 5117 2167 5162 tem-

619 5213 742 5262 pus,
763 5211 870 5265 quo
899 5207 1206 5265 peccatores
1235 5196 1374 5253 Deus
1409 5195 1524 5267 ipse
1559 5199 1861 5264 interficiet,
1890 5199 1997 5267 jam
2035 5218 2174 5254 nunc

620 5286 740 5340 illos
762 5287 944 5355 procul
974 5301 1032 5341 se
1066 5297 1234 5352 arcet,
1268 5304 1336 5341 ne
1375 5288 1503 5356 quid
1530 5288 1724 5344 habeat
1745 5304 1866 5344 cum
1897 5290 2002 5345 illis
2029 5307 2174 5345 com-

620 5392 822 5443 mune,
868 5393 1043 5447 neque
1080 5393 1141 5431 ex
1183 5380 1417 5447 ipsorum
1447 5382 1845 5451 propinquitate
1887 5384 2174 5439 detrimen-

624 5478 736 5522 tum
784 5469 981 5536 capiat.
1018 5467 1257 5536 Namque
1287 5469 1350 5524 ad
1402 5472 1767 5527 contentiosos
1815 5489 2090 5528 sermones
2121 5485 2174 5529 et

625 5558 1059 5622 controversias,
1108 5558 1378 5612 incassum
1428 5566 1550 5614 tuas
1601 5561 1845 5618 civitates
1883 5565 2173 5633 accipient,

624 5648 887 5703 vocabulo
957 5649 1227 5703 civitatum
1304 5651 1510 5705 divinas
1583 5651 1888 5722 Scripturas
1957 5656 2175 5726 signiﬁ-

625 5755 754 5794 cans
780 5782 795 5808 ,
837 5755 970 5810 quas
1001 5741 1193 5796 frustra
1240 5754 1457 5800 sumunt
1503 5745 1816 5802 heterodoxi
1842 5786 1858 5813 ,
1900 5757 1953 5804 et
1983 5765 2087 5805 non
2121 5761 2176 5804 ut

2277 4768 2513 4838 Ἄνδρες
2556 4767 2832 4845 αἱμάτων,
2864 4771 3184 4845 -ὲκκλίνατε
3222 4773 3321 4828 ἀπ’
3346 4772 3515 4842 ἐμοῦ.
3537 4774 3855 4845 Λήψονται

2538 4843 2625 4904 εις
2655 4843 3019 4909 pacatorum
3055 4843 3162 4908 τὰς
3198 4845 3406 4909 πόλεις
3439 4858 3578 4900 σου.

2349 4928 2552 4995 Εἰπὼν,
2572 4931 2727 5000 Ἐμοὶ
2752 4931 2819 4983 δὲ
2847 4934 2989 4986 λίαν
3028 4933 3398 5004 ἐτιμήθησαν
3443 4940 3496 4990 οὶ
3525 4937 3688 5006 φίλοι
3706 4953 3855 5007 σου,

2281 5025 2312 5076 ό
2346 5023 2508 5088 Θεὸς,
2541 5023 2763 5087 είκότως
2794 5025 2917 5088 τοὺς
2948 5025 3173 5096 ἐχθροὺς
3204 5028 3298 5080 τοῦ
3341 5027 3476 5082 Θεοῦ
3507 5033 3860 5101 παραιτεῖται

2280 5117 2370 5168 καὶ
2420 5115 2710 5168 ἀπελαύνει
2763 5117 2984 5169 ἑαυτοῦ·
3029 5118 3163 5171 ἀλλὰ
3215 5120 3307 5172 καὶ
3351 5121 3725 5192 μνημονεύσας
3767 5122 3859 5176 ὃτι

2279 5203 2428 5256 ἔσται
2454 5222 2537 5268 τις
2559 5203 2747 5275 καιρὸς
2773 5206 2829 5256 ὲν
2861 5199 2905 5272 ᾧ
2935 5207 3060 5270 τοὺς
3087 5209 3442 5279 ἁμαρτωλοὺς
3480 5211 3639 5273 αὐτὸς
3659 5213 3688 5264 ό
3716 5209 3857 5275 Θεὸς

2279 5294 2582 5356 ἀποκτενεῖ,
2607 5292 2854 5345 ἐντεῦθεν
2886 5295 2987 5366 ἤδη
3019 5296 3111 5349 καὶ
3137 5296 3360 5360 τούτους
3404 5297 3598 5351 ἑαυτοῦ
3628 5299 3856 5370 μακρὰν

2279 5383 2510 5447 ἐλαύνει,
2545 5384 2619 5446 ὡς
2644 5383 2709 5436 ἂν
2754 5383 2826 5455 μὴ
2855 5387 3107 5449 κοινωνὸς
3137 5387 3313 5441 αὐτῶν
3354 5379 3580 5457 γένοιτο,
3617 5391 3751 5461 μηδὲ
3786 5393 3860 5447 ὲκ

2278 5475 2370 5528 τοῦ
2423 5475 2741 5547 πλησιάζειν
2791 5477 3034 5550 μετάσχῃ
3081 5481 3180 5549 τῆς
3227 5483 3357 5553 παρ’
3395 5481 3573 5535 αὐτῶν
3623 5481 3853 5556 βλάϐης.

2292 5569 2442 5621 Ἐπεὶ
2479 5569 2534 5620 δὲ
2572 5570 2665 5622 καὶ
2701 5571 2778 5633 είς
2817 5574 3124 5643 ἐριστικοὺς
3168 5573 3358 5642 λόγους
3377 5575 3469 5629 καὶ
3502 5575 3705 5646 ἐριδας,
3747 5579 3855 5644 τὰς

2283 5660 2377 5722 σὰς
2417 5662 2493 5723 εἰς
2523 5663 2855 5733 ματαιότητι-ι
2891 5663 3148 5733 λήψονται
3175 5667 3374 5731 πόλεις,
3401 5667 3498 5731 τὰς
3527 5668 3676 5731 θείας
3708 5669 3858 5742 Γρα-

2286 5754 2390 5822 φὰς
2420 5755 2600 5818 πόλεις
2636 5758 3096 5826 χρηματιζούσας,
3126 5761 3369 5830 ματαίως
3401 5761 3458 5814 δὲ
3484 5761 3684 5825 ταύτας
3708 5761 3856 5836 λαμ-
