4100 6286
661 318 731 376 43
1335 315 1599 373 Ευεεῐιιι
1639 313 2115 372 CaESARlENSlS
2151 314 2218 371 Ol

2347 312 2522 369 PARS
2559 312 2650 370 ΙΙΙ.
2689 343 2757 354 -κ
2799 311 3216 368 EXEGE'I‘ICA.
3859 305 3933 361 ιι

1187 425 1508 483 PSALMUS
1540 425 1699 481 CXL.

728 521 975 582 Paulinus
995 520 1085 577 hic
1106 534 1290 590 parem
1320 531 1384 572 ac
1415 517 1660 588 superior
1694 516 1912 573 titulum
1949 515 2108 589 gerit.
2135 515 2231 571 Est

659 627 838 673 autem
886 611 1125 677 Davidis,
1171 609 1522 680 eamdemque
1569 609 1677 664 vim
1734 609 1915 681 procis
1963 608 2227 665 continet.

657 711 772 765 lloc
811 718 992 764 tamen
1021 705 1246 776 amplius
1279 701 1467 768 habet,
1506 703 1648 773 quod
1683 702 1856 774 magis
1891 711 1975 758 cst
2010 702 2234 774 dogma-

657 803 821 864 ticus,
871 809 925 853 et
946 797 1097 868 plura
1129 806 1294 866 atque
1323 795 1542 850 utiliora
1585 797 1688 851 sub
1722 795 1876 850 initio
1921 795 2099 851 docet.
2140 793 2232 848 Ait

657 893 823 964 igitur
855 913 868 948 :
894 889 1150 946 Clamast'.
1181 888 1334 943 llaud
1362 901 1496 944 sane
1519 902 1712 960 magna
1742 901 1875 942 voce
1905 893 1962 942 et
1991 883 2232 941 clamore

655 998 814 1038 usum
839 994 958 1036 esse
982 978 1346 1050 psalmistam.
1365 979 1589 1034 credere
1613 978 1810 1042 decet;
1843 991 1971 1032 nam
2001 975 2228 1032 silentes

656 1088 872 1146 quoque
898 1072 1050 1128 audit
1088 1072 1248 1128 Deus.
1298 1070 1392 1126 Sic
1433 1070 1598 1126 etiam
1644 1069 1815 1141 Moysi
1862 1069 2098 1125 traditur
2150 1068 2229 1124 di-

654 1176 800 1223 ctum
819 1182 836 1223 :
858 1164 999 1232 Quid
1025 1164 1092 1219 ad
1110 1179 1189 1218 nte
1212 1161 1506 1220 clamas“?
1527 1159 1632 1218 Sed
1652 1162 1744 1232 qui
1767 1174 1960 1232 magna
1979 1159 2229 1231 dogmata

655 1274 686 1314 a
717 1258 827 1314 Deo
862 1257 1148 1322 didicerat,
1187 1256 1387 1312 eximio
1422 1254 1592 1310 animi
1629 1252 1827 1310 alectu
1869 1251 2083 1323 ﬁdeque
2127 1251 2227 1306 ali-

653 1350 783 1420 quid
807 1364 836 1404 a
861 1349 972 1406 Deo
1009 1357 1216 1420 petens,
1264 1348 1337 1402 ita
1384 1346 1450 1401 ad
1478 1360 1603 1402 eum
1642 1344 1934 1402 clamabat.
1967 1341 2146 1412 Quare
2172 1352 2225 1400 et

656 1440 888 1499 ﬁdenter
917 1440 997 1495 ait
1028 1438 1332 1507 :Quoniam
1360 1437 1483 1494 talis
1517 1451 1660 1504 sum,
1709 1446 1764 1493 et
1808 1435 1879 1491 ita
1908 1436 2107 1501 clamo,
2142 1447 2226 1490 at-

655 1534 820 1590 tende
845 1532 963 1588 voci
997 1545 1132 1587 mea:
1158 1532 1284 1586 dum
1315 1529 1382 1585 ad
1421 1541 1473 1585 te
1498 1528 1696 1585 clamo.
1743 1526 1953 1599 Quippe
1982 1528 2077 1598 qui
2125 1541 2224 1597 pu-

655 1640 771 1679 ram
809 1625 980 1680 habeo
1006 1637 1116 1678 non
1144 1632 1379 1677 mentem
1405 1619 1800 1684 tantummodo,
1840 1618 1935 1673 sed
1962 1628 2017 1674 et
2046 1616 2222 1673 lablo-

2895 423 3190 480 ΨΑΛΜυΣ
3222 422 3357 476 PM'.

2416 515 2750 582 ’Λκολούθως
2783 515 2864 587 τῷ
2895 517 3189 588 προάγοντι
3223 513 3424 586 ψαλμῷ
3444 511 3541 568 καὶ
3554 503 3710 575 οὗτος
3735 511 3916 580 επιγέ-

2331 624 2574 679 γραπται
2594 625 2610 639 ·
2643 607 2762 663 ἔστι
2785 608 2848 662 δὶ
2873 607 2969 662 τοῦ
2998 607 3185 672 Δαυῖδ,
3215 608 3312 662 καὶ
3333 605 3435 680 τὴν
3466 605 3638 677 αὐτὴν
3676 605 3788 677 ἔχει
3819 605 3926 677 τῆς

2331 702 2641 774 προσευχῆς
2667 702 2918 773 δύναμιν.
2957 701 3112 773 Ἔχει
3130 699 3189 754 δέ
3218 716 3272 753 τι
3289 698 3454 754 πλέον
3487 693 3642 762 οὗτος
3669 698 3916 768 δογματιι

2331 795 2571 869 κώτερος
2589 795 2688 862 ὢν,
2717 798 2811 851 καὶ
2831 795 3054 850 πλείονα
3070 795 3166 849 καὶ
3189 792 3592 865 ὠφελιμιίιτερα
3606 791 3693 847 διὰ
3711 791 3809 864 τῆς
3822 791 3924 864 άρ-

2330 889 2434 961 χῆς
2453 887 2746 944 παιδεύων·
2768 889 2865 944 καί⁵
2881 889 3065 961 φησίν·
3093 884 3444 958 Ἐκέκρσξω
3460 885 3524 941 οὐ
3535 885 3753 949 πάντως
3767 883 3925 958 φωνῇ

2331 982 2544 1054 μεγάλῃ
2575 983 2670 1037 καὶ
2703 981 2799 1054 βοῇ
2837 979 3141 1053 κεχρῆσθαι
3171 978 3336 1034 αὑτὸν
3363 980 3633 1052 προσήκει
3674 977 3928 1050 ὑπολαμ-

2330 1073 2538 1128 ϐάνειν·
2584 1074 2678 1128 καὶ
2706 1071 3035 1129 σιωπώντων
3062 1070 3170 1146 γάρ
3195 1070 3385 1127 ἀκούει
3413 1073 3443 1126 ό
3465 1069 3600 1136 Θεός
3621 1087 3636 1100 ·
3661 1069 3804 1125 οὕτω
3823 1069 3926 1125 καὶ

2328 1165 2538 1239 Metium
2565 1167 2782 1236 λέγεται
2815 1165 3098 1239 είρηκέναι
3119 1181 3135 1196 ·
3177 1165 3241 1220 Τί
3257 1159 3418 1231 βοᾷς
3452 1161 3606 1233 πρὸς
3624 1161 3705 1234 μέ
3721 1178 3743 1228 ;
3777 1160 3924 1217 Ἀλλ’

2323 1259 2357 1312 ό
2383 1258 2595 1330 μεγάλα
2623 1257 2872 1330 δόγματα
2899 1259 3028 1332 περὶ
3070 1256 3208 1313 Θεοῦ
3254 1253 3616 1328 κεκτημένος,
3646 1253 3924 1329 ὑπερϐαλ-

2325 1352 2495 1426 λούσῃ
2520 1367 2580 1405 τε
2606 1350 2845 1406 διαθέσει
2864 1351 2958 1404 καὶ
2982 1350 3165 1404 πίστει
3198 1349 3368 1405 αίτων
3387 1364 3442 1402 τι
3469 1346 3622 1420 παρὰ
3645 1345 3742 1402 τού
3757 1345 3920 1412 Θεοῦ,

2324 1442 2498 1506 οὕτως
2538 1439 2804 1514 ὲκίκραξε
2843 1441 2980 1515 πρὸς
3012 1440 3177 1495 αὐτόν
3194 1456 3209 1471 ·
3243 1438 3326 1494 διὸ
3351 1439 3448 1495 καὶ
3474 1439 3692 1513 θαρσῶν
3713 1457 3880 1513 φησιν
3900 1456 3919 1472 ·

2326 1534 2545 1609 Ἐπειδὴ
2581 1533 2825 1601 τοιοῦτός
2862 1536 2998 1607 ειμι,
3033 1533 3128 1589 καὶ
3159 1531 3384 1589 τοιαῦτα
3417 1532 3546 1606 βοῶ,
3577 1534 3819 1606 πρόσχες
3848 1534 3921 1607 τῇ

2324 1630 2475 1700 φωνῇ
2519 1644 2620 1699 μου
2660 1628 2721 1682 ἑν
2745 1626 2823 1700 τῷ
2859 1627 3195 1701 κεκραγέναι
3229 1645 3300 1700 με
3335 1627 3472 1701 πρὸς
3509 1627 3604 1682 σέ·
3635 1626 3713 1692 ὡς
3746 1626 3923 1682 καθα-

652 1730 774 1768 rum
795 1729 983 1771 vocem
1025 1727 1056 1767 a
1101 1711 1402 1778 mendacio,
1446 1709 1684 1782 periurio
1709 1719 1764 1765 et
1802 1707 2072 1766 convicio.
2124 1705 2221 1765 His

2328 1720 2430 1794 ρὰν
2458 1719 2598 1792 ἔχων
2624 1719 2686 1774 ού
2740 1720 2902 1792 μόνον
2933 1721 3034 1794 τὴν
3063 1720 3324 1786 διάνοιαν,
3374 1720 3512 1776 ἀλλὰ
3561 1720 3658 1775 καὶ
3695 1717 3796 1792 τὴν
3829 1718 3924 1774 διὰ

651 1808 816 1862 etiam
845 1815 1239 1878 consequenter
1268 1805 1456 1860 addit:

657 1993 815 2050 Vsus.
869 1993 926 2047 2.
990 1990 1226 2046 Elevatio
1293 2005 1540 2070 manuum
1605 2004 1840 2042 mearum
1906 1985 2229 2056 sacriﬁcium

1257 2071 1618 2130 uesperttnunt.

719 2154 832 2211 Hoc
864 2154 1126 2226 intelliges
1158 2167 1224 2209 ex
1250 2153 1394 2208 dicto
1419 2152 1662 2223 Apostoli
1689 2171 1702 2207 :
1745 2149 1879 2206 Volo
1912 2160 2049 2206 viros
2073 2163 2226 2205 orare

646 2253 874 2298 levantes
913 2258 1076 2313 puras
1119 2257 1330 2304 manus,
1388 2242 1503 2297 sine
1559 2241 1643 2294 ira
1685 2250 1737 2295 et
1778 2240 2223 2296 murmurationi-

647 2338 741 2390 bus
773 2334 819 2367 ⁸⁸
853 2353 868 2390 :
901 2349 1136 2404 namque
1160 2343 1214 2389 et
1238 2333 1330 2388 ille
1356 2342 1464 2387 tam
1498 2335 1889 2403 cogitationum
1919 2333 2050 2389 facit
2073 2348 2225 2388 men-

648 2427 848 2481 tionem
889 2441 1053 2479 ouam
1101 2435 1346 2480 actuum.
1411 2424 1606 2479 Verum
1664 2425 1813 2494 impii
1873 2439 2220 2494 nequaquam

648 2531 840 2572 manus
859 2515 1167 2571 sustolluut.
1186 2515 1308 2570 Ideo
1337 2515 1540 2570 diotutn
1572 2523 1650 2570 est
1678 2515 1782 2570 illis
1813 2533 1827 2570 :
1857 2513 1989 2569 Cum
2033 2531 2220 2569 manus

646 2620 841 2664 t'cslras
867 2609 936 2662 ad
972 2625 1052 2662 nte
1076 2609 1385 2671 extendens,
1415 2607 1608 2677 facient
1633 2623 1804 2662 meum
1833 2624 1866 2660 a
1907 2608 2047 2661 vobis
2074 2622 2223 2660 atter-

645 2712 750 2755 tant
797 2702 863 2754 ⁸⁸.
907 2702 1130 2772 Oportet
1177 2715 1310 2756 vero
1358 2701 1410 2754 in
1463 2700 1630 2754 altum
1683 2713 1837 2755 actus
1895 2699 2218 2766 sustollere,

644 2800 803 2862 atque
823 2804 918 2846 eos
935 2801 1096 2862 prout
1123 2789 1232 2847 Deo
1265 2790 1525 2861 placuerit
1550 2791 1828 2861 perlicere.

650 3069 810 3128 Vens.
831 3071 886 3126 4.
918 3068 1001 3124 Nc
1026 3068 1251 3123 declines
1280 3082 1373 3120 cor
1391 3080 1561 3118 meum
1587 3063 1658 3117 ad
1685 3061 1905 3116 malitiae
1928 3078 2212 3126 sermones,

820 3145 888 3195 ad
923 3139 1248 3195 excusandas
1292 3136 1658 3191 excusationes
1696 3134 1752 3186 in
1790 3134 2035 3204 peccatis.

715 3305 793 3360 Ne
815 3300 1052 3359 subverti
1088 3298 1235 3354 sinas
1269 3305 1430 3367 atque
1477 3295 1532 3350 in
1576 3292 1910 3350 contrarium
1962 3290 2215 3347 inclinari

643 3400 899 3455 donatam
933 3401 1100 3449 semel
1144 3407 1176 3448 a
1225 3401 1277 3447 te
1312 3388 1444 3444 mihi
1474 3397 1735 3443 mentem.
1779 3383 1907 3452 Pro,
1950 3385 2018 3437 ad
2057 3399 2218 3438 excu-

643 3489 839 3547 sandas
867 3486 1228 3541 excusationes
1257 3483 1313 3537 in
1347 3479 1593 3549 peccatis,
1632 3477 1998 3549 Symmachus
2025 3475 2216 3542 edidit,

646 3581 716 3633 ad
744 3576 1049 3648 cogitandas
1073 3576 1282 3646 iniquas
1323 3572 1689 3645 cogitationes,
1730 3568 1931 3625 clarius
1968 3569 2216 3638 equidem

641 3670 897 3728 dictionis
923 3679 1157 3725 mentem
1202 3667 1532 3737 exprimens.
1573 3663 1778 3720 Deinde
1813 3661 2104 3718 Psalmista
2153 3661 2219 3715 ad

640 3764 852 3837 praxim
885 3762 1180 3836 revertitur
1219 3761 1433 3826 dicens,
1462 3774 1584 3813 cum
1620 3757 1921 3812 hominibus
1949 3757 2220 3825 aperanti--

644 3859 738 3910 bus
771 3855 1125 3924 iniquitatem,
1175 3861 1224 3907 et
1270 3867 1377 3905 non
1425 3849 1734 3905 combinabo
1778 3864 1898 3902 cum
1927 3847 2102 3903 electis
2132 3862 2221 3901 eo-

639 3961 783 3999 rum.
814 3942 919 3998 Pro
948 3958 1054 4013 quo
1083 3955 1274 3997 rursus
1299 3939 1660 4011 Symmachus
1698 3937 1900 3994 clarius
1948 3939 2220 4006 interpre-

644 4048 789 4093 tatus
848 4045 936 4093 cst
991 4035 1179 4090 dicens
1230 4053 1244 4089 ε
1305 4031 1439 4087 Cum
1495 4031 1796 4086 horninibus
1876 4029 2220 4100 operantibus

641 4131 1006 4199 iniquitatem,
1059 4143 1122 4181 ne
1168 4126 1411 4180 dulcibus
1476 4125 1687 4194 quidem
1738 4126 1973 4194 ipsorum
2028 4140 2220 4178 conoe-

641 4239 781 4277 scar.
830 4218 955 4274 Non
992 4235 1103 4286 ero,
1156 4217 1352 4288 inquit,
1404 4231 1522 4269 cunt
1568 4215 1705 4279 istis,
1754 4218 1800 4268 si
1840 4225 1918 4282 tu,
1974 4213 2219 4280 Domine,

642 4314 939 4368 custodiant
991 4313 1071 4365 ori
1125 4324 1237 4363 meo
1278 4309 1542 4377 posueris,
1583 4317 1631 4362 et
1677 4316 2036 4376 prazparatunt
2093 4306 2222 4359 mihi

641 4410 944 4460 thesaurum
979 4402 1384 4457 conservaveris.
1423 4399 1590 4454 Electi
1638 4413 1801 4468 porro
1849 4413 2064 4463 eorum,
2097 4412 2220 4453 cre-

2327 1810 2434 1866 τῶν
2454 1811 2676 1883 χειλέων
2697 1813 2881 1885 φωνὴν
2904 1813 3012 1868 άπὸ
3036 1812 3286 1883 ψεύδους,
3314 1813 3600 1886 ἐπιορκίας
3613 1830 3672 1866 τε
3700 1813 3795 1868 καὶ
3817 1812 3920 1868 λοι·

2327 1904 2533 1978 δορίας.
2561 1899 2658 1970 Οἷς
2675 1905 2772 1960 καὶ
2793 1905 3109 1971 ἀκολούθως
3135 1906 3417 1980 ἐπήγαγεν
3438 1923 3452 1936 ·

2438 1998 2730 2069 Ἔπαρσις
2755 1997 2872 2053 τῶν
2899 1997 3114 2069 χειρῶν
3149 2016 3273 2070 μου
3299 1999 3482 2054 θυσία
3509 1997 3822 2070 ἐσπερινή.

2393 2160 2630 2231 Νοήσεις
2658 2158 2715 2213 δὲ
2757 2157 2917 2213 τοῦτο
2953 2157 3064 2212 ἀπὸ
3098 2155 3195 2211 τοῦ
3232 2157 3411 2227 λέγειν
3446 2157 3539 2211 τὸν
3571 2155 3920 2212 ’Δπόστολον-

2326 2253 2627 2320 Βούλομαι
2660 2249 2802 2315 τοὺς
2839 2248 3064 2320 ἄνδρας
3091 2251 3533 2320 προσεύχεσθαι
3564 2250 3925 2320 ἐπαίροντας

2325 2344 2537 2410 ὁσίους
2587 2341 2812 2413 χεῖρας,
2857 2342 3037 2412 χωρίς
3082 2341 3262 2412 ὀργῆς
3300 2341 3399 2397 καὶ
3431 2340 3921 2413 διαγοηνσμῶν·

2325 2439 2577 2500 κάκεῖνος
2604 2437 2715 2508 γάρ
2737 2433 2876 2505 ὁμοῦ
2901 2435 2996 2489 καὶ
3021 2435 3129 2489 τῶν
3162 2435 3304 2489 κατὰ
3324 2435 3561 2490 διάνοιαν
3585 2435 3926 2507 ἐμνημόνευ-

2325 2547 2408 2595 σε,
2439 2529 2535 2583 καὶ
2579 2527 2690 2582 τῶν
2717 2527 2860 2582 κατὰ
2912 2527 3114 2600 πρᾶξιν
3139 2544 3153 2558 ·
3207 2530 3258 2581 ot
3301 2527 3358 2584 δὲ
3394 2528 3610 2592 άσεσεῖς
3658 2528 3924 2582 οὐδέποτε

2322 2625 2509 2697 χεῖρας
2551 2620 2872 2690 ἐπαίρουσι·
2929 2621 3011 2674 διὸ
3061 2619 3308 2674 λέλεκται
3353 2621 3492 2694 πρὸς
3535 2619 3753 2684 αὐτούς·
3788 2619 3924 2677 ’στ’

2324 2716 2403 2770 ἂν
2423 2713 2532 2779 τὰς
2571 2713 2775 2784 χεῖρας
2809 2713 3112 2782 ἐκτείνητε
3141 2712 3292 2783 πρὸς
3323 2714 3422 2784 μὲ,
3459 2714 3821 2784 ἀποστρέψει)
3850 2715 3924 2770 τὸ

2321 2808 2654 2876 πρόσωπόν
2679 2823 2800 2876 μου
2826 2806 2929 2877 ἀφ’
2957 2804 3125 2877 ὑμῶν
3145 2822 3160 2836 ·
3204 2805 3454 2878 ἐπαίρειν
3477 2807 3534 2860 δὲ
3567 2807 3648 2861 δεῖ
3681 2809 3760 2871 είς
3783 2806 3926 2878 ὕψος

2320 2897 2421 2963 τὰς
2451 2897 2699 2970 πράξεις,
2732 2899 2828 2952 καὶ
2873 2897 3215 2970 ἀρεσκόντως
3251 2897 3422 2962 αὐτάς
3454 2897 3531 2970 τῷ
3577 2898 3696 2972 Θεῷ
3737 2901 3926 2955 ἐπιτε-

2321 2990 2454 3045 λεῖν.

2323 3083 2418 3150 Μὴ
2457 3083 2753 3151 ἐκκλίνῃς
2795 3081 2910 3150 τὴν
2948 3082 3200 3155 καρδίαν
3239 3100 3361 3152 μου
3406 3084 3495 3155 εἰς
3541 3085 3766 3155 λόγους
3807 3098 3923 3139 πο-

2241 3135 2288 3197 C
2323 3135 2622 3227 mea;
2638 3135 2758 3208 {bii
2787 3135 3715 3225 προφάὰἳζὲάθαῖᾆροριίσέιῖἐν
3736 3135 3925 3227 ᾧῷ-

2387 3226 2561 3291 τίαις.

2388 3319 2480 3390 Μὴ
2513 3319 2874 3391 συγχωρήσῃς
2903 3317 3336 3389 παρατραπῆναι
3387 3320 3482 3373 καὶ
3511 3318 3923 3392 παρακλιθῆναι

2319 3411 2400 3474 είς
2434 3411 2495 3464 τὸ
2535 3412 2778 3466 ἐναντίον
2798 3399 2901 3484 {iw
2943 3411 3093 3477 ἅπαξ
3135 3411 3324 3477 ἁπλῶς
3373 3413 3924 3468 κατασκευασθεῖσάν

2323 3520 2424 3573 μου
2462 3503 2700 3560 διάνοιαν
2726 3522 2739 3535 ·
2790 3504 2913 3559 ἀντὶ
2946 3505 3002 3560 δὲ
3031 3503 3146 3571 τοῦ,
3180 3504 3650 3576 προφασίζεσθαι
3689 3507 3924 3576 προφά-

2320 3611 2452 3662 σεις
2484 3596 2554 3649 ἐν
2599 3596 2926 3667 ἁμαρτίαις,
2975 3599 3004 3651 ό
3045 3595 3362 3669 Σύμμαχος,
3400 3597 3636 3652 ἐννοεῖν
3677 3598 3925 3663 ἑννοίας

2322 3688 2708 3758 παρανόμους
2743 3688 3006 3756 ἐξέδωκε,
3049 3689 3380 3760 σαφέστερον
3425 3689 3772 3762 ἑρμηνεύσας
3817 3689 3923 3762 τὴν

2323 3779 2557 3852 θεωρίαν
2606 3779 2700 3833 τοῦ
2748 3779 2927 3848 λόγου.
2962 3777 3095 3834 Εἶτα
3147 3780 3308 3835 πάλιν
3345 3781 3663 3853 μεταϐαίνει
3714 3781 3808 3834 ἐπὶ
3855 3781 3923 3834 τὸ

2323 3870 2628 3942 πρακτικὸν
2671 3871 2918 3940 φάσκων,
2963 3871 3088 3926 σὺν
3116 3869 3462 3942 ,ἀνθρώποις
3502 3871 3922 3943 ἐργαζομένοις

2322 3963 2437 4030 τὴν
2465 3961 2740 4032 ἀνομίαν,
2761 3963 2859 4016 καὶ
2881 3965 2954 4018 οὐ
2972 3963 3060 4034 μὴ
3082 3963 3415 4019 συνδυάσω
3434 3965 3587 4034 μετὰ
3607 3964 3726 4019 τῶν
3743 3966 3922 4020 ἐκλε-

2322 4051 2484 4106 κτῶν
2515 4050 2735 4107 αὐτῶν.
2792 4053 2933 4108 Ἀνθ’
2960 4048 3022 4109 οὗ
3055 4053 3215 4108 πάλιν
3255 4056 3284 4108 ό
3313 4054 3610 4127 Σύμμαχος
3645 4054 3918 4126 σαφέστε-

2327 4164 2415 4218 ρον
2455 4148 2800 4219 ἡρμήνευσεν
2837 4147 3028 4214 είπὼν,
3069 4148 3196 4203 Σὺν
3238 4150 3575 4221 ἀνθρώποις
3605 4150 3920 4221 ἐργαζομέ-

2323 4257 2452 4306 νοις
2486 4239 2744 4305 ἀδικίαν,
2777 4239 2934 4310 μηδέ
2969 4241 3339 4314 συμφάτοιμι
3380 4242 3455 4299 τὰ
3492 4243 3643 4312 ήδέα
3689 4241 3918 4299 αὐτῶν.

2327 4332 2450 4384 Οὐκ
2484 4331 2697 4401 ἔσομαι
2728 4332 2859 4403 γάρ,
2886 4333 3072 4405 φησὶν,
3095 4334 3218 4405 ἅμα
3245 4335 3500 4401 τούτοις,
3520 4337 3631 4388 ἐὰν
3660 4334 3763 4400 σὺ,
3794 4337 3918 4391 Κύ-

2316 4438 2434 4491 ριε,
2477 4422 2763 4492 φυλακὴν
2787 4421 2868 4489 τῷ
2889 4425 3142 4495 στόματι
3165 4426 3349 4494 θείης,
3373 4427 3470 4480 καί
3497 4425 3606 4479 τὸν
3619 4441 3923 4496 προκατα-

643 4494 803 4550 dendi
833 4503 960 4549 sunt
990 4493 1065 4546 illi
1107 4491 1197 4561 qui
1236 4491 1502 4546 malorum
1549 4498 1770 4543 actuum
1814 4505 2040 4544 suorum
2077 4504 2219 4559 prae-

2321 4488 2739 4567 σκευασθέντα
2759 4532 2862 4584 μοι
2883 4488 3607 4586 θησῖαυρὸνδιατηρήσῃς.
3641 4488 3921 4571 ’ἐκλεκτοὶ

646 4597 826 4642 textus
847 4594 1118 4656 quaerunt,
1142 4585 1233 4654 qui
1265 4584 1479 4654 pejores
1503 4591 1631 4639 sunt
1653 4583 1759 4639 illis
1791 4584 1881 4652 qui
1923 4581 2041 4638 sine
2083 4597 2224 4654 pne—

647 4687 797 4735 tcxtu
821 4677 1106 4750 palamque
1131 4687 1378 4748 peccant.

648 4898 810 4954 Vens.
849 4895 901 4951 6.
947 4894 1192 4964 Absorpti
1233 4903 1354 4948 sunt
1367 4895 1536 4961 juncti
1572 4903 1734 4964 petra:
1770 4892 1978 4964 judices
2018 4909 2218 4948 eorum.

718 4988 1074 5060 Symmachus
1100 4998 1281 5042 autem
1315 5009 1326 5040 :
1359 4985 1545 5039 Adhuc
1576 4987 1718 5040 enim
1741 4987 1912 5040 oratio
1941 5001 2056 5040 mea
2075 4987 2223 5039 intra

645 5080 904 5150 nequitias
929 5078 1143 5132 illorum
1175 5092 1194 5130 :
1235 5077 1519 5132 evellentur
1547 5087 1707 5144 petra:
1747 5076 1988 5130 manibus
2012 5075 2222 5145 judiccs

641 5188 824 5227 eorum
853 5186 872 5225 :
897 5169 1113 5224 audient
1146 5170 1300 5223 verba
1336 5184 1452 5222 mea
1493 5167 1819 5223 dulcissima.
1867 5167 2040 5223 Sicuti
2079 5168 2223 5237 agri-

642 5263 760 5317 cola
804 5279 922 5316 cunt
969 5273 1163 5315 terram
1211 5261 1430 5332 frangit,
1489 5261 1562 5314 ita
1588 5278 1712 5316 ossa
1753 5273 1924 5317 vestra
1963 5263 2222 5332 dissipata

641 5363 759 5407 sunt
794 5368 940 5405 secus
973 5350 1194 5419 inferos.
1227 5350 1382 5407 Nunc
1425 5367 1554 5405 vero
1588 5352 1852 5408 rationem
1887 5353 2091 5419 reddit,
2119 5367 2218 5409 cur

640 5459 763 5498 cum
801 5445 1181 5513 peccatoribus
1222 5459 1327 5499 non
1375 5444 1652 5500 combinet
1683 5464 1698 5500 :
1730 5443 1927 5501 sutlicit
1961 5445 2107 5501 enim
2150 5444 2215 5500 il-

642 5536 816 5592 lorum
844 5538 1080 5593 societas
1110 5539 1175 5591 ad
1209 5536 1445 5592 animam
1483 5552 1663 5591 meam
1703 5536 2096 5608 dissipandam,
2125 5547 2211 5591 at-

641 5643 748 5703 que
769 5629 836 5684 ad
873 5631 1110 5699 ipsorum
1147 5631 1444 5691 nequitiam
1488 5629 1620 5685 mihi
1663 5629 2063 5686 insinuandam.
2089 5631 2211 5687 lam

711 5818 757 5849 “
798 5816 1080 5880 Exodmv,
1104 5815 1186 5872 15.
1265 5814 1352 5869 "l
1392 5815 1530 5872 Tim.
1555 5831 1622 5884 tt,
1651 5814 1701 5871 8.
1795 5816 1841 5849 “
1865 5815 1963 5874 lsa.
1997 5833 2032 5885 ι,
2065 5816 2148 5872 l5.

2321 4606 2378 4661 δὲ
2401 4606 2604 4661 τούτων
2628 4601 2737 4661 εἷεν
2763 4608 2813 4661 οἱ
2841 4608 3206 4678 σκηπτόμενοι
3237 4608 3540 4680 προφάσεις
3564 4610 3650 4679 ἐφ’
3670 4602 3750 4673 οἷς
3775 4609 3921 4682 δρῶ-

2325 4717 2376 4754 σι
2412 4699 2625 4765 κακῶς·
2663 4701 2924 4773 χειρόνων
2951 4701 3119 4755 όντων
3149 4701 3258 4757 τῶν
3285 4703 3412 4757 ἄνευ
3441 4703 3788 4775 προφάσεως,
3819 4705 3920 4758 καὶ

2322 4796 2780 4861 ἁνεπικαλύπτως
2809 4796 3173 4868 άνομούντων.

2321 4891 2760 4957 Κατεπόθησαν
2795 4890 3054 4960 ἐχόμενα
3102 4889 3324 4961 πέτρας
3360 4892 3416 4945 οί
3447 4891 3639 4960 κριταὶ
3689 4890 3916 4947 αὐτῶν.

2401 4989 2459 5043 '0
2489 4988 2546 5043 δὲ
2577 4988 2902 5061 Σύμμαχος·
2945 4991 3067 5046 Ἔτι
3111 4991 3223 5064 γὰρ
3248 4989 3349 5045 καί
3384 4989 3424 5057 ὴ
3445 4988 3752 5059 προσευχὴ
3788 5008 3919 5060 μου

2317 5073 2491 5140 ἐντὸς
2510 5073 2631 5129 τῶν
2669 5072 2896 5129 κακιῶν
2929 5074 3128 5130 αὐτῶν
3149 5091 3164 5106 ·
3186 5073 3618 5144 ἐπιλήσονται
3637 5072 3707 5128 ἐν
3738 5075 3919 5144 χερσί

2319 5170 2540 5240 πέτρας
2573 5170 2628 5224 οί
2664 5167 2859 5253 θεηταί
2893 5167 3092 5224 αὐτῶν
3108 5186 3124 5201 ·
3156 5169 3522 5224 ἀκούσονται
3553 5167 3770 5238 ῥήσεις
3791 5186 3918 5239 μου

2317 5257 2575 5326 ἡδίστας
2598 5276 2612 5291 ο
2635 5256 2841 5329 ὥσπερ
2859 5259 3114 5330 γεωργὸς
3145 5259 3242 5314 ὅτ’
3263 5259 3340 5314 ἂν
3367 5259 3582 5330 ρήσσῃ
3622 5259 3738 5329 τὴν
3767 5259 3914 5332 γῆν,

2322 5351 2404 5417 ὠς
2447 5351 2824 5421 ἐσκορπίσθη
2865 5349 3034 5422 ὑμῶν
3066 5351 3141 5407 τὰ
3182 5351 3336 5409 ὀστᾶ
3375 5352 3536 5424 παρὰ
3577 5352 3684 5408 τὸν
3729 5352 3910 5422 ᾅδην.

2324 5444 2434 5517 Τὴν
2466 5443 2646 5499 αἰτίαν
2673 5444 2732 5499 δὲ
2755 5444 2849 5499 νῦν
2883 5445 3078 5516 ἐπάγει
3118 5443 3211 5500 τοῦ
3249 5446 3325 5518 μὴ
3371 5446 3688 5511 συνδυάζειν
3730 5447 3913 5518 ἁμαρ-

2320 5536 2510 5602 τωλοῖς
2528 5555 2541 5568 ·
2573 5537 2735 5610 ίκανὴ
2764 5537 2874 5610 γὰρ
2904 5537 3086 5592 αὐτῶν
3113 5539 3147 5612 ἠ
3170 5538 3446 5604 κοινωνία,
3476 5539 3632 5611 φησὶ,
3656 5538 3906 5611 διασκορ-

2321 5633 2479 5689 πίσαι
2513 5649 2615 5707 μου
2648 5632 2747 5704 τὴν
2785 5631 2986 5706 ψυχὴν,
3021 5632 3118 5688 καὶ
3149 5630 3260 5687 τῶν
3299 5631 3510 5688 κακιῶν
3541 5631 3724 5688 αὐτῶν
3765 5632 3913 5688 ἔνδον
