4100 6286
199 347 269 401 ιθ
1351 349 1869 409 COMMENTARIA
1908 348 1976 406 IN
2024 348 2368 409 PSALIOS.
3442 351 3514 411 50

201 469 683 540 ἀναγνωσμάτων,
731 468 1027 541 μανθάνων
1073 467 1134 536 ἐξ
1173 470 1380 536 αὐτῶν,
1423 471 1507 525 ὅτι
1539 472 1668 536 τοὺς
1703 487 1788 525 πα

1895 524 1898 531 ,
1926 471 2229 539 cognoscit,
2264 477 2478 525 veteres
2511 468 2634 525 illos
2666 467 2920 541 plurimis
2970 472 3244 543 presseris
3277 488 3344 530 ac
3389 480 3514 530 ten-

204 560 387 623 λαιοὺς
429 561 572 633 μετὰ
624 560 827 634 μυρίας
855 560 1065 634 θλίψεις
1085 565 1182 618 καὶ
1208 565 1554 636 πειρασμοὺς
1576 563 1811 617 ἐπεσκε-

204 671 372 709 πτετο
396 656 431 708 ό
454 654 610 721 Θεδς,
632 657 729 709 καὶ
754 656 889 721 δσας
924 657 1199 729 παρέσχεν
1217 658 1405 722 αὐτοῖς
1422 657 1722 730 θεραπείας
1744 674 1807 711 τε

203 748 298 801 ml.
329 747 677 821 εὐεργεσίας.
738 747 905 801 Ἀλλά
934 748 1031 803 καὶ
1075 750 1135 803 ἐν
1164 750 1281 812 τοῖς
1310 750 1411 821 τῆς
1442 749 1808 827 δημιουργίας

203 838 385 909 λόγοις
429 840 671 912 μελετῶν
714 840 1083 914 ἐθεραπεύετο
1110 842 1213 914 τὴν
1244 841 1445 913 ψυχὴν,
1482 842 1810 913 παιδευόμε-

202 950 315 999 νος,
346 932 427 997 ὡς
456 932 558 986 οὐκ
588 931 739 987 ἐστιν
766 933 1107 1006 άπρονόητος
1127 936 1156 987 ὁ
1188 932 1296 988 τῶν
1323 932 1632 1006 ἀνθρώπιον
1668 934 1804 1005 βίος.

200 1023 321 1079 οὐδέ
360 1022 742 1097 ἀθεράπευτος
781 1026 817 1097 ἡ
864 1024 959 1080 τοῦ
1003 1025 1371 1098 ταραχθέντος
1401 1025 1582 1097 ψυχή·
1632 1028 1808 1099 δφορᾷ

199 1116 259 1171 δι
289 1117 388 1171 καὶ
436 1116 711 1190 ἐφέστηκε
746 1119 915 1172 πᾶσιν
962 1119 992 1172 ό
1022 1117 1119 1173 τοῦ
1160 1118 1298 1173 Θεοῦ
1341 1119 1516 1189 Λόγος
1576 1117 1805 1191 ίὼμενος

198 1212 324 1274 τοὺς
349 1212 849 1284 συντετριμμένους
872 1210 973 1285 τὴν
1000 1212 1255 1285 καρδίαν.

198 1302 533 1358 Ama-aa
559 1304 711 1375 πρὸς
732 1305 827 1378 -σέε
848 1304 965 1378 req
988 1304 1193 1378 χεῖράς
1230 1322 1381 1376 μου·
1412 1306 1452 1375 τι
1478 1306 1652 1377 ψυχή
1681 1325 1804 1378 μου

711 1376 793 1442 ὡς
827 1374 903 1446 τῆ
928 1374 1190 1446 ἄνυδρός
1220 1374 1341 1431 σοι.

265 1464 554 1536 Μνησθεὶς
598 1467 709 1521 τῶν
758 1466 1006 1540 ἀρχαίων
1044 1469 1273 1541 ἡμερῶν
1312 1469 1380 1523 ἐκ
1423 1470 1523 1542 τῆς
1571 1468 1805 1542 μελέτης

196 1556 302 1610 τῶν
335 1556 505 1613 θείων
538 1560 1007 1632 ἀναγνωσμάτων,
1039 1560 1139 1625 τὰς
1171 1562 1360 1634 χεῖράς
1392 1581 1517 1635 μου,
1560 1566 1655 1617 καὶ
1702 1562 1804 1627 τὰς

192 1651 279 1706 διὰ
309 1651 606 1723 μετανοίας
633 1651 864 1723 πράξεις
894 1652 1142 1725 καθαράς
1169 1671 1252 1707 σοι
1282 1655 1595 1719 ἐπιδεικνὺς
1620 1654 1803 1709 διεπέ-

193 1759 352 1808 τασα,
404 1742 580 1807 οῦτως
629 1742 798 1814 διψῶν
833 1760 949 1809 σου,
984 1745 1012 1797 ό
1040 1744 1193 1809 Θεὸς,
1227 1746 1321 1799 καὶ
1354 1747 1455 1817 τῆς
1500 1745 1653 1819 παρὰ
1702 1745 1798 1799 σοῦ

1916 564 2215 620 tationihus
2270 578 2301 617 a
2357 562 2470 619 Deo
2522 562 2693 619 fuisse
2744 563 3019 632 visitatos,
3069 573 3123 621 et
3167 576 3371 638 quanta
3421 567 3515 625 hie

1913 655 2151 711 remedia
2204 655 2396 710 iisdem
2449 655 2745 711 contulerit
2796 671 2865 713 ac
2928 656 3217 714 beneﬁcia.
3282 658 3508 732 Insuper

1910 750 2039 802 dum
2086 763 2271 803 rerum
2321 747 2659 807 creationem
2698 764 2885 806 secum
2919 758 3163 822 reputat,
3207 754 3396 810 animo
3425 769 3515 810 re-

1910 848 2151 904 creatur,
2201 840 2329 911 quia
2366 840 2530 895 discit
2588 839 2759 895 vitam
2818 841 3101 897 hominum
3149 842 3510 901 Providentia

1910 946 2018 986 non
2081 932 2307 987 destitui
2346 972 2363 997 ,
2440 948 2618 1003 neque
2672 948 2831 989 suum
2907 935 3185 991 turbatum
3260 938 3506 994 animum

1909 1022 2158 1077 remedio
2213 1037 2431 1091 carere,
2480 1039 2607 1080 cum
2654 1025 2913 1082 omnibus
2957 1026 3273 1096 inspectans
3322 1030 3511 1100 prosit

1910 1114 2012 1171 Dei
2043 1113 2308 1183 Verbum,
2339 1132 2369 1172 a
2417 1131 2527 1188 quo
2556 1120 2792 1176 contriti
2828 1120 2995 1176 corde
3038 1130 3326 1178 sanantur.

1913 1298 2077 1355 Vens.
2094 1298 2148 1354 6.
2176 1298 2429 1370 Expandi
2454 1315 2645 1355 manus
2663 1316 2806 1355 meas
2826 1302 2897 1355 ad
2914 1310 2999 1365 te;
3025 1304 3209 1359 anima
3232 1319 3353 1359 mea
3373 1304 3508 1361 sicut

2444 1382 2590 1425 terra
2620 1373 2734 1427 sine
2758 1388 2897 1443 aqua
2916 1375 3034 1428 tibi.

1978 1463 2205 1520 Dierum
2266 1464 2619 1536 antiquorum
2684 1474 2910 1536 propter
2963 1465 3183 1524 divinas
3239 1467 3508 1525 lectiones

1904 1572 2159 1623 memor,
2213 1572 2412 1613 manus
2465 1572 2616 1614 meas
2664 1559 3002 1629 paenitentiae
3041 1562 3301 1629 operibus
3350 1578 3510 1618 mun-

1902 1651 2063 1708 datas
2106 1650 2175 1706 ad
2227 1659 2282 1708 te
2342 1654 2680 1723 expandens,
2714 1664 2766 1709 te
2802 1654 3019 1720 sitiens,
3054 1656 3216 1725 Deus,
3249 1658 3505 1729 praeben-

1904 1745 2144 1815 damque
2173 1758 2203 1798 a
2237 1752 2289 1799 te
2318 1746 2684 1813 curationem,
2717 1762 2824 1803 non
2869 1750 3031 1804 modo
3058 1764 3158 1807 ceu
3189 1765 3390 1807 cervus
3432 1753 3505 1810 ad

196 1833 415 1899 ίάσεως,
455 1835 519 1889 οὐ
566 1836 728 1906 μόνον
773 1834 835 1889 δν
872 1834 1074 1907 τρόπον
1114 1836 1315 1906 ἔλαφος
1352 1837 1447 1891 ἐπὶ
1472 1838 1571 1901 τὰς
1614 1835 1791 1909 πηγάς

1909 1836 2091 1892 fontes
2121 1851 2421 1907 aquarum,
2458 1853 2645 1895 verum
2698 1852 2757 1895 ut
2804 1840 2954 1897 arida
2998 1852 3054 1898 et
3100 1844 3221 1899 sine
3269 1845 3505 1902 humore

192 1926 296 1980 τῶν
328 1926 566 1989 ὑδάτων,
611 1926 747 1981 ἀλλὰ
786 1926 880 1981 καὶ
911 1927 987 1991 ὡς
1018 1927 1248 2001 ἄνυδρος
1278 1928 1373 1981 καὶ
1404 1927 1545 2000 ξηρὰ
1575 1928 1649 1999 γῆ
1677 1929 1798 2001 ὀρέ-

190 2031 345 2086 γεται
376 2015 475 2070 τοῦ
506 2018 591 2069 ἐπ’
614 2016 785 2090 αὐτὴν
812 2016 1092 2081 κατιόντος
1117 2016 1296 2072 ὑετοῦ.
1323 2019 1388 2072 Εί
1426 2019 1485 2074 δέ
1525 2020 1621 2074 καὶ
1648 2018 1797 2073 ἐστιν

192 2108 408 2181 ἡψυχὴ
454 2126 559 2179 μου
606 2109 684 2175 ὡς
711 2110 785 2181 γῆ
816 2109 1063 2183 ἄνυδρος,
1102 2109 1180 2175 ὡς
1224 2110 1364 2183 πρὸς
1407 2111 1467 2166 et
1515 2111 1609 2166 τὸν
1662 2112 1796 2168 Θεὸν

191 2201 413 2273 τοιαύτη
449 2202 602 2256 ἐστίν
621 2219 635 2231 ⁸
666 2202 789 2257 καθ’
813 2202 1011 2274 ἑαυτὴν
1038 2203 1147 2275 γὰρ
1173 2202 1268 2257 καὶ
1297 2202 1373 2268 ὡς
1401 2205 1460 2259 ἐν
1490 2204 1794 2277 ἀνθρώπων

192 2294 478 2369 συγκρίσει
536 2294 760 2368 γόνιμος
815 2295 910 2350 καὶ
962 2295 1224 2369 τεθηλυῖα
1283 2298 1516 2370 καρπῶν
1566 2296 1795 2367 ἀγαθῶν

192 2385 457 2456 ὑπάρχει·
498 2388 582 2441 σοὶ
610 2386 667 2441 δέ
699 2386 927 2459 ἄνυδρός
965 2388 1119 2466 ἐστιν
1148 2386 1343 2455 οὕτως,
1373 2390 1449 2455 ὡς
1474 2388 1537 2444 οὺ
1565 2390 1763 2445 δικαιω

190 2476 416 2549 θήσεται
452 2476 691 2532 ἐνώπιόν
719 2495 815 2532 σου
841 2480 950 2544 πᾶς
988 2478 1119 2543 ζῶν.

195 2568 345 2640 Ταχὺ
375 2568 756 2645 εἰσάκουσρν
786 2586 885 2645 με,
918 2588 973 2624 κ.
1000 2587 1051 2623 τ.
1172 2571 1269 2642 Μὴ
1297 2574 1694 2645 ἀποστρέψῃς
1725 2574 1792 2630 τὸ

583 2641 911 2709 πρόσωπόν
937 2656 1058 2697 σου
1082 2644 1183 2696 ἀπ’
1210 2641 1381 2716 ἐμοῦ.

265 2729 354 2784 Ἑν
400 2732 523 2794 τοῖς
569 2730 958 2801 κατεπείγουσι
989 2735 1207 2805 καιροῖς
1251 2733 1363 2789 τῶν
1410 2734 1791 2807 περιστάσεων

188 2820 304 2890 ἦτοι
331 2824 391 2877 ἐν
419 2823 690 2894 διωγμοῖς
720 2824 755 2897 ἢ
782 2828 899 2889 τοῖς
945 2825 1198 2897 ἐσχάτοις
1244 2828 1538 2894 κινδύνοις,
1568 2829 1789 2884 ἐπειδὰν

188 2908 643 2985 παρακινδυνεύει
695 2915 842 2979 τινὸς
891 2917 925 2987 ή
975 2916 1145 2989 ψυχὴ,
1194 2918 1543 2985 ἐκλείποντος
1588 2920 1685 2975 τοῦ
1730 2924 1789 2978 ἐν

186 3006 318 3077 αὐτῇ
346 3006 687 3078 πνεύματος,
728 3008 825 3062 καὶ
862 3008 965 3081 τῆς
998 3010 1227 3083 καρδίας
1259 3012 1318 3066 ἐν
1341 3014 1480 3086 αὐτῇ
1522 3031 1788 3088 ταραττο-

189 3098 375 3171 μένης,
403 3103 679 3173 προσήκει
708 3103 912 3174 ὁμοίως
945 3104 1021 3177 τῷ
1054 3106 1221 3161 Δαυῖδ
1244 3106 1426 3179 λέγειν
1457 3110 1788 3182 εὐχομένους

1906 1937 2050 1983 terra
2093 1927 2442 1998 depluentem
2495 1931 2547 1987 in
2600 1947 2662 1989 se
2698 1933 2935 1989 imbrem
2979 1946 3227 2007 exoptat.
3262 1935 3497 1996 Etiamsi

1900 2033 2033 2075 vero
2071 2020 2251 2075 anima
2279 2035 2399 2076 mea
2430 2030 2517 2079 est
2549 2022 2713 2079 veluti
2750 2025 2871 2079 sine
2900 2038 3040 2095 aqua
3073 2037 3243 2093 terra,
3278 2043 3412 2101 erga
3444 2040 3499 2087 te

1902 2113 2158 2168 nimirum
2190 2114 2265 2169 ita
2305 2128 2367 2171 se
2404 2115 2604 2183 habet;
2662 2127 2925 2175 caeterum
2962 2134 3073 2191 prae
3112 2120 3236 2176 aliis
3261 2122 3501 2179 homini-

1899 2204 2001 2259 bus
2017 2203 2215 2263 fertilis
2228 2216 2333 2272 est,
2355 2216 2413 2264 et
2434 2210 2708 2265 bonorum
2730 2208 3008 2266 fructuum
3036 2228 3142 2268 non
3164 2214 3457 2271 infecunda
3481 2237 3496 2274 :

1901 2297 2020 2363 tibi,
2044 2299 2295 2369 inquam,
2313 2309 2398 2357 est
2415 2302 2593 2372 arida,
2614 2304 2742 2375 quia
2769 2319 2874 2360 non
2894 2305 3289 2376 justiﬁesbitur
3308 2323 3496 2365 coram

1900 2400 1952 2447 te
1980 2391 2268 2463 quisquam
2308 2393 2519 2451 vivens.

1901 2571 2141 2629 Vers.7.
2177 2572 2297 2632 Cito
2326 2579 2525 2633 exaudi
2582 2596 2689 2645 me,
2740 2590 2853 2636 etc.
2907 2582 2994 2639 Ne
3043 2596 3253 2641 avertas
3302 2585 3497 2657 facient

2538 2660 2687 2707 tuam
2717 2670 2750 2706 α
2777 2669 2881 2709 me.

1968 2738 2301 2812 Urgentihus
2344 2742 2726 2800 calamitatum
2782 2749 3124 2819 temporibus
3154 2750 3271 2806 sive
3300 2765 3492 2821 perse-

1892 2831 2204 2891 cutionihus
2229 2838 2607 2909 extremisque
2638 2840 3079 2910 discriminibus,
3103 2859 3229 2900 cum
3258 2844 3495 2915 alicujus

1891 2923 2076 2978 anima
2105 2926 2477 2996 periclitatur,
2517 2929 2905 2989 deﬁcientibus
2932 2933 3054 3005 ejus
3088 2936 3325 3005 viribus,
3357 2953 3497 2994 con-

1890 3018 2111 3074 turbato
2142 3020 2333 3089 corde,
2376 3021 2511 3079 utile
2545 3034 2631 3081 est
2657 3041 2781 3083 cum
2810 3028 3020 3084 Davide
3052 3041 3280 3088 orantes
3304 3030 3493 3089 dicere

1892 3108 2153 3167 Christo:
2186 3109 2408 3170 Exaudi
2444 3133 2548 3186 me,
2584 3117 2832 3176 Domine.
2866 3122 3055 3195 Neque
3086 3134 3270 3181 tamen
3300 3126 3355 3181 in
3389 3127 3494 3182 hu-

185 3188 251 3243 τὰ
275 3190 938 3260 Χριστοῦ,Είσάκουσόν
957 3213 1055 3267 με,
1086 3199 1266 3268 Κύριε
1284 3216 1298 3230 ·
1326 3201 1388 3255 οὐ
1419 3202 1529 3274 μὴν
1558 3199 1652 3257 ἐπὶ
1675 3206 1790 3270 τοῖς

1895 3206 2074 3261 manis
2104 3208 2337 3275 negotiis
2371 3209 2475 3265 hoc
2510 3224 2734 3280 precum
2767 3228 2969 3284 genere
3004 3218 3081 3272 uti
3116 3220 3488 3275 necessarium

184 3281 549 3354 ἀνθρωπίνοις
612 3286 935 3357 πράγμασιν
995 3291 1297 3360 ἀναγκαῖον
1352 3294 1677 3369 κεχρῆσθαι.
1714 3329 1785 3341 —-

196 3373 308 3443 Ἐφ’
335 3376 466 3430 ὅσον
518 3376 623 3449 μιν
672 3379 735 3432 τὸ
782 3380 1077 3453 πρόσωπόν
1128 3400 1223 3438 σου
1258 3387 1510 3455 καταξιοῖ
1556 3407 1625 3462 με
1673 3391 1784 3447 τῶν

186 3465 325 3519 ἰδίων
353 3467 548 3535 αὐτοῦ,
575 3468 637 3522 τὸ
660 3469 778 3539 φῶς
813 3488 908 3526 σου
940 3474 1091 3529 ἐστὶν
1118 3478 1178 3531 ἐν
1206 3477 1353 3550 ἐμοὶ,
1378 3481 1474 3534 καὶ
1497 3482 1651 3537 πᾶσά
1680 3501 1783 3557 μου

184 3555 520 3628 ἀπελήλαται
561 3561 753 3615 σκοτία
772 3580 786 3592 ·
834 3562 965 3619 ὥστ’
1016 3565 1085 3621 ἂν
1139 3569 1335 3624 είπεῖψ
1409 3555 1781 3646 Ἐσημειῶθη

182 3650 269 3719 ἐφ’
298 3648 467 3719 ἡμᾶς
512 3650 581 3706 τὸ
615 3652 743 3724 φῶς
779 3656 887 3712 τοῦ
925 3658 1255 3728 προσώπου
1300 3678 1443 3730 σου,
1486 3668 1698 3737 Κύριε·
1734 3672 1785 3724 ιι

181 3741 234 3795 δέ
269 3744 682 3816 ἀτωσιτρέψειάς
727 3766 861 3803 ποτε
905 3750 969 3805 τδ
1004 3754 1302 3825 πρόσωπόν
1348 3774 1445 3813 σου
1496 3760 1593 3815 ἀπ’
1622 3762 1781 3834 ἐμοῦ,

190 3834 397 3906 γίνομαι
440 3838 503 3892 ἐν
532 3839 728 3912 σκοτίᾳ
759 3843 817 3895 ἐν
849 3835 883 3917 ᾖ
917 3843 1161 3913 γίνονται
1195 3847 1400 3913 πάντες
1428 3852 1478 3905 οι
1515 3853 1783 3908 καταϐαί-

181 3942 358 4022 νοντες
385 3929 470 4022 είς
498 3928 700 3986 λάκκον
719 3949 734 3963 ’
767 3934 827 3987 ἐν
865 3929 911 4005 ᾧ
943 3936 1135 4011 λάκκῳ
1156 3939 1314 3995 οὐδὲν
1348 3941 1541 4015 ἕτερόν
1568 3947 1717 4002 ἐστιν
1745 3948 1785 4022 ἢ

179 4019 238 4073 τὸ
265 4020 604 4092 καλούμενον
639 4028 834 4092 σκότος
857 4028 1144 4103 δεώτερον.

190 4112 531 4171 ’Δκουστόν
573 4119 841 4189 ποίησόν
883 4140 987 4194 μοι
1024 4124 1093 4180 τὸ
1124 4126 1279 4197 πρωϊ
1309 4128 1376 4182 τὸ
1400 4128 1587 4197 *ἁλιεύς
1638 4146 1784 4187 σου.

255 4270 346 4325 'Ev
374 4275 493 4339 τοῖς
541 4279 875 4348 πειρασμοῖς
917 4279 1104 4347 ἐλέους
1144 4282 1290 4352 Orion
1327 4285 1564 4359 δεόμεθα
1587 4305 1599 4320 ·
1638 4290 1779 4363 ὅπερ

178 4362 372 4432 γένοιτ’
403 4364 473 4419 ἂν
517 4366 741 4434 ἐνῐταῖς
788 4375 1125 4444 προσευχαῖς
1163 4376 1548 4449 ἐγρηγορότως
1580 4362 1778 4452 σχολάέ

180 4455 383 4528 ξοιμεν,
415 4458 514 4511 καὶ
562 4459 796 4530 μάλιστα
838 4464 981 4519 κατὰ
1019 4466 1212 4541 καιρὸν
1237 4468 1333 4523 τόν
1358 4470 1603 4537 ἑωθινὸν,
1636 4472 1779 4527 ὥστε

1888 3296 2318 3366 est.—Quandiu
2351 3301 2522 3358 iacies
2562 3314 2653 3360 tua
2679 3321 2779 3361 suo
2813 3323 2898 3364 me
2926 3320 3177 3380 respectu
3208 3313 3490 3384 dignatur,

1889 3388 2070 3449 lumen
2106 3397 2257 3450 tuum
2290 3394 2343 3450 in
2369 3411 2457 3452 me
2480 3408 2590 3464 est,
2616 3410 2781 3470 atque
2808 3417 3001 3460 omnes
3028 3406 3290 3462 recedunt
3327 3416 3490 3465 tene-

1888 3483 2031 3553 ιιι-ες
2063 3485 2137 3541 ita
2174 3496 2234 3541 ut
2265 3487 2445 3545 dicam
2478 3508 2492 3545 :
2538 3489 2822 3563 Signatum
2874 3507 2948 3552 est
2992 3513 3152 3568 super
3177 3516 3277 3555 nos
3310 3500 3492 3557 lumen

1886 3579 2065 3634 vultus
2092 3582 2192 3645 tui,
2222 3579 2452 3638 Domine
2474 3585 2544 3639 ⁸⁸.
2573 3584 2728 3654 Quod
2752 3590 2797 3643 si
2830 3590 3038 3647 vultum
3072 3601 3223 3647 tuum
3247 3607 3488 3662 avertas,

1890 3671 2084 3728 decido
2103 3674 2159 3729 in
2188 3676 2446 3734 tenebras
2471 3696 2612 3751 quas
2636 3681 2671 3735 ii
2705 3685 2991 3753 patiuntur
3017 3685 3114 3757 qui
3145 3686 3488 3744 descendunt

1885 3762 1941 3818 in
1967 3764 2144 3821 lacum
2165 3786 2180 3835 ;
2203 3783 2313 3839 quo
2334 3771 2388 3826 in
2410 3772 2532 3829 lacu
2552 3775 2686 3829 nihil
2704 3776 2852 3833 aliud
2870 3791 3137 3850 estquam
3155 3781 3487 3849 exteriores.

1884 3857 1964 3913 uti
1995 3860 2359 3932 appellantur,
2396 3866 2658 3927 tenebrae.

1890 4124 2050 4180 Vens.
2106 4128 2161 4184 8.
2215 4129 2473 4184 Auditum
2527 4131 2619 4256 {llic
2663 4134 2796 4188 mihi
2851 4151 3009 4191 mane
3054 4137 3483 4193 misericordiam

2584 4220 2730 4256 stum.

2584 4220 2730 4259 trum.

1955 4288 2052 4347 Dei
2072 4290 2454 4351 misericordia
2485 4295 2539 4352 in
2562 4298 2959 4355 tentationibus
2985 4299 3329 4373 indigemus;
3358 4316 3480 4372 quae

1883 4391 1945 4441 ut
1998 4384 2158 4443 nobis
2209 4388 2491 4457 obveniat,
2540 4390 2839 4463 vigilanter
2888 4395 3147 4464 precibus
3196 4411 3481 4465 vacemus,

1884 4479 2155 4536 matutino
2189 4483 2497 4551 praesertim
2544 4493 2811 4554 tempore,
2853 4496 2913 4540 ut
2947 4487 3432 4562 dicere'possimus
3462 4511 3479 4549 :

178 4545 433 4602 δύνασθαι
484 4548 698 4619 λέγειν·
749 4553 813 4608 '0
858 4556 1027 4625 Θεὸς,
1065 4562 1100 4615 ό
1150 4560 1299 4627 Θεός
1326 4579 1469 4633 μου,
1503 4563 1656 4634 πρὸς
1698 4566 1777 4620 σὲ

1895 4569 2045 4639 Deus,
2078 4545 2219 4629 Deus
2244 4591 2414 4641 meus,
2442 4577 2514 4630 ad
2542 4586 2593 4632 ts
2622 4545 2689 4633 αὶ
2716 4545 2833 4635 Ιιιεέ
2866 4580 3025 4650 vigilo
3046 4545 3115 4638 ‘i.

584 4755 709 4807 μοι.
739 4740 936 4811 Κύριε,
962 4742 1106 4798 ὀδόν
1131 4744 1213 4799 ἐν
1230 4739 1272 4818 ᾖ
1298 4750 1695 4821 πορεύσομαι.

256 4895 389 4951 ’Δπδ
417 4898 516 4952 τοῦ
541 4900 718 4972 χαμαὶ
743 4903 958 4958 κεῖσθαί
984 4904 1083 4979 τὴν
1125 4907 1269 4979 ἐμὴν
1299 4909 1440 4983 πρὸς
1496 4912 1774 4987 aecum»;-

1876 4749 2045 4807 Vens.
2065 4754 2117 4808 8.
2173 4756 2369 4809 Notam
2419 4755 2507 4825 [ac
2560 4758 2729 4835 milii,
2774 4758 3024 4827 Domine,
3079 4763 3221 4818 viam
3260 4765 3313 4818 in
3374 4782 3480 4835 qua

2480 4828 2767 4885 ambulem.

1948 4913 2085 4969 Dum
2111 4916 2299 4973 anima
2323 4934 2444 4975 mea
2463 4918 2614 4999 jacet
2646 4921 2796 4976 humi
2823 4934 3129 4995 prostrata,
3155 4926 3474 4998 imploranti

174 4986 513 5046 ἀπτείναντι
568 4996 859 5065 μετανοίας
902 4997 1073 5066 δεῖξον
1125 5000 1267 5066 ὁδὸν,
1307 5001 1341 5075 ἢ
1376 5003 1477 5075 τὴν
1521 4986 1764 5074 ἄγουσαν

1895 5005 2011 5061 nihi
2057 5011 2401 5077 paenitentia:
2433 4986 2577 5067 viam
2608 4986 2857 5083 ostende,
2904 5033 3027 5088 quae
3066 4986 3194 5091 post
3224 4986 3476 5093 corporis

178 5079 315 5148 μετὰ
333 5082 588 5154 σώματος
610 5086 934 5161 ἀπαλλαγὴν
956 5092 1049 5146 ἐπὶ
1071 5091 1140 5147 τὰ
1169 5093 1396 5165 οὐράνια
1422 5097 1773 5172 (15)’θνητδς
1807 5107 1826 5136 -

174 5173 424 5245 γάρπῶς
449 5176 518 5232 ἂν
549 5180 742 5252 νοήσαι
769 5181 868 5247 τὰς
891 5183 1045 5250 ὀδοὺς
1072 5187 1269 5255 αὐτοῦς
1301 5190 1443 5261 τάχα
1466 5191 1524 5245 δέ
1550 5211 1635 5257 τις
1669 5195 1775 5262 τὰς

173 5273 445 5348 προτέρας
484 5273 641 5338 ὀδοὺς
661 5276 904 5331 Μωίῑσέα
927 5280 1021 5332 καὶ
1046 5282 1175 5347 τοὺς
1201 5285 1490 5358 προφήτας
1516 5285 1763 5358 βαδίσας,

173 5365 313 5419 κατὰ
333 5365 417 5432 τό,
444 5366 637 5439 Στῆτε
658 5368 731 5423 ἐν
761 5369 892 5437 ταῖς
921 5370 1103 5440 ὁδοῖς,
1140 5374 1240 5429 καί
1270 5375 1612 5447 ἐρωτήσατε
1640 5382 1764 5452 τρί-

1879 5100 2275 5170 depositionem
2313 5107 2464 5163 ducit
2494 5113 2548 5164 in
2579 5111 2807 5191 celum.
2848 5112 2982 5169 Nam
3026 5126 3293 5183 mortuus,
3332 5133 3475 5188 quo-

1878 5193 2040 5247 modo
2084 5196 2204 5252 vias
2256 5215 2387 5256 suas
2437 5206 2777 5275 cognoscet?
2826 5207 3088 5268 Fortasse
3130 5210 3337 5282 aliquis
3381 5214 3477 5283 qui

1878 5286 2221 5356 antiquiores
2257 5292 2405 5358 vias,
2447 5294 2714 5369 Moysem,
2741 5299 2997 5372 inquam,
3041 5310 3097 5357 et
3144 5305 3472 5374 prophetas,

1874 5378 2210 5450 decurrerit;
2244 5382 2399 5453 juxta
2441 5387 2607 5446 illud:
2643 5390 2797 5447 State
2820 5395 2875 5447 in
2904 5401 3024 5459 viis,
3054 5398 3473 5454 etsciscitantim'

172 5456 318 5521 εους
352 5457 578 5527 Κυρίου
599 5460 865 5528 σίωνίος,
901 5463 1042 5534 μετὰ
1080 5464 1286 5532 ταύτας
1313 5469 1413 5543 τὴν
1439 5470 1558 5525 όδδν
1581 5469 1763 5543 ζητῶν

1895 5472 1936 5527 le
1964 5479 2169 5535 semitis
2199 5479 2417 5540 Domini
2454 5487 2666 5543 aeternis
2698 5490 2784 5557 ⁸³;
2830 5499 2948 5560 post
2996 5492 3119 5559 bas,
3150 5492 3349 5547 bonum
3375 5494 3470 5549 de-

170 5546 270 5619 τὴν
297 5550 528 5623 ἀγαθὴν,
571 5550 655 5625 τῷ
692 5554 899 5628 ταύτης
941 5556 1061 5629 ἐρεῖ
1084 5558 1274 5631 πατρὶ,
1304 5562 1402 5616 καὶ
1436 5563 1760 5633 γινώσκοντι

1895 5567 2037 5639 iique
2068 5571 2213 5629 viam
2240 5591 2491 5647 quarens
2537 5581 2682 5637 dicet
2734 5546 2898 5647 huius
2946 5585 3108 5654 patri,
3150 5586 3473 5661 viarumque

244 5666 293 5697 "
315 5664 456 5723 Psal.
488 5684 564 5734 nt,
602 5671 652 5727 7.
724 5675 767 5707 “
803 5675 947 5731 Psal.
979 5693 1118 5747 uti,
1156 5680 1211 5735 2.
1289 5681 1335 5714 ⁸⁸
1367 5679 1481 5737 Jer.
1532 5699 1610 5749 γι,
1648 5685 1731 5739 l6.

243 5756 542 5852 (Ιῇ
570 5763 1057 5852 lt_ic_dean_i_mabus
1074 5770 1203 5852 sine
1220 5775 1543 5852 corporibus
1574 5776 1740 5852 etiam
1855 5779 2075 5839 Eusemi
2141 5793 2335 5843 contra
2421 5790 2783 5848 recentiorum
2844 5793 3161 5851 Graecorum
3240 5793 3473 5852 cacodo—

172 5828 224 5882 in
288 5829 486 5887 uelum
564 5837 895 5908 recipiendis
966 5828 1758 5905 sententiamrantiuuissimi
1855 5828 2038 5907 aiam“.
