4100 6286
159 400 212 459 5³1
1290 391 1433 448 C031
1443 387 1798 446 HENTARIA
1840 384 1907 442 IN
1948 382 2293 443 νεωιοε.
3389 371 3459 427 58

214 517 317 572 τοο
352 513 628 588 [δικαίου]
663 516 773 587 μὲν
812 514 905 569 διὰ
949 512 1012 567 τὸ
1062 510 1352 582 φοϐεῖσθαι
1394 510 1488 563 τὸν
1520 506 1749 579 Κύριον,

1930 502 2073 559 Justi
2098 501 2224 567 viri,
2252 505 2545 571 propterea
2574 492 2722 565 quod
2768 490 3058 548 Dominum
3099 488 3277 553 timet,
3314 484 3457 542 beati

163 608 399 682 μακάριοι
448 612 501 664 ot
533 610 653 663 υἱοὶ
696 607 836 661 ὡσεὶ
867 605 1105 675 νεόφυτά
1147 605 1286 658 εἰσιν
1326 599 1525 655 ὶλαιῶν
1565 598 1754 669 κύκλῳ

166 705 248 774 ῆς
277 700 564 774 τραπέζης
591 699 778 754 αὐτοῦ
801 716 816 730 ο
848 698 960 753 τῶν
986 697 1045 751 δὲ
1081 694 1381 767 ἀλλοτρίων
1428 695 1477 747 ol
1534 691 1640 746 uici
1677 690 1756 755 ὡς

166 790 372 863 ιάφυτα
397 787 678 859 ίδρυμάνα
714 790 777 843 ιν
796 791 868 860 τῇ
891 787 1107 858 νεότητι
1140 784 1341 838 αὐτῶν.
1372 782 1629 853 Κάκείνῳ
1656 780 1756 852 μὶν

162 886 245 939 οὐκ
268 884 373 938 stat
407 881 768 953 θυγατέρεςο
814 879 1027 943 τούτοις
1056 878 1117 932 δέ
1161 879 1267 931 τίσι
1300 872 1755 943 κεκαλλωπισμέ-

163 988 253 1036 ναι,
292 970 862 1042 πιριιιεκοσμημέναι
886 970 965 1033 ὡς
1006 968 1263 1040 ὁμοίωμα
1308 964 1473 1021 ναοῦ·
1519 964 1758 1035 κάκείνῳ

165 1063 249 1135 μιν
275 1064 412 1117 εἰσιν
448 1063 562 1116 υίοὶ
594 1060 761 1126 υἱῶν,
794 1061 1006 1124 τούτοις
1030 1058 1087 1113 δι
1123 1058 1281 1129 οὐχί·
1315 1056 1396 1110 ἔτι
1430 1055 1625 1126 ἐκείνῳ
1658 1052 1759 1125 μὲν

162 1153 325 1207 οὐκέτι
365 1155 601 1223 ταμεῖον
645 1152 778 1206 οὐδὲ
814 1150 1099 1221 ἀποθήκη·
1128 1148 1336 1202 τούτων
1365 1147 1421 1200 δὲ
1448 1145 1517 1201 τὰ
1558 1147 1760 1216 ταμεϊα

164 1248 327 1317 πλήρη
358 1244 790 1316 ὶξερευγόμενα
828 1246 893 1297 ἐκ
925 1241 1120 1296 τούτου
1150 1242 1232 1304 είς
1258 1238 1451 1293 τοῦτο·
1483 1239 1577 1291 καὶ
1618 1236 1761 1290 κατά

164 1338 217 1392 τὸ
249 1337 582 1407 Εὐαγγέλιον
614 1338 681 1391 δὲ
711 1338 827 1401 τοῖς
854 1333 1214 1408 τρεφομένοις
1247 1332 1354 1386 ὑπὸ
1386 1329 1480 1385 τοῦ
1507 1330 1761 1401 οὐρανίου

167 1430 362 1503 Ila-robe
405 1431 695 1494 πετεινοῖς
745 1428 842 1483 τοῦ
876 1426 1109 1499 οὐρανοῦ
1155 1424 1341 1479 οὐκέτι
1384 1425 1611 1495 ταμεῖον
1642 1422 1764 1475 οὐδὲ

167 1524 418 1595 ἀποθήκη.
465 1524 598 1578 Υίοὶ
629 1524 686 1578 ot
720 1521 996 1594 αἱρετικοὶ
1049 1519 1221 1589 λόγοι,
1269 1519 1366 1573 καὶ
1404 1518 1476 1571 τά
1518 1518 1765 1589 νοήματα

167 1617 232 1681 ὡς
259 1616 515 1685 νεόφυτα,
546 1616 645 1669 διά
678 1612 1181 1687 τὴν.καινοτομίαν
1204 1630 1217 1642 ·
1263 1612 1565 1683 θυγατέρες
1594 1612 1651 1666 αί
1678 1610 1767 1664 λέ-

169 1707 263 1772 ξιις
281 1726 294 1737 ·
324 1708 861 1779 κεκαλλωπισμέναι
881 1706 941 1760 δὲ
963 1705 1049 1761 διὰ
1070 1705 1171 1778 τὴν
1200 1704 1423 1777 φράσιν,
1453 1704 1579 1759 ναὸν
1610 1699 1765 1758 οὖσαι

169 1799 248 1854 τοῦ
278 1802 661 1873 φρονήματος·

323 1895 446 1946 οὐκ
476 1891 623 1946 ἐστι
655 1890 1021 1961 tardatum
1050 1887 1345 1959 φραγμοῦ,
1384 1905 1438 1941 χ.
1466 1904 1517 1939 τ.
1544 1886 1595 1941 λ.

229 1985 331 2041 Καὶ
364 1988 423 2038 ιν
472 1984 560 2056 τῷ
603 1984 730 2038 Ἰὼϐ
772 1984 987 2056 εἴρηται
1008 2000 1021 2014 ο
1057 1982 1163 2037 Διὰ
1204 1982 1263 2035 τί
1294 1980 1535 2045 ἀσεϐεῖς
1595 1978 1764 2044 ζῶσι,

174 2077 615 2132 maluimus
652 2074 723 2129 δὲ
763 2076 865 2129 καὶ
902 2075 1272 2142 crsu/lorica);
1306 2076 1400 2127 καὶ
1431 2072 1501 2126 τὰ
1536 2070 1763 2141 ἐφεξῆς·

175 2170 293 2242 πλὴν
317 2168 603 2243 ὶπιφέρειο
631 2171 718 2224 οὐ
733 2168 863 2239 μὴν
876 2167 975 2223 καί
1006 2166 1244 2223 ἀσεσῶν
1257 2168 1489 2236 λύχνος
1516 2164 1771 2232 σϐεσθῆ-

174 2276 344 2315 σιται.
377 2262 491 2315 Καὶ
525 2264 591 2315 ὲν
621 2256 1013 2331 ἑϐδομηκοστῷ
1038 2256 1278 2329 δευτέρῳ
1300 2255 1502 2327 ψαλμῷ
1524 2255 1764 2324 λέγεται·

187 2351 467 2420 Ἐζήλωσα
503 2351 617 2406 ἐπί
656 2351 783 2418 τοῖς
815 2351 1085 2421 ἀνόμοις,
1113 2348 1367 2419 εἰρήνην
1406 2344 1773 2418 ἁμαρτωλῶν

178 2443 409 2514 θεωρῶν,
438 2446 542 2498 καὶ
568 2443 648 2497 τά
683 2441 832 2515 ἐξῆςο
868 2441 945 2497 ὼν
974 2440 1068 2495 καὶ
1094 2439 1279 2495 αὐτῶν
1306 2440 1341 2509 ή
1372 2438 1528 2501 λύσις
1571 2435 1773 2507 ἐπάγε-

180 2554 254 2590 ται
275 2539 329 2591 ὲν
351 2536 452 2608 τῷ,
479 2536 619 2600 Πῶς
654 2536 904 2605 ἐγένοντο
937 2535 1016 2598 είς
1043 2533 1361 2603 ὲρήμωσινς
1392 2529 1626 2597 ἐξάπινα
1663 2530 1773 2583 ἀπ-

180 2625 359 2680 ώλοντο
383 2626 473 2680 διά
489 2626 597 2697 τὴν
614 2623 876 2678 ἀϐουλίαν
898 2619 1099 2685 αὐτῶν,
1121 2621 1199 2683 ὡς
1226 2618 1478 2673 ἐνύπνιον
1504 2618 1774 2688 ὲξεγειρο-

186 2712 359 2784 μένων.

706 2800 1003 2855 ΨΑΛΜΟΣ
1051 2800 1230 2853 PMA'.

241 2895 372 2950 Οὔτε
409 2895 479 2949 δι’
512 2894 754 2967 ὀργάνου
790 2890 887 2946 τοῦ
921 2890 1261 2961 χαλωμένου
1300 2887 1599 2960 ψαλτηρίου
1628 2886 1775 2943 λέλε-

187 3005 293 3041 κται
328 2988 396 3042 τά
428 2987 800 3059 προκείμενα,
842 2982 967 3037 οὕτε
1009 2983 1076 3036 δι’
1120 2982 1288 3055 ᾠδῆς,
1338 2982 1459 3037 καθ’
1486 2982 1675 3053 ἕτερον
1716 2980 1776 3034 δὲ

187 3081 385 3153 τρόπον,
409 3082 665 3147 Αἰνεσις
690 3078 1121 3151 ἐπιγέγραπται.

376 3176 521 3229 Καθ’
551 3171 827 3240 ἑκάστην
850 3172 1082 3243 ἡμέραν
1107 3168 1427 3240 εὐλογήσω
1460 3185 1555 3224 σε.

258 3266 417 3338 Ἀρχὴ
472 3269 615 3339 παρ’
674 3266 949 3337 Ἑϐραίοις
997 3265 1093 3320 τοῦ
1146 3264 1420 3339 παρόντος
1474 3262 1658 3334 στίχου
1712 3260 1774 3316 τὸ

193 3357 279 3428 βήθ
302 3359 430 3427 (τοι.
453 3360 718 3414 Διδάσκει
744 3358 801 3411 δὲ
816 3360 900 3412 ὃτι
918 3359 1185 3431 προσήκει
1210 3356 1401 3429 ὥσπερ
1416 3356 1637 3428 ὀφειλὴν
1647 3355 1777 3409 ἑκά-

194 3465 307 3521 στης
336 3452 558 3524 ἡμέρας
588 3450 668 3522 τῷ
704 3450 825 3522 Θεῷ
861 3452 953 3505 τὸν
993 3451 1163 3523 ὕμνον
1198 3450 1528 3504 ἀποδιδόναι.
1572 3490 1583 3503 .
1620 3449 1779 3521 μηδε-

198 3545 308 3609 μιᾶς
335 3543 557 3615 ἡμέρας
596 3542 676 3614 τῷ
713 3541 836 3613 Θεῷ
865 3541 1033 3613 ῦμνον
1078 3542 1367 3614 ὀλιγωρεῖν
1408 3542 1505 3595 καὶ.
1537 3539 1776 3610 ἀπολιμ-

197 3633 433 3689 πάνεσθαι
482 3635 627 3709 (Si).
659 3634 881 3706 Διανοίᾳ
930 3635 1025 3706 μὲν
1068 3630 1163 3688 οὖν
1192 3635 1287 3687 καὶ
1332 3634 1646 3705 λογισμοῖς,
1684 3633 1778 3687 καὶ

199 3726 316 3799 αὐτῇ
352 3729 444 3783 τοῦ
475 3730 543 3783 ὲν
570 3730 705 3800 ἡμῖν
734 3727 1047 3798 πνεύματος
1070 3727 1301 3798 δυνάμει
1330 3727 1494 3781 αὐτὸν
1520 3726 1613 3779 τὸν
1644 3725 1779 3779 Θεὸν

199 3818 415 3891 ὐψοῡμεν
455 3821 559 3875 καί
586 3818 949 3891 εὐλογοῦμεν·
983 3819 1191 3891 χείλεσι
1220 3819 1277 3873 δὲ
1303 3819 1399 3871 καὶ
1430 3816 1647 3888 θνητοῖς
1682 3818 1781 3887 ῥή-

204 3927 318 3979 μασι
344 3912 437 3967 τοῦ
465 3912 607 3967 Θεοῦ
646 3910 707 3966 τὺ
743 3912 916 3985 ὄνομα
958 3910 1275 3983 δοξάζομενθ
1317 3911 1416 3964 Aci.
1462 3910 1544 3975 σὲ,
1589 3909 1777 3981 φησὶν,

202 4002 365 4071 ὑμνῶν
406 4005 671 4071 διατελῶ,
722 4005 821 4059 καὶ
875 4004 1136 4076 οὐδεμίαν
1190 4004 1422 4075 ἄμοιρον
1478 4002 1626 4056 ἐάσω
1676 4000 1781 4072 τῆς

204 4093 476 4167 ὓμνφδίας.
503 4096 656 4152 ’Δντὶ
691 4096 749 4151 δὲ
781 4095 900 4162 τοῦ,
925 4098 1013 4162 είς
1043 4098 1152 4150 τὸν
1180 4094 1369 4151 αἰῶνα
1399 4095 1507 4150 τοῦ
1539 4093 1777 4162 αἰῶνος,

202 4184 334 4256 ὁμὲν
373 4189 613 4254 Ἀκύλας
638 4188 847 4256 statim,
882 4192 912 4243 ο
938 4189 996 4244 δι
1034 4190 1331 4263 Σύμμαχος
1359 4181 1653 4259 διηνέκῶς
1680 4192 1781 4261 ἡρ-

209 4279 482 4350 μήνευσαν.
513 4313 587 4325 -
630 4281 925 4337 ’Δκόλουθα
954 4284 1011 4338 δὲ
1039 4284 1220 4339 πάντα
1258 4285 1374 4349 τοῖς
1408 4281 1743 4355 προλαϐοῦσι
1760 4298 1776 4312 ο

208 4372 353 4428 ιίπιὶιν
386 4376 503 4449 τάρ
548 4374 867 4447 εὐλογήσω
918 4376 1018 4431 καὶ
1063 4377 1326 4446 ὑψώσω,
1393 4375 1667 4429 δείκνυσιν
1704 4373 1781 4438 ὡς

208 4464 337 4521 eam
358 4467 510 4541 αὐτῷ
546 4467 905 4542 προστίθησιν
930 4471 965 4541 ή
994 4487 1073 4523 πα
1089 4470 1137 4541 ρ’
1166 4468 1328 4541 ἡμῶν
1350 4467 1599 4540 εὐφημία
1616 4483 1628 4495 ·
1661 4469 1782 4521 εαυ-

1859 592 1955 648 lilii
1988 604 2246 662 tanquam
2275 586 2504 645 novellae
2532 585 2671 641 olet
2700 592 2829 639 sunt
2854 582 3001 637 circa
3032 594 3279 635 mensam
3311 577 3455 645 ejus.

1858 685 1968 742 Sed
2000 684 2308 740 alienorum
2341 697 2371 734 a
2402 679 2514 735 Deo
2562 674 2849 732 hominum
2897 672 3016 737 lilii,
3064 670 3297 727 novella
3332 676 3463 724 sunt

1858 778 2229 848 plantationes
2257 772 2312 827 in
2338 770 2631 841 iuventute
2660 782 2782 824 sua.
2822 766 2889 821 Et
2912 764 3083 834 priori
3115 762 3358 831 quidem,
3392 760 3460 815 li-

1859 868 1947 924 lia
1982 880 2089 921 non
2121 872 2282 930 sunt;
2318 863 2406 918 his
2430 872 2615 915 autem
2662 859 2847 931 specie
2880 856 3110 926 pulchra
3156 861 3214 908 et
3252 862 3462 908 ornatu:

1861 959 2037 1013 instar
2073 953 2282 1025 templi.
2318 951 2493 1007 Priori
2522 957 2650 1005 sunt
2702 946 2799 1002 lilii
2829 946 3108 1011 llliorum;
3144 942 3233 999 his
3256 958 3463 1013 nequa-

1861 1064 2049 1121 quam.
2068 1047 2297 1116 Insuper
2317 1045 2485 1117 priori
2520 1057 2627 1097 non
2659 1048 2745 1097 est
2774 1054 2925 1103 arca,
2958 1051 3137 1109 neque
3166 1037 3459 1100 horreum;

1864 1142 1953 1198 his
1982 1148 2164 1195 autem
2198 1136 2573 1210 promptuaria
2603 1136 2709 1191 hac
2743 1133 2871 1189 illac
2894 1131 3245 1203 perﬂuentia.
3274 1128 3462 1197 Atqui,

1864 1237 2164 1291 secundum
2202 1230 2583 1301 Evangelium,
2632 1228 2757 1285 caeli
2810 1226 3130 1282 volatilibus
3180 1240 3210 1279 a
3248 1222 3465 1278 cmiesti

1867 1328 2032 1383 Patre
2066 1327 2292 1382 nutritis
2345 1340 2453 1380 non
2504 1332 2589 1379 est
2640 1320 3080 1393 promptuarium
3128 1330 3308 1387 neque
3339 1315 3465 1370 hor-

1868 1436 2020 1477 reum
2047 1422 2116 1476 “.
2146 1418 2289 1483 Filii,
2320 1416 2701 1487 intelliguntur
2755 1413 3139 1469 haereticorum
3162 1420 3462 1464 sermones.

1866 1527 2175 1582 eorumque
2209 1518 2520 1565 commenta
2569 1516 2830 1577 tanquam
2895 1518 3050 1558 nova:
3100 1498 3467 1569 plantationes

1868 1608 1937 1663 ob
2000 1606 2078 1661 rei
2138 1605 2464 1660 novitatem.
2522 1601 2699 1666 Filia,
2764 1598 3145 1668 intelliguntur
3203 1592 3467 1649 vocabula

1869 1699 2096 1770 pulchra
2127 1706 2183 1755 et
2205 1707 2401 1753 ornata
2460 1696 2528 1751 ad
2581 1692 2938 1766 loquendum,
2982 1699 3038 1745 et
3083 1687 3249 1742 veluti
3298 1686 3469 1740 fastus

1872 1790 2151 1861 templum.

2078 1881 2243 1936 Vens.
2283 1878 2373 1934 Η.
2416 1878 2539 1933 Non
2567 1888 2640 1931 est
2671 1877 2829 1929 ruina
2857 1874 3125 1938 maceriis,
3156 1882 3261 1926 etc.

1942 1974 2001 2030 In
2028 1974 2131 2032 Job
2164 1988 2381 2043 qunque
2407 1973 2647 2026 dicitur:
2692 1970 2802 2025 Cur
2833 1968 2977 2037 impii
3005 1968 3204 2032 vivunt,
3234 1965 3363 2018 etin
3389 1964 3475 2018 05-

1872 2068 2011 2122 tn'tiis
2034 2074 2409 2121 consenescunt
2442 2062 2525 2117 ⁸⁸2
2563 2074 2619 2117 et
2652 2061 2883 2131 reliqua.
2921 2056 3315 2113 Verumtamen
3344 2056 3474 2110 sub-

1868 2157 2033 2228 ]icit:
2072 2156 2306 2211 Tametsi
2330 2156 2614 2225 impiorum
2643 2154 2861 2207 lucerna
2896 2150 3264 2219 exstinguetur
3290 2146 3357 2201 “.
3408 2146 3476 2199 Et

1876 2253 1930 2307 in
1965 2250 2374 2322 septuagesimo
2398 2248 2641 2303 secundo
2666 2245 2918 2317 psalmo:
2960 2240 3141 2296 Ζειαυὶ
3181 2256 3340 2311 super
3364 2239 3472 2293 ini—

1873 2360 2029 2415 quos,
2057 2357 2241 2409 pacem
2269 2350 2605 2410 peccatorum
2655 2336 2836 2392 uidens
2866 2334 2933 2398 ",
2968 2342 3024 2388 et
3052 2331 3286 2400 reliqua.
3324 2329 3474 2397 Quo-

1875 2451 1998 2491 rum
2033 2433 2234 2491 solutio
2266 2430 2617 2503 subiungitur
2656 2430 2743 2485 his
2778 2428 3005 2483 verbis:
3056 2424 3343 2493 Quomodo
3394 2438 3479 2477 re-

1875 2529 2022 2587 dacti
2052 2537 2185 2585 sunt
2214 2526 2283 2582 ad
2312 2525 2664 2582 solitudinem
2690 2522 2713 2577 ?
2760 2521 2943 2576 subito
2988 2519 3271 2587 perierunt
3296 2514 3366 2572 ob
3395 2516 3479 2569 in-
3558 2557 3560 2561 ν

1876 2620 2345 2679 considerantiam
2420 2634 2599 2676 suam.
2660 2632 2763 2672 ceu
2828 2614 3105 2670 somnium
3166 2608 3481 2681 evigilantis

1876 2726 2064 2773 mente
2099 2714 2305 2770 deﬂuit.

2384 2802 2505 2860 PSA
2520 2801 2711 2860 LMUS
2750 2799 2982 2857 CXLIV.

1950 2898 2138 2969 Neque
2165 2898 2231 2953 ad
2262 2913 2529 2969 organum
2578 2910 2757 2965 neque
2814 2898 2883 2950 ad
2940 2891 3265 2965 psalterium
3302 2892 3482 2947 dictus

1878 2991 1977 3046 fuit
2008 2991 2097 3046 hic
2134 2990 2403 3062 psalmus,
2427 3004 2606 3057 neque
2646 2987 2846 3042 cantici
2885 2996 2978 3040 aut
2996 2984 3293 3056 cujuslibet
3319 2982 3481 3038 metri
3580 3046 3584 3050 Α

1878 3098 2076 3139 nomen
2114 3083 2299 3151 habet,
2332 3080 2427 3136 sed
2461 3080 2605 3136 Laus
2638 3078 2978 3135 inscribitur.

2029 3174 2193 3231 Vsus.
2226 3173 2283 3231 2.
2326 3172 2433 3229 Per
2461 3174 2697 3245 singulos
2731 3175 2843 3227 dies
2874 3170 3175 3226 benedicam
3220 3170 3337 3223 tibi.

1957 3266 2175 3322 Initium
2204 3266 2347 3335 apud
2378 3265 2640 3321 Hebraeos
2671 3263 2963 3333 praesentis
2992 3260 3251 3317 versiculi
3280 3267 3367 3315 est
3392 3259 3485 3315 iit-

1879 3371 1995 3418 tera
2058 3359 2199 3415 beth.
2265 3359 2539 3414 Docemur
2597 3370 2825 3425 autem,
2883 3366 3142 3427 oportere
3221 3365 3486 3423 tanquam

1881 3453 2317 3521 uniuscujusque
2353 3450 2460 3506 diei
2493 3451 2763 3517 debitum,
2815 3450 3081 3522 hymnum
3127 3449 3237 3503 Deo
3280 3445 3491 3516 persol-

1878 3561 2029 3610 vere,
2060 3544 2230 3609 nullo,
2265 3544 2509 3614 inquam,
2543 3544 2629 3599 die
2655 3543 3005 3616 liymnodiam
3042 3542 3286 3596 divinam
3317 3538 3492 3610 negli-

1881 3654 2007 3711 gere
2043 3646 2134 3693 aut
2162 3637 2445 3692 omittere.
2479 3636 2545 3691 Et
2570 3646 2753 3691 mente
2799 3634 3045 3705 quidem,
3099 3643 3154 3688 et
3199 3631 3490 3701 cogitatio-

1882 3733 2069 3799 nibus,
2125 3739 2182 3785 et
2231 3730 2348 3800 ipsa
2393 3728 2624 3800 spiritus
2664 3730 2715 3784 vi
2769 3729 2939 3783 Deum
2969 3726 3287 3783 extollimus
3323 3733 3495 3795 atque

1884 3824 2217 3879 laudamus:
2250 3823 2410 3878 labiis
2440 3837 2573 3877 vero
2613 3832 2668 3877 et
2694 3821 2964 3891 perituris
3009 3819 3197 3875 verbis
3242 3816 3341 3873 Dei
3390 3830 3491 3870 no-

1886 3930 2009 3971 men
2049 3914 2447 3987 glorificamus.
2482 3914 2583 3979 Te,
2620 3914 2822 3984 inquit,
2869 3927 3093 3983 semper
3130 3911 3352 3983 hymnis
3399 3926 3491 3965 ce-

1891 4008 2069 4074 lebro,
2102 4007 2419 4077 nullamque
2468 4007 2611 4062 diem
2668 4006 2879 4075 absque
2927 4005 3221 4077 hymnodia
3269 4013 3493 4075 praeter-

1887 4100 2065 4156 mitto.
2096 4098 2216 4155 iam
2254 4114 2351 4170 pro
2383 4099 2589 4165 verbis,
2627 4100 2682 4153 in
2721 4115 2826 4153 swc
2843 4098 2994 4153 ulum
3052 4096 3258 4163 θαι-νη,
3294 4096 3491 4166 Aquila

1884 4193 2281 4264 interpretatus
2318 4200 2428 4259 est,
2457 4208 2623 4263 usque
2649 4192 2851 4259 adhuc,
2894 4190 3265 4261 Symmachus
3308 4199 3497 4246 autem

1884 4286 2235 4342 continenter.
2264 4316 2336 4325 -
2357 4284 2567 4340 Cuncta
2600 4295 2785 4340 autem
2816 4293 3190 4339 consentanea
3225 4293 3357 4338 sunt
3384 4283 3495 4353 pri-

1882 4377 2093 4434 oribus.
2126 4376 2263 4433 Nam
2292 4392 2417 4433 cum
2476 4378 2699 4443 dixerit,
2737 4376 2977 4432 laudabo
3015 4385 3070 4432 et
3106 4375 3383 4439 exaltabo,
3417 4375 3495 4429 si-

1884 4469 2109 4542 gnificat
2142 4469 2277 4525 nihil
2308 4468 2417 4525 Deo
2444 4470 2569 4525 addi
2611 4484 2642 4524 a
2693 4471 2906 4525 nostris
2949 4469 3221 4525 laudibus.
3269 4466 3493 4525 Nosmet

209 4556 317 4621 τοὺς
344 4558 400 4615 δὲ
444 4560 875 4636 λαμπρύνομεν,
911 4556 1062 4615 αἶνον
1097 4560 1155 4614 δὲ
1194 4562 1274 4625 είς
1302 4559 1395 4613 τὸν
1433 4555 1582 4613 αἶνον
1624 4574 1771 4630 προσ

1891 4563 2074 4634 potius
2123 4562 2489 4627 illustramus,
2542 4564 2671 4617 dum
2715 4560 2935 4619 laudem
2989 4563 3151 4618 laude
3205 4561 3494 4617 connecti-

214 4645 447 4800 ἡψηΚὲ
480 4744 558 4814 τῇ
584 4745 945 4814 δικαιοσύνῃ
972 4760 1089 4801 σου
1120 4744 1621 4815 ἀγηλλιάσονται.

270 4836 358 4891 Διὰ
396 4838 607 4893 τούτων
646 4838 891 4893 διδάσκει
931 4837 1028 4893 τοῦ
1062 4837 1199 4893 Θεοῦ
1246 4838 1345 4903 τὰς
1384 4837 1609 4910 ἀρετάς,
1658 4838 1782 4893 ὅσαι

217 4925 279 4989 εἰς
306 4928 446 5000 ἡμᾶς
480 4930 781 5005 διήκουσιν,
818 4931 912 5000 ἀφ’
947 4924 1025 4985 ὧν
1064 4931 1228 4985 αὐτὸν
1270 4932 1366 4984 καὶ
1405 4929 1782 5003 γνωρίζομεν·

217 5016 297 5081 τὰς
320 5022 426 5093 γὰρ
461 5023 600 5097 ὑπὲρ
621 5024 771 5097 ήμᾶς
802 5021 1151 5095 ἀθεωρήτους
1175 5026 1309 5095 ἡμῖν
1336 5022 1503 5088 οὔσας
1531 5024 1627 5077 καὶ
1654 5023 1785 5078 ἀκα-

218 5107 514 5181 ταλήπτως,
538 5116 638 5185 οὐχ
666 5109 777 5169 οἷόν
808 5114 870 5168 τέ
904 5116 1019 5168 ἐστι
1048 5114 1216 5187 θνητῇ
1250 5114 1411 5185 φύσει
1440 5115 1781 5187 περιλαϐεῖν.

230 5196 322 5254 ’Διὶ
346 5204 404 5257 δὲ
438 5207 520 5269 είς
555 5208 707 5277 ἡμᾶς
746 5206 1047 5277 φθάνουσαι
1081 5206 1177 5260 τοῦ
1232 5206 1369 5260 Θεοῦ
1419 5207 1635 5279 ἀρεταὶ,
1689 5207 1783 5277 ἀφ’

221 5280 281 5343 ὧν
303 5294 457 5351 αὐτὸν
495 5297 863 5370 γινώσκομεν,
900 5301 956 5352 αἱ
988 5299 1164 5369 φωναί
1200 5302 1340 5354 εἰσιν
1366 5295 1545 5357 αὗται.

282 5612 319 5644 ⁵⁸
345 5613 530 5674 Matth.
568 5632 639 5679 vi,
677 5616 768 5671 26.
847 5617 893 5648 "
920 5615 1023 5673 Job
1048 5634 1160 5683 ιιι,
1189 5616 1239 5669 ’7.

286 5800 381 5875 αθ)
412 5802 615 5875 Nempe
644 5793 907 5869 σβ-θκι,
941 5808 995 5859 in
1020 5808 1161 5860 omni
1182 5808 1285 5862 die.

2116 4744 2284 4801 Vsus.
2320 4745 2375 4799 7.
2415 4744 2486 4800 Et
2518 4748 2733 4817 Justitia
2775 4758 2865 4801 tua
2916 4747 3275 4802 exsultabant.

1963 4837 2059 4894 His
2082 4839 2267 4894 verbis
2294 4838 2538 4894 declarat
2568 4839 2660 4895 Dei
2695 4841 2948 4908 virtutes,
2982 4848 3258 4912 quatenus
3286 4838 3353 4893 ad
3391 4854 3492 4894 nos

1892 4930 2212 4996 deveniunt,
2242 4945 2311 4985 ex
2334 4932 2536 5001 quibus
2571 4934 2824 4987 eumdem
2856 4933 3244 5002 cognoscimus
3273 4951 3287 4999 ;
3323 4932 3491 4987 virtu-

1894 5034 1999 5090 tes,
2061 5023 2308 5094 inquam,
2355 5023 2516 5081 nobis
2568 5025 2907 5095 superiores,
2960 5025 3267 5081 invisibiles
3308 5033 3364 5079 et
3401 5024 3492 5078 in-

1893 5116 2446 5187 comprehensibiies,
2522 5133 2663 5187 quas
2733 5117 2981 5174 mortalis
3050 5131 3241 5173 natura
3310 5128 3498 5171 mente

1893 5209 2185 5281 complecti
2214 5211 2427 5280 nequit.
2497 5211 2757 5269 Attamen
2822 5211 2914 5268 Dei
2968 5213 3201 5267 virtutes
3231 5219 3497 5281 perpetuo

1895 5300 1961 5356 ad
2005 5317 2109 5358 nos
2140 5304 2520 5371 decurrentes,
2564 5322 2632 5360 ex
2666 5307 2874 5377 quibus
2920 5322 3044 5363 eum
3088 5305 3495 5377 cognoscin)“.

1895 5394 1976 5449 lia:
2006 5394 2231 5450 totidem
2262 5412 2432 5454 vaces
2457 5409 2609 5454 sunt.

1318 5618 1363 5650 “
1391 5618 1521 5673 ibid.
1557 5618 1641 5671 i7.
1721 5618 1765 5649 ⁸⁷
1826 5618 1971 5675 Psal.
2025 5636 2193 5689 tun,
2232 5624 2287 5676 3.

286 5873 797 5945 (1|)0hservemus,
838 5887 974 5934 teste
1008 5877 1261 5947 Eusebio,
1314 5878 1624 5949 liymnodia:
1648 5879 1980 5949 quotidianus
2012 5879 2064 5936 in
2098 5879 2340 5937 Ecclesia
2375 5879 2849 5937 consuetudinem.
