4100 6286
630 383 699 442 59
1298 368 1568 428 EUSFBII
1605 359 2091 422 CESARIENSIS
2125 358 2280 417 OPP.
2323 353 2501 414 PARS
2539 352 2630 410 Ill.
2656 383 2727 395 —
2765 348 3182 408 EXEGETICA.
3815 347 3891 398 60

737 501 901 556 Vna.
928 496 982 552 8.
1014 487 1702 632 Ιὶεενοιοτΐέἶὶἓιέςενίωη
1734 485 2015 549 Dominus,
2043 489 2102 538 et

697 663 832 719 Cum
866 658 998 715 nihil
1027 671 1125 716 nos
1147 667 1414 717 mnus,
1439 660 1619 721 neque
1649 648 1827 705 adhuc
1847 643 2199 707 exsistentes,

630 755 684 811 in
714 753 892 807 lucem
921 745 1173 820 protulit.
1207 742 1414 800 Deinde
1441 756 1612 813 prava
1647 739 1816 796 multa
1847 743 2099 808 agentes,
2145 741 2203 789 et

628 843 864 915 superbo
888 846 1202 909 contemptu
1224 837 1492 902 viventes,
1524 850 1632 890 non
1656 847 1755 904 pro
1783 827 1992 885 meritis
2014 840 2204 897 perse-

627 937 836 1008 quitur,
883 932 977 991 sed
1011 931 1325 994 miseretur,
1351 927 1556 997 diuque
1596 939 1696 982 nos
1737 930 1900 979 vocat
1931 919 1999 976 ad
2027 918 2204 992 pomi-

632 1027 879 1093 teatiam,
910 1022 1036 1094 quia
1064 1028 1295 1076 mortem
1323 1017 1631 1089 peccatoris
1658 1029 1763 1071 non
1793 1011 1934 1079 vult,
1963 1011 2058 1068 sed
2087 1026 2203 1068 ma-

629 1118 715 1188 gis
735 1117 855 1189 eius
879 1111 1282 1185 panitentiam.
1333 1107 1519 1180 Neque
1552 1109 1627 1164 ita
1654 1121 1784 1179 erga
1832 1119 1962 1161 suos
1991 1112 2200 1160 tantum

632 1224 694 1264 se
713 1207 871 1280 gerit,
899 1205 997 1262 sed
1027 1219 1160 1276 erga
1187 1215 1378 1259 omnes
1401 1199 1668 1264 omnino;
1695 1205 1782 1253 est
1806 1195 1956 1253 enim
1989 1193 2203 1250 cunctis

630 1300 914 1371 benignus.

664 1476 829 1534 Vna.
863 1476 918 1533 θ.
952 1474 1021 1531 Et
1053 1472 1565 1594 missretiopesdejss
1597 1483 1754 1537 super
1798 1463 1976 1521 omnia
2006 1478 2166 1533 opera

1282 1557 1398 1594 eius
1441 1556 1545 1594 ent.

1282 1556 1545 1609 ejusdem.

697 1635 966 1705 Quoniam
1015 1633 1394 1692 miserationes
1445 1629 1565 1701 ejus
1621 1626 1840 1685 cunctis
1904 1623 2202 1697 pmvalent

626 1727 871 1797 ejusdem
897 1727 1175 1798 operibus,
1210 1729 1612 1792 consequenter
1655 1719 1860 1776 dictum
1906 1725 2027 1773 est:
2057 1715 2200 1771 Con-

2227 480 2274 540 Α
2295 477 2627 546 οἰκτίρμων
2649 474 2749 529 καὶ
2770 472 3046 542 ἐλεήμων
3067 471 3101 524 ὁ
3121 469 3358 538 Κύριος,
3383 463 3565 521 καὶτὰ
3593 461 3884 519 ἀκόλουθα.

2371 629 2463 701 Μὴ
2489 627 2600 699 γάρ
2640 627 2803 692 ὄντας
2829 626 3004 697 ἡμᾶς,
3031 621 3168 695 μηδὶ
3197 620 3536 690 ὑφεστῶτας,
3562 619 3884 694 παρήγαγεν

2299 721 2380 786 είς
2410 719 2527 789 φῶς
2544 735 2560 751 ο
2602 714 2723 776 εἶτα
2750 715 2922 772 πολλά
2952 714 3198 788 δρῶντας
3237 712 3388 768 κακά
3417 713 3512 768 καὶ
3543 727 3887 783 καταφρονητ-

2297 812 2467 878 τικῶς
2515 811 2738 884 ἔχοντας
2792 809 2992 873 αὐτοὺς
3037 809 3101 863 οὐ
3156 805 3480 880 μετέρχεται
3527 805 3648 858 κατ’
3688 802 3848 870 ἀξίαν
3865 817 3883 836 ο

2298 905 2391 977 έμ.
2421 942 2437 960 .
2463 903 2521 958 δέ
2546 904 2708 968 litui,
2736 900 2874 957 ἀλλά
2901 901 2998 957 καὶ
3034 898 3383 973 μακροθυμεῖ
3406 894 3885 970 προσκαλούμενος

2298 995 2449 1068 ἡμᾶς
2476 996 2560 1060 είς
2595 992 2906 1067 μετάνοιαν.
2941 989 3033 1044 διὰ
3062 989 3125 1043 τὸ
3161 988 3238 1061 μὴ
3279 985 3566 1058 βούλεσθαι
3591 984 3686 1040 τὸν
3721 985 3889 1040 θάνα-

2298 1104 2389 1142 τον
2435 1087 2532 1142 τοῦ
2578 1081 2927 1159 ἀμαρτωλοῦ,
2974 1082 3053 1147 ὡς
3091 1080 3192 1154 τὴν
3239 1080 3532 1152 μετάνοιαν
3579 1075 3772 1134 αὑτοῦ·
3821 1076 3885 1132 ού

2303 1174 2461 1248 μόνον
2497 1176 2556 1231 δὲ
2599 1173 2728 1247 περὶ
2773 1172 2902 1238 τοὺς
2932 1170 3169 1235 οἰκείους
3209 1166 3369 1224 τοῦτό
3411 1169 3596 1233 έστιν,
3626 1164 3762 1222 ἀλλά
3787 1164 3890 1220 καὶ

2300 1267 2431 1340 περὶ
2479 1266 2689 1330 πάντας
2744 1263 3116 1330 ἁπαξαπλῶς,
3173 1259 3300 1316 επεὶ
3346 1258 3442 1314 καὶ
3486 1258 3722 1332 χρηστός
3766 1257 3890 1310 έστι

2298 1359 2413 1423 τοῖς
2447 1356 2749 1430 σύμπασιν.

2298 1449 2411 1506 Καί
2443 1452 2500 1504 οι
2528 1447 2817 1520 οίκτιρμοί
2848 1445 3035 1503 αὐτοῦ
3059 1442 3160 1500 ἐπὶ
3186 1442 3385 1498 πάντα
3410 1438 3487 1495 τὰ
3509 1439 3658 1511 ἔργα
3676 1437 3888 1496 αὐτοῦ.

2384 1623 2608 1697 Ἐπειδὴ
2644 1625 2696 1679 οί
2739 1621 3018 1695 οίκτιρμοὶ
3060 1615 3226 1676 αὑτοῦ
3273 1618 3366 1672 έπὶ
3408 1614 3588 1671 πάντα
3636 1613 3706 1669 τὰ
3748 1612 3894 1687 ἔργα

2301 1716 2491 1777 αὐτοῦ.
2527 1717 2841 1782 ἀκολούθως
2865 1715 3118 1771 λέλεκται
3135 1728 3151 1744 ο
3191 1706 3893 1782 Ἐεομολοτησάσθωσόν

625 1795 884 1890 fitentur
914 1795 1009 1873 tibi
1037 1818 1095 1872 iss
1119 1817 1295 1871 omnis
1325 1828 1485 1885 opera
1523 1822 1636 1867 tua.
1692 1810 1933 1866 Debetur
1959 1807 2010 1864 ei
2047 1807 2198 1863 insu-

2300 1821 2401 1863 σοι
2433 1807 2634 1863 πάντα
2671 1807 2754 1880 τάκ
2784 1806 2930 1877 ἔργα
2973 1817 3123 1891 vary
3170 1799 3588 1891 προσοφείλεται
3630 1796 3783 1891 αύτῶ
3812 1795 3892 1859 ὡς

626 1887 748 1982 per,
772 1923 833 1966 ut
861 1913 990 1978 ipsa:
1013 1924 1136 1979 qua:
1163 1906 1435 1963 inanimes
1467 1902 1852 1959 existimantur
1909 1907 2196 1965 creatura,

2300 1899 2397 1955 καὶ
2425 1898 2566 1953 αύτά
2585 1898 2655 1952 τά
2683 1895 3019 1969 νομιζόμενα
3045 1889 3187 1948 εἶναι
3211 1892 3417 1963 ἀψυχα,
3455 1889 3639 1961 φωνὴν
3661 1887 3895 1982 ἀφιέντα

624 2018 761 2059 voce
785 2001 1174 2074 propemodum
1205 1998 1401 2053 emissa
1434 1995 1640 2066 gratias
1670 1993 1720 2048 ei
1761 2002 1950 2065 agant,
1974 2000 2036 2076 et
2062 2006 2196 2046 con-

625 2092 888 2148 ﬁteantur
915 2089 1153 2146 creatori
1203 2102 1328 2146 suo.
1373 2084 1675 2155 Participat
1699 2082 1846 2138 enim
1875 2080 2198 2151 sapientiam

623 2183 745 2253 eius
769 2197 1106 2254 unaquaeque
1125 2182 1195 2236 ab
1212 2194 1280 2238 eo
1309 2178 1460 2234 varie
1481 2184 1801 2232 constructa
1835 2183 2114 2236 creatura,
2145 2181 2202 2227 et

624 2276 736 2331 vim
768 2273 1065 2331 creationis
1101 2269 1339 2329 mirabili
1378 2269 1614 2324 artiﬁcio
1641 2267 1827 2324 sentit.
1875 2262 2202 2336 Specialiter

624 2379 755 2423 vero
782 2364 1164 2436 pracipueque
1192 2361 1368 2419 sancti
1400 2360 1522 2431 eius
1553 2359 1814 2430 majorem
1865 2356 2042 2413 laudis
2086 2369 2202 2425 par-

626 2467 735 2514 tem
765 2456 1115 2513 retribnunt:
1147 2469 1273 2510 nam
1297 2454 1367 2509 iis
1399 2468 1521 2524 qua:
1543 2451 1786 2522 cogitant
1822 2459 1990 2520 atque
2013 2455 2197 2518 agunt,

625 2563 851 2619 regnum
877 2547 996 2617 ejus
1021 2548 1346 2618 pradicant,
1380 2546 1435 2600 in
1483 2553 1829 2600 antecessum
1879 2541 1933 2596 id
1973 2537 2202 2594 manife-

626 2648 861 2705 stantes,
887 2648 946 2695 ut
981 2647 1244 2709 tanquam
1271 2637 1321 2694 ei
1357 2637 1674 2699 militantes,
1706 2632 1878 2703 gloria
1905 2632 2015 2687 sint
2047 2629 2199 2700 regni

627 2732 768 2800 ejus.
806 2729 1191 2787 Praedicabunt
1240 2731 1369 2786 item
1415 2726 1830 2784 connaturalem
1872 2740 2043 2798 regno
2081 2725 2201 2794 eius

624 2823 988 2888 dominatum,
1015 2832 1070 2878 et
1094 2822 1240 2894 quod
1291 2835 1630 2892 unaquaeque
1660 2829 1912 2877 creatura
1949 2818 2204 2874 ordinate

624 2915 676 2970 ei
710 2914 919 2971 subest.
955 2913 1088 2971 Cum
1130 2915 1243 2970 sint
1291 2912 1540 2971 benevoli
1591 2913 1646 2967 bi
1679 2910 1771 2982 qui
1805 2909 1977 2982 gratia
2009 2917 2097 2964 tua
2132 2909 2202 2965 ad

625 3015 680 3062 te
711 3021 810 3077 per
830 3007 1178 3062 sanctitatem
1202 3004 1456 3061 conversi
1486 3011 1633 3070 sunt,
1667 3004 1812 3059 bona
1845 3017 1943 3057 sua
1973 3001 2095 3058 sine
2122 3000 2200 3056 in-

623 3095 771 3151 vidia
813 3097 1223 3152 communicant
1274 3109 1375 3166 per
1429 3094 1805 3166 magisterium
1855 3092 1983 3149 ﬁliis
2025 3091 2203 3148 homi-

2303 1992 2586 2063 μονονουχὶ
2628 1990 2974 2062 εὐχαριστεῖν
3024 1986 3119 2042 καὶ
3161 1982 3601 2057 ἐξομολογεῖσθαι
3639 1980 3719 2052 τῷ
3763 1996 3892 2034 ποι-

2300 2084 2494 2155 ήσαντι
2526 2082 2690 2138 αὐτά.
2713 2080 2953 2153 Μετέχει
2984 2079 3094 2152 γάρ
3118 2077 3220 2148 τῆς
3243 2075 3413 2131 αὐτοῦ
3443 2075 3636 2145 σοφίας
3660 2074 3904 2129 tunc»

2300 2175 2467 2230 αὐτοῦ
2509 2175 2620 2230 τῶν
2668 2175 2847 2248 ιργων
2897 2172 3161 2239 ποικίλως
3212 2168 3742 2240 κατεσκευασμένον,
3792 2168 3894 2224 καὶ

2301 2267 2592 2335 πανσόφως
2658 2267 2884 2339 μετέχον
2953 2264 3056 2337 τῆς
3111 2261 3513 2337 δημιουργικῆς
3568 2260 3891 2332 δυνάμεως·

2299 2357 2700 2430 ἀφωρισμένως
2756 2358 2815 2413 δὲ
2858 2357 2954 2417 καὶ
3007 2356 3304 2436 ἐξαιρέτως
3335 2358 3384 2410 oi
3429 2357 3569 2410 ὅσιοι
3618 2353 3782 2432 αὐτοῦ
3827 2352 3897 2408 τὸ

2301 2451 2488 2524 μεῖζον
2526 2451 2629 2521 τῆς
2675 2450 3121 2524 έξομολογήσεως
3166 2449 3477 2505 ἀποδιδόασι
3500 2466 3515 2480 ·
3563 2448 3632 2503 δι’
3663 2440 3737 2503 ὧν
3778 2445 3896 2520 γὰρ

2300 2543 2559 2618 φρονοῦσι
2606 2545 2701 2598 καὶ
2737 2543 3056 2616 πράττουσι,
3083 2541 3183 2615 τὴν
3211 2541 3486 2613 βασιλείαν
3525 2539 3692 2596 αὑτοῦ
3737 2539 3898 2613 6905-

2302 2655 2408 2703 σιν,
2439 2638 2831 2709 ἐμφανίζοντες
2865 2635 3300 2709 προγευστικῶς,
3333 2635 3409 2700 ὡς
3445 2633 3896 2712 αύτῷιστρατευ-

2301 2733 2528 2804 σάμενοι
2558 2728 2718 2796 δόξαν
2746 2725 2887 2785 εἶναι
2920 2730 3020 2802 τῆς
3059 2728 3340 2801 βασιλείας
3368 2725 3535 2783 αὐτοῦ
3553 2745 3568 2760 ·
3595 2726 3896 2799 λαλήσουσι

2299 2825 2359 2880 δὲ
2401 2824 2495 2878 καὶ
2539 2822 2764 2896 συμφυῆ
2802 2821 3121 2878 δυναστείαν
3153 2823 3221 2894 τῇ
3259 2821 3531 2894 βασιλείᾳ,
3578 2821 3654 2887 ὡς
3682 2820 3898 2875 ἕκαστα

2298 2913 2408 2969 τῶν
2432 2912 2747 2984 κτισμάτων
2777 2911 3092 2984 τεταμένως
3128 2909 3280 2982 αὐτῷ
3311 2909 3676 2964 ὑποτέτακται
3695 2927 3709 2941 ·
3737 2909 3899 2975 ὄντες

2302 3004 2676 3078 φιλάνθρωποι
2703 3005 2753 3058 οἱ
2783 3002 2885 3074 τῆς
2917 3003 3056 3075 πρδς
3081 3002 3144 3058 σὲ
3172 3003 3269 3057 καὶ
3299 3002 3452 3073 παρὰ
3477 3000 3573 3056 σοῦ
3611 3001 3898 3071 ὁσιότητος

2304 3095 2782 3170 μεταποιούμενοι,
2821 3093 3073 3165 ἀφθόνως
3109 3087 3184 3150 ὧν
3214 3093 3373 3165 ἔσχον
3400 3092 3625 3162 ἀγαθῶν
3671 3092 3895 3164 μεταδι-

627 3201 781 3244 num.
836 3186 1040 3243 Rerum
1096 3187 1495 3253 tantummodo,
1537 3200 1660 3257 qua
1703 3186 2000 3241 humanam
2030 3183 2201 3239 vitam

2300 3191 2454 3245 δόασι
2502 3191 2618 3252 τοῖς
2659 3187 2771 3242 τῶν
2803 3185 3110 3259 ἀνθρώπων
3151 3185 3288 3250 υίοῖς
3320 3183 3744 3248 διδασκαλικῶς·
3793 3183 3900 3256 μό-

623 3279 920 3340 excedunt.
949 3278 1212 3349 magister
1253 3288 1420 3349 atque
1450 3285 1768 3332 antecessor
1794 3274 2049 3331 Christus
2078 3282 2203 3340 est;

2299 3299 2406 3337 νων
2434 3280 2546 3354 γάρ
2576 3279 2686 3335 τῶν
2728 3279 2828 3350 τὴν
2859 3276 3208 3352 ἀνθρωπίνην
3241 3277 3388 3350 ζωὴν
3415 3274 3901 3349 ὑπεραναδεόηκό-

626 3384 753 3425 cum
785 3369 821 3424 ii
851 3369 948 3440 qui
979 3370 1159 3425 adhuc
1185 3368 1280 3424 ﬁlii
1311 3369 1593 3425 hominum
1619 3376 1799 3432 erant,
1845 3366 2092 3436 magistri
2118 3379 2204 3421 es-

2298 3391 2407 3429 των
2447 3373 2770 3436 διδάσκαλος
2810 3369 2905 3425 καὶ
2939 3369 3259 3444 καθηγητὴς
3299 3372 3328 3425 6
3370 3369 3627 3443 Χριστὸς,
3665 3368 3777 3423 τῶν
3809 3369 3898 3422 ἔτι

624 3470 746 3518 sent
773 3458 954 3519 eﬁecti
995 3461 1160 3519 abiis
1197 3476 1339 3533 quos
1387 3461 1507 3534 ipse
1554 3459 1815 3517 Christus
1861 3461 2200 3514 erudiverat.

2298 3462 2677 3535 τυγχανόντων
2712 3459 2848 3514 υἱῶν
2881 3460 3187 3533 ἀνθρώπων
3217 3460 3556 3516 διδασκάλων
3587 3458 3899 3533 γινομένων

624 3551 827 3610 Paulus
853 3553 1024 3626 igitur
1056 3569 1162 3610 non
1212 3553 1280 3610 ab
1304 3553 1639 3619 hominibus,
1675 3561 1772 3608 aut
1799 3566 1901 3620 per
1926 3551 2202 3616 homines,

2300 3554 2408 3608 ύπδ
2433 3553 2546 3609 τῶν
2579 3553 2685 3608 ὑπὸ
2720 3552 2960 3625 Χριστοῦ
2990 3551 3440 3626 πεπαιδευμένων
3458 3570 3473 3584 ο
3516 3551 3731 3617 Παῦλος
3758 3552 3900 3622 γοῦν

625 3643 723 3700 sed
749 3659 782 3698 a
809 3644 1147 3702 revelatione
1175 3644 1304 3702 Jesu
1331 3643 1534 3702 Christi
1568 3653 1794 3716 accepto
1821 3641 2196 3715 Evangelia“,

2301 3651 2332 3706 6
2362 3649 2439 3721 μὴ
2471 3644 2626 3719 παρά
2650 3644 2954 3719 ἀνθρώπων
2971 3644 3037 3716 ,ἢ
3053 3644 3120 3699 δι’
3145 3642 3471 3718 ἀνθρώπων,
3496 3645 3636 3704 ἀλλὰ
3659 3645 3727 3700 δι’
3755 3647 3892 3701 ἀπο.

628 3734 793 3805 idque
825 3734 1074 3805 edoctus,
1129 3735 1374 3807 gentium
1426 3735 1618 3794 doctor
1645 3735 1702 3792 in
1731 3733 1836 3789 ﬁde
1883 3748 1950 3790 ac
1976 3734 2204 3790 veritate

2303 3737 2590 3811 καλύψεως
2618 3735 2793 3808 Ἰησοῦ
2814 3734 3052 3809 Χριστοῦ
3075 3751 3154 3788 πα
3161 3733 3412 3809 ραλαῦὼν
3431 3736 3524 3790 καὶ
3541 3735 3813 3808 διδαχθεὶς
3833 3738 3903 3792 τὸ

626 3827 818 3883 evasit.
850 3825 991 3896 Quin
1016 3827 1154 3884 adeo
1188 3825 1455 3888 Servator
1495 3827 1614 3898 ipsc
1659 3825 1811 3882 misit
1833 3826 2106 3896 apostolos
2135 3826 2202 3882 ad

2305 3827 2659 3900 Εὑαγγέλιον,
2681 3826 3002 3891 διδάσκαλος
3023 3825 3194 3881 ἐθνῶν
3217 3828 3277 3881 έν
3297 3827 3480 3881 πίστει
3515 3829 3610 3883 καὶ
3628 3828 3862 3903 ἀληθεία
3876 3849 3895 3862 ·

625 3919 902 3977 docendas
951 3931 1175 3992 gentes;
1228 3932 1369 3990 quos
1413 3926 1578 3974 antea
1628 3926 1917 3974 monuerat
1945 3931 2200 3987 nequem

2307 3918 2498 3991 ἀμέλει
2525 3917 2658 3989 γοῦν
2699 3917 2796 3974 καὶ
2826 3917 2994 3981 αὐτὸς
3023 3918 3053 3972 6
3077 3919 3271 3991 Σωτὴρ
3295 3919 3571 3995 έκπέμπει
3601 3920 3729 3985 τοὺς
3763 3921 3908 3976 ἀπο-

627 4010 949 4082 magistrum
1004 4012 1060 4067 in
1103 4019 1251 4066 terra
1286 4008 1649 4080 appellarent.
1693 4009 1826 4077 Qua
1866 4023 1996 4081 ergo
2039 4009 2110 4066 ab
2135 4014 2203 4066 eo

628 4102 810 4156 sancti
841 4101 1078 4166 discunt,
1111 4102 1228 4158 bac
1257 4100 1385 4156 ﬁliis
1413 4100 1700 4157 hominum
1732 4102 2041 4158 notiﬁcant.

2309 4011 2530 4076 στόλους
2557 4011 2652 4066 ἐπὶ
2677 4010 2756 4084 τῷ
2788 4009 3130 4084 μαθητεῦσαι
3153 4011 3332 4067 πάντα
3358 4010 3431 4066 τὰ
3455 4011 3605 4084 έθνη,
3628 4013 3904 4086 πρότερον

2307 4103 2604 4168 παιδεύσας
2623 4103 2824 4168 αὐτοὺς
2847 4102 2925 4176 μὴ
2947 4102 3138 4158 καλεῖν
3165 4102 3487 4164 διδάσκαλον
3512 4105 3609 4160 ἐπὶ
3631 4105 3736 4180 τῆς
3755 4107 3896 4180 γῆς.

626 4190 664 4246 ἀ
693 4190 870 4246 τοίνυν
891 4210 1007 4265 παρ
1045 4193 1210 4249 αὐτοῦ
1244 4192 1604 4266 μανθάνουσιν
1641 4195 1693 4249 οι
1729 4195 1888 4263 ὅσιοι,
1913 4195 2240 4269 γνωρίζουσι
2258 4197 2372 4261 τοῖς
2404 4194 2513 4250 τῶν
2540 4195 2846 4268 ἀνθρώπων
2872 4197 3028 4262 υἱοῖς.

698 4307 867 4365 Vsus.
903 4309 994 4364 14.
1033 4307 1236 4366 Fidelis
1275 4308 1537 4365 Dominus
1565 4312 1620 4366 in
1642 4313 1972 4369 sermonibus
1995 4317 2129 4370 suis.

699 4419 904 4478 Fidelis
947 4422 1113 4487 Deus,
1150 4438 1258 4479 non
1305 4425 1459 4496 quasi
1498 4424 1660 4482 ﬁdem
1704 4426 2062 4497 participans,
2104 4425 2200 4482 sed

2506 4311 2728 4376 Πιστὸς
2754 4311 2972 4381 Κύριος
2997 4311 3069 4367 ἐν
3090 4310 3218 4381 τοῖς
3241 4314 3451 4384 λόγοις
3479 4313 3688 4371 αὐτοῦ.

2378 4421 2574 4487 Πιστὸς
2609 4422 2668 4476 δὲ
2699 4423 2729 4477 6
2763 4421 2899 4487 Θεὸς
2938 4422 3039 4494 οὐχ
3075 4422 3153 4487 ὡς
3194 4421 3440 4495 μετέχων
3472 4425 3743 4488 πίστεως,
3775 4422 3904 4479 ἀλλ’

549 4542 555 4548 -
627 4514 757 4585 quia
812 4513 919 4570 ﬁde
974 4513 1171 4585 dignus
1215 4515 1441 4572 dicitur.
1492 4518 1700 4574 Cuncta
1724 4519 1871 4572 enim
1895 4533 2015 4588 qua:
2040 4517 2199 4583 dicit,

2303 4512 2378 4577 ὡς
2408 4511 2721 4579 ἀξιόπιστος
2757 4513 3003 4587 εἴρηταιο
3034 4514 3216 4569 πάντα
3257 4515 3373 4588 γὰρ
3403 4515 3442 4571 ἀ
3477 4517 3628 4586 λέγει
3657 4517 3899 4587 γίνεταιο

628 4613 788 4673 nunt,
812 4603 967 4674 juxta
995 4605 1128 4662 illud
1161 4625 1176 4662 :
1220 4605 1343 4678 Ipse
1372 4609 1544 4664 dixit:
1575 4606 1769 4663 Nonne
1795 4607 1978 4678 faciet,
2005 4617 2055 4663 et
2095 4625 2201 4663 non

627 4698 863 4752 manebit
901 4696 987 4752 ”?
1013 4698 1237 4770 Insuper
1277 4699 1451 4756 illud:
1493 4699 1695 4757 Caluus
1756 4709 1808 4756 et
1850 4711 1992 4755 terra
2023 4710 2203 4756 trans-

627 4789 1083 4856 ibant,serntones
1110 4801 1286 4846 autem
1312 4791 1410 4846 mei
1433 4807 1537 4847 non
1558 4791 1988 4862 prwteribunt".
2017 4790 2202 4847 Justus

629 4879 759 4935 item
791 4888 898 4949 est,
937 4891 1205 4952 quatenus
1233 4883 1859 4960 impertituricreaturis
1903 4885 2016 4940 suis
2040 4884 2204 4954 justi-

630 4973 802 5029 tiam:
852 4973 1014 5029 sicuti
1051 4975 1220 5031 etiam
1267 4945 1490 5031 sandtus
1524 4947 1578 5032 iri
1612 4975 1702 5042 iis,
1733 4976 1824 5046 qui
1854 4945 2202 5032 sanctiiatem

628 5063 752 5134 eius
771 5064 1120 5135 participant.
1162 5067 1403 5148 Denique
1443 5066 1709 5137 sapientia
1752 5069 2012 5125 Servator
2035 5079 2121 5125 est
2149 5068 2202 5123 in

516 5164 524 5169 '
630 5169 723 5216 no.
748 5159 840 5227 qui
868 5156 1046 5213 instar
1068 5155 1184 5227 ejus
1207 5159 1481 5230 sapientes
1509 5169 1653 5218 sunt.

631 5244 797 5303 Vna.
833 5247 923 5304 15.
962 5247 1043 5305 Tu
1065 5249 1162 5304 das
1184 5249 1597 5313 escawillorum
1628 5260 1858 5321 tempore
1880 5261 2198 5321 opportuno.

707 5337 797 5391 Ait
820 5338 986 5394 etiam
1012 5340 1280 5396 Eusebius
1304 5342 1474 5397 Deum
1502 5357 1610 5396 non
1633 5349 1844 5396 tantum
1871 5357 1995 5399 esse
2019 5341 2204 5413 lapso-

635 5439 759 5483 rum
802 5430 1072 5488 medicum
1114 5441 1173 5490 et
1217 5433 1623 5490 contractarum
1660 5443 1998 5503 sanatorem,
2023 5440 2118 5493 sed
2149 5444 2206 5492 et

2304 4606 2445 4660 κατά
2473 4606 2554 4672 τὺ,
2587 4605 2783 4674 Αὐτὸς
2810 4602 3002 4661 εἶπεν
3032 4605 3182 4677 Οὐχί
3215 4607 3459 4675 ποιήσει
3490 4609 3591 4664 καὶ
3621 4610 3760 4681 οὐχί
3790 4611 3905 4682 έμ-

2296 4699 2498 4770 μενεῐ;
2519 4700 2671 4770 λέγει
2691 4701 2750 4756 δὲ
2782 4703 2879 4755 καὶ
2909 4702 2991 4756 τό·
3031 4701 3094 4756 '0
3123 4701 3382 4771 οὐρανὸς
3413 4701 3514 4757 καί
3545 4703 3586 4773 ἡ
3626 4701 3706 4774 τῆ
3743 4717 3904 4776 παρ-

2307 4793 2643 4860 ελεύσεται,
2691 4796 2746 4849 οι
2798 4793 2868 4848 δὲ
2899 4795 3070 4866 λόγοι
3102 4811 3225 4865 μου
3265 4795 3339 4850 οὐ
3384 4796 3473 4867 μὴ
3521 4795 3894 4867 παρέλθωσι.

2303 4885 2414 4938 Καὶ
2455 4886 2602 4950 ὅσιος
2637 4885 2717 4951 δὲ,
2753 4885 2829 4951 ὡς
2883 4888 3162 4959 ὁσιότητος
3202 4887 3520 4958 μεταδιδοὺς
3558 4892 3672 4951 τοῖς
3706 4889 3902 4962 έργοις

2308 4977 2494 5030 αὑτοῦ·
2531 4977 2725 5051 ὥσπερ
2757 4977 2854 5032 καὶ
2886 4978 3040 5047 ἀγιος
3069 4980 3127 5032 ὲν
3147 4981 3264 5045 τοῖς
3295 4978 3584 5052 μετέχουσι
3616 4981 3718 5054 τῆς
3746 4982 3903 5051 ἀγιό-

2307 5082 2469 5137 τητος
2509 5067 2676 5122 αὑτοῦ
2696 5085 2710 5098 ·
2748 5068 2843 5122 καὶ
2871 5067 3034 5139 σοφία
3059 5069 3210 5123 ἐστὶν
3237 5069 3270 5123 6
3300 5069 3494 5144 Σωτὴρ
3528 5072 3588 5124 ὲν
3623 5074 3739 5136 τοῖς
3769 5073 3899 5127 κατ’

2309 5160 2470 5214 αὐτὸν
2501 5163 2706 5231 σοφοῖς.

2413 5253 2496 5306 Σὺ
2533 5253 2713 5320 δίδως
2751 5251 2865 5322 τὴν
2898 5253 3130 5325 τροφὴν
3159 5253 3361 5310 αὐτῶν
3385 5255 3456 5309 ὲν
3489 5256 3778 5326 εὐκαιρίᾳ.

2376 5344 2513 5415 Φησὶ
2559 5344 2618 5399 δὲ
2646 5346 2742 5399 καὶ
2775 5347 2806 5399 ό
2831 5345 3089 5410 Εὐσέϐιος
3128 5346 3264 5418 (82),
3294 5347 3371 5410 ὡς
3405 5346 3467 5400 οὐ
3508 5345 3671 5418 μόνον
3705 5348 3900 5419 ἱατρός

2281 5435 2284 5438 ’
2310 5437 2456 5491 ἐστιν
2484 5440 2512 5493 6
2542 5437 2674 5503 Θεὸς
2712 5437 2822 5492 τῶν
2851 5439 3243 5506 πεπτωκότων,
3276 5441 3373 5494 καὶ
3405 5439 3751 5513 θεραπευτής
3779 5440 3899 5495 τῶν

743 5609 931 5668 “Gal.
963 5630 1006 5680 ι,
1049 5614 1102 5672 1.
1174 5614 1383 5673 "Num.
1422 5616 1702 5686 “111,19.
1770 5616 1818 5650 "
1866 5615 2000 5677 Luc.
2051 5633 2171 5686 xxI,
2211 5619 2302 5676 35.

605 5731 644 5758 ·’
712 5747 827 5816 (τε)
868 5748 1088 5807 Eusebii
1128 5767 1324 5809 nomen
1356 5754 1408 5809 in
1455 5753 1739 5811 codicibus
1775 5769 1914 5824 quos
1950 5755 2203 5812 adhibui-

643 5836 762 5876 mus
801 5832 1115 5880 constanter
1165 5825 1218 5879 in
1276 5826 1614 5897 marginibus
1660 5826 1920 5883 scribitur
1968 5830 2207 5884 omnium

2311 5769 2433 5825 quae
2457 5755 2728 5827 edidimus
2749 5754 3203 5827 lragmentorum.
3230 5754 3346 5813 Hoc
3404 5765 3588 5812 tamen
3627 5755 3747 5812 loco
3788 5773 3873 5813 au

2317 5837 2436 5884 ctor
2461 5825 2680 5884 Catena:
2705 5825 2911 5886 codicis
2941 5827 2983 5886 C
3009 5827 3176 5886 etiam
3208 5827 3262 5885 in
3296 5837 3552 5887 conteatu
3579 5831 3780 5899 posuit.
