4100 6286
564 336 630 393 67
1261 321 1526 381 EUSEBII
1562 312 2031 378 CESARIENSIS
2068 310 2138 369 01

2265 306 2442 364 PARS
2482 305 2572 362 Ill.
2608 334 2680 346 -
2716 303 3135 362 EXEGETICA.
3743 307 3822 358 68

561 453 936 508 demonstrans
960 443 1130 501 Deum
1154 457 1263 499 non
1293 443 1527 513 partium
1580 432 1954 493 tantummodo
1980 428 2132 486 orbis

2240 424 2335 496 τῆς
2364 421 2596 513 καθόλου
2628 421 2915 492 Προνοίας,
2946 418 3277 485 δεικνὺς,ὡς
3303 418 3366 473 οὐ
3397 416 3560 490 μόνον
3593 421 3824 488 κηιεται

561 555 747 596 curam
764 552 971 610 gerere,
990 550 1177 592 verum
1204 535 1370 590 etiam
1397 532 1759 586 humanorum
1781 526 2126 594 dogmatum:

2240 513 2340 566 τῶν
2377 511 2473 566 τοῦ
2506 512 2714 583 κόσμου
2745 509 2951 583 μερῶν,
3002 508 3141 563 ἀλλὰ
3176 510 3272 564 καὶ
3313 507 3423 563 τῶν
3455 507 3824 580 ἀνθρωπίνων

561 645 618 690 et
647 597 795 702 quod
815 630 966 688 solus
994 627 1210 685 noverit
1250 634 1528 681 astrorum
1560 631 1875 680 numerum,
1900 611 2131 685 positio-

2240 605 2549 676 δογμάτων·
2585 603 2680 658 καὶ
2715 602 2875 675 μόνος
2898 599 3136 673 ἀριθμὸν
3177 600 3397 674 άστρων
3435 597 3566 662 οἶδε.
3596 599 3690 653 καὶ
3721 598 3823 652 θέ-

712 732 768 781 et
785 737 1006 789 causas,
1033 715 1432 789 magnitudines
1453 727 1674 785 quoque
1712 719 1768 766 et
1799 706 2087 764 distantias
2112 742 2131 770 ,

2240 713 2368 790 σεις,
2413 695 2510 750 καὶ
2556 694 2658 759 τάς
2702 694 2904 760 αἰτίας,
2955 692 3159 766 μεγέθη
3203 710 3263 748 τε
3295 693 3393 748 καὶ
3431 693 3824 764 ἀποστήματα,

563 784 792 871 virtutes
814 823 870 871 et
910 784 1223 876 eﬂicaciam,
1275 784 1570 878 unicuique
1625 803 1878 860 idoneum
1935 811 2133 854 nomen

2240 787 2491 860 δυνάμεις
2520 803 2580 855 τε
2613 787 2711 842 καὶ
2737 784 3044 859 ἐνεργείας,
3068 786 3284 856 ἑκάστῳ
3309 786 3620 859 πρόσφορον
3645 784 3736 839 θνο

567 907 870 977 imponens.
2231 879 2538 977 τίθησιηέῌ
2589 969 2616 977 ᾖ
2806 966 2833 977 -
2876 971 2922 977 ῃ
3005 968 3018 977 1
3106 967 3121 977 ⁸
3203 967 3264 977 η
3705 907 3711 912 ,

715 995 878 1051 Vna.
901 993 954 1048 7.
981 990 1263 1047 Prwcinits
1288 988 1520 1044 Domino
1560 985 1615 1041 in
1641 982 1990 1053 confessione.

2400 969 2721 1041 Ἐξάρξατε
2759 966 2841 1034 τῷ
2868 968 3065 1039 Κυρίῳ
3094 967 3165 1023 ἐν
3192 967 3646 1040 ἐξομολογησει.

641 1085 1019 1160 Symmachus,
1053 1081 1328 1137 Rscsnsets
1367 1078 1480 1135 Deo
1513 1076 1915 1147 confusionem,
1959 1070 2136 1126 cattas

2315 1062 2374 1117 '0
2405 1062 2723 1135 Σύμμαχος,
2753 1059 3138 1160 magna
3157 1057 3247 1160 ft?)
3289 1061 3488 1131 Κυρίῳ
3529 1059 3826 1131 ἐξομολό-

570 1148 873 1236 Deo'nostro
900 1148 1020 1233 sunt
1044 1177 1184 1248 lyra.
1218 1173 1408 1244 Aquila
1440 1189 1455 1226 :
1478 1169 1752 1225 Rscensete
1768 1165 1996 1222 Domitio
2013 1177 2135 1218 citat

2240 1169 2437 1248 τησικ,
2480 1153 2876 1248 μσλφδήοςιιτε
2926 1150 3030 1248 τῷ.
3068 1148 3192 1218 Θεῷ
3235 1149 3408 1222 ἡμῶν
3452 1151 3553 1207 διὰ
3602 1153 3816 1222 λύρας.

566 1273 856 1343 gratiarum
895 1241 1123 1334 actions,
1162 1241 1332 1320 sonits
1368 1261 1478 1318 Deo
1511 1270 1698 1316 nostro
1751 1273 1871 1311 citat
1898 1255 2130 1310 cithara.

2246 1246 2498 1343 Ἀκύλας,
2531 1244 2913 1310 Καταλέεατε
2955 1241 3038 1311 τῷ
3079 1245 3278 1314 Κυρίῳ
3326 1243 3400 1298 ἐν
3445 1244 3822 1314 εὐχαριστίᾳ,

566 1332 668 1432 ἰξοῦ
722 1362 845 1418 aliis
897 1332 1293 1416 confessionem
1327 1363 1383 1410 et
1423 1353 1690 1426 psalmum
1720 1349 2016 1418 imperant,
2051 1345 2136 1402 di-

2240 1336 2621 1432 μελφδήσατε
2647 1333 2879 1432 τῷ-Θειῦ
2908 1333 3080 1432 τιμῶς-
3099 1334 3171 1389 ἐν
3455 1333 3521 1388 Oi
3543 1334 3826 1407 προστάτ-

566 1424 711 1512 ;ersi
728 1453 849 1510 sine
874 1451 1037 1507 dubio
1059 1455 1187 1505 sunt
1209 1447 1278 1503 ab
1300 1446 1369 1503 iis
1403 1424 1602 1516 quibus
1645 1442 1964 1512 imperatur.
1992 1435 2136 1505 Ergo

2240 1446 2417 1494 τοντες
2445 1429 2654 1502 ἑτέροις
2686 1425 3124 1497 ἐξομολογεῖσθαι
3156 1425 3251 1481 καλ⁸
3281 1424 3526 1496 ψάλλειν,
3552 1425 3728 1499 ἕτεροι
3750 1424 3826 1482 ἂν

566 1548 764 1604 chorus
793 1541 1136 1616 propheticus
1158 1549 1215 1596 et
1242 1515 1571 1609 apostolicus
1596 1532 1664 1589 ad
1686 1531 1938 1590 eumdem
1965 1526 2133 1583 Deum

2240 1519 2344 1578 εἶεν
2381 1522 2492 1577 τῶν
2535 1517 3039 1595 προσταττομένων
3077 1517 3238 1591 χορὸς
3263 1516 3443 1571 τοίνυν
3483 1515 3827 1589 προφητικδς

566 1652 682 1700 eos,
710 1608 808 1707 qui
832 1608 906 1690 de
924 1647 1150 1689 numero
1190 1608 1298 1686 non
1332 1635 1510 1689 erant.
1557 1633 1734 1688 vocat,
1775 1621 2027 1676 ethnicos
2059 1617 2137 1673 ni-

2240 1615 2323 1671 διὰ
2355 1614 2559 1670 τούτων
2591 1613 2686 1668 καὶ
2709 1609 3069 1674 άποστολικδς
3100 1609 3196 1664 ἐπὶ
3220 1609 3313 1665 τὸν
3347 1608 3510 1665 αὐτὸν
3535 1609 3667 1665 Θεδν
3689 1608 3826 1674 τοὺς

567 1729 786 1791 mirum.
820 1728 1006 1782 dicens
1038 1743 1052 1778 :
1089 1722 1313 1778 Psailite
1353 1719 1462 1775 Deo
1488 1729 1690 1773 nostro.
1719 1711 1920 1770 Jubent
1949 1722 2133 1766 autem

568 1821 683 1876 hac
707 1819 893 1880 verba,
926 1823 1105 1872 mente
1135 1813 1357 1885 quidem
1387 1821 1442 1867 et
1471 1806 1891 1880 cogitationibus
1938 1805 2136 1859 anima

566 1911 839 1972 conﬁteri.
867 1908 1116 1980 corporis
1143 1915 1324 1962 autem
1353 1903 1631 1975 Operibus,
1660 1897 1829 1955 veluti
1869 1897 2024 1968 pulsa
2053 1893 2137 1950 ci-

569 2001 749 2067 thara,
801 2001 904 2071 ipsi
954 1997 1215 2070 psallere.
1246 1995 1313 2051 Et
1356 1993 1572 2064 quidem
1602 2005 1754 2047 more
1789 2004 1890 2045 suo
1939 1999 2139 2056 corpus

571 2092 808 2163 psalterii
842 2091 1172 2160 citharaeque
1194 2085 1415 2143 nomine
1446 2081 1733 2138 Psalmista
1759 2081 2008 2144 denotat,
2038 2091 2139 2133 cett

570 2183 834 2239 concinne
859 2192 917 2239 et
936 2181 1182 2252 sapiente
1215 2193 1342 2236 eum
1370 2175 1654 2232 harmonia
1683 2182 2052 2243 compactum.
2079 2168 2139 2226 lu

569 2275 675 2330 hoc
709 2274 854 2330 enim
885 2287 1040 2329 mens
1083 2271 1300 2327 virtutis
1324 2267 1584 2339 operibus
1621 2281 1846 2334 canens,
1898 2265 2138 2321 divinam

568 2364 980 2438 spiritalemque
1009 2363 1123 2421 Deo
1159 2362 1340 2420 reddit
1378 2359 1689 2416 melodiam.

751 2648 912 2704 Vens.
954 2649 1007 2705 9.
1042 2645 1146 2712 Qui
1170 2647 1262 2698 dat
1295 2658 1468 2698 ascani
1498 2639 1658 2712 pullis
1679 2652 1956 2694 corvorum
2012 2607 2022 2616 I

1076 2716 1436 2770 invocantibus
1474 2729 1617 2767 sum.

640 2808 858 2866 Tradita
888 2805 1046 2862 nobis
1077 2814 1161 2861 est
1200 2802 1426 2875 physica
1456 2799 1699 2871 quaedam
1730 2796 2011 2862 doctrina,
2039 2807 2139 2850 ceu

569 2901 615 2957 si
642 2899 769 2970 pulli
813 2912 1103 2954 corvorum
1137 2908 1170 2949 a
1220 2895 1336 2949 suis
1366 2891 1707 2964 parentibus,
1741 2902 1847 2943 non
1876 2899 2033 2956 aque
2075 2899 2141 2940 ac

570 2992 711 3047 alius
733 2989 945 3062 generis
983 2987 1163 3042 avium
1205 2985 1358 3054 pulli,
1411 2983 1648 3038 alantur.
1679 2978 1887 3036 Revera
1920 2977 2141 3034 destitui

2239 1710 2314 1784 μὴ
2345 1711 2507 1774 ὂντας
2529 1707 2590 1774 ἐξ
2615 1705 2794 1761 αὐτῶν
2821 1701 3192 1767 ἀνακαλεῖται,
3227 1702 3355 1764 τοὺς
3379 1701 3490 1757 άπδ
3509 1700 3621 1756 τῶν
3647 1699 3826 1756 έθνῶν

2165 1772 2210 1828 Β
2532 1772 2802 1870 λέγοντες·
2843 1798 3082 1855 Ψάλατε
3125 1794 3208 1861 τῷ
3253 1792 3376 1861 Θεῷ
3410 1792 3600 1864 ἡμῶν.
3641 1794 3827 1866 Προσ-

2236 1895 2422 1950 τάττει
2460 1894 2519 1948 δὲ
2569 1895 2600 1947 ό
2640 1890 2798 1962 λόγος
2822 1890 3033 1963 διανοίᾳ
3066 1887 3168 1960 μὲν
3208 1889 3304 1942 καὶ
3336 1884 3618 1957 λογισμοῖς
3639 1884 3826 1958 ψυχῆς

2238 1982 2706 2057 ἐξομολογεῖσθαι,
2761 1982 2944 2055 ἔργοις
2989 1981 3048 2036 δὲ
3102 1981 3218 2045 τοῖς
3275 1979 3368 2033 διὰ
3412 1977 3510 2034 τοῦ
3567 1976 3827 2049 σώματος

2238 2074 2426 2147 ὥσπερ
2485 2074 2576 2130 διὰ
2632 2073 2862 2145 κιθάρας
2912 2068 3313 2144 ἐνεργουμένης
3362 2068 3588 2141 ψάλλειν
3643 2067 3822 2139 αὐτῷ·

2241 2166 2484 2239 συνήθως
2509 2167 2569 2221 δὲ
2598 2166 2660 2220 τὸ
2693 2165 2853 2238 σῶμα
2890 2164 3190 2237 ψαλτήριον
3221 2163 3319 2218 καὶ
3346 2161 3579 2235 κιθάραν
3603 2161 3828 2233 ὠνόμα-

2241 2277 2354 2324 σεν,
2385 2261 2483 2316 άτε
2509 2259 2800 2332 εὐρύθμως
2830 2259 2926 2313 καὶ
2959 2257 3080 2330 μεθ’
3098 2255 3363 2330 ἁρμονίας
3392 2254 3564 2328 σοφῆς
3601 2252 3828 2325 συγκεί-

2242 2372 2402 2428 μενον
2418 2372 2434 2387 ο
2479 2356 2538 2409 ὲν
2580 2352 2754 2424 τούτῳ
2779 2352 2890 2425 γὰρ
2929 2355 2958 2407 ό
2981 2353 3107 2416 νοῦς
3134 2350 3568 2424 ἀνακρουόμενος
3592 2349 3680 2405 διὰ
3709 2349 3830 2404 τῶν

2239 2451 2359 2504 κατ’
2392 2446 2596 2519 ἀρετὴν
2640 2443 2894 2519 πράξεων
2935 2444 3036 2519 τὴν
3083 2444 3267 2500 ἔνθεον
3303 2446 3398 2500 καὶ
3443 2442 3829 2516 πνευματικὴν

2243 2540 2511 2614 μελῳδίαν
2543 2539 2858 2611 ἀναπέμπει
2891 2537 2969 2610 τῷ
2991 2537 3112 2610 θεῷ
3145 2537 3289 2610 (27).

2237 2632 2471 2688 Διδόντι
2503 2630 2736 2702 τροφὴν
2751 2631 2868 2702 ,καὶ
2896 2632 3022 2698 τοῖς
3066 2632 3351 2702 νεοσσοῖς
3384 2627 3504 2702 τῶν
3543 2627 3828 2700 κοράκων

2585 2700 2708 2768 τοῖς
2735 2700 3234 2772 ἐπικαλουμένοις
3260 2701 3468 2756 αὐτόν.

2310 2789 2486 2850 Ἦλθε
2519 2793 2578 2849 δέ
2603 2811 2689 2858 τις
2720 2794 2799 2856 είς
2823 2793 2971 2865 ἡμᾶς
3019 2789 3246 2861 φυσικὸς
3269 2789 3446 2862 λόγος.
3476 2791 3554 2856 ὡς
3589 2788 3664 2863 μὴ
3693 2805 3830 2862 τρε-

2241 2886 2492 2958 φομένων
2514 2885 2742 2940 νεοττῶν
2756 2884 2867 2938 τῶν
2890 2884 3141 2958 κοράκων
3158 2883 3264 2938 ὑπὸ
3286 2883 3396 2939 τῶν
3414 2883 3826 2954 γεννησάντων,

2241 2977 2442 3049 ὁμοίως
2472 2979 2585 3042 τοῖς
2613 2977 2720 3031 τῶν
2747 2976 2923 3031 ἄλλων
2961 2973 3164 3048 ὀρνέων
3208 2977 3462 3039 νεοττοῖςο
3499 2971 3834 3030 καταλείπε-

571 3060 824 3141 dicuntur
874 3098 905 3136 a
956 3078 1291 3152 genitoribus
1339 3077 1453 3131 suis
1509 3088 1796 3130 corvorum
1837 3070 1993 3142 pulli,
2043 3069 2138 3126 sed

2245 3067 2368 3121 σθαι
2400 3066 2499 3138 μὲν
2529 3065 2638 3138 γὰρ
2675 3065 2782 3120 τῶν
2819 3066 3073 3136 κοράκων
3102 3063 3236 3136 φασὶ
3274 3065 3401 3128 τοὺς
3427 3064 3678 3128 νεοττοὺς
3717 3060 3832 3116 ὑπὸ

574 3185 758 3230 tamen
783 3172 944 3228 aliter
967 3171 1035 3224 aii
1065 3166 1387 3223 mirabiliter
1415 3181 1443 3218 a
1475 3165 1568 3220 Dei
1592 3161 1857 3234 potentia.
1905 3158 2043 3216 Nam
2085 3170 2142 3214 et

571 3276 859 3336 antequam
908 3262 1110 3333 praprii
1169 3268 1424 3331 parentes
1483 3254 1768 3320 accedant,
1835 3252 1990 3308 hiare
2040 3265 2139 3306 ore

569 3359 845 3422 dicuntur,
898 3370 1038 3410 esca:
1077 3351 1442 3416 necessitate;
1490 3355 1567 3413 et,
1597 3357 1657 3402 ut
1687 3346 1866 3402 solent
1915 3345 1990 3400 illi
2039 3344 2137 3415 qui

573 3450 742 3506 Deum
800 3448 1090 3511 invocant,
1126 3443 1354 3499 naturali
1402 3440 1632 3512 quodam
1663 3438 1923 3494 instinctu
1955 3437 2134 3491 cibum

570 3550 756 3614 petere
777 3540 847 3595 ab
873 3553 938 3592 eo
964 3540 1053 3607 qui
1084 3546 1335 3590 naturain
1361 3531 1604 3586 donavit.
1626 3530 1803 3600 Atque
1831 3529 1904 3583 ita
1933 3526 2138 3584 deferri

573 3635 641 3688 ad
677 3647 772 3686 eos
803 3645 900 3700 per
929 3644 1109 3684 aerem
1143 3641 1325 3684 escam
1352 3626 1616 3694 aliquam,
1651 3635 1786 3677 aura
1815 3621 2047 3692 quadam
2085 3622 2136 3674 in

568 3742 631 3783 os
660 3725 918 3781 delatam.

1032 3917 1357 3976 PSALMUS
1384 3912 1644 3973 CXLVII.

735 4013 901 4068 Vsus.
939 4010 994 4066 8.
1019 4011 1351 4065 Annuntiam
1374 4010 1582 4064 verbum
1611 4021 1766 4062 suum
1787 4004 1978 4061 Iacob.

640 4105 733 4161 Ait
767 4103 1050 4160 Eusebius.
1089 4105 1359 4158 Accurate
1393 4100 1682 4156 admodum
1739 4099 1953 4153 videtur
2004 4095 2138 4151 mihi

2245 3159 2353 3212 τῶν
2375 3157 2799 3228 γεγεννηκότων,
2824 3156 3117 3229 τρέφεσθαι
3153 3156 3212 3211 δὲ
3234 3155 3380 3228 ἄλλῳ
3416 3154 3703 3228 παραδόξῳ
3727 3153 3831 3209 τοῦ

2246 3251 2382 3306 Θεοῦ
2428 3252 2693 3323 δυνάμει⁹
2746 3249 2942 3321 μηκέτι
3005 3250 3114 3323 γάρ
3173 3249 3358 3315 αὐτοῖς
3413 3247 3830 3321 πλησιαζόντων

2245 3343 2670 3416 γεγεννηκότων,
2718 3341 3008 3414 κεχηνέναι
3049 3342 3110 3396 τὸ
3152 3341 3324 3412 στόμα
3369 3341 3578 3413 τροφῆς
3620 3330 3828 3411 ἐνδείᾳ.

2244 3436 2340 3489 καὶ
2375 3433 2611 3488 ἐοικέναι
2648 3431 3097 3504 ἐπικαλουμένοις
3133 3432 3226 3487 τὸν
3273 3430 3430 3497 Θεὸν,
3477 3434 3680 3505 φυσικῇ
3715 3446 3830 3488 τινι

2245 3527 2494 3599 ἐνεργείᾳ
2526 3526 2627 3598 τὴν
2648 3525 2853 3598 τροφὴν
2883 3524 3166 3591 αἰτοῦντας
3193 3524 3346 3598 παρὰ
3370 3523 3463 3580 τοῦ
3492 3521 3704 3581 τὸεῖναι
3724 3529 3831 3582 αὐ·-

2243 3623 2356 3684 τοῖς
2386 3617 2789 3692 δεδωρημένουο
2819 3616 2963 3671 οὕτω
2990 3616 3049 3671 δὲ
3079 3617 3342 3691 φέρεσθαι
3381 3618 3568 3683 αὐτοῖς
3600 3635 3720 3674 τινα
3762 3617 3831 3685 ἐξ

2245 3712 2406 3784 ἀέρος
2445 3711 2652 3784 τροφὴν
2685 3708 2830 3764 κατὰ
2864 3709 2959 3764 τοῦ
3007 3711 3276 3783 στόματος
3317 3710 3424 3766 ύπό
3465 3729 3610 3777 τινος
3647 3710 3830 3785 αὔρας

2247 3804 2483 3858 ςυνωθου
2490 3803 2681 3876 μένην.

2789 3917 3080 3972 ΨΔΛΜΟΣ
3112 3919 3293 3974 PMZ'.

2326 4012 2389 4066 '0
2416 4009 2816 4082 ἀπαγγέλλω·
2842 4010 2950 4064 τὸν
2984 4011 3170 4080 λόγον
3191 4009 3382 4066 αὐτοῦ
3413 4007 3493 4075 τῷ
3535 4008 3750 4065 Ἰακώϐ.

2312 4105 2449 4176 Φησὶ
2469 4103 2527 4158 δὲ
2556 4103 2652 4158 καὶ
2672 4101 2701 4154 ό
2728 4101 2986 4165 Εὐσέϐιος
3016 4102 3151 4174 (28).
3172 4103 3384 4175 Σφόδρα
3409 4102 3465 4156 δὲ
3498 4101 3830 4175 ἀπηκριϐω-

572 4200 676 4256 hoc
706 4198 1021 4253 vocabulum
1053 4194 1256 4264 aliquid
1291 4194 1510 4259 docere,
1570 4206 1764 4262 nempe
1813 4191 2138 4245 annuntians

2248 4197 2422 4269 μένως
2450 4212 2541 4268 μοι
2568 4195 2716 4249 δοκεῖ
2733 4197 2767 4266 ἡ
2800 4194 3047 4266 παροῦσα
3073 4194 3217 4260 λέξις
3232 4194 3529 4262 διδάσκειν,
3563 4192 3617 4247 '0
3641 4194 3835 4265 ἀπατ-

570 4307 859 4347 sermonem
897 4305 1052 4343 suum
1079 4287 1303 4342 Iacobo.
1335 4284 1450 4339 Non
1480 4284 1626 4340 enim
1657 4283 1793 4338 dixit
1817 4284 2026 4336 mittens
2055 4280 2138 4336 vel

2243 4288 2477 4359 reum
2502 4286 2610 4340 τὸν
2632 4286 2819 4356 λόγον
2858 4287 3044 4342 αὐτοῦ
3070 4286 3150 4353 τῷ
3189 4285 3411 4341 Ἰακώϐ·
3443 4286 3505 4340 ού
3531 4286 3640 4359 γάρ
3673 4287 3835 4358 εἴρη-

568 4384 659 4455 qui
683 4386 844 4438 misit.
881 4381 1040 4437 Aliud
1064 4394 1194 4437 vero
1225 4388 1308 4434 est
1330 4377 1682 4441 annuntiare,
1727 4373 1873 4430 aliud
1921 4374 2138 4429 mittere

2242 4395 2361 4444 κεν,
2405 4381 2439 4433 ὁ
2486 4376 2904 4441 ἀποστέλλω,
2940 4377 2974 4450 ἢ
3021 4381 3054 4433 ό
3099 4378 3491 4445 ἀποστείλας.
3537 4376 3698 4432 Ἀλλο
3727 4376 3833 4451 δή-

572 4479 655 4535 vcl
683 4477 840 4532 mitti.
884 4474 1042 4531 Prius
1074 4474 1222 4530 enim
1257 4470 1535 4543 portendit
1563 4469 1710 4539 quod
1743 4466 1984 4522 futurum
2018 4473 2137 4531 est,

2245 4487 2350 4524 που
2372 4469 2522 4525 ἐστὶν
2547 4471 2902 4540 ἀπαγγεῖλαι,
2930 4469 3024 4523 καὶ
3048 4470 3174 4524 άλλο
3205 4471 3266 4524 τὸ
3293 4468 3610 4524 ἀποστεῖλαι
3639 4469 3673 4542 ἧ
3696 4471 3837 4524 ἁπο-

571 4577 627 4626 et
654 4568 934 4637 prmdicit;
987 4564 1214 4620 alterum
1246 4577 1377 4618 vero
1434 4576 1548 4617 rem
1583 4567 1901 4629 prasentem
1936 4556 2132 4628 signiﬁ-

2240 4561 2584 4616 στέλλεσθαιο
2641 4562 2703 4615 τὸ
2746 4562 2845 4633 μὲν
2886 4561 2997 4634 γὰρ
3038 4560 3344 4634 προμηνύει
3392 4562 3457 4616 τὸ
3499 4561 3688 4634 μέλλον
3729 4562 3835 4616 καὶ

571 4668 678 4724 cat,
702 4661 754 4715 id
780 4668 886 4727 est,
916 4673 1074 4728 quem
1111 4656 1227 4727 ipse
1254 4655 1402 4710 misit
1423 4654 1490 4708 ad
1520 4651 1949 4724 praedicandum.
1979 4649 2055 4703 Ita
2084 4655 2138 4702 ut

2240 4654 2512 4727 προλέγει·
2561 4655 2624 4708 τὸ
2659 4654 2717 4707 δὲ
2755 4655 3059 4725 παρουσίαν
3103 4655 3381 4726 σημαίνει,
3432 4655 3527 4708 καὶ
3558 4655 3651 4709 τὸν
3689 4655 3835 4709 ἀπο-

573 4749 908 4806 annuntiatio
932 4747 1148 4818 quidem
1186 4755 1242 4801 et
1293 4744 1571 4817 praedictio
1599 4741 1791 4806 futuri,
1834 4741 1926 4795 uni
1954 4739 2138 4795 lsraeli

2241 4746 2506 4800 σταλέντα
2541 4746 2607 4800 δι’
2640 4745 2835 4800 ἑαυτοῦ
2863 4747 3186 4818 κηρύττειν·
3218 4745 3358 4800 ὥστε
3397 4747 3496 4819 τὴν
3524 4747 3621 4819 μὲν
3645 4748 3834 4817 άπαγ-

571 4841 716 4897 facta
765 4840 957 4907 fuerit;
998 4839 1188 4896 missio
1245 4850 1426 4892 autem
1486 4853 1592 4893 non
1625 4836 1755 4890 huic
1795 4833 1912 4897 uni,
1948 4846 2138 4888 verum

2241 4836 2425 4907 γελίαν
2458 4837 2553 4892 καὶ
2576 4837 2676 4909 τὴν
2704 4838 3009 4910 πρόρρησιν
3035 4838 3129 4891 τοῦ
3161 4837 3470 4909 μέλλοντος,
3493 4837 3832 4910 γεγενῆσθαι

569 4936 733 4989 etiam
770 4934 981 4988 cunctis
1003 4932 1125 4986 aliis
1145 4915 1420 5001 gentibus.
1459 4926 1571 4983 Sed
1606 4924 1841 4982 fortasse
1861 4924 2011 4981 dicet
2035 4924 2140 4979 ali-

570 5026 693 5096 quis
721 5043 735 5081 :
770 5025 831 5079 Si
856 5024 1067 5080 ceteris
1099 5021 1409 5079 hominibus
1435 5021 1823 5076 revelationem
1845 5034 1953 5075 non
1988 5018 2137 5086 fecit,

572 5121 840 5189 quomodo
879 5133 972 5175 eos
1004 5120 1177 5190 punit,
1205 5127 1400 5185 nempe
1430 5115 1594 5169 etiam
1627 5112 1748 5167 illos
1777 5111 1868 5182 qui
1905 5120 2035 5165 ante
2061 5110 2142 5165 le-

571 5224 695 5281 gem
729 5208 999 5274 vixerunt,
1035 5217 1090 5263 et
1135 5216 1248 5261 toto
1291 5206 1428 5261 orbe
1465 5212 1788 5274 peccatores
1816 5199 2012 5257 fuere?
2049 5198 2140 5255 Di-

573 5300 748 5356 cimus
772 5315 904 5371 ergo
934 5299 1036 5355 bos
1067 5297 1282 5369 quidem
1305 5295 1542 5367 iudicari
1574 5310 1603 5348 a
1638 5294 1748 5349 Deo
1785 5308 1850 5347 ex
1869 5293 1994 5364 jure
2049 5308 2141 5347 na-

577 5390 761 5456 turali,
787 5389 931 5461 quod
964 5388 1122 5444 nobis
1175 5387 1442 5452 inhaeret;
1488 5382 1758 5440 lsraelitas
1801 5392 1981 5437 autem
2025 5389 2139 5436 tum

570 5485 693 5556 iure
723 5480 979 5548 naturali,
1002 5491 1115 5537 tum
1132 5483 1296 5536 etiam
1317 5479 1548 5549 scripto,
1579 5475 1655 5531 ita
1683 5485 1742 5531 ut
1774 5475 1949 5546 majus
1973 5473 2144 5530 bene-

2246 4927 2398 5000 παρὰ
2447 4928 2594 5001 μόνῳ
2624 4927 2704 4999 τῷ
2751 4927 2987 5001 Ἰσραὴλ,
3033 4927 3129 5000 τὴν
3161 4928 3218 4982 δὲ
3263 4929 3571 5002 ἀποστολὴν
3615 4931 3716 4984 ούκ
3757 4929 3834 4984 ἂν

2245 5019 2436 5091 ἐκείνῳ
2471 5020 2638 5093 μόνῳ,
2685 5019 2822 5075 ἀλλὰ
2866 5021 2964 5074 καὶ
3009 5022 3143 5076 πᾶσι
3187 5022 3300 5086 τοῖς
3345 5021 3554 5086 λοιποῖς
3591 5021 3830 5076 ἔθνεσιν.

2257 5103 2394 5158 Ἀλλ’
2427 5106 2558 5170 ἴσως
2583 5105 2726 5160 εῐποι
2758 5125 2841 5171 τις
2865 5106 2952 5161 ἄν’
2979 5109 3087 5162 Καὶ
3117 5111 3190 5181 μὴ
3211 5109 3460 5182 δηλώσας
3485 5114 3598 5175 τοῖς
3617 5111 3833 5179 λοιποῖς

2243 5196 2571 5269 ἀνθρώποις,
2615 5198 2732 5263 πῶς
2764 5201 2959 5265 αὐτοὺς
2997 5201 3234 5267 κολάζει,
3281 5206 3375 5256 mi.
3413 5205 3542 5269 τοὺς
3579 5204 3687 5276 πρὸ
3729 5203 3832 5259 τοῦ

2244 5291 2411 5361 νόμου
2439 5293 2536 5345 καὶ
2571 5293 2697 5356 τοὺς
2726 5293 3040 5365 ἁπανταχοῦ
3080 5293 3182 5365 τῆς
3222 5295 3549 5367 οἰκουμένης
3573 5298 3836 5370 ἁμαρτά-

2247 5399 2436 5447 νοντας
2459 5399 2475 5449 ;
2506 5384 2616 5437 Καὶ
2651 5384 2849 5456 φαμέψ
2877 5387 3112 5452 Τούτους
3136 5389 3236 5459 μὲν
3272 5388 3448 5463 κρίνει
3476 5390 3586 5445 ἀπὸ
3607 5390 3702 5446 τοῦ
3730 5409 3838 5463 φυ-

2251 5475 2404 5530 σικοῦ
2448 5476 2613 5548 νόμου
2649 5477 2746 5532 καί
2789 5477 2883 5533 τοῦ
2919 5481 2978 5534 ἐν
3017 5482 3170 5552 ἡμῖν,
3210 5483 3338 5547 τοὺς
3375 5481 3434 5538 δὲ
3485 5482 3836 5557 Ἰσραηλίτας

643 5712 756 5784 (27)
788 5711 987 5784 Confer
1020 5725 1205 5768 rursus
1237 5708 1361 5784 hac
1393 5721 1555 5784 super
1593 5719 1654 5762 re
1696 5701 2133 5784 Niceueegiitum
2174 5718 2205 5760 a
2232 5706 2386 5764 nobis
2404 5708 2689 5782 prologum
2723 5708 2944 5769 Catena:
2982 5710 3203 5770 Patrum
3228 5712 3284 5771 in
3311 5711 3575 5773 Psalmos.

643 5773 755 5853 ίεδ)
781 5783 975 5843 ftecole
1005 5786 1257 5841 adnotata
1297 5780 1362 5836 ad
1399 5773 1665 5850 psalmum
1699 5789 1880 5842 cxuv,
1908 5773 1995 5831 15.
