4100 6286
656 268 725 324 τι
1369 217 1634 322 rIUSEBll
1673 261 2144 322 C.£SARIENSIS
2178 260 2330 317 OPP.
2372 260 2552 317 PARS
2588 260 3203 318 lll.—EXEGETICA.
3872 269 3941 320 Η

659 388 761 445 dit.
790 386 926 442 llinc
959 392 1075 440 toto
1099 383 1235 440 orbe
1264 391 1454 455 gentes
1498 382 1554 438 in
1593 381 1708 439 suis
1752 381 2003 438 ecclesiis
2028 380 2246 436 laudant

2353 380 2449 434 λέα
2493 380 2788 448 ἐπιγνόντα
2815 377 3199 442 κατεδέξαντο·
3225 377 3416 450 διόπερ
3445 380 3477 450 ἡ
3509 378 3651 434 κατὰ
3686 379 3820 435 Θεὸν
3850 384 3941 436 εύο

663 491 858 534 nomen
882 475 1003 544 ejus
1032 491 1134 546 c_eu
1166 475 1370 546 prOprii
1398 475 1562 544 regis,
1597 475 1690 529 Dei
1719 474 1930 528 scilicet
1963 470 2125 529 Verbi
2147 472 2239 526 Je-

661 583 724 624 su
751 568 955 624 Christi
987 582 1182 623 nomen
1214 567 1372 635 pleno
1398 566 1567 620 choro
1597 581 1719 620 cum
1765 565 2003 636 tripudio
2027 564 2238 636 glorill-

661 667 871 711 cantes.
907 656 1014 711 Sed
1047 666 1099 711 et
1128 656 1218 726 qui
1267 655 1526 710 solitatim
1555 657 1735 728 degit,
1769 656 1926 711 bonis
1964 659 2079 712 suis
2106 655 2244 710 acti-

663 749 769 804 bus
789 759 844 804 et
869 749 1115 820 corporis
1161 749 1639 804 exercitationibus
1672 750 1930 821 hymnum
1975 749 2242 820 quodam-

667 842 830 896 modo
858 852 911 896 et
963 840 1328 896 laudationem
1363 839 1474 895 Deo
1510 841 1750 896 conﬁcit.
1797 841 1852 896 ltl
1905 841 2245 898 credibiliter

665 933 964 1002 praedicens
1011 932 1297 987 Psalmista
1341 933 1516 1003 pergit
1550 932 1743 1000 jubere
1790 942 1848 986 ut
1883 941 2141 1004 tympano
2189 943 2245 988 et

665 1024 924 1094 psalterio
939 1025 1176 1096 psallunt
1199 1026 1248 1080 ei
1274 1043 1289 1079 :
1305 1024 1542 1096 tympani
1564 1025 1825 1079 vocabulo
1841 1024 2102 1079 denotans
2123 1040 2245 1080 cor-

665 1133 801 1187 pus,
841 1117 1102 1189 psalterio
1134 1118 1458 1189 spiritum...
1489 1118 1866 1186 mortiﬁcantes
1893 1118 2126 1172 membra
2155 1136 2246 1172 su-

664 1226 758 1277 per
817 1219 1016 1262 terram
1041 1210 1111 1292 'f,
1169 1221 1216 1262 et
1267 1209 1394 1264 Jesu
1444 1210 1901 1277 mortiﬁcationem
1925 1211 1980 1264 in
2031 1226 2246 1278 corpore

666 1302 1095 1368 circumferentes
1140 1302 1207 1355 “.
1265 1301 1364 1368 Qui
1408 1301 1683 1356 exsultant
1735 1301 1806 1356 ob
1855 1317 2038 1373 regem
2086 1317 2241 1358 Slttlttl

666 1407 771 1445 una
803 1409 926 1447 cum
953 1393 1331 1448 exsultante...
1361 1394 1450 1462 qui
1498 1392 1626 1447 fecit
1669 1409 1864 1449 eum...
1906 1403 2163 1467 tympano
2191 1405 2244 1450 et

666 1485 928 1552 psalterio
954 1485 1208 1554 psallunt.

2348 471 2590 544 φροσύνη
2623 472 2717 525 καὶ
2761 469 3081 540 ἀγαλλίασις
3115 470 3378 542 μετῆλθεν
3401 473 3486 524 ἐπ’
3517 472 3688 527 αὑτά·
3723 473 3846 529 ὃθεν
3872 476 3942 528 τά

2351 566 2450 635 μὲν
2478 563 2601 616 καθ’
2628 564 2755 634 ὅλης
2779 563 2879 634 τῆς
2910 561 3240 633 οἰκουμένης
3266 561 3394 636 ἔθνη
3423 566 3540 628 ταῖς
3566 564 3777 623 ἑαυτῶν
3818 566 3942 621 Ἐκ-

2349 652 2604 724 κλησίαις
2662 652 2870 706 αἱνοῦσι
2900 649 2961 704 τὸ
2986 650 3156 722 ὄνομα
3194 651 3364 706 αὐτοῦ
3390 655 3484 707 τοῦ
3521 653 3782 726 βασιλέως
3811 657 3942 710 ἑαυ-

2346 745 2478 812 τῶν,
2512 745 2572 798 ὲν
2597 744 2745 817 χορῷ
2772 743 2868 798 τοῦ
2897 743 3034 797 Θεοῦ
3062 744 3238 812 Λόγου
3265 743 3326 797 τὸ
3358 744 3532 816 ὄνομα
3567 747 3772 820 Ἰησοῦν
3805 749 3942 820 Χρι-

2351 835 2476 891 στὸν
2509 837 2649 908 μετὰ
2679 837 2896 908 χορείας
2920 832 3252 902 δοξάζοντες·
3272 834 3409 888 άλλά
3436 838 3574 891 καὶὸ
3595 838 3782 903 καθεὶς
3807 839 3941 910 παρ’

2351 933 2529 1005 ἑαυτῷ
2571 951 2722 987 ..νων
2750 934 2795 987 δ’
2833 933 3012 1004 Εργων
3046 931 3286 1002 ἀγαθῶν,
3321 931 3417 985 καὶ
3446 931 3534 985 διὰ
3565 929 3793 1004 τῶν.τοῦ
3833 929 3943 984 σώ-

2355 1045 2523 1100 ματος
2558 1027 2811 1100 πράξεων
2848 1027 2917 1081 τὰ
2949 1025 3306 1080 συντελοῦντα
3342 1027 3421 1088 εἰς
3461 1023 3630 1097 ὕμνον
3666 1025 3761 1080 καὶ
3799 1021 3944 1088 δοξο-

2351 1117 2539 1186 λογίαν
2575 1117 2670 1170 τοῦ
2695 1116 2830 1170 Θεοῦ
2871 1115 3283 1188 διαπράττεται.
3320 1117 3563 1180 Εἰκότως
3600 1114 3763 1170 τοῦτο
3804 1116 3942 1168 αὐτὸ

2353 1209 2641 1282 προλαϐὼν
2662 1211 2691 1262 ὁ
2713 1209 2869 1278 λόγος
2899 1209 3229 1280 προστάττει
3256 1209 3481 1279 φάσκων
3501 1225 3516 1240 ο
3554 1209 3642 1264 Ἐν
3673 1209 3944 1279 τυμπάνῳ

2351 1302 2444 1355 καὶ
2491 1301 2778 1373 ψαλτηρίῳ
2805 1300 3136 1371 ψαλάτωσαν
3175 1301 3326 1372 αύτῷ
3350 1318 3364 1332 ο
3410 1301 3697 1373 τύμπανον
3733 1301 3832 1372 μὲν
3879 1299 3944 1353 τὸ

2353 1396 2514 1466 σῶμα
2536 1393 2983 1468 προσαγορεύων,
3017 1393 3317 1467 ψαλτήριον
3353 1395 3409 1450 δὲ
3448 1395 3510 1450 τὸ
3553 1395 3815 1466 πνεῦμα..
3845 1410 3945 1449 νε-

2351 1488 2695 1558 κρὼσαντες
2726 1489 2800 1542 τὰ
2819 1487 2978 1558 μέλη
3010 1488 3084 1543 τὰ
3110 1489 3210 1542 ἐπὶ
3244 1487 3356 1554 τῆς
3381 1488 3513 1558 γῆς,
3548 1488 3647 1543 καὶ
3679 1488 3793 1558 τὴν
3835 1488 3946 1554 Ἰη-

665 1579 783 1633 σοῦ
823 1581 1117 1650 νέκρωσιν
1164 1583 1234 1635 ὲν
1282 1582 1365 1650 τῷ
1413 1581 1640 1653 σώματι
1693 1582 2144 1654 περιφέροντες·
2194 1586 2244 1639 ol
2288 1584 2686 1657 ἀγαλλιώμενοι
2751 1584 2844 1638 ἐπὶ
2906 1583 2983 1656 τῷ
3025 1583 3234 1655 βασιλεῖ
3261 1582 3441 1638 αὐτῶν
3469 1583 3586 1655 ἅμα
3609 1582 3689 1655 τῷ
3715 1585 3945 1655 εὐφραισ

666 1672 895 1744 νομένῳ.
926 1711 940 1726 .
988 1676 1274 1746 ποιήσαντι
1303 1677 1488 1741 αὐτὸν,
1519 1677 1577 1729 ἑν
1601 1678 1872 1749 τυμπάνῳ
1913 1679 2007 1732 καὶ
2036 1677 2324 1750 ψαλτηρίῳ
2357 1677 2671 1748 ψάλλουσιν.

1165 1765 1488 1824 PSALMUS
1519 1765 1749 1822 CXLIX.

882 1859 1046 1915 Vsus.
1083 1859 1137 1916 5.
1165 1858 1510 1914 Ltetabuntur
1534 1859 1590 1912 in
1615 1857 1872 1913 cubilibus
1901 1859 2032 1914 suis.

738 1949 909 2006 Aliter
938 1966 1068 2007 vero
1097 1990 1113 2015 ,
1144 1960 1374 2006 mortem
1406 1958 1720 2006 sanctorum
1759 1951 2023 2007 v0cabulo
2054 1952 2249 2006 cubili-

669 2042 764 2095 bus
799 2041 998 2097 innuit.
1049 2041 1438 2097 Dormitiouem
1477 2043 1681 2113 quippe
1709 2041 1849 2097 solet
1875 2059 1995 2098 eam
2047 2059 2248 2100 vocare

668 2133 988 2205 Scriptura,
1042 2134 1253 2190 dicente
1302 2133 1468 2190 Paulo
1516 2152 1530 2189 :
1585 2133 1660 2188 De
1710 2134 2093 2192 dormientibus
2143 2153 2245 2191 au-

670 2234 772 2279 tm
815 2227 936 2282 nolo
981 2242 1069 2282 uos
1121 2229 1366 2298 ignorare
1393 2267 1409 2293 ,
1460 2227 1654 2297 fratres
1698 2229 1768 2287 ἰ.
1819 2228 1984 2286 Vetus
2033 2245 2250 2301 quoque

670 2318 1080 2376 Testamentum
1123 2320 1203 2376 ait
1248 2338 1264 2376 :
1304 2321 1564 2378 Dorntirit
1619 2323 1793 2380 David
1849 2339 1969 2377 cum
2008 2325 2247 2393 patribus

671 2503 835 2560 Vens.
854 2503 909 2560 ϐ.
939 2502 1311 2581 Ezaltqtiones
1339 2505 1435 2560 Dei
1457 2506 1520 2581 in
1537 2516 1756 2581 gutture
1774 2525 1981 2576 eorum,
2007 2518 2056 2564 et
2080 2509 2248 2581 gladii

1018 2575 1270 2645 ancipites
1293 2577 1350 2632 in
1381 2575 1622 2634 manibus
1651 2580 1903 2649 ipsorum.

740 2665 1018 2738 luopinate
1063 2667 1256 2736 Aquila
1311 2679 1633 2738 praesentati:
1685 2670 2011 2725 sententiam
2075 2685 2246 2742 espo-

671 2756 801 2821 suit,
830 2757 960 2811 dum
985 2753 1335 2812 Hebraeorum
1363 2757 1626 2812 vocabqu
1647 2762 1837 2822 servit,
1855 2760 2040 2816 dicens
2068 2781 2084 2817 :
2117 2760 2245 2816 Gla-

668 2849 788 2903 dius
835 2849 1030 2919 gemini
1059 2850 1166 2903 oris
1190 2849 1246 2903 in
1289 2864 1449 2902 manu
1482 2850 1739 2916 ipsorum.
1775 2848 1880 2906 Sed
1912 2861 1968 2906 et
1998 2852 2085 2907 bis
2118 2867 2250 2908 con-

674 2941 838 2995 traria
883 2948 1255 2995 memorantur
1291 2939 1513 2996 alicubi.
1568 2940 1696 2995 Filii
1725 2943 1994 2997 hominum
2019 2985 2036 3012 ,
2069 2945 2246 3001 dentes

671 3047 849 3087 eorum
894 3047 1044 3085 arma
1075 3023 1126 3086 et
1169 3033 1414 3101 sagitta,
1444 3042 1491 3087 et
1537 3031 1719 3103 lingua
1769 3034 2004 3104 ipsorum
2039 3036 2249 3106 gladius

2276 1773 2323 1832 Β

2881 1768 3174 1823 ΨΑΛΜΟΣ
3215 1765 3396 1821 PMG’s

2526 1861 3016 1932 Ἇταλλιάσονται
3045 1861 3143 1916 ἐπὶ
3174 1860 3294 1915 τῶν
3321 1860 3534 1916 κοιτῶν
3565 1858 3781 1917 αὐτῶν.

2427 1954 2640 2020 ’Λλλως
2661 1955 2718 2008 δὲ
2743 1955 2835 2009 τὸν
2873 1953 3102 2010 θάνατον
3123 1954 3233 2008 τῶν
3269 1954 3432 2008 ὁσίων
3461 1953 3684 2026 ⁴ᾐνίξατο
3705 1953 3796 2008 διὰ
3823 1952 3949 2010 τῶν

2350 2046 2581 2102 κοιτῶν.
2614 2048 2888 2120 Κοίμησιν
2911 2046 3020 2116 γὰρ
3045 2045 3206 2100 εῐωθε
3244 2046 3428 2100 καλεῖν
3469 2046 3634 2100 αὐτὸν
3665 2049 3700 2117 ἠ
3725 2045 3945 2118 Γραφὴ,

2349 2134 2600 2203 λέγοντος
2636 2137 2731 2189 καὶ⁸
2766 2135 3004 2189 Παύλου·
3031 2136 3173 2204 Περὶ
3205 2134 3274 2188 δὲ
3304 2135 3424 2190 τῶν
3451 2136 3831 2206 κοιμωμένων
3870 2138 3947 2191 οὐ

2349 2227 2505 2283 θέλω
2517 2225 2674 2298 ὑμᾶς
2694 2227 2957 2298 ἀγνοεῖν,
2972 2226 3226 2296 ἀδελφοί
3230 2244 3243 2257 ο
3266 2226 3361 2281 καὶ
3383 2229 3417 2299 ή
3439 2227 3650 2283 Παλαιὰ
3671 2227 3728 2282 δέ
3751 2241 3944 2301 φησιν·

2362 2319 2681 2391 Ἐκοιμήθη
2717 2318 2901 2374 Δαυῒδ
2930 2320 3083 2390 μετὰ
3109 2318 3233 2374 τῶν
3259 2319 3529 2389 πατέρων
3551 2319 3760 2376 αὐτοῦ.

2349 2502 2422 2555 Al
2446 2497 2718 2570 ὑψώσεις
2742 2499 2850 2570 τοῦ
2881 2499 3033 2556 Θεοῦ
3061 2500 3133 2554 ἐν
3158 2499 3413 2570 λάρυγγι
3428 2498 3776 2570 αὐτῶνηκαι
3792 2500 3948 2570 ῥομ-

2529 2569 2700 2640 φαῖαι
2727 2569 3002 2640 δίστομοι
3029 2571 3101 2624 ἐν
3128 2568 3260 2637 ταῖς⁸
3287 2568 3502 2641 χερσιν
3525 2568 3745 2625 αὐτῶν.

2423 2662 2752 2734 Παραδόξως
2793 2663 2852 2716 δὲ
2905 2661 3138 2726 ’Δκύλας
3173 2661 3278 2734 τὴν
3314 2661 3668 2716 ἀποδοθεῖσαν
3703 2661 3950 2717 διάνοιαν

2349 2756 2686 2829 παρέστησε,
2715 2754 3008 2820 δουλεύσας
3035 2756 3100 2826 τῇ
3127 2753 3237 2810 τῶν
3275 2753 3543 2828 Ἑϐραίων
3570 2756 3719 2826 φωνῇ
3745 2753 3944 2807 εἰπών·

2349 2847 2626 2918 Μάχαιρα
2649 2845 2966 2918 στομάτων
2998 2847 3112 2918 (52)
3142 2845 3214 2900 ἐν
3235 2847 3383 2916 χειρὶ
3406 2845 3625 2901 αὐτῶν.
3661 2845 3822 2900 Ἀλλὰ
3850 2846 3950 2901 καὶ

2352 2941 2484 3012 περὶ
2527 2937 2639 2993 τῶν
2677 2939 2941 3002 τοιούτοις
2966 2938 3222 2993 ἐναντίων
3256 2937 3374 3006 (55)
3403 2938 3621 3011 εἴρηταί
3647 2955 3771 2992 που·
3815 2939 3948 2994 Υἱοὶ

2351 3030 2698 3100 ἀνθρώπων,
2716 3034 2769 3085 ol
2792 3029 3037 3098 ὀδόντες
3080 3030 3280 3086 αὐτῶν
3322 3030 3482 3086 ὅπλα
3509 3032 3609 3086 καὶ
3626 3031 3808 3099 βέλη,
3841 3033 3948 3086 καὶ

671 3134 859 3179 acutus
900 3123 972 3192 ",
1017 3133 1079 3178 ut
1119 3124 1371 3180 occidant
1401 3133 1668 3195 quotquot
1704 3126 1838 3197 ipsis
1869 3129 2072 3198 captivi
2122 3145 2246 3187 suc-

2352 3126 2392 3193 ἠ
2407 3123 2660 3195 γλῶσσα
2674 3121 2874 3179 αὐτῶν
2880 3123 3145 3194 μάχαιρα
3161 3121 3346 3189 ὀξεῖα,
3361 3123 3694 3194 φονευόντων
3704 3125 3831 3187 τοὺς
3849 3124 3950 3177 ὑπ’

671 3217 954 3272 cumbunt.
994 3214 1220 3285 Proprie
1253 3229 1382 3272 vero
1411 3217 1646 3288 gladium
1678 3219 1879 3289 gemini
1913 3222 2030 3277 oris
2053 3261 2070 3287 ,
2105 3224 2245 3279 acti-

670 3310 772 3365 bus
799 3308 1045 3364 exerceri
1085 3311 1245 3362 docet
1283 3307 1594 3364 Psaltnista.
1627 3308 1770 3367 Dicit
1790 3319 1994 3378 autem,
2033 3313 2244 3369 exalta-

670 3404 838 3456 tiones
868 3399 966 3455 Dei
991 3400 1046 3456 in
1074 3410 1284 3471 gutture
1305 3416 1486 3456 eorum
1507 3442 1525 3469 ,
1549 3404 1675 3473 quia
1705 3417 1840 3461 voce
1873 3407 2164 3463 utebantur
2189 3408 2244 3463 in

671 3493 824 3549 verbi
861 3493 1198 3561 ministerio,
1229 3493 1373 3565 apud
1404 3509 1501 3572 eos
1527 3496 1619 3566 qui
1652 3498 1844 3554 audire
1873 3505 2125 3568 poterant
2158 3509 2245 3554 at-

673 3584 925 3641 tollentes
959 3585 1243 3657 hymnum.
1276 3586 1504 3643 Actibus
1539 3599 1719 3644 autem
1770 3590 1879 3645 vim
1925 3592 2250 3648 exserebsnt

671 3677 995 3732 adversariae
1022 3678 1281 3748 potentias
1305 3678 1608 3735 victricem.
1649 3679 1841 3737 Manus
1874 3681 2085 3738 illorum
2109 3721 2126 3748 ,
2157 3699 2247 3738 ac-

671 3779 758 3826 tus
781 3770 935 3836 dicit,
980 3770 1095 3826 sive
1128 3771 1206 3826 rei
1253 3772 1504 3842 gerenda:
1529 3787 1715 3827 curam
1759 3784 2086 3842 susceptam.
2118 3775 2249 3830 Erat

670 3871 852 3918 autem
882 3863 1001 3918 hac
1034 3861 1346 3933 evangelica
1379 3863 1713 3933 praedicata),
1749 3878 1872 3936 quae
1892 3865 2101 3938 gladius
2121 3883 2249 3938 quo-

671 3969 778 4024 que
811 3953 1146 4018 nominatur,
1178 3954 1308 4024 quis
1341 3954 1606 4010 malorum
1652 3965 1710 4012 et
1745 3956 2085 4026 itnpurorum
2133 3959 2248 4029 spi-

672 4048 873 4101 rituum
920 4059 1117 4116 greges
1164 4047 1553 4117 persequitur,
1605 4055 1661 4102 et
1714 4063 2007 4120 oppressas
2064 4033 2251 4122 inique

671 4147 862 4209 gentes
910 4137 1212 4204 ulciscitur,
1260 4148 1318 4194 et
1371 4138 1771 4196 idololatricum
1826 4143 2009 4213 populi
2039 4143 2244 4200 cultum

671 4230 939 4285 emendat.
1371 4228 1375 4232 ί

674 4404 840 4462 Vsus.
866 4405 919 4462 8.
954 4406 1035 4461 Ad
1066 4407 1365 4480 alligandos
1390 4425 1533 4481 reges
1558 4425 1740 4465 eorum
1763 4413 2120 4484 compedibus,
2136 4427 2244 4475 etc.

743 4499 1190 4572 Quandoquidem
1218 4502 1360 4558 haud
1387 4502 1548 4560 aliter
1574 4503 1778 4562 licebat
1800 4509 2014 4579 eripere
2060 4524 2126 4566 ac
2169 4509 2240 4564 li-
2274 4509 2318 4564 D

675 4593 870 4647 berare
914 4607 1011 4649 eos
1048 4593 1142 4664 qui
1173 4593 1476 4651 daemonum
1529 4595 1661 4653 olim
1699 4602 2088 4668 premebantur
2123 4616 2244 4659 ser-

673 4688 826 4755 vitio,
856 4687 963 4744 nisi
989 4687 1209 4745 domitis
1247 4690 1586 4762 slligatisque
1616 4691 1856 4764 ipsorum
1884 4694 2245 4766 principibus,

2354 3217 2536 3272 αὐτῶν
2557 3219 2857 3289 ἡλωκότας.
2899 3219 3130 3283 Οικείως
3159 3218 3216 3272 δὲ
3258 3218 3358 3291 τὴν
3389 3219 3489 3290 μὲν
3526 3218 3800 3290 μάχαιραν
3833 3217 3952 3273 τῶν

2355 3311 2637 3382 στομάτων
2679 3313 2738 3365 ὲν
2766 3313 2893 3375 ταῖς
2929 3310 3194 3379 πράξεσιν
3240 3311 3482 3383 ἐνεργεῖν
3525 3312 3555 3365 ό
3595 3311 3752 3380 λόγος
3800 3329 3951 3384 παρ-

2353 3400 2572 3472 έστησε,
2625 3399 2731 3466 τὰς
2761 3400 2818 3454 δὲ
2844 3402 3114 3470 ὐψώσεις
3139 3399 3246 3454 τοῦ
3278 3399 3427 3455 Θεοῦ
3455 3400 3526 3454 ἐν
3569 3399 3651 3467 τῷ
3689 3401 3951 3471 στόματι

2353 3492 2572 3560 αὐτῶν,
2603 3495 2755 3564 φωνῇ
2779 3491 2887 3564 γὰρ
2909 3492 3148 3565 ἐχρῶντο
3180 3493 3273 3546 ἐπὶ
3294 3492 3617 3566 διδασκαλίᾳ
3635 3493 3730 3547 τοῦ
3753 3493 3946 3563 λόγου.

2354 3587 2509 3658 παρὰ
2532 3589 2643 3650 τοῖς
2664 3586 2887 3641 ἀκούειν
2917 3585 3237 3658 δυναμένοις
3262 3585 3592 3657 άνυψοῦντες
3623 3586 3714 3640 τὸν
3735 3585 3910 3658 ὕμνον
3928 3604 3944 3618 ·

2354 3682 2476 3744 ταῖς
2510 3679 2570 3734 δὲ.
2614 3679 2878 3752 πράξεσιν
2925 3679 3079 3750 ἰσχὺν
3125 3674 3273 3750 εἶχον
3318 3679 3709 3752 καθαιρετικὴν
3755 3679 3950 3752 πάσης

2355 3771 2740 3844 ἀντικειμένης
2763 3770 3064 3842 δυνάμεως.
3093 3769 3296 3844 Χεῖρας
3322 3771 3423 3843 μὲν
3454 3770 3634 3826 αὐτῶν
3658 3770 3757 3836 τὰς
3794 3773 3950 3844 πρά-

2358 3865 2470 3930 ξεις
2516 3865 2705 3935 φησὶν,
2761 3864 2880 3934 ἦτοι
2926 3863 2993 3935 ἢν
3047 3863 3481 3936 μετεχειρίζοντο
3531 3861 3944 3936 πραγματείαν.

2354 3955 2505 4028 Αὕτη
2527 3956 2584 4010 δὲ
2610 3952 2678 4029 ἦν
2703 3958 2732 4010 ὁ
2753 3956 3107 4026 εύαγγελικὸς
3133 3954 3310 4025 λόγος,
3331 3955 3392 4020 δς
3415 3956 3510 4010 καὶ
3537 3954 3781 4028 ῥομφαία
3803 3954 3949 4009 ὠνο-

2358 4048 2562 4120 μάσθη,
2588 4046 2924 4104 ὲκδιώκουσα
2948 4049 3047 4114 τάς
3078 4047 3186 4102 τῶν
3208 4049 3461 4122 πονηρῶν
3490 4051 3585 4104 καὶ
3608 4048 3948 4121 ἀκαθάρτων

2355 4143 2684 4215 πνευμάτων
2731 4143 2966 4212 ἀγέλας·
3018 4144 3194 4196 ποιεῖν
3236 4151 3297 4196 τε
3347 4142 3448 4214 τὴν
3493 4132 3770 4214 ἐκδίκησιν
3825 4143 3949 4197 τῶν

2359 4235 2706 4308 ἠδικημένων
2733 4234 2922 4301 ἐθνῶν,
2949 4236 3045 4291 καὶ
3087 4234 3327 4305 ἐλέγχειν
3356 4234 3452 4289 τοῦ
3493 4234 3622 4288 λαοῦ
3654 4236 3753 4307 τὴν
3781 4235 3949 4290 εἰδω-

2354 4324 2512 4379 λολατ
2520 4343 2579 4398 ρε
2586 4327 2690 4381 ίαν.
2937 4352 2939 4354 ·

2361 4418 2470 4473 Τοῦ
2485 4417 2717 4474 δεῖσθαι
2733 4418 2875 4486 τοὺς
2897 4418 3182 4486 ,βασιλεῖς
3202 4417 3479 4477 αὐτῶνέν
3493 4417 3722 4486 πέδαις,
3738 4437 3793 4474 κ.
3809 4437 3863 4474 τ.
3884 4420 3940 4476 λ.

2429 4509 2648 4582 Ἐπειδὴ
2675 4511 2776 4565 οὐκ
2798 4511 2975 4576 άλλως
3009 4508 3078 4583 ἦν
3113 4510 3478 4582 ὑπεξαγαγεῖν
3506 4512 3602 4566 καὶ
3632 4511 3944 4586 ἐλευθερῶ.

2351 4619 2438 4656 σαι
2470 4602 2602 4666 τοὺς
2623 4603 2792 4657 πάλαι
2823 4605 2937 4668 τοῖς
2975 4603 3195 4677 δαίμοσι
3247 4600 3679 4676 δεδου“ωμένους
3718 4605 3752 4678 ἢ
3797 4607 3948 4662 καθ-

2352 4694 2733 4760 υποτάεαντας
2749 4695 3017 4768 πρότερον
3043 4697 3140 4751 καὶ
3155 4697 3569 4770 καταδήσαντας
3585 4700 3714 4763 τοὺς
3730 4698 3942 4772 ἄρχον-

675 4781 871 4835 merito
901 4780 1015 4835 haec
1061 4780 1240 4852 pergit
1269 4781 1475 4837 dicere.
1518 4780 1649 4839 Loci
1684 4797 1904 4839 sensum
1951 4799 2245 4856 cognosces

2351 4804 2446 4852 τας
2474 4787 2676 4852 αὐτῶν,
2728 4787 2954 4852 εἰκότως
2995 4787 3335 4846 ἑπιλὲλεκται
3380 4789 3576 4845 ταῦτα.
3608 4791 3839 4863 Νοήσεις
3877 4793 3943 4849 δὲ

674 4873 837 4929 etiam
861 4889 892 4927 a
923 4873 1229 4930 Servstoris
1256 4889 1390 4931 voce
1419 4875 1650 4933 dicentis
1687 4895 1703 4933 :
1741 4876 2018 4944 Quomodo
2049 4878 2243 4950 aliquis

2351 4882 2441 4934 καὶ
2477 4882 2637 4936 τοῦτο
2671 4881 2781 4936 ἀπὸ
2821 4881 2922 4952 τῆς
2965 4883 3233 4954 σωτηρίου
3263 4883 3469 4954 φωνῆς,
3504 4877 3667 4957 δι’νῆς
3691 4882 3938 4957 εἴρηται·

674 4968 877 5038 ingredi
915 4978 1081 5036 potest
1125 4969 1338 5023 domum
1378 4969 1569 5039 (ortis,
1602 4971 1815 5041 ejusque
1843 4988 1966 5026 vasa
1990 4972 2240 5041 diripere,

2346 4973 2480 5044 Πῶς
2496 4976 2749 5032 δύναταί
2765 4995 2856 5045 τις
2876 4978 3174 5035 εἰσελθεῖν
3194 4981 3279 5046 εις
3299 4980 3415 5048 τὴν
3425 4978 3622 5034 οὶκίαν
3643 4980 3748 5035 τοῦ
3764 4984 3944 5052 ισχυ-

675 5062 778 5116 nisi
806 5061 952 5130 prius
979 5060 1168 5131 [oriens
1197 5062 1513 5134 alligaverit,
1546 5076 1602 5117 ut
1633 5073 1746 5118 tum
1779 5066 1990 5119 demum
2022 5065 2239 5118 domum

2351 5068 2450 5135 ροῦ
2471 5071 2568 5124 καὶ
2589 5071 2662 5125 τὰ
2674 5072 2868 5140 σκεύη
2893 5072 3079 5127 αὑτοῦ
3092 5071 3441 5143 διαρπάσαι,
3461 5069 3571 5128 ἐὰν
3584 5071 3671 5144 μὴ
3693 5071 3942 5143 πρῶτον

745 5237 791 5269 ⁸⁸
815 5236 994 5295 Colos.
1027 5253 1111 5305 ιιι,
1136 5239 1205 5295 5.
1266 5240 1312 5273 ”
1360 5239 1403 5297 Il
1427 5241 1554 5298 Cor.
1585 5257 1659 5308 tv,
1689 5243 1776 5299 10.
1868 5245 1912 5278 “
1943 5245 1964 5300 l
1994 5245 2189 5302 Thess.
2225 5263 2298 5314 tv,
2321 5249 2421 5306 .12.
2506 5251 2553 5284 "
2598 5251 2664 5306 lll
2699 5251 2901 5324 Reg.u,
2929 5253 3017 5309 lo.

715 5351 858 5434 .(52)
884 5354 1037 5434 Alius
1065 5351 1232 5413 codex
1247 5397 1274 5434 _,
1320 5360 1497 5434 στόμα
1533 5362 1733 5417 αὐτῶν.
1773 5394 1839 5405 -
1879 5363 2044 5421 Vides
2071 5365 2239 5422 Euse-

677 5423 823 5476 bium
842 5428 1042 5508 strith
1066 5441 1227 5508 sensu
1247 5423 1743 5508 intellexisse‘apud
1766 5435 2241 5508 aquilamoropd-

676 5508 784 5573 των
832 5506 896 5576 c_x
926 5492 1450 5576 Δξίιιιιιιιιὶιῑουηνξλνεδ
1517 5492 1905 5576 φής’άιιριὶὁὶε.
1953 5505 2068 5576 (Sic
2105 5492 2195 5564 aio
2223 5547 2241 5572 .

680 5562 805 5647 quia
824 5561 1032 5647 ‘Lntine
1064 5581 1167 5647 no_n
1193 5561 1423 5647 dicimus
1453 5573 1622 5647 arium
1658 5561 1744 5647 vel
1785 5592 1938 5629 orum
1957 5561 2072 5633 ‘cisi.
2113 5561 2237 5647 gen:

679 5632 947 5721 pluEiAAt
978 5635 1038 5721 in
1061 5637 1368 5721 polyglottis
1395 5639 1568 5721 Lond.
1611 5645 1839 5721 acierum
1885 5632 2045 5702 sensu
2072 5632 2244 5721 992n—

682 5702 908 5768 pborice
931 5744 946 5772 ,
975 5702 1517 5780 quétu'signiticatutn
1553 5714 1677 5770 inde
1707 5713 2047 5786 desumptutu
2072 5702 2241 5775 hient-

3126 5254 3176 5288 "
3204 5252 3349 5313 Psal.
3382 5271 3467 5311 Lvt
3500 5298 3513 5320 ,
3553 5256 3608 5311 5.

2339 5367 2628 5447 Euconius
2677 5372 2741 5447 i_n_
2764 5370 3022 5447 Hexnplis
3057 5373 3325 5447 apposuit_
3357 5374 3459 5447 ipsi
3501 5372 3729 5447 Aquila}.
3759 5374 3936 5447 Atqui

2338 5439 2606 5499 Eusebius
2643 5443 2746 5498 nisi
2789 5445 2854 5498 ad
2889 5439 3141 5499 strictuni
3174 5439 3752 5514 vocabu'li'onginnlis
3795 5439 3937 5503 leh-

2339 5528 2462 5567 sum
2512 5514 2874 5596 respexisset,
2921 5515 3175 5586 Aquilam
3220 5515 3291 5572 de
3333 5514 3613 5572 idiOtismo
3654 5515 3936 5575 ilebraico

2341 5598 2493 5638 reum
2519 5598 2625 5639 non
2659 5595 2878 5652 egisset.

2393 5653 2527 5726 455)
2557 5655 2643 5712 Al.
2675 5657 2821 5722 cod.,
2850 5654 2960 5714 τῶν
2991 5655 3250 5712 τοιούτων
3279 5657 3545 5714 ἐναντίον.
