4100 6286
210 324 268 378 Π
1126 314 1637 372 COMMENTARIA
1677 314 1742 368 IN

1886 314 2045 373 ΛΑΜ.
2088 348 2155 357 ο-
2188 311 2595 370 ΡΒᾸΞΓΑΤΙΟ.
3417 315 3486 365 78

212 451 389 508 ricam,
417 453 474 499 et
518 443 756 513 gladium
800 441 1044 512 spiritus.
1106 440 1243 495 Sunt
1274 450 1456 496 autem
1490 440 1781 495 daemonio-

1890 441 1988 512 τὴν
2044 440 2476 513 περικεφαλαίαν
2509 438 2609 492 καὶ
2661 435 2887 506 Θώρακα
2943 436 3035 488 καὶ
3079 435 3177 505 τὴν
3212 434 3488 507 μάχαιραν

210 553 312 591 rum
339 535 558 598 domus,
591 533 962 590 maleficorum
992 533 1271 588 hominum
1307 531 1780 613 congregationcs,

206 645 329 699 quas
371 629 541 683 etiam
595 627 825 697 implere
884 626 1085 681 vellent
1129 625 1357 696 spoliis,
1404 626 1457 679 id
1496 634 1582 679 est
1628 625 1785 679 bonis

206 722 495 792 quejustis
525 720 792 789 eripiunt.
832 719 996 789 Atqui
1032 716 1307 788 quomodo
1336 716 1510 785 spolia
1543 715 1786 785 appellas

203 830 278 879 ea,
308 828 423 882 qua:
458 813 609 866 haud
635 812 761 868 belli
788 811 917 882 jure
946 810 1162 881 cepisti,
1205 808 1299 864 sed
1341 809 1455 865 sola
1494 808 1785 877 iniquitate

203 906 330 959 male
367 906 462 958 tibi
497 912 660 973 parta
691 903 855 958 sunt?

261 998 308 1051 8.
334 995 402 1049 Et
425 1008 677 1068 torquem
703 1012 922 1050 aureum
958 996 1096 1046 circa
1122 993 1315 1047 collum
1340 1002 1507 1046 tuum.
1536 989 1780 1045 Eusebii.

193 1086 351 1143 Sicuti
386 1102 556 1157 caput
584 1099 642 1142 et
682 1087 884 1143 collum
919 1088 1177 1141 denotant
1204 1094 1463 1149 mentem,
1506 1086 1576 1137 ita
1613 1082 1781 1136 etiam

184 1182 383 1251 torquis
420 1191 481 1237 et
526 1196 736 1236 corona
772 1181 1081 1236 scientiam.

1886 534 1979 588 τοῦ
2028 534 2365 604 πνεύματος
2422 528 2557 585 οἶκοι
2608 530 2664 583 δὲ
2704 528 2884 584 αὐτῶν
2922 530 2979 581 αἱ
3005 527 3112 580 τῶν
3161 526 3487 599 κακούργων

1886 628 2196 700 ἐκκλησίαι,
2235 626 2299 691 ἃς
2328 627 2421 680 καὶ
2451 624 2729 697 ἐμπλῆσαι
2757 623 3052 693 βούλωνται
3090 620 3321 686 σκύλων,
3365 622 3484 692 ἢτοι

1888 724 2119 796 καρπῶν
2161 716 2238 777 ὧν
2268 724 2331 775 ἐκ
2360 720 2469 774 τῶν
2495 718 2720 773 δικαίων
2750 716 3057 790 ἁρπάζουσι
3076 733 3090 746 ·
3139 713 3258 777 πῶς
3304 714 3361 766 δὲ
3391 714 3485 767 καί

1889 815 2062 870 σκῦλα
2090 812 2518 885 προσαγορεύεις
2543 810 2614 865 τὰ
2645 810 2720 882 μὴ
2750 809 2988 880 πολέμου
3017 808 3166 879 νόμῳ
3188 805 3483 877 ληφθέντα,

1886 911 2001 965 ἀλλ’
2020 912 2080 964 ἐκ
2106 906 2319 979 γυμνῆς
2338 906 2441 976 τῆς
2469 906 2683 968 ἀδικίας
2709 902 2895 966 κακῶς
2931 918 3011 954 σοι
3047 898 3481 971 περιγενόμενας

1959 1012 2028 1077 η’.
2060 1002 2174 1057 Καὶ
2205 999 2416 1055 κλοιὸν
2452 999 2718 1067 χρύσεον
2745 994 2880 1063 περὶ
2918 992 2998 1059 τῷ
3035 992 3341 1062 τραχήλῳ.
3377 990 3484 1044 Εὐ-

1888 1098 2093 1153 σεὸίου.
2132 1096 2347 1165 Ὥσπερ
2381 1092 2436 1146 δὲ
2464 1090 2675 1161 κεφαλὴ
2690 1088 2798 1143 ’καὶ
2830 1085 3101 1159 τράχηλος
3122 1085 3212 1139 τὸν
3238 1082 3363 1137 νοῦν
3385 1082 3486 1155 δη·-

1888 1191 2089 1254 λοῦσιν,
2123 1188 2268 1244 οὕτω
2291 1187 2384 1240 καὶ
2404 1185 2581 1246 κλοιὸς
2609 1184 2703 1236 καὶ
2732 1181 2998 1251 στέφανος
3025 1178 3126 1248 τὴν
3153 1175 3377 1245 γνῶσιν.

190 1312 3342 1364 W

1284 1485 2382 1665 ΕΥΣΕΒΙΟΥ

1380 1768 1608 1856 ΤΟΥ
1682 1761 2287 1856 ΠΑΜΦΙΛΟΥ

402 1962 1687 2106 ΥΠΟΜΝΗΜΑΤΑ
1760 1966 2023 2094 ΕΙΣ
2098 1960 2450 2095 ΤΟΝ
2530 1954 3204 2094 ΗΣΑΙΑΝ.

943 2360 1706 2521 EUSEBII
1800 2356 2738 2518 PAMPHILI

787 2653 1850 2774 COMMENTARIA
1940 2654 2089 2769 IN
2171 2652 2854 2767 HESAIAM.

1238 2879 1611 2943 (Μοππωαοπ,
1638 2874 1867 2931 Collectio
1889 2890 2010 2928 nam
2039 2879 2266 2939 Patrum,
2292 2884 2325 2926 t.
2359 2879 2442 2941 ll.)

1486 3184 2179 3280 ΡΒΛΕῈΑΤΙΟ.

245 3387 359 3443 Non
384 3388 445 3444 in
469 3387 659 3442 animo
690 3393 847 3448 erat,
880 3396 1004 3437 cum
1045 3384 1115 3437 ab
1158 3380 1310 3437 initio
1338 3381 1482 3437 hanc
1517 3380 1785 3453 συλλογὴν
1815 3388 1860 3444 Β
1890 3379 2086 3435 decimi
2121 3378 2329 3444 saeculi,
2366 3376 2456 3433 ubi
2490 3376 2876 3448 Expositioncs
2900 3376 3120 3433 Eusebii
3146 3386 3201 3434 et
3233 3376 3486 3444 aliorum.

194 3494 403 3551 operum
449 3479 667 3551 publico
696 3476 1111 3533 destinabamus
1140 3474 1281 3540 usui,
1318 3474 1532 3531 Eusebii
1580 3476 1631 3529 in
1676 3472 1783 3529 He-

194 3572 354 3628 niam
400 3572 480 3643 (i)
520 3568 953 3629 Commentariis
999 3582 1219 3623 manum
1257 3567 1552 3623 admovere
1602 3585 1617 3621 :
1660 3581 1785 3621 nam

196 3676 305 3717 cum
331 3664 505 3718 codex
531 3660 592 3716 S.
620 3659 849 3716 Taurini
898 3657 1248 3715 Ebroioensis
1288 3657 1564 3715 sexdecim
1607 3656 1785 3711 solum

190 3754 395 3813 Βαλίε
441 3756 633 3826 capita
678 3769 808 3810 cum
856 3752 1268 3809 commentariis
1298 3750 1654 3807 circumferat
1685 3760 1786 3815 ;ut

193 3849 393 3918 reliqua
420 3846 635 3904 sarcire
656 3860 945 3917 possemus
963 3886 980 3909 ,
1006 3844 1347 3901 diuturniore
1372 3858 1539 3914 opera
1566 3852 1623 3900 et
1660 3859 1785 3916 per-

189 3939 484 4005 quisitione
506 3953 643 4006 opus
667 3936 782 3993 fore
815 3937 1161 4006 putabamus.
1191 3933 1395 3992 Verum
1429 3936 1522 3992 ubi
1555 3934 1620 3991 ad
1647 3950 1781 4006 ope-

193 4032 264 4085 ris
293 4030 753 4086 restaurationem
793 4030 1026 4100 amplam
1068 4030 1120 4084 in
1156 4030 1435 4085 codicibus
1476 4029 1659 4100 Regiis
1689 4044 1783 4085 se-

190 4134 361 4193 getem
412 4121 601 4177 oﬂerri
662 4122 817 4178 nobis
867 4122 1381 4189 animadvertimus,
1415 4138 1511 4193 spe
1544 4139 1608 4178 ac
1632 4123 1784 4194 cupi-

191 4216 317 4271 dine
338 4215 472 4270 moti
502 4216 641 4270 bene
672 4215 920 4286 gerendae
947 4216 1058 4280 rei,
1097 4228 1200 4269 nec
1234 4214 1475 4270 deterriti
1522 4215 1783 4271 horumce

189 4308 437 4362 codicum
471 4306 821 4377 legendorum
859 4306 1200 4371 diﬂicultate,
1229 4308 1657 4362 commentarios
1686 4307 1784 4363 de-

190 4407 361 4457 mum,
393 4403 453 4447 ut
481 4392 713 4448 facultas
765 4394 907 4459 tulit,
956 4394 1232 4459 eruimus,
1279 4404 1345 4451 et.
1367 4393 1419 4447 in
1449 4402 1780 4463 postremam

186 4483 417 4553 hujusce
454 4486 585 4539 tomi
634 4496 868 4555 partem,
899 4487 1045 4554 quod
1096 4485 1201 4540 alio
1246 4494 1375 4540 tunc
1417 4501 1523 4539 non
1555 4484 1777 4551 liceret,

187 4576 560 4646 coujiciendos
590 4578 865 4632 duximus.
914 4576 1113 4633 Verum
1150 4587 1260 4632 tum
1312 4578 1415 4631 hac
1449 4578 1515 4631 de
1552 4592 1633 4644 re,
1667 4588 1777 4631 tum

188 4669 258 4726 de
283 4671 681 4726 commentario
713 4672 851 4741 ipso,
897 4687 996 4744 pro
1039 4686 1190 4726 more
1232 4678 1418 4726 nostro
1459 4668 1677 4740 praefari
1711 4684 1778 4725 ne

189 4779 503 4833 paremur.
1007 4817 1059 4846 .

945 4880 1042 4949 §l.

195 4948 269 5024 be
294 4971 559 5041 codicijus
598 4972 737 5027 unde
776 4973 1035 5041 prodeunt
1058 4970 1271 5025 Eusebii
1302 4969 1693 5025 Commentario
1724 4970 1779 5022 in

848 5042 1117 5098 Hesaiam.

262 5133 463 5206 Utj'am
492 5138 675 5193 dicere
717 5138 1131 5206 occupavimus,
1172 5136 1344 5191 codex
1388 5134 1736 5192 Ebroicensis
1763 5174 1778 5199 ,

196 5226 322 5282 olim
360 5230 645 5285 cardinalis
678 5229 949 5293 Perronii,
974 5245 1133 5299 quem
1176 5227 1264 5282 ille
1294 5229 1346 5281 in
1380 5227 1531 5281 Italia
1570 5242 1635 5281 ex
1683 5241 1778 5279 ve-

201 5321 355 5375 tustis
400 5323 672 5379 codicibus
707 5321 947 5378 exscribi
1001 5306 1253 5385 curavit,
1292 5324 1432 5375 inter
1482 5320 1585 5373 alia
1643 5323 1781 5373 bene

204 5411 356 5465 multa
382 5412 850 5471 Commentarium
884 5411 1097 5465 Eusebii
1130 5412 1183 5466 in
1223 5412 1467 5467 Psalmos
1492 5450 1505 5476 ,
1529 5420 1584 5465 et
1613 5410 1782 5464 Euse-

205 5503 268 5557 bii
296 5506 515 5577 ejusdem
546 5512 600 5565 in
642 5507 911 5563 ﬂesaiam
952 5507 1221 5560 sexdecim
1256 5506 1433 5574 capita
1472 5504 1780 5573 complecti-

203 5605 287 5657 tur.
310 5604 387 5663 Ad
410 5605 526 5665 διες
552 5620 690 5663 vero
722 5616 800 5657 ex
834 5599 1022 5655 codice
1049 5598 1220 5669 Regio
1254 5615 1402 5653 mnn.
1450 5597 1614 5661 2438,
1647 5600 1778 5652 duu-

1890 3489 1997 3529 non
2032 3472 2281 3543 excerpti
2314 3482 2370 3528 et
2389 3472 2698 3542 compendii
2726 3488 2898 3538 more,
2942 3473 3037 3529 sed
3080 3471 3215 3538 fuse,
3246 3484 3407 3545 prout
3433 3476 3488 3531 in

1889 3566 2024 3637 ipsis
2074 3566 2391 3621 auctoribus
2423 3564 2749 3631 exstabant,
2790 3573 3162 3633 assumuntur,
3199 3566 3490 3625 Commen-

1888 3659 2060 3713 tarios
2092 3672 2121 3712 ι
2156 3657 2417 3714 vicesimo
2461 3666 2662 3713 octavo
2690 3658 2869 3728 capite
2909 3659 2977 3715 ad
3009 3660 3489 3731 quadragesimum

1885 3751 2124 3821 primum
2166 3752 2401 3807 mutuati
2447 3766 2661 3807 sumus.
2712 3749 2945 3823 Reliqua
2991 3768 3127 3809 vero
3166 3768 3234 3809 ex
3268 3753 3491 3813 Catenis

1858 3844 2074 3916 ,Regiis
2104 3844 2497 3914 manuscriptis
2536 3843 2828 3909 sarcimns,
2859 3860 3017 3902 num.
3066 3845 3229 3915 1891,
3264 3846 3408 3903 1892
3433 3856 3493 3905 et

1884 3936 2047 4006 2157,
2083 3950 2313 4008 quarum
2357 3939 2538 4009 prima
2587 3946 2643 3993 et
2676 3946 2975 4008 postrema,
3028 3938 3490 4008 membranacea,

1885 4030 2083 4085 decimi
2118 4030 2304 4085 saeculi
2329 4040 2477 4085 sunt.
2500 4029 2577 4085 Ea
2606 4043 2739 4086 vero
2760 4029 3047 4100 qu331892
3079 4039 3318 4099 notatur,
3333 4033 3493 4089 bom-

1885 4124 2103 4195 bycina,
2143 4124 2455 4179 duodecimi
2487 4124 2709 4192 saeculi,
2740 4139 2804 4180 ac
2860 4124 3021 4197 longe
3076 4124 3320 4182 melioris
3348 4136 3491 4184 notaI

1882 4226 1939 4270 et
1968 4216 2096 4271 ﬁdei
2134 4224 2217 4272 est
2268 4232 2432 4286 quam
2469 4216 2613 4271 alia}.
2657 4214 2727 4271 Ut
2762 4228 2943 4272 autem
2997 4233 3065 4273 ex
3126 4234 3336 4285 eorum,
3368 4235 3491 4290 quae.

1885 4308 2096 4379 integra
2125 4318 2440 4379 supersunt,
2467 4310 2891 4379 comparatione
2934 4310 3198 4379 liquidum
3239 4322 3343 4376 est,
3372 4313 3490 4369 hac

1882 4410 2074 4454 catena
2100 4401 2389 4456 admodum
2420 4417 2594 4471 pauca
2650 4404 2874 4471 omittit,
2903 4404 3299 4473 explicationes
3353 4406 3490 4461 inte-

1883 4504 2005 4560 gras
2036 4488 2214 4556 aﬂert,
2248 4491 2577 4562 Eusebiique
2617 4493 2925 4548 orationem
2948 4534 2964 4558 ,
2996 4510 3096 4551 nec
3125 4495 3345 4550 brevius
3377 4512 3481 4552 nec

1883 4595 2038 4635 secus
2064 4583 2343 4651 exprimit.
2376 4583 2544 4653 Hujus
2569 4584 2698 4639 item
2733 4586 2808 4640 rei
2848 4594 3226 4656 argumentum
3254 4601 3324 4642 ex
3352 4587 3478 4643 Hie-

1882 4674 2094 4743 ronymi
2127 4675 2181 4729 in
2214 4674 2467 4730 Hesaiam
2485 4675 2906 4731 Commentariis
2931 4678 3163 4735 eruitur.
3201 4677 3333 4733 Nam
3353 4696 3478 4736 cum

1890 4766 2253 4838 Hieronymus
2283 4768 2500 4824 Eusebii
2526 4771 3009 4839 interpretationes
3033 4788 3139 4827 non
3173 4772 3488 4843 infrequen-

1892 4866 1974 4910 ter
2006 4858 2072 4911 ad
2105 4860 2329 4914 verbum
2364 4875 2502 4929 pene
2534 4861 2849 4925 transferat,
2875 4863 3004 4917 hinc
3038 4862 3351 4932 conjectura
3382 4878 3487 4928 est.

1891 4950 2077 5017 plenas
2110 4950 2230 5007 illas
2262 4952 2611 5025 integrosque
2636 4955 2688 5007 in
2716 4954 2922 5010 Catena
2952 4953 3157 5023 afferri,
3188 4957 3377 5026 quales
3409 4962 3493 5014 ni-

1890 5045 2087 5098 mirum
2115 5044 2484 5118 Hieronymus
2520 5062 2587 5103 ex
2620 5047 3048 5105 Commentariis
3084 5060 3342 5105 verterat.

1962 5135 2181 5192 Monere
2234 5154 2299 5193 ne
2339 5140 2522 5208 pigeat
2575 5142 2822 5197 codicem
2861 5142 3238 5198 Colbertinum
3298 5159 3494 5198 ηυηιο-

1891 5243 1951 5282 ro
1976 5228 2139 5295 $2596,
2177 5230 2307 5285 olim
2351 5231 2700 5288 Bibliotheca:
2744 5233 3005 5297 Thuanae,
3045 5235 3259 5288 initium
3320 5234 3489 5289 Coni—

1892 5324 2289 5377 mentnriorum
2343 5324 2527 5378 Basilii
2583 5327 2632 5379 in
2688 5324 2965 5393 ﬂesaiam,
2998 5328 3213 5383 Eusebii
3266 5332 3492 5383 nOInitm

1890 5416 2245 5472 circumferre
2284 5420 2386 5473 hoc
2421 5422 2614 5485 modo,
2644 5420 2907 5475 Εὑσεϐίου
2940 5422 3033 5475 τοῦ
3074 5424 3363 5496 ῌαμφίλου
3397 5427 3490 5496 ἐρ-

1893 5511 2091 5579 μηνεεα
2127 5514 2204 5574 εἰς
2232 5512 2324 5565 τὸν
2360 5515 2650 5585 προφήτην
2693 5516 2923 5569 Ἡσαΐαν
2945 5516 3102 5584 λόγος
3125 5518 3195 5569 α’.
3228 5518 3360 5573 iuit.
3388 5520 3491 5572 Εὕ-

1892 5600 2050 5664 5130:
2082 5603 2156 5675 μὴ
2179 5605 2430 5673 γενέσθαι
2450 5606 2549 5678 τὴν
2585 5609 2759 5679 φυγὴν
2782 5607 2955 5661 ὑαῶν.
2981 5609 3183 5665 Deinde
3204 5624 3331 5663 vero
3354 5612 3491 5678 haec,

237 5727 303 5800 {I1
328 5727 590 5786 Enniam
636 5738 765 5779 non
823 5717 1025 5774 Isaiam
1071 5718 1379 5784 scribimus,
1412 5732 1601 5773 vocem
1630 5716 1872 5772 Grmcam
1945 5722 2173 5785 Ἡσαΐας
2236 5722 2550 5792 sequentes,
2620 5728 2720 5781 etsi
2795 5725 3057 5779 llcbraice
3084 5720 3492 5790 mmilesainf:

168 5805 420 5863 scribatur.
