4100 6286
731 349 805 409 ⁸19
1398 343 1666 404 EUSEBH
1702 344 2179 405 CESARIENSlS
2212 345 2365 404 OPP.
2404 345 2591 404 PARS
2629 344 2718 404 Ill.
2758 377 2828 388 —
2867 339 3281 405 EXEGETICA.

733 483 855 540 qua
909 465 1050 538 apud
1079 463 1338 522 Basilium
1385 479 1494 520 una
1531 465 1676 522 serie
1720 466 1990 538 leguntur,
2026 483 2148 523 cum
2206 468 2305 523 hoc
2337 475 2380 532 Α
2410 481 2536 522 nros
2563 466 2826 538 legerem,
2853 466 2996 523 aliud
3025 476 3195 522 modo
3237 467 3438 538 reperi,
3465 480 3630 538 quam
3666 469 3848 528 indice
3874 485 4014 542 pro~

731 559 889 617 titulo
919 566 1154 628 exstant,
1171 557 1425 626 ὑπόθεσις
1453 557 1736 618 Εὐσεϐῑου.
1755 559 1877 615 lnit.
1921 560 2139 633 Ἐπειδὴ
2161 578 2271 616 κατι

2407 559 2675 614 mittebat.
2708 559 3028 631 Ubicunque
3059 559 3205 616 enim
3257 574 3383 616 eum
3435 560 3662 616 historia
3701 561 4002 628 defecerit,

730 651 958 726 χρόνους
987 651 1210 722 γιγονεν
1237 650 1267 705 6
1311 652 1618 723 προφήτης.
1647 650 1778 708 Post
1809 652 1926 708 hac
1957 651 2303 708 Commenta-

2406 649 2602 704 transit
2640 649 2706 704 ad
2734 648 3069 720 allegoriam,
3103 657 3161 705 et
3189 649 3264 706 ita
3305 659 3557 722 separata
3590 651 3888 717 consociat,
3927 663 4003 708 nt

730 743 848 799 rius
878 741 1164 798 inchoatur
1183 741 1270 797 bis
1301 741 1480 796 verbis
1516 759 1530 796 :
1572 741 1805 816 ὀρασις
1849 749 1920 799 α’.
1956 743 2190 815 ὀρασις
2233 744 2268 816 ἢ

2404 738 2576 794 mimr
2620 753 2742 795 eum
2788 755 2927 796 nova
2974 741 3242 797 sermonis
3268 741 3474 799 fabrica
3511 745 3565 799 in
3600 760 3763 800 unum
3789 761 4004 816 corpus

726 829 866 890 εἶδεν
898 834 1156 901 Ἡσαΐας,
1204 843 1310 890 etc.
1353 831 1474 888 init.
1522 835 1642 890 Τῶν
1684 836 1816 909 παρ’
1861 837 1994 908 ἡμῖν
2040 836 2302 910 αἰσθητη-

730 927 861 999 ρίων
889 926 953 981 τὸ
977 925 1392 1000 ἐναργέστατον.
1425 925 1612 983 Utrum
1643 935 1823 984 autem
1864 929 1978 984 haec
2009 926 2299 984 Commen-

2400 829 2631 898 lapidem
2661 830 2975 902 ferrumque
2995 832 3350 904 conjungere.
3388 833 3501 890 Hoc
3548 837 3783 892 breviter
3803 838 4006 893 admo-

2399 924 2517 988 nui,
2547 938 2616 979 ne
2643 924 2764 994 quis
2790 938 2892 980 nos
2934 928 3084 995 pute't
3124 941 3192 981 ex
3236 925 3380 982 illius
3425 929 3669 986 fontibus
3713 939 4004 986 mutuasso

727 1020 865 1076 taria
899 1018 1078 1076 Basilii
1112 1017 1222 1074 sint
1257 1033 1465 1086 necne,
1502 1035 1610 1076 non
1665 1021 1801 1076 satis
1849 1019 2109 1076 convenit
2159 1020 2300 1076 inter
2399 1027 2522 1082 quae
2541 1013 2811 1080 ‘diCimﬂS;
2847 1029 2972 1068 nam
2993 1025 3048 1070 ει
3074 1015 3126 1070 in
3147 1018 3403 1085 Praesenti
3435 1020 3675 1090 capitulo
3703 1020 3997 1076 adversum

725 1113 1034 1182 scriptores.
1057 1109 1128 1166 At
1153 1109 1190 1166 ii
1224 1111 1385 1166 etiam
1412 1111 1504 1180 qui
1535 1111 1724 1169 Basilii
1766 1125 1888 1170 esse
1932 1101 2292 1184 propugnant,

725 1200 939 1257 initium
982 1198 1111 1256 illud
1165 1200 1499 1272 pmiationis
1546 1216 1694 1257 more
1731 1202 2071 1273 praemissum
2097 1242 2113 1269 ,
2145 1218 2294 1258 assu-

725 1301 960 1350 mentum
1006 1292 1275 1365 quoddam
1305 1308 1426 1351 esse
1473 1293 1711 1350 fatentur
1745 1295 1927 1365 :quod
1980 1308 2080 1349 nec
2109 1293 2292 1350 Basilii

719 1385 930 1451 sit,nec
954 1383 1355 1442 Commentario
1379 1386 1434 1442 in
1464 1386 1713 1442 Hesaiam
1744 1387 2051 1452 conveniat,
2072 1397 2128 1442 et
2145 1386 2290 1441 aliud

721 1493 941 1549 prorsus
963 1487 1107 1551 agat.
1139 1478 1251 1551 Ego
1273 1494 1402 1536 vero
1425 1478 1657 1549 Eusebio
1685 1478 1857 1534 multo
1877 1477 2056 1536 minus
2090 1478 2289 1534 ascribi

719 1583 878 1639 posse
900 1578 1048 1642 puto,
1072 1577 1182 1625 tum
1207 1569 1275 1627 ob
1301 1570 1425 1643 styli
1445 1569 1866 1641 discrepantiam
1887 1570 2046 1641 plane
2071 1569 2290 1642 conspi-

718 1676 895 1728 cuam,
917 1669 1027 1717 tum
1051 1663 1175 1732 quia
1199 1661 1590 1732 subseqneotes
1614 1661 2020 1728 Commentarii,
2051 1663 2143 1734 qui
2168 1677 2289 1732 per-

717 1753 843 1808 inde
875 1752 1090 1810 Eusebii
1113 1753 1329 1810 nomine
1351 1754 1541 1810 eodem
1573 1754 1626 1809 in
1653 1755 1838 1809 codice
1862 1751 2284 1824 subjunguntur,

2395 1101 2612 1160 Judaeos
2644 1114 2698 1162 et
2739 1103 3170 1177 Hierosolymam
3211 1107 3346 1162 dicit
3386 1110 3725 1180 prophetiam
3776 1111 3934 1182 dirigi
3974 1129 3996 1166 :

2394 1199 2540 1268 quod
2569 1200 2622 1254 in
2676 1200 2942 1271 principio
2997 1201 3121 1257 ildei
3164 1199 3592 1278 Christianaead
3630 1214 3768 1261 totas
3797 1215 3997 1276 gentes

2393 1290 2649 1359 epistolas
2682 1293 2950 1360 miserint,
2979 1308 3047 1349 ne
3069 1294 3416 1364 susciperent
3435 1296 3737 1365 passionem
3756 1297 3988 1364 Christi,

2392 1391 2447 1438 et
2491 1382 2738 1440 miserint
2771 1399 2942 1454 usque
2988 1387 3056 1442 ad
3117 1386 3455 1459 Ethiopiam
3488 1397 3544 1444 et
3583 1390 3987 1446 occidentalem

2393 1475 2630 1546 plagam,
2656 1484 2934 1546 totumque
2970 1477 3159 1532 orbem
3209 1479 3371 1550 hujus
3414 1479 3761 1548 blasphemia
3809 1482 3992 1537 disse-

2392 1565 2689 1623 minatione
2735 1567 3154 1638 compieverint.
3192 1587 3211 1621 ι
3243 1569 3416 1638 Quam
3469 1570 3983 1640 interpretationem

2390 1655 2456 1710 ad
2487 1658 2736 1712 eumdem
2782 1657 2961 1714 locum
3014 1658 3258 1728 pluribus
3301 1661 3646 1731 prosequitur
3677 1662 3941 1719 Eusebius
3963 1702 3984 1727 ,

2390 1758 2445 1802 ut
2472 1748 2667 1817 cuique
2702 1748 2887 1803 videre
2927 1747 3104 1804 liceat.
3141 1748 3293 1817 Quod
3323 1765 3484 1821 porro
3509 1752 3587 1805 ait
3618 1749 3989 1824 Hieronymus

716 1843 912 1902 diversi
951 1859 1173 1916 prorsus
1202 1860 1231 1900 a
1269 1845 1687 1902 Commentariis
1727 1845 1943 1902 Eusebii
1989 1856 2133 1902 sunt.
2171 1845 2279 1903 cu-
2311 1829 2354 1889 Β
2382 1839 2672 1896 Eusebium
2698 1841 2860 1900 modo
2884 1841 3166 1898 iitteralem
3186 1854 3241 1899 et
3283 1843 3626 1909 historicum,
3659 1847 3815 1902 modo
3839 1847 3984 1904 alle-

709 1932 799 2002 jus
832 1946 997 2005 porro
1025 1934 1099 1990 sit
1127 1945 1496 1990 assumeutum
1529 1935 1834 2006 hujusmodi
1865 1949 1973 1991 non
1999 1937 2132 1992 satis
2155 1951 2280 2007 per-

711 2036 976 2094 spectum.
1008 2024 1276 2083 Ceterum
1328 2025 1582 2091 ὑπόθεσις
1607 2027 1717 2094 illa,
1753 2027 1910 2097 cujus
1936 2027 2146 2084 initium
2175 2036 2278 2095 est,

723 2117 940 2192 Ἐπειδὴ
971 2119 1396 2192 κατὰχρόνους,
1426 2129 1484 2175 ut
1521 2135 1684 2192 supra
1722 2120 1987 2186 diximus,
2017 2122 2082 2178 ad
2119 2121 2280 2178 Com-

710 2211 1031 2268 mentarium
1066 2211 1212 2268 illum
1239 2213 1329 2284 qui
1353 2210 1534 2268 Basilii
1563 2213 1785 2269 nomine
1815 2213 2278 2286 insignitur,liaud

707 2303 870 2362 dubie
912 2303 1145 2375 pertinet
1183 2321 1198 2360 :
1241 2320 1365 2361 nam
1407 2305 1462 2361 in
1515 2307 1701 2362 codice
1744 2304 1912 2378 Regio
1955 2307 2280 2379 bombycino

705 2396 1008 2454 duodecimi
1059 2397 1265 2464 seculi,
1299 2399 1354 2454 in
1399 2397 1579 2456 fronte
1621 2398 2033 2471 Expositionum
2079 2399 2132 2455 in
2170 2399 2276 2476 He-

703 2490 875 2546 saiam
904 2490 1087 2547 Basilii
1117 2490 1333 2547 nomine
1357 2491 1724 2562 praemittitur.
1744 2491 1874 2559 Qua:
1902 2500 2080 2547 autem
2107 2492 2275 2564 hypo-

705 2581 840 2640 tbesi
871 2589 1134 2654 precum,
1157 2581 1333 2639 aliena
1358 2593 1414 2640 et
1443 2581 1715 2651 adjectitia
1741 2596 1862 2639 esse
1893 2583 2169 2639 videntur.

707 2761 752 2821 Ι.
793 2761 1110 2819 Testimonia
1149 2773 1374 2819 ceterum
1408 2767 1472 2820 de
1522 2764 1738 2821 Eusebii
1781 2765 2189 2822 Commentariis
2221 2769 2273 2821 in

780 2831 1056 2906 Hesaiam.
1090 2833 1161 2906 ll.
1201 2834 1278 2888 De
1320 2851 1504 2906 genere
1545 2837 1947 2905 interpretandi.
1995 2835 2082 2892 lll.
2120 2838 2275 2892 Nihil

769 2905 917 2980 dubii
973 2904 1558 2980 nepl_mo'_tdt_nrgc.
1597 2904 1692 2980 _l_V.
1726 2906 1843 2973 Quo
1894 2917 2122 2980 tempore
2161 2910 2272 2962 hcce

769 2971 1161 3029 Commentaria
1193 2971 1426 3029 ediderit
1447 2971 1726 3031 Eusebius.

757 3065 799 3118 Ι.
823 3066 1126 3119 Testimonia
1158 3067 1722 3181 veterumueclsgiﬁgsebil
1760 3069 2137 3122 Commentariis
2157 3069 2209 3118 in

766 3213 1125 3285 Hieronymus
1146 3211 1240 3268 lib.
1266 3212 1342 3268 De
1362 3214 1703 3282 scriptoribus
1728 3213 2096 3268 ecclesiasticis
2132 3212 2274 3268 inter

694 3297 799 3354 alia
829 3297 1042 3355 Eusebii
1065 3301 1368 3369 opera,boc
1387 3301 1509 3356 item
1533 3311 1799 3357 recenset.
1818 3301 1888 3356 Et
1910 3303 1968 3356 in
1995 3300 2268 3368 Hesaiam,

693 3391 898 3464 inquit,
927 3391 1088 3446 libros
1131 3393 1329 3446 decem.
1366 3392 1420 3447 In
1472 3393 1694 3462 prologo
1732 3402 1911 3449 autem
1949 3395 2002 3449 in
2040 3394 2267 3465 Exposi-

693 3479 890 3534 tionem
924 3477 1150 3547 Hesaic,
1172 3481 1252 3536 sic
1274 3481 1434 3537 habet
1460 3500 1473 3536 :
1496 3481 1753 3537 Eusebius
1774 3500 1979 3555 quoque
2005 3483 2270 3555 Pamphili

687 3571 845 3639 juxta
869 3570 1168 3626 historicum
1189 3571 1610 3643 explanationem
1645 3575 1944 3646 quindecim
1979 3575 2145 3630 edidit
2177 3591 2266 3630 so-

692 3661 916 3719 lumina.
955 3661 1026 3719 At
1055 3661 1448 3737 Hieronymum
1496 3665 1610 3722 sive
1647 3664 1817 3724 libros
1847 3668 1962 3724 sive
1998 3668 2268 3724 volumina

689 3763 975 3819 memoret,
1003 3753 1237 3823 idipsum
1263 3754 1571 3826 signiﬁcare
1603 3756 1808 3830 liquet;
1842 3773 1969 3814 nam
1993 3759 2048 3814 in
2077 3759 2264 3815 eodem

691 3843 917 3914 prologo
953 3845 1021 3901 de
1053 3842 1287 3918 Origene
1324 3848 1450 3903 talia
1486 3849 1633 3905 tatur
1678 3869 1693 3906 :
1743 3848 2002 3921 Origenes
2046 3853 2265 3922 triginta

687 3936 977 4006 uolumina,
1003 3954 1031 3993 e
1066 3939 1252 4010 quibus
1289 3941 1565 3997 vicesimus
1591 3952 1774 3999 sextus
1812 3943 1944 3999 liber
1985 3960 2090 4000 non
2119 3945 2264 4000 inve-

689 4028 838 4085 nitur
862 4044 881 4093 ;
907 4028 1050 4086 unde
1081 4029 1249 4101 igitur
1276 4032 1437 4088 modo
1480 4031 1689 4100 decem,
1737 4033 1899 4089 modo
1924 4034 2261 4105 quindecim,

687 4118 907 4176 Eusebii
948 4121 1136 4188 libros,
1167 4139 1261 4180 seu
1296 4125 1566 4179 volumina
1591 4133 1809 4181 exstare
1832 4122 1965 4181 dicit
1992 4126 2016 4181 Υ
2045 4126 2102 4182 id
2131 4140 2266 4182 sane

687 4210 774 4266 vel
811 4213 1201 4285 exemplarium
1231 4214 1513 4282 varietati;
1541 4228 1725 4284 parem
1756 4215 1956 4286 quippe
1982 4216 2036 4270 in
2070 4215 2262 4270 Histo-

688 4303 768 4358 ria
791 4305 1142 4359 ecctesiastica
1175 4303 1437 4374 ejusdem,
1457 4306 1861 4361 distinctionum
1893 4307 2260 4362 diversitatem

685 4393 1182 4465 deprehendimus;
1229 4395 1314 4451 vel
1357 4397 1768 4452 amanuensium
1817 4398 1948 4456 vitio
1994 4400 2253 4456 ascribas.

2381 1934 2618 2005 goricam
2644 1936 3011 1991 narrationem
3039 1935 3346 2002 instituere,
3372 1935 3624 1995 omnibus
3641 1938 3813 2007 palam
3844 1939 3980 2004 erit,

2381 2028 2424 2081 si
2455 2026 2534 2081 vel
2566 2026 2897 2098 primoribus
2924 2027 3140 2096 quidem
3193 2027 3361 2082 labris
3403 2028 3504 2083 hos
3531 2027 3982 2085 Commentarios

2382 2117 2682 2188 attigerint.
2737 2115 2891 2185 Quod
2938 2125 3120 2172 autem
3175 2117 3311 2172 dicit
3345 2133 3404 2174 se
3461 2133 3569 2173 non
3629 2119 3982 2174 ex'l-Zusehii

2382 2209 2618 2267 fontibus
2652 2210 2921 2276 hausisse,
2953 2207 3019 2264 de
3069 2218 3182 2264 toto
3229 2209 3632 2266 Commentario
3678 2211 3977 2280 intelligas.

2379 2302 2485 2358 Tot
2509 2303 2654 2359 enim
2679 2313 2936 2376 tantaque
2969 2306 3168 2364 ibidem
3198 2313 3415 2358 enarrat
3443 2303 3824 2376 Hieronymus,
3847 2321 3980 2374 qua

2379 2393 2640 2451 Eusebius
2681 2410 2748 2451 ne
2777 2409 2936 2452 nosse
2961 2394 3178 2466 quidem
3201 2435 3217 2460 ,
3247 2396 3443 2451 nedum
3477 2410 3739 2451 enarrare
3771 2396 3976 2465 potuit,

2378 2495 2438 2539 ut
2494 2485 2838 2556 periniquum
2914 2494 3057 2541 esset
3111 2482 3516 2558 Hieronymiani
3567 2484 3972 2542 Cummentarii

2377 2576 2603 2648 gloriam
2638 2577 2691 2632 in
2725 2575 3019 2632 Eusebium
3069 2577 3344 2632 conferre.
3395 2576 3650 2631 Attamen
3689 2576 3781 2634 ille
3824 2579 3978 2634 bene

2378 2669 2542 2726 multa
2579 2687 2646 2726 ex
2687 2672 2840 2728 hisce
2867 2671 3290 2728 Commentariis
3332 2672 3648 2743 espiscatus
3690 2682 3794 2739 est,
3827 2688 3978 2745 quo-

2379 2779 2496 2817 rum
2525 2764 2802 2819 minimam
2833 2775 3039 2835 partem
3071 2779 3173 2820 nos
3196 2763 3362 2826 variis
3383 2764 3437 2820 in
3467 2763 3602 2820 locis
3629 2759 3975 2830 notavimus.

2375 2857 2642 2916 Caeterum
2695 2858 2798 2915 hac
2846 2859 3101 2914 cautione
3153 2857 3281 2930 jure
3343 2857 3514 2912 utitur
3548 2856 3907 2928 Hieronymus
3947 2870 3968 2910 :

2375 2950 2501 3019 quia
2538 2966 2660 3005 cum
2699 2965 2959 3007 censores
3007 2949 3160 3006 multi
3199 2949 3382 3007 invido
3410 2951 3570 3006 oculo
3607 2950 3724 3022 ejus
3757 2951 3969 3022 scripta

2378 3041 2710 3108 Iustrarent,
2737 3041 3040 3113 periculum
3074 3046 3195 3098 erat
3238 3056 3306 3098 ne
3341 3041 3515 3113 ipsum
3543 3044 3706 3114 plagii
3735 3045 3970 3102 nomine

2380 3131 2766 3200 incesserent;
2812 3131 2906 3188 sed
2963 3131 3094 3189 illud
3142 3131 3337 3202 injuria
3371 3131 3575 3189 factum
3623 3141 3969 3191 essetnam

2376 3222 2622 3294 quantuli
2651 3222 2810 3294 pretii
2845 3232 2975 3278 sunt
3011 3237 3078 3280 ea
3115 3237 3236 3293 qua
3276 3237 3346 3278 ex
3394 3223 3629 3281 Eusebio
3673 3225 3964 3292 delibavit,

2372 3311 2419 3366 si
2455 3321 2837 3381 comparentur
2865 3326 2987 3366 cum
3018 3312 3118 3378 iis,
3146 3325 3270 3382 qua
3302 3313 3364 3368 S.
3408 3311 3609 3391 Doctor
3638 3315 3854 3370 erudite
3887 3313 3973 3372 do

2372 3403 2640 3460 Hebraico
2673 3413 2824 3459 textu
2863 3417 2929 3459 ac
2963 3403 3032 3460 de
3070 3403 3306 3460 lectione
3350 3405 3581 3476 vulgata
3610 3406 3818 3477 passim
3845 3405 3970 3461 dis-

2369 3495 2560 3551 seruit.
2589 3493 2702 3552 Nec
2740 3495 2839 3551 abs
2878 3511 2941 3553 re
2977 3496 3117 3552 forte
3151 3496 3302 3552 dicas
3351 3496 3641 3553 Eusebium
3672 3507 3730 3553 et
3763 3496 3972 3555 Hiero-

2369 3603 2592 3660 nymum
2630 3589 2819 3646 eadem
2846 3590 2962 3663 ipsa
2985 3604 3052 3646 ex
3086 3587 3340 3662 Origenis
3367 3589 3790 3650 Commentariis
3813 3593 3967 3650 hau-

2369 3694 2523 3736 atsse.

2440 3772 2495 3826 in
2522 3771 2981 3829 Praeiiminaribus
3012 3773 3078 3828 ad
3110 3772 3362 3843 Procopii
3394 3772 3861 3830 Commentarinm
3893 3775 3962 3833 in

2369 3862 2620 3920 ilesaiam
2649 3874 2873 3920 curante
2896 3865 3057 3921 Petro
3078 3864 3331 3921 Curterio
3357 3866 3585 3933 editum,
3619 3866 3738 3923 hac
3758 3867 3964 3938 legun-

2369 3967 2457 4011 tur
2480 3973 2546 4012 ex
2568 3957 2752 4012 codice
2774 3956 2966 4011 Renati
2984 3956 3239 4012 Marcbali
3269 3976 3282 4013 :
3309 3956 3636 4031 Μετελήφθη
3663 3959 3694 4012 ὁ
3720 3959 3964 4027 Ἡσαΐας

2366 4043 2473 4098 ἀπὸ
2503 4045 2836 4116 ἀντιγράφου
2871 4043 2962 4099 τοῦ
3008 4045 3153 4100 ἁσσᾶ
3187 4045 3592 4112 ’Δπολλιναρίου
3631 4047 3727 4102 τσῦ
3768 4065 3962 4104 κοινο-

2366 4136 2614 4209 6ιάρχου,
2635 4137 2694 4190 ὲν
2716 4130 2762 4205 ᾧ
2815 4136 3202 4193 καθυπόκειται
3241 4138 3504 4195 “ra-31mm
3561 4139 3893 4214 Μετελήφθη
3927 4142 3963 4197 6

2377 4234 2600 4299 Ἡσαΐας
2639 4235 2703 4287 ὲκ
2750 4233 2858 4289 τῶν
2905 4234 3045 4289 κατὰ
3067 4235 3166 4305 τὰς
3197 4236 3440 4301 ἐκδόσεις
3477 4235 3773 4302 Ἑξαπλῶν,
3817 4237 3962 4291 ἀντ-

2363 4326 2562 4398 εδλὴθη
2604 4325 2660 4379 δὲ
2686 4327 2779 4380 καὶ
2815 4327 2951 4400 πρὸς
2978 4325 3495 4400 ἓτερονΈξαπλοῦν,
3512 4328 3634 4400 ἔχον
3657 4330 3756 4401 τὴν
3769 4344 3961 4401 παρα.

2364 4421 2659 4489 σημείωσιν
2701 4419 2995 4492 satiram...
3060 4421 3408 4494 Διώροωνται
3468 4415 3710 4494 ἀκριϐῶς
3773 4425 3959 4478 πᾶσαι

685 4482 951 4540 Cancrum
977 4485 1090 4541 hac
1118 4500 1210 4541 seu
1257 4485 1618 4554 voluminum,
1643 4501 1737 4543 seu
1767 4487 2027 4544 librorum
2057 4491 2256 4546 distin—

2375 4482 2448 4561 xi"
2480 4510 2742 4574 ἐκδόσεις·
2785 4482 3196 4583 ἀνσεϐλήθησαν
3252 4511 3362 4582 γὰρ
3413 4482 3560 4583 πρὸς·
3607 4482 3961 4584 τειραπλοῧν

687 4578 794 4632 rtio
813 4577 924 4646 jam
961 4579 1048 4634 diu
1079 4579 1256 4648 periit,
1289 4579 1515 4652 ejusque
1539 4595 1608 4638 ne
1644 4583 1926 4654 vestigium
1957 4585 2169 4655 quidem
2203 4587 2255 4639 in

687 4670 968 4726 codicibus
1000 4671 1280 4741 reperitur.

760 4761 902 4816 Idem
934 4761 1292 4834 llieronytnus
1320 4765 1372 4818 in
1417 4765 1637 4836 prologo
1669 4767 1734 4820 ad
1765 4767 1959 4822 librum
1999 4783 2029 4818 ν
2056 4767 2111 4820 in
2151 4767 2252 4822 lle-

685 4853 854 4909 saiam
878 4854 991 4909 haec
1020 4855 1217 4911 habet:
1257 4874 1275 4908 ι
1323 4856 1460 4924 Quid
1512 4858 1671 4929 igitur
1699 4857 1938 4912 faciam?
1967 4859 2257 4914 subeamne

685 4957 842 5016 opus,
875 4945 928 5000 in
958 4961 1064 5016 quo
1091 4948 1439 5002 eruditissimi
1470 4949 1571 5002 viri
1600 4949 1949 5012 sudaverunt,
1973 4949 2257 5020 Origenem

687 5035 876 5105 loquor
903 5047 956 5092 et
987 5037 1274 5092 Eusebium
1311 5039 1608 5110 Pamphili.
1635 5055 1868 5111 quorum
1900 5040 2040 5095 alter
2078 5043 2259 5096 liberis

687 5127 953 5199 allegoria:
989 5129 1177 5198 spatiis
1204 5141 1485 5202 evagatur,
1545 5142 1604 5187 et
1635 5133 2005 5203 interpretatis
2037 5135 2262 5188 nomini-

687 5221 788 5274 bus
816 5220 1168 5290 singulorum,
1199 5224 1472 5294 ingenium
1510 5240 1670 5280 suum
1700 5225 1827 5280 facit
1868 5224 2124 5280 Ecclesia:
2167 5243 2257 5280 sa-

688 5327 962 5369 cramenta
995 5336 1006 5370 :
1039 5315 1177 5370 alter
1207 5318 1516 5372 historicam
1547 5318 1935 5388 expositionem
1968 5319 2123 5372 titulo
2173 5335 2259 5373 re-

689 5405 1035 5470 promittens.
1070 5407 1334 5462 interdum
1386 5409 1720 5463 obliviscitur
1785 5411 2085 5478 propositi,
2120 5421 2172 5464 et
2202 5413 2252 5465 in

686 5488 932 5560 Origenis
965 5495 1098 5548 scita
1151 5497 1394 5551 concedit
1433 5499 1456 5550 ’ἐ
1496 5517 1511 5548 ι
1560 5497 1673 5552 Sub
1709 5499 1820 5553 haec
1871 5511 2050 5553 autem
2101 5501 2255 5555 initio

686 5584 880 5652 capitis
903 5584 1090 5641 decimi
1108 5589 1320 5654 'octavi,
1371 5589 1440 5643 ita
1473 5591 1714 5658 loquitur
1745 5610 1756 5643 :
1797 5611 1814 5642 ι
1848 5592 2106 5648 Eusebius
2140 5593 2251 5648 Cte-

689 5677 945 5732 sniensis
989 5680 1296 5735 historicam
1340 5681 1830 5750 interpretationem
1873 5686 2025 5739 titulo
2071 5701 2253 5754 repro-

689 5768 928 5834 mittens,
960 5770 1180 5827 diversis
1213 5774 1454 5828 sensibus
1511 5784 1804 5846 evagatur;
1842 5777 1989 5845 cujus
2037 5794 2154 5832 Cliti)
2196 5780 2254 5832 ii-

2373 4599 2612 4654 Ἢσαΐαν·
2635 4600 2713 4654 ἔτι
2737 4601 2792 4654 δὲ
2821 4601 2914 4656 καὶ
2938 4602 3402 4674 πρὸςΈξαπλοῦν.
3421 4604 3564 4675 Πρὸς
3590 4603 3822 4668 τούτοις.
3853 4605 3962 4660 καὶ

2361 4690 2467 4742 ἀπὸ
2509 4693 2608 4762 τῆς
2645 4692 2839 4763 ἀρχῆς,
2883 4692 2988 4758 ἕως
3041 4692 3134 4746 τοῦ
3187 4694 3463 4766 ὁράματος
3515 4695 3712 4767 Τύρου,
3760 4696 3960 4767 τὸμων

2362 4778 2700 4851 ἐξηγητικῶν
2751 4785 2830 4845 εἰς
2865 4783 2956 4835 τὸν
2998 4783 3224 4838 Ἡσαΐαν
3261 4786 3587 4857 Ὠριγὲνους,
3641 4786 3736 4840 καὶ
3786 4787 3960 4859 ἀκρι-

2363 4870 2470 4934 ϐῶς
2528 4874 2922 4944 ἐπιστήσαντες
2971 4878 3036 4946 τῇ
3065 4877 3307 4949 ”ὲννοίᾳ,
3362 4878 3483 4931 καθ’
3515 4878 3583 4947 ἢν
3639 4877 3959 4950 ἐξηγήσατο

2363 4965 2597 5038 ἑκάστην
2629 4965 2794 5033 λέξιν,
2829 4967 2950 5020 καθ’
2972 4968 3047 5032 ὡς
3074 4963 3186 5024 οἷόν
3224 4987 3282 5024 τε
3323 4967 3412 5042 ἦν,
3440 4971 3534 5024 καὶ
3567 4973 3674 5025 πᾶν
3707 4971 3957 5042 ἀμφίϐα-

2361 5056 2446 5108 inv
2491 5057 2627 5109 κατὰ
2669 5059 2770 5128 τὴν
2804 5059 3011 5112 ἐκείνου
3058 5059 3263 5115 ἔννοιαν
3309 5062 3754 5134 διωρθωσάμεθα.
3798 5062 3956 5134 Πρὸς

2361 5151 2567 5212 saltm;
2614 5152 2902 5223 συνεκρίθη
2935 5156 2966 5225 ή
3015 5154 3120 5208 τῶν
3143 5156 3542 5227 Ἐϐδομήκοθτα
3582 5157 3810 5221 ἔκδοσις,
3847 5159 3951 5212 καὶ

2363 5242 2494 5310 πρὸς
2547 5241 2611 5294 τὰ
2659 5244 2763 5296 ὑπὸ
2805 5245 3060 5299 Εὑσεϐἱου
3103 5250 3180 5310 εἰς
3225 5249 3314 5300 τὸν
3356 5250 3581 5304 Ἡσαΐαν
3633 5250 3945 5320 simpéva,

2365 5332 2454 5378 xx‘:
2481 5331 2538 5381 ἑν
2574 5327 2654 5394 οἷς
2718 5331 3040 5401 διεφώνουν,
3075 5338 3174 5406 τῆς
3220 5337 3529 5409 ἐξηγήσεως
3584 5340 3681 5412 τὴν
3734 5342 3949 5396 ἔννοιαν

2364 5419 2713 5491 ζητήσαντες,
2731 5424 2866 5496 πρὸς
2883 5427 3050 5498 αὐτὴν
3081 5429 3516 5502 ὲδιωρθώσαμεν.
3547 5431 3602 5486 id
3639 5443 3754 5488 est:
3786 5452 3806 5484 ι
3832 5435 3947 5488 Ex-

2363 5517 2593 5582 scriptus
2630 5527 2711 5569 est
2741 5516 2964 5573 Hessius
3000 5523 3065 5573 ab
3091 5524 3383 5591 exemplari
3425 5523 3636 5579 abbatis
3662 5526 3948 5594 Apollina-

2365 5603 2424 5654 rii
2451 5604 2862 5670 cienobiarcbae,
2891 5608 2941 5662 in
2964 5627 3068 5678 quo
3091 5612 3200 5666 tunc
3223 5612 3602 5681 subjiciuntur.
3635 5655 3647 5668 .
3671 5615 3941 5686 Desump.

2364 5708 2480 5760 tum.
2545 5707 2627 5749 est
2678 5697 2898 5753 llesaias
2948 5702 3011 5753 ab
3048 5703 3296 5772 llexnplis
3347 5706 3668 5772 editionum,
3713 5708 3945 5769 collatus:

2363 5800 2534 5836 :ttmm
2561 5795 2648 5838 est
2673 5799 2792 5841 cum
2810 5784 3047 5859 chaplo
3066 5793 3187 5861 alio,
3207 5794 3256 5848 in
3284 5810 3387 5863 quo
3417 5796 3516 5852 ista
3539 5799 3938 5858 adnotantur...
