4100 6286
217 303 281 361 Il
1150 302 1660 364 COMMENTABIA
1700 306 1765 363 IN
1807 306 2068 367 ISAIAM.
2107 342 2175 353 —-
2212 308 2605 368 MFATIO.

210 426 479 480 Aecurate
529 422 805 479 editiones
844 437 1037 479 omnes
1088 434 1347 481 correctae
1385 436 1549 493 sunt;
1591 426 1782 483 collata

1905 427 2297 498 τυγχάνουσιν·
2321 427 2556 484 (manv
2577 428 2684 501 γὰρ
2702 428 2779 493 ὡς
2803 429 2864 483 οὐ
2899 429 3059 501 μόνον
3090 428 3359 503 διαφόρως
3380 431 3506 502 lxvi.-

209 516 353 573 anim
380 516 603 573 fuerunt
624 531 749 571 cum
783 517 1013 587 tetraplo
1039 516 1269 587 llesaite,
1302 525 1356 574 et
1382 534 1505 575 cum
1538 518 1799 590 llexaplo.

208 608 413 663 Frater
467 610 611 671 haec,
655 607 724 663 ab
770 607 929 663 initio
966 610 1132 664 etiam
1161 653 1177 677 ,
1220 626 1397 681 usque
1433 611 1501 666 ad
1534 612 1799 667 visionem

208 696 358 769 Tyri,
388 698 709 753 accuratius
740 703 1087 754 emendatum
1133 709 1239 755 est.
1280 700 1417 756 Nam
1460 717 1582 757 cum
1627 710 1802 758 tomo-

201 806 327 846 rum
362 790 740 859 Expositionis
780 790 1033 858 Origenis
1082 791 1137 846 in
1179 792 1430 849 llesaiam
1459 794 1616 864 copia
1646 793 1801 850 nobis

200 892 372 947 esset,
405 881 603 937 sedqu
632 883 980 938 advertentes
1005 898 1113 953 quo
1142 899 1307 940 sensu
1338 885 1583 957 singulas
1609 888 1801 943 dictio-

199 990 299 1030 nes
328 974 659 1045 accepisset,
699 990 796 1045 pro
820 974 1080 1031 facultate
1104 976 1370 1048 quidquid
1406 970 1797 1046 dubium-erat,

197 1068 268 1122 ad
315 1066 469 1122 illius
516 1068 844 1123 sententiam
874 1068 1237 1125 correximus.
1280 1067 1570 1127 Praeterea
1603 1071 1799 1127 collata

192 1172 281 1217 est
316 1160 488 1214 etiam
525 1159 882 1233 Septuaginta
922 1158 1282 1233 lnterpretum
1317 1162 1507 1230 editio,
1544 1179 1669 1221 cum
1709 1168 1798 1236 iis,

192 1267 317 1323 qua
348 1252 406 1306 in
434 1250 692 1308 Hesaiam
728 1253 946 1323 scripsit
970 1252 1236 1310 Eusebius
1264 1264 1353 1311 :et
1373 1256 1428 1311 in
1455 1258 1651 1329 quibus
1679 1272 1798 1316 erat

191 1345 464 1410 varietas,
486 1344 745 1417 indagato
770 1345 1148 1416 explicationis
1168 1361 1354 1415 sensu,
1379 1349 1448 1405 ad
1482 1351 1599 1421 ejus
1635 1352 1794 1409 iidem

185 1437 635 1493 etnendavimus.
677 1455 697 1490 ι
743 1435 1042 1509 Procopius
1075 1450 1260 1509 certe,
1291 1445 1383 1515 qui
1438 1458 1507 1500 ex
1551 1454 1795 1501 veterum

182 1526 522 1581 collectione
558 1542 715 1582 suum
747 1528 799 1582 in
840 1528 1088 1584 Hessiam
1128 1530 1595 1591 Commentarium
1634 1538 1791 1594 ador-

182 1620 359 1686 navit,
398 1634 472 1675 ex
505 1618 747 1677 Eusebio
792 1622 995 1692 passim
1024 1626 1191 1681 multa
1229 1626 1492 1700 decerpit,
1529 1633 1692 1688 modo
1727 1631 1795 1687 ad

178 1711 433 1766 litteram
462 1722 521 1768 et
545 1715 769 1769 verbum
793 1714 860 1770 de
881 1716 1049 1771 verbo
1077 1732 1093 1783 ;
1132 1719 1313 1786 modo,
1350 1731 1405 1777 et
1434 1722 1652 1793 quidem
1682 1723 1793 1777 fre-

176 1802 465 1870 quentius,
504 1803 725 1858 Eusebii
766 1818 927 1862 sensa
983 1808 1337 1877 paucioribus

176 1907 298 1946 rem
350 1892 451 1948 hic
508 1893 767 1966 Procopii
818 1896 1260 1957 Commentarius
1308 1904 1486 1959 media
1545 1904 1663 1961 fere
1715 1907 1798 1962 sui

169 1994 331 2053 parte
367 1994 671 2043 truncatus
709 1990 776 2043 ad
811 2004 910 2046 nos
962 1992 1220 2061 devehit,
1253 1993 1590 2054 lectionibus
1620 1998 1799 2056 Hexa-

169 2075 393 2145 plorum
432 2077 696 2149 refertus,
719 2096 951 2153 quarum
1003 2094 1065 2139 ut
1111 2088 1403 2146 nonnullas
1433 2090 1599 2148 habet
1636 2093 1799 2150 Euse-

166 2166 316 2234 bius,
337 2167 420 2222 ita
455 2168 754 2243 plerasque
782 2172 963 2241 aﬂ'ert,
994 2173 1265 2251 Procopio
1288 2180 1521 2240 intactas
1551 2193 1606 2241 et
1641 2185 1795 2243 inob-

164 2261 772 2333 aervatas.Caterum,
816 2265 1039 2324 allatum
1088 2270 1229 2328 istuc
1276 2275 1343 2329 de
1390 2274 1599 2333 Hesaite
1652 2277 1795 2335 libro

169 2350 592 2440 testimonium.
624 2355 805 2425 palam
836 2368 922 2414 est
968 2360 1235 2431 scriptum
1276 2363 1449 2423 fuisse
1500 2378 1791 2440 antequam

167 2435 422 2510 Hexapla
468 2442 783 2499 interirent.
828 2444 985 2515 Quod
1024 2453 1370 2520 quandonam
1412 2435 1703 2525 acciderit,
1736 2463 1789 2517 in

168 2532 509 2589 collectione
538 2533 909 2608 Hexaplorum
948 2542 1262 2613 propediem
1308 2546 1541 2617 edenda,
1568 2551 1789 2626 indaga-

175 2624 361 2680 binttts
395 2626 502 2697 (2).

242 2715 342 2773 His
369 2718 654 2788 subjicere
686 2723 865 2779 visum
890 2733 973 2783 est
1002 2726 1286 2801 prologum
1323 2731 1375 2787 in
1401 2734 1588 2790 codice
1616 2735 1788 2808 Regio

171 2804 513 2879 bombycino
543 2810 763 2868 Catena:
793 2814 846 2868 in
875 2814 1126 2872 HeSaiant
1150 2824 1455 2892 prmtixum,
1485 2826 1576 2894 qui
1597 2804 1785 2896 lectori

184 2914 287 2956 nec
318 2902 666 2973 injucundus
698 2922 797 2962 nec
824 2908 1196 2970 infructuosus
1227 2917 1352 2970 erit.

172 3042 620 3123 Πρόλοτρςζςοῆ
652 3045 1018 3123 lca-widtth
1071 3047 1173 3102 καί
1221 3055 1785 3123 πανευγενεστάτου

479 3112 767 3197 Ἰωᾴχνορ
810 3115 922 3185 τῆς
954 3119 1359 3191 Δρουγγαρίας
1399 3112 1517 3197 (sic)
1546 3128 1635 3194 εις
1676 3129 1783 3182 τὸν

240 3183 544 3254 μακάριον
583 3185 850 3241 Ἡσαΐαν.

240 3318 357 3390 Τῆς
393 3336 737 3393 προφητειας
763 3322 859 3376 τοῦ
902 3323 1191 3381 θεσπεσίου
1230 3328 1455 3385 Ἡσαΐου
1481 3333 1576 3386 τοῦ
1610 3352 1780 3406 μεγαι-

171 3408 551 3480 λοςωνοτάτου
576 3415 685 3469 τῶν
713 3418 1010 3489 προφητῶν
1049 3422 1149 3493 τὴν
1182 3422 1366 3495 βίϐλον
1406 3427 1549 3496 μετὰ
1589 3434 1778 3503 χεῖρας

173 3503 374 3572 λασὼν,
395 3506 497 3561 καὶ
511 3507 720 3597 ταύτης
735 3509 837 3581 τὴν
854 3511 1160 3581 ἀνάγνωσιν
1179 3519 1574 3591 ποιησάμενος,
1593 3525 1777 3597 καὶμὴ

173 3596 441 3667 ιὺρίσκων
480 3600 581 3671 τῆς
613 3588 724 3656 τιῖῖν
753 3605 1156 3681 γεγραμμένων
1192 3588 1430 3676 διανοίας
1466 3588 1773 3685 ἐφικέσθαι,

174 3690 303 3760 πρὸς
336 3693 471 3757 τοὺς
516 3694 724 3767 ταύτην
764 3697 1201 3769 ἠρμηνευκότας,
1245 3704 1415 3776 ηγουν
1444 3708 1776 3783 ὑπομνημα-

174 3781 428 3847 τὶσαντας
459 3784 767 3857 ἀνέδραμον
787 3828 802 3853 ,
830 3789 926 3841 καὶ
957 3790 1055 3864 τὴν
1094 3790 1247 3848 λύσιν
1285 3795 1396 3850 τῶν
1425 3781 1773 3871 ζητουμένων

172 3871 462 3947 δε-ρόριυς,
498 3877 576 3941 ὡς
614 3873 724 3934 οἷόν
765 3897 848 3945 τε,
890 3882 1085 3954 εὑρὼν,
1123 3887 1423 3956 ἀναγκαῖον
1474 3892 1773 3965 ἡγησάμην

172 3965 291 4035 τῇδε
344 3970 412 4039 τῇ
460 3967 630 4041 βίϐλῳ
688 3972 1065 4043 παραθέσθαι,
1102 3977 1191 4033 ῐνα
1226 3983 1341 4045 τοῖς
1384 3983 1771 4055 ἐντυγχάνουσι

173 4058 475 4130 κατάδηλος
524 4064 558 4133 ή
602 4062 712 4119 τῶν
760 4066 1155 4140 ἀπορουμένων
1206 4076 1473 4147 σαφήνεια
1521 4077 1767 4149 γένηται.

173 4150 373 4221 Μηδεὶς
422 4153 481 4208 δὲ
541 4156 619 4221 ὡς
666 4158 993 4233 ἑτεροδρξων
1044 4165 1344 4237 ἑρμηνείας
1408 4172 1771 4241 συναγαγόντι

175 4241 491 4311 trahitur
536 4249 685 4320 φημὶ
727 4249 793 4323 δὴ
848 4251 1175 4325 Ὠριγένους,
1212 4259 1307 4312 καὶ
1360 4260 1623 4316 Εὐσεὸίου
1674 4265 1768 4319 τοῦ

176 4335 529 4409 Καισαρείας,
557 4342 653 4395 καὶ
681 4340 958 4419 Θεοδώρου
1012 4348 1483 4435 Ἡρακλείαςκκαὶ
1502 4355 1765 4413 Εὐσεδίου

185 4430 436 4504 Ἐμέσης,
463 4438 561 4490 καὶ
592 4437 999 4513 Ἀπολλιναρίου
1016 4484 1031 4509 ,
1057 4445 1152 4499 καὶ
1178 4430 1511 4521 Θεοδωρίτου
1540 4452 1726 4525 Κύρου
1750 4472 1763 4485 ·

1908 518 2115 592 χθησαν
2140 522 2199 575 ἐν
2238 522 2353 585 τοῖς
2392 522 2627 593 νοήμασι
2667 519 2768 591 τῆς
2808 519 3169 575 θιοπνιύστου
3205 521 3429 595 Γμφῆς
3456 526 3508 578 οι

1906 612 2110 685 ταύτην
2148 613 2577 685 ἡρμηνευκότες,
2607 612 2745 668 ἀλλὰ
2780 612 2838 666 δὲ
2881 614 2977 668 καὶ
3011 613 3151 670 αὐτὰ
3178 613 3249 700 τὰ
3284 616 3509 688 ῥήματα

1906 705 2007 776 τῆς
2042 706 2213 777 αὐτῆς
2245 706 2394 770 θείας
2431 706 2657 779 Γραφῆς
2690 706 2791 762 οὐκ
2825 705 2959 771 ῐσως
2997 702 3382 770 Gud-ranam.
3412 709 3509 765 ttat

1905 796 2047 851 οὕτω
2079 798 2177 870 τὴν
2216 800 2514 872 ἑρμηνείαν
2544 800 2842 872 ἐπέθηκαν.
2887 799 2946 855 ὐ
2993 799 3091 872 μιν
3125 797 3237 876 γὰρ
3266 798 3509 867 πλείους,

1905 892 1933 944 ὁ
1952 890 2009 944 δὲ
2038 892 2234 961 ἥττους
2268 892 2481 963 στίχους
2509 890 2863 963 προθέμενος,
2886 891 2987 965 τὴν
3016 891 3277 965 ὶξήγησιν
3314 891 3511 964 tracti;-

1908 998 2057 1038 σατο.
2082 983 2191 1037 Καὶ
2225 983 2289 1036 ἐκ
2322 984 2515 1039 τούτου
2542 985 2794 1040 δοκοῦσιν
2838 985 2887 1039 oi
2918 983 3144 1060 ἀριθμοὶ
3167 985 3282 1050 τοῖς
3332 1000 3509 1056 κεφα-

1905 1072 2078 1139 λαίοις
2122 1075 2489 1148 ἐπικείμενα,
2517 1077 2890 1149 ἀναχαιτίζειν
2928 1077 2990 1132 τδ
3019 1077 3214 1147 εδαφος
3238 1075 3511 1148 ἀναγινώ-

1906 1183 2135 1233 σκοντας
2156 1171 2235 1233 είς
2256 1169 2319 1223 τὸ
2354 1170 2541 1243 πρόσω
2575 1170 2799 1241 βαίνειν.
2836 1169 2958 1244 Χρὴ
2994 1164 3089 1225 οὖν
3118 1170 3215 1227 καὶ
3252 1169 3509 1243 δεύτερον

1906 1259 2000 1313 καὶ
2022 1260 2205 1332 τρίτον
2250 1262 2546 1333 κεφάλαιον
2577 1262 2671 1317 τοῦ
2711 1263 2941 1333 ἐδάφους
2973 1263 3071 1336 τῆς
3099 1262 3265 1333 ἁγίας
3281 1262 3508 1335 Pravis

1903 1352 2294 1422 ἀναγινώσκειν
2328 1371 2342 1386 θ
2371 1356 2464 1409 καὶ
2494 1354 2635 1411 οὕτω
2679 1354 2779 1421 τὰς
2821 1356 3152 1428 ὲγκειμένας
3182 1355 3504 1429 ἑρμηνείας,

1906 1443 1971 1495 ἶν’
2004 1444 2314 1500 εὑσύνοπτα
2347 1446 2499 1500 ἔσται
2538 1448 2651 1511 τοῖς
2691 1446 3081 1519 ιντυγχάνουσι
3116 1444 3187 1501 τὰ
3228 1446 3502 1519 νοήματα.

1906 1550 2169 1623 Prologus
2207 1553 2555 1607 eruditissimi
2594 1561 2646 1607 et
2690 1552 3002 1623 nobilissimi
3042 1553 3246 1609 domini
3270 1551 3503 1609 Joannis

2216 1623 2506 1695 Drtmgarii
2537 1627 2593 1680 in
2634 1623 2847 1679 beatum
2891 1621 3173 1681 Heroism.

1977 1758 1998 1794 t
2028 1740 2427 1813 Prophetarum
2462 1742 2893 1812 eloquentissimi
2928 1742 3096 1800 divini
3129 1742 3500 1803 Besaialibl'o

1384 1815 1667 1884 exprimit.
1695 1814 1782 1871 Ve

1902 1836 2203 1904 prophetiae
2250 1850 2362 1906 prae
2399 1835 2654 1891 manibus
2702 1845 2954 1907 accepto,
3007 1850 3183 1909 eoque
3231 1836 3495 1906 perlecto,

1903 1941 2024 1981 cum
2060 1928 2388 1997 scriptorum
2419 1926 2775 2000 assequendze
2820 1927 2991 1984 menti
3018 1944 3117 2001 par
3155 1944 3269 1987 non
3291 1944 3494 1995 essein,

1901 2019 1969 2075 ad
1999 2021 2117 2091 ejus
2149 2021 2501 2091 interpretes,
2522 2036 2616 2077 seu
2653 2030 3114 2080 commentatores
3132 2037 3219 2080 me
3252 2024 3491 2087 contuli;

1898 2128 1962 2169 ac
1988 2112 2080 2169 ubi
2113 2113 2406 2169 dubiorum
2433 2112 2761 2170 solutionem
2807 2114 2961 2172 varie
2992 2115 3213 2173 allatam
3240 2118 3493 2175 animad-

1896 2206 2058 2271 verti,
2075 2206 2445 2262 necessarium
2466 2205 2591 2261 duxi
2616 2206 2740 2263 huic
2767 2205 2907 2263 libro
2926 2221 3149 2264 manum
3179 2209 3494 2279 admovere,

1895 2308 1955 2353 ut
1995 2312 2115 2368 quae
2154 2296 2355 2353 ibidem
2382 2295 2616 2355 obscura
2645 2306 2701 2355 et
2733 2297 2913 2355 dubiae
2935 2300 3220 2357 sententiae
3248 2307 3492 2371 exstant,

1892 2386 2051 2457 plana
2084 2384 2392 2458 legentibus
2435 2389 2755 2444 evaderent.
2792 2387 2876 2447 Ne
2904 2391 3028 2461 quis
3056 2404 3188 2448 vero
3216 2391 3347 2449 mihi
3384 2394 3494 2450 criv

1892 2478 2024 2533 mini
2078 2488 2275 2545 vertat,
2312 2481 2458 2551 quod
2500 2482 2963 2541 beterodoxorum
3008 2487 3492 2557 interpretationes

1890 2570 2491 2647 collegerim,f0rigenis
2508 2577 2655 2643 dico,
2674 2578 2892 2635 Eusebii
2918 2577 3292 2651 Ctesariensis,
3311 2580 3492 2640 Theo-

1890 2664 2007 2719 dori
2056 2665 2432 2737 Heracleote,
2474 2668 2697 2726 Eusebii
2740 2671 2990 2729 Emeseni
3015 2714 3031 2741 ,
3069 2674 3396 2746 Apollinarii
3436 2685 3493 2735 et

1890 2754 2215 2815 Theodoreti
2244 2760 2368 2832 Cyri
2402 2780 2415 2815 :
2441 2777 2565 2817 nam
2597 2764 2652 2828 ii,
2688 2779 2812 2820 cum
2839 2782 2944 2821 non
2970 2768 3037 2823 de
3076 2768 3190 2824 suis
3220 2770 3491 2840 dogmati-

1889 2849 1989 2905 bus
2020 2852 2187 2907 verba
2224 2851 2455 2922 faciunt,
2500 2855 2772 2911 interdum
2801 2858 3033 2928 pulchre
3068 2861 3482 2919 ratiocinantur.

1888 2939 1942 2995 id
1970 2957 2133 3013 porro
2164 2959 2271 3000 non
2300 2956 2431 3001 nutu
2460 2956 2516 3003 et
2548 2948 2822 3005 arbitratu
2867 2967 2988 3006 meo
3016 2950 3117 3008 feci
3144 2969 3158 3019 ;
3195 2953 3292 3009 sed
3326 2954 3490 3011 obse-

1887 3045 2045 3092 cutus
2070 3037 2419 3095 sanctissimo
2449 3039 2598 3096 Patri
2632 3052 2825 3098 nostro
2869 3042 3106 3114 Cyrillo,
3130 3044 3353 3105 Christo
3387 3047 3487 3105 ad-

1810 3178 1851 3234 ϐ
1888 3130 2046 3186 dicta:
2074 3140 2129 3187 et
2154 3147 2364 3205 magna
2381 3134 2761 3191 Alexandrina:
2785 3138 3024 3196 civitatis
3048 3141 3486 3216 archiepiscopo,

1882 3224 1973 3292 qui
2004 3224 2057 3278 in
2087 3239 2184 3279 sua
2219 3227 2286 3282 ad
2321 3225 2607 3298 Eulogium
2637 3230 2865 3299 epistola
2896 3232 2975 3306 ait
3019 3246 3037 3287 :
3076 3251 3097 3286 ι
3143 3233 3265 3292 Νοη
3302 3240 3487 3294 omnia

1884 3314 2267 3373 haereticorum
2323 3318 2470 3374 dicta
2532 3317 2789 3391 fugienda
2845 3332 2902 3379 et
2943 3328 3249 3397 respuenda
3310 3341 3482 3400 sunt;

1880 3407 2049 3463 multa
2087 3410 2232 3465 enim
2262 3412 2612 3479 conﬁtentur,
2639 3428 2761 3484 qua:
2792 3431 2891 3473 nos
2930 3418 3061 3476 item
3088 3423 3431 3482 confitemur.
3460 3446 3480 3481 ι

1880 3495 1994 3554 lloc
2035 3498 2166 3554 item
2222 3503 2486 3558 monitum
2532 3504 2791 3561 lectorem
2828 3510 3011 3581 volui,
3046 3529 3301 3586 magnum
3338 3519 3485 3575 scili-

1878 3598 1965 3644 cet
1991 3589 2251 3647 Basilium
2288 3592 2451 3661 hujus
2485 3600 2784 3668 prophetia
2810 3611 3023 3673 partem
3061 3605 3481 3679 interpretatum

1877 3698 2000 3739 esse
2031 3700 2045 3737 :
2074 3700 2193 3754 quae
2219 3694 2395 3742 tamen
2425 3689 2826 3762 interpretatio,
2858 3711 2927 3753 an
2953 3698 3072 3768 ejus
3110 3701 3203 3768 sit,
3236 3716 3266 3757 a
3298 3704 3483 3761 multis

1878 3776 1929 3830 in
1984 3776 2204 3833 dubium
2264 3789 2505 3835 vocatur.
2546 3780 2738 3854 Operm
2792 3789 3027 3857 pretium
3081 3808 3298 3865 quoque
3349 3796 3483 3854 duxi

1877 3868 1979 3923 hoc
2009 3868 2311 3941 legentibus
2341 3872 2581 3930 indicare
2618 3885 2893 3935 et-notum
2928 3881 3130 3950 facere,
3156 3886 3481 3960 interpretes

1874 3971 1929 4015 et
1963 3971 2440 4030 commentatores,
2486 3982 2594 4022 non
2636 3971 2817 4040 modo,
2851 3976 3027 4043 quoad
3073 3979 3270 4036 divinae
3324 3983 3481 4038 Scri-

1872 4060 2047 4123 ptura:
2075 4071 2295 4112 sensum
2327 4068 2382 4113 et
2414 4059 2855 4133 intelligentiam,
2894 4079 3083 4126 mutuo
3116 4071 3431 4145 discrepare
3459 4115 3478 4144 ,

1873 4148 1967 4203 sed
1996 4150 2161 4204 etiam
2220 4150 2338 4220 ipsa
2393 4152 2590 4211 divina:
2642 4156 2938 4228 Scripturae
2996 4164 3161 4219 verba
3215 4181 3322 4224 non
3359 4170 3481 4239 pari

1873 4242 2034 4298 modo
2080 4243 2394 4301 distinxisse
2444 4246 2498 4301 in
2545 4251 2661 4305 suis
2716 4251 3307 4327 interpretationibus;
3348 4276 3474 4317 nam

1879 4335 1971 4392 alii
2024 4338 2304 4409 pluribus,
2343 4342 2436 4397 alii
2486 4344 2835 4413 paucioribus
2873 4352 3141 4421 appositis
3184 4359 3476 4425 versibus,

1870 4433 2243 4499 expositiones
2292 4449 2419 4491 suas
2470 4436 2807 4494 adornarunt
2854 4457 2869 4493 :
2913 4442 3148 4515 indeque
3197 4458 3285 4505 est
3329 4450 3474 4520 quod

176 4522 326 4615 τνοῖς
347 4527 462 4599 γὰρ
494 4530 573 4602 μὴ
601 4531 730 4604 περὶ
762 4532 872 4589 τῶν
905 4534 1049 4591 ἰδίων
1078 4537 1369 4611 δογμάτων
1404 4522 1763 4615 διαλέγονται,

1885 4527 2085 4582 numeri
2112 4528 2383 4599 capitibus
2420 4533 2629 4601 praeﬁxi
2661 4547 2779 4601 eos,
2816 4536 2909 4607 qui
2945 4547 3149 4594 textum
3180 4540 3355 4611 ipsum
3389 4542 3472 4599 le-

176 4614 313 4671 ῑστιν
331 4618 421 4672 ἅτε
441 4620 623 4686 καλῶς
643 4622 1013 4685 ἐπιϐάλλουσι.
1030 4630 1143 4684 Καὶ
1166 4632 1325 4687 τοῦτο
1348 4632 1405 4688 δὲ
1422 4636 1523 4691 οὐκ
1539 4614 1765 4694 αὐτονό-

183 4726 288 4779 ut»;
314 4712 621 4804 πεποίηκασ
646 4715 761 4769 ἀλλ’
776 4717 1151 4793 ἀκολουθήσας
1177 4722 1258 4796 τῷ
1282 4726 1571 4801 ἁγιωτάτῳ
1608 4732 1766 4804 ημῶν

181 4799 342 4872 Harp).
380 4802 461 4874 τῷ
497 4804 600 4875 τῆς
652 4807 1031 4883 Ἀλεξάνδρου,
1065 4813 1416 4889 φιλοχρίστου
1436 4861 1451 4885 ,
1479 4799 1766 4890 Μέγαλου-

183 4894 371 4987 ξόᾈεως
397 4896 814 4973 ἀρχιεπισκόπῳ
843 4902 1134 4976 Κυριλλῳ,
1160 4909 1394 4981 φήσαντι
1423 4912 1482 4967 ὲν
1525 4916 1591 4987 τῇ
1629 4918 1767 4987 πρὸς

189 5172 279 5263 τὰρ
310 5177 717 5248 ὁμολογοῦσιν
734 5172 823 5233 ὧν
849 5182 948 5236 καί
969 5183 1145 5255 ἡμεῖς
1192 5186 1624 5263 ὁμολογοῦμεν.
1649 5194 1762 5249 Καὶ

192 5262 324 5318 τοῦτο
352 5265 408 5320 δὲ
434 5269 739 5343 κατάδηλον
765 5272 906 5326 ποιῶ
932 5278 1045 5341 τοῖς
1074 5262 1520 5351 ἐντυγχάνουσιν,
1538 5284 1617 5349 ὡς
1642 5286 1672 5339 ὁ
1702 5286 1761 5341 ἐν

194 5356 341 5451 hiet;
380 5358 679 5430 Βασίλειος,
733 5364 901 5439 μέρος
928 5385 981 5422 τι
1001 5369 1098 5442 τῆς
1135 5373 1196 5427 ιν
1232 5374 1391 5446 χερσὶ
1423 5377 1765 5451 προφητείας

195 5449 657 5531 ἡρμήνευσενοῆτις
698 5459 972 5531 ἑρμηνεία
1000 5463 1154 5535 παρὰ
1178 5464 1395 5533 πολλοῖς
1424 5449 1763 5541 ἀμφιϐάλλει-

198 5557 270 5600 ut.
296 5547 607 5625 Ἀναγκαῖον
638 5551 704 5607 δὲ
734 5549 927 5624 ᾠήθην
959 5555 1055 5610 καὶ
1079 5555 1241 5614 τοῦτο
1275 5560 1602 5634 παραθεῖναι
1619 5563 1761 5637 τῷδε

185 5638 238 5716 τῷ
258 5648 505 5723 προοιμίῳ
529 5646 691 5721 πρὸς
723 5644 1038 5717 φανέρωσιν
1066 5649 1163 5704 καὶ
1202 5654 1504 5727 σαφήνειαν
1528 5658 1643 5723 τοῖς
1668 5659 1758 5717 ἐν·

198 5828 260 5910 (2)
284 5830 411 5894 Vide
449 5826 725 5903 hujusce
758 5818 1089 5896 Patrotogia
1116 5835 1157 5888 t.
1196 5827 1314 5891 XV.

1874 4630 2026 4691 gunt,
2059 4622 2126 4677 ad
2158 4622 2418 4680 ulteriora
2449 4629 2728 4687 remittere
2777 4633 3091 4690 videantur.
3129 4635 3277 4706 Opus
3306 4638 3472 4709 igitur

1874 4723 1958 4767 est
1980 4714 2211 4770 alterum
2230 4718 2520 4776 tertiumve
2541 4733 2702 4791 caput
2728 4733 2908 4782 textus
2934 4738 3140 4784 sanctae
3172 4728 3474 4801 Scriptura:

1874 4804 2076 4875 legere,
2104 4817 2159 4864 et
2191 4820 2377 4878 postea
2411 4814 2687 4884 appositas
2728 4816 3243 4889 interpretationes,
3274 4834 3336 4881 ut
3375 4837 3470 4881 ea-

1872 4911 1994 4952 rum
2026 4913 2220 4957 sensus
2253 4900 2439 4960 lectori
2470 4904 2646 4963 facilis
2675 4907 2980 4983 obviusque
3012 4914 3106 4969 sit.
3142 4932 3161 4966 ι

1947 4990 2014 5047 Hi
2054 5009 2267 5064 omnes,
2319 4998 2647 5067 utivideas,
2680 5003 3000 5074 scriptores,
3029 5005 3289 5065 videlicet
3336 5009 3464 5067 Ori-

1862 5098 2051 5154 genes,
2097 5085 2367 5146 Eusebius
2405 5090 2785 5165 Caesariensis,
2816 5096 3140 5158 Theodorus
3169 5100 3465 5162 Heracleo-

1864 5186 1967 5244 tes,
2008 5177 2280 5238 Eusebius
2317 5183 2650 5256 Emesenus,
2698 5190 3071 5261 Apollinarius
3103 5204 3160 5250 et
3201 5193 3459 5253 Theodo-

1868 5280 2042 5339 retus,
2072 5273 2218 5331 inter
2246 5276 2540 5337 haereticos
2581 5283 3057 5344 numerabantur:
3094 5301 3200 5357 qua
3238 5288 3306 5343 de
3340 5304 3399 5344 re
3429 5304 3462 5345 a

1866 5365 2100 5434 septimo
2142 5367 2344 5425 saeculo
2377 5385 2485 5426 una
2517 5371 2619 5428 fuit
2652 5376 2895 5431 omnium
2929 5374 3104 5433 ferme
3143 5377 3461 5437 Grazcorum

1867 5461 2161 5515 sententia.
2206 5459 2394 5518 Basilii
2435 5479 2569 5521 vero
2600 5465 3044 5527 Commentarius
3114 5470 3207 5526 ille
3256 5471 3461 5543 imper-

1866 5544 2065 5616 fectus,
2112 5550 2166 5608 in
2214 5553 2430 5621 νοθείας
2474 5559 2838 5629 suspicionem
2876 5570 3125 5632 vocatus,
3169 5573 3229 5621 ut
3263 5557 3463 5621 testin-

1872 5650 2031 5699 catur
2054 5638 2296 5703 Joannes
2325 5646 2432 5707 iste
2465 5648 2826 5724 Drungarius,
2854 5669 2886 5713 a
2912 5654 3102 5715 multis
3126 5656 3293 5715 hodie
3318 5656 3466 5717 iam
