4100 6286
722 301 793 358 85
1385 295 1658 353 EUSEBﬂ
1687 293 2160 352 CZESARIENSIS
2196 293 2346 354 OPP.
2383 291 2562 349 PARS
2596 292 2685 349 Ill.
2723 322 2794 335 —
2831 289 3237 346 EXEGETICA.
3875 290 3938 347 81

715 419 875 475 dubia
904 430 1062 486 opera
1102 421 1372 476 censetur.
1406 413 1687 470 Hodiernis
1717 428 1877 484 porro
1906 412 2265 483 scriptoribus
2292 415 2338 472 Α
2366 410 2562 475 cuum‘,
2606 407 2701 479 qui
2749 407 2877 462 hinc
2908 403 3305 476 quamplurima
3353 403 3687 473 eapiscatur,
3716 417 3770 458 et
3809 419 3940 457 non-

711 509 827 564 haac
873 507 1149 564 dubitandi
1189 521 1347 563 causa
1374 513 1476 571 est,
1523 505 1797 571 silentium
1846 520 2038 575 nempe
2071 504 2262 560 Hiero-

709 596 878 669 nymi,
906 597 999 668 qui
1032 612 1154 652 cum
1182 597 1235 652 in
1267 597 1487 666 prologo
1519 611 1618 651 suo
1647 596 1714 650 ad
1744 594 1956 651 Hesaiaz
1985 597 2265 650 Commen-

707 690 846 743 taria
896 704 1110 758 omnes,
1159 697 1422 758 quotquot
1471 697 1627 743 antea
1685 687 1890 743 Hesaia:
1944 691 2263 757 interpretes

704 789 960 849 egerant,
1010 789 1257 834 accurate
1315 787 1621 841 recenseat,
1674 795 1741 834 ne
1787 780 1891 850 γρὺ
1938 778 2152 847 quidem
2198 777 2264 832 de

704 867 886 924 Basilii
941 869 1329 924 commentario
1384 869 1588 933 habet;
1640 866 1843 924 Graecis
1892 876 2072 921 autem
2137 866 2261 921 hinc

703 958 848 1014 haud
877 960 1038 1013 dubie
1068 960 1307 1028 suspicio
1351 961 1688 1024 nascebatur,
1716 961 1855 1029 quod
1900 960 2070 1032 stylus
2098 958 2261 1014 Com-

704 1043 1088 1109 mentariorum
1152 1053 1423 1108 Basiliano
1470 1055 1622 1124 longe
1675 1052 1938 1107 absimilis
1992 1052 2254 1107 videatur.

701 1141 836 1199 Rem
879 1141 1143 1199 mittimus
1179 1146 1398 1212 nostris,
1441 1145 1531 1215 qui
1564 1144 1745 1199 Basilii
1790 1157 2013 1213 operum
2063 1141 2259 1197 editio-

701 1243 823 1290 nem
851 1248 1056 1288 novam.
1079 1235 1362 1290 adornant.

768 1323 894 1379 Haec
932 1331 1126 1380 catena
1165 1339 1193 1379 a
1233 1324 1447 1381 Joanne
1486 1325 1788 1394 Druugario
1830 1326 2054 1381 collecta
2105 1340 2257 1397 repe-

679 1414 839 1478 ritur
873 1416 1000 1470 item
1047 1416 1099 1469 in
1139 1414 1322 1471 codice
1371 1415 1540 1487 Regio
1598 1431 1747 1470 num.
1777 1415 1938 1482 189},
1972 1415 2149 1472 saculi
2199 1432 2253 1485 x,

698 1508 1145 1572 membranaceo,
1188 1514 1376 1574 estque
1417 1506 1489 1562 ibi
1521 1521 1711 1578 magna
1755 1507 1838 1560 sui
1884 1515 2035 1576 parte
2071 1505 2255 1560 mutila

2367 516 2645 570 nunquam
2695 498 2912 554 Eusebii
2963 495 3462 565 interpretationes,
3501 503 3560 548 ut
3607 494 3699 549 hic
3736 494 3939 549 haben-

2365 603 2472 657 tur,
2522 592 2677 661 quasi
2734 590 2829 646 abs
2879 604 2936 644 re
2975 589 3136 643 datas
3174 587 3392 657 depellit
3421 595 3484 642 et
3508 584 3775 643 coniutat.
3819 585 3938 641 imo

2365 686 2480 754 ipse
2516 682 2782 738 Eusebius
2823 695 2946 737 sese
2989 679 3164 752 prodit
3219 679 3378 746 hujus
3409 678 3802 735 Commentarii
3837 693 3939 734 auc

2363 785 2598 841 ctorem,
2646 789 2765 830 cum
2818 783 2993 829 motas
3048 774 3116 829 ab
3170 773 3417 829 Ethnicis
3467 774 3530 828 in
3572 771 3938 829 Christianum

2361 879 2557 921 nomen
2607 867 2920 921 vexationes
2968 874 3025 922 et
3061 865 3426 930 carniﬁcinas,
3455 867 3692 934 itemque
3737 866 3939 934 princi-

2359 971 2487 1026 pum
2530 956 2661 1011 olim
2709 956 3005 1011 inﬁdelium
3040 958 3107 1011 ad
3164 955 3322 1011 iidem
3373 958 3822 1020 conversionem,
3878 963 3945 1010 ut

2358 1049 2605 1104 oculatus
2657 1048 2809 1104 testis
2849 1057 3153 1102 memorat:
3193 1048 3290 1104 sed
3344 1049 3582 1104 maxime
3633 1049 3723 1104 ubi
3758 1048 3936 1104 Chro-

2358 1139 2480 1194 nica
2526 1141 2596 1209 ab
2644 1155 2705 1196 se
2758 1140 2903 1196 edita
2958 1140 3146 1195 laudat
3197 1140 3284 1196 his
3332 1141 3514 1196 verbis
3562 1142 3630 1195 ad
3683 1155 3800 1211 cap.
3832 1153 3934 1196 xm

2358 1227 2583 1296 Hesaia',
2618 1230 2707 1302 Τῷ
2745 1233 2802 1286 δὲ
2829 1233 3092 1303 φάσκοντι
3122 1233 3286 1304 λόγῳ·
3333 1233 3479 1289 Ἰδοὺ
3509 1232 3765 1303 ἐπεγερῶ
3794 1230 3938 1302 ὑμῖν

2356 1321 2498 1388 τοὺς
2540 1321 2803 1390 Μήδους,
2857 1327 3204 1398 μαρτυρεϊ.ή
3253 1324 3352 1395 τῆς
3400 1325 3637 1396 ἱστορίας
3673 1323 3932 1388 ἔκϐασιςο

2355 1410 2702 1482 ἀνάγραπτος
2732 1409 2868 1468 οὖσα
2901 1417 3052 1486 παρὰ
3082 1416 3197 1478 τοῖς
3253 1414 3520 1486 Ἑλλήνων
3551 1413 3620 1467 τὰ
3660 1412 3942 1479 Χαλδαϊκὰ

2356 1498 2449 1552 καὶ
2481 1499 2548 1552 τὰ
2584 1501 2919 1574 Ἀσσυριακὰ
2949 1501 3450 1575 συγγραψαμένοις.
3479 1505 3592 1567 τοῖς
3623 1520 3683 1555 τε
3713 1502 3782 1556 τὰ
3822 1502 3937 1573 Μη·

700 1597 770 1651 ah
805 1597 978 1652 initio.
1003 1597 1199 1653 Catena
1233 1606 1416 1652 autem
1452 1597 1562 1652 alia
1604 1599 1658 1652 in
1693 1598 1861 1668 Regio
1894 1599 2082 1653 codice
2115 1596 2254 1651 2457

2364 1586 2479 1644 Stud
2523 1592 2898 1664 ἱστορηκόσινο
2931 1587 3004 1647 ὧν
3039 1594 3136 1648 καὶ
3180 1595 3355 1666 ἡμεῖς.
3383 1593 3642 1658 πλείστας
3681 1594 3935 1661 ἀνελεξά-

700 1690 770 1744 ab
807 1689 909 1744 hac
955 1688 1112 1758 longe
1158 1689 1376 1744 diversa
1421 1695 1538 1753 est,
1578 1702 1640 1742 ac
1666 1702 1928 1758 perquam
1980 1688 2252 1742 minimam

2359 1678 2497 1747 μεθα
2545 1685 2855 1754 μαρτυρίας
2897 1685 2953 1738 ὲν
2988 1687 3099 1749 τοῖς
3115 1684 3421 1757 πονηθεῖσιν
3461 1687 3593 1757 ἡμῖν
3627 1686 3941 1755 Χρονικοῖς

698 1780 941 1835 locorum
979 1786 1188 1849 partem
1223 1776 1400 1845 aliert,
1446 1777 1846 1846 innumerisque
1897 1778 2104 1833 mendis
2147 1776 2252 1832 ite-

2364 1771 2801 1843 συτηοὰμμασι.
2844 1771 2901 1831 ld
2945 1784 3063 1842 est,
3107 1793 3126 1829 ς
3155 1774 3291 1832 Huic
3327 1777 3504 1833 autem
3539 1776 3684 1834 dicto
3733 1796 3748 1832 :
3793 1774 3932 1832 Ecce

702 1871 890 1937 datur,
933 1869 1039 1928 etsi
1087 1869 1407 1940 perantiqua
1453 1886 1466 1922 :
1508 1882 1631 1924 nam
1668 1868 1862 1924 decimi
1913 1868 2041 1923 item
2079 1868 2262 1927 seculi

699 1971 805 2018 est.

700 2070 1076 2137 ILDesenere
1106 2071 1489 2184 interpretandi3
1491 2074 1545 2183 ει
1564 2071 1631 2121 de
1672 2075 1897 2122 veterum
1936 2072 2263 2135 interpretum

771 2237 931 2307 Quod.
966 2238 1035 2294 ad
1077 2235 1467 2310 interpretandi
1516 2235 1806 2300 rationem.
1853 2249 1958 2306 qua
2004 2235 2265 2292 Eusebius

700 2330 805 2387 hoc
847 2332 902 2386 in
937 2327 1328 2386 Commentaric
1379 2328 1572 2393 utitur,
1622 2326 1887 2382 adeantur
1941 2341 2009 2381 ea
2053 2341 2174 2396 qua:
2207 2328 2261 2382 in

701 2419 1158 2477 Praeliminaribus
1205 2419 1272 2474 ad
1325 2419 1699 2490 Expositiones
1768 2418 1826 2474 in
1873 2417 2115 2475 Psalmos
2159 2420 2264 2475 hac

703 2513 772 2568 de
803 2526 864 2585 re
898 2511 1132 2567 diximus
1171 2511 1254 2582 (5)
1285 2529 1299 2565 ε
1336 2511 1520 2566 eodem
1573 2509 1716 2564 enim
1766 2508 2049 2579 utrobique
2088 2508 2260 2580 expli-

701 2603 859 2659 candi
903 2616 1100 2670 genere
1143 2601 1385 2672 procedit
1425 2618 1438 2655 :
1473 2615 1537 2655 ac
1586 2599 1873 2656 litteralem
1913 2603 2093 2668 modo,
2137 2616 2264 2658 mox

701 2692 1122 2766 mystagogicum
1162 2699 1217 2748 et
1265 2693 1612 2764 allegoricum
1661 2706 1880 2748 sensum
1929 2693 2164 2763 exquirit
2209 2701 2264 2748 et

702 2783 879 2843 affert.
912 2768 1175 2839 Nimirum
1210 2797 1273 2840 ea
1304 2783 1629 2853 explanandi
1658 2783 1746 2837 via
1775 2784 1826 2838 in
1856 2783 2089 2839 Psalmis
2121 2793 2178 2840 et
2208 2784 2264 2840 in

700 2874 989 2948 prophetia
1024 2875 1254 2940 Hesaite,
1284 2873 1380 2931 ubi
1411 2873 1667 2944 frequens
1696 2873 1896 2931 Christi
1925 2883 1980 2931 et
2011 2876 2265 2934 Ecclesia

702 2969 925 3034 mentio,
966 2967 1261 3036 praesertim
1308 2966 1539 3022 ineunda
1568 2975 1690 3022 est:
1721 2982 1883 3036 quam
1928 2968 2261 3038 disciplinam

704 3059 1153 3129 evangelistarum
1217 3057 1690 3128 apostolorumque
1747 3058 1993 3128 exemplo
2045 3067 2264 3115 tenuero

704 3149 808 3205 SS.
844 3149 1051 3207 Patres.
1107 3147 1463 3214 Quamobrem
1521 3147 1876 3219 Hieronymus
1913 3164 2018 3204 non
2064 3165 2129 3206 eo
2163 3152 2268 3207 Eu-

705 3241 913 3296 sebium
962 3241 1177 3309 carpit,
1222 3239 1363 3309 quod
1415 3237 1663 3296 Hesaiatn
1713 3239 2004 3310 allegorica
2041 3241 2267 3299 subinde

704 3347 858 3390 more
891 3333 1314 3402 interpretetur;
1363 3333 1457 3387 sed
1510 3332 1652 3400 quod
1710 3335 2098 3402 promissorum
2165 3335 2267 3391 im-

703 3440 929 3490 memor,
958 3427 1049 3495 qui
1078 3441 1136 3480 se
1166 3423 1452 3500 litteralem
1480 3423 1903 3494 historicamque
1944 3427 2263 3482 sententiam

702 3517 990 3572 allaturum
1027 3516 1304 3586 professus
1343 3524 1490 3580 erat,
1536 3516 1806 3570 interdum
1839 3518 1904 3572 ad
1953 3517 2263 3589 allegoriam

701 3609 950 3665 declinet.
999 3608 1132 3667 Nam
1187 3609 1300 3677 ipse
1350 3606 1709 3676 Hieronymus
1741 3608 1794 3662 in
1838 3608 2110 3679 allegoriis
2159 3608 2266 3665 ire-

701 3714 900 3768 quens,
950 3699 1090 3754 hanc
1144 3699 1306 3753 tradit
1347 3694 1400 3751 in
1451 3710 1673 3768 prorogo
1724 3699 2009 3767 regulam:
2063 3719 2082 3751 ‹
2113 3699 2266 3757 Unde

699 3799 822 3860 post
876 3788 1118 3844 historia:
1166 3788 1484 3851 veritatem,
1535 3787 1886 3857 spiritualiter
1957 3789 2264 3859 accipienda

704 3891 841 3938 sunt
859 3885 1036 3938 omnia
1063 3899 1078 3938 :
1107 3890 1163 3936 et
1208 3881 1288 3936 sic
1323 3877 1502 3937 Judaa
1547 3888 1602 3934 et
1649 3873 1973 3945 Jérusalem,
2018 3880 2262 3953 Babylon

704 3982 761 4028 ct
798 3971 1163 4038 Philisthiim,
1211 3969 1364 4029 Moab
1410 3980 1466 4028 et
1519 3969 1846 4039 Damascus,
1893 3970 2160 4042 IEgyptus
2211 3983 2266 4028 et

705 4062 981 4120 desertum
1033 4076 1201 4126 mare,
1249 4061 1477 4116 ldumaa
1506 4069 1560 4116 et
1605 4061 1822 4125 Arabia,
1866 4075 1931 4116 ac
1977 4059 2144 4117 Vallis
2188 4063 2267 4117 vi-

706 4153 920 4219 sionis;
957 4161 1013 4207 et
1064 4151 1130 4206 ad
1179 4160 1478 4206 extremum
1523 4149 1700 4222 Tyrus
1741 4160 1798 4207 et
1835 4152 1974 4207 visio
2020 4153 2264 4222 quadru-

705 4244 920 4314 pedum,
969 4244 1318 4313 intelligenda
1355 4248 1509 4308 sunt;
1541 4252 1600 4296 ut
1629 4251 1822 4298 cuncta
1855 4255 2165 4314 quaeramus
2212 4245 2265 4298 in

702 4349 865 4390 sensu
889 4352 903 4389 :
932 4345 984 4389 et
1019 4335 1072 4389 in
1098 4335 1351 4390 omnibus
1377 4335 1485 4399 bis,
1515 4334 1912 4404 quasi'sapieus
1937 4335 2266 4393 architectus

706 4425 904 4480 Paulus
954 4424 1225 4494 apostolus
1252 4422 1424 4494 iaciat
1472 4423 1881 4481 fundamentum
1907 4464 1924 4489 ,
1967 4425 2110 4494 quod
2156 4440 2262 4481 non

703 4526 787 4572 est
820 4516 961 4571 aliud
991 4525 1184 4584 preter
1210 4515 1389 4571 .lesum
1419 4500 1712 4572 Christum.
1744 4533 1764 4567 ι

777 4607 1137 4677 Hexaplorum
1192 4623 1254 4662 ac
1307 4617 1546 4662 veterum
1595 4607 1953 4677 interpretum
2001 4606 2265 4662 lectiones

707 4699 907 4768 passim
963 4698 1121 4754 aliert
1163 4698 1462 4763 Eusebius,
1513 4707 1569 4753 et
1609 4699 1827 4768 quidem
1866 4698 2063 4753 multas
2109 4699 2265 4770 queis

705 4790 1067 4860 Hieronymus
1117 4806 1248 4845 usus
1303 4806 1409 4844 non
1458 4798 1557 4845 est.
1607 4790 1790 4845 Sicubi
1844 4804 1974 4845 vero
2019 4792 2262 4845 eamdem

707 4890 938 4950 uterque
982 4881 1265 4936 lectionem
1326 4883 1608 4948 exscrihit,
1635 4883 1898 4940 Eusebius
1943 4882 2264 4951 prolixiores

705 4972 973 5027 exhibet:
1020 4988 1141 5026 nam
1198 4972 1558 5046 Hieronymus
1616 4990 1718 5030 una
1782 4975 2022 5030 alterave
2079 4973 2268 5028 vocula

708 5072 1015 5127 contentus,
1047 5065 1328 5120 lectionem
1366 5067 1497 5123 item
1538 5063 1857 5121 Hebraicam
1887 5064 2098 5135 adjicit,
2124 5065 2266 5135 quod

707 5155 888 5209 rarius
923 5167 1147 5225 prastat
1177 5157 1457 5214 Eusebius.

1099 5261 1182 5312 lii.
1208 5263 1340 5313 mnu
1358 5262 1493 5313 dubii
1512 5277 1592 5325 ..ρι
1613 5276 1864 5326 mea"...

780 5343 888 5401 Res
931 5360 998 5401 ex
1031 5360 1089 5401 se
1116 5346 1263 5402 clara
1299 5357 1354 5401 et
1384 5358 1567 5418 aperta
1601 5359 1703 5413 est,
1742 5350 1925 5416 hosce,
1953 5365 2090 5421 quos
2120 5366 2265 5407 nunc

707 5437 934 5502 edimus,
966 5453 1251 5509 germanos
1274 5450 1326 5495 et
1356 5455 1514 5496 veros
1537 5457 1657 5499 esse
1683 5441 1897 5499 Eusebii
1932 5445 1986 5498 in
2014 5443 2267 5500 Hesaiam

710 5529 1160 5586 Commentarios.
1209 5532 1265 5587 ld
1317 5530 1629 5604 Hieronymi
1700 5536 2002 5594 testimonio
2053 5536 2266 5606 conspi-

781 5691 859 5764 (5)
887 5691 1019 5748 Vide
1047 5701 1245 5750 tornum
1277 5695 1626 5765 superiorem.

2294 4470 2341 4527 1)

2365 1864 2626 1919 suscitabo
2678 1869 2826 1922 vobis
2885 1865 3106 1935 Hedos,
3181 1868 3296 1938 ipse
3362 1870 3606 1926 historia
3677 1880 3935 1936 eventus,

2367 1944 2757 2015 testimonium.
2778 1969 2833 2017 et
2891 1960 3049 2021 iidem
3098 1961 3250 2016 addit
3293 1977 3309 2017 :
3346 1976 3466 2032 quc
3513 1961 3739 2018 historia
3790 1962 3936 2032 apud

2366 2046 2609 2118 Graeca,
2638 2049 2731 2120 qui
2767 2050 3092 2116 Chaldaica.
3121 2051 3408 2122 Assyriaea
3448 2059 3504 2120 et
3555 2051 3757 2109 Modica
3793 2052 3938 2110 scri-

2367 2149 2611 2209 pserunt,
2643 2143 2914 2211 reperitur
2944 2157 3218 2214 :quorum
3266 2158 3366 2200 nos
3416 2143 3736 2219 testimonia
3761 2141 3934 2199 multa

2366 2229 2679 2301 collegimus
2703 2232 2756 2286 in
2786 2231 3056 2288 Chronicia
3084 2233 3308 2292 nostris.
3346 2251 3367 2287 ι

2366 2334 2448 2386 IV.
2479 2335 2586 2396 Quo
2621 2339 2848 2401 tempore
2888 2337 2996 2388 hac
3015 2338 3375 2390 Commentaria
3413 2337 3661 2389 Eusebius
3699 2337 3934 2388 ediderit.

2438 2419 2563 2476 Haec
2597 2434 2763 2490 porro
2814 2435 2921 2477 una
2972 2421 3028 2477 in
3086 2421 3171 2479 his
3207 2421 3628 2478 Commentariis
3678 2421 3936 2491 temporis

2369 2518 2497 2566 nota
2527 2507 2826 2582 comparet.
2859 2513 2986 2569 Post
3013 2511 3159 2569 edita
3194 2527 3388 2584 nempe
3417 2512 3700 2579 Chronica,
3735 2511 3801 2567 id-
3821 2523 3935 2590 est,

2365 2609 2488 2672 post
2532 2617 2733 2657 annum
2776 2601 2904 2669 524,
2929 2602 3303 2674 Expositiones
3343 2605 3398 2658 in
3432 2600 3682 2657 ﬂosaiam
3711 2601 3941 2668 'edidis,

2366 2707 2472 2763 quo
2533 2704 2720 2750 autem
2781 2707 2960 2756 anno.
3021 2708 3089 2750 ne
3149 2693 3456 2766 conjectare
3529 2693 3746 2765 quidem
3799 2704 3940 2763 ms-

2367 2969 2408 3025 l.
2449 2969 2706 3042 Eusebius
2736 2987 2891 3041 parce
2921 2979 2973 3026 et
3002 2971 3172 3042 sobrie
3206 2970 3274 3042 de
3315 2969 3459 3026 Filio
3484 2969 3582 3026 Dei
3610 2970 3840 3042 loquitur
3882 2969 3952 3033 ira

2437 3040 2520 3093 his
2577 3039 2997 3096 Camntentariis.
3068 3040 3132 3096 ll.
3203 3039 3400 3096 Cantro
3455 3042 3634 3096 uicos
3672 3039 3726 3096 et
3772 3056 3934 3108 gene-

2292 3114 2335 3172 ε
2441 3110 2660 3166 thliacos
2689 3112 2949 3182 interdum
2977 3112 3103 3182 agit.
3126 3109 3214 3166 Ill.
3239 3111 3527 3182 Apostolus
3544 3111 3939 3182 quatuordecius

2448 3190 2711 3235 numerat.
2749 3179 2840 3236 IV.
2886 3179 3188 3251 Singularis
3217 3179 3448 3234 de'inart
3485 3181 3629 3234 ribus
3675 3181 3936 3234 narratio.

2448 3246 2507 3302 V.
2538 3249 2844 3319 Principum
2891 3252 3221 3306 sa'culariunt
3263 3266 3386 3319 erga
3425 3197 3714 3304 Ecclesium
3748 3250 3941 3319 pietas.

2372 3361 2410 3414 Ι.
2434 3359 2678 3412 Eusebius
2714 3374 2862 3424 parce
2887 3365 2941 3411 et
2960 3360 3129 3424 sobrie
3149 3362 3214 3411 de
3248 3360 3377 3424 Filio
3396 3358 3494 3410 Dei
3537 3361 3757 3424 loquitur
3778 3360 3832 3410 in
3863 3359 3957 3410 bis

2956 3423 3348 3475 Commentariis.

2438 3503 2538 3570 Qui
2593 3504 2648 3558 in
2697 3504 3110 3560 Commentariis
3161 3505 3214 3558 in
3269 3502 3516 3559 Psalmos
3585 3517 3823 3559 errorem
3868 3503 3942 3557 de

2372 3594 2506 3651 Filio
2542 3594 2636 3651 Dei
2675 3611 2833 3650 suum
2888 3596 3089 3664 passim
3142 3595 3474 3665 iusperserat
3519 3593 3799 3661 Eusebius,
3845 3593 3940 3648 hic

2369 3704 2533 3760 parce
2577 3699 2634 3746 et
2674 3689 2855 3746 sobrio
2895 3705 2958 3745 ea
3009 3690 3074 3744 de
3125 3703 3185 3744 re
3213 3695 3273 3744 ut
3321 3687 3612 3759 plurimum
3653 3686 3938 3756 loquitur:

2373 3781 2723 3851 quamobrem
2764 3781 3122 3852 Hieronymus
3150 3780 3240 3850 qui
3267 3776 3606 3834 Psalmorum
3637 3777 3944 3847 Expositio-

2374 3888 2497 3927 nem
2523 3872 2793 3928 Arianicis
2823 3872 3100 3927 erroribus
3129 3884 3403 3942 aspersam
3439 3883 3561 3925 esse
3596 3868 3944 3935 testificatur,

2374 3967 2505 4020 nihil
2539 3966 2845 4036 huiusmodi
2881 3966 3133 4022 observat
3156 3967 3209 4022 in
3246 3967 3354 4024 hoc
3381 3965 3793 4022 commentario.
3825 3963 3940 4020 Sed

2372 4058 2494 4126 quia
2524 4059 2753 4113 arduum
2795 4067 2880 4113 est
2917 4059 3006 4113 diu
3041 4058 3376 4130 multumque
3405 4059 3662 4122 scribere,
3706 4057 3837 4127 quin
3873 4073 3944 4114 ex

2370 4158 2564 4206 mente.
2596 4150 2875 4221 scriptoris
2918 4150 3122 4220 aliquid
3171 4149 3254 4206 vel
3302 4150 3672 4222 imprudenter
3717 4147 3940 4213 eiiluat.

2372 4258 2475 4298 non
2524 4245 2755 4299 obscure
2794 4245 3118 4299 sententiam
3153 4257 3306 4298 suam
3344 4243 3526 4312 prodit
3557 4242 3820 4298 Eusebius
3867 4243 3941 4298 ad

2372 4348 2490 4404 cap.
2519 4328 2676 4400 xuii,
2707 4335 2798 4390 ubi
2832 4333 2885 4388 in
2913 4335 3028 4390 haec
3060 4333 3223 4391 verba
3256 4353 3270 4388 ε
3309 4333 3452 4403 Ἐγὼ
3477 4336 3507 4388 ὁ
3537 4334 3691 4401 Θεὸς,
3721 4336 3816 4390 καὶ
3835 4335 3946 4391 οὐκ

2372 4428 2485 4485 ἔστι
2514 4428 2689 4502 παρὲξ
2716 4428 2851 4500 ἐμοῦ
2895 4429 3104 4495 σώζων,
3129 4430 3182 4485 id
3215 4439 3300 4485 est
3324 4446 3340 4485 :
3376 4447 3395 4480 ι
3424 4427 3534 4498 Ego
3554 4428 3718 4494 Deus,
3745 4437 3798 4482 et
3827 4443 3941 4484 non

2369 4532 2451 4576 est
2466 4533 2661 4591 prteter
2685 4537 2769 4577 me
2792 4522 2885 4592 qui
2912 4523 3118 4578 salvum
3137 4520 3319 4589 iaciat,
3334 4541 3353 4574 ι
3372 4521 3550 4578 sicille
3564 4522 3726 4576 habet
3749 4539 3763 4574 :
3786 4522 3942 4586 Μιᾶς

2367 4612 2475 4684 γὰρ
2511 4612 2678 4686 οὔσης
2713 4614 2908 4685 ἀρχῆς,
2939 4613 3037 4684 μία
3065 4614 3150 4684 εἴη
3180 4613 3246 4667 ἂν
3269 4616 3303 4684 ἡ
3340 4612 3549 4684 θεότης,
3581 4607 3617 4688 ᾗ
3646 4629 3945 4685 συμπαρα-

2367 4703 2697 4775 λαμϐάνεται
2739 4705 2832 4757 καὶ
2878 4705 2913 4774 ἠ
2943 4703 3036 4757 τοῦ
3084 4703 3421 4773 Μονογενοῢς
3447 4705 3612 4758 αὑτοῦ
3664 4703 3938 4773 Galeria.

2369 4795 2480 4851 Hoc
2528 4806 2659 4851 est:
2701 4813 2720 4846 ε
2749 4794 2884 4850 Nam
2915 4810 3035 4850 cum
3070 4812 3236 4852 unum
3286 4806 3356 4853 sit
3417 4797 3779 4868 principium,
3830 4812 3947 4852 una

2367 4889 2528 4945 fuerit
2571 4899 2628 4944 et
2657 4889 2853 4951 deitas,
2899 4901 3130 4958 quacum
3163 4891 3459 4945 assumitur
3507 4888 3778 4960 U-nigeniti
3809 4889 3940 4960 ejus

2369 4983 2725 5053 theologiam
2780 4979 2872 5035 ubi
2924 4996 3030 5036 non
3080 4982 3203 5039 ideo
3249 4981 3370 5037 Filii
3424 4981 3748 5054 theologiam
3804 4997 3941 5037 cum

2368 5083 2588 5142 paterna
2622 5073 2824 5127 deitate
2867 5076 3068 5131 assumi
3101 5075 3239 5140 vult,
3271 5076 3412 5145 quod
3461 5075 3634 5129 deitas
3674 5073 3791 5129 Filii
3827 5091 3938 5130 una

2367 5168 2666 5235 eademque
2696 5167 2769 5221 sit
2796 5173 2960 5236 atque
2990 5176 3218 5238 paterna
3243 5186 3257 5222 :
3289 5181 3411 5222 nam
3441 5182 3561 5228 eam
3597 5166 3686 5222 ille
3714 5177 3938 5224 senten-

2368 5259 2494 5312 tiam
2524 5269 2584 5313 ut
2634 5258 2994 5314 Sabellianam
3036 5261 3266 5329 respuit;
3303 5260 3402 5315 sed
3444 5259 3599 5330 quod
3632 5261 3703 5316 ob
3735 5260 3939 5317 simili-

2370 5350 2607 5405 tudinem
2657 5350 2963 5419 quamdam,
3009 5351 3078 5407 ab
3108 5363 3232 5407 ortu
3282 5351 3422 5407 Deus
3471 5352 3773 5423 appellatus
3824 5355 3939 5420 sit,

2369 5445 2631 5515 siquidem
2660 5443 2904 5515 principii
2929 5454 2984 5500 et
3010 5444 3228 5501 deitatis
3258 5446 3520 5502 unitatem
3551 5446 3605 5501 in
3631 5445 3747 5502 solo
3769 5445 3937 5505 Patre

2369 5537 2574 5594 servari
2607 5537 2683 5593 ait
2711 5536 2819 5606 hic,
2849 5546 2902 5595 et
2932 5539 3132 5607 passim
3161 5539 3510 5611 apertiusque
3555 5539 3610 5596 in
3642 5539 3766 5598 aliis
3798 5555 3939 5614 ope-

2444 3246 2507 3302 ν.
2538 3249 2844 3321 Principum
2891 3246 3221 3306 sa'cnlariunt
3263 3266 3386 3320 erga
