4100 6286
245 293 311 348 85
1161 291 1674 348 COMMENTARIA
1720 290 1783 344 ΙΝ

1917 288 2084 344 tlAM.
2129 319 2193 327 -—
2232 285 2630 342 PRxﬁFATlO.
3465 292 3534 342 εο

248 409 425 466 ribus,
499 411 557 456 ut
624 410 1097 456 commonstratur
1159 420 1210 456 In
1275 404 1732 472 pralimiuaribus
1785 405 1848 458 ad
1881 409 1925 464 Α
1957 412 2302 465 accedentes,
2341 408 2688 466 usurparent.
2720 396 2922 452 Locum
2977 395 3173 452 afferre
3221 415 3290 455 nc
3333 401 3532 471 pigeat.

243 495 707 550 Coinmeutarium
740 495 792 547 in
829 492 1102 558 Psalmos,
1136 496 1224 548 ubi
1260 497 1473 551 videsis.

373 604 434 652 ll.
458 602 637 654 Contra
663 601 912 650 atheuset
935 601 1279 664 genethliacos
1301 602 1549 651 interdum
1573 606 1690 664 agit.

310 687 447 755 Quia
522 687 740 741 Eusebii
798 702 944 750 aevo,
997 687 1137 740 athei
1197 687 1405 748 multi,‘
1439 698 1494 741 et
1553 688 1828 758 religionis

238 781 441 834 nullius
496 779 747 833 homines
821 788 1018 843 erant,
1071 779 1160 848 qui
1221 779 1332 836 fato
1391 795 1582 836 omnes
1647 798 1828 838 rerum

236 882 464 926 eventus
501 872 874 933 ascriberent;
910 871 1152 937 ejusdem
1199 870 1386 924 farinre
1431 872 1682 925 homines
1715 888 1830 941 pas-

234 965 334 1016 sim
369 964 676 1016 insectatur
704 963 969 1017 Eusebius
1005 963 1114 1027 hic,
1149 973 1206 1016 ut
1240 964 1292 1016 in
1321 962 1747 1020 Commentariis
1774 967 1826 1024 in

234 1053 516 1108 l‘salmos:
544 1053 636 1107 ubi
668 1063 778 1108 tum
807 1054 1037 1118 ratione,
1056 1064 1165 1109 tum
1194 1056 1460 1123 exemplis
1483 1057 1823 1128 comprobat,

233 1145 476 1198 numinis
519 1144 863 1214 providentia
905 1145 1160 1198 mundum
1199 1145 1592 1200 administrari.
1637 1164 1656 1196 ι
1688 1145 1823 1202 Nam

233 1250 352 1288 cum
390 1235 670 1302 sapientes
707 1234 862 1302 hujus
911 1234 1112 1299 saeculi,
1142 1253 1162 1287 ι
1197 1235 1277 1289 sic
1326 1235 1416 1289 ille
1447 1237 1515 1289 ad
1562 1251 1684 1306 cap.
1717 1252 1822 1303 χι,

237 1347 253 1378 ι
283 1326 469 1379 omnia
519 1335 818 1395 spontaneo
867 1327 1082 1381 cuidam
1120 1342 1303 1382 rerum
1350 1328 1554 1391 motui,
1601 1343 1665 1384 ac
1717 1328 1822 1382 for-

230 1419 368 1473 tuito
418 1419 658 1473 naturali
714 1419 969 1484 casui,ct
1014 1419 1124 1473 fato
1155 1421 1467 1486 ascribant;
1513 1425 1824 1479 necessario

225 1526 474 1580 praemis
523 1527 724 1578 sermo,
783 1511 984 1566 nullam
1029 1527 1212 1567 rerum
1269 1512 1497 1569 fortuito
1549 1531 1677 1570 casu
1723 1534 1820 1572 ex-

224 1599 446 1665 sistere,
475 1601 575 1655 sed
609 1601 790 1655 omnia
830 1616 953 1656 cum
1004 1617 1255 1656 mensura
1301 1611 1356 1657 et
1392 1620 1621 1659 numero
1653 1622 1680 1659 a
1720 1605 1824 1660 Do-

223 1694 398 1759 mino,
442 1694 538 1764 qui
573 1693 713 1748 Deus
752 1695 1101 1764 praedicatur,
1148 1697 1447 1751 constituta
1498 1697 1687 1764 fuisse,
1721 1701 1818 1755 de-

1935 495 2014 548 Ad
2046 493 2191 546 llltllll
2225 493 2428 547 llesaire
2457 506 2669 544 versum
2696 504 2814 556 cap.
2843 504 2965 543 XLIV
2994 509 3004 543 :
3031 484 3220 555 Οὗτος
3242 491 3395 558 ἐρεῖ·
3423 491 3534 546 Τοῦ

1937 587 2085 641 Θεοῦ
2118 590 2268 655 εἰμι,
2305 586 2401 639 καὶ
2448 581 2626 647 οὗτος
2669 581 2967 648 βοήσεται
3018 582 3116 635 ἐπὶ
3164 581 3244 648 τῷ
3290 585 3534 653 ὀνόματι

1947 679 2179 739 Ἰακὼϐ,
2229 679 2325 731 ml
2376 677 2575 743 Eri-pot;
2623 673 2938 742 ἐπίῃ-ἅψει
2999 673 3069 741 τῇ
3125 673 3271 742 χειρὶ
3321 675 3528 732 αὐτοῦ’

1939 771 2049 825 Τοῦ
2084 770 2232 824 Θεοῦ
2263 773 2398 839 εἰμί,
2436 769 2530 821 καὶ
2565 768 2662 819 ἐπὶ
2700 766 2778 832 τῷ
2810 769 3055 836 ὀνόματι
3091 767 3339 837 Ἰσραὴλ
3376 769 3530 836 ,βοή-

1931 879 2132 916 σεται⁶
2172 863 2222 916 id
2273 871 2355 917 est
2401 881 2411 913 :
2449 880 2465 912 ι
2499 859 2595 914 llic
2642 859 2782 913 dicet
2817 879 2828 912 ε
2876 859 2967 914 Dei
3005 875 3156 924 sum,
3186 870 3241 914 et
3293 860 3381 914 hic
3422 860 3531 915 ela-

1932 957 2100 1008 mabit
2150 956 2200 1008 in
2252 955 2470 1008 nomine
2515 953 2714 1017 Jacob;
2767 962 2822 1006 et
2869 953 3010 1006 alius
3055 953 3328 1008 describet
3365 969 3528 1008 manu

1930 1061 2024 1100 sua
2057 1063 2068 1096 :
2097 1045 2187 1098 Dei
2230 1061 2373 1109 sum,
2407 1055 2462 1097 et
2513 1044 2564 1096 in
2603 1043 2825 1096 nomine
2858 1042 3026 1097 Israel
3070 1043 3360 1109 clamabit;
3395 1065 3414 1097 ι
3451 1047 3531 1102 sic

1931 1138 2092 1192 habet
2131 1138 2218 1191 ille
2261 1156 2272 1190 ;
2320 1136 2611 1206 Θαυμάσαι
2643 1134 2700 1187 δὲ
2754 1134 2904 1198 ἔστι,
2957 1137 3050 1188 καὶ
3105 1137 3528 1207 καταπλαγῆναι

1928 1229 2141 1300 ἀληθῶς
2194 1230 2293 1300 τὴν
2346 1228 2454 1280 τῶν
2506 1227 2860 1298 προᾳητικῶν
2925 1227 3098 1294 λόγων
3153 1227 3402 1301 δύναμιν,
3453 1229 3529 1293 ὡς

1928 1326 2108 1386 αὐτοῖς
2143 1322 2326 1394 ἔργοις
2371 1321 2438 1374 τὰ
2489 1321 2903 1391 ἀποτελέσματα
2956 1321 3397 1393 παρειλήφαμεν.
3438 1323 3526 1376 ‘Ev

1927 1416 2056 1485 γοῦν
2094 1419 2203 1478 τοῖς
2251 1414 2368 1466 καθ’
2418 1416 2566 1484 ἡμᾶς
2621 1415 2821 1477 αὐτοὺς
2877 1414 3193 1485 γενομένοις
3240 1416 3524 1485 διωγμοῖς,

1929 1510 2155 1573 πολλοὺς
2190 1509 2297 1561 τῶν
2340 1509 2652 1576 ἀλλοφύλων
2701 1509 2870 1562 ἐθνῶν
2903 1509 3269 1580 ἐθεασάμεθα,
3314 1525 3526 1580 προαρ·

1928 1602 2198 1667 πάζοντας
2242 1604 2455 1666 ἑαυτοῖς
2489 1603 2584 1664 τὰς
2626 1601 2734 1654 τῶν
2783 1601 2952 1669 ἁγίων
2992 1602 3202 1674 ἀνδρῶν
3248 1618 3526 1673 προσηγοσ

1930 1697 2078 1765 ρίας’
2126 1691 2199 1748 ὧν
2241 1697 2268 1747 ὁ
2317 1695 2414 1764 μὲν
2451 1694 2640 1747 ἑαυτὸν
2698 1693 2874 1746 Ιακὼϐ
2925 1694 3142 1757 ἐκάλει,
3199 1695 3292 1748 καὶ
3337 1694 3526 1766 ἕτερος

221 1785 469 1840 clarat.»
524 1785 649 1840 Pari
700 1787 859 1842 modo
916 1787 1188 1842 invehitur
1236 1788 1289 1842 in
1337 1802 1432 1843 eos
1473 1791 1597 1860 qui,
1647 1794 1810 1846 motui

1938 1787 2174 1858 Ἰσραὴλ,
2235 1787 2392 1850 ἄλλος
2426 1787 2482 1839 δὲ
2540 1786 2830 1858 Ἱερεμίαν,
2886 1787 2979 1839 καὶ
3024 1786 3252 1840 Ἡσαΐαν
3295 1785 3521 1856 ἕτερος,

222 1887 504 1932 astrorum
568 1877 752 1933 omnia
826 1880 1201 1944 ascribentes,
1252 1881 1495 1950 genesim
1557 1882 1824 1953 cujusque

221 1970 626 2038 explorabant:
659 1972 750 2042 qui
785 1971 1103 2042 frequentes
1155 1973 1247 2027 illa
1279 1981 1600 2042 tempestate
1633 1985 1816 2029 erant.

223 2059 483 2131 Legimus
530 2078 663 2118 sane.
701 2064 992 2120 Eusebium
1028 2064 1390 2130 Emesenum,
1434 2069 1580 2136 quod
1623 2068 1821 2122 ἀποτε-

219 2151 567 2226 λεσματικὴν
641 2165 960 2222 exerceret,
1017 2171 1046 2210 a
1101 2154 1262 2226 plebe
1329 2155 1548 2226 pulsum
1620 2159 1819 2217 throno

218 2242 392 2301 fuisse

348 2335 436 2387 III.
479 2338 749 2402 Apostolus
769 2343 1147 2404 quatuordecim
1171 2350 1400 2396 numerat
1423 2345 1684 2398 Eusebius.

289 2421 588 2492 Apostolus
629 2428 1046 2494 quatuordecim
1098 2440 1350 2486 recenset
1394 2430 1688 2498 Eusebius,
1733 2433 1816 2486 ni-

218 2516 422 2570 mirum
472 2516 761 2573 duodecim
802 2519 927 2577 illos
959 2521 1242 2592 pristinos,
1273 2522 1498 2580 Matthia
1534 2526 1588 2580 in
1632 2525 1816 2581 locum

214 2604 370 2664 Iuda
437 2610 739 2679 proditoris
787 2612 1174 2670 duodecimum
1239 2614 1422 2672 locum
1481 2625 1813 2686 occupante,

217 2696 447 2754 Paulum
475 2711 532 2756 et
558 2700 822 2758 Iacobum
856 2702 1080 2760 fratrem
1115 2706 1363 2773 Domini;
1395 2722 1518 2763 nam
1551 2707 1812 2765 Iacobum

215 2789 365 2845 illum
401 2792 629 2849 fratrem
662 2792 899 2860 Demini,
928 2796 1090 2851 alium
1123 2813 1153 2852 a
1181 2797 1384 2854 Jacobo
1413 2801 1618 2871 Alphtei
1651 2810 1809 2872 putat

213 2898 360 2940 esse.
413 2885 553 2940 Tres
613 2888 796 2956 itaque
845 2889 1172 2960 ὁμωνύμους
1231 2892 1508 2963 apostolos
1560 2907 1811 2953 numerat

217 2975 511 3044 Eusebius,
552 2978 811 3036 Iacobum
863 2981 1092 3036 fratrem
1137 2980 1386 3051 Joannis,
1423 2984 1684 3044 Iacobum
1715 2991 1811 3045 Al-

211 3069 487 3175 ἔψεξε-οι
536 3068 801 3174 Jacobum
853 3071 1075 3175 fratrem
1112 3074 1370 3175 Domini,
1415 3093 1575 3150 quem
1621 3082 1696 3138 ait
1740 3084 1808 3139 ab
1839 3115 1882 3175 ρ

211 3159 330 3228 ipso
350 3159 571 3216 Christo
591 3163 900 3233 episc0pum
921 3163 1430 3236 Jerosolymitanum
1453 3174 1807 3231 constitutum

211 3252 398 3307 fuisse.
453 3252 614 3310 Hunc
643 3271 806 3325 porro
845 3258 1021 3314 locum
1059 3259 1426 3333 Hieronymus
1466 3280 1532 3321 ex
1572 3267 1809 3326 Eusebio

212 3347 277 3400 ad
315 3349 543 3404 verbum
593 3365 753 3420 pene,
803 3361 865 3406 ut
897 3355 1098 3422 passim
1145 3356 1320 3422 solet,
1369 3359 1678 3424 transtulit,
1716 3363 1807 3432 qui

211 3447 391 3494 tamen
427 3456 552 3496 eam
601 3443 772 3512 ipsam
813 3445 1124 3513 opinionem
1158 3449 1211 3502 in
1252 3448 1395 3505 libro
1436 3449 1636 3507 Contra
1676 3452 1807 3509 Hel-

211 3531 410 3585 sidiam
457 3546 772 3604 oppugnat,
825 3538 1068 3609 duosque
1135 3550 1344 3598 tantum
1392 3541 1626 3602 Jacobos
1686 3562 1808 3602 esse

211 3623 476 3680 defendit.
503 3626 692 3682 Trium
730 3646 895 3700 porro
936 3631 1263 3689 Jacoborum
1292 3637 1602 3707 opinionem
1635 3639 1808 3698 Euse-

209 3717 332 3773 bius
375 3735 445 3773 ex
490 3719 732 3790 Origene
767 3733 1048 3781 mutuatus
1079 3727 1337 3783 videtur:
1371 3743 1495 3784 nam
1549 3731 1595 3786 is
1643 3747 1804 3802 quem

210 3810 309 3866 sibi
344 3811 582 3867 alterum
628 3813 749 3882 ejus
786 3817 1062 3886 opinionis
1101 3831 1386 3876 auctorem
1419 3822 1646 3878 ascribit
1698 3826 1804 3881 Eu-

207 3905 416 3971 sebius,
458 3904 557 3958 lib.
587 3921 623 3960 II
667 3905 812 3962 Hist.
837 3909 988 3977 eccl.,
1021 3926 1143 3981 cap.
1174 3913 1227 3982 l,
1263 3913 1522 3971 Clemens
1555 3918 1804 3974 videlicet

211 3995 638 4062 Alexandrinus,
670 3999 886 4055 Eusebii
927 4004 1218 4060 sententia:
1245 4005 1591 4071 adversatur,
1621 4009 1714 4064 δύο
1744 4012 1802 4065 δὲ

211 4087 466 4154 γεγόνασι
502 4087 772 4154 ’ῐάκωὸοι,
805 4092 884 4146 sic
933 4093 1040 4159 ille,
1072 4092 1154 4160 εἷς
1183 4098 1212 4150 ὁ
1249 4096 1491 4162 δίκαιος·
1527 4099 1714 4172 ἕτερος
1746 4103 1803 4156 δὲ

209 4180 238 4230 ὁ
265 4181 678 4250 καρατομηθείς
717 4201 730 4236 :
775 4202 792 4234 ι
825 4183 942 4239 Duo
969 4194 1150 4241 autem
1208 4185 1394 4244 Jacobi
1436 4189 1622 4257 fuere;
1665 4193 1803 4249 alius

209 4269 402 4337 justus,
429 4287 452 4324 ι
502 4271 620 4340 sive
651 4273 857 4341 Minor;
910 4295 930 4327 ε
962 4277 1103 4333 alius
1137 4280 1230 4348 qui
1281 4282 1464 4350 capite
1517 4293 1800 4341 truncatus

211 4369 311 4423 est,
336 4379 356 4412 ι
387 4374 486 4416 seu
526 4361 719 4432 Major.
749 4362 858 4420 Nec
892 4365 1106 4423 felicius
1131 4373 1320 4424 eodem
1356 4371 1517 4437 libro,
1555 4389 1676 4445 cap.
1701 4374 1796 4440 25,

1925 1882 2016 1934 καὶ
2075 1881 2268 1951 Δανιὴλ
2313 1881 2473 1934 πάλιν
2520 1879 2698 1943 ἄλλος.
2748 1878 2986 1932 Τοιαῦτα
3033 1879 3163 1948 γοῦν
3215 1877 3519 1949 ἐπιγραφό-

1927 1989 2076 2040 μενοι
2149 1973 2387 2042 ὁνόματα
2449 1971 2541 2025 ἐπὶ
2594 1970 2654 2023 τὸ
2725 1970 3023 2042 μαρτύριον
3079 1969 3172 2023 τοῦ
3231 1970 3367 2023 Θεοῦ
3424 1971 3524 2024 σὺν

1922 2065 2102 2136 πολλῷ
2133 2065 2324 2138 θάρσει
2355 2066 2448 2118 καὶ
2484 2065 2772 2137 napfmqlq,
2803 2064 3086 2135 παρῄεσαν
3106 2081 3120 2093 ·
3157 2063 3193 2117 ἃ
3220 2062 3284 2134 δὴ
3319 2063 3520 2134 σημαία

1919 2171 2084 2209 νουσα
2128 2157 2159 2227 ἡ
2196 2157 2503 2226 προφητεία
2549 2155 2748 2226 φησιν·
2788 2151 2977 2221 Οὗτος
3022 2154 3160 2222 ἐρεῖ·
3213 2153 3324 2208 Τοῦ
3371 2154 3520 2209 Θεοῦ

1918 2250 2056 2317 εἰμι,
2081 2267 2134 2301 κ.
2165 2266 2213 2300 τ.
2241 2247 2291 2301 λ.
2321 2248 2432 2302 Hoc
2456 2258 2541 2302 est
2564 2268 2575 2303 :
2611 2268 2628 2299 ‹
2655 2247 3018 2318 Μίηιι-ἰξριοιιε
3048 2247 3195 2303 subit
3222 2247 3521 2318 prophetia:

1919 2342 2027 2397 vim
2064 2353 2119 2397 et
2145 2341 2468 2407 ellicaciam,
2498 2353 2555 2396 et
2589 2357 2752 2412 quam
2790 2355 2921 2396 vere
2948 2342 3025 2396 rei
3057 2351 3315 2399 eventum
3344 2340 3520 2395 oculis

1917 2433 2348 2503 perceperimus.
2396 2429 2531 2484 Nam
2564 2431 2616 2484 in
2651 2429 3127 2500 persecutionibus
3155 2437 3345 2495 nostro
3382 2438 3518 2482 tem-

1917 2539 2051 2594 pore
2079 2523 2393 2588 concitatis,
2419 2522 2620 2578 multos
2662 2537 2730 2578 ex
2765 2519 3093 2590 alienigenis
3137 2518 3390 2589 gentibus
3439 2518 3521 2572 vi-

1919 2618 2120 2682 dimus,
2167 2618 2259 2687 qui
2316 2627 2634 2672 sanctorum
2696 2615 2942 2670 virorum
2999 2614 3222 2669 nomina
3282 2625 3518 2680 usurpa-

1916 2707 2076 2774 bant;
2113 2707 2253 2764 alius
2285 2710 2487 2780 quippe
2516 2723 2638 2764 sese
2683 2706 2947 2764 Jacobum
2995 2705 3334 2775 appellabat;
3375 2706 3518 2761 alius

1915 2802 2196 2868 lsraelem,
2231 2803 2370 2857 alius
2417 2800 2749 2868 Jeremiam;
2798 2801 2886 2856 hic
2923 2799 3204 2864 Hesaiam,
3254 2799 3360 2853 iste
3400 2796 3512 2854 Da-

1915 2893 2137 2951 nielem.
2192 2894 2408 2950 Etenim
2461 2895 2546 2949 his
2599 2893 2706 2949 sibi
2759 2893 3015 2963 ascriptis
3070 2890 3403 2956 nominibus,
3439 2891 3509 2946 ad

1916 2987 2238 3058 martyrium
2303 3001 2402 3056 pro
2455 2987 2566 3041 Deo
2623 2984 2968 3040 subeundum
3033 2998 3156 3038 cum
3211 2981 3409 3037 ﬁducia
3459 2991 3515 3038 et

1916 3080 2223 3136 constantia
2258 3079 2614 3134 accedebant.
2640 3075 2770 3146 Qute
2807 3076 3089 3148 prophetia
3115 3075 3346 3144 indicat,
3381 3076 3508 3130 dum

1917 3173 1994 3229 ait
2043 3193 2058 3227 ι
2105 3171 2207 3227 llic
2235 3173 2370 3226 dicet
2405 3187 2421 3224 :
2453 3172 2547 3225 Dei
2582 3187 2730 3236 sum,
2765 3182 2869 3224 etc.
2923 3190 2940 3222 ι

2023 3264 2083 3317 ν.
2110 3263 2400 3327 Principum
2423 3264 2731 3313 sacularium
2757 3276 2876 3326 erga
2905 3263 3178 3312 Ecclesiam
3214 3263 3392 3325 pietas.

1984 3345 2045 3403 ln
2105 3349 2248 3404 hunc
2301 3363 2520 3404 versum
2579 3363 2702 3418 cap.
2756 3361 2883 3402 χιιι
2919 3367 2932 3402 ι
2967 3366 2985 3399 ι
3021 3347 3087 3402 Et
3140 3358 3305 3403 erunt
3355 3361 3513 3419 reges

1911 3442 2127 3498 nutritii
2161 3442 2268 3508 tui,
2304 3451 2360 3496 et
2407 3441 2611 3510 regina:
2650 3441 2896 3496 nutrices
2944 3451 3089 3506 tua),
3117 3459 3134 3493 ι
3182 3441 3300 3495 hac
3343 3440 3510 3496 habet

1910 3535 2181 3591 Eusebius
2219 3544 2523 3590 memoratu
2579 3534 2742 3604 plane
2791 3533 2996 3604 digna:
3041 3551 3061 3585 ι
3091 3533 3246 3601 Quod
3293 3534 3360 3590 ad
3411 3535 3506 3589 lit-

1913 3637 2086 3684 teram
2123 3629 2406 3699 impletum
2461 3627 2593 3699 ipsis
2631 3626 2810 3683 oculis
2837 3628 3137 3694 cernimus,
3175 3630 3302 3684 dum
3343 3629 3381 3684 ii
3414 3628 3507 3698 qui

1909 3735 2225 3792 supremum
2281 3720 2572 3793 imperium
2611 3721 2884 3788 obtinent,
2934 3720 3273 3787 Ecclesiam,
3325 3724 3504 3777 nutri-

1911 3814 2107 3868 tiorum
2143 3814 2339 3876 instar,
2387 3821 2603 3884 gestant
2632 3823 2688 3868 et
2725 3813 2956 3870 fovent:
2995 3831 3059 3869 ac
3111 3816 3315 3886 reginae
3365 3830 3503 3885 gen-

1909 3903 2062 3966 tium,
2097 3903 2148 3956 id
2184 3910 2288 3967 est,
2329 3903 2669 3973 singularum
2718 3905 2958 3974 gentium
3007 3914 3060 3961 et
3093 3907 3503 3974 provinciarum

1907 4001 2285 4069 magistratus,
2329 4013 2568 4068 superno
2609 3999 2727 4068 regi
2777 3999 3190 4066 ministrantes,
3239 4010 3502 4072 tanquam

1905 4091 2170 4156 nutrices,
2228 4089 2559 4160 pauperibus
2621 4090 2881 4147 Ecclesiae
2938 4093 3295 4163 imperatorio
3365 4103 3502 4150 nutu

1903 4198 2172 4238 annonam
2222 4183 2614 4252 suppeditant:
2649 4198 2821 4253 quare
2862 4185 3106 4240 nutrices
3139 4186 3260 4256 ejus
3299 4201 3504 4242 vocan-

1905 4283 2023 4339 tur;
2055 4274 2168 4328 sive
2194 4274 2492 4328 secuudum
2513 4273 2923 4345 Symmachum,
2949 4295 2968 4326 ‹
2995 4275 3079 4331 lac
3106 4277 3449 4346 praebentes;
3474 4297 3497 4334 ι

1901 4367 1980 4421 sic
2024 4367 2168 4421 enim
2201 4366 2370 4421 habet
2425 4384 2438 4419 :
2486 4365 2553 4420 Et
2597 4367 2792 4437 regina:
2833 4385 3014 4423 eorum
3049 4371 3133 4425 lac
3168 4373 3495 4431 urtebebutu.

213 4448 573 4521 Hegesippum
601 4464 660 4507 ut
685 4455 788 4510 sibi
820 4457 1206 4527 astipulantem
1231 4458 1409 4515 affert.
1442 4460 1533 4518 Ille
1563 4481 1798 4536 namque
1832 4467 1876 4521 υ
1906 4458 2040 4526 Quis
2068 4470 2250 4516 autem
2302 4469 2630 4515 memoratos
2676 4460 2963 4530 prmfectos
3013 4478 3246 4522 cernens
3303 4468 3359 4522 in
3407 4483 3500 4524 ec-

208 4537 468 4598 Jacobnm
517 4545 733 4614 quidem
781 4562 903 4604 cum
949 4549 1211 4620 apostolis
1247 4551 1548 4610 Ecclesiam
1581 4555 1801 4615 Jeroso-

215 4635 526 4706 lymitanam
563 4641 769 4698 rexisse
811 4644 922 4710 ait,
967 4661 1069 4702 nec
1105 4647 1226 4704 ideo
1276 4659 1454 4707 tamen
1504 4653 1678 4722 ipsum
1730 4671 1797 4711 ex

215 4730 278 4782 l9.
310 4733 683 4801 apostolorum
729 4752 956 4793 numero
1001 4755 1121 4816 non!
1156 4740 1347 4809 fuisse,
1389 4744 1477 4801 vel
1531 4748 1794 4816 declarat,

214 4822 288 4876 vel
321 4823 523 4880 innuit.
557 4823 708 4892 Quod
751 4843 879 4884 vero
912 4831 965 4885 in
993 4814 1431 4893 Commentariis
1465 4838 1518 4892 in
1546 4814 1796 4898 Psalmos

215 4914 285 5001 ait
331 4913 624 4982 Eusebius,
654 4919 798 4973 haud
833 4920 1052 4979 diﬂicile
1087 4940 1208 4981 esse
1250 4927 1521 4999 cujusque
1573 4943 1796 5001 aposto-

215 5000 381 5058 lorum
433 5006 633 5061 tribum
683 5012 997 5080 assignare,
1041 5014 1130 5070 hic
1177 5016 1508 5074 wnlirmare
1557 5000 1792 5090 videtur,

220 5095 335 5148 dum
374 5095 453 5150 ait
503 5095 701 5154 Judam
767 5105 1070 5171 apostolum
1124 5108 1461 5177 proditorem
1521 5126 1591 5166 ex
1649 5115 1794 5168 tribu

221 5184 465 5253 Ephraim
497 5188 687 5247 fuisse.

349 5302 429 5352 IV.
457 5306 736 5370 Singularis
759 5308 962 5360 Eusebii
983 5313 1046 5362 de
1071 5315 1368 5378 martyribus
1390 5322 1623 5370 narratio.

283 5385 562 5456 Singulare
611 5407 847 5462 prorsus
891 5405 976 5449 est
1016 5399 1161 5465 quod
1199 5401 1365 5456 habet
1410 5403 1682 5459 Eusebius
1727 5406 1793 5461 de

223 5478 278 5532 iis
321 5483 436 5552 qui,
479 5500 544 5539 ex
577 5487 887 5554 gentilibus
919 5489 986 5543 ad
1020 5490 1179 5546 fidem
1228 5497 1511 5562 conversi,
1543 5499 1610 5551 ad
1644 5513 1791 5552 mar-

224 5574 388 5641 tyrium
431 5579 815 5644 accedebant;
868 5583 1012 5649 quod
1042 5585 1272 5654 scilicet,
1307 5590 1545 5660 propriis
1597 5593 1792 5661 positis

213 5670 506 5739 iactantibus,
537 5673 870 5746 priscorum
907 5677 1343 5743 patriarcharum
1389 5691 1444 5735 et
1490 5683 1788 5752 propheta-

199 5776 292 5824 rum
326 5771 630 5828 vocabula.
685 5766 760 5820 ad
812 5780 1004 5821 necem
1040 5785 1136 5827 oro
1181 5770 1404 5830 Christo
1453 5775 1790 5835 subeundam

1903 4551 2066 4606 clesia
2102 4552 2195 4606 Dei
2229 4566 2406 4622 genua
2447 4550 2692 4618 flectere,
2721 4569 2786 4608 ac
2822 4556 2877 4608 in
2910 4554 3152 4612 frontem
3185 4557 3337 4614 humi
3377 4576 3496 4631 pro-

1901 4643 2194 4707 cumbere,
2238 4658 2344 4698 non
2407 4644 2644 4699 fateatur
2697 4645 2838 4702 hanc
2892 4649 3235 4718 prophetiam
3292 4652 3361 4708 ad
3405 4652 3492 4708 lit-

1904 4743 2072 4788 teram
2118 4735 2446 4804 completam
2499 4753 2658 4804 esse,
2709 4757 2814 4810 qua
2862 4743 3065 4798 diserte
3115 4745 3228 4799 ait:
3259 4763 3278 4798 ι
3319 4745 3497 4817 Super

1901 4828 2095 4883 faciem
2121 4838 2278 4883 terra:
2305 4831 2610 4887 adorabunt
2635 4843 2709 4898 te,
2737 4845 2792 4890 et
2831 4837 3105 4905 pulverem
3161 4838 3495 4908 pedumtuo-

1908 4936 2030 4975 rum
2057 4923 2317 4993 litigent.»
2356 4923 2454 4979 Ubi
2481 4926 2630 4980 vides
2662 4927 2791 4981 item
2826 4945 3035 4985 morem
3069 4931 3493 5000 genuﬂectendi,

1900 5029 1964 5070 ac
1994 5013 2047 5068 in
2085 5025 2285 5070 terram
2322 5020 2738 5087 procumbeudi,
2777 5023 2865 5078 hic
2898 5035 2956 5078 ut
2989 5025 3042 5078 in
3070 5024 3492 5082 Commentariis

1899 5104 1952 5159 in
2000 5105 2248 5160 Psalmos
2281 5107 2594 5176 praedicari.

2617 5199 2643 5272 §
2687 5201 2776 5257 tv.

1897 5287 1939 5342 Ι.
1980 5287 2764 5368 Denteroses‘ludteorum.
2804 5293 2881 5368 Qa
2915 5297 3238 5368 patriar_c_his
3269 5307 3319 5350 et
3363 5315 3494 5368 apo-

1966 5360 2118 5412 stolis
2171 5361 2312 5426 apud
2355 5360 2594 5415 Judazoa.
2657 5363 2745 5417 Ill.
2795 5360 3055 5420 Eusebius
3112 5365 3338 5422 Hebrive
3391 5360 3494 5424 ito-

1966 5439 2109 5569 ἴθυνε
2149 5440 2224 5483 est
2259 5448 2406 5484 usus.
2440 5431 2528 5485 ιν.
2557 5434 2642 5485 Ait
2685 5445 2881 5488 terram
2916 5454 3018 5490 non
3065 5454 3174 5491 esse
3229 5443 3494 5509 sphwrica

1993 5517 2159 5554 arma.

2331 5593 2366 5644 Ι.
2407 5594 2715 5646 Deuteroses
2747 5599 3048 5651 Judaorum.

1969 5677 2185 5736 Iudaeos
2222 5695 2544 5754 plerumque
2579 5686 2896 5754 insectatur,
2928 5693 3042 5758 qui,
3070 5691 3298 5745 dimisso
3336 5690 3488 5747 Scri-

1897 5785 2183 5836 pturarum
2221 5792 2350 5835 vero
2403 5779 2644 5848 tramite,
2682 5799 2701 5833 ς
2732 5781 3007 5840 fabulosas
3059 5785 3375 5843 deuteroscs
3420 5787 3488 5843 ad
