4100 6286
594 339 662 394 87
1270 321 1534 381 ΕῸΕΕΒΠ
1571 311 2047 376 CESARlENSlS
2085 307 2236 364 OPP.
2280 302 2458 358 PARS
2495 300 2584 355 Ill.
2625 328 2696 340 —
2731 294 3152 352 EXEGE’I’ICA.
3752 287 3836 342 88

598 451 841 510 lectionis
871 443 1287 518 explicationem
1317 439 1653 497 adhiberent.
1690 433 1948 488 Doctores
1980 440 2155 479 autem
2186 429 2232 486 Α
2260 419 2468 518 iiii-eli"?
2504 415 2831 514 ΕΡῘΡῘιξδηῖυε
2862 412 3003 518 him;
3023 423 3398 518 “fllhnum-
3427 405 3830 518 410510-33?

595 551 852 615 ipsorum,
877 539 968 611 qui
1010 536 1308 593 doctrinam
1361 528 1832 600 cauponahantur,
1862 535 1893 575 e
1925 534 1983 574 re
2025 534 2154 574 cau-

592 610 757 702 pones
786 610 916 687 dicti
948 636 1110 682 sunt:
1146 625 1235 694 qui
1267 622 1448 675 vinum
1483 633 1621 687 aqua
1663 614 1986 674 miscebant,
2026 610 2151 663 dum

591 701 844 789 sermone
889 721 942 776 in
979 731 1169 788 aquam
1221 711 1475 776 resoluto,
1517 722 1720 763 meram
1761 714 1814 761 et
1844 701 2153 758 restrictam

589 819 898 872 divinarum
951 810 1351 878 Scripturarum
1414 812 1691 863 mentem,
1740 811 1837 866 per
1875 806 2154 848 commen-

592 908 741 962 titias
793 918 923 960 suas
989 902 1306 957 deuteroses
1368 894 1656 950 foedarent.
1689 907 1708 940 ι
1766 886 1933 940 Erant
1992 895 2155 952 porro

592 1000 934 1060 deuteroses,
983 993 1097 1047 sive
1145 987 1396 1045 secunda;
1448 985 1801 1046 traditiones,
1858 974 2155 1046 Epiphanio

595 1095 730 1142 teste
759 1088 889 1141 hasr.
919 1097 1113 1144 xum,
1147 1096 1201 1133 η.
1227 1078 1284 1144 9,
1311 1071 1673 1146 quadruplicis
1695 1068 1935 1138 generis;
1970 1065 2156 1135 prima;

597 1176 794 1246 Moysis
827 1172 1046 1234 nomine
1083 1166 1639 1246 circumferebantur;
1682 1152 2154 1246 secundmnliabbi

596 1239 830 1324 ’Λιξιϐας
862 1256 1034 1312 tertia:
1060 1253 1247 1319 Addat,
1309 1250 1425 1304 sive
1458 1245 1642 1310 Iudae;
1679 1250 1883 1314 quartae
1922 1239 2154 1294 filiorum

589 1349 918 1407 Assamonaei
960 1354 1136 1402 erant.
1166 1341 1504 1398 Traditiones
1544 1336 1663 1391 illas
1700 1333 1910 1390 Hebraei
1961 1337 2156 1386 vocant

588 1451 776 1510 nam,
809 1441 1006 1507 Misna,
1020 1424 1177 1509 quod
1228 1435 1367 1490 idem
1407 1440 1564 1486 sonat
1595 1437 1758 1499 atque
1787 1425 2017 1481 secunda
2054 1434 2158 1476 tra-

591 1537 742 1590 ditio.
772 1535 853 1590 An
884 1548 1045 1605 porro
1072 1531 1174 1586 illae
1203 1529 1270 1583 ab
1301 1524 1542 1595 antiquis
1576 1522 1807 1577 laudate
1842 1517 2155 1573 traditiones

592 1629 792 1684 eaedem
847 1634 1009 1694 atque
1060 1622 1335 1677 hodierna:
1390 1619 1531 1682 sint,
1588 1616 1889 1671 edissercre
1933 1627 2037 1667 non
2071 1617 2153 1666 est

590 1719 824 1775 instituti
863 1716 1056 1772 nostri.

773 1830 836 1881 ll.
860 1830 935 1881 De
963 1829 1250 1893 patriarchis
1275 1830 1328 1876 et
1356 1823 1588 1887 apostolis
1610 1823 1736 1885 apud
1758 1820 1968 1870 Judeos.

659 1916 811 1983 Quod
860 1915 926 1968 ad
976 1909 1317 1984 patriarchas
1355 1907 1700 1969 Judzeorum,
1749 1919 1871 1974 quae
1918 1901 2156 1972 dignitas

593 2007 807 2062 nonnisi
850 2013 971 2076 post
1008 2005 1157 2058 urbis
1194 1999 1462 2057 excidium
1495 2005 1750 2066 usurpata
1796 2003 2036 2065 putatur,
2067 2007 2157 2046 eo-

591 2116 710 2156 rum
760 2103 1093 2158 mentionem
1147 2099 1276 2153 facit
1328 2095 1592 2151 Eusebius
1638 2092 1702 2147 ad
1742 2097 1902 2159 caput
1948 2086 2158 2143 Hesaia:

589 2205 670 2256 ut,
699 2208 751 2245 v.
776 2195 830 2253 4,
865 2193 951 2247 his
992 2179 1208 2245 verbis:
1235 2189 1331 2251 Τίς
1372 2183 1462 2241 οὖν
1492 2185 1633 2258 ὁρῶν
1674 2185 1800 2247 τοὺς
1843 2181 1992 2254 παρά
2030 2181 2158 2234 Ἰου-

591 2283 755 2346 δαίοις
796 2282 1228 2354 ὀνομαζομένους
1267 2279 1640 2352 πατριάρχας,
1676 2275 1990 2336 νεανίσκους
2030 2271 2159 2342 ἀλη-

589 2373 715 2438 θῶς,
746 2375 805 2427 οὐ
833 2373 930 2445 τὴν
962 2374 1068 2427 τῶν
1105 2373 1372 2443 σωμάτων
1399 2370 1636 2442 ἡλικίαν,
1675 2367 1810 2422 ἀλλά
1841 2367 1939 2429 τὰς
1982 2365 2157 2436 ψυχὰς

589 2464 817 2528 ἀτελεῖς,
853 2465 947 2518 καὶ
975 2465 1171 2526 ὲνδεεῖς
1208 2463 1451 2534 φρενῶν;
1486 2460 1612 2523 τούς
1649 2476 1706 2512 τε
1736 2457 1952 2519 λοιποὺς
1981 2455 2157 2508 αὐτῶν

591 2555 961 2620 διδασκάλους,
997 2556 1097 2608 οὐκ
1128 2555 1364 2609 ἂνιεῖποι
1397 2552 1702 2626 ἒμπαίκτας
1733 2549 1899 2613 εἶναι,
1944 2547 2038 2601 καὶ
2065 2545 2158 2610 οὓς

592 2646 623 2712 ἡ
653 2644 961 2715 προφητεία
983 2643 1204 2714 ὲδήλου;
1238 2642 1291 2697 ld
1319 2650 1401 2696 est
1433 2663 1445 2697 :
1479 2659 1498 2692 ι
1526 2640 1657 2707 Quis
1696 2653 1826 2709 ergo
1853 2635 2158 2706 conSpectis

591 2735 734 2797 illis,
786 2734 875 2803 qui
926 2735 1064 2804 apud
1107 2734 1319 2790 Judmos
1372 2733 1694 2804 patriarchae
1739 2739 2022 2794 vocantur,
2067 2743 2159 2784 eos

592 2837 696 2882 non
726 2840 986 2895 corporea
1028 2833 1257 2890 statura,
1285 2825 1379 2880 sed
1415 2825 1580 2879 animi
1620 2821 2060 2889 imperfectione,
2095 2836 2160 2877 ac

591 2918 787 2972 mentis
837 2917 1166 2987 indigentia,
1213 2931 1339 2971 vere
1386 2930 1582 2983 pueros
1628 2929 1733 2968 non
1786 2922 1979 2979 vocet;
2028 2911 2160 2968 reli-

593 3023 835 3077 quosque
860 3022 1045 3062 eorum
1074 3009 1347 3075 doctores,
1394 3022 1499 3061 non
1535 3007 1682 3061 dicat
1712 3020 1832 3062 esse
1862 3005 2157 3069 derisores,

593 3098 775 3195 quales
805 3099 1086 3167 prophetia
1128 3097 1359 3152 indicat?
1386 3117 1405 3150 ι
1441 3097 1609 3150 Erant
1637 3111 1798 3166 porro
1837 3098 2162 3168 patriarchae
2187 3137 2229 3195 c

593 3189 866 3258 principes
891 3189 1130 3244 Iudaica:
1155 3190 1350 3258 gentis,
1385 3198 1518 3244 teste
1546 3188 1843 3258 Epiphanio
1867 3190 2000 3245 hasr.
2029 3206 2159 3254 xxx,

596 3299 744 3336 num.
769 3283 825 3346 4,
855 3292 904 3337 et
939 3281 1138 3338 Codice
1183 3281 1557 3337 Theodosiano
1589 3281 1624 3334 l.
1655 3298 1769 3347 xvu,
1807 3283 1891 3338 tit.
1919 3283 1973 3338 8.
2009 3281 2164 3339 Hunc

595 3389 723 3429 vero
775 3374 992 3430 Eusebii
1048 3373 1224 3428 locum
1270 3373 1351 3428 sic
1397 3373 1654 3443 exprimit
1699 3372 2062 3444 Hieronymus
2109 3374 2163 3429 in

595 3467 842 3521 eumdem
891 3466 1216 3521 versiculum
1255 3485 1270 3519 :
1305 3483 1323 3517 ι
1354 3465 1770 3522 Consideremus
1822 3466 2166 3536 patriarchas

596 3557 926 3623 Iudaeorum,
954 3569 1008 3614 et
1034 3560 1279 3629 juvenes,
1317 3561 1430 3615 sive
1463 3574 1682 3630 pueros,
1712 3559 2164 3633 eﬂ'eminatosque

594 3667 659 3706 ac
689 3651 898 3708 deliciis
933 3652 1230 3717 afﬂuentes.
1260 3661 1316 3708 et
1355 3652 1628 3724 impletam
1677 3655 2015 3726 prophetiam
2045 3669 2166 3712 esse

595 3756 918 3810 cernemus;
952 3765 972 3797 ι
1013 3745 1065 3798 id
1113 3760 1180 3798 ex
1216 3745 1472 3809 Eusebio,
1524 3755 1584 3799 ut
1633 3756 1688 3801 et
1733 3746 1989 3818 pleraque
2035 3747 2165 3814 alia,

597 3843 897 3890 mutuatus.
929 3836 1002 3890 De
1034 3835 1294 3906 apostolis
1321 3836 1448 3890 item
1482 3834 1793 3892 Iudaeorum
1832 3838 1995 3892 verba
2037 3838 2168 3893 facit

593 3920 858 3979 Eusebius
898 3928 962 3980 ad
1004 3937 1360 3994 caputxvnt,
1389 3928 1521 3994 v.1,
1561 3927 1615 3980 Ὁ
1663 3927 2060 3982 ἀποστέλλων
2099 3927 2169 3980 ἐν

597 4014 879 4085 θαλάσσῃ
914 4016 1132 4086 ὅμηρα·
1171 4020 1223 4074 id
1257 4029 1340 4076 est
1372 4041 1387 4076 :
1422 4040 1440 4072 ι
1469 4020 1569 4086 Qui
1601 4020 1769 4075 mittit
1814 4019 1867 4074 in
1892 4035 2041 4076 mare
2071 4021 2169 4076 ob-

598 4107 783 4160 sides:
816 4124 835 4156 ι
886 4107 973 4160 ubi
1022 4108 1380 4179 Symmachus
1424 4109 1609 4176 vertit,
1653 4109 2000 4164 ἀποστέλλων
2036 4110 2170 4164 ἀπο-

598 4197 815 4258 στόλους
837 4199 895 4250 ὲν
916 4197 1177 4270 θαλάσσῃ·
1208 4218 1226 4250 ι
1250 4198 1350 4275 Qui
1381 4201 1543 4255 mittit
1568 4200 1839 4270 apostolos
1858 4201 1910 4255 in
1939 4216 2119 4269 mare;
2146 4217 2164 4252 ι

598 4288 710 4341 lucc
737 4289 881 4341 enim
908 4289 1091 4356 adjicit
1121 4308 1135 4345 :
1159 4291 1226 4343 Οἵ
1264 4307 1324 4343 τε
1352 4290 1635 4344 ἀπόστολοι
1662 4290 1863 4357 αὐτῶν,
1887 4289 2171 4353 ἐπιστολὰς

598 4378 838 4449 βιϐλίνας
869 4381 1237 4454 κομιζόμενοι,
1270 4382 1526 4455 ὑπεράνω
1557 4399 1618 4435 τε
1652 4381 1760 4437 τῶν
1793 4381 1997 4436 ὑδάτων
2043 4398 2171 4435 ναυ-

596 4469 927 4575 τιλλόμενοι,
965 4471 1060 4576 irati.
1123 4472 1222 4544 τὴν
1275 4473 1548 4527 θάλασσαν
1593 4471 1950 4542 ἐμπλέοντες,
1994 4473 2169 4528 ἀπαν-
2200 4521 2247 4576 D

599 4560 773 4630 ταχοῦ
811 4561 912 4632 γῆς
961 4562 1251 4634 διέτρεχον,
1294 4564 1386 4616 τὸν
1433 4561 1685 4634 περὶτοῦ
1727 4561 1975 4634 Σωτῆρος
2014 4562 2170 4634 ἡμῶν

600 4652 1033 4719 ἐνδιαϐάλλοντες
1076 4656 1251 4724 λόγον.
1292 4658 1645 4721 Ἀποστόλους
1671 4658 1726 4711 δὲ
1756 4657 1921 4711 εἰσέτι
1955 4658 2049 4711 καὶ
2076 4658 2170 4711 νῦν

601 4741 719 4806 Εὓος
760 4746 908 4798 ἐστὶν
958 4747 1230 4812 Ἰουδαίοις
1277 4748 1560 4819 ὀνομάζειν
1624 4748 1750 4811 τοὺς
1786 4748 1855 4802 τὰ
1908 4747 2172 4817 ἐγκύκλια

597 4837 901 4908 γράμματα
949 4841 1101 4912 παρὰ
1149 4840 1257 4895 τῶν
1299 4843 1575 4913 ἀρχόντων
1631 4842 1809 4898 αὐτῶν
1856 4842 2171 4914 ἐπικομιζο-

613 4927 821 4997 μένους.
865 4929 979 4987 Hoc
1025 4943 1112 4987 est
1163 4950 1177 4987 :
1232 4952 1250 4984 ι
1279 4933 1628 5004 Apostolique
1651 4950 1866 5001 eorum,
1915 4934 2172 5006 epistolas

605 5017 836 5076 hiblinas
869 5021 1201 5089 deferentes,
1241 5040 1306 5078 ac
1337 5039 1498 5095 supra
1527 5027 1745 5082 dorsum
1792 5041 2075 5097 aquarum,
2118 5035 2174 5083 et

604 5113 657 5164 in
696 5114 829 5167 mari
857 5114 1196 5185 navigantes,
1245 5116 1444 5187 ubique
1481 5127 1743 5173 terrarum
1775 5119 2174 5186 discurrebant,

603 5218 906 5259 sermonem
957 5206 1027 5261 de
1081 5205 1374 5264 Servatore
1441 5217 1630 5265 nostro
1679 5211 1967 5266 calumniis
2019 5209 2174 5266 velli-

603 5305 804 5350 cantes.
833 5296 1112 5366 Apostolus
1137 5314 1267 5355 vero
1294 5303 1457 5356 etiam
1490 5318 1631 5359 nunc
1665 5302 1829 5359 Judaei
1862 5315 2174 5372 nuncupare

605 5385 784 5439 solent
815 5402 931 5454 eos,
979 5388 1072 5458 qui
1127 5391 1423 5448 eirculares
1470 5385 1786 5465 principum
1816 5410 2034 5451 suorum
2084 5395 2176 5448 lit-

607 5485 750 5530 teras
783 5477 1204 5550 circumquaque
1229 5482 1531 5538 deferunt.»
1557 5484 1682 5541 llaec
1715 5502 1873 5557 porro
1903 5496 2171 5556 postrema

603 5567 790 5632 verba,
821 5570 1150 5638 ἀποστόλους
1192 5575 1250 5629 δὲ
1292 5576 1456 5630 εἰσέτι
1502 5579 1596 5632 καὶ
1638 5577 1752 5644 νῦν,
1783 5588 1911 5646 etc.,
1942 5581 2173 5650 ascripta

607 5657 773 5714 habes
795 5664 932 5731 apud
956 5662 1364 5731 (Ecumenium,
1385 5668 1453 5721 ad
1482 5667 1774 5738 Epistulam
1795 5671 1864 5724 ad
1888 5669 2170 5726 Romanos.

602 5749 682 5804 Dc
731 5753 987 5822 apostolis
1038 5755 1341 5815 intimorum
1412 5759 1629 5830 paulum
1693 5762 1901 5819 diversa
1959 5761 2172 5820 tradere

2253 512 2281 562 6
2321 507 2580 577 Ἰώσηπος
2628 504 2734 556 τῶν
2787 501 2923 571 παρ”
2946 499 3130 559 αὐτοῖς
3177 492 3558 565 ἀξιωματικῶν
3614 491 3832 562 ἀνδρῶν

2253 599 2562 669 ἐναρίθμιος
2608 591 2694 666 ἦν.
2726 594 2845 647 Εἰσὶ
2888 591 2945 645 δὲ
2977 584 3122 643 οὗτοι
3164 586 3302 658 μετὰ
3343 587 3434 639 τὸν
3479 583 3833 655 πατριάρχην

2253 687 2536 744 ἀπόστολοι
2598 683 2948 754 καλούμενοι·
3001 678 3419 752 προσεδρεύουσι
3472 677 3528 729 δὲ
3583 675 3661 746 τῷ
3713 690 3832 728 πα-

2253 781 2508 854 τριάρχῃ,
2539 778 2636 832 καὶ
2667 779 2762 830 σὺν
2802 773 2950 842 αὑτῷ
2992 770 3272 832 πολλάκις,
3303 770 3398 823 καὶ
3442 770 3498 822 ὲν
3536 768 3687 822 νυκτὶ
3727 763 3833 820 καὶ

2252 876 2310 930 ἓν
2349 874 2550 946 ἡμέρᾳ,
2599 867 2835 939 συνεχῶς
2880 866 3157 934 διάγουσι,
3205 861 3295 916 διὰ
3329 860 3390 914 τὸ
3435 857 3829 931 συμϐουλεύειν

2253 969 2348 1020 καὶ
2397 963 2685 1036 ἀναφέρειν
2747 958 2896 1029 αὑτῷ
2941 956 3011 1011 τὰ
3055 953 3195 1008 κατά
3240 953 3332 1006 τὸν
3386 952 3566 1022 νόμον.
3603 948 3659 1004 ld
3703 957 3827 1003 est:

2260 1079 2280 1112 ι
2311 1059 2522 1114 Etenim
2570 1057 2658 1109 hic
2717 1054 2830 1122 ipse
2877 1048 3143 1118 Josephus
3190 1045 3333 1100 inter
3373 1044 3632 1112 dignitate
3688 1056 3833 1110 prae-

2255 1158 2461 1205 stantes
2507 1146 2654 1199 viros
2719 1156 2884 1212 penes
2938 1138 3144 1196 ludmos
3201 1135 3640 1190 numerabatur:
3688 1143 3836 1199 quos

2254 1251 2376 1314 post
2415 1237 2776 1310 patriarcham
2821 1231 3091 1304 apostolos
3126 1228 3425 1283 nominant.
3468 1224 3718 1280 Assident
3767 1222 3834 1277 hi

2254 1327 2598 1400 patriarchae,
2629 1332 2682 1378 et
2731 1335 2853 1377 cum
2902 1334 2967 1374 eo
3016 1316 3212 1386 saepius
3258 1315 3350 1370 diu
3388 1324 3658 1384 noctuque
3699 1328 3833 1366 ver-

2255 1427 2444 1475 sautur
2469 1435 2484 1471 :
2512 1415 2654 1488 quod
2700 1414 2874 1469 eidem
2910 1427 2940 1467 a
2976 1408 3218 1466 consiliis
3250 1407 3391 1472 sint,
3428 1413 3485 1460 et
3529 1405 3597 1460 de
3642 1405 3704 1458 .is
3738 1417 3834 1458 re-

2255 1510 2464 1573 ferant,
2512 1522 2630 1577 qua
2678 1505 2743 1560 ad
2781 1504 2949 1575 legem
3005 1499 3278 1571 pertinere
3314 1495 3627 1552 videntur.»
3675 1493 3830 1561 Quos

2257 1605 2420 1676 igitur
2465 1602 2531 1656 ad
2585 1601 2796 1674 litteras
2838 1596 2980 1651 ultro
3028 1593 3281 1662 citroque
3328 1588 3578 1645 ferendas
3625 1586 3842 1642 consti-

2256 1705 2400 1750 tutos
2434 1697 2509 1748 sit
2557 1691 2853 1753 Eusebius,
2902 1686 3120 1741 eosdem
3168 1691 3379 1748 contra,
3432 1689 3591 1736 noctu
3630 1679 3835 1747 diuque

2182 1781 2230 1841 B
2260 1798 2439 1843 astare
2487 1783 2831 1854 patriarchae,
2880 1778 3090 1848 ipsique
3130 1791 3157 1829 a
3199 1773 3444 1829 consiliis
3475 1786 3598 1828 esse
3646 1777 3839 1825 narrat

2255 1878 2609 1949 Epiphanius.
2667 1875 2863 1928 Verum
2919 1869 3133 1926 Eusebii
3181 1867 3470 1938 explicatio
3525 1879 3645 1920 cum
3697 1878 3843 1918 voce

2259 1968 2582 2032 ἀπόστολος,
2629 1966 2680 2020 id
2737 1973 2820 2019 est
2867 1964 3078 2029 missus,
3129 1961 3301 2030 magis
3351 1958 3622 2014 consentit
3669 1975 3681 2010 :
3737 1957 3832 2010 cui

2257 2060 2652 2116 acciuitCodex
2678 2055 3082 2112 Theodosianns
3099 2053 3174 2107 De
3205 2051 3432 2115 Judwis,
3470 2049 3564 2105 lib.
3592 2063 3702 2112 xlv,
3736 2047 3834 2117 qui

2257 2153 2337 2207 sic
2369 2152 2570 2206 habet:
2614 2169 2633 2202 ι
2665 2144 3097 2217 Superstitionis,
3130 2141 3336 2211 inquit,
3365 2139 3592 2208 indignas
3623 2147 3738 2202 est,
3774 2146 3842 2192 ut

2259 2241 2686 2312 archisyuagogi,
2716 2239 2829 2294 sive
2874 2235 3172 2308 presbyteri
3220 2231 3546 2293 Iudaeorum,
3571 2229 3653 2282 vel
3694 2243 3849 2296 quos»

2259 2333 2360 2403 ipsi
2410 2331 2683 2402 apostolos
2737 2338 2960 2394 vocant,
3003 2327 3093 2397 qui
3150 2325 3215 2379 ad
3263 2323 3584 2394 exigendum
3636 2333 3832 2374 aurum

2258 2433 2418 2492 atque
2463 2431 2764 2491 argentum,
2791 2434 2821 2472 a
2860 2417 3166 2488 patriarcha
3213 2424 3360 2469 certo
3407 2421 3648 2482 tempore
3692 2409 3834 2463 diri-

2257 2523 2474 2585 guntur,
2515 2531 2544 2568 a
2582 2512 2806 2583 singulis
2840 2519 3084 2566 exactam
3130 2521 3395 2568 summam
3441 2513 3604 2574 atque
3642 2515 3835 2559 susce-

2257 2616 2426 2676 ptam,
2473 2606 2538 2660 ad
2573 2605 2819 2663 eumdem
2852 2609 3149 2672 reportent.
3186 2618 3207 2651 υ
3252 2597 3357 2653 Sed
3391 2597 3619 2652 fortasse
3656 2594 3842 2650 conci-

2259 2697 2450 2752 lientur
2495 2696 2796 2766 Opiniones,
2840 2694 2883 2748 si
2927 2693 3186 2755 dicamus,
3230 2687 3501 2759 apostolos
3530 2686 3844 2742 Iudaeorum

2261 2795 2547 2853 atrumque
2576 2783 2895 2854 praestitisse
2922 2797 3147 2849 munus;
3184 2789 3242 2834 ut
3275 2778 3482 2834 scilicet
3509 2775 3840 2848 patriarchae

2259 2878 2581 2944 assiderent,
2609 2892 2675 2932 ac
2701 2876 2819 2946 ejus
2851 2873 3004 2944 jussa
3035 2882 3090 2929 et
3121 2871 3381 2941 epistolas
3408 2869 3554 2926 ultro
3588 2870 3845 2939 citroque

2265 2966 2561 3024 deferrent.

2519 3117 2604 3168 ΙΙΙ.
2633 3114 2878 3167 Eusebius
2900 3113 3112 3165 Hebraeo
3135 3112 3336 3163 doctore
3356 3116 3434 3162 est
3454 3125 3588 3161 usus.

2332 3267 2413 3323 Ad
2443 3275 2604 3336 caput
2634 3280 2764 3322 vero
2790 3279 2824 3315 v
2853 3263 2930 3318 ait
2959 3260 3195 3327 Iudaeos,
3223 3260 3316 3331 qui
3347 3259 3416 3315 ab
3455 3259 3739 3313 atheorum
3783 3265 3846 3312 et

2265 3359 2666 3414 idololatrarum
2695 3353 2972 3410 consortio
2994 3351 3215 3407 minime
3245 3349 3630 3412 abhorrebant,
3663 3347 3844 3402 solum

2264 3449 2696 3505 Christianorum
2731 3442 3143 3502 contubernium
3175 3443 3461 3508 aversari,
3501 3440 3710 3510 piaeque
3755 3454 3851 3494 re—

2265 3535 2485 3614 ligionis
2532 3539 2767 3596 cultores
2804 3537 3006 3607 ubique
3037 3533 3236 3605 pellere
3265 3542 3322 3589 et
3367 3546 3585 3587 vexare.
3627 3529 3735 3585 Nec
3760 3539 3853 3585 ta-

2268 3649 2387 3689 men
2417 3633 2636 3688 insitum
2667 3629 2796 3686 illud
2821 3627 3132 3683 Iudaeorum
3163 3623 3362 3680 animis
3392 3624 3446 3678 in
3473 3621 3846 3678 Christianum

2268 3740 2462 3780 nomen
2512 3724 2693 3778 odium
2751 3719 3040 3778 Eusebium
3093 3717 3395 3782 deterruit,
3445 3715 3731 3787 quominus
3782 3713 3851 3769 in

2267 3814 2684 3873 Commentariis
2729 3813 2842 3868 suis
2874 3811 3102 3868 Hebraeo
3144 3813 3367 3868 doctore
3392 3809 3470 3866 sit
3498 3821 3648 3872 usus,
3677 3821 3708 3860 a
3736 3819 3857 3874 quo

2269 3924 2374 3964 non
2416 3907 2581 3964 semel
2611 3921 2670 3960 se
2716 3905 3193 3976 interpretationes
3235 3900 3471 3956 mutuari
3505 3913 3634 3953 suas
3673 3895 3852 3967 profi-

2270 4008 2430 4054 tetur.
2459 3997 2547 4064 Et,
2575 3998 2718 4067 quod
2748 3996 3006 4051 observes
3031 3995 3217 4058 velim,
3245 3993 3553 4061 ubicunque
3582 3989 3854 4072 Eusebia:

2270 4105 2332 4146 se
2374 4091 2438 4145 ab
2467 4089 2692 4145 Hebraeo
2723 4088 2965 4153 doctore,
2994 4086 3081 4141 vel
3125 4086 3194 4141 ab
3227 4083 3468 4138 Hebraeis
3499 4080 3700 4150 aliquid
3730 4079 3856 4134 edi-

2272 4183 2468 4238 dicisse
2497 4180 2604 4246 ait,
2652 4179 2851 4235 ibidem
2889 4178 3249 4249 Hieronymus
3279 4190 3339 4232 se
3379 4174 3609 4245 idipsum
3641 4174 3709 4228 ab
3739 4169 3857 4228 He-

2277 4274 2430 4330 braeo
2461 4275 2683 4328 doctore
2709 4271 2984 4342 accepisse
3011 4268 3352 4324 testiﬁcatur.

2372 4384 2456 4435 ιν.
2485 4383 2736 4436 Eusebius
2759 4385 2830 4434 ait
2848 4388 3032 4432 terram
3057 4395 3157 4431 non
3183 4392 3294 4429 esse
3310 4379 3548 4442 spberica
3571 4377 3737 4428 forma.

2346 4471 2610 4527 Eusebius
2635 4470 2955 4541 plerumque
2987 4467 3041 4520 in
3070 4462 3496 4520 Commentariis
3524 4461 3578 4515 in
3605 4460 3854 4517 Psalmos

2276 4563 2402 4620 dicit
2426 4562 2684 4619 mundum
2713 4558 2976 4630 sphaerica
3009 4556 3178 4612 forma
3200 4568 3350 4618 esse;
3385 4553 3478 4609 sed
3508 4553 3684 4607 addita
3713 4567 3856 4607 cau-

2279 4657 2441 4722 tione,
2489 4669 2609 4710 eam
2657 4667 2782 4710 esse
2830 4649 3184 4722 quorumdam
3234 4647 3541 4718 Opinionem
3587 4647 3695 4710 ait,
3745 4661 3854 4703 nec

2279 4751 2508 4808 obscure
2548 4747 2855 4804 subindicat
2887 4759 2948 4812 se
2981 4743 3111 4798 item
3142 4743 3330 4799 eadem
3371 4741 3639 4796 sententia
3672 4753 3796 4795 esse
3831 4757 3853 4795 :

2276 4855 2376 4896 nec
2407 4849 2586 4895 tamen
2618 4837 2671 4892 id
2700 4845 2888 4907 aperte
2935 4835 3176 4906 profiteri
3208 4833 3398 4899 audet,
3438 4833 3566 4902 quia
3600 4830 3854 4888 fortassis

2277 4934 2433 5006 longe
2462 4932 2609 4987 aliud
2649 4929 2993 4984 aestimabant
3028 4927 3174 4982 illius
3219 4923 3399 4982 saeculi
3431 4922 3742 4978 Christiani.
3773 4915 3856 4978 Δὶ

2277 5026 2365 5081 hic
2427 5031 2650 5080 coactus
2719 5020 3013 5077 secundum
3069 5017 3344 5088 vulgarem
3416 5014 3855 5071 Christianorum

2277 5126 2511 5172 mentem
2566 5115 2716 5170 illum
2770 5112 2982 5169 Hessiae
3033 5111 3209 5166 locum
3254 5124 3374 5179 cap.
3422 5123 3492 5163 ιι.
3534 5106 3854 5176 explanare,

2286 5228 2305 5261 ι
2336 5208 2435 5276 Qui
2468 5207 2660 5264 statuit
2687 5204 2885 5262 ctelutn
2927 5204 3080 5274 quasi
3118 5201 3401 5265 fornicem,
3433 5210 3487 5255 et
3516 5197 3758 5254 extendit
3792 5207 3859 5253 ut

2279 5299 2682 5356 tabernaculum
2727 5297 2794 5353 ad
2827 5295 3206 5361 habitandum,
3233 5312 3252 5348 ι
3302 5293 3367 5347 ad
3399 5292 3605 5347 Cosune
3634 5291 3856 5360 opinio-

2279 5409 2401 5448 nem
2436 5405 2660 5464 prorsus
2686 5389 2938 5446 accedit:
2970 5407 2994 5441 ι
3019 5388 3238 5450 Deinde.
3261 5387 3455 5457 inquit,
3488 5399 3789 5441 sermonem
3821 5401 3857 5443 e

2283 5494 2422 5539 terra
2449 5484 2688 5556 erigens,
2719 5482 3002 5537 universos
3029 5481 3249 5546 excitat,
3288 5487 3347 5533 ut
3373 5478 3646 5536 cclestem
3681 5475 3857 5532 forni-

2278 5592 2418 5640 cem,
2442 5586 2498 5631 et
2527 5575 2966 5646 hemisphaerium
2991 5573 3118 5628 illud
3137 5586 3299 5641 supra
3329 5580 3525 5624 terram
3549 5569 3769 5636 elatum,
3791 5578 3858 5624 et

2280 5684 2508 5724 camera:
2545 5668 2719 5723 instar
2742 5666 2994 5722 omnibus
3035 5665 3341 5729 imminens,
3380 5663 3750 5727 admirentur;
3782 5676 3857 5718 ac

2281 5761 2518 5833 cogitent
2543 5769 2744 5831 quanta
2770 5761 2838 5817 sit
2862 5759 3035 5820 virtus
3063 5755 3205 5829 ejus,
3231 5756 3323 5829 qui
3347 5755 3541 5815 celum
3573 5753 3859 5822 condidit;
