4100 6286
193 360 261 420 89
1199 338 1709 399 ΩΟΜΜΕΝΤΑΒΙΔ
1751 336 1781 392 ll

1887 333 2123 389 SMAM.
2158 361 2226 373 —
2264 330 2419 385 CAP.
2462 329 2504 383 Ι.
3442 324 3501 381 9i

196 478 684 545 ~onsiderentque,
736 483 845 525 non
891 466 1010 522 sine
1048 477 1209 520 causa
1247 466 1315 517 an
1362 476 1426 517 eo
1462 458 1662 515 caalum
1711 464 1794 509 ta-
1822 458 1870 518 Α
1903 452 2057 515 vidit,
2102 464 2210 504 non
2247 462 2433 545 parem
2476 445 2589 545 iilis
2624 445 2697 545 in‘
2728 443 3121 545 pbiiosophicis
3170 447 3500 499 astronomi-

195 568 473 624 bcrnaculi
525 567 702 621 instar
737 559 1099 616 constitutum
1152 556 1348 619 tuisse,
1396 566 1631 621 superne
1665 551 1787 617 qui-

193 662 314 715 dem
341 672 657 731 expansum
680 670 851 735 supra
887 652 1093 715 omnia,
1122 664 1242 719 quae
1276 648 1417 701 intra
1457 644 1629 735 ipsum
1661 657 1791 697 con-

192 751 476 814 tinentur;
514 748 585 802 iis
632 732 763 800 vero
789 745 881 815 qui
923 757 1088 811 supra
1129 738 1328 795 calum
1360 743 1511 797 sunt,
1548 732 1791 786 substra-

187 852 300 895 tum
351 841 424 895 ad
478 838 836 895 domicilium.
866 855 885 889 ι
939 833 1070 901 Quae
1135 827 1405 901 ipsissima
1450 834 1531 880 est
1580 821 1793 879 Cosme

183 932 465 1005 igyptii,
506 947 579 985 ac
609 946 747 1001 pene
774 929 1017 985 omnium
1062 934 1307 978 veterum
1350 920 1606 981 Patrum,
1659 931 1786 971 sen-

183 1024 381 1085 tentia,
430 1020 813 1093 Chrysostomi
856 1018 1084 1080 scilicet,
1116 1011 1394 1070 Severiani
1434 1008 1783 1069 Gabalorum,

182 1114 480 1183 Augustini
512 1124 572 1167 et
603 1112 855 1176 aliorum,
886 1110 975 1181 qui
1005 1108 1202 1165 caelum
1234 1109 1286 1159 in
1321 1103 1545 1158 fornicis
1576 1114 1781 1154 morem

178 1217 344 1260 terra
394 1206 709 1267 imminere,
753 1220 816 1259 ac
848 1205 1207 1272 undequaque
1243 1197 1412 1251 muris
1455 1192 1783 1247 firmissimis

182 1309 347 1353 terra:
379 1297 567 1365 inniti,
590 1296 837 1351 arbitrati
866 1306 1013 1357 sunt,
1047 1293 1439 1361 antipoilasque
1474 1292 1780 1355 negarunt:

186 1390 285 1442 rati
323 1404 434 1443 non
468 1405 630 1457 posse
663 1387 908 1443 homines
940 1387 992 1439 in
1031 1382 1296 1451 oppositis
1334 1392 1491 1435 terrae
1538 1377 1783 1448 partibus

184 1484 433 1537 adversis
463 1484 713 1552 vestigiis
759 1491 927 1547 stare,
958 1480 1293 1547 sphreraeque
1314 1474 1625 1545 opinionem
1657 1486 1782 1524 cum

186 1576 469 1644 Scriptura
501 1577 681 1629 divina
715 1588 975 1642 pugnare.
1006 1570 1273 1624 Nimirum
1304 1568 1478 1630 Dens,
1507 1567 1597 1634 qui
1632 1564 1784 1618 nobis

1890 544 2079 612 eisque
2114 540 2364 610 peritiam
2400 538 2618 593 indidit.
2659 536 2801 604 Quid
2837 535 2983 592 enim
3032 536 3099 591 ad
3153 538 3503 591 sanctitatem

1894 650 2222 704 morumque
2254 632 2630 688 sinceritatem
2679 630 2935 686 conferat
2971 627 3199 697 hujusce
3238 631 3314 684 rei
3366 631 3501 683 thli-

1894 728 1965 780 tia
1985 725 2218 781 iVerum
2238 726 2336 777 hac
2349 723 2418 777 de
2438 738 2496 776 re
2529 722 2779 791 pluribus
2800 731 2982 776 actum
3001 731 3088 775 est
3108 722 3160 773 in
3185 720 3502 789 praefatione

1892 820 1961 875 ad
2001 820 2209 873 Cosmae
2241 815 2487 887 Egyptii
2535 815 2963 886 Topographiam
3012 813 3403 869 Christianam.
3455 815 3503 869 is

1891 912 2036 966 enim
2075 926 2184 965 non
2221 910 2382 966 modo
2431 908 2657 963 Patrum
2704 909 3019 977 opinionem
3068 923 3167 977 pro
3188 907 3356 969 'virili
3405 909 3545 962 de-'

1892 1005 2082 1073 fendit,
2114 1015 2167 1058 et
2214 1005 2283 1057 ab
2318 1014 2635 1057 exterorum
2686 1014 2887 1057 conatu
2926 1002 3213 1056 vindicare
3262 1002 3496 1071 satagit;

1887 1098 1985 1152 sed
2028 1096 2216 1159 etiam,
2262 1102 2525 1166 quantum
2580 1094 2812 1150 facultas
2863 1096 3096 1149 humana
3154 1103 3361 1163 potest,
3405 1074 3503 1147 ex;

1890 1192 2053 1258 plicat
2100 1197 2155 1243 et
2186 1188 2384 1256 aperit,
2432 1188 2526 1256 qui
2577 1188 2790 1256 possint
2840 1188 3138 1242 secundum
3175 1197 3497 1241 sanctorum

1889 1283 2109 1337 Patrum
2161 1281 2523 1344 sententiam,
2573 1296 2767 1335 cursus
2839 1279 2993 1347 solis,
3047 1280 3283 1349 eclipses
3338 1279 3499 1344 lunae,

1894 1387 2167 1430 astrorum
2236 1386 2446 1435 motus,
2502 1381 2811 1442 cmtcraque
2862 1372 3046 1427 omnia
3116 1372 3368 1440 intelligi.
3423 1370 3499 1425 lbi

1896 1470 2117 1522 videsis.
2170 1466 2294 1520 Hmc
2350 1467 2402 1519 in
2449 1467 2795 1522 eruditorum
2849 1467 3199 1520 commodum
3258 1466 3502 1536 praemit-

1897 1563 2054 1613 tcmla
2106 1560 2380 1613 duximus.
2425 1558 2503 1613 Tu
2542 1573 2690 1622 vero,
2744 1558 2973 1613 candide
3037 1557 3229 1622 lector,
3280 1556 3403 1612 vale
3447 1566 3502 1609 et

189 1680 406 1724 sanctus
438 1670 560 1723 illos
593 1671 643 1721 iu
679 1668 939 1721 doctrinae
988 1677 1311 1731 morumque
1348 1660 1636 1728 magistros
1668 1671 1795 1726 pro-
1828 1644 1869 1699 Π
1903 1653 1985 1705 his
2013 1651 2214 1705 fruere.

196 1810 2151 1847 _—————————#“

778 1981 1582 2121 ΕΥΣΕΒΙΟΥ
1664 1968 2905 2111 ΥΠΟΜΝΗΜΑΤΑ

1494 2226 1666 2312 ΕΙΣ
1726 2227 2124 2311 ΗΣΑΙΑΝ
2143 2288 2162 2308 .

439 2558 1001 2674 EUSEBII
1085 2553 2149 2673 COMMENTARIA
2230 2557 2379 2671 IN
2470 2549 3163 2668 HESAIAM.

720 2942 1119 2995 ΚΕΦΑΛΑΙΟΝ
1158 2940 1237 2996 A'.

242 3056 257 3087 ι
306 3036 554 3109 ’θρασις
604 3034 673 3105 ἣν
713 3034 822 3086 ἴδεν
866 3034 1095 3098 Ἡσαΐας
1145 3034 1261 3097 υἱὸς
1302 3033 1513 3105 Ἀμὼς,
1562 3034 1628 3104 ἥν
1671 3032 1778 3085 ἴδεν
1807 3015 1848 3071 C-

168 3132 299 3183 κατὰ
326 3131 429 3200 τῆς
470 3127 753 3190 Ἰουδαίας
793 3128 888 3180 καὶ
920 3126 1062 3180 κατὰ
1116 3127 1475 3197 Ἰερουσαλὴμ
1528 3126 1587 3177 ὲν
1624 3124 1776 3196 βασι-

161 3224 269 3293 λείᾳ
308 3221 533 3285 ὀζίου,
583 3220 687 3272 καὶ
731 3217 1105 3290 Ἰωαθὰμ,καὶ
1142 3219 1331 3289 Ἀχὰζ,
1368 3220 1464 3273 καὶ
1507 3217 1774 3283 Ἐζεκίου,

156 3315 200 3368 ιιι
241 3314 626 3367 ἐϐασίλευσαν
670 3312 774 3381 τῆς
828 3312 1106 3376 Ἰουδαίας.
1148 3315 1371 3377 Ἀκουε,
1403 3313 1636 3385 οὐρανὲ,
1683 3313 1780 3366 καὶ

152 3407 427 3471 ἐνωτίζου.
468 3407 577 3478 γῆ,
622 3407 709 3459 ὅτι
740 3406 944 3477 Κύριος
975 3407 1255 3479 ἐλάλησεν.
1295 3408 1460 3471 Υἱοὺς
1510 3407 1780 3476 ἐγέννησα

150 3500 239 3552 ναὶ
266 3500 509 3569 ῦῲωσα·
546 3499 715 3552 αὐτοὶ
744 3498 801 3551 δέ
840 3515 906 3570 με
936 3499 1233 3571 ἠθέτησαν.
1270 3520 1289 3553 ι
1319 3500 1581 3564 Σύνθετος
1620 3503 1649 3554 ὁ
1686 3500 1780 3553 ἄν-

150 3595 363 3663 Opim-.0;
398 3596 468 3647 ἐκ
504 3592 703 3664 ψυχῆς
732 3594 826 3645 καὶ
853 3590 1121 3663 σώματος’
1151 3596 1184 3659 ή
1218 3594 1354 3665 σὰρξ
1382 3595 1491 3648 ἀπὸ
1521 3595 1623 3664 τῆς
1653 3598 1775 3666 γῆς,

151 3686 351 3757 ἡψυχὴ
396 3685 675 3759 οὐρανία.
723 3685 877 3738 Ἐπεὶ
916 3682 1009 3739 οὖν
1053 3687 1189 3758 πρὸς
1230 3688 1519 3759 ἀμφότερα
1541 3687 1777 3759 αὑτῶνή

158 3780 447 3847 συγγένειά
473 3781 661 3842 ἐστιν,
689 3776 912 3831 ἐπὶτῶν
939 3780 1285 3833 οἰκειοτάτων
1314 3781 1477 3834 αὐτοῦ
1515 3782 1613 3854 τὴν
1645 3800 1781 3854 μαρ-

159 3872 339 3942 τυρίαν
392 3872 629 3941 ἐλέγχει
666 3887 683 3900 ο
735 3889 753 3921 ι
807 3870 975 3935 Υἱοὺς
1019 3872 1288 3943 ἐγέννησα
1351 3876 1446 3928 καὶ
1496 3874 1710 3945 ὖψωσα.
1754 3895 1772 3927 ι

165 3961 473 4034 Γεννησεως
540 3962 663 4033 εἴδη
727 3962 851 4016 δύο·
886 3966 919 4034 ἡ
949 3964 1043 4034 μὲν
1076 3966 1273 4035 ήκατὰ
1298 3966 1429 4021 Θεὸν
1473 3969 1774 4040 μόρφωσις,

170 4054 225 4121 ἐξ
252 4055 429 4126 ἔργων
492 4057 600 4109 καὶ
636 4056 956 4127 παραδοχῆς
1004 4056 1291 4129 δογμάτων
1333 4061 1730 4132 ἐπιτελουμένη
1760 4078 1772 4092 ’

174 4146 241 4212 ὡς
266 4151 431 4221 γεννᾷ
460 4148 687 4212 Παῦλος
704 4148 773 4201 δι’
794 4150 1131 4218 Εὐαγγελίου
1152 4152 1281 4215 τοὺς
1305 4153 1555 4225 μαθητὰς
1586 4155 1772 4209 αὐτοῦ.

250 4438 267 4466 ‹
298 4419 485 4488 Ἔγνω
519 4417 651 4489 βοῦς
673 4420 765 4473 τὸν
788 4422 1152 4501 κτησάμςὶνον,
1174 4422 1268 4476 καὶ
1297 4422 1418 4486 ὄνος
1441 4422 1538 4494 τὴν
1567 4425 1774 4496 φάτνην

2523 2929 2757 2987 CAPUT
2810 2929 2851 2984 Ι.

1963 3031 2127 3085 Vens.
2173 3031 2225 3093 i,
2276 3029 2330 3083 Ξ.
2397 3048 2415 3080 ι
2451 3026 2601 3082 Visio
2636 3039 2801 3095 quam
2859 3022 2995 3079 vidit
3060 3020 3292 3077 Hessias
3344 3021 3491 3077 [ilius

1887 3123 2076 3186 Amos,
2111 3136 2276 3190 quam
2314 3118 2450 3173 vidit
2479 3127 2677 3173 contra
2716 3114 2981 3181 Iudaeam,
3014 3122 3069 3168 et
3110 3122 3299 3168 contra
3324 3109 3489 3167 Jeru-

1885 3215 2077 3281 salem,
2106 3214 2466 3284 regnautibus
2499 3211 2653 3275 Ozia,
2700 3209 2978 3273 Joatham,
3032 3207 3218 3262 Achaz
3254 3214 3308 3259 et
3352 3206 3490 3260 Eze-

1884 3308 2031 3373 chia,
2063 3308 2156 3376 qui
2202 3314 2572 3376 regnaverunt
2625 3306 2679 3359 in
2728 3303 2938 3360 Iudaea.
2986 3301 3127 3355 Audi
3162 3299 3386 3363 caelum,
3434 3309 3491 3353 et

1886 3401 2115 3453 auribus
2140 3398 2358 3468 percipe
2408 3408 2578 3461 terra,
2626 3398 2757 3466 quia
2802 3395 3067 3450 Dominus
3098 3393 3317 3449 locutus
3378 3403 3484 3447 est.

1884 3494 2050 3548 Filios
2079 3494 2239 3563 genui
2271 3501 2325 3546 et
2349 3490 2585 3546 exaltavi
2617 3508 2631 3545 :
2664 3490 2737 3545 illi
2776 3499 2957 3543 autem
2989 3494 3319 3558 spreverunt
3340 3501 3481 3540 me.»

1886 3586 2060 3642 liomo
2090 3602 2155 3642 ex
2186 3589 2367 3641 anima
2402 3596 2455 3640 et
2483 3599 2718 3653 corpore
2742 3582 3075 3638 constitutus
3105 3590 3191 3637 est
3215 3599 3228 3635 :
3256 3595 3387 3636 caro
3418 3593 3487 3634 ex

1887 3692 2053 3743 terra,
2112 3681 2293 3735 anima
2349 3678 2597 3735 ccelestis
2651 3676 2893 3732 exsistit.
2960 3675 3097 3743 Quia
3154 3690 3287 3730 vero
3358 3688 3484 3728 cum

1884 3784 2116 3842 utroque
2146 3790 2337 3829 eorum
2368 3773 2757 3844 cognationem
2787 3771 2952 3826 habet
2980 3772 3147 3826 homo
3168 3812 3181 3837 ,
3223 3772 3371 3825 circa
3413 3783 3479 3823 ea

1878 3884 2004 3938 qua:
2061 3869 2159 3939 ipsi
2229 3868 2469 3922 maxime
2514 3866 2739 3936 propria
2818 3873 2948 3919 sunt
3015 3863 3329 3918 testimonio
3384 3876 3489 3917 suo

1883 3964 2059 4032 ipsum
2092 3962 2341 4032 coarguit
2374 3978 2388 4014 :
2419 3980 2438 4013 ι
2462 3960 2632 4019 Filios
2666 3959 2828 4028 genui
2856 3965 2911 4013 et
2944 3956 3205 4015 exallavi.
3239 3976 3257 4008 ι
3306 3952 3487 4011 Gene-

1882 4053 2117 4108 rationis
2170 4054 2289 4108 dna:
2334 4052 2554 4121 species
2599 4060 2747 4117 sunt,
2800 4065 3033 4120 quarum
3083 4050 3185 4103 alia
3242 4057 3343 4108 est.
3392 4046 3484 4101 illa

1882 4145 2183 4199 secundum
2246 4144 2419 4198 Deum
2474 4140 2673 4209 forma,
2720 4156 2842 4209 qua:
2881 4155 2948 4195 ex
2990 4139 3248 4209 operibus
3304 4143 3359 4191 et
3414 4149 3482 4189 ex

1883 4238 2266 4292 mandatorum
2322 4235 2675 4306 perceptione
2722 4232 3006 4305 perﬁcitur
3048 4250 3062 4287 :
3104 4246 3211 4301 qua
3266 4229 3487 4285 ratione

1881 4330 2084 4386 Paulus
2116 4330 2410 4400 discipulos
2444 4344 2572 4383 suos
2606 4342 2704 4398 per
2732 4326 3090 4398 Evangelium
3122 4325 3318 4396 gignit.

1952 4421 2119 4477 Vens.
2160 4423 2214 4478 3.
2258 4441 2275 4475 ι
2312 4422 2578 4493 Cognovit
2606 4422 2705 4477 bos
2748 4434 3149 4491 possessorem,
3189 4428 3246 4473 et
3295 4417 3485 4471 asinus

187 4507 267 4561 τοῦ
314 4510 507 4583 κυρίου
548 4510 720 4564 αὑτοῦ
747 4532 759 4544 ·
810 4514 1027 4585 Ἰσραὴλ
1055 4515 1112 4570 δέ
1157 4532 1225 4586 με
1268 4516 1369 4568 οὐκ
1410 4515 1573 4585 ἔγνω,
1618 4518 1711 4579 καὶ
1746 4522 1773 4572 ὁ

1885 4530 2121 4585 praesepe
2150 4514 2356 4569 domini
2396 4516 2500 4580 sui,
2534 4512 2705 4569 Israel
2728 4523 2910 4569 autem
2938 4527 3026 4568 me
3055 4525 3164 4566 non
3197 4511 3477 4582 cognovit,

188 4598 297 4664 ἳαός
324 4619 391 4672 με
425 4602 487 4655 οὐ
518 4602 810 4673 συνῆκεν.»
837 4602 974 4668 Βοῦς
1003 4604 1101 4675 μὲν
1123 4605 1217 4658 καὶ
1238 4604 1378 4670 δνος,
1411 4609 1613 4679 φυσικῇ
1641 4626 1777 4676 (ραν⁶

188 4692 335 4763 uqu
361 4695 492 4757 τοὺς
504 4695 807 4765 τρέφοντας
830 4697 1288 4766 ἐπιγινώσκουσιν
1305 4714 1319 4731 ο
1349 4700 1396 4752 οε
1421 4700 1478 4752 δὲ
1504 4699 1776 4771 τοσαύτης

190 4784 503 4849 ἀξιωθέντες
537 4787 691 4859 παρὰ
718 4788 812 4842 τοῦ
839 4788 975 4843 Θεοῦ
999 4790 1275 4862 προνοίας,
1297 4790 1373 4854 ὡς
1404 4791 1478 4863 μὴ
1511 4792 1669 4863 μόνον
1689 4792 1777 4845 λο-

189 4881 361 4943 xime;
393 4880 767 4951 καταστῆναι,
800 4879 936 4933 ἀλλὰ
970 4881 1066 4935 καὶ
1105 4881 1234 4935 λαὸν
1266 4883 1402 4937 Θεοῦ
1435 4886 1774 4956 χρηματίσαι

193 4968 605 5043 καταξιωθῆναι,
637 4974 769 5027 υἱῶν
826 4991 885 5026 τε
926 4976 1267 5046 προσηγορίᾳ
1292 4976 1618 5048 τιμηθῆναι,
1665 4980 1775 5033 οὐδ’

192 5062 378 5133 (ομοίως
432 5066 549 5129 τοῖς
598 5065 817 5135 ἀλόγοις
852 5066 1133 5138 θρέμμασι
1172 5068 1263 5121 τὸν
1312 5072 1652 5140 γεννήσαντα
1682 5073 1779 5127 καὶ

198 5155 476 5227 θρέψαντα,
515 5160 828 5233 τιμήσαντά
858 5177 918 5214 τε
958 5161 1055 5213 καὶ
1099 5160 1393 5231 ὑψώσαντα
1435 5165 1635 5229 αὐτοὺς
1664 5166 1779 5219 Κύ-

202 5265 293 5318 ριον
319 5252 585 5321 ἔγνωσαν.
618 5250 787 5325 Οἶμαι
807 5253 865 5307 δὲ
888 5253 975 5309 διὰ
998 5254 1205 5309 τούτων
1232 5257 1589 5328 προφητικῶς
1611 5258 1779 5311 αἰνίτ-

202 5342 361 5401 τεσθαι
370 5385 383 5407 ,
397 5345 473 5410 ὡς
487 5346 579 5399 τὸν
590 5347 636 5401 Χ
645 5346 833 5418 ριστὸν
844 5346 937 5400 τοῦ
949 5347 1084 5401 Θεοῦ
1100 5349 1262 5404 αὐτὸν
1289 5349 1417 5403 ὄντα
1429 5350 1521 5404 τὸν
1551 5351 1633 5404 Κύ
1644 5370 1776 5423 ριον,

209 5431 362 5501 μόνοις
390 5437 569 5505 αὐτοῖς
594 5439 655 5506 ἐξ
690 5438 955 5492 ἁπάντων
991 5438 1102 5493 τῶν
1143 5440 1316 5494 ὲθνῶν
1361 5441 1778 5517 ἐπιδημήσαντα

210 5527 318 5589 κατὰ
354 5531 445 5605 τὴν
516 5531 986 5603 ἐνανθρὼπησιν,
1069 5532 1129 5584 οὐ
1186 5533 1609 5604 παραδέξονται,
1658 5538 1781 5592 οὐδὲ

203 5617 546 5698 immiscuerit
582 5625 789 5692 αὐτὸν,
841 5622 965 5678 οὐδὲ
996 5624 1310 5695 νοήσωσιν,
1345 5627 1459 5681 ἀλλ’
1494 5629 1612 5683 οὐδὲ
1648 5647 1775 5686 συν·-

191 5720 344 5795 ﬁdem.

223 5823 388 5883 «om
432 5821 611 5889 ιθνος
660 5811 1033 5890 ἁμαρτωλὸν»
1060 5814 1189 5883 λαὸς
1214 5814 1426 5888 πλήρης
1462 5816 1777 5889 ἁμαρτίας,

1877 4617 1934 4663 et
1968 4607 2204 4678 populus
2240 4623 2327 4661 me
2365 4623 2474 4663 non
2514 4605 2811 4661 intellexit.
2841 4621 2864 4657 ν
2899 4603 3006 4659 Bos
3033 4602 3254 4674 quidem
3286 4611 3343 4658 et
3373 4603 3485 4657 asi-

1878 4714 1982 4754 nus
2020 4715 2085 4754 ex
2132 4698 2365 4753 naturali
2424 4682 2689 4752 instinctu
2727 4710 2844 4762 eos,
2892 4694 2988 4765 qui
3021 4693 3345 4749 alimentum
3375 4692 3480 4748 sibi

1880 4792 2268 4863 suppeditant,
2324 4788 2835 4860 cognoscunt:qui
2890 4803 3024 4844 vero
3073 4797 3229 4842 tanta
3288 4802 3318 4842 a
3373 4786 3487 4843 Deo

1879 4884 2228 4953 providentia
2254 4884 2459 4953 dignati
2488 4892 2647 4947 sunt,
2681 4891 2739 4936 ut
2781 4896 2891 4937 non
2933 4880 3095 4936 modo
3126 4879 3483 4935 rationabiles

1880 4985 2086 5040 essent,
2117 4977 2212 5032 sed
2240 4976 2403 5032 etiam
2446 4974 2680 5047 populus
2718 4974 2813 5030 Dei
2844 4983 3194 5040 vocarentur,
3219 4973 3487 5028 filiorum-

1879 5081 1985 5136 que
2017 5068 2236 5122 nomine
2263 5078 2620 5132 ornarentur,
2657 5081 2765 5122 non
2816 5066 2937 5136 pari
2974 5077 3139 5137 atque
3179 5065 3338 5121 bruta
3390 5064 3483 5133 ju-

1880 5166 2066 5214 menta
2102 5160 2263 5214 modo
2292 5175 2417 5215 eum
2451 5161 2545 5229 qui
2578 5175 2637 5215 se
2667 5159 2877 5231 genuit,
2912 5159 3196 5225 enutrivit,
3237 5160 3481 5215 honora—-

1879 5252 1966 5306 vit
2015 5262 2072 5308 et
2126 5254 2411 5319 exaltavit,
2468 5253 2759 5308 Dominum
2808 5268 3108 5325 agnovere.
3168 5252 3265 5309 His
3318 5268 3483 5321 porro

1880 5345 2119 5403 arbitror
2141 5349 2463 5419 prophetice
2496 5348 2856 5415 subindicari,
2883 5349 3002 5404 fore
3025 5357 3083 5402 ut
3111 5346 3283 5403 Judaei
3308 5346 3481 5412 illum,

1880 5447 1973 5517 qui
2021 5444 2274 5502 Christus
2324 5444 2421 5499 Dei
2471 5451 2527 5498 et
2565 5443 2686 5513 ipse
2731 5444 3039 5511 Dominus,
3080 5446 3286 5515 quique
3338 5445 3482 5513 apud

1883 5540 2029 5606 illos,
2066 5554 2182 5610 prae
2211 5539 2335 5594 aliis
2364 5539 2625 5595 omnibus
2651 5538 2927 5609 gentibus,
2975 5540 3139 5595 homo
3165 5538 3485 5609 peregrina-

1887 5644 1976 5691 tus
2009 5641 2121 5698 est,
2156 5646 2265 5687 non
2295 5632 2668 5703 susciperent,
2703 5646 2881 5703 neque
2913 5640 3331 5702 cognoscerent,
3380 5644 3483 5687 nec

1886 5734 2067 5782 mente
2098 5724 2484 5795 intelligerent.

1965 5816 2133 5877 Vns.
2176 5818 2229 5875 ι.
2294 5819 2431 5875 εγω
2493 5820 2639 5891 genti
2693 5818 3020 5892 pcccatrici,
3071 5819 3269 5893 populo
3315 5817 3481 5889 pleno
