4100 6286
641 321 700 375 9|
1316 310 1583 368 EUSEBII
1623 305 2102 365 C/ESARIENSlS
2140 303 2288 360 OPP.
2331 302 2509 357 PARS
2548 300 2632 355 Ill.
2676 329 2746 343 --
2781 294 3196 352 EXEGETICA.

3823 287 3905 341 92

641 434 942 503 iniquitate,
971 431 1164 486 semini
1205 428 1368 493 malo,
1401 427 1524 480 filiis
1563 425 1784 493 iniquis.
1838 421 2210 490 Dereliquistis

2339 419 2541 490 ξπέρμα
2561 414 2817 486 πονηρὸν,
2837 411 2944 464 υίοὶ
2969 410 3179 480 ἄνομοι.
3218 402 3630 474 Ἐγκατελίπετε
3663 401 3753 454 τὸν
3779 400 3906 454 Κύ-

641 527 945 588 Dommum,
980 533 1034 576 et
1072 522 1327 576 irritastis
1374 526 1623 572 sanctum
1673 515 1835 571 lsrael
1869 534 1881 569 :
1913 512 2205 568 abalienati

620 601 760 670 sunt
823 627 1148 669 retrorsum.
1181 632 1199 663 ι
1265 609 1390 664 Ideo
1447 623 1577 677 ergo
1631 607 1940 663 Judaeorum
1993 614 2207 674 gentem

639 709 884 779 coarguit
941 708 1301 772 miseramque
1357 704 1617 772 prmdicat
1670 700 1909 768 Spiritus
1966 709 2208 759 sanctus,

639 801 762 868 quia
799 799 1036 853 omnium
1067 799 1221 864 plane
1255 795 1500 863 gentium
1543 793 1779 847 deterior
1829 800 1934 855 est,
1985 800 2039 844 et
2085 794 2209 857 quia

642 891 716 944 illi
751 905 925 956 neque
950 903 1014 941 ex
1039 885 1348 954 ad0ptioue,
1393 899 1570 954 neque
1601 899 1667 938 ex
1707 885 1917 938 honore
1951 881 2212 936 divinitus

643 983 748 1037 sibi
797 982 1012 1044 collato,
1065 978 1291 1032 exaltati
1340 978 1619 1039 videlicet,
1671 991 1735 1030 ac
1782 974 2214 1042 praccellcntibus

645 1076 959 1130 muneribus
995 1072 1060 1124 ab
1088 1085 1154 1124 eo
1182 1072 1389 1136 donatl,
1422 1070 1694 1138 quidpiam
1741 1068 1988 1121 utilitatis
2027 1081 2212 1135 perce~

646 1175 838 1234 perunt
868 1182 881 1217 :
915 1167 1021 1218 imo
1062 1179 1190 1218 vero
1217 1179 1284 1217 ne
1311 1178 1375 1217 ex
1409 1161 1580 1229 plagis
1628 1161 1845 1230 quidem
1879 1167 1934 1214 et
1977 1159 2215 1228 castiga-

648 1257 904 1320 tionibus,
958 1256 1112 1323 queis
1154 1271 1184 1308 a
1229 1254 1338 1308 Deo
1376 1253 1691 1321 frequenter
1741 1252 1794 1305 vi
1840 1249 2044 1305 amoris
2096 1264 2220 1318 per-

654 1357 829 1412 moto,
865 1347 1161 1414 impietatis
1190 1361 1300 1400 sua:
1351 1359 1514 1400 causa
1551 1342 1732 1398 allecti
1780 1354 1925 1409 sunt,
1978 1342 2219 1410 resipue-

649 1449 820 1495 runt:
853 1453 1000 1503 nam,
1044 1455 1062 1488 ι
1089 1454 1246 1502 quem
1277 1436 1453 1505 diligit
1489 1436 1769 1499 Dominus,
1820 1433 2072 1503 castigat,
2119 1432 2218 1486 ﬂa-

663 1530 826 1601 gellat
853 1537 1030 1583 autem
1064 1541 1273 1582 Omnem
1308 1526 1498 1588 filium,
1531 1539 1688 1595 quem
1717 1523 1912 1594 accipit
1935 1526 2000 1578 ν.
2029 1541 2047 1573 ι
2091 1522 2222 1589 Quis

652 1633 830 1674 autem
867 1620 956 1674 ille
991 1619 1108 1685 fuit,
1154 1633 1309 1684 quem
1342 1616 1746 1685 dereliquerunt
1770 1654 1786 1678 ,
1819 1615 1925 1669 nisi
1951 1614 2220 1681 Christus,

651 1727 809 1780 quem
855 1711 978 1778 quia
1025 1709 1377 1763 irritaverunt
1427 1716 1482 1760 et
1521 1706 1950 1777 dereliquerunt,
1991 1720 2052 1762 ea
2103 1720 2224 1774 qua

651 1804 1052 1870 subsequuntur
1082 1803 1322 1872 perpessi
1353 1799 1519 1854 sunt?

660 1956 665 1962 ,
723 1894 884 1948 Vsus.
923 1894 978 1956 5,
1009 1893 1061 1947 6.
1109 1910 1128 1942 ι
1159 1891 1300 1958 Quid
1333 1891 1510 1945 adhuc
1539 1889 1922 1958 percutiamiui
1953 1888 2216 1956 adjicien-

654 1999 736 2044 tes
768 1984 1152 2055 iniquitatem?
1181 1997 1344 2037 omne
1390 1991 1553 2051 caput
1599 1981 1651 2035 in
1699 1981 1904 2046 labore,
1959 1989 2013 2036 et
2063 1995 2226 2036 omne

652 2095 748 2136 cor
787 2079 840 2133 in
892 2077 1154 2138 tristitia;
1192 2091 1220 2128 a
1261 2073 1486 2144 pedibus
1519 2089 1690 2143 usque
1713 2074 1779 2128 ad
1811 2083 1974 2143 caput
2005 2089 2115 2128 non
2141 2080 2228 2127 est

653 2170 711 2228 in
741 2182 806 2224 eo
834 2168 1064 2223 sanitas.
1117 2165 1342 2230 Vulnus,
1391 2163 1555 2229 livor,
1605 2163 1765 2234 plaga
1820 2175 2058 2219 tumens.
2111 2163 2226 2217 Non

654 2261 783 2319 licet
805 2259 1069 2329 malagma
1103 2259 1384 2329 imponere
1405 2296 1422 2324 ,
1456 2271 1630 2328 neque
1653 2257 1859 2323 oleum,
1891 2272 2067 2325 neque
2094 2255 2227 2327 liga-

653 2365 855 2410 menta.
879 2371 905 2401 ›
943 2352 1046 2418 Qui
1078 2350 1194 2405 fieri
1228 2356 1463 2419 poterat,
1495 2357 1555 2402 ut
1584 2346 1731 2402 aliud
1763 2349 1832 2402 ad
1862 2348 2151 2403 sanitatem
2174 2355 2231 2404 et

657 2443 886 2500 salutem
926 2441 1323 2499 restituendam
1352 2440 1706 2510 pbarmacum
1740 2440 2081 2510 reperirent,
2131 2439 2227 2509 qui

659 2535 945 2591 Dominum
1004 2535 1339 2603 abnegarant
1380 2547 1393 2582 :
1440 2546 1598 2601 quem
1657 2545 1762 2587 non
1811 2540 2078 2587 noverunt
2127 2546 2228 2587 nec

659 2627 1044 2683 intellexerunt
1089 2624 1374 2680 advenisse
1417 2623 1522 2678 sibi
1579 2623 1882 2678 animarum
1933 2623 2226 2689 medicum,

661 2721 751 2790 qui
786 2721 933 2776 solus
983 2733 1198 2774 omnem
1245 2720 1494 2774 morbum
1539 2724 1595 2771 et
1655 2731 1875 2773 omnem
1922 2715 2229 2772 animarum

662 2809 1030 2866 inﬁrmitatem
1057 2822 1252 2864 curare
1281 2805 1528 2878 poterat?

734 2898 901 2954 Vatis.
937 2898 989 2960 7,
1037 2897 1089 2952 8.
1117 2883 1122 2888 ’
1153 2914 1172 2947 ι
1212 2896 1381 2951 Terra
1441 2902 1618 2950 vestra
1678 2895 1928 2962 deserta,
1979 2894 2231 2952 civitates

663 2999 857 3047 vestra:
901 3003 1178 3043 succensas
1217 2987 1332 3057 igni
1367 3005 1379 3040 :
1419 2986 1698 3057 regionem
1755 2996 1997 3040 vestram
2045 3002 2231 3042 coram

668 3081 826 3136 vobis
854 3079 1016 3134 alieni
1065 3079 1374 3134 devorant:
1415 3087 1470 3133 et
1512 3076 1756 3133 desolata
1807 3087 1911 3144 est,
1962 3081 2156 3134 eversa
2201 3093 2232 3132 a

663 3172 877 3245 populis
907 3171 1121 3237 alienis.
1145 3172 1288 3230 sicut
1311 3169 1718 3225 tabernaculum
1737 3168 1791 3223 in
1813 3169 1995 3235 vinea,
2023 3179 2075 3227 et
2098 3170 2238 3226 sicut

667 3265 938 3336 tugurium
968 3267 1021 3319 in
1068 3260 1466 3329 cucumerario,
1521 3263 1665 3318 sicut
1711 3262 1907 3318 civitas
1942 3263 2188 3319 obsessa.
2214 3283 2234 3316 ι

665 3356 747 3412 Ad
769 3356 1068 3411 custodiam
1098 3355 1368 3411 fructuum
1404 3355 1459 3409 in
1490 3354 1662 3411 vineis
1693 3355 2034 3410 nascentium
2067 3355 2243 3424 figun-

671 3459 759 3504 tur
796 3448 1051 3504 tentoria.
1109 3447 1244 3502 Cum
1296 3463 1425 3518 ergo
1478 3447 1638 3503 vinea
1689 3447 1922 3518 propriis
1970 3445 2241 3508 fructibus

668 3541 838 3609 probe
892 3540 1157 3594 instructa
1215 3546 1334 3606 est,
1381 3539 1530 3594 omni
1575 3554 1706 3595 cura
1773 3548 1828 3594 et
1874 3538 2245 3597 sollicitudine

677 3630 974 3684 tentorium
1008 3637 1285 3693 servatur,
1322 3629 1395 3682 ita
1420 3638 1477 3682 ut
1503 3637 1689 3684 custos
1716 3629 2002 3700 diligenter
2035 3627 2248 3698 prospi-

672 3717 799 3781 ciat,
831 3730 918 3777 ne,
947 3713 1040 3784 qui
1068 3715 1121 3769 in
1157 3716 1240 3770 via
1267 3726 1616 3785 praetereunt,
1654 3718 1861 3772 fructus
1907 3717 2024 3788 ejus
2056 3718 2246 3773 decer-

673 3816 822 3873 pant.
864 3805 999 3861 Cum
1050 3817 1228 3863 autem
1272 3809 1431 3863 vinea
1489 3809 1826 3864 infructuosa
1879 3820 1983 3876 est,
2036 3809 2168 3864 illud
2213 3824 2243 3862 a

672 3898 920 3965 custode,
945 3907 1002 3952 ut
1029 3907 1454 3955 consentaneum
1485 3909 1587 3967 est,
1628 3901 1934 3972 negligitur.
1959 3902 2240 3969 Quamob-

677 4002 790 4042 rem
824 3987 1178 4044 lsracliticum
1212 3991 1462 4060 populum
1496 3991 1814 4047 derelictum
1882 3993 1948 4048 iri
2001 3994 2248 4048 intermi-

677 4090 862 4145 natur,
941 4089 1131 4149 utpote
1189 4081 1281 4151 qui
1340 4094 1764 4139 consentaneum
1830 4084 2067 4139 fructum
2135 4100 2245 4141 non

677 4172 912 4226 emittat.
942 4172 1265 4227 Timendum
1300 4174 1482 4243 itaque
1513 4177 1670 4236 nobis
1701 4187 1805 4241 est,
1829 4192 1897 4231 ne
1925 4178 2247 4233 infructuosi

679 4263 867 4330 simus,
905 4273 961 4318 ut
985 4280 1051 4320 ne
1072 4282 1136 4319 ex
1163 4267 1243 4319 ira
1273 4265 1367 4321 Dei
1397 4268 1732 4322 deseramur.
1768 4267 2003 4339 Spiritus
2025 4278 2247 4324 sanctus

679 4357 883 4424 estqui
932 4372 1028 4412 nos
1065 4358 1323 4414 custodit.
1388 4357 1522 4413 Cum
1580 4359 1743 4429 igitur
1801 4360 1980 4415 anima
2031 4360 2244 4416 fructus

2317 527 2448 579 ριον,
2473 509 2566 560 καὶ
2582 504 2968 576 παρωργίσατε
2993 501 3082 553 τὸν
3101 500 3251 566 ἅγιον
3283 494 3377 550 τοῦ
3401 492 3633 566 ’ῐσραήλθ
3651 492 3897 560 ἀπηλλοα

2313 599 2622 670 τριώθησαν
2651 599 2729 659 είς
2751 596 2819 649 τὰ
2839 594 3031 647 ὀπίσω,
3061 611 3080 644 ι
3111 591 3209 642 Διά
3231 589 3403 642 ταῦτα
3436 586 3564 655 γοῦν
3598 583 3898 649 ἀπελέγχει

2313 694 2375 745 τὸ
2419 691 2684 744 Ἰουδαίων
2737 688 2907 749 ἔθνος,
2946 685 3039 738 καὶ
3063 681 3337 745 ταλανίζει
3367 679 3561 740 αὑτοὺς
3579 676 3638 728 τὸ
3670 671 3901 740 Πνεῦμα.

2315 786 2374 837 τὸ
2402 786 2586 852 ἆγιον,
2636 781 2711 844 ὡς
2757 780 2974 832 πάντων
3005 775 3112 828 τῶν
3141 772 3310 825 ἐθνῶν
3336 771 3571 843 χείρους,
3599 767 3688 820 καὶ
3715 763 3792 824 ὡς
3829 763 3901 814 τὸ

2320 879 2483 950 μηδὲν
2520 874 2920 945 ὠφεληθέντας,
2960 871 3094 941 μήτε
3124 869 3187 919 ἐκ
3215 867 3312 935 τῆς
3347 863 3632 925 υἱοθεσίας,
3659 860 3793 950 μήτε
3834 855 3903 950 ἐξ

2315 946 2393 1042 ἦέ
2414 967 2564 1038 παρά
2587 963 2722 1019 Θεοῦ
2747 964 2913 1034 τιμῆς
2938 959 3244 1031 ἠξιώθησαν
3263 974 3276 986 ·
3303 954 3604 1024 ὑψωθέντες
3625 951 3715 1004 καὶ
3743 946 3902 1000 πλεί-

2320 1035 2459 1113 στων
2495 1035 2642 1111 ’ὅσων
2677 1053 2969 1124 ἐξαιρέτων
2998 1048 3148 1119 παρὰ
3167 1043 3330 1099 αὑτοῦ
3360 1042 3741 1113 τετυχηκότες·
3775 1035 3900 1090 ἀλλ’

2317 1152 2438 1205 οὑδὲ
2463 1151 2520 1217 ἐξ
2543 1143 2616 1202 ὧν
2641 1146 2900 1208 πολλάκις
2926 1129 3240 1211 ἐπλήγησαν
3271 1137 3337 1190 δι’
3353 1133 3654 1204 ὑπερϐολὴν
3676 1129 3906 1200 ἀγάπης

2319 1242 2453 1298 Θεοῦ
2481 1244 2810 1311 τυπτόμενοι
2840 1237 2932 1291 καὶ
3001 1231 3371 1301 κολαζόμενοι,
3397 1226 3505 1278 τῶν
3536 1221 3907 1311 ἀσεϐημάτων

2321 1335 2498 1390 αὑτῶν
2536 1309 2721 1387 ἕνεκεν
2745 1350 2758 1361 ο
2799 1349 2819 1384 ι
2867 1332 2964 1382 ⁸ον
3010 1327 3117 1397 γὰρ
3159 1323 3350 1392 ἀγαπᾷ
3393 1317 3596 1388 Κύριος
3628 1309 3904 1372 παιδεύει,

2327 1427 2577 1499 μαστιγοῖ
2601 1424 2657 1477 δὲ
2690 1422 2866 1475 πάντα
2883 1420 3015 1483 υἱὸν,
3033 1417 3091 1470 ὃν
3112 1412 3490 1485 παραδέχεται.
3509 1428 3526 1459 ι
3542 1407 3637 1469 Τίς
3667 1404 3722 1499 δὲ
3742 1399 3809 1474 ἦν
3838 1399 3907 1499 ὃν

2323 1493 2698 1587 ἐγκατέλιπον,
2723 1515 2757 1585 ἥ
2773 1515 2802 1566 6
2817 1510 3067 1583 Χριστόςο
3086 1508 3145 1561 δν
3167 1505 3256 1560 διά
3281 1504 3342 1557 τὸ
3371 1498 3780 1572 παρωργικέναι
3803 1493 3909 1548 καὶ

2327 1606 2860 1680 ὲγκαταλελοιπέναι,
2905 1601 2976 1656 τά
2994 1600 3122 1671 ἑξῆς
3152 1595 3514 1666 ἐπιλεγόμενα
3536 1589 3864 1644 πεπόνθασιν
3885 1601 3904 1649 ;

2404 1893 2422 1925 ι
2464 1871 2528 1926 Τί
2575 1872 2656 1924 ἔτι
2706 1868 2951 1940 πληγῆτε
3003 1861 3387 1938 προστιθέντες
3434 1854 3698 1928 ἀνομίαν;
3753 1852 3912 1904 πᾶσα

2330 1964 2534 2034 κεφαλὴ
2561 1963 2640 2025 εἰς
2679 1962 2861 2023 πόνον,
2886 1957 2981 2011 καὶ
3022 1957 3172 2011 πᾶσα
3218 1949 3415 2023 καρδία
3447 1949 3528 2011 είς
3553 1946 3729 2012 λύπην
3750 1961 3762 1973 ·
3797 1940 3918 2034 ἀπὸ

2330 2032 2656 2117 πῶῶνῖέως
2695 2049 2940 2121 κεφαλὴν
2983 2048 3085 2101 οὑκ
3116 2046 3261 2098 ἐστιν
3299 2045 3356 2096 ἐν
3400 2039 3548 2109 αὑτῷ
3595 2032 3922 2106 ὁλοκληρία..

2330 2149 2582 2221 Τραῦμα,
2619 2144 2855 2218 μώλωψ,
2910 2141 3093 2212 πληγὴ
3143 2135 3569 2208 φλεγμαίνουσα.
3625 2130 3739 2184 Οὑκ
3785 2127 3921 2221 ἐστι

2333 2217 2595 2311 μάλαγμα
2617 2217 2906 2296 ἐπιθεῖναι,
2931 2229 3058 2284 οὔτε
3081 2227 3281 2291 ἔλαιον,
3314 2222 3438 2279 οὔτε
3465 2217 3854 2291 καταδεσμούς.

2329 2310 2452 2394 ΪΙῶς
2489 2330 2547 2384 δὲ
2584 2329 2679 2381 καὶ
2716 2321 2825 2380 οἷόν
2875 2341 2933 2378 τε
2986 2318 3055 2394 ἦν
3094 2320 3283 2391 ἕτερον
3331 2316 3528 2379 αὐτοὺς
3587 2312 3778 2382 ὑγείας
3815 2310 3923 2365 καὶ

2332 2420 2604 2494 σωτηρίας
2647 2415 2930 2487 ποιητικὸν
2961 2411 3218 2486 εὑρέσθαι
3260 2408 3552 2481 φάρμακον
3592 2399 3922 2494 ἀρνησαμέῗ

2330 2489 2584 2578 νοῦς-’τὸν
2628 2508 2862 2581 Κύριον·
2915 2503 3050 2577 μηδὲ
3093 2498 3475 2571 ἐπεγνωκότας
3530 2496 3715 2562 αὑτὸν,
3773 2489 3924 2563 μηδὲ

2334 2609 2608 2671 συνιέντας
2639 2603 3048 2676 ἐπιδημήσαντα
3063 2599 3244 2661 αὐτοῖς
3264 2595 3356 2650 τὸν
3381 2594 3486 2649 τῶν
3499 2589 3687 2663 ψυχῶν
3705 2586 3920 2676 lat-post,

2331 2703 2424 2755 τὸν
2455 2702 2615 2774 μόνον
2646 2674 2827 2752 πᾶσαν
2855 2694 3008 2747 νόσον
3041 2691 3137 2745 καὶ
3179 2691 3361 2742 πᾶσαν
3407 2682 3675 2757 μαλακίαν
3717 2674 3919 2748 ψυχῶν

2330 2792 2468 2867 ὁμοῦ
2495 2794 2590 2847 καὶ
2611 2789 2877 2860 σωμάτων
2908 2782 3160 2839 ἰάσασθαι
3186 2779 3484 2849 δυνάμενον
3504 2817 3520 2841 ,

2407 2904 2426 2937 ι
2471 2886 2536 2939 Ἡ
2566 2884 2638 2954 γῆ
2669 2880 2822 2952 ὑμῶν
2861 2876 3086 2948 ἕρημος,
3122 2872 3180 2926 αί
3223 2871 3406 2933 πόλεις
3449 2865 3606 2938 ὑμῶν
3646 2864 3926 2935 πυρίκαυ-

2335 2995 2450 3034 στοι
2477 2978 2578 3047 τὴν
2618 2973 2799 3046 χώραν
2828 2968 2980 3041 ὑμῶν
3017 2965 3249 3019 ἐνώπιον
3278 2959 3433 3032 ὑμῶν
3485 2957 3756 3030 ἀλλότριοι
3784 2973 3926 3010 κατ-

2335 3072 2606 3127 εσθίουσιν
2637 3067 2839 3137 αύτήψ
2880 3062 2975 3116 καὶ
3012 3058 3297 3129 ἡρέμωται
3329 3051 3786 3123 κατεστραμμένη
3812 3047 3931 3124 ὑπὸ

2337 3165 2481 3219 λαῶν
2533 3160 2846 3230 ἀλλοτρίων,
2902 3155 2979 3218 ὡς
3029 3150 3203 3222 σκηνὴ
3252 3151 3310 3203 ἐν
3363 3144 3666 3218 ἀμπελῶνι,
3717 3142 3812 3196 καὶ
3844 3141 3928 3205 ὡς

2339 3255 2780 3329 ὀπωροφυλάκιον
2829 3254 2886 3306 ἐν
2920 3248 3255 3320 σικυηλάτῳ,
3287 3248 3364 3310 ὼς
3418 3245 3575 3307 πόλις
3604 3241 3932 3329 πολιορκου-

2344 3327 2476 3420 μένή
2492 3347 2588 3416 (4).
2602 3364 2620 3396 ι
2646 3347 2738 3409 Εἰς
2754 3341 2995 3416 φρουρὰν
3004 3339 3112 3393 τῶν
3132 3342 3190 3392 ἐν
3206 3339 3324 3399 ταῖς
3339 3334 3603 3406 ἀμπέλοις
3627 3327 3853 3402 καρπῶν
3866 3329 3928 3381 αἱ

2345 3440 2539 3510 σκηναὶ
2572 3439 2893 3509 πήγνυνται.
2925 3435 3093 3487 Ὅταν
3118 3425 3338 3503 μὲνιοῦν
3360 3426 3559 3499 εὑθηνῇ
3577 3427 3686 3487 τοῖς
3705 3421 3932 3484 οἰκείοις

2345 3536 2579 3606 καρποῖς
2610 3534 2643 3602 ἡ
2669 3529 2941 3602 ἄμπελος,
2981 3523 3393 3592 σπουδάζεταιή
3422 3519 3595 3591 σκηνὴ
3627 3516 3720 3570 καὶ
3744 3514 3933 3606 πάσης

2344 3626 2585 3690 ἀξιοῦται
2641 3620 2992 3692 ἐπιμελείας·
3038 3617 3178 3670 ὥστε
3223 3614 3316 3669 ἀπ’
3361 3611 3533 3682 αὑτῆς
3574 3605 3936 3662 κατοπτεύειν

2345 3720 2435 3772 τὸν
2462 3718 2698 3788 φύλακα,
2733 3716 2941 3785 μήποτε
2970 3709 3243 3782 τρυγῶσιν
3264 3705 3437 3775 αὑτὴν
3468 3703 3520 3755 oi
3541 3697 3933 3771 παραπορευό-

2358 3828 2505 3883 μενοι
2550 3809 2649 3878 τὴν
2699 3806 2838 3858 ὁδόν.
2890 3803 3055 3856 Ὅταν
3107 3799 3164 3853 δὲ
3217 3797 3466 3868 ἄκαρπος
3510 3789 3585 3866 ᾗ,
3645 3789 3936 3883 ἀμελεῖται.

2349 3879 2660 3970 ἀναγκαίως
2702 3899 2800 3968 τῆς
2836 3891 3083 3964 ἀμπέλου
3125 3889 3194 3942 τὰ
3236 3887 3603 3958 φυλακτήρια.
3643 3880 3740 3934 Διὰ
3771 3879 3938 3932 τοῦτο

2349 3991 2442 4046 τοῦ
2487 3986 2879 4062 Ἰσραηλιτικοῦ
2909 3983 3037 4038 λαοῦ
3066 3983 3166 4052 τὴν
3193 3977 3578 4049 ὲγκατάλειῲιν
3594 3973 3823 4036 ἀπειλεῖ,
3855 3972 3938 4035 ὼς

2355 4087 2430 4158 μὴ
2456 4060 2927 4155 καρποφοροῦντος
2952 4077 3022 4131 τά
3061 4074 3440 4130 ὲπιὸἀλλοντα.
3475 4067 3804 4139 Φοὸηθῶμεν
3837 4060 3938 4158 οῦν

2351 4156 2490 4229 εἶναι
2538 4176 2794 4245 ἄκαρποι,
2847 4171 2921 4242 μὴ
2949 4165 3469 4238 ἐγκαταλειφθῶμεν
3495 4159 3719 4230 ὑπὸτῆς
3762 4156 3940 4228 ὀργῆς

2349 4266 2446 4321 τοῦ
2473 4263 2628 4320 Θεοῦ.
2664 4265 2737 4316 Τὸ
2784 4262 3053 4332 φυλάσσον
3099 4261 3268 4332 ἡμᾶς,
3300 4259 3362 4311 τὸ
3408 4254 3634 4325 Πνεῦμα
3678 4252 3739 4305 τὸ
3777 4251 3940 4319 ᾶγιόν

2352 4359 2519 4410 ἐστιν.
2560 4356 2728 4409 Ὅταν
2774 4355 2870 4425 μὲν
2912 4348 3002 4406 οὖν
3046 4350 3371 4424 καρποφορῇ
3419 4348 3453 4418 ἡ
3497 4345 3644 4417 ψυχὴ
3668 4342 3793 4408 ἀξια
3823 4341 3940 4396 τῶν

679 4455 1006 4499 aeternorum
1037 4448 1415 4515 penuariorum
1455 4447 1647 4515 dignos
1691 4447 1919 4518 profert,
1968 4459 2081 4506 tum
2126 4466 2234 4521 per

2353 4448 2587 4503 αἰωνίων
2637 4444 2952 4514 ἁποθηκῶν,
3001 4443 3308 4515 παραμένει
3355 4441 3450 4494 καὶ⁵
3495 4438 3786 4507 φυλάσσει,
3839 4437 3942 4489 καὶ

683 4545 869 4591 manet
896 4537 985 4592 ille
1026 4547 1229 4604 custos,
1271 4547 1325 4594 et
1354 4539 1645 4609 singularis
1667 4539 1768 4595 feri
1804 4540 2026 4595 insidias
2059 4542 2247 4612 procul

684 4629 889 4698 abigit;
923 4643 1048 4684 cum
1078 4638 1258 4683 autem
1293 4646 1453 4684 uvam
1477 4629 1618 4686 fellis
1645 4639 1700 4684 et
1725 4632 1944 4687 botrum
1981 4634 2246 4689 amaritu-

684 4717 826 4772 dinis
855 4718 1089 4788 profert,
1145 4719 1538 4776 infructuosam
1591 4722 1830 4777 animam
1872 4722 1964 4778 ille
2007 4724 2246 4780 deserit:

685 4817 738 4861 et
761 4817 885 4863 tunc
911 4811 962 4864 iu
984 4813 1232 4880 quemvis
1261 4813 1479 4868 brutum
1507 4814 1824 4884 cogitatum,
1849 4825 1903 4869 et
1928 4814 1980 4868 in
2004 4817 2250 4886 quamvis

686 4900 1113 4958 irrationabilem
1162 4905 1656 4976 concupiscentiam
1707 4906 1905 4962 decidit
1965 4907 2080 4962 illa.
2137 4905 2251 4961 Ple-

687 5005 915 5060 rumque
962 5008 1124 5062 porro
1156 4994 1440 5064 Scriptura
1476 4995 1730 5052 lsraelem
1778 4999 1993 5052 vineam
2052 4997 2257 5067 tropice

688 5093 991 5150 nuncupat;
1030 5090 1168 5160 utgr
1196 5083 1418 5140 Vineam
1451 5101 1516 5142 ex
1562 5086 1797 5158 Λεπριο
1839 5089 2201 5156 transtulisti;
2235 5108 2252 5141 ι

688 5181 763 5240 et,
829 5193 848 5226 ι
875 5174 1041 5230 Vinea
1074 5177 1215 5232 facta
1249 5187 1332 5234 est
1364 5179 1563 5234 dilecto
1593 5177 1642 5212 ²⁹
1663 5195 1702 5245 ;ι
1753 5187 1827 5245 et,
1885 5198 1905 5232 ι
1930 5180 2042 5250 Ego
2076 5184 2257 5236 autem

691 5266 925 5335 plantavi
961 5278 1010 5322 te
1049 5270 1259 5324 vineam
1307 5269 1664 5336 fructuosam,
1713 5280 1880 5326 totam
1929 5287 2114 5326 veram
2161 5273 2201 5329 '.
2234 5290 2253 5324 ι

2351 4539 2634 4612 πόρρωθεν
2673 4537 2926 4608 ἀπείργει
2955 4535 3055 4599 τὰς
3092 4534 3188 4588 τοῦ
3233 4532 3416 4604 μονιοῦ
3448 4529 3542 4584 τοῦ
3586 4530 3781 4601 ἀγρίου
3811 4530 3942 4581 ἐπι-

2351 4631 2577 4694 ϐουλάς·
2617 4630 2742 4682 ὅταν
2778 4629 2833 4680 δὲ
2864 4625 3136 4697 σταφυλὴν
3175 4624 3337 4696 χολῆς
3369 4622 3587 4693 γεωργῇ
3614 4621 3709 4673 καὶ
3740 4618 3944 4689 βότρυν

2354 4723 2577 4794 πικρίας
2609 4721 2836 4793 ἐκφέρῃ,
2861 4716 3442 4789 ἐγκαταλιμπάνειτὴν
3469 4714 3714 4784 ἄκαρπον
3735 4711 3939 4781 ψυχήν·

2357 4817 2450 4868 καὶ
2476 4814 2592 4867 τότε
2627 4813 2731 4865 ὑπὸ
2761 4811 2964 4873 παντὸς
2993 4807 3256 4880 λογισμοῦ
3287 4805 3586 4878 θηριώδους
3619 4804 3715 4856 καὶ
3757 4803 3946 4872 πάσης

2354 4909 2547 4976 ἀλόγου
2579 4906 2878 4976 ἐπιθυμίας
2903 4906 3316 4958 καταπεσεῖται.
3352 4897 3625 4969 Πολλαχοῦ
3660 4897 3716 4949 δὲ
3743 4912 3906 4966 τροπι
3929 4925 3947 4938 ο

2355 5001 2464 5064 κῶς
2479 4998 2774 5070 ἀμπελῶνα
2792 4997 2880 5050 τὸν
2915 4995 3128 5067 Ἰσραὴλ
3151 4997 3178 5048 ὁ
3209 4993 3366 5059 λόγος
3389 4987 3816 5062 προσαγορεύει·
3863 4986 3948 5049 ὡς

2354 5090 2433 5156 τὸ,
2460 5107 2478 5141 ι
2511 5088 2791 5160 Ἄμπελον
2819 5087 2878 5154 ἐξ
2912 5086 3190 5155 Αἰγύπτου
3226 5086 3361 5155 μετῆ
3373 5098 3488 5154 ρας·
3513 5100 3531 5133 ι
3550 5082 3664 5141 καὶ,
3687 5099 3704 5130 ι
3737 5079 3948 5148 Ἀμπε-

2355 5179 2461 5232 λὼν
2493 5177 2722 5250 ἐγενήθη
2743 5177 2821 5248 τῷ
2847 5180 3030 5248 ὴγαπη
3041 5176 3203 5247 μένῳ’
3217 5195 3236 5226 ι
3254 5175 3368 5241 καὶ,
3394 5192 3412 5224 ι
3435 5171 3577 5240 Ἐγὼ
3596 5170 3651 5222 δὲ
3667 5167 3946 5238 ἐφύτευσά

2363 5290 2421 5325 σε
2446 5273 2690 5343 ἄμπελον
2742 5270 3112 5342 καρποφόρον,
3163 5268 3346 5321 πᾶσαν
3369 5263 3650 5335 ἀληθινήν.
3684 5281 3702 5313 ι
3734 5261 3796 5314 El
3819 5259 3878 5312 δὲ
3911 5261 3945 5311 6

770 5387 812 5417 ⁸·
840 5385 1000 5440 Prov.
1032 5402 1112 5450 ιιι,
1136 5386 1221 5440 19..
1297 5389 1317 5418 ’
1341 5386 1479 5441 Psal.
1511 5402 1698 5450 Lxxu,
1731 5382 1786 5442 9.
1838 5398 1858 5426 ι
1881 5397 1900 5417 θ
1925 5393 2036 5450 Jsa,
2065 5409 2119 5460 γ,
2154 5393 2206 5445 l.
2229 5390 2251 5422 ³
2275 5387 2385 5446 Jcr.
2420 5407 2479 5455 ιι,
2507 5392 2598 5450 21,

765 5481 841 5548 (4)
873 5479 966 5561 llis
989 5481 1183 5561 similia
1215 5482 1377 5561 habet
1405 5481 1841 5561 Hieronymus_in
1880 5484 2022 5537 hunc
2054 5485 2254 5561 locum,

697 5561 859 5623 atque
894 5553 964 5603 ita
994 5553 1270 5620 loquitur:
1308 5571 1325 5603 ι
1359 5553 1412 5605 In
1444 5554 1819 5607 cucumerario
1850 5568 2084 5622 quoque,
2112 5555 2255 5623 quod

699 5619 842 5675 LXX
885 5619 1155 5688 pomorum
1213 5625 1503 5676 custodiam
1552 5632 1765 5689 vocant,
1832 5619 2078 5691 parvula:
2123 5619 2258 5677 fiunt

702 5692 894 5746 casula:
941 5702 1158 5759 propter
1194 5694 1442 5746 ardorem
1485 5693 1613 5747 solis
1662 5707 1722 5746 ac
1767 5694 1943 5747 radios
1989 5694 2254 5749 declinan-

704 5768 799 5817 dos
822 5781 831 5816 :
855 5773 907 5818 ct
937 5763 1061 5816 inde
1086 5762 1164 5817 vel
1199 5763 1552 5832 liciiiiiics,\'cl
1575 5763 1845 5830 bestiolas,
1867 5778 1982 5834 qua:
2009 5764 2251 5822 insidiari

2371 5481 2542 5535 solent
2589 5478 2728 5531 natis
2754 5475 3019 5545 frugibus,
3043 5475 3284 5544 abigunt.
3339 5473 3475 5528 Cum
3529 5481 3707 5527 autem
3733 5469 3938 5545 ablata

2363 5540 3209 5617 fuerintistiusmodigeuiuiiua,
3253 5554 3531 5617 remanent
3569 5543 3776 5597 arentia
3830 5540 3942 5617 fru-

2365 5622 2529 5676 ticum
2581 5613 2941 5680 umbracula,
2993 5617 3298 5684 casulmque
3345 5615 3628 5669 recedente
3678 5613 3941 5667 custode:

2362 5692 2486 5759 quia
2515 5705 2618 5742 non
2651 5689 2813 5743 liabet
2841 5689 2981 5759 ultra
3009 5688 3153 5756 quod
3183 5695 3399 5759 servet.“
3420 5704 3438 5736 ι
3466 5696 3520 5742 et
3551 5694 3746 5742 caetera
3769 5726 3785 5750 ,
3821 5695 3945 5754 quae

2365 5756 2489 5818 item
2531 5760 2614 5815 illc
2653 5758 2950 5829 transtulit,
2981 5759 3074 5814 sed
3103 5756 3460 5819 συνοπτικῶς.
