4100 6286
205 316 269 373 93
1208 306 1716 365 COMMENTARIA
1757 305 1825 361 IN
1865 304 2120 361 lSAlAﬂ.
2164 336 2230 346 -—
2269 302 2423 358 CAP.
2466 303 2505 357 l.
3416 300 3488 356 96

215 429 424 502 Ἰσραήλ
444 429 726 498 ἀμπελὼν,
764 429 941 498 σκηνὴ
964 428 1063 499 τῆς
1084 427 1329 497 ἀμπέλου
1354 443 1559 494 ταύτης
1590 427 1619 479 6
1643 419 1791 488 οἶκος

1907 423 2050 490 Quod
2076 423 2120 477 si
2152 422 2313 478 Israel
2338 424 2491 475 vinea
2532 419 2715 484 fuerit,
2750 418 3161 473 tabernaculum
3204 431 3336 474 sane
3366 420 3487 489 cjus

206 524 338 591 τάχα
377 522 407 574 δ
436 522 531 576 τοῦ
572 520 701 574 ναοῦ
729 537 744 550 °
777 522 1047 591 σκήνωμα
1079 518 1188 588 γὰρ
1226 517 1382 587 δόξης
1418 516 1657 585 ἐλέγετο,
1677 518 1792 580 καὶ,

215 631 227 657 ι
258 614 547 683 σκήνωμα,
590 606 651 665 οῦ
691 611 1111 681 κατεσκήνωσεν
1147 610 1204 662 ὲν
1224 608 1554 679 ἀνθρώποις.
1600 627 1618 659 ι
1650 609 1797 670 Ἕως

206 703 306 756 ὼ
336 699 435 757 οὖν
479 704 568 756 ὅτε
614 702 790 755 armis:
825 702 1035 774 καρπὸν
1069 701 1256 764 πολὺν,
1297 702 1391 753 καὶ
1427 702 1460 770 ή
1508 700 1684 771 σκηνὴ
1712 700 1799 753 διὰ

206 804 300 863 την
339 792 450 845 τῶν
499 792 728 863 καρπῶν
771 792 1018 862 φυλακὴν
1064 790 1441 859 συνειστήκει·
1490 789 1614 841 ἐπεὶ
1665 788 1723 841 δὲ
1771 790 1799 840 6

206 887 482 955 φυτεύσας
498 885 671 956 αὐτήν
698 885 882 956 ἔμεινε
901 882 995 936 τοῦ
1021 882 1245 951 ποιῆσαι
1262 881 1558 951 σταφυλήν,
1575 880 1797 951 ἐποίησε

204 977 259 1031 ιι
290 978 562 1040 ἀκάνθας,
578 972 663 1039 αἷς
684 975 773 1028 τὸν
790 973 992 1042 Κύριον
1015 971 1418 1041 ἐστεφάνωσαν,
1444 971 1538 1023 καὶ
1553 970 1795 1040 ἐστράφη

204 1070 354 1124 πᾶσα
384 1070 470 1132 εἰς
498 1069 761 1139 πικρίαν⁹
801 1067 1023 1137 ἐποίησε
1055 1064 1162 1136 γὰρ
1204 1063 1478 1134 σταφυλὴν
1511 1063 1673 1134 χολῆς
1706 1064 1800 1116 καὶ

207 1160 401 1231 βότρυν
449 1160 710 1231 πικρίας·
744 1159 823 1211 διὸ
860 1158 954 1213 καὶ
999 1159 1081 1222 είς
1122 1156 1184 1209 τὸ
1230 1156 1426 1228 βρῶμα
1470 1155 1679 1208 ἔδωκαν
1722 1154 1801 1226 τῷ

205 1252 400 1322 Κυρίῳ
449 1252 613 1322 χολήν
636 1268 649 1281 ο
692 1252 780 1304 διὰ
807 1250 966 1303 τοῦτο
1012 1248 1411 1319 ἐγκατελείφθη
1435 1252 1468 1315 ή
1500 1249 1674 1319 σκηνή
1707 1246 1799 1299 τοῦ

203 1342 552 1412 ἀμπελῶνος.
583 1363 605 1391 ι
647 1341 775 1394 Ἰδοὺ
810 1340 940 1412 γὰρ,
972 1342 1163 1411 φησὶν,
1196 1342 1419 1410 ἀφίεται
1449 1340 1575 1409 ὑμῖν
1602 1340 1630 1391 6
1656 1335 1801 1403 οἶκος

206 1432 361 1502 ὑμῶν
412 1431 650 1503 ἔρημος·
698 1451 717 1484 ι
762 1433 888 1484 τότε
934 1431 1227 1503 ἐπληρώθη
1281 1434 1314 1503 ή
1365 1431 1566 1501 ἀπειλὴ
1617 1429 1796 1500 αὕτη·

212 1542 230 1574 ι
260 1523 695 1593 Ἐγκατελείφθη
736 1510 963 1594 γὰρ’ὠς
995 1525 1166 1596 σκηνὴ
1201 1526 1262 1578 ὲν
1302 1523 1611 1595 ἀμπελῶνι.
1650 1542 1668 1574 ι
1713 1522 1802 1589 Ἐξ

207 1614 421 1673 halm
454 1616 641 1668 λοιπὸν
674 1617 771 1668 καὶ
808 1619 929 1680 ταῖς
960 1616 1213 1684 νεφέλαις
1256 1615 1561 1669 ἐνετείλατο
1593 1613 1688 1667 τοῦ
1727 1614 1801 1686 μὴ

208 1706 396 1777 βρέξαι
426 1710 523 1760 ἐπὶ
562 1709 655 1761 τὸν
686 1707 1007 1778 ἀμπελῶνα.
1042 1708 1141 1761 Διά
1181 1708 1339 1761 τοῦτο
1367 1708 1552 1761 οὐκέτι
1584 1707 1803 1779 προφῆ-

1901 518 2096 572 domus
2132 514 2313 584 templi
2342 515 2446 569 erit
2476 532 2487 567 :
2516 528 2639 567 nam
2674 511 3091 567 tabernaculum
3124 512 3321 581 gloriae
3351 512 3487 566 dici-

1903 619 2008 673 tur,
2056 616 2132 671 et,
2191 606 2685 669 «tabernaculum,
2739 603 2827 657 ubi
2876 602 3142 657 habitavit
3196 602 3251 672 in
3308 603 3486 657 homi-

1901 702 2059 755 nibus
2094 699 2137 754 ⁸.
2169 717 2188 752 ι
2250 699 2436 753 Donec
2473 699 2657 766 itaque
2703 697 2932 751 multum
2968 695 3204 749 fructum
3237 695 3486 762 protulit,

1903 787 2317 843 tabernaculum
2373 787 2439 841 ad
2496 789 2772 841 fructuum
2825 787 3132 841 custodiam
3189 786 3485 840 substitit:

1901 882 2029 951 quia
2072 897 2202 936 vero
2239 882 2331 951 qui
2374 882 2641 951 plantavit
2682 896 2838 945 eam,
2888 881 3224 949 exspectavit
3252 890 3309 934 ut
3342 881 3486 935 face-

1902 981 1980 1026 ret
2032 988 2219 1038 uvam,
2273 972 2407 1028 fecit
2448 982 2627 1027 autem
2682 972 2889 1044 spinas,
2955 971 3151 1039 quibus
3203 972 3485 1026 Dominum

1900 1074 2255 1130 coronarunt,
2320 1074 2429 1120 tota
2466 1080 2734 1119 conversa
2776 1073 2862 1120 est
2914 1066 2966 1119 in
3025 1064 3487 1119 amaritudinem:

1903 1155 2031 1211 fecit
2077 1157 2221 1212 enim
2275 1172 2433 1210 uvam
2484 1155 2628 1212 fellis
2675 1168 2730 1212 et
2789 1157 3003 1210 botrutn
3058 1155 3487 1211 amaritudinis:

1904 1246 2131 1315 ideoque
2162 1246 2215 1300 in
2250 1254 2437 1317 potum
2484 1247 2712 1301 Domino
2763 1246 2834 1301 fel
2880 1246 3193 1314 dederunt;
3237 1263 3303 1304 ua
3358 1262 3489 1303 sane

1901 1340 1969 1395 de
1997 1354 2161 1395 causa
2190 1339 2605 1395 tabernaculum
2638 1340 2812 1394 vinea:
2852 1338 3169 1395 derelictum
3199 1351 3281 1396 est
3316 1360 3330 1396 :
3364 1357 3485 1396 nam

1908 1445 2124 1493 «ecce,
2189 1431 2407 1499 inquit,
2471 1428 2815 1500 relinquetur
2868 1431 3024 1486 vobis
3071 1432 3263 1487 domus
3309 1444 3489 1491 vestra

1903 1520 2119 1577 deserta
2178 1521 2218 1573 '.
2246 1540 2265 1572 ι
2312 1520 2463 1577 Tunc
2506 1534 2634 1576 vere
2669 1520 2889 1590 impleta
2934 1532 3019 1577 est
3062 1523 3151 1578 illa
3188 1526 3491 1580 commina-

1906 1613 2004 1674 tio,
2062 1612 2264 1665 etenim
2304 1628 2323 1661 ι
2353 1610 2617 1666 derelicta
2666 1619 2752 1666 est
2787 1612 2929 1667 sicut
2979 1615 3393 1669 tabernaculum
3433 1618 3487 1672 in

1903 1710 2104 1762 vinea:
2142 1727 2161 1760 ι
2190 1706 2392 1763 exinde
2442 1706 2855 1764 vero‘nubibua
2902 1709 3181 1765 mandavit
3228 1726 3298 1767 ne
3339 1712 3491 1780 plue-

207 1814 293 1851 ται
320 1800 453 1869 παρ’
481 1800 688 1862 αὐτοῖς,
720 1798 907 1852 οὐκέτι
941 1799 1167 1871 οὐρανία
1199 1799 1392 1872 χάρις·
1426 1798 1563 1852 ἀλλά
1581 1800 1803 1867 γέγονεν

1908 1810 2030 1855 rent
2083 1815 2248 1869 super
2298 1799 2533 1854 vineam.
2590 1797 2801 1854 idcirco
2862 1815 2969 1856 non
3022 1801 3164 1855 ultra
3208 1804 3491 1873 propheta:

204 1892 285 1954 εἰς
310 1892 512 1961 χέρσον
542 1895 633 1944 καὶ
657 1892 1055 1961 καταπάτημα,
1083 1891 1138 1963 οἴ
1160 1908 1221 1944 τε
1274 1892 1519 1963 φραγμολ⁵
1544 1890 1641 1943 τοῦ
1671 1889 1799 1944 ναοῦ

206 1959 418 2037 ἑκείνου
469 1982 893 2056 καθῃρέθησαν,
942 1959 1440 2053 δύπέρασπισμὺς-
1476 1981 1584 2034 τῶν
1632 1981 1802 2050 ἀγίων

202 2074 510 2144 δυνάμεων,
557 2075 666 2147 κᾷν
713 2087 762 2129 τι
803 2074 1146 2146 ἐργάσωνται
1189 2073 1332 2129 κατά
1363 2074 1457 2128 τὸν
1488 2074 1673 2145 νόμον,
1721 2073 1801 2137 είς

207 2166 487 2228 ἀπώλειάν
523 2169 662 2221 ἐστι.
701 2186 722 2219 ι
755 2168 868 2223 Καὶ
905 2168 981 2232 ὡς
1008 2166 1481 2239 ὀπωροφυλάκιον,
1521 2165 1709 2239 φησιν,
1744 2166 1801 2219 ιν

206 2254 545 2326 σικυηλάτῳ.
591 2274 610 2307 ι
646 2255 912 2328 Σημαίνιι
944 2256 1126 2310 τοίνυν
1160 2256 1250 2311 διὰ
1279 2255 1474 2311 τούτου
1513 2255 1612 2328 τήν
1667 2272 1804 2311 παν-

211 2344 339 2417 τελῆ
363 2346 547 2401 αὐτῶν
575 2345 887 2419 ἀκαρπίαν·
916 2347 1022 2412 ἕως
1055 2348 1154 2419 μὶν
1182 2346 1293 2420 γὰρ
1327 2346 1556 2420 καρπῶν
1580 2345 1803 2413 ἀγαθῶν

208 2440 593 2511 πεπλήρωται,
647 2440 741 2495 τὸν
772 2440 1116 2513 φρουροῦντα
1159 2442 1257 2496 καὶ
1302 2440 1646 2512 φυλάσσοντα
1676 2440 1803 2495 ἐκί-

208 2532 704 2605 κτξ-ῖωὲεαιηνὴν
723 2532 1057 2605 πηξάμενος,
1074 2532 1281 2599 ἀνωθεν
1295 2534 1390 2603 ἀφ’
1404 2532 1609 2605 ὑψηλοῦ
1624 2534 1805 2604 ἀφορᾷ

210 2626 303 2690 καὶ
335 2628 691 2697 περισκοπεῖ,
726 2624 821 2679 καὶ
860 2624 1119 2693 φυλάττει
1142 2625 1235 2678 τὸν
1273 2625 1591 2698 ἀμπελῶνα.
1615 2626 1743 2680 Είδ’
1773 2628 1803 2681 6

206 2716 399 2771 τούτου
431 2716 651 2789 καρπδς
677 2714 977 2788 ἀφαιρεθῆ,
1009 2715 1316 2787 τηνικαῦτα
1338 2718 1365 2770 6
1394 2716 1590 2789 φύλαξ,
1619 2718 1695 2781 ὡς
1727 2718 1802 2790 μή

209 2810 289 2874 εις
324 2809 560 2879 μάταιον
590 2808 810 2880 κάμνῃ,
859 2808 958 2879 τήν
994 2810 1199 2883 σκηνὴν
1245 2807 1450 2881 ἔρημον
1491 2809 1801 2886 ἀπολιπὼν,

206 2904 490 2977 Mlti?“
514 2903 615 2975 τῆς
636 2901 901 2973 φυλακῆς.

1904 1905 2071 1961 penes
2098 1890 2215 1945 illos
2240 1898 2385 1955 sunt,
2420 1906 2524 1945 non
2566 1892 2812 1947 caelestis
2847 1893 3055 1963 gratia;
3085 1896 3181 1950 sed
3222 1911 3489 1951 conversa

1901 1991 1987 2037 est
2018 1983 2073 2036 in
2119 1982 2326 2036 aridam
2358 1991 2413 2036 et
2454 1982 2509 2036 in
2543 1983 3020 2039 conculcationem
3044 2024 3060 2051 ,
3102 2000 3259 2055 sepes
3308 1989 3490 2058 templi

1902 2073 2048 2129 illius
2075 2074 2375 2129 destructa
2401 2083 2553 2142 sunt,
2599 2088 2819 2130 necnon
2866 2085 3183 2131 sanctarum
3222 2078 3492 2134 virtutum

1903 2166 2375 2240 propugnaculum
2420 2186 2435 2223 :
2475 2181 2541 2224 ac
2592 2168 2813 2224 etiamsi
2858 2169 3136 2240 quidpiam
3192 2173 3491 2227 secundum

1904 2259 2080 2330 legem
2112 2267 2302 2331 agant,
2327 2259 2382 2316 id
2414 2258 2521 2315 illis
2548 2259 2602 2317 in
2631 2260 2931 2331 perniciem
2977 2262 3165 2318 vertit.
3199 2280 3220 2316 ι
3249 2263 3318 2319 Et
3350 2263 3496 2319 sicut

1905 2350 2205 2421 tugurium,
2231 2351 2331 2419 ait,
2368 2350 2424 2407 in
2452 2352 2859 2408 cucumerario.
2887 2371 2907 2406 ι
2956 2351 3049 2411 ﬂia
3100 2355 3285 2426 itaque
3316 2356 3493 2428 signi-

1903 2442 2032 2498 ﬂeat
2068 2443 2441 2500 omnimodam
2471 2445 2614 2515 apud
2654 2445 2778 2501 illos
2812 2444 3095 2502 fructuum
3122 2450 3494 2509 vacuitatem:

1904 2536 2077 2591 donec
2104 2535 2252 2590 enim
2300 2534 2465 2591 bonis
2512 2534 2782 2592 fructibus
2807 2537 3162 2607 implebatur,
3208 2542 3494 2597 custodem

1892 2625 1973 2684 .ad
2000 2624 2312 2695 pmsidium
2337 2625 2622 2681 obtinebat
2651 2641 2801 2694 eum,
2844 2629 2937 2697 qui
2984 2638 3195 2685 structo
3246 2632 3496 2687 taberna-

1904 2716 2055 2782 culo,
2088 2732 2121 2772 e
2148 2715 2369 2773 sublimi
2406 2719 2661 2773 observat
2689 2728 2747 2774 et
2790 2720 3016 2790 respicit
3044 2722 3286 2777 vineam.
3339 2722 3495 2791 Quod

1904 2808 1949 2863 si
1976 2807 2188 2863 fructus
2219 2807 2344 2878 ejus
2376 2808 2677 2876 auferatur,
2714 2818 2843 2866 tunc
2871 2821 3078 2877 custos,
3103 2827 3173 2868 ne
3201 2812 3257 2867 in
3290 2829 3493 2869 vanum

1904 2898 2136 2965 laboret,
2170 2899 2585 2957 tabernaculum
2620 2900 2904 2960 desertum
2933 2902 3271 2975 relinquens,
3307 2908 3497 2964 absce-

1904 2992 1984 3050 dit
2012 3008 2043 3049 a
2068 2992 2338 3050 custodia.

300 3172 469 3236 «Καὶ
516 3172 568 3226 ει
624 3172 698 3245 μὴ
747 3170 952 3245 Κύριος
1006 3170 1234 3226 Σαϐαὼθ
1288 3171 1643 3242 ἐγκατέλιπεν
1671 3174 1803 3245 ἡμῖν

1981 3165 2146 3224 Vens.
2188 3166 2243 3236 9,
2290 3167 2378 3225 l0.
2444 3188 2463 3222 ι
2496 3169 2566 3226 Et
2603 3170 2713 3226 nisi
2750 3169 3016 3228 Dominus
3064 3169 3314 3229 Sabaoth
3367 3172 3496 3229 reli-

214 3262 464 3335 σπέρμα.
492 3264 570 3326 ὡς
598 3264 806 3335 Σόδομα
834 3264 902 3317 ἂν
928 3264 1289 3337 ἐγενήθημεν,
1316 3265 1413 3319 καὶ
1442 3265 1518 3330 ὡς
1550 3266 1805 3340 Γόμορρα

214 3356 280 3409 ἀν
304 3354 700 3427 ὡμοιώθημεν.
739 3355 1031 3410 ’Δκούσατε
1062 3357 1222 3426 λόγον
1266 3357 1473 3431 Κυρίου
1495 3398 1510 3423 ,
1545 3357 1807 3429 ἄρχοντες

214 3450 499 3521 Σοδόμων·
549 3453 846 3523 προσέχετε
876 3450 1038 3521 νόμον
1080 3448 1238 3519 Θεοῦ,
1272 3448 1399 3514 λαὸς
1431 3449 1734 3521 Γομόρρας.
1781 3468 1801 3503 ι

228 3543 560 3615 Ἐπειδήπερ
584 3544 678 3596 ἐπὶ
700 3546 767 3615 τῇ
803 3543 915 3596 τῶν
948 3543 1201 3615 πατέριον
1248 3543 1419 3615 ἀρετῇ
1471 3543 1807 3615 σεμνυνόμε-

214 3651 322 3698 νοι,
370 3636 519 3706 μέγα
563 3634 844 3706 ἐφρόνουν,
875 3633 951 3698 ὡς
973 3633 1068 3687 τοῦ
1111 3633 1363 3706 Ἀϐραὰμ
1404 3633 1557 3697 δντες
1582 3634 1809 3706 σπέρμα

216 3727 308 3784 καὶ
349 3725 449 3780 τοῦ
500 3726 715 3799 Ἰσραὴλ
748 3727 1004 3795 ἀπόγονοι
1022 3743 1037 3758 υ
1084 3728 1310 3791 είκότως
1354 3726 1415 3779 τὸ
1462 3725 1808 3797 μεγάλαυχον

215 3820 397 3873 αὐτῶν
422 3822 454 3873 6
486 3820 643 3887 λόγος
675 3821 940 3886 ταπεινοῖ,
968 3820 1063 3873 καῖ
1086 3820 1148 3872 τὸ
1174 3820 1401 3891 μάταιον
1430 3819 1600 3893 οίημα
1623 3820 1810 3875 καθαι-

218 3916 301 3987 ρεῖ
322 3930 338 3945 ·
370 3914 503 3975 τοὺς
534 3912 634 3983 μὲν
668 3910 936 3982 ἄρχοντας
968 3910 1059 3965 τοῦ
1090 3911 1375 3984 διαϐοήτου
1420 3912 1664 3985 Ἰσραὴλ,
1708 3913 1807 3966 Σο-

212 4004 396 4073 δόμων
418 4004 687 4074 ἄρχοντας
706 4003 1011 4074 ὀνομάζων,
1034 4002 1197 4058 αὑτὸν
1219 4003 1276 4055 δὲ
1293 4004 1385 4057 τὸν
1400 4003 1810 4076 χρηματίζοντα

216 4092 347 4146 λαὸν
375 4092 474 4147 τοῦ
505 4092 665 4159 Θεοῦ,
694 4092 821 4146 λαὸν
853 4093 1137 4168 Ιῖομόρῥας
1164 4094 1473 4160 ἀποκαλῶν,
1499 4096 1573 4159 ὡς
1592 4096 1680 4150 διὰ
1699 4096 1809 4149 τῶν

218 4185 353 4239 ἰσων
388 4185 846 4256 ἐπιτηδευμάτων
885 4188 1000 4250 τοῖς
1038 4186 1208 4242 πάλαι
1248 4187 1584 4260 ἀσεϐήσασιν
1612 4190 1810 4259 ὁμοιω-

218 4273 411 4329 θέντα·
456 4274 706 4346 Σοδόμων
752 4275 980 4347 ἄρχουσι
1026 4276 1122 4331 καὶ
1164 4278 1451 4351 Γόμόῤῥας
1483 4278 1599 4349 λαῷ
1627 4297 1809 4351 παρα-

217 4365 403 4420 ϐάλλει
422 4367 647 4433 αὐτοὺς,
668 4365 758 4421 διὰ
776 4368 876 4439 τὴν
894 4367 1193 4439 μέλλουσαν
1213 4371 1397 4435 αὐτοῖς
1421 4370 1808 4425 ἐπελεύσεσθαι

1908 3260 2117 3330 quisset
2149 3258 2315 3318 nobis
2359 3274 2547 3316 semen
2573 3302 2589 3327 ,
2624 3262 2783 3332 quasi
2826 3260 3064 3318 Sodoma
3098 3263 3413 3331 fuissemus,
3439 3276 3497 3323 et

1908 3352 2228 3409 Gomorrhaa
2256 3351 2464 3409 similes
2488 3366 2753 3409 essemus.
2782 3354 2985 3409 Audite
3008 3356 3230 3409 verbum
3252 3356 3495 3424 Domini,

1908 3444 2182 3517 principes
2209 3441 2601 3509 Sodomorum,
2635 3445 2899 3499 attendite
2934 3445 3038 3514 legi
3086 3445 3203 3509 Dei,
3250 3448 3485 3517 populus

1908 3534 2246 3592 Gomorrhaa.
2275 3553 2295 3585 ι
2357 3534 2492 3602 Quia
2527 3535 2597 3590 de
2644 3543 2860 3605 patrum
2914 3536 3118 3607 virtute
3173 3538 3495 3608 gloriantes,

1913 3641 2172 3698 magnum
2221 3624 2527 3697 sapicbant,
2576 3633 2764 3696 utpote
2797 3628 2888 3698 qui
2927 3628 3163 3683 Abrahae
3209 3643 3394 3683 semen
3439 3638 3496 3684 et

1911 3718 2133 3775 Israelis
2176 3727 2405 3788 nepotes
2454 3727 2641 3774 essent
2668 3760 2684 3785 ,
2722 3719 2938 3775 illorum
2976 3722 3342 3791 arrogantiam
3372 3722 3497 3791 jure

1913 3811 2188 3880 deprimit,
2243 3825 2551 3879 vanamque
2595 3825 2787 3865 eorum
2844 3812 3157 3879 opinionem
3208 3815 3274 3867 de
3318 3815 3499 3868 medio

1913 3904 2074 3970 tollit,
2109 3903 2235 3958 dum
2262 3902 2511 3974 praeclari
2539 3902 2690 3958 illius
2725 3903 2945 3959 lsraelis
2990 3906 3279 3976 principes,
3325 3905 3501 3963 Sodou

1911 4008 2124 4049 morum
2166 3996 2445 4065 principes
2474 4002 2777 4061 nuncupat,
2819 4003 2874 4049 et
2904 3995 3162 4065 populum
3192 3995 3340 4049 illum
3380 3996 3497 4065 Dei,

1910 4087 2172 4160 populum
2220 4083 2540 4141 Gomorrhae
2596 4095 2799 4153 vocat;
2854 4096 3044 4157 utpote
3098 4086 3188 4156 qui
3230 4089 3300 4143 ob
3346 4090 3499 4157 paria

1912 4179 2095 4235 studia
2129 4178 2237 4233 illis
2267 4178 2395 4233 olim
2428 4177 2611 4247 impiis
2655 4178 2853 4233 similis
2883 4178 3125 4233 evaserit
3157 4197 3171 4234 :
3208 4181 3326 4235 sive
3377 4179 3501 4235 illos

1909 4272 2263 4342 principibus
2311 4271 2677 4327 Sodomorum
2725 4280 2780 4325 et
2819 4269 3143 4327 Gomorrhac
3193 4284 3499 4343 comparat,

1911 4366 1979 4420 ob
2005 4374 2291 4419 venturum
2326 4361 2433 4417 illis
2464 4362 2776 4429 excidium;
2823 4370 2885 4416 ut
2919 4362 3115 4418 accidit
3148 4364 3362 4433 populis
3393 4361 3499 4419 So-
3555 4402 3562 4412 -

221 4462 613 4531 καταστροφήν
632 4478 645 4491 ·
681 4460 757 4527 ὡς
786 4465 901 4527 τοῖς
921 4463 996 4516 τάο
1012 4462 1221 4535 Σόδομα
1244 4464 1340 4517 καὶ
1368 4463 1623 4537 Γόμορρα
1654 4466 1803 4537 οίκήε

1915 4457 2076 4511 doma
2123 4464 2179 4510 et
2236 4453 2604 4509 Gomorrham
2648 4452 3059 4518 incolentibus,
3102 4455 3197 4525 qui
3248 4456 3494 4510 omnium

224 4567 381 4605 σασιν
437 4552 666 4623 ἀνδράσι
694 4554 912 4608 πάντων
946 4553 1247 4626 ἀνθρώπων
1282 4555 1667 4621 ἀσεϐεστάτοις
1713 4574 1809 4628 γε-

223 4642 408 4697 νέσθαι
436 4662 544 4715 μνη
553 4646 953 4715 μονευομένοις.

296 4754 315 4786 ι
348 4736 413 4789 Τί
450 4753 543 4806 μοι
580 4736 780 4807 πλῆθος
799 4738 906 4792 τῶν
929 4738 1129 4793 θυσιῶν
1172 4739 1347 4812 ὑμῶν,
1381 4738 1529 4810 λέγει
1558 4740 1803 4811 Κύριος;

228 4823 450 4897 Πλήρ-ης
509 4828 628 4898 εἰμὶ
691 4828 1154 4902 ὁλοκαυτωμάτων
1211 4832 1381 4903 κριῶν
1416 4850 1429 4863 ’
1486 4834 1583 4886 καὶ
1639 4832 1806 4905 στέαρ

226 4917 423 4989 ἀρνῶν,
460 4923 557 4973 καὶ
600 4916 738 4992 αἷμα
782 4922 998 4993 ταύρων
1043 4924 1137 4977 καὶ
1177 4925 1397 4994 τράγων
1425 4927 1488 4979 οὐ
1524 4925 1807 4996 βούλομαι,

226 5009 331 5062 οὐδ’
360 5010 425 5063 ἀν
482 5010 718 5083 ἐρχησθε
771 5014 1009 5086 ὀφθῆναί
1045 5032 1154 5086 μοι.
1215 5016 1313 5080 Τίς
1351 5017 1460 5089 γὰρ
1515 5016 1809 5089 ὲξεζήτησε

228 5101 393 5163 ταῦτα
416 5103 607 5155 ἐκτῶν
632 5104 829 5176 χειρῶν
846 5107 1030 5177 ὑμῶν;
1062 5126 1081 5160 ι
1112 5108 1257 5180 Πρὸς
1287 5103 1379 5162 οὖν
1400 5108 1526 5173 τοὺς
1552 5108 1622 5162 τά
1642 5109 1811 5163 δεινό-

230 5211 359 5248 τατα
388 5194 530 5249 κατά
567 5194 660 5250 τοῦ
700 5196 908 5269 Κυρίου
940 5198 1335 5271 τολμήσαντας,
1380 5200 1590 5264 θυσίαις
1627 5200 1686 5254 δὲ
1719 5202 1813 5253 καὶ

235 5285 494 5353 σπονδαῖς,
518 5287 611 5339 καὶ
631 5289 757 5350 ταῖς
785 5285 976 5350 ἄλλαις
1000 5287 1139 5341 κατά
1156 5289 1248 5341 τὸν
1275 5289 1438 5359 νόμον
1468 5294 1810 5361 σωματικαῖς

235 5371 494 5445 λατρείαις
545 5374 871 5431 ἱλάσκεσθαι
906 5376 997 5429 τὸν
1035 5377 1167 5430 Θεὸν
1207 5378 1547 5449 νομίζοντας,
1583 5383 1612 5434 6
1652 5380 1809 5450 λόγος

235 5466 548 5528 ἀποτείνεται
604 5472 873 5543 φάσκων,
918 5488 936 5521 ι
985 5470 1051 5524 Τί
1106 5490 1200 5545 μοι
1225 5473 1429 5545 πλῆθος
1463 5474 1571 5528 τῶν
1606 5474 1806 5530 θυσιῶν

235 5560 369 5635 ὑμῶν,
399 5566 545 5639 λέγει
570 5565 836 5638 Κύριος;
870 5580 891 5614 ι
927 5564 1022 5616 καὶ
1046 5564 1115 5619 τὰ
1140 5564 1286 5636 ἑξῆς.

243 5778 419 5840 ορεει,
450 5788 697 5838 uxvn.
738 5765 843 5823 60.
923 5765 945 5798 '
988 5764 1177 5825 Matth.
1207 5782 1365 5836 mn,
1397 5768 1490 5825 58.

1916 4552 2198 4607 hominum
2228 4549 2538 4621 impiissimi
2566 4548 2696 4604 olim
2726 4548 2897 4605 fuisse
2939 4558 3338 4607 memorantur.

1991 4736 2133 4791 Vsns
2172 4737 2235 4791 11
2263 4776 2279 4802 ,
2321 4735 2409 4791 12.
2456 4753 2475 4787 ι
2505 4734 2643 4800 Quid
2692 4734 2825 4789 mihi
2866 4733 3153 4791 multitudo
3192 4734 3497 4792 sacriﬁcio-

1915 4846 2034 4886 rum
2060 4838 2388 4895 vestrorum,
2436 4829 2569 4884 dicit
2598 4827 2904 4883 Dominus?
2952 4829 3154 4886 Plenus
3195 4845 3312 4885 sum
3348 4829 3505 4885 holo-

1911 4923 2115 4978 caustis
2138 4924 2372 4977 arietum
2400 4939 2413 4975 :
2442 4932 2499 4979 et
2533 4924 2747 4995 adipem
2773 4940 3058 4995 agnorum,
3086 4932 3141 4978 et
3172 4924 3493 4993 sanguinem

1915 5025 2195 5073 taurorum
2240 5026 2295 5071 et
2327 5018 2614 5073 hircorum
2647 5017 2793 5084 nolo,
2833 5032 2937 5072 nec
2997 5016 3227 5071 veniatis
3270 5018 3321 5070 in
3366 5031 3502 5071 con-

1914 5120 2161 5178 spectum
2212 5124 2414 5163 meum.
2450 5109 2585 5176 Quis
2619 5112 2762 5167 enim
2801 5112 3087 5180 requisivit
3135 5109 3249 5164 haec
3294 5110 3359 5164 de
3390 5124 3505 5161 ma-

1924 5198 2085 5253 nibus
2132 5198 2374 5253 vestris?
2416 5218 2434 5251 ι
2465 5198 2776 5269 Eositaque
2830 5182 3021 5254 sermo
3079 5200 3342 5269 respicit,
3412 5200 3502 5266 qui

1917 5290 2121 5344 atrocia
2166 5298 2357 5344 contra
2391 5290 2677 5345 Dominum
2702 5291 2926 5361 aggredi
2980 5292 3124 5355 ausi,
3170 5288 3505 5355 sacriﬁciis,

1915 5380 2272 5437 libaminibus
2344 5381 2577 5451 aliisque
2630 5384 2932 5438 secundum
2999 5383 3169 5452 legem
3228 5385 3505 5450 corporeis

1912 5472 2238 5527 ministeriis
2271 5472 2439 5528 Deum
2467 5489 2526 5528 se
2560 5474 2780 5544 placare
2811 5490 2970 5544 posse
2999 5484 3190 5544 putant
3222 5490 3237 5527 :
3268 5474 3460 5543 aitque
3486 5491 3501 5527 ;

1919 5563 2105 5629 «Quid
2173 5564 2305 5619 mihi
2362 5565 2653 5622 multitudo
2705 5567 3102 5625 sacriﬁciorum
3158 5576 3505 5629 vestrorum,

1913 5654 2046 5710 dicit
2077 5656 2375 5713 Dominus?
2404 5677 2423 5710 ι
2460 5667 2513 5713 et
2540 5668 2760 5715 czctera.
