4100 6286
599 361 670 419 95
1282 339 1549 402 EUSEBII
1585 329 2058 396 CESARIENSIS
2089 326 2244 387 OPP.
2284 316 2466 385 PARS
2493 320 2591 382 ιιι.
2641 353 2688 363 -
2737 315 3148 378 EXEGETICA.
3784 311 3862 372 ω

677 476 838 534 Vsus.
885 472 1069 529 l'5-l5.
1114 489 1133 523 ι
1160 467 1388 525 Calcare
1436 463 1636 520 atrium
1675 473 1853 515 meum
1889 471 2000 512 non
2038 451 2178 524 adji-

2354 468 2374 502 ι
2409 448 2610 503 Πατεῖν
2662 444 2751 516 τὴν
2799 443 2973 514 αὐλήν
3021 456 3124 512 μου
3161 438 3225 492 οὒ
3268 433 3660 510 προσθήσεσθε.
3726 434 3861 488 Ἐἀν

603 567 782 625 cistis.
820 562 877 619 Si
917 559 1147 617 tuleritis
1181 555 1437 622 similam,
1463 565 1665 608 vanum
1695 549 2016 621 thymiama,
2045 545 2176 600 abo-

605 657 832 715 minatio
855 655 990 710 mibi
1014 661 1116 709 est.
1162 646 1490 705 Neomcnias
1539 653 1762 708 vestras,
1811 649 1868 696 et
1912 638 2178 704 Sabbata,

603 760 660 808 et
688 751 829 806 diem
865 757 1115 817 magnam
1153 756 1261 797 non
1287 739 1406 795 fero
1443 755 1460 795 :
1487 735 1755 810 jejunium
1807 741 1861 787 et
1910 728 2176 786 cessatio-

604 821 816 898 nem'et
846 836 1162 899 neomenias
1192 841 1411 889 vestras
1444 841 1500 886 et
1551 825 1922 886 solemnitates
1964 832 2179 878 vestras

603 935 718 991 odit
757 933 937 987 anima
971 941 1112 983 mea.
1150 925 1309 981 Facti
1348 924 1485 980 estis
1534 920 1666 978 mihi
1715 921 1770 972 in
1819 916 2178 973 satietatem:

606 1042 712 1083 non
744 1024 884 1080 ultra
921 1019 1167 1077 tolerabo
1191 1025 1416 1090 peccata
1445 1023 1650 1071 vestra.
1681 1009 1749 1066 Et
1772 1025 1900 1067 cum
1917 1007 2181 1064 extende-

605 1120 729 1175 ritis
757 1129 947 1171 manus
986 1121 1199 1169 vestras
1241 1110 1308 1166 ad
1348 1122 1457 1176 me,
1498 1093 1744 1162 avertam
1804 1102 1991 1159 oculos
2031 1113 2180 1156 meos

605 1225 636 1265 a
663 1207 818 1264 vobis
854 1225 868 1260 :
897 1214 953 1260 et
985 1204 1029 1258 si
1053 1195 1544 1273 multiplicaveritis
1570 1195 2049 1266 supplicationem,
2072 1204 2176 1245 non

605 1299 892 1357 exaudiam
928 1312 1050 1353 vos:
1077 1311 1202 1351 nam
1226 1306 1418 1349 manus
1435 1299 1631 1346 vestra:
1653 1288 1918 1359 sanguine
1951 1284 2175 1356 plenae.)

605 1392 862 1462 Sedquia
893 1405 998 1445 non
1030 1393 1402 1460 cognoverunt
1430 1377 1747 1448 Dominum,
1795 1390 1851 1437 et
1893 1378 2022 1450 quia
2074 1387 2181 1432 non

605 1484 994 1539 intellexerunt
1056 1495 1202 1546 eum,
1254 1477 1383 1548 quia
1439 1474 1851 1544 dereliquerunt
1908 1484 2068 1534 eum,
2129 1475 2183 1524 et

608 1575 963 1631 irritaverant
1006 1580 1254 1626 sanctum
1302 1569 1470 1624 lsraet
1501 1586 1515 1622 :
1550 1574 1607 1621 et
1663 1566 1730 1620 ad
1783 1565 1899 1619 haec
1964 1560 2178 1626 omnia,
2231 1593 2256 1599 —

608 1667 739 1737 quia
776 1680 966 1720 manus
990 1677 1180 1718 eorum
1217 1660 1481 1731 sanguine
1507 1657 1680 1728 plena:
1713 1656 1955 1720 fuerunt,
1980 1653 2048 1708 ob
2076 1666 2184 1708 ca:-

608 1758 729 1814 dem
761 1755 984 1822 Christi,
1008 1769 1169 1825 quam
1195 1762 1315 1824 post
1345 1757 1638 1806 sexcentos
1669 1746 2021 1815 interemptos
2056 1749 2182 1814 pro-

2281 543 2484 615 φέρητε
2514 538 2824 610 σεμίδαλιν,
2873 535 3097 607 μάταιον
3130 530 3399 604 θυμίαμα,
3437 527 3714 601 paeanis
3767 523 3863 597 μοί

2278 651 2415 688 εστι.
2458 633 2569 696 Τάς
2615 628 2912 701 νουμηνίας
2953 625 3142 698 ὑμῶν,
3199 624 3294 677 καὶ
3329 622 3398 677 τά
3438 619 3711 682 Σάϐϐατα,
3760 616 3863 672 καὶ

2278 727 2494 800 ἡμέραν
2526 722 2768 797 μεγάλην
2797 723 2897 775 οὐκ
2930 719 3214 790 ἀνέχομαι,
3245 713 3498 787 νηστείαν
3529 712 3624 767 καὶ
3658 709 3863 783 ἀργίαν

2277 820 2373 874 καὶ
2402 817 2502 882 τάς
2531 812 2828 887 νουμηνίας
2856 810 3008 883 ὑμῶν
3045 811 3139 864 καὶ
3164 808 3267 872 τὰς
3297 807 3488 880 ἑορτάς
3522 803 3674 877 ὑμῶν
3709 802 3861 874 μισεῖ

2275 912 2310 982 ή
2345 909 2491 982 ψυχή
2537 923 2658 980 μου.
2695 903 3024 977 Ἐγενήθητέ
3059 919 3149 974 μοι
3176 903 3256 962 είς
3288 899 3607 972 πλησμονήν
3627 912 3640 927 ·
3671 894 3858 949 οὐκέτι

2277 1005 2465 1076 ἀνήσω
2519 1001 2611 1066 τὰς
2643 999 2919 1072 ἁμαρτίας
2949 994 3122 1067 ὑμῶν.
3176 995 3348 1047 Ὅταν
3395 991 3495 1055 τάς
3541 991 3732 1061 χεῖρας
3760 988 3858 1040 ὲκ-

2276 1096 2490 1168 τείνητε
2521 1094 2650 1167 πρὸς
2680 1093 2768 1164 μὲ,
2797 1088 3125 1162 ἀποστρέψει)
3149 1087 3274 1151 τοὺς
3298 1083 3606 1157 ὀφθαλμούς
3633 1098 3732 1154 μου
3760 1081 3860 1151 ἀφ’

2280 1185 2436 1258 ὑμῶν
2453 1203 2466 1216 ’
2503 1185 2598 1239 καί⁵
2621 1182 2718 1236 ἐὰν
2738 1179 3054 1253 ’πληθύνητε
3073 1178 3170 1250 τὴν
3190 1175 3395 1247 δέησιν,
3421 1173 3523 1228 οὐκ
3545 1169 3863 1227 εἰσακούσο-

2285 1295 2381 1350 μαι
2409 1278 2562 1348 ὑμῶν
2583 1292 2599 1309 ο
2635 1274 2828 1346 αί.γάρ
2863 1274 3046 1343 χεῖρες
3084 1267 3239 1340 ὑμῶν
3273 1267 3505 1338 αίματος
3539 1265 3786 1336 πλήρεις.
3833 1280 3854 1313 ο

2293 1369 2430 1424 Ἀλλ’
2445 1371 2526 1422 ὅτι
2546 1366 2620 1439 μὴ
2645 1366 2891 1436 ἔγνωσαν
2907 1363 2998 1418 τὸν
3030 1361 3255 1433 Κύριον,
3280 1358 3374 1412 καὶ
3395 1357 3478 1411 ὅτι
3510 1359 3585 1430 μὴ
3619 1354 3870 1426 συνῆκαν

2281 1463 2444 1519 αὐτὸν
2459 1501 2473 1526 ,
2519 1462 2602 1516 ὃτι
2638 1458 2998 1530 ἐγκατέλιπον
3044 1454 3230 1519 αὑτὸν,
3265 1453 3361 1508 καὶ
3410 1449 3738 1523 παρώξυναν
3765 1448 3863 1502 τὸν

2276 1557 2437 1626 ἀγιον
2471 1552 2565 1609 τοῦ
2609 1552 2860 1626 Ἰσραὴλ,
2900 1551 2996 1605 καὶ
3037 1548 3174 1620 πρὸς
3207 1548 3382 1602 ἀπασι
3414 1544 3647 1610 τούτοις,
3691 1544 3770 1598 δτι
3801 1542 3867 1598 αἱ

2283 1650 2465 1723 χεῖρες
2512 1645 2693 1700 αὐτῶν
2745 1645 3033 1716 γεγόνασιν
3083 1642 3316 1712 αἵματος
3353 1637 3580 1709 πλήρεις
3620 1635 3712 1690 διὰ
3757 1634 3870 1707 τῆς

2285 1741 2427 1796 κατὰ
2456 1738 2552 1793 τοῦ
2578 1738 2818 1811 Χριστοῦ
2848 1735 3184 1809 μιαιφονίας,
3216 1734 3285 1806 ἢν
3309 1730 3447 1804 μετὰ
3483 1730 3681 1802 μυρίας
3712 1744 3867 1799 προ-

605 1809 1258 1920 ρίιείεεῷέιιβειιητιιηιι,
1285 1851 1341 1898 et
1372 1842 1639 1911 sanguine
1684 1837 1872 1909 repleti
1900 1809 2024 1892 sunt
2044 1809 2072 1902 ς’
2096 1835 2182 1891 his

2286 1809 2643 1905 φητοκτονίας
2668 1827 3015 1900 είργάσαντο,
3038 1825 3134 1881 καὶ
3156 1823 3445 1895 γεγόνασιν
3469 1822 3704 1893 αἵματος
3723 1818 3868 1893 πλή-

604 1941 855 1997 omnibus
888 1939 1198 2001 recensitis,
1236 1950 1448 1991 necnon
1484 1933 1620 2002 legis
1651 1930 1922 1988 solutione
1944 1969 1960 1996 ,
1991 1927 2179 2000 templi

606 2031 845 2096 excidio,
877 2045 942 2087 ac
978 2027 1305 2086 omnimodis
1355 2023 1669 2095 suppliciis;
1720 2021 1964 2092 peccati,
2028 2020 2183 2090 cujus

605 2139 769 2180 causa
801 2125 918 2178 haec
947 2120 1191 2192 perpessi
1221 2125 1369 2184 sunt,
1400 2114 1638 2186 speciem
1661 2113 1857 2169 edocet
1883 2129 1898 2167 :
1930 2111 2185 2182 ipsosque

607 2220 855 2278 accusat,
881 2227 988 2268 non
1019 2210 1088 2265 de
1122 2208 1396 2264 idolorum
1426 2205 1598 2272 cultu,
1635 2218 1746 2259 non
1787 2204 1854 2258 de
1892 2197 2182 2267 adulterio,

606 2318 708 2360 nec
745 2303 813 2357 de
835 2301 1100 2368 avaritia;
1135 2299 1230 2355 sed
1266 2299 1333 2354 de
1360 2299 1527 2354 unde.
1560 2293 1696 2351 Nam
1729 2279 1878 2349 omni
1908 2293 2185 2363 impietate

603 2405 660 2452 et
689 2395 978 2466 iniquitate
1026 2392 1267 2450 deterior
1314 2399 1400 2448 est
1437 2404 1627 2446 eorum
1663 2395 1855 2445 contra
1897 2386 2182 2441 Dominum

606 2488 819 2542 insania
851 2504 867 2554 ;
901 2488 1015 2542 haec
1057 2486 1258 2556 quippe
1303 2497 1409 2538 vox
1452 2481 1667 2537 illorum
1715 2489 1847 2534 est:
1901 2495 1921 2530 ι
1949 2474 2178 2546 Sanguis

607 2577 727 2645 ejus
759 2590 923 2646 super
953 2590 1053 2632 nos
1088 2583 1143 2631 et
1171 2587 1334 2644 super
1366 2570 1508 2627 lilios
1536 2577 1754 2625 nostros
1777 2567 1819 2621 ⁸.
1850 2583 1870 2618 ι
1912 2565 2011 2620 llic
2052 2579 2181 2620 san-

607 2670 727 2739 guis
753 2667 874 2723 illos
903 2667 1150 2738 pristinis
1197 2663 1535 2733 optimisque
1584 2658 2030 2730 possessionibus
2064 2657 2181 2726 pri-

608 2762 754 2816 vavit
784 2780 798 2816 :
828 2761 915 2816 hic
944 2759 1168 2831 sanguis
1190 2756 1312 2814 illos
1334 2771 1433 2828 per
1464 2759 1638 2812 totum
1668 2751 1859 2808 orbem
1888 2747 2182 2821 inquilinos

608 2851 809 2908 eﬂ‘ecit.

683 2943 846 3000 Vsus.
891 2943 978 3010 l6,
1005 2942 1090 2999 i7.
1134 2961 1152 2994 ι
1177 2938 1491 3005 Lavamini,
1523 2935 1713 2994 mundi
1747 2942 1943 3005 estote,
1972 2930 2184 2988 auferte

608 3036 846 3092 malitias
889 3034 960 3090 de
998 3033 1285 3089 animabus
1331 3031 1530 3087 vestris
1574 3029 1644 3084 ab
1703 3026 1878 3084 oculis
1926 3023 2126 3081 vestris
2161 3039 2199 3078 τ’

2287 1940 2421 1997 ρεις,
2441 1921 2634 2002 «avsa,
2647 1919 2780 1991 γοῦν
2805 1917 3113 1984 διεξελθὼν,
3134 1914 3231 1970 καὶ
3256 1913 3356 1988 τὴν
3379 1913 3476 1969 τοῦ
3499 1914 3665 1985 νόμου
3684 1911 3866 1980 λύσιν,

2284 2016 2380 2070 καὶ
2409 2012 2506 2067 τοῦ
2538 2012 2669 2067 ναοῦ
2691 2012 2790 2084 τήν
2815 2009 3134 2074 κατάλυσιν,
3167 2008 3261 2063 καὶ
3292 2006 3390 2073 τάς
3412 2003 3757 2069 παντοδαπὰς
3775 2019 3834 2058 τι
3853 2031 3868 2045 ο

2287 2107 2518 2181 μωρίας,
2568 2105 2632 2161 τὸ
2677 2101 2817 2170 εἶδος
2845 2106 2946 2177 τῆς
2987 2102 3267 2176 ἁμαρτίας
3309 2098 3570 2167 ἐδίδαξεν,
3617 2089 3679 2152 οὗ
3701 2097 3870 2169 χάριν

2284 2198 2587 2254 πεπόνθασι
2608 2215 2623 2230 ο
2664 2198 2758 2253 καὶ
2795 2198 3092 2269 κατηγορεῖ
3129 2186 3332 2256 αὐτῶν,
3367 2191 3469 2246 οὐκ
3503 2187 3737 2247 εἰδώλων
3773 2188 3872 2244 θε-

2286 2290 2541 2363 ραπείαν,
2567 2290 2689 2344 οὐδὲ
2714 2289 2960 2363 μοιχείαν
2991 2284 3450 2352 καὶτηιλεονεξίαν,
3481 2281 3617 2337 ἀλλά
3647 2297 3872 2354 μιαιφο-

2283 2385 2420 2441 νίαν.
2450 2384 2643 2456 Πάσης
2675 2383 2786 2456 γὰρ
2823 2380 3143 2445 δυσσεϐείας
3184 2380 3279 2435 καὶ
3309 2375 3676 2450 παρανομίας,
3706 2373 3872 2448 χαλι-

2285 2479 2508 2550 πωτέρα
2535 2474 2732 2549 ήκατά
2763 2473 2859 2529 τοῦ
2884 2473 3099 2546 Κυρίου
3131 2469 3298 2544 μανία
3319 2487 3336 2503 σ
3366 2467 3549 2524 αὐτῶν
3580 2464 3690 2539 γάρ
3715 2466 3880 2521 ἔστιν.

2283 2572 2318 2643 ή
2341 2569 2513 2641 φωνὴ,
2553 2587 2572 2622 t
2617 2567 2692 2622 Τὸ
2712 2561 2852 2639 αἷμα
2881 2563 3047 2620 αὑτοῦ
3063 2565 3150 2636 ἐφ’
3174 2562 3325 2634 ἡμᾶς
3349 2559 3446 2615 καὶ
3483 2557 3578 2612 ἐπὶ
3603 2555 3673 2611 τά
3697 2553 3873 2611 τέκνα

2281 2661 2462 2733 ἡμῶν.
2509 2679 2528 2713 ι
2555 2659 2726 2714 Τοῦτο
2752 2659 2814 2712 τὸ
2839 2652 2997 2729 αἷμα,
3023 2656 3123 2726 τῆς
3149 2652 3383 2717 παλαιᾶς
3415 2649 3613 2713 αὐτοὺς
3641 2645 3873 2720 script]-

2285 2770 2378 2808 σεν
2408 2751 2702 2825 εὐκληρίας
2723 2768 2736 2781 ·
2770 2749 2930 2804 τοῦτο
2960 2747 3020 2801 τὸ
3058 2741 3200 2819 αἷμα
3228 2743 3514 2818 μετοίκους
3557 2737 3657 2810 τῆς
3687 2736 3872 2792 οίκου-

2225 2900 2228 2901 ν
2287 2847 2456 2920 μένης
2481 2846 2748 2917 ἀπέφηνε.

2360 2958 2379 2992 ι
2413 2912 2696 2992 λούσασθε
2715 2977 2730 3002 ,
2764 2932 2996 3006 καθαροὶ
3032 2927 3279 3001 γένεσθε,
3306 2926 3535 3000 ἀφόλετε
3565 2925 3668 2990 τὰς
3697 2912 3887 2998 πονηέ

2290 3035 2412 3106 ρίας
2445 3031 2555 3087 ἀπὺ
2592 3030 2702 3084 τῶν
2733 3027 2922 3101 ψυχῶν
2955 3026 3108 3098 ὑμῶν
3143 3025 3408 3081 ἀπέναντι
3433 3025 3543 3079 τῶν
3573 3018 3874 3093 ὀφθαλμῶν

610 3127 876 3198 quiescite
925 3142 956 3182 a
997 3125 1220 3181 malitiis
1253 3123 1496 3189 vestris,
1531 3121 1722 3178 discite
1748 3119 1887 3175 bene
1916 3117 2120 3175 facere.
2157 3134 2178 3170 ›

2288 3125 2465 3198 ὑμῶν’
2501 3121 2783 3178 παύσασθε
2833 3119 2942 3176 ἀπὸ
2982 3119 3091 3174 τῶν
3139 3117 3414 3191 πονηριῶν
3462 3114 3637 3189 ὑμῶν,
3667 3113 3872 3186 μάθετε

610 3219 913 3285 Admodum
940 3241 941 3244 η
970 3214 1370 3288 consequenter
1417 3224 1709 3287 postquam
1749 3213 1927 3284 prima
1975 3211 2186 3267 dixerat

606 3299 774 3377 Deus,
805 3305 891 3365 liis
937 3309 1067 3363 item
1104 3315 1432 3362 memoratos
1478 3305 1842 3361 Sodomorum
1884 3302 2183 3375 principes,

607 3413 674 3457 ac
703 3399 956 3471 populum
982 3396 1300 3455 Gomorrbae
1322 3397 1375 3451 in
1408 3411 1559 3468 spem
1593 3396 1792 3451 bonam
1830 3392 2095 3450 transfert
2129 3398 2186 3449 et

608 3496 844 3558 evocat;
887 3491 934 3547 si
981 3491 1245 3546 malitiam
1277 3477 1635 3561 deponentes,
1687 3491 1829 3542 et‘a
1880 3483 2186 3542 voluntario

609 3585 704 3641 illo
737 3586 1036 3640 secundum
1065 3597 1388 3656 corpoream
1421 3582 1594 3653 legem
1621 3580 1773 3636 cultu
1803 3579 2183 3648 abscedentes,

611 3677 762 3732 Novo
786 3675 1159 3744 Testamento,
1179 3689 1440 3746 novaeque
1464 3674 1571 3745 legi
1597 3685 1653 3729 et
1680 3673 1847 3729 verbo
1869 3671 2183 3743 obsequen-

612 3779 695 3826 tes
722 3769 943 3825 fuerint.
979 3769 1342 3837 Quamobrem
1375 3779 1661 3838 postquam
1697 3782 1760 3821 ea
1805 3781 1924 3838 qua
1965 3764 2185 3822 Veteris

611 3858 942 3916 Testamenti
969 3868 1149 3924 erant,
1176 3860 1407 3929 carptim
1436 3858 1649 3929 tetigit,
1682 3856 1818 3912 Novi
1850 3855 2183 3913 Testamenti

612 3955 873 4022 mysteria
907 3953 1137 4008 inducit.
1191 3952 1322 4021 Quae
1348 3952 1464 4023 ipse
1507 3950 1562 4004 in
1593 3949 1905 4020 Evangeliis
1939 3947 2184 4014 tradidit,

612 4039 818 4107 dicens,
853 4059 872 4092 ‹
900 4039 1013 4095 Nisi
1064 4041 1187 4111 quis
1242 4049 1462 4115 renatus
1494 4039 1658 4095 fuerit
1682 4054 1751 4095 ex
1792 4053 1934 4109 aqua
1961 4046 2016 4094 et
2063 4037 2187 4108 Spi-

612 4131 742 4198 ritu,
779 4146 884 4187 non
915 4132 1140 4187 intrabit
1178 4132 1231 4186 in
1265 4145 1492 4202 regnum
1523 4131 1782 4187 caelorum
1807 4130 1851 4184 ".
1880 4147 2008 4182 ›-‹
2029 4127 2186 4196 Quae-

612 4223 718 4279 rite
741 4222 1031 4294 judicium.
1063 4223 1294 4280 liberate
1324 4221 1932 4302 oppressumhjudicate
1955 4221 2183 4292 pupillo,

610 4316 882 4372 defendite
903 4317 1141 4371 viduam.
1171 4334 1189 4368 ι
1233 4315 1289 4371 Id
1320 4304 1404 4371 est
1427 4330 1457 4369 a
1497 4315 1704 4370 malitia
1727 4313 1996 4382 translati,
2039 4329 2108 4369 ne
2126 4313 2182 4369 in

613 4420 681 4464 eo
705 4407 1011 4475 steteritis;
1044 4406 1139 4462 sed
1169 4406 1336 4461 vitam
1381 4405 1585 4462 virtute
1612 4410 1861 4461 ornatam
1895 4402 2183 4472 suscipite.

686 4665 855 4723 Vens.
888 4666 976 4724 l8.
1024 4685 1042 4719 ι
1071 4667 1139 4723 Et
1177 4667 1376 4737 venite,
1412 4675 1468 4724 et
1497 4665 2038 4737 disceptemus,'dicit
2077 4668 2185 4724 Do-

617 4761 799 4815 minus
834 4779 846 4813 :
879 4768 934 4815 et
987 4760 1032 4816 si
1082 4759 1289 4815 fuerint
1340 4771 1562 4831 peccata
1589 4767 1774 4815 vestra
1819 4767 1881 4815 ut
1925 4774 2187 4831 purpura,

615 4851 978 4922 quasinivem
1020 4850 1319 4920 dealbabo;
1357 4853 1487 4909 etsi
1517 4851 1723 4908 fuerint
1769 4859 1831 4908 ut
1878 4854 2184 4918 coccinum,

615 4942 770 5014 quasi
805 4943 982 4998 lanam
1017 4943 1301 4999 dealbabo.
1336 4961 1358 4997 ι
1391 4943 1595 5000 Deinde
1622 4945 1778 5016 quasi
1824 4944 1880 4998 in
1928 4941 2186 4998 tribunali

615 5051 716 5107 ego
759 5045 815 5091 et
847 5052 942 5093 vos
980 5035 1345 5106 disceptemus
1382 5051 1527 5108 :ego
1582 5038 1800 5108 quidem
1855 5049 2188 5091 enumerans

617 5136 818 5201 qpanta
849 5126 948 5181 sim
977 5141 1006 5180 a
1025 5126 1179 5181 vobis
1208 5139 1520 5197 perpessus,
1547 5137 1604 5183 et
1637 5133 1839 5198 quanta
1874 5127 2032 5183 vobis
2063 5140 2186 5180 mu-

618 5233 748 5273 nera
780 5219 1102 5274 contulerim
1132 5236 1146 5274 :
1174 5233 1237 5275 ac
1270 5219 1544 5290 quomodo
1573 5227 1696 5290 post
1737 5227 1885 5274 tanta
1917 5218 2183 5286 facinora,

620 5310 860 5368 omnium
895 5310 1162 5368 malorum
1205 5319 1515 5367 vestrorum
1545 5309 1776 5378 oblitus,
1807 5321 2023 5368 vestras
2048 5323 2188 5382 pre-

625 5403 770 5459 dicto
793 5404 1055 5474 sanguine
1079 5412 1380 5475 purpureas
1413 5404 1627 5460 animas
1651 5403 2086 5470 emundaverim,
2118 5417 2185 5459 ac

619 5510 717 5564 per
778 5493 1055 5550 lavacrum
1115 5495 1548 5567 regenerationis
1597 5495 1722 5552 nive
1787 5493 2191 5566 splendidiores

675 5637 697 5670 ⁸
725 5635 1095 5707 Matth.xxvn,
1114 5637 1207 5694 9.5.
1282 5638 1305 5670 '
1333 5636 1493 5695 Joan.
1523 5651 1608 5705 tn,
1639 5636 1695 5694 5.

693 5756 771 5828 (5)
834 5755 960 5814 llaec
990 5755 1116 5816 item
1148 5748 1402 5830 exprimit
1429 5754 1788 5827 Hieronymus
1812 5753 1881 5815 ad
1908 5754 2052 5815 hunc
2078 5752 2183 5815 loc.

2289 3215 2454 3271 καλὸν
2488 3216 2682 3269 ποιεῖν.
2725 3229 2745 3265 2
2776 3211 2990 3283 Σφόδρα
3028 3207 3161 3278 γοῦν
3202 3205 3512 3271 ἀκολούθως
3555 3204 3625 3261 τά
3673 3203 3875 3273 πρῶτα

2289 3306 2528 3382 εἰρηκὼς
2551 3309 2579 3361 ό
2605 3305 2757 3372 Θεὸς,
2793 3304 2873 3358 ἔτι
2899 3302 3188 3359 καὶταῦτα
3209 3302 3347 3374 πρὸς
3371 3302 3498 3365 τοὺς
3529 3297 3876 3371 δηλωθέντας

2288 3400 2554 3474 ἄρχοντας
2583 3397 2852 3469 Σοδόμων,
2877 3393 2972 3450 καὶ
3004 3395 3094 3448 τὸν
3126 3392 3254 3448 λαὸν
3284 3390 3569 3465 Γομόρρας
3595 3388 3873 3462 διεξέρχε-

2287 3510 2379 3548 ται
2407 3491 2507 3565 (5),
2557 3489 2650 3544 ἐπὶ
2684 3486 2895 3558 ἀγαθὰς
2921 3485 3143 3548 ἐλπίδας
3184 3484 3380 3547 αὐτοὺς
3406 3478 3873 3554 προκαλούμενος,

2289 3583 2339 3636 εί
2374 3579 2733 3654 μεταθέμενοι
2779 3577 2876 3649 τῆς
2923 3574 3122 3639 κακίας
3149 3574 3245 3629 καὶ
3277 3574 3376 3646 τῆς
3418 3570 3877 3644 ὲθελοθρησκείας

2289 3671 2389 3743 τῆς
2443 3667 2585 3723 κατὰ
2636 3667 2728 3720 τὸν
2786 3664 3098 3737 σωματικὸν
3152 3663 3319 3735 νόμον
3370 3662 3829 3736 ἀναχωρήσαντες
3855 3699 3873 3725 ,

2292 3762 2524 3834 ὑπήκοοι
2550 3758 2794 3829 γένοιντο
2822 3757 2922 3828 τῆς
2949 3755 3160 3826 Καινῆς
3197 3753 3475 3827 Διαθήκης
3501 3754 3595 3807 καὶ
3621 3750 3714 3806 τοῦ
3742 3769 3875 3806 και-

2291 3854 2382 3910 νοῦ
2412 3854 2579 3924 νόμου
2613 3851 2708 3904 καὶ
2738 3849 2918 3918 λόγου.
2948 3846 3038 3900 Διὸ
3070 3846 3205 3919 μετά
3224 3845 3323 3919 τὴν
3349 3845 3653 3918 παρόρασιν
3681 3843 3786 3898 τῶν
3812 3845 3877 3900 ὲν

2290 3949 2358 4019 τῇ
2376 3944 2594 4015 Παλαιᾷ
2616 3940 2881 4013 Διάθήκῃ,
2905 3938 2976 3993 τὰ
3002 3937 3101 4008 τῆς
3126 3937 3335 4009 Καινῆς
3352 3927 3641 4008 ³Διαθήκης
3659 3934 3878 4006 εἰσάγει

2297 4036 2596 4108 μυστήρια.
2622 4034 2689 4086 Ἀ
2715 4031 2779 4102 δὴ
2812 4031 2907 4084 καὶ
2930 4031 2986 4082 ὲν
3012 4031 3126 4093 τοῖς
3145 4027 3500 4098 Εὐαγγελίοις
3527 4025 3692 4091 αὐτὸς
3730 4042 3880 4099 παρ-

2292 4124 2466 4179 εδίδου
2497 4123 2700 4192 λέγων’
2744 4138 2763 4172 ι
2814 4118 2941 4172 Ἐἀν
2972 4117 3044 4190 μή
3098 4132 3184 4183 τις
3217 4116 3552 4189 ἀναγεωηθῇ
3580 4114 3640 4184 ἐξ
3671 4114 3873 4182 ὓδατος

2292 4217 2386 4271 καὶ
2409 4214 2739 4285 πνεύματος,
2771 4211 2834 4265 οὐ
2869 4209 2943 4280 μὴ
2975 4207 3194 4284 εἰσέλθῃ
3220 4209 3302 4274 είς
3325 4207 3425 4281 τήν
3458 4205 3733 4280 βασιλείαν
3759 4207 3879 4262 τῶν

2289 4309 2587 4385 οὐρανῶν.»
2605 4337 2675 4347 -
2703 4326 2723 4360 ι
2764 4305 3135 4379 Ἐκξητήσατε
3161 4304 3365 4378 κρίσιν,
3392 4303 3630 4377 ῥύσασθε
3653 4302 3878 4358 ἀδικού-

2295 4420 2476 4476 μενον,
2524 4401 2751 4475 κρίνατε
2805 4387 3024 4472 ὀρφανῷ
3049 4438 3065 4466 ,
3113 4397 3207 4452 καὶ
3261 4396 3585 4451 δικαιώσατε
3635 4397 3806 4469 χήρᾳ.
3848 4414 3870 4450 s

2211 4509 2268 4573 ι)
2295 4493 2500 4563 Ἥγουν
2532 4489 2928 4562 μεταϐαλόντες
2968 4490 3069 4562 τῆς
3100 4487 3321 4554 κακίας,
3357 4487 3431 4560 μὴ
3465 4486 3626 4560 μέχρι
3677 4486 3875 4542 τούτου

2294 4585 2474 4656 στῆτε,
2505 4583 2595 4637 τὸν
2615 4582 2673 4636 δὲ
2691 4582 2811 4636 κατ’
2837 4580 3038 4654 ἀρετὴν
3063 4578 3363 4635 ἀναλάϐετε
3393 4579 3527 4651 βίον.

2366 4695 2385 4729 ι
2420 4677 2531 4730 Καὶ
2553 4671 2740 4740 δεῦτε,
2773 4675 2869 4729 καὶ
2899 4672 3273 4746 διαλεχθῶμεν
3316 4672 3419 4744 (6),
3448 4671 3599 4742 λέγει
3637 4672 3870 4745 Κύριος·

2289 4768 2385 4822 καὶ
2425 4767 2518 4822 ἐὰν
2561 4760 2695 4820 ὦσιν
2724 4767 2780 4820 αἱ
2833 4763 3099 4837 ἁμαρτίαι
3135 4762 3293 4835 ὑμῶν
3340 4762 3417 4827 ῶς
3446 4762 3744 4833 φοινικοῦν,
3789 4761 3875 4826 ὡς

2289 4860 2444 4932 χιόνα
2491 4855 2768 4913 λευκανιῖν
2801 4855 2898 4910 ἐὰν
2922 4855 2980 4910 δὲ
3011 4848 3144 4909 ὦσιν
3175 4854 3254 4919 ὡς
3277 4854 3552 4918 κόκκινον,
3592 4854 3668 4920 ῶς
3721 4853 3882 4926 ἔριον

2290 4949 2556 5007 λευκανῶ.
2597 4968 2615 5003 ι
2645 4945 2761 5003 Εἶθ’
2793 4947 2868 5013 ὡς
2895 4949 2953 5001 ὲν
2982 4947 3317 5020 δικαστηρίῳ
3330 4946 3728 5022 διελεγχθῶμεν
3755 4945 3875 5016 ἐγώ

2291 5061 2350 5099 τε
2372 5045 2467 5098 καὶ
2497 5043 2656 5116 ὑμεῖς
2674 5060 2688 5073 ·
2724 5038 2834 5111 ἐγὼ
2862 5040 2958 5111 μὲν
2981 5041 3090 5105 δσα,
3108 5038 3356 5094 πέπονθα
3377 5039 3656 5112 ὑφ’ύμῶν,
3686 5039 3787 5093 ὅσα
3808 5057 3874 5095 τε

2293 5131 2438 5203 ὑμᾶς
2466 5129 2653 5202 ἔτυχον
2686 5127 3054 5201 εὐεργετήσας
3092 5127 3625 5207 καταριθμούμενος,
3667 5129 3764 5183 καὶ
3793 5129 3876 5195 ὡς

2295 5223 2435 5295 μετά
2459 5223 2697 5278 τοσαῦτα
2727 5221 3179 5294 πλημμελήματα
3211 5221 3432 5277 πάντων
3463 5221 3650 5277 κακῶν
3686 5221 3873 5294 ἀμνή-

2294 5330 2474 5385 στειαν
2508 5312 2849 5383 ποιούμενος,
2880 5311 3470 5385 πεφοινιγμὲναςύμῶν
3490 5311 3588 5377 τὰς
3605 5310 3784 5384 ψυχὰς
3805 5313 3876 5369 ἐκ

2289 5399 2384 5454 τοῦ
2422 5399 2811 5472 προλεχθέντος
2863 5399 3096 5471 αἵματος
3141 5400 3424 5474 ἐκάθηρα,
3478 5401 3875 5476 λαμπροτέρας

2291 5493 2467 5565 χιόνος
2502 5493 2673 5559 αὐτὰς
2695 5493 2786 5552 διὰ
2814 5497 2913 5570 τῆς
2933 5497 3029 5552 τοῦ
3060 5495 3288 5570 λουτροῦ
3321 5496 3745 5568 παλιγγενεσίας
3771 5514 3878 5554 κα-

2365 5747 2443 5823 (6)
2479 5747 2610 5824 Reg.
2639 5749 2881 5811 secunda
2911 5763 3097 5822 manu,
3133 5745 3552 5821 διιλεγχθῶμιν.
