4100 6286
244 334 313 390 97
1239 324 1745 382 COMMENTABIA
1782 321 1838 381 ID

1941 318 2157 380 SAIAM.
2196 349 2270 363 —-
2304 318 2460 377 CAP.
2501 316 2546 372 ι.
3479 316 3548 370 98

240 448 554 522 ταπὴσαςθ
593 448 754 523 ὑμεῖς
780 448 840 505 δὲ
869 449 1051 514 εῐ.τις
1087 447 1218 520 ὖμῖν
1264 448 1401 521 πρὸς
1438 447 1537 520 τὴν
1571 445 1838 519 τοσαύτην

1950 442 2073 498 illas
2122 439 2541 501 constituerim,
2596 448 2696 491 vos
2750 441 2957 501 autem,
3012 433 3058 489 si
3111 433 3298 504 aliqua
3350 443 3546 489 contra

239 544 400 615 χάριν
424 542 646 597 {vsa-rat
672 542 851 611 λόγος,
886 543 970 605 είς
998 539 1234 612 φανερὸν
1264 538 1457 594 τοῦτον
1489 539 1675 607 ἄγετε.

319 654 337 686 ι
372 636 487 689 Καὶ
517 635 616 688 ἐὰν
640 633 835 704 θέλητε
866 634 963 688 καὶ⁴
995 630 1358 704 είσακούσητέ
1391 646 1515 702 μου,
1545 630 1617 683 τὰ
1657 630 1840 700 ἀγαθὰ

234 727 338 799 τῆς
372 727 482 797 γῆς
513 726 756 796 mue;
779 744 794 757 ο
831 724 928 780 ἐὰν
951 724 1026 797 μὴ
1046 724 1260 796 θέλητε,
1309 723 1446 795 μηδέ
1471 724 1839 794 είσακούσητέ

237 839 363 892 μου.
403 821 660 892 μάχαιρα
687 819 834 892 ὑμᾶς
855 818 1173 873 κατέδεταιο
1207 818 1269 871 τδ
1297 817 1407 889 γὰρ
1432 818 1607 889 στόμα
1629 818 1839 890 Κυρίου

234 913 472 984 ἐλάλησε
527 910 724 967 ταῦτα.
780 931 799 964 s
865 909 1135 965 Ἐνταῦθα
1184 910 1242 963 δὲ
1284 911 1313 962 ό
1359 908 1519 979 λόγος
1564 909 1642 973 ὡς
1696 908 1837 981 πρὸς

248 1004 548 1068 Ἰουδαίους
566 1003 970 1075 διαλεγόμενος,
1002 996 1091 1057 οἷα
1120 1001 1352 1071 νηπίους
1385 1002 1584 1066 αὐτοὺς
1622 999 1711 1055 διὰ
1739 1000 1841 1071 τῆς

238 1094 572 1166 σωματικῆς
602 1094 934 1163 ἐπαγγελίας
950 1092 1231 1149 πείθεσθαι
1245 1095 1360 1157 τοῖς
1375 1092 1686 1165 εἰρημένοις
1707 1109 1841 1163 προ-

231 1186 463 1256 τρέπευ
499 1185 641 1258 πρὸς
684 1186 743 1240 δέ
787 1185 881 1240 τὸν
910 1185 1087 1257 ἀληθῆ
1134 1184 1317 1254 λόγον,
1363 1184 1469 1254 γῆς
1513 1184 1611 1255 τῆς
1654 1182 1835 1254 ψυχῆς

228 1278 535 1349 νοουμένης
583 1277 726 1332 κατὰ
773 1279 875 1350 τὴν
921 1278 1190 1349 σωτήριον
1244 1273 1598 1347 παραϐολήν·
1657 1275 1691 1345 ἢ
1742 1273 1837 1327 τὸν

229 1369 563 1441 ἐπουράνιον
592 1368 808 1437 λέγεται
832 1366 1239 1440 παραδέχεσθαι
1275 1366 1499 1437 σπόρον,
1538 1364 1835 1419 ἀκόλουθόν

231 1465 384 1517 ἐστιν
414 1461 601 1530 ἀγαθὰ
618 1461 797 1532 ψυχῆς
822 1463 963 1521 νοεῖν
984 1461 1101 1532 ἦτοι
1116 1459 1217 1523 τὰς
1246 1461 1367 1511 κατ’
1392 1458 1595 1530 ἀρετὴν
1627 1473 1833 1529 προκο-

228 1554 341 1617 πὰς
379 1556 476 1607 καὶ
510 1551 843 1616 τελειώσεις,
876 1552 910 1623 ἢ
952 1551 1023 1605 τὰ
1056 1548 1448 1620 ἐπηγγελμένα
1485 1550 1629 1620 αὐτῇ
1665 1548 1723 1601 ἕν
1763 1550 1833 1619 τῇ

225 1644 341 1698 τῶν
389 1644 643 1717 οὐρανῶν
684 1643 954 1715 βασιλεία.
995 1643 1159 1696 Ὅθεν
1189 1643 1328 1715 πρὸς
1378 1642 1479 1713 μὲν
1520 1640 1619 1712 τὴν
1652 1639 1831 1707 λέξιν,

226 1737 425 1791 αὐτίκα
458 1739 576 1802 τοῖς
604 1737 783 1806 λόγοις
807 1735 1166 1808 ἐπηκολούθει
1196 1737 1231 1807 ή
1265 1734 1354 1788 διὰ
1380 1734 1492 1787 τῶν
1520 1733 1700 1805 ἔργων
1738 1732 1832 1785 ἐκ·

1944 547 2152 595 tantam
2200 536 2435 609 gratiam
2472 533 2630 588 adest
2663 529 2828 596 ratio,
2858 544 2980 585 eam
3018 530 3233 601 publice
3281 532 3543 600 proferte.

2016 631 2184 688 Vsus.
2212 629 2302 696 19,
2328 626 2423 683 20.
2470 645 2489 677 ι
2539 624 2606 681 Ει
2633 625 2679 680 si
2711 623 2998 679 volueritis
3024 634 3081 679 et
3113 623 3395 680 audieritis
3423 638 3535 690 me,

1941 724 2082 780 bona
2146 730 2310 777 terra:
2358 715 2697 782 comedetis;
2750 715 2895 786 quod
2961 715 3009 770 si
3060 714 3386 780 nolueritis,
3441 730 3546 771 nec

1942 811 2229 868 audieritis
2280 824 2368 865 me
2399 848 2415 875 ,
2486 806 2701 877 gladius
2753 820 2850 862 vos
2909 805 3195 861 devorahit
3237 824 3251 860 :
3305 820 3430 860 nam
3481 820 3547 862 os

1942 905 2157 961 Domini
2192 904 2309 959 haec
2356 902 2599 958 locutum
2654 908 2762 957 est.
2794 918 2815 953 ι
2847 897 2948 955 Hic
2974 900 3133 969 quasi
3164 897 3383 956 Judteos
3412 900 3545 955 allo-

1941 1012 2141 1071 quens,
2196 997 2345 1068 ipsos
2389 1009 2493 1050 ceu
2546 992 2787 1049 infantes
2816 1005 2917 1061 per
2949 1004 3273 1060 corpoream
3308 991 3545 1061 promis-

1938 1092 2155 1147 sionem
2196 1088 2471 1150 hortatur,
2500 1096 2559 1139 ut
2591 1084 2757 1141 dictis
2786 1085 3176 1157 obtemperent
3202 1098 3217 1147 ;
3256 1094 3315 1137 st
3341 1097 3544 1138 secun-

1940 1184 2068 1238 dum
2103 1194 2292 1235 veram
2329 1174 2671 1247 intelligendi
2718 1174 3009 1236 rationem,
3061 1188 3187 1229 cum
3237 1184 3383 1229 terra
3440 1187 3542 1243 pro

1939 1272 2120 1327 anima
2154 1268 2456 1341 reputanda
2497 1267 2591 1332 sit,
2623 1266 2926 1321 secundum
2957 1263 3265 1321 Salvatoris
3300 1264 3542 1334 parabo-

1938 1363 2048 1418 lam
2083 1375 2097 1420 :
2132 1376 2257 1433 quae
2287 1369 2433 1415 terra
2464 1358 2692 1412 caeleste
2739 1370 2921 1412 semen
2970 1356 3254 1427 suscipere
3306 1356 3541 1423 dicitur;

1938 1456 2066 1511 hinc
2095 1452 2455 1523 consequitur
2477 1449 2675 1504 anima
2715 1450 2854 1504 bona
2890 1449 2981 1504 hic
3012 1463 3136 1504 esse
3168 1447 3543 1518 intelligenda,

1936 1541 2150 1597 scilicet
2177 1540 2483 1610 profectum
2517 1548 2575 1595 et
2608 1537 3003 1619 perfectionem
3036 1538 3333 1593 secundum
3370 1537 3547 1591 virtu-

1938 1642 2046 1689 tem
2075 1643 2393 1702 acceptam,
2447 1631 2534 1687 vel
2588 1631 2734 1685 bona
2786 1630 2889 1700 ipsi
2940 1630 2996 1684 in
3050 1644 3221 1701 regno
3269 1629 3543 1685 calorum

1936 1727 2233 1797 promissa.
2277 1726 2628 1795 QuaprOpter
2669 1723 2973 1779 secundum
3024 1720 3269 1775 litteram
3298 1720 3543 1792 quidem,

226 1829 390 1893 ϐασις
409 1848 421 1860 ·
448 1831 805 1903 παραχρῆμα
836 1830 947 1902 γὰρ
978 1830 1073 1884 καὶ
1094 1830 1195 1883 οὐκ
1225 1831 1307 1892 είς
1337 1827 1557 1900 μακρὰν
1584 1829 1633 1881 οἱ
1664 1828 1826 1880 ἀπει-

1941 1821 2103 1877 verba
2144 1833 2329 1873 rerum
2377 1826 2608 1872 eventus
2666 1831 2793 1871 mox
2842 1824 3173 1869 εοηεοοιιιυε
3232 1823 3356 1879 εεις
3412 1830 3541 1869 nam

227 1921 514 1993 θήσαντες,
542 1926 612 2007 τῇ
642 1924 752 1977 τῶν
790 1922 1069 1993 πολεμίων
1112 1923 1361 1993 μαχαίρᾳ
1402 1920 1786 1993 παρεδόθησαν
1810 1936 1824 1951 ο

1932 1911 2247 1977 confestim,
2301 1926 2403 1966 nec
2445 1910 2618 1965 multo
2658 1920 2783 1980 post
2814 1909 2999 1977 elapso
3034 1917 3302 1989 tempore,
3330 1908 3543 1971 immo-

228 2016 571 2072 ἐπελθόντων
601 2002 807 2080 αὐτοῖς
853 2016 1143 2086 Ῥωμαίων
1169 2056 1183 2079 ,
1239 2016 1337 2069 καὶ
1392 2015 1634 2086 πολέμου
1680 2014 1831 2086 νόμῳ

1941 2005 2101 2077 rigeri
2129 2004 2204 2059 illi
2236 2004 2426 2074 gladio
2455 2003 2806 2057 inimicorum
2834 2002 3022 2057 traditi
3047 2012 3195 2067 sunt,
3221 2002 3541 2072 irrumpen-

228 2109 440 2172 πάντας
470 2108 901 2180 χειρωσαμένων
921 2125 934 2138 ·
970 2110 1020 2163 εί
1052 2109 1109 2163 δὲ
1148 2098 1246 2162 καὶ
1277 2105 1558 2176 διαϐολική
1591 2105 1679 2169 τίς
1712 2107 1831 2159 ἐστι

231 2200 497 2272 μάχαιρα,
528 2200 625 2253 καὶ
643 2198 820 2272 ταύτῃ
843 2200 1048 2254 ἔκδοτοι
1074 2199 1355 2270 γεγόνασι,
1386 2196 1476 2252 διὰ
1508 2198 1569 2251 τὺ
1596 2196 1820 2267 ἀπειθῆ-

230 2306 317 2346 σαι
344 2296 412 2363 τῇ
446 2292 647 2365 κλήσει
671 2292 771 2363 τῆς
794 2290 890 2345 τοῦ
914 2291 1051 2346 Θεοῦ
1080 2293 1327 2364 χάριτος.

1936 2097 2082 2152 tibus
2117 2095 2390 2151 Romanis
2420 2110 2485 2150 ac
2525 2094 2653 2150 belli
2679 2094 2795 2163 lege
2819 2094 3035 2149 cunctis
3076 2093 3129 2147 in
3163 2093 3543 2163 captivitatem

1933 2188 2198 2255 redactis;
2228 2189 2376 2258 quod
2427 2187 2473 2242 si
2530 2185 2841 2241 diabolicus
2894 2185 3115 2257 gladius
3172 2183 3366 2249 fuerit,
3416 2184 3543 2239 huic

1935 2296 2156 2352 quoque
2197 2281 2365 2337 dediti
2405 2291 2559 2349 sunt,
2605 2280 2752 2352 quod
2800 2280 3022 2334 vocanti
3064 2279 3254 2349 gratiae
3294 2276 3390 2333 Dei
3432 2292 3543 2333 non

1852 2400 1855 2403 »
1936 2374 2405 2442 obtemperarent.

297 2468 467 2533 (Πῶς
502 2468 725 2537 ἐγένετο
765 2468 942 2541 πόρνη
990 2468 1145 2533 πόλις
1190 2466 1361 2539 πιστή
1402 2466 1563 2530 Σιὼν,
1618 2468 1835 2540 πλήρης

227 2561 496 2633 κρίσεως;
531 2562 593 2613 ἐν
695 2559 1012 2633 δικαιοσύνη
1049 2558 1320 2630 ἐκοιμήθη
1356 2560 1413 2612 ἐν
1461 2560 1623 2630 αὐτῇ,
1662 2558 1756 2612 νῦν
1778 2559 1836 2612 δὲ

227 2652 506 2723 φονευταί.
532 2670 658 2704 s—t
690 2652 825 2705 Τίνα
850 2651 961 2705 τῶν
992 2649 1289 2723 προφητῶν
1313 2650 1411 2703 οὐκ
1429 2650 1761 2704 ἀπέκτειναν
1788 2652 1835 2702 οί

230 2744 461 2816 πατέρες
482 2742 639 2815 ὑμῶν
659 2744 755 2797 καὶ
775 2744 967 2814 ὑμεῖςς
993 2762 1011 2795 ι
1034 2742 1293 2796 Διδάσκει
1307 2742 1489 2795 τοίνυν
1512 2743 1540 2794 ὁ
1558 2742 1715 2811 λόγος
1732 2740 1835 2813 (7),

226 2835 299 2902 ὥς
358 2836 532 2890 πάλαι
566 2836 668 2906 μὲν
700 2836 801 2905 τὴν
833 2834 989 2888 πόλιν
1039 2834 1263 2906 ᾤκησαν
1310 2834 1503 2905 ἄνδρες
1521 2834 1723 2898 πιστοὶ,
1768 2832 1837 2887 δι’

224 2920 299 2981 ὧν
333 2926 505 2997 πιστὴ
537 2925 694 2989 πόλις
716 2924 1119 2997 ἐχρημάτιζεν·
1152 2922 1344 2997 ὥσπερ
1378 2923 1446 2978 ἂν
1480 2922 1638 2987 εἴτις
1669 2925 1835 2987 εῐποι,

229 3016 438 3069 πιστῶν
474 3014 632 3078 πόλις
652 3032 667 3046 ι
713 3014 853 3068 ἀλλὰ
888 3014 982 3067 καὶ
1018 3013 1234 3085 πλήρης
1261 3014 1499 3085 κρίσεως
1529 3008 1598 3085 ἦν
1628 3014 1726 3069 καὶ
1756 3013 1839 3067 δι-

227 3108 545 3179 καιοσύνης,
580 3108 657 3173 ὡς
698 3107 765 3161 ἂν
804 3106 1079 3179 ὲναρέτων
1119 3105 1311 3177 ψυχῶν
1346 3105 1663 3179 οίκητήριόν
1705 3123 1836 3160 ποτε

223 3202 519 3275 γενομένηο
545 3201 629 3255 διὸ
646 3200 1008 3272 κεκοιμᾶσθαι
1030 3202 1088 3254 ὲν
1112 3201 1250 3271 αὐτῇ
1278 3198 1646 3269 δικαιοσύνην,
1672 3217 1833 3253 τουτ-

224 3297 390 3359 έστιν,
440 3294 723 3365 ἐνοικῆσαι
774 3295 871 3348 καὶ
922 3291 1342 3348 ἀναπεπαῦσθαι
1382 3292 1621 3364 εἴρηται.
1657 3293 1835 3346 Πάλαι

226 3387 336 3458 γὰρ
358 3387 577 3459 πλήρης
608 3386 814 3441 τούτων
840 3385 1103 3458 ἐτύγχανε
1124 3402 1138 3415 ·
1184 3384 1326 3456 τάχα
1372 3402 1476 3437 που
1521 3384 1666 3439 κατὰ
1708 3387 1836 3449 τοὺς

227 3482 454 3549 χρόνους
495 3478 680 3544 Δαυῒδ,
711 3479 771 3543 δς
803 3479 1020 3551 πρῶτος
1066 3477 1203 3532 ἑλὼν
1235 3478 1335 3550 τὴν
1367 3477 1522 3531 πόλιν
1555 3480 1621 3532 ὲκ
1655 3478 1838 3550 χειρὸς

226 3570 566 3641 ἀλλοφύλων,
596 3573 696 3644 τὴν
724 3570 955 3626 κιϐωτὸν
984 3570 1079 3625 τοῦ
1135 3569 1271 3625 Θεοῦ
1299 3572 1391 3625 καὶ
1413 3570 1514 3642 τὴν
1544 3570 1749 3642 σκηνὴν
1777 3572 1837 3626 ἐν

229 3666 364 3736 αὐτῇ
398 3665 799 3735 κατεστήσατο,
828 3662 993 3727 αὐτός
1045 3680 1105 3717 τε
1134 3662 1305 3735 αὐτὴν
1331 3660 1517 3733 ᾤκησε
1566 3660 1835 3733 βασίλειον

230 3757 519 3826 ἀποδείξας
549 3756 771 3824 ἑαυτοῦ,
796 3757 873 3822 ὡς
895 3757 1233 3830 χρηματίσαι
1260 3755 1415 3810 πόλιν
1445 3756 1627 3809 Δαυῖδ.

306 3958 328 3991 ‹
350 3938 427 3991 Τὸ
447 3936 714 4008 ἀργύριον
742 3934 898 4007 ὑμῶν
933 3936 1223 4006 ἀδόκιμον·
1266 3934 1316 3987 οἱ
1358 3933 1597 4005 κάπηλοί
1634 3950 1730 3987 σου
1756 3932 1837 4004 μί·

235 4046 422 4099 σγουσι
455 4030 552 4083 τδν
582 4024 727 4083 οἶνον
751 4028 923 4083 ὕδατι.
948 4047 966 4079 ι
998 4023 1109 4081 Ἦν
1134 4029 1244 4098 γὰρ
1272 4026 1335 4080 τὸ
1365 4026 1632 4100 ἀργύριον
1653 4025 1835 4079 αὐτῶν

234 4124 513 4195 ἀδόκιμον,
554 4120 745 4193 ἐπειδὴ
787 4120 926 4193 μετὰ
956 4119 1018 4173 τὸ
1048 4118 1435 4190 ὲκπορνεῦοαι,
1484 4118 1579 4172 καὶ
1641 4135 1835 4187 φονευ-

235 4216 329 4279 vi;
349 4212 630 4285 γενέσθαι,
673 4209 1098 4283 προσεποιοῦντο
1127 4208 1440 4273 θεοσεϐείας
1472 4208 1629 4278 λόγον
1652 4211 1836 4279 ἀπαγ-

236 4306 445 4376 γέλλειν
474 4305 574 4360 καὶ
604 4304 702 4368 τὰς
730 4302 882 4367 θείας
912 4302 1136 4376 Γραφὰς
1164 4301 1546 4374 διερμηνεύειν
1575 4302 1672 4355 καί⁵
1708 4300 1834 4354 δευ-

238 4399 496 4470 τερὼσεις
535 4395 773 4469 μυθικὰς
801 4396 1070 4452 ποιεῖσθαι
1101 4394 1212 4449 τῶν
1229 4394 1696 4464 ἀναγνωσμάτων.
1727 4394 1837 4447 Καὶ

242 4492 390 4545 αὐτοὶ
418 4490 478 4544 δὲ
506 4492 559 4543 oi
574 4488 896 4543 ’διδάσκαλοι
925 4487 1101 4541 αὐτῶν
1127 4486 1535 4557 καπηλεύοντες
1562 4486 1660 4557 τὴν
1694 4485 1835 4539 διδα-
1872 4524 1914 4579 D

244 4584 488 4648 σκαλίαν,
520 4582 756 4654 κάπηλοι
790 4581 1085 4653 προσφυῶς
1114 4580 1512 4652 ὠνομάσθησαν
1552 4578 1839 4650 μιγνύντες

243 4678 326 4729 τὸν
357 4672 501 4729 οἶνον
540 4676 711 4737 ὕδατι,
762 4674 907 4747 λόγῳ
950 4674 1296 4745 ὲξυδαροῦντι
1338 4674 1429 4727 τὸν
1468 4674 1709 4745 ἄκρατον
1744 4672 1839 4725 καὶ

245 4770 628 4822 ὲπιττυπτικὸν
652 4768 762 4822 τῶν
797 4767 1170 4822 θεοπνεύστων
1203 4766 1437 4838 Γραφῶν
1468 4766 1593 4820 νοῦν
1618 4764 1708 4819 διὰ
1738 4770 1837 4837 τῆς

250 4861 476 4933 μυθικῆς
499 4861 681 4917 αὐτῶν
716 4863 809 4915 καὶ
841 4859 1115 4934 ληρώδους
1136 4859 1532 4930 δευτερώσεως.

318 5067 335 5099 ι
357 5048 420 5101 Οἱ
473 5048 725 5118 ἄρχοντές
760 5064 853 5100 σου
883 5045 1187 5109 ἀπειθοῦσι,
1230 5043 1476 5097 κοινωνοὶ
1512 5041 1780 5095 κλεπτῶν.
1813 5058 1830 5091 t

256 5141 399 5192 ῡῦτω
437 5140 761 5209 καλούμενοι
810 5140 916 5191 ὑπὸ
955 5138 1046 5191 τοῦ
1083 5139 1340 5208 Σωτῆρος
1387 5136 1486 5205 οὑχ
1514 5134 1793 5205 ὑπήκουον
1821 5149 1833 5161 ·

258 5231 427 5295 ἐτλῶς
455 5232 510 5285 δὲ
541 5234 735 5295 εἰπεῖν,
756 5231 876 5301 Θεῴ
906 5230 1241 5293 ἀπειθοῦσιν,
1270 5227 1609 5289 ἐκκλίνοντες
1632 5227 1725 5279 ἀπ’
1751 5226 1845 5277 αὐ-

253 5324 340 5377 τοῦ
369 5327 459 5378 καὶ
504 5330 613 5388 τοῖς
643 5323 1092 5393 διατεταγμένοις
1126 5324 1215 5375 ὑπ’
1251 5322 1416 5375 αὑτοῦ
1456 5320 1529 5391 μὴ
1573 5318 1847 5389 ἐμμένον-

256 5430 353 5481 τες,
398 5436 416 5468 ι
444 5418 773 5488 ἀγαπῶντες
809 5415 977 5486 δῶρα,
1015 5414 1302 5477 διώκοντες
1342 5413 1713 5483 ἀνταπόδομα,
1759 5413 1850 5483 ὀρ-

256 5512 422 5574 φανοῖς
450 5512 511 5562 οὐ
541 5511 855 5581 κρίνοντες,
886 5508 979 5559 καὶ
1029 5504 1210 5577 κρίσιν
1240 5502 1424 5576 χηρῶν
1455 5504 1517 5556 οὐ
1551 5502 1849 5573 προσέχον-

309 5624 326 5653 ⁸
356 5628 451 5680 A-t
511 5641 610 5690 vtt,
651 5622 751 5677 52.

2014 2465 2178 2523 Vens.
2218 2466 2312 2523 21.
2359 2485 2380 2520 ι
2427 2467 2713 2535 Quomodo
2745 2468 2888 2525 facta
2932 2478 3016 2525 est
3046 2469 3313 2523 meretrix
3340 2466 3544 2524 civitas

1940 2558 2117 2616 fidelis
2149 2558 2305 2625 Sion,
2336 2558 2495 2630 plena
2520 2559 2753 2628 judicii?
2784 2562 2837 2615 in
2870 2576 2976 2631 qua
3000 2559 3219 2629 justitia
3257 2560 3543 2624 dormivit,

1940 2665 2087 2706 nunc
2125 2659 2309 2706 autem
2344 2652 2655 2706 homicidae.
2696 2670 2717 2704 ι
2760 2681 2833 2692 -
2873 2668 2892 2701 s
2939 2649 3111 2718 Quem
3145 2651 3543 2721 prophetarum

1939 2755 2051 2794 non
2090 2738 2487 2798 interfecerunt
2528 2750 2710 2811 patres
2766 2740 2934 2796 vestri
2984 2750 3040 2794 et
3068 2755 3165 2796 vos
3193 2740 3261 2794 ’ἲ
3309 2759 3328 2793 t
3374 2739 3543 2795 Docet

1941 2831 2109 2903 igitur
2130 2831 2263 2887 olim
2296 2832 2516 2901 quidem
2566 2832 2846 2888 civitatem
2900 2830 3200 2887 incoluisse
3252 2832 3438 2888 fideles
3464 2834 3544 2887 vi-

1944 2937 2056 2991 ros,
2088 2937 2323 2994 quorum
2365 2938 2531 2979 causa
2562 2923 2760 2979 civitas
2812 2922 2990 2999 fidelis
3034 2906 3365 2990 vocabatur;
3408 2938 3474 2977 ac
3496 2924 3543 2979 si

1942 3014 2070 3083 quis
2097 3015 2327 3081 diceret,
2358 3014 2556 3070 civitas
2601 3001 2883 3080 fidelium;
2923 3013 3034 3068 imo
3071 3013 3239 3068 etiam
3268 3013 3429 3085 plena
3454 3012 3547 3083 jn-

1945 3107 2075 3162 dicii
2106 3116 2305 3163 eratet
2346 3106 2606 3177 justitize,
2645 3116 2833 3178 utpote
2879 3121 3000 3178 qua:
3050 3106 3352 3177 probarum
3410 3104 3543 3159 olim

1942 3197 2254 3253 animarum
2284 3198 2624 3254 domicilium
2674 3198 2840 3254 fuerit
2876 3217 2890 3254 :
2944 3212 3117 3269 quare
3141 3178 3355 3267 justitia
3396 3197 3449 3251 in
3479 3212 3544 3252 ea

1941 3290 2300 3357 dormivisse,
2330 3291 2384 3346 id
2417 3302 2522 3356 est,
2559 3291 2904 3347 inhabitasse
2926 3302 2983 3346 et
3005 3290 3281 3360 quievisse
3320 3290 3545 3347 dicitur.

1940 3381 2085 3438 Olim
2124 3384 2330 3455 quippe
2364 3384 2565 3441 talibus
2620 3384 2781 3455 plena
2832 3385 2965 3440 viris
3016 3395 3169 3450 erat;
3214 3394 3272 3437 ιιι
3313 3382 3549 3439 fortasse

1943 3485 2190 3546 tempore
2251 3476 2493 3541 Davidis,
2552 3478 2644 3547 qui
2701 3477 2916 3546 primus
2968 3478 3161 3531 urbem
3214 3475 3419 3545 eripuit
3476 3490 3546 3529 ex

1942 3568 2198 3623 manibus
2279 3566 2719 3639 ailophylovum,
2773 3581 2961 3623 arcam
3029 3567 3119 3622 Dei
3172 3575 3226 3621 et
3291 3566 3547 3621 taberna-

1942 3656 2128 3711 culum
2170 3656 2245 3712 ibi
2293 3660 2524 3738 .posuit,
2584 3658 2641 3714 in
2694 3672 2870 3729 eaque
2922 3658 3039 3728 ipse
3096 3656 3383 3721 habitavit,
3454 3671 3545 3710 re-

1940 3750 2199 3819 giamque
2239 3749 2529 3805 constituit
2559 3791 2575 3815 ,
2617 3750 2691 3803 ita
2728 3760 2787 3805 ut
2835 3750 3032 3806 civitas
3085 3750 3256 3803 David
3298 3748 3546 3819 appella—

1942 3852 2114 3897 retur.

2011 3935 2179 3991 Vsus.
2217 3935 2308 3990 2'2.
2346 3955 2362 3987 ι
2404 3936 2705 4004 Argentum
2758 3945 2999 3990 vestrum
3055 3950 3162 3990 non
3201 3934 3490 4004 probatum
3525 3950 3543 3990 :

1941 4042 2217 4098 caupones
2259 4030 2335 4082 tui
2379 4028 2564 4082 vinum
2621 4042 2763 4096 aqua
2806 4028 3063 4083 miscent.
3108 4046 3126 4079 ι
3175 4026 3419 4095 Eratque
3453 4040 3543 4079 ar-

1941 4128 2164 4186 gentum
2186 4132 2376 4173 eorum
2414 4132 2520 4172 non
2547 4118 2862 4187 probatum,
2898 4118 3025 4187 quia
3052 4126 3342 4187 postquam
3368 4116 3545 4171 forni-

1941 4209 2077 4265 Carii
2104 4221 2161 4266 et
2184 4210 2471 4267 homicidae
2495 4220 2622 4266 sunt
2645 4208 2849 4277 ell‘ecti,
2874 4225 2934 4264 se
2954 4225 3095 4265 vera:
3121 4211 3397 4282 religionis
3425 4224 3547 4266 ver-

1941 4303 2069 4357 bum
2095 4306 2424 4360 annuntiare
2458 4314 2514 4361 et
2556 4304 2773 4360 divinas
2824 4304 3142 4375 Scripturas
3194 4304 3544 4374 interpretari

1942 4395 2307 4463 simulabant,
2340 4398 2471 4451 dum
2505 4395 2778 4453 fabulosas
2824 4396 3148 4452 deuteroses
3182 4397 3249 4452 ad
3291 4384 3546 4451 lectionis

1943 4490 2368 4560 explicationem
2396 4489 2741 4545 adhiberent.
2794 4491 3056 4545 Doctores
3095 4504 3227 4545 vero
3274 4488 3543 4559 ipsorum,

1948 4586 2039 4654 qui
2074 4583 2380 4638 doctrinam
2418 4584 2901 4651 cauponabantur,
2958 4596 2989 4637 e
3016 4598 3073 4637 re
3104 4596 3386 4652 caupones
3412 4582 3543 4636 dicti

1948 4685 2097 4741 sunt,
2134 4676 2223 4745 qui
2253 4676 2436 4727 vinum
2473 4689 2615 4743 aqua
2663 4674 2987 4736 miscebant,
3030 4675 3158 4727 dum
3208 4687 3460 4727 sermone
3491 4672 3544 4725 in

1948 4782 2142 4837 aquam
2200 4767 2473 4831 resoluto,
2504 4782 2715 4821 meram
2764 4776 2819 4822 et
2873 4768 3185 4822 restrictam
3235 4767 3540 4820 divinarum

1948 4858 2356 4927 St'riplttrarttm
2396 4870 2629 4913 mentem
2676 4873 2775 4928 per
2812 4858 3221 4914 commentitias
3252 4873 3380 4913 suas
3409 4858 3544 4913 deu-

1950 4959 2159 5001 teroscs
2185 4946 2481 5001 fmdareut.

2028 5039 2190 5092 Vsus.
2222 5037 2316 5093 25.
2358 5058 2375 5089 ί
2413 5038 2696 5107 Principes
2719 5038 2795 5093 tui
2826 5053 2931 5093 non
2968 5039 3377 5109 obtemperant,
3410 5038 3528 5095 soci

1950 5132 2150 5185 furum.
2183 5149 2205 5183 ι
2247 5131 2340 5185 Sic
2392 5133 2567 5185 vocati
2605 5146 2633 5182 ο
2687 5128 2987 5184 Servatore
3040 5146 3146 5183 non
3196 5131 3539 5197 obtempera-

1947 5222 2204 5276 haulzin
2244 5239 2478 5285 summa,
2539 5223 2646 5276 Deo
2699 5232 3028 5292 repugnant,
3086 5221 3426 5276 declinantes
3481 5220 3547 5269 ab

1948 5329 2033 5378 eo,
2068 5325 2123 5369 et
2151 5316 2203 5369 in
2236 5316 2526 5386 praeceptis
2553 5317 2672 5382 ejus
2702 5332 2807 5369 tum
2845 5326 3156 5378 manentes,
3195 5332 3212 5364 ι
3254 5312 3541 5380 diligentis:

1952 5422 2201 5469 munera,
2244 5408 2657 5461 retributionem
2708 5417 3125 5475 persequentes,
3176 5403 3384 5474 pupillo
3439 5418 3547 5456 non

1945 5497 2277 5567 judicantcs,
2315 5506 2366 5549 et
2410 5512 2633 5550 causam
2687 5496 2858 5549 viduae
2914 5511 3018 5547 nun
3077 5496 3425 5548 attendentes
3468 5512 3477 5544 ;
3524 5512 3541 5543 ι

292 5726 363 5795 (7)
407 5724 536 5779 "me
586 5713 882 5776 nonnullis
929 5714 1151 5795 adiectis
1204 5710 1497 5795 manifeste
1546 5708 1827 5768 transtulit
1890 5706 2278 5778 Hieronymus,
2315 5706 2406 5777 qui
2462 5708 2532 5760 ait
2572 5726 2582 5759 :
2620 5704 2728 5760 Nec
2772 5706 2978 5775 ambigo
3020 5707 3185 5773 fuisse
3220 5708 3269 5759 in
3316 5723 3373 5759 ea
3415 5723 3541 5759 sca-

222 5783 313 5857 clo}
344 5800 503 5865 siros,
539 5806 595 5852 et
642 5800 886 5852 caetera,
919 5800 1035 5854 quae
1074 5783 1147 5838 ibi
1176 5786 1398 5839 videsis.
