4100 6286
588 358 660 413 99
1264 347 1526 405 EUSEBII
1567 340 2052 401 CESARIENSIS
2091 339 2241 397 OPP.
2288 334 2464 392 PARS
2501 334 2591 391 ili.
2651 364 2702 375 -
2727 331 3143 390 EXEGETICA.

3749 335 3858 391 100

588 484 712 524 cum
731 465 1001 537 proditore
1021 462 1154 518 Jada
1174 460 1386 516 iurante
1403 465 1808 522 concurrentes,
1828 452 1968 523 juris
1989 452 2157 522 aequi-

2274 465 2371 513 τες.
2397 468 2416 499 ι
2451 446 2546 518 Τῷ
2567 440 2661 502 οῦν
2692 445 2924 519 προδότῃ
2938 446 3108 518 Ἰούδᾳ
3135 446 3415 500 κλέπτοντι
3438 449 3726 514 συνιόντες,
3751 451 3859 521 τὴν

591 570 755 615 tatem
786 557 944 611 donis
986 554 1405 609 venumdabant.

664 651 824 707 Vsus.
854 650 925 705 24
957 649 1088 704 -26.
1143 668 1163 701 ι
1198 646 1485 716 Propterea
1538 644 1670 700 'htec
1722 642 1856 699 dicit
1906 638 2163 696 Dominus

594 743 853 799 Dominus
882 742 1120 797 Sabaoth
1153 758 1166 793 :
1196 738 1286 793 Vas
1316 736 1626 806 potentibus
1647 734 1811 789 israel
1845 752 1860 789 :
1896 748 2009 787 non
2041 745 2161 785 ces—

593 835 740 888 sabit
781 834 923 887 enim
956 831 1104 886 furor
1136 844 1288 883 meus
1337 829 1391 882 in
1422 827 1778 892 adversariis,
1818 835 1873 879 et
1902 822 2161 894 judicium

594 926 662 978 de
688 925 932 979 hostibus
978 922 1108 976 meis
1137 919 1349 973 iaciam.
1389 918 1456 972 Et
1484 916 1712 971 inferant
1745 928 1961 969 manum
1992 924 2165 965 meam

595 1024 782 1069 contra
824 1023 894 1077 te,
940 1022 993 1067 et
1024 1010 1366 1065 inﬂammabo
1412 1019 1463 1062 te
1511 1007 1578 1063 ad
1637 1021 1830 1077 purum
1864 1020 1880 1058 :
1910 1004 2164 1057 immori-

596 1121 756 1177 geros
802 1112 980 1157 autem
1025 1103 1249 1169 perdam
1301 1109 1357 1155 et
1410 1098 1756 1154 consiliarios
1809 1105 1931 1150 tuos
1975 1092 2167 1148 sicuta

594 1197 881 1268 principio.
948 1214 966 1247 r
1003 1192 1362 1247 [inﬂammabo
1414 1199 1467 1244 te
1520 1190 1690 1260 igitur
1733 1187 1796 1241 ad
1842 1200 2061 1256 purum,
2113 1183 2167 1238 id

595 1298 701 1351 est,
751 1288 817 1342 ad
860 1285 1200 1356 purgandum
1240 1291 1295 1337 et
1338 1280 1759 1336 discernendum
1803 1277 2078 1347 improbos
2100 1275 2167 1329 ab

593 1379 836 1436 urbanis.
889 1377 1072 1443 Quare
1130 1371 1427 1429 secundum
1481 1370 1871 1442 Symmachum
1927 1366 2163 1422 dicitur:

599 1489 622 1525 ί
658 1470 725 1525 Et
754 1467 1103 1524 inﬂammabo
1131 1465 1197 1519 ad
1223 1478 1416 1536 purum
1446 1462 1676 1519 scoriam
1704 1469 1879 1525 tuam;
1920 1475 1938 1510 ι
1975 1472 2168 1513 secun—

596 1564 723 1620 dum
773 1560 1023 1632 Aquilam
1076 1573 1241 1613 vero:
1289 1574 1308 1608 t
1359 1556 1425 1610 Et
1464 1552 1807 1609 inllammabo
1854 1550 1919 1605 ad
1978 1563 2168 1619 purum

601 1657 823 1710 acinum
871 1665 1043 1705 tuum.
1082 1669 1101 1703 ι
1152 1646 1615 1717 Quemadmodum
1664 1645 1807 1699 enim
1852 1643 1943 1712 qui
1999 1657 2071 1697 ars
2116 1650 2170 1695 et

601 1746 810 1801 ferrum
837 1745 959 1813 igne
990 1749 1242 1814 purgant,
1275 1740 1507 1794 scoriam
1535 1736 1829 1805 abjiciunt,
1858 1744 1916 1789 et
1946 1734 2036 1803 qui
2070 1735 2165 1785 bo-

2266 537 2532 610 ὀρθότητα
2558 539 2652 591 τοῦ
2676 536 2883 590 δικαίου
2910 536 3101 609 δώροις
3124 537 3482 608 ἐπίπρασκον.

2342 649 2361 682 t
2391 631 2491 683 Διά
2510 630 2669 683 τοῦτο
2698 629 2821 683 τάδε
2844 629 2992 697 λέγει
3015 629 3221 701 Κύριος
3253 631 3281 681 6
3305 628 3580 700 Δεσπότης
3599 627 3859 697 Σαϐαὼθ,

2267 723 2401 776 0ύαί
2434 724 2485 775 οἰ
2528 722 2799 790 ἰσχύοντες
2846 719 3089 792 Ἰσραήλ·
3134 721 3196 773 ού
3244 721 3507 774 παύσεται
3538 720 3647 793 γάρ
3697 738 3798 791 μου
3829 723 3862 774 6

2269 815 2437 886 θυμὸς
2465 819 2523 869 ἐν
2547 818 2658 878 τοῖς
2685 815 3058 880 ὑπεναντίοις,
3082 816 3177 867 καὶ
3209 815 3389 886 κρίσιν
3414 815 3478 867 ὲκ
3506 814 3613 867 τῶν
3643 814 3861 886 ἐχθρῶν

2272 924 2373 979 μου
2411 910 2652 979 ποιήσω’
2690 908 2785 961 καὶ
2816 906 3003 974 ὲπάξω
3037 906 3136 978 τὴν
3176 906 3335 979 χεῖρά
3383 925 3484 979 μου
3520 908 3613 960 ἐπὶ
3646 907 3727 973 σὲ,
3760 908 3864 962 καὶ

2269 996 2509 1068 πυρώσω
2560 1014 2618 1050 σε
2651 999 2730 1060 εἰς
2759 996 3019 1068 καθαρὸν,
3050 998 3176 1061 τοὺς
3224 997 3284 1050 δὲ
3332 998 3693 1063 ἀπειθοῦντας
3743 1000 3866 1059 ,ἀπο

2268 1091 2459 1154 ολέσω,
2489 1090 2581 1143 καὶ
2612 1090 2740 1151 τοὺς
2784 1088 3116 1159 συμϐούλους
3161 1104 3253 1142 σου
3284 1089 3359 1154 ὡς
3396 1091 3465 1144 τὸ
3494 1090 3586 1143 ἀπ’
3610 1091 3803 1161 ἀρχῆς.
3832 1105 3861 1142 a

2270 1178 2518 1250 Πυρώσω
2556 1194 2615 1231 σε
2633 1174 2725 1231 οὖν
2757 1179 2837 1242 εἰς
2856 1177 3114 1248 καθαρὸν,
3140 1178 3435 1242 τουτέστιν,
3462 1181 3555 1233 ἐπὶ
3581 1179 3658 1251 τῷ
3689 1178 3868 1235 καθᾶρ

2273 1286 2360 1341 ραι
2396 1270 2490 1322 καὶ
2517 1268 2789 1338 διακρῖναι
2850 1270 2975 1332 τοὺς
3013 1268 3247 1338 φαύλους
3307 1269 3415 1323 ἀπὸ
3444 1270 3555 1323 τῶν
3591 1270 3861 1326 ἀστείων.

2272 1360 2364 1413 Διὸ
2401 1360 2544 1414 κατά
2576 1360 2668 1413 τὸν
2702 1359 2998 1431 Σύμμαχον
3039 1361 3276 1432 εἴρηται·
3316 1380 3334 1413 t
3359 1361 3468 1415 Καὶ
3499 1361 3732 1432 πυρώσω
3776 1364 3865 1429 εἰς

2272 1453 2509 1524 καθαρὸν
2535 1452 2630 1524 τὴν
2663 1453 2902 1525 σκωρίαν
2926 1469 3019 1505 σου
3038 1470 3051 1483 ο
3077 1472 3097 1506 ι
3135 1455 3278 1509 κατά
3300 1455 3356 1507 δὲ
3385 1454 3460 1524 (8)
3487 1456 3579 1510 τὸν
3607 1455 3864 1511 ’Δκύλαν⁹

2277 1560 2296 1593 t
2326 1544 2436 1596 Καὶ
2460 1541 2696 1614 πυρώσω
2727 1543 2807 1606 εἰς
2836 1542 3075 1615 καθαρὸν
3093 1542 3155 1596 τὸ
3178 1541 3511 1616 γιγαρτῶδές
3532 1562 3644 1599 σου.
3677 1566 3696 1599 ι
3730 1547 3867 1599 ὀσ-

2272 1651 2377 1705 περ
2403 1632 2511 1705 γὰρ
2540 1635 2589 1685 οἰ
2622 1633 2973 1705 καθαίροντες
3007 1632 3095 1687 διὰ
3128 1633 3221 1688 τοῦ
3259 1635 3431 1707 πυρὸς
3474 1636 3675 1706 χαλκὸν
3706 1637 3738 1708 ἢ
3775 1636 3867 1690 σί-

2272 1725 2457 1798 δηρον,
2487 1725 2586 1796 τὴν
2612 1725 2854 1796 σκωρίαν
2881 1723 3269 1791 ἀποόἀλλουσι,
3316 1727 3413 1781 mi.
3444 1729 3492 1780 οἰ
3518 1729 3643 1791 τοὺς
3667 1727 3868 1800 βότρυς

597 1846 715 1893 trus
756 1809 930 1891 vinea:
980 1809 1034 1889 in
1092 1809 1454 1887 torcularibus
1510 1836 1783 1895 premunt,
1841 1827 2057 1880 acinum
2110 1833 2167 1879 et

2274 1820 2373 1889 τῆς
2403 1816 2647 1888 ἀμπέλου
2675 1818 2732 1869 ἐν
2750 1819 2871 1879 ταῖς
2903 1815 3083 1886 ληνοῖς
3104 1816 3401 1883 πιέζοντες,
3422 1817 3483 1871 τὸ
3504 1818 3865 1891 γιγαρτῶδεςο

596 1924 864 1999 superﬂua
883 1924 1213 1980 calcatarum
1244 1933 1471 1975 uvarum
1497 1916 1808 1987 expellunt;
1841 1917 2054 1980 eodem,
2086 1916 2168 1968 in—

598 2020 736 2089 quit,
766 2016 925 2072 modo
958 2026 1015 2071 et
1044 2030 1143 2085 ego
1175 2010 1527 2068 inﬂammabo
1576 2007 1641 2063 ad
1690 2022 1885 2079 purum
1946 2007 2167 2062 acinum

601 2121 774 2165 lUUﬂh

669 2200 838 2256 Vsus.
860 2202 950 2257 27.
982 2218 1001 2251 ι
1034 2198 1101 2254 Et
1123 2206 1243 2267 post
1262 2196 1376 2252 hare
1401 2194 1681 2251 vocaberis
1703 2194 1899 2250 civitas
1917 2192 2171 2264 iustitiae,

608 2290 927 2359 metropolis
965 2288 1142 2343 ﬁdelis
1171 2287 1301 2342 Sion
1336 2305 1351 2342 :
1386 2301 1510 2341 nam
1550 2300 1674 2341 cum
1702 2285 1906 2356 judicio
1938 2284 2171 2341 salvabi-

602 2391 689 2439 tur
721 2382 1009 2453 captivitas
1036 2383 1176 2451 ejus.
1211 2399 1230 2433 ι
1274 2380 1633 2436 Communem
1676 2380 1958 2434 civitatem
1989 2385 2172 2447 postea

596 2474 1029 2532 constituendam
1061 2472 1373 2541 alloquitur,
1418 2486 1585 2541 quam
1624 2470 1852 2540 iustitia
1894 2470 2173 2524 civitatem

597 2576 781 2633 vocat,
814 2577 870 2621 et
899 2563 1242 2633 metropolim
1286 2563 1498 2617 ﬁdelem
1549 2561 1704 2627 Sion,
1748 2563 1848 2631 pias
1897 2559 2175 2631 religionis

600 2657 906 2717 institutum
947 2660 1223 2712 etcmtum
1269 2655 1371 2710 hoc
1420 2655 1641 2709 nomine
1690 2667 1984 2708 exornans.
2028 2652 2177 2707 Sane

600 2763 735 2806 vero
764 2748 857 2804 ille
884 2748 1014 2803 olim
1039 2746 1179 2815 apud
1204 2743 1422 2799 Judteos
1452 2744 1673 2814 sapiens
1696 2742 2005 2810 exciderat;
2034 2757 2177 2798 nunc

601 2850 782 2896 autem
810 2841 863 2895 in
882 2840 1137 2894 universa
1163 2845 1308 2892 terra
1339 2851 1436 2906 per
1459 2834 1661 2891 Christi
1690 2835 1982 2892 Ecclesiam
2016 2834 2175 2905 erigi-

600 2943 709 2998 tur,
738 2932 991 2989 fundatus
1020 2945 1184 3001 supra
1230 2941 1459 2999 petram.
1496 2927 1562 2983 Hi
1606 2944 1735 2985 vero
1775 2938 1902 2983 sunt
1942 2928 2179 2997 pulchre

598 3024 841 3084 civitatis
885 3021 1163 3092 praesules,
1207 3020 1422 3090 iudices
1467 3027 1523 3071 et
1564 3017 1880 3079 consiliarii,
1928 3016 2020 3085 qui
2066 3015 2176 3070 ini.

602 3117 741 3172 tium
782 3117 852 3171 ab
902 3111 1163 3184 apostolis
1208 3118 1265 3165 et
1316 3109 1593 3180 discipulis
1645 3108 1951 3165 Salvatoris
2003 3106 2174 3163 nostri

2203 3157 2249 3219 C

2277 1912 2371 1963 καὶ
2402 1909 2470 1962 τὰ
2499 1907 2735 1979 περισσά
2785 1907 2894 1961 τῶν
2915 1907 3330 1979 ὲκπατηθέντων
3366 1907 3605 1981 βοτρύων
3633 1906 3869 1983 ἀπορῤΓ

2271 2018 2487 2065 πτουσι,
2517 2000 2610 2053 τὸν
2669 1999 2831 2053 αὐτὸν
2862 2000 3063 2071 τρόπον
3089 1998 3265 2069 κάγὼ,
3306 2000 3459 2072 φησὶ,
3504 1999 3742 2072 πυρώσω
3778 2001 3870 2066 είς

2267 2091 2510 2163 καθαρὸν
2539 2091 2601 2145 τὸ
2632 2089 2967 2161 γιγαρτῶδές
2996 2107 3111 2146 σου.

2348 2202 2366 2234 ι
2390 2182 2500 2235 Καὶ
2535 2180 2675 2252 μετά
2701 2180 2876 2234 ταῦτα
2900 2179 3152 2254 κληθήσῃ
3183 2181 3334 2246 πόλις
3357 2180 3722 2253 δικαιοσύνης,
3759 2197 3874 2253 μη-

2270 2274 2523 2347 τρόπολις
2556 2273 2719 2344 πιστὴ
2749 2273 2915 2328 Σιών⁸
2962 2273 3099 2345 μετά
3132 2274 3239 2346 γάρ
3270 2275 3537 2347 κρίματος
3563 2273 3871 2347 σωθήσεται

2273 2369 2307 2437 ή
2338 2364 2681 2437 αἰχμαλωσία
2715 2364 2907 2437 αὐτῆς.
2931 2383 2949 2416 ι
2980 2364 3058 2436 Τῇ
3103 2364 3241 2435 μετά
3274 2362 3449 2419 ταῦτα
3487 2366 3871 2439 συστησομένῃ

2273 2462 2425 2531 κοινῇ
2460 2458 2633 2526 πόλει,
2663 2456 2731 2529 ἦν
2753 2474 2874 2511 τινα
2902 2456 3000 2510 καὶ
3033 2455 3188 2510 πόλιν
3212 2454 3557 2527 δικαιοσύνης
3589 2455 3869 2527 ὀνομάζει,

2275 2552 2368 2605 καὶ
2396 2550 2724 2623 μητρόπολιν
2759 2550 2956 2620 πιστὴν
2986 2548 3149 2614 Σιὼν,
3181 2549 3325 2604 οὕτω
3352 2547 3664 2622 προσειπὼν
3690 2548 3753 2602 τὸ
3772 2548 3874 2602 σύ-

2277 2659 2458 2714 στημα
2496 2641 2592 2695 τοῦ
2635 2641 2917 2713 θεοφιλοῦς
2973 2640 3388 2712 πολιτεύματος.
3436 2641 3495 2694 ’0
3549 2639 3717 2695 πάλαι
3765 2639 3873 2709 μὶν

2277 2735 2494 2797 συνετὸς
2539 2732 2692 2806 παρὰ
2733 2732 3009 2797 Ἰουδαίοις
3083 2730 3444 2787 διεπεπτώκει
3465 2750 3479 2763 ·
3525 2730 3621 2787 νῦν
3652 2731 3711 2786 δὲ
3742 2730 3872 2785 καθ’

2276 2828 2402 2898 ὅλης
2424 2827 2523 2897 τῆς
2552 2824 2879 2895 οἰκουμένης
2899 2823 2989 2879 διὰ
3014 2824 3114 2895 τῆς
3136 2823 3229 2878 τοῦ
3259 2823 3497 2896 Χριστοῦ
3540 2822 3877 2894 Ἐκκλησίας,

2277 2920 2573 2991 ἐγήγερται
2605 2915 3067 2988 τεθεμελιωμένος
3092 2916 3187 2969 ἐπὶ
3216 2916 3317 2989 τὴν
3351 2917 3587 2988 πέτραν.
3610 2914 3774 2969 Αὐτοὶ
3806 2913 3873 2968 δὲ

2275 3014 2375 3085 τῆς
2398 3010 2570 3082 καλῆς
2591 3010 2799 3074 πόλεως
2819 3011 2867 3063 οἰ
2890 3008 3254 3081 προεστῶτες,
3280 3009 3485 3081 κριταὶ,
3506 3008 3604 3063 καὶ
3628 3005 3875 3079 σύμϐου-

2277 3105 2380 3170 λοι,
2414 3104 2465 3157 οἳ
2495 3103 2671 3174 ἀρχὴν
2718 3101 2818 3173 μὲν
2850 3100 2959 3154 ἀπὺ
2987 3100 3096 3155 τῶν
3128 3100 3442 3157 ἀποστόλων
3478 3101 3573 3154 καί¹
3604 3098 3869 3171 μαθητῶν

604 3212 969 3275 acceperunt:
1006 3217 1073 3258 ex
1110 3216 1296 3259 eorum
1329 3214 1458 3256 vero
1490 3201 1836 3256 successione
1853 3200 2172 3264 etiamnum,

2274 3197 2373 3252 τοῦ
2397 3197 2649 3268 Σωτῆρος
2673 3197 2707 3267 ἡ
2717 3194 2833 3267 μῶν
2857 3194 3140 3266 εἰλήφασιν
3159 3212 3174 3225 υ
3204 3196 3269 3248 ὲκ
3292 3195 3350 3249 δὲ
3382 3195 3481 3266 τῆς
3503 3195 3725 3249 ἐκείνων
3752 3191 3876 3249 διαρ-

604 3296 758 3367 quasi
774 3309 839 3351 ex
865 3295 1008 3350 bono
1021 3294 1230 3350 semine
1255 3293 1359 3349 orti
1385 3292 1754 3366 resplendent,
1788 3292 1884 3349 Dei
1916 3290 2175 3348 Ecclesia:

602 3385 861 3457 praesides
892 3384 1198 3440 constituti.
1235 3384 1450 3440 Etenim
1496 3384 1587 3454 qui
1622 3383 1765 3455 apud
1798 3383 1965 3439 Deum
1999 3383 2175 3439 salute

603 3477 750 3547 digni
777 3475 999 3546 indicati
1025 3474 1245 3540 fuerint,
1280 3475 1341 3543 il,
1376 3475 1578 3546 inquit,
1614 3475 1717 3530 soli
1756 3473 2025 3544 promissa
2048 3489 2176 3529 con-

604 3579 941 3639 sequentur:
978 3568 1104 3623 dum
1144 3565 1313 3622 Judaei
1341 3566 1546 3622 frustra
1589 3566 1964 3639 imaginantur
2008 3567 2176 3621 totius

605 3660 784 3730 gentis
811 3673 924 3715 suae
945 3657 1364 3714 conversionem
1395 3655 1530 3713 fore.
1559 3655 1961 3713 Liberationem
1995 3665 2205 3715 autem.

606 3767 638 3802 a
677 3750 990 3817 captivitate
1040 3747 1443 3817 intelligendum
1495 3756 1572 3803 est
1639 3762 1757 3804 esse
1820 3748 2175 3803 mutationem

606 3842 910 3895 animarum
964 3841 1034 3895 ab
1072 3855 1257 3896 errore
1314 3839 1378 3895 ad
1413 3854 1595 3893 veram
1635 3839 1730 3895 Dei
1758 3839 2122 3910 cognitionem
2158 3858 2172 3892 :

606 3948 771 4003 quam
822 3930 1072 3987 Salvator
1121 3931 1443 3998 declaravit,
1477 3947 1628 3994 cum,
1665 3941 1888 4000 accepto
1924 3932 1977 3985 in
2016 3945 2176 4000 syna-

608 4037 741 4093 goga
788 4023 995 4077 Hesaiae
1036 4022 1196 4088 libro,
1250 4023 1498 4092 lectaque
1543 4021 1787 4077 clausula
1827 4036 1897 4076 ex
1945 4035 2174 4092 persona

608 4122 727 4191 ejus
760 4121 874 4175 haec
899 4118 1215 4182 dieente’g
1263 4120 1502 4190 Spiritus
1532 4120 1744 4176 Domini
1773 4135 1940 4191 super
1972 4136 2077 4184 me,
2111 4135 2176 4176 eo

609 4210 754 4280 quod
805 4210 1020 4263 unxerit
1073 4223 1191 4276 me,
1232 4210 1609 4280 evangelizare
1658 4212 1983 4281 pauperibus
2028 4212 2177 4265 misit

612 4313 718 4365 me,
751 4318 769 4349 ι
806 4309 925 4356 etc.
958 4338 974 4365 ,
1016 4297 1275 4368 replicate
1320 4298 1462 4355 libro
1517 4300 1699 4353 intulit
1730 4316 1746 4355 :
1775 4318 1797 4352 ι
1837 4299 2009 4355 Hodie
2063 4302 2179 4354 haec

611 4387 890 4458 Scriptura
924 4388 1143 4459 impleta
1187 4397 1273 4445 est
1323 4389 1379 4444 in
1422 4390 1645 4445 auribus
1674 4391 1888 4457 vestris,
1922 4410 1943 4444 ι
1978 4392 2177 4446 docens

610 4494 670 4533 se
695 4481 1090 4549 redemptorem
1126 4481 1485 4536 humanarum
1522 4482 1827 4535 animarum
1851 4496 1993 4537 esse.

687 4742 847 4798 Vens.
881 4741 970 4797 9.8.
1009 4761 1029 4795 ι
1064 4742 1132 4799 Ει
1157 4754 1511 4801 conterentur
1545 4748 1750 4817 iniqui,
1782 4758 1835 4802 et
1862 4758 2177 4817 peccatores

2278 3288 2442 3360 δοχῆς
2488 3286 2655 3340 εἰσέτι
2687 3286 2783 3340 καὶ
2813 3284 2929 3352 νῦν,
2959 3284 3147 3359 ὥσπερ
3197 3288 3261 3340 ὲκ
3313 3287 3629 3359 σπέρματος
3659 3285 3877 3361 ἀγαθοῦ

2279 3377 2476 3449 φύντες
2503 3377 2921 3448 διαλάμπουσιν,
2945 3376 3199 3449 πρόεδροι
3225 3377 3325 3450 τῆς
3352 3376 3448 3432 τοῦ
3480 3377 3614 3433 Θεοῦ
3642 3379 3877 3451 Ἐκκλη-

2282 3472 2405 3537 σίας
2436 3470 2796 3535 καθεστῶτες.
2845 3471 2909 3524 Οἰ
2936 3470 3046 3543 γὰρ
3081 3471 3359 3544 σωτηρίας
3385 3468 3526 3537 ἄξιοι
3572 3470 3725 3542 παρά
3750 3470 3879 3543 Θεῷ

2278 3563 2576 3636 κριθέντες,
2592 3562 2745 3635 μόνοι
2759 3562 3063 3629 τεύξονται,
3082 3563 3237 3634 φησι,
3256 3566 3359 3635 τῆς
3386 3562 3741 3633 ιπαγγελίας,
3759 3561 3878 3618 τῶν

2290 3653 2557 3709 Ἰουδαίων
2599 3654 2775 3726 μάτην
2816 3654 3237 3726 φανταζομένων
3270 3654 3603 3728 ἐπιστροφὴν
3653 3654 3879 3711 ἔσεσθαι

2279 3744 2372 3798 τοῦ
2397 3745 2597 3809 παντὸς
2618 3746 2801 3801 αὐτῶν
2822 3745 3030 3811 ἔθνους.
3057 3746 3449 3819 Αἰχμαλωσίας
3471 3747 3531 3802 δὲ
3557 3746 3881 3821 ἐλευθερίαν

2278 3834 2385 3907 χρὴ
2408 3838 2572 3901 νοεῖν,
2605 3837 2704 3909 τὴν
2735 3838 2843 3891 ἀπὸ
2867 3839 2970 3910 τῆς
3005 3840 3214 3913 πλάνης
3268 3841 3364 3895 ἐπὶ
3410 3841 3511 3912 τὴν
3562 3838 3738 3913 ἀληθῆ
3772 3840 3877 3896 τοῦ

2279 3927 2414 3981 Θεοῦ
2445 3928 2646 3997 γνῶσιν
2682 3930 2983 4003 μεταϐολήν
3008 3933 3117 3986 τῶν
3140 3934 3327 4007 ψυχῶν
3350 3953 3363 3966 ·
3402 3935 3468 4008 ἢν
3494 3934 3587 3989 καὶ
3615 3936 3644 3989 6
3677 3935 3881 4011 Σωτὴρ

2280 4017 2539 4091 παρίστη,
2570 4022 2803 4092 ὁπηνίκα
2844 4025 2904 4077 ὲν
2932 4026 2997 4096 τῇ
3021 4030 3311 4099 συναγωγῇ
3345 4025 3525 4081 λαϐὼν
3550 4028 3650 4099 τὴν
3685 4025 3872 4098 βίϐλον

2278 4108 2372 4163 τοῦ
2411 4111 2654 4179 Ἡσαΐου,
2681 4115 2781 4185 τήν
2800 4132 2860 4168 τε
2883 4117 3188 4189 περικοπὴν
3210 4119 3474 4189 ἀναγνοὺς
3495 4118 3593 4191 τὴν
3617 4122 3681 4173 ὲκ
3704 4134 3874 4191 προσ⁶

2278 4202 2426 4257 ώπου
2469 4206 2634 4259 αὑτοῦ
2669 4209 2919 4278 φήσασα-,ι
2938 4227 2953 4240 ο
3001 4229 3020 4260 r
3045 4210 3267 4282 Πνεῦμα
3299 4214 3507 4285 Κυρίου
3544 4214 3632 4267 ἐπ’
3656 4213 3774 4285 ἐμὲ,
3804 4204 3875 4266 οὗ

2279 4295 2483 4351 εἵνεκεν
2508 4296 2691 4370 ἐχρισέ
2715 4316 2803 4370 με,
2826 4302 3281 4371 εὐαγγελίσασθαι
3307 4306 3544 4376 πτωχοῖς
3563 4304 3877 4359 ἀπέσταλκέ

2283 4405 2351 4459 με
2371 4405 2384 4419 ο
2418 4389 2654 4461 κηρύξαι
2682 4393 3054 4463 αἰχμαλώτοις
3088 4394 3282 4463 ἄφεσιν
3305 4413 3319 4427 ο
3350 4415 3369 4450 ι
3407 4397 3501 4451 καὶ¹
3531 4397 3737 4464 πτύξας
3768 4396 3876 4467 τὴν

2208 4514 2252 4568 D
2281 4482 2480 4553 βίϐλον,
2517 4480 2638 4543 εἷπε
2661 4502 2674 4516 °
2711 4504 2733 4538 ι
2755 4489 3003 4561 Σήμερον
3043 4491 3077 4561 ἠ
3110 4489 3303 4562 Γραφὴ
3345 4490 3483 4563 αῦτη
3513 4491 3874 4564 πεπλήρωται

2280 4575 2337 4625 ἐν
2354 4576 2467 4638 τοῖς
2494 4574 2627 4630 ὠσὶν
2654 4577 2808 4648 ὑμῶν
2827 4595 2841 4607 ·
2871 4599 2890 4631 ι
2918 4580 3186 4634 διδάσκων
3213 4580 3297 4653 δὴ,
3323 4581 3399 4646 ὼς
3427 4582 3588 4646 αὐτὸς
3613 4583 3697 4654 εἰ⁹η
3723 4584 3752 4636 6
3772 4582 3872 4638 λυ·-

2275 4668 2485 4738 τρωτὴς
2514 4669 2619 4722 τῶν
2651 4671 3009 4743 ἀνθρωπίνων
3029 4672 3240 4744 ψυχῶν.

2348 4779 2366 4810 σ
2394 4761 2504 4814 Καὶ
2538 4764 2984 4836 συντριϐήσονται
3014 4768 3064 4831 οἱ
3096 4766 3306 4837 ἄνομοι,
3338 4784 3432 4820 και
3460 4768 3508 4820 οἱ
3540 4767 3866 4839 ἀμαρτωλοί⁵

611 4834 793 4902 simul,
814 4845 869 4889 ct
888 4836 981 4905 qui
1013 4835 1413 4907 dereliquerunt
1445 4839 1724 4895 Dominum
1750 4841 2124 4895 conﬁcientur.
2152 4862 2170 4892 ι

2274 4853 2405 4924 ἅμα,
2441 4857 2538 4908 καὶ
2569 4858 2617 4909 οἱ
2645 4834 3099 4925 ἐγκαταλιπόντες
3140 4834 3233 4912 τὸν
3261 4858 3467 4933 Κύριον
3514 4834 3871 4931 συντελεσθή-

615 4926 720 4981 Sed
753 4926 819 4983 de
854 4927 1029 4982 medio
1060 4928 1324 4984 tollendos
1351 4946 1472 4987 esse
1504 4932 1581 4986 ait
1610 4933 1864 5000 nequitia
1900 4934 2171 4989 doctores.

612 5018 839 5084 Quinam
872 5032 1001 5073 vero
1029 5021 1064 5073 ii
1095 5032 1300 5085 essent,
1331 5022 1382 5075 in
1413 5022 1841 5091 praecedentibus
1869 5024 2178 5077 declaratur

614 5110 699 5163 his
729 5109 943 5164 verbis:
981 5128 1001 5165 ι
1031 5110 1121 5165 Va:
1139 5112 1286 5182 genti
1319 5113 1606 5181 pcccatrici
1664 5114 1858 5184 populo
1888 5113 2046 5184 pleno
2073 5116 2177 5167 ini-

613 5202 853 5269 qnittttia.
893 5221 911 5253 ι

688 5292 962 5373 Vsas.‘29.
1009 5312 1028 5344 ι
1070 5295 1204 5358 Quia
1257 5297 1655 5352 confundentur
1684 5314 1846 5368 super
1882 5298 2021 5353 idola
2053 5313 2175 5364 sua,

616 5397 735 5457 qua:
780 5384 881 5454 ipsi
935 5385 1209 5451 volebant,
1248 5398 1304 5443 et
1336 5388 1739 5443 confunduntur
1783 5405 1945 5458 super
1989 5390 2174 5444 hortos

617 5490 765 5539 suos,
798 5491 933 5545 quos
965 5480 1408 5548 concupiverunt.
1438 5501 1455 5533 ι
1489 5480 1752 5538 Caeterum
1782 5482 2004 5551 pudoris
2052 5498 2175 5536 sen-

687 5573 706 5598 ¹⁴
744 5569 875 5634 an,
910 5587 977 5640 ιν,
1017 5579 1107 5642 18,
1134 5574 1225 5629 21.

2280 4961 2481 5002 σονται.
2519 4965 2536 4998 ι
2586 4946 2723 5000 Ἀλλ’
2755 4948 3001 5001 ἐκποδὼν
3047 4948 3293 5017 γίνεσθαι
3317 4950 3444 5012 τοὺς
3473 4950 3571 5020 τῆς
3601 4949 3871 5021 πονηρίας

2278 5036 2649 5104 διδασκάλους.
2680 5040 2836 5104 Τίνες
2888 5039 2946 5093 δὲ
2979 5034 3118 5110 ἦσαν
3161 5034 3325 5102 οὗτοι,
3374 5027 3611 5107 ἐδίδαξεν
3651 5040 3680 5093 6
3710 5039 3872 5110 λόγος

2277 5128 2364 5182 διὰ
2390 5129 2500 5182 τῶν
2530 5130 2858 5203 ἔμπροσθεν,
2891 5130 3059 5185 εἰπών
3079 5148 3091 5161 ·
3132 5151 3150 5184 ι
3173 5132 3310 5185 0ύαί
3340 5132 3489 5196 ἔθνος
3509 5132 3832 5203 ἀμαρτωλόν
3849 5151 3866 5165 ·

2278 5218 2403 5284 λαὸς
2431 5207 2644 5293 πλήρης
2672 5218 2920 5292 ἀνομίας.
2948 5240 2966 5272 ι

2353 5334 2370 5363 ι
2398 5314 2542 5367 Διότι
2570 5313 3120 5387 καταισχυνθήσονται
3154 5315 3247 5368 ἐπὶ
3269 5318 3382 5378 τοῖς
3408 5313 3645 5378 εἰδώλοις
3661 5312 3867 5378 αὐτῶν,

2280 5405 2315 5460 ἃ
2352 5406 2503 5459 αὐτοὶ
2532 5406 2845 5477 ἠϐούλοντο,
2904 5407 2999 5460 καὶ
3043 5407 3565 5478 ἐπαισχυνθήσονται
3615 5408 3709 5459 ἐπὶ
3757 5409 3874 5470 τοῖς

2283 5496 2477 5565 κήποις
2529 5495 2728 5564 αὐτῶν,
2762 5497 2797 5550 ἃ
2823 5496 3199 5570 ἐπεθύμησαν.
3229 5519 3246 5550 ι
3305 5497 3448 5569 Πλὴν
3484 5499 3576 5551 ἐπὶ
3622 5500 3736 5561 τοῖς
3784 5498 3874 5551 αἰα-

688 5684 945 5781 ςξξμίιτεο
996 5684 1409 5760 interpretatio,
1474 5700 1611 5749 teste
1688 5690 2052 5765 Hieronymo,
2104 5705 2185 5753 est
2248 5698 2631 5761 Theodotionis
2679 5723 2694 5774 ;
2749 5718 2917 5774 quare
2992 5705 3199 5779 Aquilae
3277 5723 3471 5765 nomen
3557 5708 3854 5781 irrepsisse

617 5760 847 5813 videtur.
