  <div class='ocr_page' id='page_1' title='image "/cluster/home/n/w/nwhite01/storage/ocr_20150623/24/pst.000005712083/068.png"; bbox 0 0 4100 6286; ppageno 0'>
   <div class='ocr_carea' id='block_1_1' title="bbox 189 349 288 404">
    <p class='ocr_par' dir='ltr' id='par_1_1' title="bbox 189 349 288 404">
     <span class='ocr_line' id='line_1_1' title="bbox 189 349 288 404; baseline 0.02 -2"><span class='ocrx_word' id='word_1_1' title='bbox 189 349 288 404; x_wconf 69' lang='grc'><strong>101</strong></span> 
     </span>
    </p>
   </div>
   <div class='ocr_carea' id='block_1_2' title="bbox 1189 338 2503 402">
    <p class='ocr_par' dir='ltr' id='par_1_2' title="bbox 1189 338 2503 402">
     <span class='ocr_line' id='line_1_2' title="bbox 1189 338 2503 402; baseline -0.005 0"><span class='ocrx_word' id='word_1_2' title='bbox 1189 341 1693 402; x_wconf 73' lang='lat' dir='ltr'><strong>COMMENTARIA</strong></span> <span class='ocrx_word' id='word_1_3' title='bbox 1738 341 1804 396; x_wconf 87' lang='lat' dir='ltr'><strong>IN</strong></span> <span class='ocrx_word' id='word_1_4' title='bbox 1847 341 2101 398; x_wconf 78' lang='lat' dir='ltr'><strong>lSAlAM.</strong></span> <span class='ocrx_word' id='word_1_5' title='bbox 2138 371 2200 383; x_wconf 93' lang='lat'><strong>-—</strong></span> <span class='ocrx_word' id='word_1_6' title='bbox 2244 338 2398 395; x_wconf 81' lang='lat' dir='ltr'><strong>CAP.</strong></span> <span class='ocrx_word' id='word_1_7' title='bbox 2437 338 2503 396; x_wconf 85' lang='lat' dir='ltr'><strong>ll.</strong></span> 
     </span>
    </p>
   </div>
   <div class='ocr_carea' id='block_1_3' title="bbox 3403 340 3504 397">
    <p class='ocr_par' dir='ltr' id='par_1_3' title="bbox 3403 340 3504 397">
     <span class='ocr_line' id='line_1_3' title="bbox 3403 340 3504 397; baseline 0.02 -2"><span class='ocrx_word' id='word_1_8' title='bbox 3403 340 3504 397; x_wconf 72' lang='grc' dir='ltr'><strong>1οἰ</strong></span> 
     </span>
    </p>
   </div>
   <div class='ocr_carea' id='block_1_4' title="bbox 189 455 1785 538">
    <p class='ocr_par' dir='ltr' id='par_1_4' title="bbox 189 462 1780 538">
     <span class='ocr_line' id='line_1_4' title="bbox 189 462 1780 538; baseline -0.004 -18"><span class='ocrx_word' id='word_1_9' title='bbox 189 469 376 538; x_wconf 74' lang='grc' dir='ltr'>σχροίς</span> <span class='ocrx_word' id='word_1_10' title='bbox 407 466 641 536; x_wconf 75' lang='grc' dir='ltr'>αἰσχύνη</span> <span class='ocrx_word' id='word_1_11' title='bbox 669 465 736 518; x_wconf 78' lang='grc' dir='ltr'><strong>ἐκ</strong></span> <span class='ocrx_word' id='word_1_12' title='bbox 773 465 1189 535; x_wconf 76' lang='grc' dir='ltr'><strong>συναισθήσεως</strong></span> <span class='ocrx_word' id='word_1_13' title='bbox 1228 465 1412 526; x_wconf 77' lang='grc' dir='ltr'>αὐτοῖς</span> <span class='ocrx_word' id='word_1_14' title='bbox 1443 462 1780 534; x_wconf 71' lang='grc' dir='ltr'><strong>ἐγγενομένη</strong></span> 
     </span>
    </p>
   </div>
   <div class='ocr_carea' id='block_1_5' title="bbox 1889 455 3504 538">
    <p class='ocr_par' dir='ltr' id='par_1_5' title="bbox 1912 455 3504 528">
     <span class='ocr_line' id='line_1_5' title="bbox 1912 455 3504 528; baseline 0.001 -13"><span class='ocrx_word' id='word_1_15' title='bbox 1912 476 2026 523; x_wconf 87' lang='lat' dir='ltr'><strong>sus,</strong></span> <span class='ocrx_word' id='word_1_16' title='bbox 2062 473 2222 528; x_wconf 86' lang='lat' dir='ltr'><strong>quem</strong></span> <span class='ocrx_word' id='word_1_17' title='bbox 2257 459 2323 513; x_wconf 91' lang='lat' dir='ltr'><strong>de</strong></span> <span class='ocrx_word' id='word_1_18' title='bbox 2346 457 2506 513; x_wconf 76' lang='lat' dir='ltr'><strong>{cedis</strong></span> <span class='ocrx_word' id='word_1_19' title='bbox 2536 455 2652 512; x_wconf 84' lang='lat' dir='ltr'><strong>suis</strong></span> <span class='ocrx_word' id='word_1_20' title='bbox 2681 457 2851 525; x_wconf 84' lang='lat' dir='ltr'><strong>gestis</strong></span> <span class='ocrx_word' id='word_1_21' title='bbox 2875 459 3190 528; x_wconf 82' lang='lat' dir='ltr'><strong>percepturi</strong></span> <span class='ocrx_word' id='word_1_22' title='bbox 3222 468 3369 528; x_wconf 91' lang='lat' dir='ltr'><strong>sunt,</strong></span> <span class='ocrx_word' id='word_1_23' title='bbox 3397 459 3504 516; x_wconf 89' lang='lat' dir='ltr'><strong>im-</strong></span> 
     </span>
    </p>
   </div>
   <div class='ocr_carea' id='block_1_6' title="bbox 183 555 1802 632">
    <p class='ocr_par' dir='ltr' id='par_1_6' title="bbox 183 555 1802 632">
     <span class='ocr_line' id='line_1_6' title="bbox 183 555 1802 632; baseline -0.004 -18"><span class='ocrx_word' id='word_1_24' title='bbox 183 561 288 632; x_wconf 81' lang='grc' dir='ltr'><strong>τῆς</strong></span> <span class='ocrx_word' id='word_1_25' title='bbox 331 560 696 630; x_wconf 67' lang='grc' dir='ltr'><strong>ἀναισχύντου</strong></span> <span class='ocrx_word' id='word_1_26' title='bbox 727 560 825 613; x_wconf 78' lang='grc' dir='ltr'><strong>καὶ</strong></span> <span class='ocrx_word' id='word_1_27' title='bbox 857 557 1112 622; x_wconf 85' lang='grc' dir='ltr'>ἀναιδοῦς</span> <span class='ocrx_word' id='word_1_28' title='bbox 1166 558 1542 628; x_wconf 85' lang='grc' dir='ltr'>προαιρέσεως</span> <span class='ocrx_word' id='word_1_29' title='bbox 1574 555 1802 628; x_wconf 75' lang='grc' dir='ltr'>μεταϐοο</span> 
     </span>
    </p>
   </div>
   <div class='ocr_carea' id='block_1_7' title="bbox 184 651 1131 727">
    <p class='ocr_par' dir='ltr' id='par_1_7' title="bbox 184 651 1131 727">
     <span class='ocr_line' id='line_1_7' title="bbox 184 651 1131 727; baseline -0.004 -21"><span class='ocrx_word' id='word_1_30' title='bbox 184 653 288 727; x_wconf 60' lang='lat' dir='ltr'><strong>np</strong></span> <span class='ocrx_word' id='word_1_31' title='bbox 312 654 501 718; x_wconf 84' lang='grc' dir='ltr'>αύτοῐς</span> <span class='ocrx_word' id='word_1_32' title='bbox 532 651 760 722; x_wconf 77' lang='grc' dir='ltr'>ἔμελλεν</span> <span class='ocrx_word' id='word_1_33' title='bbox 785 654 1131 723; x_wconf 78' lang='grc' dir='ltr'>ἐμποιήσειν.</span> 
     </span>
    </p>
   </div>
   <div class='ocr_carea' id='block_1_8' title="bbox 259 741 1801 818">
    <p class='ocr_par' dir='ltr' id='par_1_8' title="bbox 259 741 1801 818">
     <span class='ocr_line' id='line_1_8' title="bbox 259 741 1801 818; baseline -0.001 -20"><span class='ocrx_word' id='word_1_34' title='bbox 259 765 281 798; x_wconf 73' lang='grc' dir='ltr'><strong>ι</strong></span> <span class='ocrx_word' id='word_1_35' title='bbox 296 747 559 799; x_wconf 81' lang='grc' dir='ltr'>Ἔσονται</span> <span class='ocrx_word' id='word_1_36' title='bbox 578 746 687 818; x_wconf 85' lang='grc' dir='ltr'><strong>γάρ</strong></span> <span class='ocrx_word' id='word_1_37' title='bbox 703 744 779 808; x_wconf 86' lang='grc' dir='ltr'>ὡς</span> <span class='ocrx_word' id='word_1_38' title='bbox 804 741 1122 816; x_wconf 79' lang='grc' dir='ltr'>τερέϐινθος</span> <span class='ocrx_word' id='word_1_39' title='bbox 1141 743 1552 815; x_wconf 75' lang='grc' dir='ltr'>ἀποϐεϐληκυῖα</span> <span class='ocrx_word' id='word_1_40' title='bbox 1583 744 1652 798; x_wconf 89' lang='grc' dir='ltr'><strong>τά</strong></span> <span class='ocrx_word' id='word_1_41' title='bbox 1677 743 1801 813; x_wconf 80' lang='grc' dir='ltr'>φύλ-</span> 
     </span>
    </p>
   </div>
   <div class='ocr_carea' id='block_1_9' title="bbox 181 835 1799 909">
    <p class='ocr_par' dir='ltr' id='par_1_9' title="bbox 181 835 1799 909">
     <span class='ocr_line' id='line_1_9' title="bbox 181 835 1799 909; baseline -0.002 -17"><span class='ocrx_word' id='word_1_42' title='bbox 181 838 272 902; x_wconf 82' lang='grc' dir='ltr'><strong>λα,</strong></span> <span class='ocrx_word' id='word_1_43' title='bbox 307 839 410 892; x_wconf 78' lang='grc' dir='ltr'><strong>καὶ</strong></span> <span class='ocrx_word' id='word_1_44' title='bbox 446 839 524 902; x_wconf 88' lang='grc' dir='ltr'><strong>ὡς</strong></span> <span class='ocrx_word' id='word_1_45' title='bbox 557 838 888 909; x_wconf 69' lang='grc' dir='ltr'><strong>παράδεισος</strong></span> <span class='ocrx_word' id='word_1_46' title='bbox 936 835 1080 908; x_wconf 76' lang='grc' dir='ltr'>ὕδωρ</span> <span class='ocrx_word' id='word_1_47' title='bbox 1114 835 1188 906; x_wconf 81' lang='grc' dir='ltr'><strong>μὴ</strong></span> <span class='ocrx_word' id='word_1_48' title='bbox 1246 836 1383 906; x_wconf 75' lang='grc' dir='ltr'>ἔχων</span> <span class='ocrx_word' id='word_1_49' title='bbox 1404 854 1415 866; x_wconf 92' lang='grc'><strong>·</strong></span> <span class='ocrx_word' id='word_1_50' title='bbox 1443 856 1460 887; x_wconf 73' lang='grc' dir='ltr'><strong>ι</strong></span> <span class='ocrx_word' id='word_1_51' title='bbox 1525 839 1572 890; x_wconf 77' lang='grc' dir='ltr'><strong>οἱ</strong></span> <span class='ocrx_word' id='word_1_52' title='bbox 1631 836 1799 890; x_wconf 80' lang='grc' dir='ltr'>πάλαι</span> 
     </span>
    </p>
   </div>
   <div class='ocr_carea' id='block_1_10' title="bbox 181 927 1794 1000">
    <p class='ocr_par' dir='ltr' id='par_1_10' title="bbox 181 927 1794 1000">
     <span class='ocr_line' id='line_1_10' title="bbox 181 927 1794 1000; baseline -0.001 -17"><span class='ocrx_word' id='word_1_53' title='bbox 181 932 338 994; x_wconf 65' lang='grc' dir='ltr'>ὅντες</span> <span class='ocrx_word' id='word_1_54' title='bbox 369 929 638 1000; x_wconf 82' lang='grc' dir='ltr'>ἀμπελὼν</span> <span class='ocrx_word' id='word_1_55' title='bbox 677 929 885 1000; x_wconf 78' lang='grc' dir='ltr'>Κυρίου</span> <span class='ocrx_word' id='word_1_56' title='bbox 926 927 1176 993; x_wconf 80' lang='grc' dir='ltr'>Σαὸαὼθ,</span> <span class='ocrx_word' id='word_1_57' title='bbox 1224 929 1318 981; x_wconf 66' lang='grc' dir='ltr'><strong>καλ⁵</strong></span> <span class='ocrx_word' id='word_1_58' title='bbox 1350 928 1507 980; x_wconf 80' lang='grc' dir='ltr'>ἐλαία</span> <span class='ocrx_word' id='word_1_59' title='bbox 1559 927 1794 992; x_wconf 77' lang='grc' dir='ltr'>εὖσκιος.</span> 
     </span>
    </p>
   </div>
   <div class='ocr_carea' id='block_1_11' title="bbox 181 1019 1797 1094">
    <p class='ocr_par' dir='ltr' id='par_1_11' title="bbox 181 1019 1797 1094">
     <span class='ocr_line' id='line_1_11' title="bbox 181 1019 1797 1094; baseline -0.001 -18"><span class='ocrx_word' id='word_1_60' title='bbox 181 1025 248 1077; x_wconf 78' lang='grc' dir='ltr'><strong>ΕΞ</strong></span> <span class='ocrx_word' id='word_1_61' title='bbox 283 1023 421 1091; x_wconf 84' lang='grc' dir='ltr'>γοῦν</span> <span class='ocrx_word' id='word_1_62' title='bbox 439 1041 528 1085; x_wconf 87' lang='grc' dir='ltr'><strong>τις</strong></span> <span class='ocrx_word' id='word_1_63' title='bbox 562 1022 818 1074; x_wconf 81' lang='grc' dir='ltr'>θεάσαιτο</span> <span class='ocrx_word' id='word_1_64' title='bbox 843 1022 944 1084; x_wconf 88' lang='grc' dir='ltr'><strong>τάς</strong></span> <span class='ocrx_word' id='word_1_65' title='bbox 967 1022 1096 1092; x_wconf 79' lang='grc' dir='ltr'>παρ’</span> <span class='ocrx_word' id='word_1_66' title='bbox 1122 1021 1306 1084; x_wconf 82' lang='grc' dir='ltr'>αὐτοῖς</span> <span class='ocrx_word' id='word_1_67' title='bbox 1326 1019 1436 1073; x_wconf 92' lang='grc' dir='ltr'><strong>τῶν</strong></span> <span class='ocrx_word' id='word_1_68' title='bbox 1466 1020 1629 1074; x_wconf 89' lang='grc' dir='ltr'>θείων</span> <span class='ocrx_word' id='word_1_69' title='bbox 1658 1022 1797 1094; x_wconf 87' lang='grc' dir='ltr'>Γρα-</span> 
     </span>
    </p>
   </div>
   <div class='ocr_carea' id='block_1_12' title="bbox 184 1114 1793 1188">
    <p class='ocr_par' dir='ltr' id='par_1_12' title="bbox 184 1114 1793 1188">
     <span class='ocr_line' id='line_1_12' title="bbox 184 1114 1793 1188; baseline -0.001 -19"><span class='ocrx_word' id='word_1_70' title='bbox 184 1117 303 1185; x_wconf 72' lang='grc' dir='ltr'>φῶν</span> <span class='ocrx_word' id='word_1_71' title='bbox 337 1115 699 1185; x_wconf 73' lang='grc' dir='ltr'>ἐπαγγελίας,</span> <span class='ocrx_word' id='word_1_72' title='bbox 749 1114 990 1186; x_wconf 75' lang='grc' dir='ltr'><strong>νομικῶν</strong></span> <span class='ocrx_word' id='word_1_73' title='bbox 1023 1130 1081 1167; x_wconf 87' lang='grc' dir='ltr'><strong>τε</strong></span> <span class='ocrx_word' id='word_1_74' title='bbox 1117 1116 1209 1166; x_wconf 79' lang='grc' dir='ltr'>καὶ</span> <span class='ocrx_word' id='word_1_75' title='bbox 1243 1115 1601 1184; x_wconf 77' lang='grc' dir='ltr'><strong>προφητικῶν</strong></span> <span class='ocrx_word' id='word_1_76' title='bbox 1651 1116 1793 1188; x_wconf 56' lang='grc' dir='ltr'>Γραὲ</span> 
     </span>
    </p>
   </div>
   <div class='ocr_carea' id='block_1_13' title="bbox 186 1206 1796 1280">
    <p class='ocr_par' dir='ltr' id='par_1_13' title="bbox 186 1206 1796 1280">
     <span class='ocr_line' id='line_1_13' title="bbox 186 1206 1796 1280; baseline -0.001 -18"><span class='ocrx_word' id='word_1_77' title='bbox 186 1210 305 1278; x_wconf 75' lang='grc' dir='ltr'>φῶν</span> <span class='ocrx_word' id='word_1_78' title='bbox 339 1210 706 1277; x_wconf 75' lang='grc' dir='ltr'><strong>ἀναγνώσεις,</strong></span> <span class='ocrx_word' id='word_1_79' title='bbox 739 1207 936 1278; x_wconf 75' lang='grc' dir='ltr'>βίὸλων</span> <span class='ocrx_word' id='word_1_80' title='bbox 969 1223 1026 1259; x_wconf 82' lang='grc' dir='ltr'><strong>τε</strong></span> <span class='ocrx_word' id='word_1_81' title='bbox 1073 1206 1360 1278; x_wconf 78' lang='grc' dir='ltr'>ἱστορικῶν</span> <span class='ocrx_word' id='word_1_82' title='bbox 1395 1208 1489 1260; x_wconf 73' lang='grc' dir='ltr'><strong>καὶ</strong></span> <span class='ocrx_word' id='word_1_83' title='bbox 1522 1209 1796 1280; x_wconf 82' lang='grc' dir='ltr'>στιχηρῶν</span> 
     </span>
    </p>
   </div>
   <div class='ocr_carea' id='block_1_14' title="bbox 184 1292 1794 1372">
    <p class='ocr_par' dir='ltr' id='par_1_14' title="bbox 184 1292 1794 1372">
     <span class='ocr_line' id='line_1_14' title="bbox 184 1292 1794 1372; baseline 0.001 -19"><span class='ocrx_word' id='word_1_84' title='bbox 184 1303 367 1369; x_wconf 69' lang='grc' dir='ltr'>λόγον,</span> <span class='ocrx_word' id='word_1_85' title='bbox 402 1302 686 1372; x_wconf 84' lang='grc' dir='ltr'>ύμνῳδίας</span> <span class='ocrx_word' id='word_1_86' title='bbox 715 1319 773 1355; x_wconf 86' lang='grc' dir='ltr'><strong>τε</strong></span> <span class='ocrx_word' id='word_1_87' title='bbox 800 1303 1057 1372; x_wconf 79' lang='grc' dir='ltr'><strong>τρόπους,</strong></span> <span class='ocrx_word' id='word_1_88' title='bbox 1091 1301 1184 1354; x_wconf 71' lang='grc' dir='ltr'>καὶ</span> <span class='ocrx_word' id='word_1_89' title='bbox 1217 1300 1536 1371; x_wconf 78' lang='grc' dir='ltr'>ψαλμῳδίας</span> <span class='ocrx_word' id='word_1_90' title='bbox 1557 1318 1568 1329; x_wconf 92' lang='grc'>·</span> <span class='ocrx_word' id='word_1_91' title='bbox 1607 1292 1794 1370; x_wconf 62' lang='grc' dir='ltr'>ὄψεται</span> 
     </span>
    </p>
   </div>
   <div class='ocr_carea' id='block_1_15' title="bbox 186 1392 1790 1464">
    <p class='ocr_par' dir='ltr' id='par_1_15' title="bbox 186 1392 1790 1464">
     <span class='ocr_line' id='line_1_15' title="bbox 186 1392 1790 1464; baseline -0.002 -16"><span class='ocrx_word' id='word_1_92' title='bbox 186 1394 526 1463; x_wconf 67' lang='grc' dir='ltr'>παράδεισον</span> <span class='ocrx_word' id='word_1_93' title='bbox 553 1393 790 1464; x_wconf 80' lang='grc' dir='ltr'>ἀληθῶς,</span> <span class='ocrx_word' id='word_1_94' title='bbox 841 1393 935 1446; x_wconf 69' lang='grc' dir='ltr'>καὶ</span> <span class='ocrx_word' id='word_1_95' title='bbox 966 1392 1207 1462; x_wconf 90' lang='grc' dir='ltr'>λειμῶνα</span> <span class='ocrx_word' id='word_1_96' title='bbox 1238 1392 1508 1446; x_wconf 81' lang='grc' dir='ltr'>παντοίων</span> <span class='ocrx_word' id='word_1_97' title='bbox 1550 1393 1790 1462; x_wconf 82' lang='grc' dir='ltr'><strong>ἀγαθῶν.</strong></span> 
     </span>
    </p>
   </div>
   <div class='ocr_carea' id='block_1_16' title="bbox 187 1483 1793 1555">
    <p class='ocr_par' dir='ltr' id='par_1_16' title="bbox 187 1483 1793 1555">
     <span class='ocr_line' id='line_1_16' title="bbox 187 1483 1793 1555; baseline 0.001 -19"><span class='ocrx_word' id='word_1_98' title='bbox 187 1483 248 1537; x_wconf 78' lang='lat' dir='ltr'><strong>Ei</strong></span> <span class='ocrx_word' id='word_1_99' title='bbox 274 1485 329 1536; x_wconf 82' lang='grc' dir='ltr'><em>δὲ</em></span> <span class='ocrx_word' id='word_1_100' title='bbox 367 1483 629 1554; x_wconf 74' lang='grc' dir='ltr'>ζητήσειε</span> <span class='ocrx_word' id='word_1_101' title='bbox 678 1485 808 1554; x_wconf 83' lang='grc' dir='ltr'>παρ’</span> <span class='ocrx_word' id='word_1_102' title='bbox 840 1484 1021 1546; x_wconf 81' lang='grc' dir='ltr'>αὐτοῖς</span> <span class='ocrx_word' id='word_1_103' title='bbox 1049 1483 1140 1536; x_wconf 85' lang='grc' dir='ltr'><strong>τὸν</strong></span> <span class='ocrx_word' id='word_1_104' title='bbox 1182 1483 1422 1554; x_wconf 73' lang='grc' dir='ltr'>ἔμψυχον</span> <span class='ocrx_word' id='word_1_105' title='bbox 1451 1485 1546 1537; x_wconf 76' lang='grc' dir='ltr'><strong>καὶ</strong></span> <span class='ocrx_word' id='word_1_106' title='bbox 1571 1484 1793 1555; x_wconf 77' lang='grc' dir='ltr'>γόνιμον</span> 
     </span>
    </p>
   </div>
   <div class='ocr_carea' id='block_1_17' title="bbox 186 1571 1793 1648">
    <p class='ocr_par' dir='ltr' id='par_1_17' title="bbox 186 1571 1793 1648">
     <span class='ocr_line' id='line_1_17' title="bbox 186 1571 1793 1648; baseline 0.001 -19"><span class='ocrx_word' id='word_1_107' title='bbox 186 1579 278 1629; x_wconf 69' lang='grc' dir='ltr'><strong>καὶ</strong></span> <span class='ocrx_word' id='word_1_108' title='bbox 309 1577 492 1640; x_wconf 74' lang='grc' dir='ltr'>ζῶντα</span> <span class='ocrx_word' id='word_1_109' title='bbox 529 1577 722 1643; x_wconf 80' lang='grc' dir='ltr'>Λόγον,</span> <span class='ocrx_word' id='word_1_110' title='bbox 750 1571 812 1627; x_wconf 75' lang='grc' dir='ltr'><strong>οῦ</strong></span> <span class='ocrx_word' id='word_1_111' title='bbox 839 1577 869 1628; x_wconf 76' lang='grc' dir='ltr'><strong><em>ὅ</em></strong></span> <span class='ocrx_word' id='word_1_112' title='bbox 896 1575 1064 1628; x_wconf 86' lang='grc' dir='ltr'>πίνων</span> <span class='ocrx_word' id='word_1_113' title='bbox 1093 1576 1273 1648; x_wconf 80' lang='grc' dir='ltr'>πηγὴν</span> <span class='ocrx_word' id='word_1_114' title='bbox 1303 1577 1413 1642; x_wconf 76' lang='grc' dir='ltr'>ἕξει</span> <span class='ocrx_word' id='word_1_115' title='bbox 1441 1575 1633 1638; x_wconf 76' lang='grc' dir='ltr'>ὓδατος</span> <span class='ocrx_word' id='word_1_116' title='bbox 1658 1576 1793 1641; x_wconf 80' lang='grc' dir='ltr'>ζῶν-</span> 
     </span>
    </p>
   </div>
   <div class='ocr_carea' id='block_1_18' title="bbox 186 1657 1583 1740">
    <p class='ocr_par' dir='ltr' id='par_1_18' title="bbox 186 1667 1583 1740">
     <span class='ocr_line' id='line_1_18' title="bbox 186 1667 1583 1740; baseline 0 -19"><span class='ocrx_word' id='word_1_117' title='bbox 186 1685 270 1732; x_wconf 78' lang='grc' dir='ltr'><strong>τος</strong></span> <span class='ocrx_word' id='word_1_118' title='bbox 297 1667 601 1739; x_wconf 70' lang='grc' dir='ltr'><strong>ἁλλομένου</strong></span> <span class='ocrx_word' id='word_1_119' title='bbox 639 1671 718 1732; x_wconf 81' lang='grc' dir='ltr'>εἰς</span> <span class='ocrx_word' id='word_1_120' title='bbox 746 1667 890 1738; x_wconf 76' lang='grc' dir='ltr'>ζωὴν</span> <span class='ocrx_word' id='word_1_121' title='bbox 917 1667 1132 1721; x_wconf 76' lang='grc' dir='ltr'>αἰώνιον</span> <span class='ocrx_word' id='word_1_122' title='bbox 1158 1686 1168 1697; x_wconf 92' lang='grc'><strong>·</strong></span> <span class='ocrx_word' id='word_1_123' title='bbox 1196 1669 1294 1721; x_wconf 75' lang='grc' dir='ltr'><strong>οὐκ</strong></span> <span class='ocrx_word' id='word_1_124' title='bbox 1326 1669 1391 1722; x_wconf 75' lang='grc' dir='ltr'><strong>ἂν</strong></span> <span class='ocrx_word' id='word_1_125' title='bbox 1413 1668 1583 1740; x_wconf 71' lang='grc' dir='ltr'>εὕροι.</span> 
     </span>
    </p>
   </div>
   <div class='ocr_carea' id='block_1_19' title="bbox 256 1932 1784 2008">
    <p class='ocr_par' dir='ltr' id='par_1_19' title="bbox 256 1932 1784 2008">
     <span class='ocr_line' id='line_1_19' title="bbox 256 1932 1784 2008; baseline 0.004 -24"><span class='ocrx_word' id='word_1_126' title='bbox 256 1952 276 1984; x_wconf 80' lang='grc' dir='ltr'><strong>ι</strong></span> <span class='ocrx_word' id='word_1_127' title='bbox 303 1933 419 1987; x_wconf 71' lang='grc' dir='ltr'>Καὶ</span> <span class='ocrx_word' id='word_1_128' title='bbox 448 1932 606 1986; x_wconf 74' lang='grc' dir='ltr'>ἔσται</span> <span class='ocrx_word' id='word_1_129' title='bbox 641 1937 674 2005; x_wconf 82' lang='grc' dir='ltr'><strong>ἡ</strong></span> <span class='ocrx_word' id='word_1_130' title='bbox 712 1934 863 2004; x_wconf 77' lang='grc' dir='ltr'>ἰσχῦς</span> <span class='ocrx_word' id='word_1_131' title='bbox 882 1936 1073 2006; x_wconf 71' lang='grc' dir='ltr'>ζαύτῶν</span> <span class='ocrx_word' id='word_1_132' title='bbox 1104 1936 1178 1999; x_wconf 86' lang='grc' dir='ltr'>ὼς</span> <span class='ocrx_word' id='word_1_133' title='bbox 1212 1936 1434 2008; x_wconf 84' lang='grc' dir='ltr'>καλάμη</span> <span class='ocrx_word' id='word_1_134' title='bbox 1461 1939 1784 2003; x_wconf 85' lang='grc' dir='ltr'>στυππείου,</span> 
     </span>
    </p>
   </div>
   <div class='ocr_carea' id='block_1_20' title="bbox 187 2025 1788 2100">
    <p class='ocr_par' dir='ltr' id='par_1_20' title="bbox 187 2025 1788 2100">
     <span class='ocr_line' id='line_1_20' title="bbox 187 2025 1788 2100; baseline 0.004 -22"><span class='ocrx_word' id='word_1_135' title='bbox 187 2025 274 2078; x_wconf 75' lang='grc' dir='ltr'><strong>καὶ</strong></span> <span class='ocrx_word' id='word_1_136' title='bbox 322 2028 382 2079; x_wconf 88' lang='grc' dir='ltr'><strong>αί</strong></span> <span class='ocrx_word' id='word_1_137' title='bbox 422 2026 682 2097; x_wconf 77' lang='grc' dir='ltr'><strong>ἐργασίαι</strong></span> <span class='ocrx_word' id='word_1_138' title='bbox 721 2027 900 2081; x_wconf 83' lang='grc' dir='ltr'>αὐτῶν</span> <span class='ocrx_word' id='word_1_139' title='bbox 927 2028 1000 2092; x_wconf 86' lang='grc' dir='ltr'>ὠς</span> <span class='ocrx_word' id='word_1_140' title='bbox 1032 2029 1225 2084; x_wconf 62' lang='grc' dir='ltr'>σπινθῖή</span> <span class='ocrx_word' id='word_1_141' title='bbox 1238 2047 1328 2100; x_wconf 88' lang='grc' dir='ltr'><strong>ρες</strong></span> <span class='ocrx_word' id='word_1_142' title='bbox 1353 2047 1366 2058; x_wconf 93' lang='grc'><strong>·</strong></span> <span class='ocrx_word' id='word_1_143' title='bbox 1393 2030 1487 2082; x_wconf 77' lang='grc' dir='ltr'><strong>καὶ</strong></span> <span class='ocrx_word' id='word_1_144' title='bbox 1514 2047 1788 2084; x_wconf 74' lang='grc' dir='ltr'>κατακαυ-</span> 
     </span>
    </p>
   </div>
   <div class='ocr_carea' id='block_1_21' title="bbox 185 2117 1787 2195">
    <p class='ocr_par' dir='ltr' id='par_1_21' title="bbox 185 2117 1787 2195">
     <span class='ocr_line' id='line_1_21' title="bbox 185 2117 1787 2195; baseline 0.007 -27"><span class='ocrx_word' id='word_1_145' title='bbox 185 2117 442 2187; x_wconf 73' lang='grc' dir='ltr'>θήσονται</span> <span class='ocrx_word' id='word_1_146' title='bbox 465 2120 517 2172; x_wconf 89' lang='grc' dir='ltr'><strong>οί</strong></span> <span class='ocrx_word' id='word_1_147' title='bbox 550 2121 763 2191; x_wconf 68' lang='grc' dir='ltr'>ἄνομοι,</span> <span class='ocrx_word' id='word_1_148' title='bbox 796 2122 890 2174; x_wconf 73' lang='grc' dir='ltr'><strong>καὶ</strong></span> <span class='ocrx_word' id='word_1_149' title='bbox 919 2123 968 2174; x_wconf 82' lang='grc' dir='ltr'><strong>οἱ</strong></span> <span class='ocrx_word' id='word_1_150' title='bbox 990 2122 1310 2195; x_wconf 79' lang='grc' dir='ltr'>ἁμαρτωλοὶ</span> <span class='ocrx_word' id='word_1_151' title='bbox 1360 2123 1477 2194; x_wconf 78' lang='grc' dir='ltr'><strong>ἅμα</strong></span> <span class='ocrx_word' id='word_1_152' title='bbox 1502 2141 1514 2154; x_wconf 87' lang='grc'><strong>·</strong></span> <span class='ocrx_word' id='word_1_153' title='bbox 1558 2125 1653 2178; x_wconf 72' lang='grc' dir='ltr'>καὶ</span> <span class='ocrx_word' id='word_1_154' title='bbox 1687 2126 1787 2179; x_wconf 88' lang='grc' dir='ltr'><strong>ούκ</strong></span> 
     </span>
    </p>
   </div>
   <div class='ocr_carea' id='block_1_22' title="bbox 185 2205 1784 2281">
    <p class='ocr_par' dir='ltr' id='par_1_22' title="bbox 185 2205 1784 2281">
     <span class='ocr_line' id='line_1_22' title="bbox 185 2205 1784 2281; baseline 0.005 -25"><span class='ocrx_word' id='word_1_155' title='bbox 185 2205 332 2257; x_wconf 75' lang='grc' dir='ltr'>ἔσται</span> <span class='ocrx_word' id='word_1_156' title='bbox 363 2208 393 2258; x_wconf 82' lang='grc' dir='ltr'>ὁ</span> <span class='ocrx_word' id='word_1_157' title='bbox 421 2207 652 2259; x_wconf 76' lang='grc' dir='ltr'>σόἐσων.</span> <span class='ocrx_word' id='word_1_158' title='bbox 679 2227 698 2258; x_wconf 71' lang='grc' dir='ltr'><strong>ι</strong></span> <span class='ocrx_word' id='word_1_159' title='bbox 734 2207 809 2260; x_wconf 88' lang='grc' dir='ltr'>Ού</span> <span class='ocrx_word' id='word_1_160' title='bbox 841 2207 1009 2270; x_wconf 88' lang='grc' dir='ltr'>σίτου,</span> <span class='ocrx_word' id='word_1_161' title='bbox 1034 2208 1155 2262; x_wconf 76' lang='grc' dir='ltr'>οὐδέ</span> <span class='ocrx_word' id='word_1_162' title='bbox 1187 2227 1329 2272; x_wconf 88' lang='grc' dir='ltr'>τινος</span> <span class='ocrx_word' id='word_1_163' title='bbox 1357 2210 1545 2281; x_wconf 80' lang='grc' dir='ltr'>ἑτέρου</span> <span class='ocrx_word' id='word_1_164' title='bbox 1580 2210 1690 2264; x_wconf 89' lang='grc' dir='ltr'><strong>τῶν</strong></span> <span class='ocrx_word' id='word_1_165' title='bbox 1720 2212 1784 2264; x_wconf 88' lang='grc' dir='ltr'>ἀ-</span> 
     </span>
    </p>
   </div>
   <div class='ocr_carea' id='block_1_23' title="bbox 185 2299 1785 2374">
    <p class='ocr_par' dir='ltr' id='par_1_23' title="bbox 185 2299 1785 2374">
     <span class='ocr_line' id='line_1_23' title="bbox 185 2299 1785 2374; baseline 0.004 -26"><span class='ocrx_word' id='word_1_166' title='bbox 185 2299 460 2364; x_wconf 75' lang='grc' dir='ltr'>ναγκαίων</span> <span class='ocrx_word' id='word_1_167' title='bbox 485 2299 734 2370; x_wconf 73' lang='grc' dir='ltr'>καλάμη,</span> <span class='ocrx_word' id='word_1_168' title='bbox 761 2299 851 2353; x_wconf 85' lang='grc' dir='ltr'>διά</span> <span class='ocrx_word' id='word_1_169' title='bbox 884 2300 941 2352; x_wconf 79' lang='grc' dir='ltr'><strong>τὸ</strong></span> <span class='ocrx_word' id='word_1_170' title='bbox 960 2301 1271 2374; x_wconf 73' lang='grc' dir='ltr'>ἀφῃρῆσθαι</span> <span class='ocrx_word' id='word_1_171' title='bbox 1295 2303 1390 2356; x_wconf 86' lang='grc' dir='ltr'>ἀπ’</span> <span class='ocrx_word' id='word_1_172' title='bbox 1423 2301 1603 2355; x_wconf 79' lang='grc' dir='ltr'>αὐτῶν</span> <span class='ocrx_word' id='word_1_173' title='bbox 1633 2303 1785 2373; x_wconf 82' lang='grc' dir='ltr'>ίσχύ-</span> 
     </span>
    </p>
   </div>
   <div class='ocr_carea' id='block_1_24' title="bbox 185 2389 1781 2464">
    <p class='ocr_par' dir='ltr' id='par_1_24' title="bbox 185 2389 1781 2464">
     <span class='ocr_line' id='line_1_24' title="bbox 185 2389 1781 2464; baseline 0.003 -23"><span class='ocrx_word' id='word_1_174' title='bbox 185 2406 305 2442; x_wconf 80' lang='grc' dir='ltr'>οντα</span> <span class='ocrx_word' id='word_1_175' title='bbox 333 2391 433 2442; x_wconf 74' lang='grc' dir='ltr'><strong>καὶ</strong></span> <span class='ocrx_word' id='word_1_176' title='bbox 472 2391 785 2460; x_wconf 69' lang='grc' dir='ltr'>ἰσχύουσαν,</span> <span class='ocrx_word' id='word_1_177' title='bbox 841 2389 936 2445; x_wconf 77' lang='grc' dir='ltr'>καὶ</span> <span class='ocrx_word' id='word_1_178' title='bbox 984 2394 1137 2464; x_wconf 80' lang='grc' dir='ltr'>ἰσχὺν</span> <span class='ocrx_word' id='word_1_179' title='bbox 1163 2394 1354 2463; x_wconf 75' lang='grc' dir='ltr'>ἄρτου,</span> <span class='ocrx_word' id='word_1_180' title='bbox 1409 2393 1502 2446; x_wconf 76' lang='grc' dir='ltr'><strong>καὶ</strong></span> <span class='ocrx_word' id='word_1_181' title='bbox 1533 2392 1606 2446; x_wconf 84' lang='grc' dir='ltr'>τὰ</span> <span class='ocrx_word' id='word_1_182' title='bbox 1634 2395 1781 2464; x_wconf 73' lang='grc' dir='ltr'>ἑξῆς.</span> 
     </span>
    </p>
   </div>
   <div class='ocr_carea' id='block_1_25' title="bbox 183 2481 1786 2558">
    <p class='ocr_par' dir='ltr' id='par_1_25' title="bbox 183 2481 1786 2558">
     <span class='ocr_line' id='line_1_25' title="bbox 183 2481 1786 2558; baseline 0.005 -26"><span class='ocrx_word' id='word_1_183' title='bbox 183 2481 267 2533; x_wconf 65' lang='grc' dir='ltr'><strong>Διὸ</strong></span> <span class='ocrx_word' id='word_1_184' title='bbox 291 2481 418 2534; x_wconf 76' lang='grc' dir='ltr'><strong>οὐδὲ</strong></span> <span class='ocrx_word' id='word_1_185' title='bbox 469 2481 727 2534; x_wconf 77' lang='grc' dir='ltr'>δύνανται</span> <span class='ocrx_word' id='word_1_186' title='bbox 771 2481 952 2550; x_wconf 86' lang='grc' dir='ltr'>λέγειν</span> <span class='ocrx_word' id='word_1_187' title='bbox 993 2487 1107 2547; x_wconf 82' lang='grc' dir='ltr'>τοῖς</span> <span class='ocrx_word' id='word_1_188' title='bbox 1149 2484 1387 2554; x_wconf 78' lang='grc' dir='ltr'>Χριστοῦ</span> <span class='ocrx_word' id='word_1_189' title='bbox 1434 2486 1705 2558; x_wconf 80' lang='grc' dir='ltr'><strong>μαθηταῖς</strong></span> <span class='ocrx_word' id='word_1_190' title='bbox 1732 2489 1786 2539; x_wconf 85' lang='grc' dir='ltr'><strong>ὁ·</strong></span> 
     </span>
    </p>
   </div>
   <div class='ocr_carea' id='block_1_26' title="bbox 187 2573 1785 2650">
    <p class='ocr_par' dir='ltr' id='par_1_26' title="bbox 187 2573 1785 2650">
     <span class='ocr_line' id='line_1_26' title="bbox 187 2573 1785 2650; baseline 0.016 -42"><span class='ocrx_word' id='word_1_191' title='bbox 187 2574 350 2642; x_wconf 60' lang='grc' dir='ltr'>μεως</span> <span class='ocrx_word' id='word_1_192' title='bbox 374 2589 388 2603; x_wconf 78' lang='grc' dir='ltr'><strong><em>ο</em></strong></span> <span class='ocrx_word' id='word_1_193' title='bbox 443 2598 462 2622; x_wconf 86' lang='grc'><strong>.</strong></span> <span class='ocrx_word' id='word_1_194' title='bbox 489 2573 676 2629; x_wconf 80' lang='grc' dir='ltr'>Πάντα</span> <span class='ocrx_word' id='word_1_195' title='bbox 711 2574 970 2645; x_wconf 67' lang='grc' dir='ltr'>ἰσχύομεν</span> <span class='ocrx_word' id='word_1_196' title='bbox 995 2578 1054 2629; x_wconf 85' lang='grc' dir='ltr'>ὲν</span> <span class='ocrx_word' id='word_1_197' title='bbox 1099 2575 1176 2648; x_wconf 86' lang='grc' dir='ltr'>τῷ</span> <span class='ocrx_word' id='word_1_198' title='bbox 1208 2577 1598 2649; x_wconf 82' lang='grc' dir='ltr'>ἑνδυναμοῦντι</span> <span class='ocrx_word' id='word_1_199' title='bbox 1639 2579 1785 2650; x_wconf 78' lang='grc' dir='ltr'>ἡμᾶς</span> 
     </span>
    </p>
   </div>
   <div class='ocr_carea' id='block_1_27' title="bbox 184 2665 1783 2745">
    <p class='ocr_par' dir='ltr' id='par_1_27' title="bbox 184 2665 1783 2745">
     <span class='ocr_line' id='line_1_27' title="bbox 184 2665 1783 2745; baseline 0.005 -27"><span class='ocrx_word' id='word_1_200' title='bbox 354 2686 375 2718; x_wconf 74' lang='grc' dir='ltr'><strong>ι</strong></span> <span class='ocrx_word' id='word_1_201' title='bbox 407 2669 530 2732; x_wconf 77' lang='grc' dir='ltr'>καὶ,</span> <span class='ocrx_word' id='word_1_202' title='bbox 567 2686 586 2719; x_wconf 77' lang='grc' dir='ltr'><strong>ι</strong></span> <span class='ocrx_word' id='word_1_203' title='bbox 605 2668 702 2732; x_wconf 89' lang='grc' dir='ltr'>Τίς</span> <span class='ocrx_word' id='word_1_204' title='bbox 747 2671 897 2740; x_wconf 76' lang='grc' dir='ltr'>ἡμᾶς</span> <span class='ocrx_word' id='word_1_205' title='bbox 918 2671 1142 2742; x_wconf 76' lang='grc' dir='ltr'>χωρίσει</span> <span class='ocrx_word' id='word_1_206' title='bbox 1177 2671 1286 2724; x_wconf 82' lang='grc' dir='ltr'><strong>ἀπὸ</strong></span> <span class='ocrx_word' id='word_1_207' title='bbox 1314 2673 1411 2744; x_wconf 87' lang='grc' dir='ltr'><strong>τῆς</strong></span> <span class='ocrx_word' id='word_1_208' title='bbox 1439 2674 1664 2745; x_wconf 83' lang='grc' dir='ltr'>ἀγάπης</span> <span class='ocrx_word' id='word_1_209' title='bbox 1688 2673 1783 2728; x_wconf 87' lang='grc' dir='ltr'><strong>τοῦ</strong></span> 
     </span>
    </p>
   </div>
   <div class='ocr_carea' id='block_1_28' title="bbox 183 2759 1785 2838">
    <p class='ocr_par' dir='ltr' id='par_1_28' title="bbox 183 2759 1785 2838">
     <span class='ocr_line' id='line_1_28' title="bbox 183 2759 1785 2838; baseline 0.006 -26"><span class='ocrx_word' id='word_1_210' title='bbox 183 2759 458 2832; x_wconf 76' lang='grc' dir='ltr'>Χριστοῦ;</span> <span class='ocrx_word' id='word_1_211' title='bbox 494 2759 730 2833; x_wconf 78' lang='grc' dir='ltr'>θλίψιςῆ</span> <span class='ocrx_word' id='word_1_212' title='bbox 765 2765 1133 2836; x_wconf 83' lang='grc' dir='ltr'>στενοχωρία;</span> <span class='ocrx_word' id='word_1_213' title='bbox 1163 2783 1180 2816; x_wconf 73' lang='grc' dir='ltr'><strong>ι</strong></span> <span class='ocrx_word' id='word_1_214' title='bbox 1217 2767 1312 2818; x_wconf 74' lang='grc' dir='ltr'><strong>καὶ</strong></span> <span class='ocrx_word' id='word_1_215' title='bbox 1338 2765 1408 2820; x_wconf 89' lang='grc' dir='ltr'><strong>τά</strong></span> <span class='ocrx_word' id='word_1_216' title='bbox 1442 2766 1591 2838; x_wconf 81' lang='grc' dir='ltr'>ἑξῆς.</span> <span class='ocrx_word' id='word_1_217' title='bbox 1627 2767 1785 2822; x_wconf 77' lang='grc' dir='ltr'>Οὕτω</span> 
     </span>
    </p>
   </div>
   <div class='ocr_carea' id='block_1_29' title="bbox 184 2851 1785 2928">
    <p class='ocr_par' dir='ltr' id='par_1_29' title="bbox 184 2851 1785 2928">
     <span class='ocr_line' id='line_1_29' title="bbox 184 2851 1785 2928; baseline 0.005 -22"><span class='ocrx_word' id='word_1_218' title='bbox 184 2851 485 2922; x_wconf 66' lang='grc' dir='ltr'>δὲγέγονεν</span> <span class='ocrx_word' id='word_1_219' title='bbox 514 2854 690 2907; x_wconf 71' lang='grc' dir='ltr'>αὐτῶν</span> <span class='ocrx_word' id='word_1_220' title='bbox 741 2855 775 2926; x_wconf 75' lang='grc' dir='ltr'><strong>ἠ</strong></span> <span class='ocrx_word' id='word_1_221' title='bbox 808 2857 960 2927; x_wconf 80' lang='grc' dir='ltr'>ἰσχὺς</span> <span class='ocrx_word' id='word_1_222' title='bbox 992 2855 1069 2920; x_wconf 86' lang='grc' dir='ltr'>ὡς</span> <span class='ocrx_word' id='word_1_223' title='bbox 1093 2857 1315 2928; x_wconf 84' lang='grc' dir='ltr'>καλάμη</span> <span class='ocrx_word' id='word_1_224' title='bbox 1353 2862 1676 2926; x_wconf 86' lang='grc' dir='ltr'>στυππείου,</span> <span class='ocrx_word' id='word_1_225' title='bbox 1709 2863 1785 2926; x_wconf 80' lang='grc' dir='ltr'>ὡς</span> 
     </span>
    </p>
   </div>
   <div class='ocr_carea' id='block_1_30' title="bbox 189 2946 1784 3027">
    <p class='ocr_par' dir='ltr' id='par_1_30' title="bbox 189 2946 1784 3027">
     <span class='ocr_line' id='line_1_30' title="bbox 189 2946 1784 3027; baseline 0.004 -27"><span class='ocrx_word' id='word_1_226' title='bbox 189 2949 259 3019; x_wconf 74' lang='grc' dir='ltr'>μὴ</span> <span class='ocrx_word' id='word_1_227' title='bbox 311 2949 480 3019; x_wconf 81' lang='grc' dir='ltr'>μόνον</span> <span class='ocrx_word' id='word_1_228' title='bbox 510 2947 772 3002; x_wconf 84' lang='grc' dir='ltr'>ἀπολέσαι</span> <span class='ocrx_word' id='word_1_229' title='bbox 804 2951 905 3021; x_wconf 84' lang='grc' dir='ltr'>τὴν</span> <span class='ocrx_word' id='word_1_230' title='bbox 953 2950 1294 3023; x_wconf 74' lang='grc' dir='ltr'>ἐλευθερίαν,</span> <span class='ocrx_word' id='word_1_231' title='bbox 1340 2946 1460 3025; x_wconf 81' lang='grc' dir='ltr'>ὲνῇ</span> <span class='ocrx_word' id='word_1_232' title='bbox 1517 2955 1784 3027; x_wconf 86' lang='grc' dir='ltr'>πρότερον</span> 
     </span>
    </p>
   </div>
   <div class='ocr_carea' id='block_1_31' title="bbox 187 3041 1782 3117">
    <p class='ocr_par' dir='ltr' id='par_1_31' title="bbox 187 3041 1782 3117">
     <span class='ocr_line' id='line_1_31' title="bbox 187 3041 1782 3117; baseline 0.003 -23"><span class='ocrx_word' id='word_1_233' title='bbox 187 3042 420 3113; x_wconf 63' lang='grc' dir='ltr'>ἐκόμων,</span> <span class='ocrx_word' id='word_1_234' title='bbox 471 3041 767 3114; x_wconf 73' lang='grc' dir='ltr'>αὐτονομίᾳ</span> <span class='ocrx_word' id='word_1_235' title='bbox 809 3042 906 3096; x_wconf 67' lang='grc' dir='ltr'><strong>καλ⁸</strong></span> <span class='ocrx_word' id='word_1_236' title='bbox 964 3041 1210 3115; x_wconf 81' lang='grc' dir='ltr'>βασιλείᾳ</span> <span class='ocrx_word' id='word_1_237' title='bbox 1261 3044 1435 3115; x_wconf 79' lang='grc' dir='ltr'>οἰκείᾳ</span> <span class='ocrx_word' id='word_1_238' title='bbox 1484 3043 1782 3117; x_wconf 86' lang='grc' dir='ltr'>χρώμενοι,</span> 
     </span>
    </p>
   </div>
   <div class='ocr_carea' id='block_1_32' title="bbox 184 3130 1855 3225">
    <p class='ocr_par' dir='ltr' id='par_1_32' title="bbox 184 3130 1855 3225">
     <span class='ocr_line' id='line_1_32' title="bbox 184 3130 1855 3225; baseline 0.002 -38"><span class='ocrx_word' id='word_1_239' title='bbox 184 3133 318 3187; x_wconf 82' lang='grc' dir='ltr'><strong>ἀλλά</strong></span> <span class='ocrx_word' id='word_1_240' title='bbox 345 3133 444 3186; x_wconf 72' lang='grc' dir='ltr'><strong>καὶ</strong></span> <span class='ocrx_word' id='word_1_241' title='bbox 477 3135 592 3197; x_wconf 83' lang='grc' dir='ltr'>τοῖς</span> <span class='ocrx_word' id='word_1_242' title='bbox 614 3131 838 3204; x_wconf 83' lang='grc' dir='ltr'>τυχοῦσι</span> <span class='ocrx_word' id='word_1_243' title='bbox 881 3130 1169 3205; x_wconf 87' lang='grc' dir='ltr'>Ῥωμαίων</span> <span class='ocrx_word' id='word_1_244' title='bbox 1200 3133 1562 3206; x_wconf 77' lang='grc' dir='ltr'>στρατιώταις</span> <span class='ocrx_word' id='word_1_245' title='bbox 1587 3136 1784 3207; x_wconf 87' lang='grc' dir='ltr'>ἀνδρά-</span> <span class='ocrx_word' id='word_1_246' title='bbox 1813 3167 1855 3225; x_wconf 77' lang='lat' dir='ltr'><strong>C</strong></span> 
     </span>
    </p>
   </div>
   <div class='ocr_carea' id='block_1_33' title="bbox 185 3224 1782 3299">
    <p class='ocr_par' dir='ltr' id='par_1_33' title="bbox 185 3224 1782 3299">
     <span class='ocr_line' id='line_1_33' title="bbox 185 3224 1782 3299; baseline 0.002 -20"><span class='ocrx_word' id='word_1_247' title='bbox 185 3243 234 3279; x_wconf 80' lang='grc' dir='ltr'><strong>σι</strong></span> <span class='ocrx_word' id='word_1_248' title='bbox 265 3224 558 3280; x_wconf 76' lang='grc' dir='ltr'>δουλεύειν.</span> <span class='ocrx_word' id='word_1_249' title='bbox 593 3227 704 3280; x_wconf 72' lang='grc' dir='ltr'><strong>Καὶ</strong></span> <span class='ocrx_word' id='word_1_250' title='bbox 728 3225 908 3279; x_wconf 73' lang='grc' dir='ltr'>αὐτῶν</span> <span class='ocrx_word' id='word_1_251' title='bbox 934 3224 1045 3296; x_wconf 84' lang='grc' dir='ltr'><strong>γάρ</strong></span> <span class='ocrx_word' id='word_1_252' title='bbox 1069 3227 1125 3279; x_wconf 82' lang='grc' dir='ltr'>αἱ</span> <span class='ocrx_word' id='word_1_253' title='bbox 1150 3226 1403 3296; x_wconf 76' lang='grc' dir='ltr'>ἐργασίαι</span> <span class='ocrx_word' id='word_1_254' title='bbox 1433 3229 1564 3299; x_wconf 79' lang='grc' dir='ltr'>πυρὶ</span> <span class='ocrx_word' id='word_1_255' title='bbox 1590 3229 1782 3293; x_wconf 74' lang='grc' dir='ltr'>αἴτιαι,</span> 
     </span>
    </p>
   </div>
   <div class='ocr_carea' id='block_1_34' title="bbox 184 3316 1786 3389">
    <p class='ocr_par' dir='ltr' id='par_1_34' title="bbox 184 3316 1786 3389">
     <span class='ocr_line' id='line_1_34' title="bbox 184 3316 1786 3389; baseline 0.001 -19"><span class='ocrx_word' id='word_1_256' title='bbox 184 3319 276 3370; x_wconf 61' lang='lat' dir='ltr'><strong>de:</strong></span> <span class='ocrx_word' id='word_1_257' title='bbox 315 3317 378 3370; x_wconf 80' lang='grc' dir='ltr'><strong>ού</strong></span> <span class='ocrx_word' id='word_1_258' title='bbox 411 3318 615 3389; x_wconf 77' lang='grc' dir='ltr'>χρυσὸν</span> <span class='ocrx_word' id='word_1_259' title='bbox 632 3316 754 3371; x_wconf 82' lang='grc' dir='ltr'><strong>ούδέ</strong></span> <span class='ocrx_word' id='word_1_260' title='bbox 791 3317 1185 3389; x_wconf 71' lang='grc' dir='ltr'>ἄργυρονίούδὲ</span> <span class='ocrx_word' id='word_1_261' title='bbox 1217 3316 1400 3382; x_wconf 83' lang='grc' dir='ltr'>λίθους</span> <span class='ocrx_word' id='word_1_262' title='bbox 1432 3319 1668 3389; x_wconf 80' lang='grc' dir='ltr'>τιμίους,</span> <span class='ocrx_word' id='word_1_263' title='bbox 1697 3318 1786 3384; x_wconf 82' lang='grc' dir='ltr'>ξύ-</span> 
     </span>
    </p>
   </div>
   <div class='ocr_carea' id='block_1_35' title="bbox 184 3407 1786 3483">
    <p class='ocr_par' dir='ltr' id='par_1_35' title="bbox 184 3407 1786 3483">
     <span class='ocr_line' id='line_1_35' title="bbox 184 3407 1786 3483; baseline 0.002 -21"><span class='ocrx_word' id='word_1_264' title='bbox 184 3407 268 3462; x_wconf 76' lang='grc' dir='ltr'><strong>λον</strong></span> <span class='ocrx_word' id='word_1_265' title='bbox 311 3408 368 3462; x_wconf 76' lang='grc' dir='ltr'><strong>δὲ</strong></span> <span class='ocrx_word' id='word_1_266' title='bbox 402 3410 564 3480; x_wconf 80' lang='grc' dir='ltr'>μόνον</span> <span class='ocrx_word' id='word_1_267' title='bbox 604 3411 699 3464; x_wconf 77' lang='grc' dir='ltr'><strong>καὶ</strong></span> <span class='ocrx_word' id='word_1_268' title='bbox 733 3409 988 3480; x_wconf 82' lang='grc' dir='ltr'>καλάμην</span> <span class='ocrx_word' id='word_1_269' title='bbox 1019 3409 1468 3481; x_wconf 84' lang='grc' dir='ltr'>οίκοδομούντων.</span> <span class='ocrx_word' id='word_1_270' title='bbox 1523 3412 1690 3483; x_wconf 78' lang='grc' dir='ltr'>Ὁρᾷς</span> <span class='ocrx_word' id='word_1_271' title='bbox 1731 3413 1786 3465; x_wconf 80' lang='grc' dir='ltr'><strong>ὂ-</strong></span> 
     </span>
    </p>
   </div>
   <div class='ocr_carea' id='block_1_36' title="bbox 189 3501 1786 3574">
    <p class='ocr_par' dir='ltr' id='par_1_36' title="bbox 189 3501 1786 3574">
     <span class='ocr_line' id='line_1_36' title="bbox 189 3501 1786 3574; baseline 0.001 -20"><span class='ocrx_word' id='word_1_272' title='bbox 189 3519 297 3564; x_wconf 72' lang='grc' dir='ltr'>ιτως</span> <span class='ocrx_word' id='word_1_273' title='bbox 345 3501 688 3573; x_wconf 76' lang='grc' dir='ltr'>πυρπὸλησιν</span> <span class='ocrx_word' id='word_1_274' title='bbox 737 3503 834 3555; x_wconf 74' lang='grc' dir='ltr'><strong>καὶ</strong></span> <span class='ocrx_word' id='word_1_275' title='bbox 887 3503 1214 3574; x_wconf 79' lang='grc' dir='ltr'>ἐμπρησμὸν</span> <span class='ocrx_word' id='word_1_276' title='bbox 1262 3503 1480 3556; x_wconf 83' lang='grc' dir='ltr'>ἀπειλεῖ</span> <span class='ocrx_word' id='word_1_277' title='bbox 1530 3504 1716 3567; x_wconf 77' lang='grc' dir='ltr'>αὐτοῖς</span> <span class='ocrx_word' id='word_1_278' title='bbox 1757 3505 1786 3556; x_wconf 87' lang='grc' dir='ltr'>ὁ</span> 
     </span>
    </p>
   </div>
   <div class='ocr_carea' id='block_1_37' title="bbox 187 3593 1784 3665">
    <p class='ocr_par' dir='ltr' id='par_1_37' title="bbox 187 3593 1784 3665">
     <span class='ocr_line' id='line_1_37' title="bbox 187 3593 1784 3665; baseline 0.003 -20"><span class='ocrx_word' id='word_1_279' title='bbox 187 3593 337 3662; x_wconf 68' lang='grc' dir='ltr'>λόγος</span> <span class='ocrx_word' id='word_1_280' title='bbox 364 3609 377 3622; x_wconf 85' lang='grc'><strong>·</strong></span> <span class='ocrx_word' id='word_1_281' title='bbox 434 3593 528 3646; x_wconf 72' lang='grc' dir='ltr'>καὶ</span> <span class='ocrx_word' id='word_1_282' title='bbox 567 3593 726 3646; x_wconf 87' lang='grc' dir='ltr'>τοῦτο</span> <span class='ocrx_word' id='word_1_283' title='bbox 754 3593 907 3657; x_wconf 82' lang='grc' dir='ltr'>τέλος</span> <span class='ocrx_word' id='word_1_284' title='bbox 965 3593 1064 3665; x_wconf 85' lang='grc' dir='ltr'><strong>τῆς</strong></span> <span class='ocrx_word' id='word_1_285' title='bbox 1116 3594 1396 3665; x_wconf 82' lang='grc' dir='ltr'>παρούσης</span> <span class='ocrx_word' id='word_1_286' title='bbox 1449 3596 1571 3648; x_wconf 78' lang='grc' dir='ltr'>κατ’</span> <span class='ocrx_word' id='word_1_287' title='bbox 1603 3595 1784 3649; x_wconf 83' lang='grc' dir='ltr'>αὐτῶν</span> 
     </span>
    </p>
   </div>
   <div class='ocr_carea' id='block_1_38' title="bbox 189 3685 1780 3759">
    <p class='ocr_par' dir='ltr' id='par_1_38' title="bbox 189 3685 1780 3759">
     <span class='ocr_line' id='line_1_38' title="bbox 189 3685 1780 3759; baseline 0.001 -21"><span class='ocrx_word' id='word_1_288' title='bbox 189 3685 551 3758; x_wconf 74' lang='grc' dir='ltr'>προφητείας·</span> <span class='ocrx_word' id='word_1_289' title='bbox 579 3686 608 3739; x_wconf 83' lang='grc' dir='ltr'>ὂ</span> <span class='ocrx_word' id='word_1_290' title='bbox 643 3687 706 3758; x_wconf 84' lang='grc' dir='ltr'><strong>δὴ</strong></span> <span class='ocrx_word' id='word_1_291' title='bbox 739 3687 834 3741; x_wconf 75' lang='grc' dir='ltr'>καὶ</span> <span class='ocrx_word' id='word_1_292' title='bbox 860 3686 1204 3759; x_wconf 85' lang='grc' dir='ltr'>παραχρῆμα</span> <span class='ocrx_word' id='word_1_293' title='bbox 1231 3687 1367 3759; x_wconf 81' lang='grc' dir='ltr'>πρὸς</span> <span class='ocrx_word' id='word_1_294' title='bbox 1399 3687 1543 3752; x_wconf 79' lang='grc' dir='ltr'>λέξιν</span> <span class='ocrx_word' id='word_1_295' title='bbox 1578 3687 1780 3758; x_wconf 79' lang='grc' dir='ltr'>ἀπέϐη,</span> 
     </span>
    </p>
   </div>
   <div class='ocr_carea' id='block_1_39' title="bbox 187 3776 1782 3849">
    <p class='ocr_par' dir='ltr' id='par_1_39' title="bbox 187 3776 1782 3849">
     <span class='ocr_line' id='line_1_39' title="bbox 187 3776 1782 3849; baseline -0.001 -19"><span class='ocrx_word' id='word_1_296' title='bbox 187 3778 277 3831; x_wconf 73' lang='grc' dir='ltr'>καὶ</span> <span class='ocrx_word' id='word_1_297' title='bbox 310 3778 412 3830; x_wconf 76' lang='grc' dir='ltr'>οὐκ</span> <span class='ocrx_word' id='word_1_298' title='bbox 451 3779 533 3841; x_wconf 90' lang='grc' dir='ltr'><strong>είς</strong></span> <span class='ocrx_word' id='word_1_299' title='bbox 573 3776 790 3848; x_wconf 79' lang='grc' dir='ltr'>μακρὰν</span> <span class='ocrx_word' id='word_1_300' title='bbox 823 3778 965 3848; x_wconf 83' lang='grc' dir='ltr'>μετὰ</span> <span class='ocrx_word' id='word_1_301' title='bbox 993 3777 1090 3848; x_wconf 82' lang='grc' dir='ltr'>τὴν</span> <span class='ocrx_word' id='word_1_302' title='bbox 1120 3777 1261 3831; x_wconf 83' lang='grc' dir='ltr'><strong>κατά</strong></span> <span class='ocrx_word' id='word_1_303' title='bbox 1308 3777 1403 3831; x_wconf 84' lang='grc' dir='ltr'><strong>τοῦ</strong></span> <span class='ocrx_word' id='word_1_304' title='bbox 1437 3778 1691 3848; x_wconf 78' lang='grc' dir='ltr'>Σωτῆρος</span> <span class='ocrx_word' id='word_1_305' title='bbox 1719 3781 1782 3849; x_wconf 71' lang='grc' dir='ltr'><strong>ἡι</strong></span> 
     </span>
    </p>
   </div>
   <div class='ocr_carea' id='block_1_40' title="bbox 191 3868 1777 3942">
    <p class='ocr_par' dir='ltr' id='par_1_40' title="bbox 191 3868 1777 3942">
     <span class='ocr_line' id='line_1_40' title="bbox 191 3868 1777 3942; baseline 0.001 -21"><span class='ocrx_word' id='word_1_306' title='bbox 191 3868 302 3938; x_wconf 78' lang='grc' dir='ltr'><strong>μῶν</strong></span> <span class='ocrx_word' id='word_1_307' title='bbox 329 3868 536 3940; x_wconf 81' lang='grc' dir='ltr'>τόλμαν</span> <span class='ocrx_word' id='word_1_308' title='bbox 559 3868 1002 3940; x_wconf 61' lang='grc' dir='ltr'>πυρποληθείσης</span> <span class='ocrx_word' id='word_1_309' title='bbox 1029 3869 1213 3934; x_wconf 79' lang='grc' dir='ltr'>αὐτοῖς</span> <span class='ocrx_word' id='word_1_310' title='bbox 1244 3868 1345 3937; x_wconf 89' lang='grc' dir='ltr'><strong>τῆς</strong></span> <span class='ocrx_word' id='word_1_311' title='bbox 1369 3870 1777 3942; x_wconf 81' lang='grc' dir='ltr'>μητροπόλεως,</span> 
     </span>
    </p>
   </div>
   <div class='ocr_carea' id='block_1_41' title="bbox 187 3961 1780 4035">
    <p class='ocr_par' dir='ltr' id='par_1_41' title="bbox 187 3961 1780 4035">
     <span class='ocr_line' id='line_1_41' title="bbox 187 3961 1780 4035; baseline 0.003 -21"><span class='ocrx_word' id='word_1_312' title='bbox 187 3961 291 4014; x_wconf 75' lang='grc' dir='ltr'><strong>τῶν</strong></span> <span class='ocrx_word' id='word_1_313' title='bbox 325 3978 384 4015; x_wconf 77' lang='grc' dir='ltr'><strong>τε</strong></span> <span class='ocrx_word' id='word_1_314' title='bbox 432 3963 492 4014; x_wconf 89' lang='grc' dir='ltr'><strong>ἐν</strong></span> <span class='ocrx_word' id='word_1_315' title='bbox 528 3963 666 4032; x_wconf 77' lang='grc' dir='ltr'>αὐτῇ</span> <span class='ocrx_word' id='word_1_316' title='bbox 711 3961 926 4015; x_wconf 72' lang='grc' dir='ltr'>ἀσεϐῶν</span> <span class='ocrx_word' id='word_1_317' title='bbox 967 3964 1032 4016; x_wconf 87' lang='grc' dir='ltr'>ὲκ</span> <span class='ocrx_word' id='word_1_318' title='bbox 1058 3961 1166 4016; x_wconf 88' lang='grc' dir='ltr'><strong>τῶν</strong></span> <span class='ocrx_word' id='word_1_319' title='bbox 1199 3962 1414 4018; x_wconf 73' lang='grc' dir='ltr'>οἰκείων</span> <span class='ocrx_word' id='word_1_320' title='bbox 1462 3963 1780 4035; x_wconf 84' lang='grc' dir='ltr'>σπινθήρων</span> 
     </span>
    </p>
   </div>
   <div class='ocr_carea' id='block_1_42' title="bbox 188 4053 1779 4127">
    <p class='ocr_par' dir='ltr' id='par_1_42' title="bbox 188 4053 1779 4127">
     <span class='ocr_line' id='line_1_42' title="bbox 188 4053 1779 4127; baseline 0.001 -21"><span class='ocrx_word' id='word_1_321' title='bbox 188 4053 244 4106; x_wconf 76' lang='grc' dir='ltr'>τὺ</span> <span class='ocrx_word' id='word_1_322' title='bbox 272 4053 538 4108; x_wconf 70' lang='grc' dir='ltr'>ἄσϐεστον</span> <span class='ocrx_word' id='word_1_323' title='bbox 567 4054 678 4125; x_wconf 88' lang='grc' dir='ltr'><strong>πῦρ</strong></span> <span class='ocrx_word' id='word_1_324' title='bbox 723 4054 785 4107; x_wconf 85' lang='grc' dir='ltr'>τὸ</span> <span class='ocrx_word' id='word_1_325' title='bbox 817 4054 1053 4117; x_wconf 78' lang='grc' dir='ltr'>αἰώνων,</span> <span class='ocrx_word' id='word_1_326' title='bbox 1091 4055 1187 4108; x_wconf 77' lang='grc' dir='ltr'>καὶ</span> <span class='ocrx_word' id='word_1_327' title='bbox 1214 4054 1314 4124; x_wconf 84' lang='grc' dir='ltr'>τὴν</span> <span class='ocrx_word' id='word_1_328' title='bbox 1340 4056 1405 4109; x_wconf 84' lang='grc' dir='ltr'><strong>ἐκ</strong></span> <span class='ocrx_word' id='word_1_329' title='bbox 1442 4055 1577 4110; x_wconf 83' lang='grc' dir='ltr'>Θεοῦ</span> <span class='ocrx_word' id='word_1_330' title='bbox 1610 4056 1779 4127; x_wconf 74' lang='grc' dir='ltr'>ὀργὴν</span> 
     </span>
    </p>
   </div>
   <div class='ocr_carea' id='block_1_43' title="bbox 189 4147 1341 4220">
    <p class='ocr_par' dir='ltr' id='par_1_43' title="bbox 189 4147 1341 4220">
     <span class='ocr_line' id='line_1_43' title="bbox 189 4147 1341 4220; baseline 0.003 -20"><span class='ocrx_word' id='word_1_331' title='bbox 189 4149 243 4200; x_wconf 82' lang='grc' dir='ltr'>ἑν</span> <span class='ocrx_word' id='word_1_332' title='bbox 261 4147 449 4218; x_wconf 66' lang='grc' dir='ltr'>ἡμέρα</span> <span class='ocrx_word' id='word_1_333' title='bbox 467 4147 638 4217; x_wconf 76' lang='grc' dir='ltr'>ὀργῆς</span> <span class='ocrx_word' id='word_1_334' title='bbox 670 4148 851 4212; x_wconf 66' lang='grc' dir='ltr'>αὐτοῖς</span> <span class='ocrx_word' id='word_1_335' title='bbox 870 4150 1341 4220; x_wconf 88' lang='grc' dir='ltr'>ταμιευσαμένων.</span> 
     </span>
    </p>
   </div>
   <div class='ocr_carea' id='block_1_44' title="bbox 729 4237 1239 4293">
    <p class='ocr_par' dir='ltr' id='par_1_44' title="bbox 729 4237 1239 4293">
     <span class='ocr_line' id='line_1_44' title="bbox 729 4237 1239 4293; baseline 0.004 -2"><span class='ocrx_word' id='word_1_336' title='bbox 729 4237 1128 4291; x_wconf 74' lang='grc' dir='ltr'><strong>ΚΕΦΑΛΔῘΟΝ</strong></span> <span class='ocrx_word' id='word_1_337' title='bbox 1164 4239 1239 4293; x_wconf 90' lang='lat' dir='ltr'><strong>B&#39;.</strong></span> 
     </span>
    </p>
   </div>
   <div class='ocr_carea' id='block_1_45' title="bbox 257 4328 1776 4404">
    <p class='ocr_par' dir='ltr' id='par_1_45' title="bbox 257 4328 1776 4404">
     <span class='ocr_line' id='line_1_45' title="bbox 257 4328 1776 4404; baseline 0.004 -23"><span class='ocrx_word' id='word_1_338' title='bbox 257 4349 277 4380; x_wconf 76' lang='grc' dir='ltr'><strong>ι</strong></span> <span class='ocrx_word' id='word_1_339' title='bbox 299 4329 355 4382; x_wconf 81' lang='lat'><strong>&#39;0</strong></span> <span class='ocrx_word' id='word_1_340' title='bbox 380 4328 543 4398; x_wconf 70' lang='grc' dir='ltr'>λόγος</span> <span class='ocrx_word' id='word_1_341' title='bbox 570 4331 598 4381; x_wconf 73' lang='grc' dir='ltr'>ὁ</span> <span class='ocrx_word' id='word_1_342' title='bbox 629 4330 919 4399; x_wconf 82' lang='grc' dir='ltr'>γενόμενος</span> <span class='ocrx_word' id='word_1_343' title='bbox 953 4331 1102 4402; x_wconf 82' lang='grc' dir='ltr'><strong>παρά</strong></span> <span class='ocrx_word' id='word_1_344' title='bbox 1136 4331 1343 4404; x_wconf 71' lang='grc' dir='ltr'>Κυρίου</span> <span class='ocrx_word' id='word_1_345' title='bbox 1372 4333 1510 4401; x_wconf 77' lang='grc' dir='ltr'>πρὸς</span> <span class='ocrx_word' id='word_1_346' title='bbox 1549 4333 1776 4388; x_wconf 74' lang='grc' dir='ltr'>Ἡσαΐαν</span> 
     </span>
    </p>
   </div>
   <div class='ocr_carea' id='block_1_46' title="bbox 189 4421 1773 4496">
    <p class='ocr_par' dir='ltr' id='par_1_46' title="bbox 189 4421 1773 4496">
     <span class='ocr_line' id='line_1_46' title="bbox 189 4421 1773 4496; baseline 0.003 -22"><span class='ocrx_word' id='word_1_347' title='bbox 189 4423 297 4474; x_wconf 77' lang='grc' dir='ltr'>υἱὸν</span> <span class='ocrx_word' id='word_1_348' title='bbox 325 4421 506 4492; x_wconf 79' lang='grc' dir='ltr'>’Δμὼς</span> <span class='ocrx_word' id='word_1_349' title='bbox 531 4423 661 4492; x_wconf 78' lang='grc' dir='ltr'>περὶ</span> <span class='ocrx_word' id='word_1_350' title='bbox 691 4422 786 4493; x_wconf 83' lang='grc' dir='ltr'><strong>τῆς</strong></span> <span class='ocrx_word' id='word_1_351' title='bbox 817 4421 1074 4482; x_wconf 83' lang='grc' dir='ltr'>Ἰουδαίας</span> <span class='ocrx_word' id='word_1_352' title='bbox 1097 4423 1189 4476; x_wconf 70' lang='grc' dir='ltr'><strong>καὶ</strong></span> <span class='ocrx_word' id='word_1_353' title='bbox 1223 4424 1352 4496; x_wconf 76' lang='grc' dir='ltr'>περὶ</span> <span class='ocrx_word' id='word_1_354' title='bbox 1383 4424 1773 4496; x_wconf 72' lang='grc' dir='ltr'>Ἰερουσαλήμο</span> 
     </span>
    </p>
   </div>
   <div class='ocr_carea' id='block_1_47' title="bbox 1906 550 3501 621">
    <p class='ocr_par' dir='ltr' id='par_1_47' title="bbox 1906 550 3501 621">
     <span class='ocr_line' id='line_1_47' title="bbox 1906 550 3501 621; baseline 0.003 -16"><span class='ocrx_word' id='word_1_355' title='bbox 1906 552 2127 621; x_wconf 90' lang='lat' dir='ltr'><strong>pudenti</strong></span> <span class='ocrx_word' id='word_1_356' title='bbox 2144 561 2200 608; x_wconf 87' lang='lat' dir='ltr'><strong>et</strong></span> <span class='ocrx_word' id='word_1_357' title='bbox 2219 550 2591 607; x_wconf 90' lang='lat' dir='ltr'><strong>inverecundo</strong></span> <span class='ocrx_word' id='word_1_358' title='bbox 2613 554 2806 607; x_wconf 82' lang='lat' dir='ltr'><strong>eorum</strong></span> <span class='ocrx_word' id='word_1_359' title='bbox 2831 551 3118 621; x_wconf 79' lang='lat' dir='ltr'><strong>praposito</strong></span> <span class='ocrx_word' id='word_1_360' title='bbox 3141 563 3501 610; x_wconf 72' lang='lat' dir='ltr'><strong>mutationem</strong></span> 
     </span>
    </p>
   </div>
   <div class='ocr_carea' id='block_1_48' title="bbox 1905 642 2116 697">
    <p class='ocr_par' dir='ltr' id='par_1_48' title="bbox 1905 642 2116 697">
     <span class='ocr_line' id='line_1_48' title="bbox 1905 642 2116 697; baseline -0.005 0"><span class='ocrx_word' id='word_1_361' title='bbox 1905 642 2116 697; x_wconf 78' lang='lat' dir='ltr'><strong>afferet.</strong></span> 
     </span>
    </p>
   </div>
   <div class='ocr_carea' id='block_1_49' title="bbox 1975 733 3501 794">
    <p class='ocr_par' dir='ltr' id='par_1_49' title="bbox 1975 733 3501 794">
     <span class='ocr_line' id='line_1_49' title="bbox 1975 733 3501 794; baseline 0.003 -6"><span class='ocrx_word' id='word_1_362' title='bbox 1975 735 2138 790; x_wconf 79' lang='lat' dir='ltr'><strong>Vsns.</strong></span> <span class='ocrx_word' id='word_1_363' title='bbox 2169 735 2260 792; x_wconf 78' lang='lat'><strong>30.</strong></span> <span class='ocrx_word' id='word_1_364' title='bbox 2297 752 2316 787; x_wconf 82' lang='grc' dir='ltr'><strong>ι</strong></span> <span class='ocrx_word' id='word_1_365' title='bbox 2342 734 2513 789; x_wconf 85' lang='lat' dir='ltr'><strong>Erunt</strong></span> <span class='ocrx_word' id='word_1_366' title='bbox 2541 735 2685 790; x_wconf 85' lang='lat' dir='ltr'><strong>enim</strong></span> <span class='ocrx_word' id='word_1_367' title='bbox 2720 733 2862 790; x_wconf 75' lang='lat' dir='ltr'><strong>sicut</strong></span> <span class='ocrx_word' id='word_1_368' title='bbox 2896 735 3237 792; x_wconf 89' lang='lat' dir='ltr'><strong>terebinthus</strong></span> <span class='ocrx_word' id='word_1_369' title='bbox 3262 735 3501 794; x_wconf 81' lang='lat' dir='ltr'><strong>deﬂuen-</strong></span> 
     </span>
    </p>
   </div>
   <div class='ocr_carea' id='block_1_50' title="bbox 1903 826 3499 902">
    <p class='ocr_par' dir='ltr' id='par_1_50' title="bbox 1903 826 3499 902">
     <span class='ocr_line' id='line_1_50' title="bbox 1903 826 3499 902; baseline 0.004 -21"><span class='ocrx_word' id='word_1_370' title='bbox 1903 826 2048 882; x_wconf 87' lang='lat' dir='ltr'><strong>tibus</strong></span> <span class='ocrx_word' id='word_1_371' title='bbox 2108 826 2270 895; x_wconf 87' lang='lat' dir='ltr'><strong>foliis,</strong></span> <span class='ocrx_word' id='word_1_372' title='bbox 2329 836 2384 882; x_wconf 84' lang='lat' dir='ltr'><strong>et</strong></span> <span class='ocrx_word' id='word_1_373' title='bbox 2449 827 2588 884; x_wconf 85' lang='lat' dir='ltr'><strong>sicut</strong></span> <span class='ocrx_word' id='word_1_374' title='bbox 2631 828 2921 897; x_wconf 81' lang='lat' dir='ltr'><strong>paradisus</strong></span> <span class='ocrx_word' id='word_1_375' title='bbox 2963 830 3081 884; x_wconf 88' lang='lat' dir='ltr'><strong>sine</strong></span> <span class='ocrx_word' id='word_1_376' title='bbox 3114 845 3254 898; x_wconf 84' lang='lat' dir='ltr'><strong>aqua</strong></span> <span class='ocrx_word' id='word_1_377' title='bbox 3292 848 3306 884; x_wconf 89' lang='lat'><strong>:</strong></span> <span class='ocrx_word' id='word_1_378' title='bbox 3346 850 3365 882; x_wconf 74' lang='grc' dir='ltr'><strong>ι</strong></span> <span class='ocrx_word' id='word_1_379' title='bbox 3406 835 3499 902; x_wconf 81' lang='lat' dir='ltr'><strong>qui</strong></span> 
     </span>
    </p>
   </div>
   <div class='ocr_carea' id='block_1_51' title="bbox 1901 918 3496 983">
    <p class='ocr_par' dir='ltr' id='par_1_51' title="bbox 1901 918 3496 983">
     <span class='ocr_line' id='line_1_51' title="bbox 1901 918 3496 983; baseline 0.004 -11"><span class='ocrx_word' id='word_1_380' title='bbox 1901 918 2033 972; x_wconf 88' lang='lat' dir='ltr'><strong>olim</strong></span> <span class='ocrx_word' id='word_1_381' title='bbox 2059 929 2216 974; x_wconf 86' lang='lat' dir='ltr'><strong>erant</strong></span> <span class='ocrx_word' id='word_1_382' title='bbox 2245 919 2405 974; x_wconf 88' lang='lat' dir='ltr'><strong>vinea</strong></span> <span class='ocrx_word' id='word_1_383' title='bbox 2430 919 2646 975; x_wconf 79' lang='lat' dir='ltr'><strong>Domini</strong></span> <span class='ocrx_word' id='word_1_384' title='bbox 2678 919 2943 983; x_wconf 82' lang='lat' dir='ltr'><strong>Sabaoth,</strong></span> <span class='ocrx_word' id='word_1_385' title='bbox 2967 930 3023 975; x_wconf 91' lang='lat' dir='ltr'><strong>et</strong></span> <span class='ocrx_word' id='word_1_386' title='bbox 3051 921 3192 977; x_wconf 90' lang='lat' dir='ltr'><strong>oliva</strong></span> <span class='ocrx_word' id='word_1_387' title='bbox 3219 925 3496 980; x_wconf 81' lang='lat' dir='ltr'><strong>umbrosa.</strong></span> 
     </span>
    </p>
   </div>
   <div class='ocr_carea' id='block_1_52' title="bbox 1903 1009 3501 1084">
    <p class='ocr_par' dir='ltr' id='par_1_52' title="bbox 1903 1009 3501 1084">
     <span class='ocr_line' id='line_1_52' title="bbox 1903 1009 3501 1084; baseline 0.006 -20"><span class='ocrx_word' id='word_1_388' title='bbox 1903 1009 1961 1065; x_wconf 91' lang='lat' dir='ltr'><strong>Si</strong></span> <span class='ocrx_word' id='word_1_389' title='bbox 1999 1011 2123 1080; x_wconf 88' lang='lat' dir='ltr'><strong>quis</strong></span> <span class='ocrx_word' id='word_1_390' title='bbox 2154 1012 2300 1065; x_wconf 89' lang='lat' dir='ltr'><strong>enim</strong></span> <span class='ocrx_word' id='word_1_391' title='bbox 2337 1013 2642 1080; x_wconf 81' lang='lat' dir='ltr'><strong>respexerit</strong></span> <span class='ocrx_word' id='word_1_392' title='bbox 2664 1013 2730 1066; x_wconf 88' lang='lat' dir='ltr'><strong>ad</strong></span> <span class='ocrx_word' id='word_1_393' title='bbox 2761 1015 3032 1083; x_wconf 88' lang='lat' dir='ltr'><strong>promissa</strong></span> <span class='ocrx_word' id='word_1_394' title='bbox 3061 1031 3181 1084; x_wconf 71' lang='lat' dir='ltr'><strong>qua:</strong></span> <span class='ocrx_word' id='word_1_395' title='bbox 3222 1015 3274 1068; x_wconf 92' lang='lat' dir='ltr'><strong>in</strong></span> <span class='ocrx_word' id='word_1_396' title='bbox 3303 1016 3501 1074; x_wconf 80' lang='lat' dir='ltr'><strong>divinis</strong></span> 
     </span>
    </p>
   </div>
   <div class='ocr_carea' id='block_1_53' title="bbox 1902 1100 3496 1178">
    <p class='ocr_par' dir='ltr' id='par_1_53' title="bbox 1902 1100 3496 1178">
     <span class='ocr_line' id='line_1_53' title="bbox 1902 1100 3496 1178; baseline 0.005 -22"><span class='ocrx_word' id='word_1_397' title='bbox 1902 1100 2203 1172; x_wconf 89' lang='lat' dir='ltr'><strong>Scripturis</strong></span> <span class='ocrx_word' id='word_1_398' title='bbox 2228 1118 2395 1172; x_wconf 82' lang='lat' dir='ltr'><strong>penes</strong></span> <span class='ocrx_word' id='word_1_399' title='bbox 2423 1104 2542 1158; x_wconf 85' lang='lat' dir='ltr'><strong>illos</strong></span> <span class='ocrx_word' id='word_1_400' title='bbox 2569 1105 2865 1170; x_wconf 84' lang='lat' dir='ltr'><strong>habentur,</strong></span> <span class='ocrx_word' id='word_1_401' title='bbox 2899 1107 2966 1160; x_wconf 89' lang='lat' dir='ltr'><strong>ad</strong></span> <span class='ocrx_word' id='word_1_402' title='bbox 3011 1105 3260 1177; x_wconf 76' lang='lat' dir='ltr'><strong>legalium</strong></span> <span class='ocrx_word' id='word_1_403' title='bbox 3292 1118 3348 1162; x_wconf 88' lang='lat' dir='ltr'><strong>et</strong></span> <span class='ocrx_word' id='word_1_404' title='bbox 3368 1123 3496 1178; x_wconf 84' lang='lat' dir='ltr'><strong>pro-</strong></span> 
     </span>
    </p>
   </div>
   <div class='ocr_carea' id='block_1_54' title="bbox 1898 1193 3496 1266">
    <p class='ocr_par' dir='ltr' id='par_1_54' title="bbox 1898 1193 3496 1266">
     <span class='ocr_line' id='line_1_54' title="bbox 1898 1193 3496 1266; baseline 0.005 -18"><span class='ocrx_word' id='word_1_405' title='bbox 1898 1194 2242 1262; x_wconf 85' lang='lat' dir='ltr'><strong>pheticarum</strong></span> <span class='ocrx_word' id='word_1_406' title='bbox 2295 1193 2715 1266; x_wconf 88' lang='lat' dir='ltr'><strong>Scripturarum</strong></span> <span class='ocrx_word' id='word_1_407' title='bbox 2765 1197 3068 1264; x_wconf 88' lang='lat' dir='ltr'><strong>lectiones,</strong></span> <span class='ocrx_word' id='word_1_408' title='bbox 3117 1199 3182 1253; x_wconf 89' lang='lat' dir='ltr'><strong>ad</strong></span> <span class='ocrx_word' id='word_1_409' title='bbox 3232 1200 3496 1256; x_wconf 87' lang='lat' dir='ltr'><strong>librorum</strong></span> 
     </span>
    </p>
   </div>
   <div class='ocr_carea' id='block_1_55' title="bbox 1901 1287 3484 1358">
    <p class='ocr_par' dir='ltr' id='par_1_55' title="bbox 1901 1287 3484 1358">
     <span class='ocr_line' id='line_1_55' title="bbox 1901 1287 3484 1358; baseline 0.003 -17"><span class='ocrx_word' id='word_1_410' title='bbox 1901 1296 2010 1341; x_wconf 89' lang='lat' dir='ltr'><strong>tam</strong></span> <span class='ocrx_word' id='word_1_411' title='bbox 2062 1287 2472 1351; x_wconf 87' lang='lat' dir='ltr'><strong>historicorum,</strong></span> <span class='ocrx_word' id='word_1_412' title='bbox 2512 1303 2676 1357; x_wconf 87' lang='lat' dir='ltr'><strong>quam</strong></span> <span class='ocrx_word' id='word_1_413' title='bbox 2723 1291 3077 1345; x_wconf 90' lang='lat' dir='ltr'><strong>metricorum</strong></span> <span class='ocrx_word' id='word_1_414' title='bbox 3131 1301 3484 1358; x_wconf 82' lang='lat' dir='ltr'><strong>concentum,</strong></span> 
     </span>
    </p>
   </div>
   <div class='ocr_carea' id='block_1_56' title="bbox 1898 1377 3487 1453">
    <p class='ocr_par' dir='ltr' id='par_1_56' title="bbox 1898 1377 3487 1453">
     <span class='ocr_line' id='line_1_56' title="bbox 1898 1377 3487 1453; baseline 0.005 -21"><span class='ocrx_word' id='word_1_415' title='bbox 1898 1377 2088 1432; x_wconf 82' lang='lat' dir='ltr'><strong>modos</strong></span> <span class='ocrx_word' id='word_1_416' title='bbox 2112 1386 2164 1431; x_wconf 85' lang='lat' dir='ltr'><strong>et</strong></span> <span class='ocrx_word' id='word_1_417' title='bbox 2189 1377 2549 1446; x_wconf 87' lang='lat' dir='ltr'><strong>psalmodias,</strong></span> <span class='ocrx_word' id='word_1_418' title='bbox 2580 1381 2626 1434; x_wconf 88' lang='lat' dir='ltr'><strong>is</strong></span> <span class='ocrx_word' id='word_1_419' title='bbox 2654 1395 2782 1435; x_wconf 83' lang='lat' dir='ltr'><strong>vere</strong></span> <span class='ocrx_word' id='word_1_420' title='bbox 2813 1383 3150 1450; x_wconf 86' lang='lat' dir='ltr'><strong>paradisum,</strong></span> <span class='ocrx_word' id='word_1_421' title='bbox 3184 1393 3238 1438; x_wconf 91' lang='lat' dir='ltr'><strong>et</strong></span> <span class='ocrx_word' id='word_1_422' title='bbox 3266 1396 3487 1453; x_wconf 89' lang='lat' dir='ltr'><strong>pratum</strong></span> 
     </span>
    </p>
   </div>
   <div class='ocr_carea' id='block_1_57' title="bbox 1896 1467 3485 1546">
    <p class='ocr_par' dir='ltr' id='par_1_57' title="bbox 1896 1467 3485 1546">
     <span class='ocr_line' id='line_1_57' title="bbox 1896 1467 3485 1546; baseline 0.005 -24"><span class='ocrx_word' id='word_1_423' title='bbox 1896 1467 2055 1523; x_wconf 87' lang='lat' dir='ltr'><strong>bonis</strong></span> <span class='ocrx_word' id='word_1_424' title='bbox 2081 1469 2336 1524; x_wconf 82' lang='lat' dir='ltr'><strong>omnibus</strong></span> <span class='ocrx_word' id='word_1_425' title='bbox 2382 1471 2648 1538; x_wconf 85' lang='lat' dir='ltr'><strong>repletum</strong></span> <span class='ocrx_word' id='word_1_426' title='bbox 2684 1472 2886 1528; x_wconf 83' lang='lat' dir='ltr'><strong>videat.</strong></span> <span class='ocrx_word' id='word_1_427' title='bbox 2919 1474 3076 1540; x_wconf 84' lang='lat' dir='ltr'><strong>Quod</strong></span> <span class='ocrx_word' id='word_1_428' title='bbox 3107 1475 3156 1530; x_wconf 88' lang='lat' dir='ltr'><strong>si</strong></span> <span class='ocrx_word' id='word_1_429' title='bbox 3187 1479 3309 1544; x_wconf 87' lang='lat' dir='ltr'><strong>quis</strong></span> <span class='ocrx_word' id='word_1_430' title='bbox 3340 1476 3485 1546; x_wconf 91' lang='lat' dir='ltr'><strong>apud</strong></span> 
     </span>
    </p>
   </div>
   <div class='ocr_carea' id='block_1_58' title="bbox 1895 1555 3491 1635">
    <p class='ocr_par' dir='ltr' id='par_1_58' title="bbox 1895 1555 3491 1635">
     <span class='ocr_line' id='line_1_58' title="bbox 1895 1555 3491 1635; baseline 0.006 -25"><span class='ocrx_word' id='word_1_431' title='bbox 1895 1555 2015 1611; x_wconf 92' lang='lat' dir='ltr'><strong>illos</strong></span> <span class='ocrx_word' id='word_1_432' title='bbox 2036 1557 2360 1621; x_wconf 82' lang='lat' dir='ltr'><strong>animatum,</strong></span> <span class='ocrx_word' id='word_1_433' title='bbox 2389 1559 2567 1614; x_wconf 91' lang='lat' dir='ltr'><strong>fertile</strong></span> <span class='ocrx_word' id='word_1_434' title='bbox 2597 1575 2664 1614; x_wconf 81' lang='lat' dir='ltr'><strong>ac</strong></span> <span class='ocrx_word' id='word_1_435' title='bbox 2696 1562 2890 1616; x_wconf 84' lang='lat' dir='ltr'><strong>vivens</strong></span> <span class='ocrx_word' id='word_1_436' title='bbox 2919 1564 3156 1619; x_wconf 76' lang='lat' dir='ltr'><strong>Verbum</strong></span> <span class='ocrx_word' id='word_1_437' title='bbox 3189 1567 3491 1635; x_wconf 63' lang='lat' dir='ltr'><strong>quaesierit.</strong></span> 
     </span>
    </p>
   </div>
   <div class='ocr_carea' id='block_1_59' title="bbox 1894 1652 3493 1729">
    <p class='ocr_par' dir='ltr' id='par_1_59' title="bbox 1894 1652 3493 1729">
     <span class='ocr_line' id='line_1_59' title="bbox 1894 1652 3493 1729; baseline 0.006 -24"><span class='ocrx_word' id='word_1_438' title='bbox 1894 1665 1959 1705; x_wconf 81' lang='lat' dir='ltr'><strong>ex</strong></span> <span class='ocrx_word' id='word_1_439' title='bbox 2015 1666 2124 1720; x_wconf 92' lang='lat' dir='ltr'><strong>quo</strong></span> <span class='ocrx_word' id='word_1_440' title='bbox 2182 1652 2431 1721; x_wconf 84' lang='lat' dir='ltr'><strong>quisquis</strong></span> <span class='ocrx_word' id='word_1_441' title='bbox 2485 1655 2730 1720; x_wconf 87' lang='lat' dir='ltr'><strong>biberit,</strong></span> <span class='ocrx_word' id='word_1_442' title='bbox 2795 1655 3019 1711; x_wconf 86' lang='lat' dir='ltr'><strong>habebit</strong></span> <span class='ocrx_word' id='word_1_443' title='bbox 3076 1655 3283 1714; x_wconf 89' lang='lat' dir='ltr'><strong>fontem</strong></span> <span class='ocrx_word' id='word_1_444' title='bbox 3337 1673 3493 1729; x_wconf 62' lang='lat' dir='ltr'><strong>aqua</strong></span> 
     </span>
    </p>
   </div>
   <div class='ocr_carea' id='block_1_60' title="bbox 1897 1743 3490 1822">
    <p class='ocr_par' dir='ltr' id='par_1_60' title="bbox 1897 1743 3490 1822">
     <span class='ocr_line' id='line_1_60' title="bbox 1897 1743 3490 1822; baseline 0.008 -29"><span class='ocrx_word' id='word_1_445' title='bbox 1897 1743 2061 1808; x_wconf 69' lang='lat' dir='ltr'><strong>vivae,</strong></span> <span class='ocrx_word' id='word_1_446' title='bbox 2096 1743 2346 1799; x_wconf 82' lang='lat' dir='ltr'><strong>salientis</strong></span> <span class='ocrx_word' id='word_1_447' title='bbox 2400 1746 2454 1799; x_wconf 89' lang='lat' dir='ltr'><strong>in</strong></span> <span class='ocrx_word' id='word_1_448' title='bbox 2503 1747 2672 1801; x_wconf 89' lang='lat' dir='ltr'><strong>vitam</strong></span> <span class='ocrx_word' id='word_1_449' title='bbox 2713 1757 3011 1816; x_wconf 61' lang='lat' dir='ltr'><strong>aeternam;</strong></span> <span class='ocrx_word' id='word_1_450' title='bbox 3050 1751 3368 1822; x_wconf 88' lang='lat' dir='ltr'><strong>neutiquam</strong></span> <span class='ocrx_word' id='word_1_451' title='bbox 3403 1752 3490 1808; x_wconf 91' lang='lat' dir='ltr'><strong>in-</strong></span> 
     </span>
    </p>
   </div>
   <div class='ocr_carea' id='block_1_61' title="bbox 1826 1819 2101 1890">
    <p class='ocr_par' dir='ltr' id='par_1_61' title="bbox 1826 1819 2101 1890">
     <span class='ocr_line' id='line_1_61' title="bbox 1826 1819 2101 1890; baseline 0.004 -1"><span class='ocrx_word' id='word_1_452' title='bbox 1826 1819 1868 1872; x_wconf 75' lang='lat' dir='ltr'><strong>B</strong></span> <span class='ocrx_word' id='word_1_453' title='bbox 1898 1835 2101 1890; x_wconf 88' lang='lat' dir='ltr'><strong>veniat.</strong></span> 
     </span>
    </p>
   </div>
   <div class='ocr_carea' id='block_1_62' title="bbox 1962 1925 3490 2002">
    <p class='ocr_par' dir='ltr' id='par_1_62' title="bbox 1962 1925 3490 2002">
     <span class='ocr_line' id='line_1_62' title="bbox 1962 1925 3490 2002; baseline 0.005 -20"><span class='ocrx_word' id='word_1_454' title='bbox 1962 1925 2129 1982; x_wconf 74' lang='lat' dir='ltr'><strong>Vens.</strong></span> <span class='ocrx_word' id='word_1_455' title='bbox 2153 1929 2248 1986; x_wconf 82' lang='lat'><strong>3|.</strong></span> <span class='ocrx_word' id='word_1_456' title='bbox 2279 1947 2300 1984; x_wconf 77' lang='grc' dir='ltr'><strong>ι</strong></span> <span class='ocrx_word' id='word_1_457' title='bbox 2335 1929 2402 1986; x_wconf 84' lang='lat' dir='ltr'><strong>Et</strong></span> <span class='ocrx_word' id='word_1_458' title='bbox 2437 1930 2543 1986; x_wconf 90' lang='lat' dir='ltr'><strong>erit</strong></span> <span class='ocrx_word' id='word_1_459' title='bbox 2586 1929 2851 1988; x_wconf 82' lang='lat' dir='ltr'><strong>fortitudo</strong></span> <span class='ocrx_word' id='word_1_460' title='bbox 2876 1932 3094 2002; x_wconf 85' lang='lat' dir='ltr'><strong>illorum</strong></span> <span class='ocrx_word' id='word_1_461' title='bbox 3135 1943 3198 1987; x_wconf 91' lang='lat' dir='ltr'><strong>ut</strong></span> <span class='ocrx_word' id='word_1_462' title='bbox 3243 1933 3490 1990; x_wconf 84' lang='lat' dir='ltr'><strong>calamus</strong></span> 
     </span>
    </p>
   </div>
   <div class='ocr_carea' id='block_1_63' title="bbox 1889 2025 3489 2092">
    <p class='ocr_par' dir='ltr' id='par_1_63' title="bbox 1889 2025 3489 2092">
     <span class='ocr_line' id='line_1_63' title="bbox 1889 2025 3489 2092; baseline 0.004 -17"><span class='ocrx_word' id='word_1_463' title='bbox 1889 2029 2102 2092; x_wconf 74' lang='lat' dir='ltr'><strong>stuppa:</strong></span> <span class='ocrx_word' id='word_1_464' title='bbox 2131 2034 2186 2078; x_wconf 88' lang='lat' dir='ltr'><strong>et</strong></span> <span class='ocrx_word' id='word_1_465' title='bbox 2213 2037 2350 2092; x_wconf 91' lang='lat' dir='ltr'><strong>opus</strong></span> <span class='ocrx_word' id='word_1_466' title='bbox 2377 2039 2566 2079; x_wconf 86' lang='lat' dir='ltr'><strong>eorum</strong></span> <span class='ocrx_word' id='word_1_467' title='bbox 2598 2033 2654 2078; x_wconf 91' lang='lat' dir='ltr'><strong>ut</strong></span> <span class='ocrx_word' id='word_1_468' title='bbox 2685 2025 2938 2079; x_wconf 80' lang='lat' dir='ltr'><strong>scintillae</strong></span> <span class='ocrx_word' id='word_1_469' title='bbox 2962 2043 2976 2079; x_wconf 89' lang='lat'><strong>:</strong></span> <span class='ocrx_word' id='word_1_470' title='bbox 3004 2036 3059 2079; x_wconf 88' lang='lat' dir='ltr'><strong>et</strong></span> <span class='ocrx_word' id='word_1_471' title='bbox 3093 2027 3489 2082; x_wconf 91' lang='lat' dir='ltr'><strong>comburentur</strong></span> 
     </span>
    </p>
   </div>
   <div class='ocr_carea' id='block_1_64' title="bbox 1890 2111 3488 2189">
    <p class='ocr_par' dir='ltr' id='par_1_64' title="bbox 1890 2111 3488 2189">
     <span class='ocr_line' id='line_1_64' title="bbox 1890 2111 3488 2189; baseline 0.004 -23"><span class='ocrx_word' id='word_1_472' title='bbox 1890 2111 2064 2182; x_wconf 90' lang='lat' dir='ltr'><strong>iniqui</strong></span> <span class='ocrx_word' id='word_1_473' title='bbox 2111 2121 2166 2169; x_wconf 90' lang='lat' dir='ltr'><strong>et</strong></span> <span class='ocrx_word' id='word_1_474' title='bbox 2212 2126 2529 2185; x_wconf 87' lang='lat' dir='ltr'><strong>peccatores</strong></span> <span class='ocrx_word' id='word_1_475' title='bbox 2567 2116 2750 2180; x_wconf 89' lang='lat' dir='ltr'><strong>simul,</strong></span> <span class='ocrx_word' id='word_1_476' title='bbox 2793 2126 2848 2171; x_wconf 88' lang='lat' dir='ltr'><strong>et</strong></span> <span class='ocrx_word' id='word_1_477' title='bbox 2877 2133 2986 2172; x_wconf 92' lang='lat' dir='ltr'><strong>non</strong></span> <span class='ocrx_word' id='word_1_478' title='bbox 3019 2120 3235 2189; x_wconf 90' lang='lat' dir='ltr'><strong>eritqui</strong></span> <span class='ocrx_word' id='word_1_479' title='bbox 3276 2120 3488 2174; x_wconf 81' lang='lat' dir='ltr'><strong>exstin-</strong></span> 
     </span>
    </p>
   </div>
   <div class='ocr_carea' id='block_1_65' title="bbox 1888 2204 3487 2279">
    <p class='ocr_par' dir='ltr' id='par_1_65' title="bbox 1888 2204 3487 2279">
     <span class='ocr_line' id='line_1_65' title="bbox 1888 2204 3487 2279; baseline 0.004 -20"><span class='ocrx_word' id='word_1_480' title='bbox 1888 2214 2038 2276; x_wconf 88' lang='lat' dir='ltr'><strong>guat.</strong></span> <span class='ocrx_word' id='word_1_481' title='bbox 2080 2223 2099 2258; x_wconf 76' lang='grc' dir='ltr'><strong>ι</strong></span> <span class='ocrx_word' id='word_1_482' title='bbox 2129 2204 2246 2260; x_wconf 82' lang='lat' dir='ltr'><strong>Non</strong></span> <span class='ocrx_word' id='word_1_483' title='bbox 2290 2205 2585 2274; x_wconf 81' lang='lat' dir='ltr'><strong>frumenti,</strong></span> <span class='ocrx_word' id='word_1_484' title='bbox 2626 2216 2723 2262; x_wconf 91' lang='lat' dir='ltr'><strong>aut</strong></span> <span class='ocrx_word' id='word_1_485' title='bbox 2771 2208 3001 2268; x_wconf 88' lang='lat' dir='ltr'><strong>alterius</strong></span> <span class='ocrx_word' id='word_1_486' title='bbox 3050 2209 3354 2279; x_wconf 88' lang='lat' dir='ltr'><strong>cujuspiam</strong></span> <span class='ocrx_word' id='word_1_487' title='bbox 3391 2226 3487 2266; x_wconf 79' lang='lat' dir='ltr'><strong>ne-</strong></span> 
     </span>
    </p>
   </div>
   <div class='ocr_carea' id='block_1_66' title="bbox 1889 2298 3488 2369">
    <p class='ocr_par' dir='ltr' id='par_1_66' title="bbox 1889 2298 3488 2369">
     <span class='ocr_line' id='line_1_66' title="bbox 1889 2298 3488 2369; baseline 0.003 -17"><span class='ocrx_word' id='word_1_488' title='bbox 1889 2299 2151 2354; x_wconf 68' lang='lat' dir='ltr'><strong>cessaria:</strong></span> <span class='ocrx_word' id='word_1_489' title='bbox 2205 2298 2308 2364; x_wconf 90' lang='lat' dir='ltr'><strong>rei,</strong></span> <span class='ocrx_word' id='word_1_490' title='bbox 2366 2298 2654 2364; x_wconf 89' lang='lat' dir='ltr'><strong>calamus,</strong></span> <span class='ocrx_word' id='word_1_491' title='bbox 2696 2298 2826 2369; x_wconf 90' lang='lat' dir='ltr'><strong>quia</strong></span> <span class='ocrx_word' id='word_1_492' title='bbox 2881 2300 3098 2357; x_wconf 88' lang='lat' dir='ltr'><strong>ablatus</strong></span> <span class='ocrx_word' id='word_1_493' title='bbox 3146 2312 3232 2356; x_wconf 85' lang='lat' dir='ltr'><strong>est</strong></span> <span class='ocrx_word' id='word_1_494' title='bbox 3271 2304 3338 2358; x_wconf 89' lang='lat' dir='ltr'><strong>ab</strong></span> <span class='ocrx_word' id='word_1_495' title='bbox 3377 2301 3488 2357; x_wconf 86' lang='lat' dir='ltr'><strong>illis</strong></span> 
     </span>
    </p>
   </div>
   <div class='ocr_carea' id='block_1_67' title="bbox 1890 2389 3490 2462">
    <p class='ocr_par' dir='ltr' id='par_1_67' title="bbox 1890 2389 3490 2462">
     <span class='ocr_line' id='line_1_67' title="bbox 1890 2389 3490 2462; baseline 0.003 -18"><span class='ocrx_word' id='word_1_496' title='bbox 1890 2389 2152 2446; x_wconf 84' lang='lat' dir='ltr'><strong>robustus</strong></span> <span class='ocrx_word' id='word_1_497' title='bbox 2175 2403 2231 2446; x_wconf 90' lang='lat' dir='ltr'><strong>et</strong></span> <span class='ocrx_word' id='word_1_498' title='bbox 2271 2391 2520 2455; x_wconf 86' lang='lat' dir='ltr'><strong>robusta,</strong></span> <span class='ocrx_word' id='word_1_499' title='bbox 2563 2391 2732 2446; x_wconf 72' lang='lat' dir='ltr'><strong>robur</strong></span> <span class='ocrx_word' id='word_1_500' title='bbox 2784 2392 2962 2462; x_wconf 86' lang='lat' dir='ltr'><strong>panis,</strong></span> <span class='ocrx_word' id='word_1_501' title='bbox 2995 2401 3099 2447; x_wconf 89' lang='lat' dir='ltr'><strong>etc.</strong></span> <span class='ocrx_word' id='word_1_502' title='bbox 3141 2392 3268 2450; x_wconf 88' lang='lat' dir='ltr'><strong>Ideo</strong></span> <span class='ocrx_word' id='word_1_503' title='bbox 3306 2394 3490 2450; x_wconf 85' lang='lat' dir='ltr'><strong>dicere</strong></span> 
     </span>
    </p>
   </div>
   <div class='ocr_carea' id='block_1_68' title="bbox 1888 2483 3484 2556">
    <p class='ocr_par' dir='ltr' id='par_1_68' title="bbox 1888 2483 3484 2556">
     <span class='ocr_line' id='line_1_68' title="bbox 1888 2483 3484 2556; baseline 0.002 -19"><span class='ocrx_word' id='word_1_504' title='bbox 1888 2494 2165 2553; x_wconf 87' lang='lat' dir='ltr'><strong>nequeunt</strong></span> <span class='ocrx_word' id='word_1_505' title='bbox 2187 2484 2415 2554; x_wconf 87' lang='lat' dir='ltr'><strong>perinde</strong></span> <span class='ocrx_word' id='word_1_506' title='bbox 2451 2493 2616 2555; x_wconf 85' lang='lat' dir='ltr'><strong>atque</strong></span> <span class='ocrx_word' id='word_1_507' title='bbox 2646 2483 2853 2541; x_wconf 87' lang='lat' dir='ltr'><strong>Christi</strong></span> <span class='ocrx_word' id='word_1_508' title='bbox 2895 2484 3152 2556; x_wconf 88' lang='lat' dir='ltr'><strong>discipuli</strong></span> <span class='ocrx_word' id='word_1_509' title='bbox 3183 2507 3194 2541; x_wconf 87' lang='lat'><strong>:</strong></span> <span class='ocrx_word' id='word_1_510' title='bbox 3229 2504 3248 2537; x_wconf 78' lang='grc' dir='ltr'><strong>ι</strong></span> <span class='ocrx_word' id='word_1_511' title='bbox 3288 2485 3484 2542; x_wconf 85' lang='lat' dir='ltr'><strong>Omnia</strong></span> 
     </span>
    </p>
   </div>
   <div class='ocr_carea' id='block_1_69' title="bbox 1887 2575 3482 2647">
    <p class='ocr_par' dir='ltr' id='par_1_69' title="bbox 1887 2575 3482 2647">
     <span class='ocr_line' id='line_1_69' title="bbox 1887 2575 3482 2647; baseline 0.001 -18"><span class='ocrx_word' id='word_1_512' title='bbox 1887 2591 2177 2647; x_wconf 86' lang='lat' dir='ltr'><strong>possumus</strong></span> <span class='ocrx_word' id='word_1_513' title='bbox 2229 2577 2282 2630; x_wconf 93' lang='lat' dir='ltr'><strong>in</strong></span> <span class='ocrx_word' id='word_1_514' title='bbox 2320 2590 2404 2641; x_wconf 89' lang='lat' dir='ltr'><strong>eo,</strong></span> <span class='ocrx_word' id='word_1_515' title='bbox 2459 2576 2553 2645; x_wconf 91' lang='lat' dir='ltr'><strong>qui</strong></span> <span class='ocrx_word' id='word_1_516' title='bbox 2601 2591 2701 2631; x_wconf 90' lang='lat' dir='ltr'><strong>nos</strong></span> <span class='ocrx_word' id='word_1_517' title='bbox 2740 2575 3013 2631; x_wconf 86' lang='lat' dir='ltr'><strong>confortat</strong></span> <span class='ocrx_word' id='word_1_518' title='bbox 3066 2577 3178 2631; x_wconf 85' lang='lat' dir='ltr'><strong>Deo</strong></span> <span class='ocrx_word' id='word_1_519' title='bbox 3215 2577 3297 2642; x_wconf 76' lang='grc' dir='ltr'>⁸ος</span> <span class='ocrx_word' id='word_1_520' title='bbox 3336 2595 3356 2628; x_wconf 71' lang='grc' dir='ltr'><strong>ι</strong></span> <span class='ocrx_word' id='word_1_521' title='bbox 3385 2586 3482 2631; x_wconf 83' lang='lat' dir='ltr'><strong>et:</strong></span> 
     </span>
    </p>
   </div>
   <div class='ocr_carea' id='block_1_70' title="bbox 1893 2667 3485 2738">
    <p class='ocr_par' dir='ltr' id='par_1_70' title="bbox 1893 2667 3485 2738">
     <span class='ocr_line' id='line_1_70' title="bbox 1893 2667 3485 2738; baseline 0.004 -18"><span class='ocrx_word' id='word_1_522' title='bbox 1893 2687 1913 2720; x_wconf 76' lang='grc' dir='ltr'><strong><em>σ</em></strong></span> <span class='ocrx_word' id='word_1_523' title='bbox 1946 2669 2079 2736; x_wconf 84' lang='lat' dir='ltr'><strong>Quis</strong></span> <span class='ocrx_word' id='word_1_524' title='bbox 2111 2683 2212 2724; x_wconf 86' lang='lat' dir='ltr'><strong>nos</strong></span> <span class='ocrx_word' id='word_1_525' title='bbox 2245 2667 2522 2738; x_wconf 81' lang='lat' dir='ltr'><strong>separabit</strong></span> <span class='ocrx_word' id='word_1_526' title='bbox 2544 2683 2573 2722; x_wconf 89' lang='lat' dir='ltr'><strong>a</strong></span> <span class='ocrx_word' id='word_1_527' title='bbox 2611 2668 2883 2724; x_wconf 89' lang='lat' dir='ltr'><strong>charitate</strong></span> <span class='ocrx_word' id='word_1_528' title='bbox 2905 2668 3158 2725; x_wconf 86' lang='lat' dir='ltr'><strong>Christi?</strong></span> <span class='ocrx_word' id='word_1_529' title='bbox 3186 2670 3485 2736; x_wconf 87' lang='lat' dir='ltr'><strong>tribulatio,</strong></span> 
     </span>
    </p>
   </div>
   <div class='ocr_carea' id='block_1_71' title="bbox 1888 2759 3490 2832">
    <p class='ocr_par' dir='ltr' id='par_1_71' title="bbox 1888 2759 3490 2832">
     <span class='ocr_line' id='line_1_71' title="bbox 1888 2759 3490 2832; baseline 0.001 -18"><span class='ocrx_word' id='word_1_530' title='bbox 1888 2775 1956 2814; x_wconf 89' lang='lat' dir='ltr'><strong>an</strong></span> <span class='ocrx_word' id='word_1_531' title='bbox 1994 2759 2243 2832; x_wconf 78' lang='lat' dir='ltr'><strong>angustia</strong></span> <span class='ocrx_word' id='word_1_532' title='bbox 2292 2759 2391 2811; x_wconf 80' lang='lat'><strong>“?</strong></span> <span class='ocrx_word' id='word_1_533' title='bbox 2433 2781 2453 2811; x_wconf 79' lang='grc' dir='ltr'><strong>ι</strong></span> <span class='ocrx_word' id='word_1_534' title='bbox 2503 2768 2558 2813; x_wconf 91' lang='lat' dir='ltr'><strong>et</strong></span> <span class='ocrx_word' id='word_1_535' title='bbox 2607 2767 2826 2813; x_wconf 66' lang='lat' dir='ltr'><strong>caetera.</strong></span> <span class='ocrx_word' id='word_1_536' title='bbox 2879 2759 2954 2813; x_wconf 87' lang='lat' dir='ltr'><strong>lta</strong></span> <span class='ocrx_word' id='word_1_537' title='bbox 3008 2775 3174 2829; x_wconf 81' lang='lat' dir='ltr'><strong>porro</strong></span> <span class='ocrx_word' id='word_1_538' title='bbox 3224 2759 3490 2816; x_wconf 72' lang='lat' dir='ltr'><strong>fortitudo</strong></span> 
     </span>
    </p>
   </div>
   <div class='ocr_carea' id='block_1_72' title="bbox 1887 2851 3480 2925">
    <p class='ocr_par' dir='ltr' id='par_1_72' title="bbox 1887 2851 3480 2925">
     <span class='ocr_line' id='line_1_72' title="bbox 1887 2851 3480 2925; baseline -0.003 -17"><span class='ocrx_word' id='word_1_539' title='bbox 1887 2867 2076 2909; x_wconf 89' lang='lat' dir='ltr'><strong>eorum</strong></span> <span class='ocrx_word' id='word_1_540' title='bbox 2114 2861 2174 2906; x_wconf 91' lang='lat' dir='ltr'><strong>ut</strong></span> <span class='ocrx_word' id='word_1_541' title='bbox 2214 2851 2461 2906; x_wconf 87' lang='lat' dir='ltr'><strong>calamus</strong></span> <span class='ocrx_word' id='word_1_542' title='bbox 2484 2860 2694 2919; x_wconf 70' lang='lat' dir='ltr'><strong>stuppae</strong></span> <span class='ocrx_word' id='word_1_543' title='bbox 2732 2851 2875 2904; x_wconf 84' lang='lat' dir='ltr'><strong>facta</strong></span> <span class='ocrx_word' id='word_1_544' title='bbox 2916 2860 3040 2925; x_wconf 69' lang='lat' dir='ltr'><strong>est;</strong></span> <span class='ocrx_word' id='word_1_545' title='bbox 3094 2861 3149 2904; x_wconf 90' lang='lat' dir='ltr'><strong>ut</strong></span> <span class='ocrx_word' id='word_1_546' title='bbox 3181 2866 3288 2904; x_wconf 90' lang='lat' dir='ltr'><strong>non</strong></span> <span class='ocrx_word' id='word_1_547' title='bbox 3318 2853 3480 2906; x_wconf 76' lang='lat' dir='ltr'><strong>modo</strong></span> 
     </span>
    </p>
   </div>
   <div class='ocr_carea' id='block_1_73' title="bbox 1888 2942 3489 3013">
    <p class='ocr_par' dir='ltr' id='par_1_73' title="bbox 1888 2942 3489 3013">
     <span class='ocr_line' id='line_1_73' title="bbox 1888 2942 3489 3013; baseline 0.001 -15"><span class='ocrx_word' id='word_1_548' title='bbox 1888 2943 2227 3008; x_wconf 87' lang='lat' dir='ltr'><strong>libertatem,</strong></span> <span class='ocrx_word' id='word_1_549' title='bbox 2256 2957 2362 3012; x_wconf 91' lang='lat' dir='ltr'><strong>qua</strong></span> <span class='ocrx_word' id='word_1_550' title='bbox 2411 2942 2564 3012; x_wconf 90' lang='lat' dir='ltr'><strong>prius</strong></span> <span class='ocrx_word' id='word_1_551' title='bbox 2589 2943 2810 3012; x_wconf 83' lang='lat' dir='ltr'><strong>preprio</strong></span> <span class='ocrx_word' id='word_1_552' title='bbox 2828 2942 2953 3013; x_wconf 86' lang='lat' dir='ltr'><strong>jure</strong></span> <span class='ocrx_word' id='word_1_553' title='bbox 2979 2958 3043 2998; x_wconf 90' lang='lat' dir='ltr'><strong>ae</strong></span> <span class='ocrx_word' id='word_1_554' title='bbox 3073 2959 3246 3013; x_wconf 82' lang='lat' dir='ltr'><strong>regno</strong></span> <span class='ocrx_word' id='word_1_555' title='bbox 3270 2955 3489 3000; x_wconf 81' lang='lat' dir='ltr'><strong>utentes</strong></span> 
     </span>
    </p>
   </div>
   <div class='ocr_carea' id='block_1_74' title="bbox 1886 3033 3488 3106">
    <p class='ocr_par' dir='ltr' id='par_1_74' title="bbox 1886 3033 3488 3106">
     <span class='ocr_line' id='line_1_74' title="bbox 1886 3033 3488 3106; baseline 0.001 -16"><span class='ocrx_word' id='word_1_556' title='bbox 1886 3035 2170 3098; x_wconf 82' lang='lat' dir='ltr'><strong>ﬂorebant,</strong></span> <span class='ocrx_word' id='word_1_557' title='bbox 2200 3035 2473 3088; x_wconf 85' lang='lat' dir='ltr'><strong>amittere.</strong></span> <span class='ocrx_word' id='word_1_558' title='bbox 2503 3041 2556 3098; x_wconf 89' lang='lat' dir='ltr'><strong>t,</strong></span> <span class='ocrx_word' id='word_1_559' title='bbox 2591 3036 2686 3088; x_wconf 88' lang='lat' dir='ltr'><strong>sed</strong></span> <span class='ocrx_word' id='word_1_560' title='bbox 2715 3034 2880 3089; x_wconf 89' lang='lat' dir='ltr'><strong>etiam</strong></span> <span class='ocrx_word' id='word_1_561' title='bbox 2911 3035 3195 3106; x_wconf 83' lang='lat' dir='ltr'><strong>quibusvis</strong></span> <span class='ocrx_word' id='word_1_562' title='bbox 3224 3033 3488 3092; x_wconf 82' lang='lat' dir='ltr'><strong>Romanis</strong></span> 
     </span>
    </p>
   </div>
   <div class='ocr_carea' id='block_1_75' title="bbox 1888 3123 3482 3199">
    <p class='ocr_par' dir='ltr' id='par_1_75' title="bbox 1888 3123 3482 3199">
     <span class='ocr_line' id='line_1_75' title="bbox 1888 3123 3482 3199; baseline -0.001 -18"><span class='ocrx_word' id='word_1_563' title='bbox 1888 3124 2154 3181; x_wconf 90' lang='lat' dir='ltr'><strong>militibus</strong></span> <span class='ocrx_word' id='word_1_564' title='bbox 2181 3125 2476 3180; x_wconf 80' lang='lat' dir='ltr'><strong>servirent.</strong></span> <span class='ocrx_word' id='word_1_565' title='bbox 2501 3123 2704 3178; x_wconf 87' lang='lat' dir='ltr'><strong>Eorum</strong></span> <span class='ocrx_word' id='word_1_566' title='bbox 2727 3125 2931 3195; x_wconf 87' lang='lat' dir='ltr'><strong>quippe</strong></span> <span class='ocrx_word' id='word_1_567' title='bbox 2952 3139 3118 3195; x_wconf 84' lang='lat' dir='ltr'><strong>opera</strong></span> <span class='ocrx_word' id='word_1_568' title='bbox 3145 3125 3287 3199; x_wconf 83' lang='lat' dir='ltr'><strong>ignis</strong></span> <span class='ocrx_word' id='word_1_569' title='bbox 3314 3141 3482 3181; x_wconf 70' lang='lat' dir='ltr'><strong>causa</strong></span> 
     </span>
    </p>
   </div>
   <div class='ocr_carea' id='block_1_76' title="bbox 1892 3212 3484 3285">
    <p class='ocr_par' dir='ltr' id='par_1_76' title="bbox 1892 3212 3484 3285">
     <span class='ocr_line' id='line_1_76' title="bbox 1892 3212 3484 3285; baseline 0.003 -18"><span class='ocrx_word' id='word_1_570' title='bbox 1892 3212 2164 3270; x_wconf 80' lang='lat' dir='ltr'><strong>fuerunt:</strong></span> <span class='ocrx_word' id='word_1_571' title='bbox 2206 3214 2408 3285; x_wconf 88' lang='lat' dir='ltr'><strong>quippe</strong></span> <span class='ocrx_word' id='word_1_572' title='bbox 2446 3214 2540 3282; x_wconf 91' lang='lat' dir='ltr'><strong>qui</strong></span> <span class='ocrx_word' id='word_1_573' title='bbox 2580 3228 2686 3267; x_wconf 90' lang='lat' dir='ltr'><strong>non</strong></span> <span class='ocrx_word' id='word_1_574' title='bbox 2729 3229 2962 3281; x_wconf 86' lang='lat' dir='ltr'><strong>aurum,</strong></span> <span class='ocrx_word' id='word_1_575' title='bbox 3011 3230 3120 3270; x_wconf 87' lang='lat' dir='ltr'><strong>non</strong></span> <span class='ocrx_word' id='word_1_576' title='bbox 3175 3226 3484 3285; x_wconf 68' lang='lat' dir='ltr'><strong>argentum.</strong></span> 
     </span>
    </p>
   </div>
   <div class='ocr_carea' id='block_1_77' title="bbox 1890 3305 3487 3378">
    <p class='ocr_par' dir='ltr' id='par_1_77' title="bbox 1890 3305 3487 3378">
     <span class='ocr_line' id='line_1_77' title="bbox 1890 3305 3487 3378; baseline 0 -16"><span class='ocrx_word' id='word_1_577' title='bbox 1890 3322 1998 3362; x_wconf 91' lang='lat' dir='ltr'><strong>non</strong></span> <span class='ocrx_word' id='word_1_578' title='bbox 2038 3305 2249 3376; x_wconf 89' lang='lat' dir='ltr'><strong>lapides</strong></span> <span class='ocrx_word' id='word_1_579' title='bbox 2281 3306 2580 3374; x_wconf 89' lang='lat' dir='ltr'><strong>pretiosos,</strong></span> <span class='ocrx_word' id='word_1_580' title='bbox 2610 3305 2707 3361; x_wconf 88' lang='lat' dir='ltr'><strong>sed</strong></span> <span class='ocrx_word' id='word_1_581' title='bbox 2751 3305 2960 3378; x_wconf 87' lang='lat' dir='ltr'><strong>lignum</strong></span> <span class='ocrx_word' id='word_1_582' title='bbox 3004 3316 3214 3361; x_wconf 86' lang='lat' dir='ltr'><strong>tantum</strong></span> <span class='ocrx_word' id='word_1_583' title='bbox 3239 3317 3295 3362; x_wconf 88' lang='lat' dir='ltr'><strong>et</strong></span> <span class='ocrx_word' id='word_1_584' title='bbox 3335 3307 3487 3364; x_wconf 85' lang='lat' dir='ltr'><strong>cala-</strong></span> 
     </span>
    </p>
   </div>
   <div class='ocr_carea' id='block_1_78' title="bbox 1892 3397 3488 3469">
    <p class='ocr_par' dir='ltr' id='par_1_78' title="bbox 1892 3397 3488 3469">
     <span class='ocr_line' id='line_1_78' title="bbox 1892 3397 3488 3469; baseline 0 -14"><span class='ocrx_word' id='word_1_585' title='bbox 1892 3415 2038 3455; x_wconf 88' lang='lat' dir='ltr'><strong>mum</strong></span> <span class='ocrx_word' id='word_1_586' title='bbox 2088 3397 2450 3455; x_wconf 69' lang='lat' dir='ltr'><strong>aedilicareut.</strong></span> <span class='ocrx_word' id='word_1_587' title='bbox 2493 3397 2680 3454; x_wconf 84' lang='lat' dir='ltr'><strong>Viden’</strong></span> <span class='ocrx_word' id='word_1_588' title='bbox 2707 3397 2982 3469; x_wconf 88' lang='lat' dir='ltr'><strong>quomodo</strong></span> <span class='ocrx_word' id='word_1_589' title='bbox 3023 3398 3274 3456; x_wconf 83' lang='lat' dir='ltr'><strong>ﬂammas</strong></span> <span class='ocrx_word' id='word_1_590' title='bbox 3308 3410 3363 3457; x_wconf 91' lang='lat' dir='ltr'><strong>et</strong></span> <span class='ocrx_word' id='word_1_591' title='bbox 3395 3400 3488 3455; x_wconf 73' lang='lat' dir='ltr'><strong>ia-</strong></span> 
     </span>
    </p>
   </div>
   <div class='ocr_carea' id='block_1_79' title="bbox 1890 3482 3488 3588">
    <p class='ocr_par' dir='ltr' id='par_1_79' title="bbox 1890 3482 3488 3588">
     <span class='ocr_line' id='line_1_79' title="bbox 1890 3482 3488 3588; baseline 0.001 -43"><span class='ocrx_word' id='word_1_592' title='bbox 1890 3482 2550 3588; x_wconf 42' lang='lat' dir='ltr'><strong>cendlui‘comminetur</strong></span> <span class='ocrx_word' id='word_1_593' title='bbox 2572 3489 2748 3560; x_wconf 84' lang='lat' dir='ltr'><strong>ipsis?</strong></span> <span class='ocrx_word' id='word_1_594' title='bbox 2773 3489 2838 3544; x_wconf 82' lang='lat' dir='ltr'><strong>Et</strong></span> <span class='ocrx_word' id='word_1_595' title='bbox 2867 3489 2956 3545; x_wconf 92' lang='lat' dir='ltr'><strong>hic</strong></span> <span class='ocrx_word' id='word_1_596' title='bbox 2978 3489 3102 3545; x_wconf 81' lang='lat' dir='ltr'><strong>linis</strong></span> <span class='ocrx_word' id='word_1_597' title='bbox 3130 3499 3215 3546; x_wconf 89' lang='lat' dir='ltr'><strong>est</strong></span> <span class='ocrx_word' id='word_1_598' title='bbox 3253 3506 3488 3561; x_wconf 65' lang='lat' dir='ltr'><strong>praesen-</strong></span> 
     </span>
    </p>
   </div>
   <div class='ocr_carea' id='block_1_80' title="bbox 1890 3579 3483 3661">
    <p class='ocr_par' dir='ltr' id='par_1_80' title="bbox 1890 3579 3483 3661">
     <span class='ocr_line' id='line_1_80' title="bbox 1890 3579 3483 3661; baseline -0.003 -25"><span class='ocrx_word' id='word_1_599' title='bbox 1890 3582 1958 3637; x_wconf 92' lang='lat' dir='ltr'><strong>tis</strong></span> <span class='ocrx_word' id='word_1_600' title='bbox 1998 3579 2193 3637; x_wconf 66' lang='lat' dir='ltr'><strong>cont‘fa</strong></span> <span class='ocrx_word' id='word_1_601' title='bbox 2235 3581 2359 3636; x_wconf 90' lang='lat' dir='ltr'><strong>illos</strong></span> <span class='ocrx_word' id='word_1_602' title='bbox 2414 3579 2740 3650; x_wconf 75' lang='lat' dir='ltr'><strong>prophetize,</strong></span> <span class='ocrx_word' id='word_1_603' title='bbox 2790 3579 2947 3661; x_wconf 79' lang='lat' dir='ltr'><strong>cujus</strong></span> <span class='ocrx_word' id='word_1_604' title='bbox 2995 3592 3222 3638; x_wconf 89' lang='lat' dir='ltr'><strong>eventus</strong></span> <span class='ocrx_word' id='word_1_605' title='bbox 3273 3581 3483 3649; x_wconf 78' lang='lat' dir='ltr'><strong>statim,</strong></span> 
     </span>
    </p>
   </div>
   <div class='ocr_carea' id='block_1_81' title="bbox 1888 3675 3486 3748">
    <p class='ocr_par' dir='ltr' id='par_1_81' title="bbox 1888 3675 3486 3748">
     <span class='ocr_line' id='line_1_81' title="bbox 1888 3675 3486 3748; baseline 0.001 -16"><span class='ocrx_word' id='word_1_606' title='bbox 1888 3693 2067 3748; x_wconf 89' lang='lat' dir='ltr'><strong>neque</strong></span> <span class='ocrx_word' id='word_1_607' title='bbox 2105 3677 2180 3732; x_wconf 90' lang='lat' dir='ltr'><strong>ita</strong></span> <span class='ocrx_word' id='word_1_608' title='bbox 2212 3675 2384 3730; x_wconf 88' lang='lat' dir='ltr'><strong>multo</strong></span> <span class='ocrx_word' id='word_1_609' title='bbox 2411 3683 2535 3745; x_wconf 89' lang='lat' dir='ltr'><strong>post</strong></span> <span class='ocrx_word' id='word_1_610' title='bbox 2580 3683 2960 3745; x_wconf 83' lang='lat' dir='ltr'><strong>perpetratum</strong></span> <span class='ocrx_word' id='word_1_611' title='bbox 3006 3686 3196 3731; x_wconf 86' lang='lat' dir='ltr'><strong>contra</strong></span> <span class='ocrx_word' id='word_1_612' title='bbox 3231 3675 3486 3734; x_wconf 85' lang='lat' dir='ltr'><strong>Salvato-</strong></span> 
     </span>
    </p>
   </div>
   <div class='ocr_carea' id='block_1_82' title="bbox 1886 3767 3482 3840">
    <p class='ocr_par' dir='ltr' id='par_1_82' title="bbox 1886 3767 3482 3840">
     <span class='ocr_line' id='line_1_82' title="bbox 1886 3767 3482 3840; baseline -0.001 -15"><span class='ocrx_word' id='word_1_613' title='bbox 1886 3786 2001 3825; x_wconf 90' lang='lat' dir='ltr'><strong>rem</strong></span> <span class='ocrx_word' id='word_1_614' title='bbox 2049 3779 2302 3825; x_wconf 89' lang='lat' dir='ltr'><strong>nostrum</strong></span> <span class='ocrx_word' id='word_1_615' title='bbox 2360 3768 2592 3832; x_wconf 83' lang='lat' dir='ltr'><strong>facinus,</strong></span> <span class='ocrx_word' id='word_1_616' title='bbox 2647 3767 2716 3821; x_wconf 89' lang='lat' dir='ltr'><strong>ad</strong></span> <span class='ocrx_word' id='word_1_617' title='bbox 2767 3767 3007 3824; x_wconf 89' lang='lat' dir='ltr'><strong>litteram</strong></span> <span class='ocrx_word' id='word_1_618' title='bbox 3057 3771 3304 3840; x_wconf 75' lang='lat' dir='ltr'><strong>contigit,</strong></span> <span class='ocrx_word' id='word_1_619' title='bbox 3356 3786 3482 3824; x_wconf 91' lang='lat' dir='ltr'><strong>cum</strong></span> 
     </span>
    </p>
   </div>
   <div class='ocr_carea' id='block_1_83' title="bbox 1885 3863 3449 3936">
    <p class='ocr_par' dir='ltr' id='par_1_83' title="bbox 1885 3863 3449 3936">
     <span class='ocr_line' id='line_1_83' title="bbox 1885 3863 3449 3936; baseline 0.001 -18"><span class='ocrx_word' id='word_1_620' title='bbox 1885 3879 2074 3919; x_wconf 87' lang='lat' dir='ltr'><strong>eorum</strong></span> <span class='ocrx_word' id='word_1_621' title='bbox 2108 3863 2428 3932; x_wconf 89' lang='lat' dir='ltr'><strong>metropolis</strong></span> <span class='ocrx_word' id='word_1_622' title='bbox 2453 3864 2707 3919; x_wconf 88' lang='lat' dir='ltr'><strong>incendio</strong></span> <span class='ocrx_word' id='word_1_623' title='bbox 2738 3865 2935 3919; x_wconf 81' lang='lat' dir='ltr'><strong>tradita</strong></span> <span class='ocrx_word' id='word_1_624' title='bbox 2967 3875 3070 3928; x_wconf 86' lang='lat' dir='ltr'><strong>est,</strong></span> <span class='ocrx_word' id='word_1_625' title='bbox 3111 3875 3166 3922; x_wconf 91' lang='lat' dir='ltr'><strong>et</strong></span> <span class='ocrx_word' id='word_1_626' title='bbox 3207 3867 3354 3936; x_wconf 87' lang='lat' dir='ltr'><strong>impii</strong></span> <span class='ocrx_word' id='word_1_627' title='bbox 3381 3867 3449 3921; x_wconf 77' lang='lat' dir='ltr'><strong>lio</strong></span> 
     </span>
    </p>
   </div>
   <div class='ocr_carea' id='block_1_84' title="bbox 1886 3954 3478 4026">
    <p class='ocr_par' dir='ltr' id='par_1_84' title="bbox 1886 3954 3478 4026">
     <span class='ocr_line' id='line_1_84' title="bbox 1886 3954 3478 4026; baseline 0.001 -18"><span class='ocrx_word' id='word_1_628' title='bbox 1886 3955 2063 4009; x_wconf 88' lang='lat' dir='ltr'><strong>mines</strong></span> <span class='ocrx_word' id='word_1_629' title='bbox 2098 3954 2153 4008; x_wconf 89' lang='lat' dir='ltr'><strong>in</strong></span> <span class='ocrx_word' id='word_1_630' title='bbox 2182 3969 2243 4009; x_wconf 88' lang='lat' dir='ltr'><strong>ea</strong></span> <span class='ocrx_word' id='word_1_631' title='bbox 2291 3966 2704 4010; x_wconf 87' lang='lat' dir='ltr'><strong>commorantes</strong></span> <span class='ocrx_word' id='word_1_632' title='bbox 2750 3970 2819 4010; x_wconf 85' lang='lat' dir='ltr'><strong>ex</strong></span> <span class='ocrx_word' id='word_1_633' title='bbox 2867 3955 3117 4010; x_wconf 85' lang='lat' dir='ltr'><strong>scintillis</strong></span> <span class='ocrx_word' id='word_1_634' title='bbox 3157 3957 3270 4010; x_wconf 90' lang='lat' dir='ltr'><strong>suis</strong></span> <span class='ocrx_word' id='word_1_635' title='bbox 3298 3958 3478 4026; x_wconf 81' lang='lat' dir='ltr'><strong>ignem</strong></span> 
     </span>
    </p>
   </div>
   <div class='ocr_carea' id='block_1_85' title="bbox 1885 4050 3482 4122">
    <p class='ocr_par' dir='ltr' id='par_1_85' title="bbox 1885 4050 3482 4122">
     <span class='ocr_line' id='line_1_85' title="bbox 1885 4050 3482 4122; baseline 0.001 -17"><span class='ocrx_word' id='word_1_636' title='bbox 1885 4050 2387 4122; x_wconf 82' lang='lat' dir='ltr'><strong>inexstinguibilem</strong></span> <span class='ocrx_word' id='word_1_637' title='bbox 2417 4066 2481 4106; x_wconf 91' lang='lat' dir='ltr'><strong>ac</strong></span> <span class='ocrx_word' id='word_1_638' title='bbox 2520 4059 2783 4106; x_wconf 68' lang='lat' dir='ltr'><strong>aeternum</strong></span> <span class='ocrx_word' id='word_1_639' title='bbox 2810 4090 2826 4114; x_wconf 90' lang='lat'><strong>,</strong></span> <span class='ocrx_word' id='word_1_640' title='bbox 2868 4051 3116 4121; x_wconf 88' lang='lat' dir='ltr'><strong>iramque</strong></span> <span class='ocrx_word' id='word_1_641' title='bbox 3155 4050 3251 4106; x_wconf 89' lang='lat' dir='ltr'><strong>Dei</strong></span> <span class='ocrx_word' id='word_1_642' title='bbox 3295 4051 3350 4106; x_wconf 91' lang='lat' dir='ltr'><strong>in</strong></span> <span class='ocrx_word' id='word_1_643' title='bbox 3389 4051 3482 4107; x_wconf 84' lang='lat' dir='ltr'><strong>die</strong></span> 
     </span>
    </p>
   </div>
   <div class='ocr_carea' id='block_1_86' title="bbox 1886 4143 2592 4200">
    <p class='ocr_par' dir='ltr' id='par_1_86' title="bbox 1886 4143 2592 4200">
     <span class='ocr_line' id='line_1_86' title="bbox 1886 4143 2592 4200; baseline -0.004 -1"><span class='ocrx_word' id='word_1_644' title='bbox 1886 4146 1979 4200; x_wconf 84' lang='lat' dir='ltr'><strong>irae</strong></span> <span class='ocrx_word' id='word_1_645' title='bbox 2010 4144 2114 4200; x_wconf 89' lang='lat' dir='ltr'><strong>sibi</strong></span> <span class='ocrx_word' id='word_1_646' title='bbox 2147 4143 2592 4198; x_wconf 88' lang='lat' dir='ltr'><strong>recondiderunt.</strong></span> 
     </span>
    </p>
   </div>
   <div class='ocr_carea' id='block_1_87' title="bbox 2502 4233 2845 4290">
    <p class='ocr_par' dir='ltr' id='par_1_87' title="bbox 2502 4233 2845 4290">
     <span class='ocr_line' id='line_1_87' title="bbox 2502 4233 2845 4290; baseline -0.003 -1"><span class='ocrx_word' id='word_1_647' title='bbox 2502 4233 2736 4290; x_wconf 81' lang='lat' dir='ltr'><strong>CAPUT</strong></span> <span class='ocrx_word' id='word_1_648' title='bbox 2781 4233 2845 4288; x_wconf 86' lang='lat' dir='ltr'><strong>ll.</strong></span> 
     </span>
    </p>
   </div>
   <div class='ocr_carea' id='block_1_88' title="bbox 1957 4323 3479 4393">
    <p class='ocr_par' dir='ltr' id='par_1_88' title="bbox 1957 4323 3479 4393">
     <span class='ocr_line' id='line_1_88' title="bbox 1957 4323 3479 4393; baseline -0.003 -10"><span class='ocrx_word' id='word_1_649' title='bbox 1957 4328 2123 4383; x_wconf 73' lang='lat' dir='ltr'><strong>Vens.</strong></span> <span class='ocrx_word' id='word_1_650' title='bbox 2157 4327 2276 4381; x_wconf 67' lang='grc'><strong>1-6.</strong></span> <span class='ocrx_word' id='word_1_651' title='bbox 2320 4343 2338 4376; x_wconf 84' lang='grc' dir='ltr'><strong>ι</strong></span> <span class='ocrx_word' id='word_1_652' title='bbox 2385 4323 2624 4378; x_wconf 74' lang='lat' dir='ltr'><strong>Verbum</strong></span> <span class='ocrx_word' id='word_1_653' title='bbox 2653 4325 2796 4393; x_wconf 91' lang='lat' dir='ltr'><strong>quod</strong></span> <span class='ocrx_word' id='word_1_654' title='bbox 2825 4324 3029 4378; x_wconf 86' lang='lat' dir='ltr'><strong>factum</strong></span> <span class='ocrx_word' id='word_1_655' title='bbox 3063 4333 3146 4379; x_wconf 91' lang='lat' dir='ltr'><strong>est</strong></span> <span class='ocrx_word' id='word_1_656' title='bbox 3176 4339 3206 4378; x_wconf 88' lang='lat' dir='ltr'><strong>a</strong></span> <span class='ocrx_word' id='word_1_657' title='bbox 3246 4323 3479 4379; x_wconf 88' lang='lat' dir='ltr'><strong>Domino</strong></span> 
     </span>
    </p>
   </div>
   <div class='ocr_carea' id='block_1_89' title="bbox 1883 4415 3474 4475">
    <p class='ocr_par' dir='ltr' id='par_1_89' title="bbox 1883 4415 3474 4475">
     <span class='ocr_line' id='line_1_89' title="bbox 1883 4415 3474 4475; baseline -0.003 0"><span class='ocrx_word' id='word_1_658' title='bbox 1883 4421 1950 4475; x_wconf 91' lang='lat' dir='ltr'><strong>ad</strong></span> <span class='ocrx_word' id='word_1_659' title='bbox 1981 4419 2230 4475; x_wconf 26' lang='lat' dir='ltr'><strong>l‘lesaiam</strong></span> <span class='ocrx_word' id='word_1_660' title='bbox 2257 4419 2426 4473; x_wconf 87' lang='lat' dir='ltr'><strong>lilium</strong></span> <span class='ocrx_word' id='word_1_661' title='bbox 2448 4419 2614 4472; x_wconf 84' lang='lat' dir='ltr'><strong>Amos</strong></span> <span class='ocrx_word' id='word_1_662' title='bbox 2633 4418 2776 4472; x_wconf 91' lang='lat' dir='ltr'><strong>circa</strong></span> <span class='ocrx_word' id='word_1_663' title='bbox 2805 4417 3044 4473; x_wconf 66' lang='lat' dir='ltr'><strong>Iudaeam</strong></span> <span class='ocrx_word' id='word_1_664' title='bbox 3065 4415 3474 4471; x_wconf 78' lang='lat' dir='ltr'><strong>etJerusalem:</strong></span> 
     </span>
    </p>
   </div>
   <div class='ocr_carea' id='block_1_90' title="bbox 188 4510 1785 4587">
    <p class='ocr_par' dir='ltr' id='par_1_90' title="bbox 188 4514 1777 4587">
     <span class='ocr_line' id='line_1_90' title="bbox 188 4514 1777 4587; baseline -0.001 -17"><span class='ocrx_word' id='word_1_665' title='bbox 188 4517 264 4570; x_wconf 68' lang='grc' dir='ltr'>ὅτι</span> <span class='ocrx_word' id='word_1_666' title='bbox 294 4516 446 4569; x_wconf 74' lang='grc' dir='ltr'>ἔσται</span> <span class='ocrx_word' id='word_1_667' title='bbox 470 4519 529 4570; x_wconf 84' lang='grc' dir='ltr'><strong>ἐν</strong></span> <span class='ocrx_word' id='word_1_668' title='bbox 562 4518 682 4578; x_wconf 81' lang='grc' dir='ltr'>ταῖς</span> <span class='ocrx_word' id='word_1_669' title='bbox 717 4514 973 4584; x_wconf 82' lang='grc' dir='ltr'>ἐσχάταις</span> <span class='ocrx_word' id='word_1_670' title='bbox 1013 4516 1249 4586; x_wconf 78' lang='grc' dir='ltr'>ἡμέραις</span> <span class='ocrx_word' id='word_1_671' title='bbox 1281 4516 1521 4585; x_wconf 73' lang='grc' dir='ltr'>ἐμφανὲς</span> <span class='ocrx_word' id='word_1_672' title='bbox 1558 4515 1619 4569; x_wconf 86' lang='grc' dir='ltr'><strong>τὸ</strong></span> <span class='ocrx_word' id='word_1_673' title='bbox 1650 4516 1777 4587; x_wconf 81' lang='grc' dir='ltr'>ὅρος</span> 
     </span>
    </p>
   </div>
   <div class='ocr_carea' id='block_1_91' title="bbox 1889 4510 3477 4587">
    <p class='ocr_par' dir='ltr' id='par_1_91' title="bbox 1889 4510 3477 4579">
     <span class='ocr_line' id='line_1_91' title="bbox 1889 4510 3477 4579; baseline -0.001 -15"><span class='ocrx_word' id='word_1_674' title='bbox 1889 4514 2011 4579; x_wconf 82' lang='lat' dir='ltr'><strong>quia</strong></span> <span class='ocrx_word' id='word_1_675' title='bbox 2068 4513 2177 4567; x_wconf 84' lang='lat' dir='ltr'><strong>erit</strong></span> <span class='ocrx_word' id='word_1_676' title='bbox 2233 4512 2285 4566; x_wconf 90' lang='lat' dir='ltr'><strong>iu</strong></span> <span class='ocrx_word' id='word_1_677' title='bbox 2345 4511 2666 4566; x_wconf 63' lang='lat' dir='ltr'><strong>novissimis</strong></span> <span class='ocrx_word' id='word_1_678' title='bbox 2690 4511 2884 4565; x_wconf 86' lang='lat' dir='ltr'><strong>diebus</strong></span> <span class='ocrx_word' id='word_1_679' title='bbox 2936 4510 3265 4578; x_wconf 87' lang='lat' dir='ltr'><strong>conspicuus</strong></span> <span class='ocrx_word' id='word_1_680' title='bbox 3318 4524 3477 4563; x_wconf 89' lang='lat' dir='ltr'><strong>mons</strong></span> 
     </span>
    </p>
   </div>
   <div class='ocr_carea' id='block_1_92' title="bbox 189 4600 1774 4680">
    <p class='ocr_par' dir='ltr' id='par_1_92' title="bbox 189 4600 1774 4680">
     <span class='ocr_line' id='line_1_92' title="bbox 189 4600 1774 4680; baseline -0.001 -18"><span class='ocrx_word' id='word_1_681' title='bbox 189 4608 277 4662; x_wconf 75' lang='grc' dir='ltr'><strong>τοῦ</strong></span> <span class='ocrx_word' id='word_1_682' title='bbox 303 4608 533 4680; x_wconf 75' lang='grc' dir='ltr'>Κυρίου,</span> <span class='ocrx_word' id='word_1_683' title='bbox 571 4607 722 4660; x_wconf 69' lang='grc' dir='ltr'>καὶύ</span> <span class='ocrx_word' id='word_1_684' title='bbox 769 4603 917 4671; x_wconf 74' lang='grc' dir='ltr'>οἶκος</span> <span class='ocrx_word' id='word_1_685' title='bbox 959 4607 1052 4660; x_wconf 85' lang='grc' dir='ltr'><strong>τοῦ</strong></span> <span class='ocrx_word' id='word_1_686' title='bbox 1080 4601 1213 4661; x_wconf 85' lang='grc' dir='ltr'>Θεοῦ</span> <span class='ocrx_word' id='word_1_687' title='bbox 1244 4608 1329 4660; x_wconf 79' lang='grc' dir='ltr'>ἐπ’</span> <span class='ocrx_word' id='word_1_688' title='bbox 1365 4600 1549 4678; x_wconf 75' lang='grc' dir='ltr'>ἄκρων</span> <span class='ocrx_word' id='word_1_689' title='bbox 1576 4608 1685 4662; x_wconf 88' lang='grc' dir='ltr'><strong>τῶν</strong></span> <span class='ocrx_word' id='word_1_690' title='bbox 1719 4610 1774 4660; x_wconf 82' lang='grc' dir='ltr'><strong>ὀ-</strong></span> 
     </span>
    </p>
   </div>
   <div class='ocr_carea' id='block_1_93' title="bbox 194 4697 1774 4771">
    <p class='ocr_par' dir='ltr' id='par_1_93' title="bbox 194 4697 1774 4771">
     <span class='ocr_line' id='line_1_93' title="bbox 194 4697 1774 4771; baseline 0.001 -21"><span class='ocrx_word' id='word_1_691' title='bbox 194 4703 341 4768; x_wconf 77' lang='grc' dir='ltr'>ρέων,</span> <span class='ocrx_word' id='word_1_692' title='bbox 377 4701 471 4754; x_wconf 83' lang='grc' dir='ltr'><strong>καὶ</strong></span> <span class='ocrx_word' id='word_1_693' title='bbox 516 4699 864 4769; x_wconf 69' lang='grc' dir='ltr'>ὑψωθήσεται</span> <span class='ocrx_word' id='word_1_694' title='bbox 893 4698 1145 4770; x_wconf 83' lang='grc' dir='ltr'>ὑπεράνω</span> <span class='ocrx_word' id='word_1_695' title='bbox 1179 4698 1288 4751; x_wconf 88' lang='grc' dir='ltr'><strong>τῶν</strong></span> <span class='ocrx_word' id='word_1_696' title='bbox 1327 4697 1551 4768; x_wconf 77' lang='grc' dir='ltr'>βουνῶν,</span> <span class='ocrx_word' id='word_1_697' title='bbox 1584 4701 1678 4752; x_wconf 73' lang='grc' dir='ltr'><strong>καὶ</strong></span> <span class='ocrx_word' id='word_1_698' title='bbox 1712 4701 1774 4771; x_wconf 74' lang='grc' dir='ltr'><strong>ἦ-</strong></span> 
     </span>
    </p>
   </div>
   <div class='ocr_carea' id='block_1_94' title="bbox 192 4790 1773 4862">
    <p class='ocr_par' dir='ltr' id='par_1_94' title="bbox 192 4790 1773 4862">
     <span class='ocr_line' id='line_1_94' title="bbox 192 4790 1773 4862; baseline 0.001 -21"><span class='ocrx_word' id='word_1_699' title='bbox 192 4797 361 4860; x_wconf 75' lang='grc' dir='ltr'>ξουσιν</span> <span class='ocrx_word' id='word_1_700' title='bbox 387 4795 474 4846; x_wconf 82' lang='grc' dir='ltr'>ἐπ’</span> <span class='ocrx_word' id='word_1_701' title='bbox 500 4791 637 4845; x_wconf 78' lang='grc' dir='ltr'>αὐτὸ</span> <span class='ocrx_word' id='word_1_702' title='bbox 665 4791 838 4844; x_wconf 76' lang='grc' dir='ltr'>πάντα</span> <span class='ocrx_word' id='word_1_703' title='bbox 861 4790 929 4844; x_wconf 64' lang='grc' dir='ltr'><strong>τὰ</strong></span> <span class='ocrx_word' id='word_1_704' title='bbox 951 4790 1077 4861; x_wconf 81' lang='grc' dir='ltr'>ἔθνη</span> <span class='ocrx_word' id='word_1_705' title='bbox 1127 4791 1236 4844; x_wconf 80' lang='grc' dir='ltr'><strong>Καὶ</strong></span> <span class='ocrx_word' id='word_1_706' title='bbox 1264 4790 1618 4862; x_wconf 81' lang='grc' dir='ltr'>πορεύσονται</span> <span class='ocrx_word' id='word_1_707' title='bbox 1647 4791 1773 4861; x_wconf 74' lang='grc' dir='ltr'>ἔθνη</span> 
     </span>
    </p>
   </div>
   <div class='ocr_carea' id='block_1_95' title="bbox 195 4879 1768 4955">
    <p class='ocr_par' dir='ltr' id='par_1_95' title="bbox 195 4879 1768 4955">
     <span class='ocr_line' id='line_1_95' title="bbox 195 4879 1768 4955; baseline 0.001 -20"><span class='ocrx_word' id='word_1_708' title='bbox 195 4883 372 4949; x_wconf 56' lang='grc' dir='ltr'>πολλὰ,</span> <span class='ocrx_word' id='word_1_709' title='bbox 403 4883 499 4935; x_wconf 70' lang='grc' dir='ltr'>καὶ</span> <span class='ocrx_word' id='word_1_710' title='bbox 539 4881 755 4954; x_wconf 80' lang='grc' dir='ltr'>ἐροῦσι’</span> <span class='ocrx_word' id='word_1_711' title='bbox 797 4881 982 4944; x_wconf 83' lang='grc' dir='ltr'>Δεῦτε,</span> <span class='ocrx_word' id='word_1_712' title='bbox 1019 4883 1110 4935; x_wconf 79' lang='grc' dir='ltr'>καὶ</span> <span class='ocrx_word' id='word_1_713' title='bbox 1134 4879 1425 4951; x_wconf 72' lang='grc' dir='ltr'>ἀναδῶμεν</span> <span class='ocrx_word' id='word_1_714' title='bbox 1446 4883 1527 4945; x_wconf 83' lang='grc' dir='ltr'><strong>είς</strong></span> <span class='ocrx_word' id='word_1_715' title='bbox 1552 4882 1611 4935; x_wconf 84' lang='grc' dir='ltr'>τὸ</span> <span class='ocrx_word' id='word_1_716' title='bbox 1644 4884 1768 4955; x_wconf 81' lang='grc' dir='ltr'>ὅρος</span> 
     </span>
    </p>
   </div>
   <div class='ocr_carea' id='block_1_96' title="bbox 197 4967 1770 5047">
    <p class='ocr_par' dir='ltr' id='par_1_96' title="bbox 197 4967 1770 5047">
     <span class='ocr_line' id='line_1_96' title="bbox 197 4967 1770 5047; baseline -0.002 -18"><span class='ocrx_word' id='word_1_717' title='bbox 197 4977 412 5047; x_wconf 74' lang='grc' dir='ltr'>Κυρίου,</span> <span class='ocrx_word' id='word_1_718' title='bbox 436 4977 527 5027; x_wconf 74' lang='grc' dir='ltr'><strong>καὶ</strong></span> <span class='ocrx_word' id='word_1_719' title='bbox 554 4976 632 5038; x_wconf 88' lang='grc' dir='ltr'>εἰς</span> <span class='ocrx_word' id='word_1_720' title='bbox 659 4974 752 5026; x_wconf 82' lang='grc' dir='ltr'>τὸν</span> <span class='ocrx_word' id='word_1_721' title='bbox 777 4967 924 5026; x_wconf 83' lang='grc' dir='ltr'>οἷκον</span> <span class='ocrx_word' id='word_1_722' title='bbox 949 4973 1041 5026; x_wconf 87' lang='grc' dir='ltr'><strong>τοῦ</strong></span> <span class='ocrx_word' id='word_1_723' title='bbox 1061 4973 1196 5026; x_wconf 84' lang='grc' dir='ltr'>Θεοῦ</span> <span class='ocrx_word' id='word_1_724' title='bbox 1227 4971 1419 5026; x_wconf 80' lang='grc' dir='ltr'>Ἰακώὸ</span> <span class='ocrx_word' id='word_1_725' title='bbox 1439 4990 1451 5002; x_wconf 89' lang='grc'><strong>·</strong></span> <span class='ocrx_word' id='word_1_726' title='bbox 1489 4975 1583 5026; x_wconf 70' lang='grc' dir='ltr'><strong>καὶ</strong></span> <span class='ocrx_word' id='word_1_727' title='bbox 1605 4975 1770 5043; x_wconf 83' lang='grc' dir='ltr'>ἀναγ-</span> 
     </span>
    </p>
   </div>
   <div class='ocr_carea' id='block_1_97' title="bbox 196 5065 1771 5138">
    <p class='ocr_par' dir='ltr' id='par_1_97' title="bbox 196 5065 1771 5138">
     <span class='ocr_line' id='line_1_97' title="bbox 196 5065 1771 5138; baseline 0.001 -18"><span class='ocrx_word' id='word_1_728' title='bbox 196 5069 331 5134; x_wconf 86' lang='grc' dir='ltr'>γελεῖ</span> <span class='ocrx_word' id='word_1_729' title='bbox 360 5071 494 5138; x_wconf 73' lang='grc' dir='ltr'>ἡμῖν</span> <span class='ocrx_word' id='word_1_730' title='bbox 523 5066 622 5137; x_wconf 80' lang='grc' dir='ltr'><strong>τὴν</strong></span> <span class='ocrx_word' id='word_1_731' title='bbox 653 5067 773 5120; x_wconf 70' lang='grc' dir='ltr'><strong>ὁδὸν</strong></span> <span class='ocrx_word' id='word_1_732' title='bbox 803 5065 988 5132; x_wconf 76' lang='grc' dir='ltr'>αὑτοῦ,</span> <span class='ocrx_word' id='word_1_733' title='bbox 1036 5069 1130 5120; x_wconf 73' lang='grc' dir='ltr'>καὶ</span> <span class='ocrx_word' id='word_1_734' title='bbox 1164 5066 1542 5135; x_wconf 79' lang='grc' dir='ltr'>πορευσόμεθα</span> <span class='ocrx_word' id='word_1_735' title='bbox 1585 5069 1642 5121; x_wconf 80' lang='grc' dir='ltr'><strong>ἐν</strong></span> <span class='ocrx_word' id='word_1_736' title='bbox 1676 5069 1771 5121; x_wconf 83' lang='grc' dir='ltr'>αύ-</span> 
     </span>
    </p>
   </div>
   <div class='ocr_carea' id='block_1_98' title="bbox 199 5159 1772 5233">
    <p class='ocr_par' dir='ltr' id='par_1_98' title="bbox 199 5159 1772 5233">
     <span class='ocr_line' id='line_1_98' title="bbox 199 5159 1772 5233; baseline 0 -18"><span class='ocrx_word' id='word_1_737' title='bbox 304 5163 396 5215; x_wconf 77' lang='grc' dir='ltr'>Ἐκ</span> <span class='ocrx_word' id='word_1_738' title='bbox 425 5161 534 5233; x_wconf 75' lang='grc' dir='ltr'><strong>γὰρ</strong></span> <span class='ocrx_word' id='word_1_739' title='bbox 563 5160 702 5214; x_wconf 88' lang='grc' dir='ltr'>Σιὼν</span> <span class='ocrx_word' id='word_1_740' title='bbox 749 5159 1088 5224; x_wconf 81' lang='grc' dir='ltr'>ἐξελεύσεται</span> <span class='ocrx_word' id='word_1_741' title='bbox 1123 5161 1304 5231; x_wconf 77' lang='grc' dir='ltr'>νόμος,</span> <span class='ocrx_word' id='word_1_742' title='bbox 1341 5162 1433 5214; x_wconf 71' lang='grc' dir='ltr'>καὶ</span> <span class='ocrx_word' id='word_1_743' title='bbox 1469 5161 1629 5230; x_wconf 78' lang='grc' dir='ltr'>λόγος</span> <span class='ocrx_word' id='word_1_744' title='bbox 1657 5165 1772 5215; x_wconf 83' lang='grc' dir='ltr'><strong>Κυ-</strong></span> 
     </span>
    </p>
   </div>
   <div class='ocr_carea' id='block_1_99' title="bbox 203 5251 1782 5326">
    <p class='ocr_par' dir='ltr' id='par_1_99' title="bbox 203 5251 1782 5326">
     <span class='ocr_line' id='line_1_99' title="bbox 203 5251 1782 5326; baseline 0 -19"><span class='ocrx_word' id='word_1_745' title='bbox 203 5255 308 5324; x_wconf 53' lang='lat' dir='ltr'><strong>(ﬁcu</strong></span> <span class='ocrx_word' id='word_1_746' title='bbox 345 5253 404 5320; x_wconf 80' lang='grc' dir='ltr'><strong>ἐξ</strong></span> <span class='ocrx_word' id='word_1_747' title='bbox 447 5253 824 5326; x_wconf 83' lang='grc' dir='ltr'>Ἰερουσαλήμ.</span> <span class='ocrx_word' id='word_1_748' title='bbox 875 5252 982 5305; x_wconf 76' lang='grc' dir='ltr'><strong>Καὶ</strong></span> <span class='ocrx_word' id='word_1_749' title='bbox 1025 5255 1201 5323; x_wconf 82' lang='grc' dir='ltr'>κρινεῖ</span> <span class='ocrx_word' id='word_1_750' title='bbox 1233 5251 1336 5306; x_wconf 84' lang='grc' dir='ltr'>ἀνὰ</span> <span class='ocrx_word' id='word_1_751' title='bbox 1373 5256 1536 5323; x_wconf 85' lang='grc' dir='ltr'>μέσον</span> <span class='ocrx_word' id='word_1_752' title='bbox 1588 5253 1695 5306; x_wconf 85' lang='grc' dir='ltr'><strong>τῶν</strong></span> <span class='ocrx_word' id='word_1_753' title='bbox 1726 5257 1782 5307; x_wconf 80' lang='grc' dir='ltr'><strong>ἑ-</strong></span> 
     </span>
    </p>
   </div>
   <div class='ocr_carea' id='block_1_100' title="bbox 203 5341 1781 5414">
    <p class='ocr_par' dir='ltr' id='par_1_100' title="bbox 203 5341 1781 5414">
     <span class='ocr_line' id='line_1_100' title="bbox 203 5341 1781 5414; baseline 0 -18"><span class='ocrx_word' id='word_1_754' title='bbox 203 5342 349 5408; x_wconf 76' lang='grc' dir='ltr'>θνῶν,</span> <span class='ocrx_word' id='word_1_755' title='bbox 376 5344 465 5396; x_wconf 74' lang='grc' dir='ltr'>καὶ</span> <span class='ocrx_word' id='word_1_756' title='bbox 485 5342 760 5414; x_wconf 79' lang='grc' dir='ltr'>ἐξελέγξει</span> <span class='ocrx_word' id='word_1_757' title='bbox 787 5341 915 5395; x_wconf 76' lang='grc' dir='ltr'>λαὸν</span> <span class='ocrx_word' id='word_1_758' title='bbox 945 5341 1109 5395; x_wconf 82' lang='grc' dir='ltr'>πολὺν</span> <span class='ocrx_word' id='word_1_759' title='bbox 1141 5343 1320 5405; x_wconf 79' lang='grc' dir='ltr'>αὐτός.</span> <span class='ocrx_word' id='word_1_760' title='bbox 1347 5362 1365 5394; x_wconf 77' lang='grc' dir='ltr'><strong>ι</strong></span> <span class='ocrx_word' id='word_1_761' title='bbox 1397 5344 1569 5406; x_wconf 56' lang='lat' dir='ltr'><strong>nam</strong></span> <span class='ocrx_word' id='word_1_762' title='bbox 1601 5343 1656 5396; x_wconf 83' lang='grc' dir='ltr'><strong>δὲ</strong></span> <span class='ocrx_word' id='word_1_763' title='bbox 1687 5345 1781 5396; x_wconf 77' lang='grc' dir='ltr'><strong>καὶ</strong></span> 
     </span>
    </p>
   </div>
   <div class='ocr_carea' id='block_1_101' title="bbox 204 5433 1781 5511">
    <p class='ocr_par' dir='ltr' id='par_1_101' title="bbox 204 5433 1781 5511">
     <span class='ocr_line' id='line_1_101' title="bbox 204 5433 1781 5511; baseline 0 -24"><span class='ocrx_word' id='word_1_764' title='bbox 204 5434 440 5510; x_wconf 69' lang='grc' dir='ltr'>διέκρινεν</span> <span class='ocrx_word' id='word_1_765' title='bbox 457 5439 562 5494; x_wconf 78' lang='grc' dir='ltr'>ἀνὰ</span> <span class='ocrx_word' id='word_1_766' title='bbox 594 5438 767 5511; x_wconf 86' lang='grc' dir='ltr'>μέσον</span> <span class='ocrx_word' id='word_1_767' title='bbox 791 5434 904 5488; x_wconf 83' lang='grc' dir='ltr'><strong>τῶν</strong></span> <span class='ocrx_word' id='word_1_768' title='bbox 944 5433 1132 5497; x_wconf 81' lang='grc' dir='ltr'>ἐθνῶν,</span> <span class='ocrx_word' id='word_1_769' title='bbox 1163 5435 1430 5505; x_wconf 75' lang='grc' dir='ltr'>ἀφορίσας</span> <span class='ocrx_word' id='word_1_770' title='bbox 1454 5434 1634 5505; x_wconf 79' lang='grc' dir='ltr'>ἑαυτῷ</span> <span class='ocrx_word' id='word_1_771' title='bbox 1655 5436 1781 5498; x_wconf 71' lang='grc' dir='ltr'>τοὺς</span> 
     </span>
    </p>
   </div>
   <div class='ocr_carea' id='block_1_102' title="bbox 207 5524 1780 5598">
    <p class='ocr_par' dir='ltr' id='par_1_102' title="bbox 207 5524 1780 5598">
     <span class='ocr_line' id='line_1_102' title="bbox 207 5524 1780 5598; baseline -0.003 -17"><span class='ocrx_word' id='word_1_772' title='bbox 207 5525 373 5597; x_wconf 69' lang='grc' dir='ltr'>ἀξίους,</span> <span class='ocrx_word' id='word_1_773' title='bbox 408 5534 499 5587; x_wconf 75' lang='grc' dir='ltr'><strong>καὶ</strong></span> <span class='ocrx_word' id='word_1_774' title='bbox 551 5528 934 5598; x_wconf 76' lang='grc' dir='ltr'>ἐκλεξάμενος</span> <span class='ocrx_word' id='word_1_775' title='bbox 977 5526 1100 5588; x_wconf 73' lang='grc' dir='ltr'>τοὺς</span> <span class='ocrx_word' id='word_1_776' title='bbox 1132 5525 1362 5594; x_wconf 73' lang='grc' dir='ltr'>κλητοὺς</span> <span class='ocrx_word' id='word_1_777' title='bbox 1409 5525 1516 5578; x_wconf 78' lang='grc' dir='ltr'><strong>ἀπὸ</strong></span> <span class='ocrx_word' id='word_1_778' title='bbox 1544 5524 1652 5577; x_wconf 89' lang='grc' dir='ltr'><strong>τῶν</strong></span> <span class='ocrx_word' id='word_1_779' title='bbox 1706 5524 1780 5596; x_wconf 79' lang='grc' dir='ltr'>μὴ</span> 
     </span>
    </p>
   </div>
   <div class='ocr_carea' id='block_1_103' title="bbox 199 5615 1783 5689">
    <p class='ocr_par' dir='ltr' id='par_1_103' title="bbox 199 5615 1783 5689">
     <span class='ocr_line' id='line_1_103' title="bbox 199 5615 1783 5689; baseline -0.004 -14"><span class='ocrx_word' id='word_1_780' title='bbox 199 5628 425 5685; x_wconf 68' lang='grc' dir='ltr'>τοιούτων,</span> <span class='ocrx_word' id='word_1_781' title='bbox 476 5628 674 5688; x_wconf 72' lang='grc' dir='ltr'>οὕτως</span> <span class='ocrx_word' id='word_1_782' title='bbox 699 5616 802 5676; x_wconf 82' lang='grc' dir='ltr'><strong>οῦν</strong></span> <span class='ocrx_word' id='word_1_783' title='bbox 837 5617 945 5672; x_wconf 82' lang='grc' dir='ltr'><strong>ἀνά</strong></span> <span class='ocrx_word' id='word_1_784' title='bbox 977 5618 1137 5689; x_wconf 88' lang='grc' dir='ltr'>μέσον</span> <span class='ocrx_word' id='word_1_785' title='bbox 1167 5617 1276 5669; x_wconf 83' lang='grc' dir='ltr'><strong>τῶν</strong></span> <span class='ocrx_word' id='word_1_786' title='bbox 1305 5615 1473 5671; x_wconf 83' lang='grc' dir='ltr'>ἐθνῶν</span> <span class='ocrx_word' id='word_1_787' title='bbox 1501 5617 1783 5688; x_wconf 84' lang='grc' dir='ltr'>διακρίνας</span> 
     </span>
    </p>
   </div>
   <div class='ocr_carea' id='block_1_104' title="bbox 184 5707 1782 5792">
    <p class='ocr_par' dir='ltr' id='par_1_104' title="bbox 184 5707 1782 5792">
     <span class='ocr_line' id='line_1_104' title="bbox 184 5707 1782 5792; baseline -0.002 -29"><span class='ocrx_word' id='word_1_788' title='bbox 184 5717 566 5792; x_wconf 58' lang='grc' dir='ltr'><strong>θεῦαγγελικδς</strong></span> <span class='ocrx_word' id='word_1_789' title='bbox 620 5714 830 5784; x_wconf 74' lang='grc' dir='ltr'>νόμος,</span> <span class='ocrx_word' id='word_1_790' title='bbox 863 5707 988 5761; x_wconf 78' lang='grc' dir='ltr'>λαὸν</span> <span class='ocrx_word' id='word_1_791' title='bbox 1023 5708 1189 5760; x_wconf 68' lang='grc' dir='ltr'>πολὺν</span> <span class='ocrx_word' id='word_1_792' title='bbox 1227 5707 1476 5777; x_wconf 64' lang='grc' dir='ltr'>ἤλεγξεν,</span> <span class='ocrx_word' id='word_1_793' title='bbox 1506 5708 1624 5779; x_wconf 70' lang='grc' dir='ltr'>ἤτοι</span> <span class='ocrx_word' id='word_1_794' title='bbox 1655 5707 1782 5772; x_wconf 59' lang='grc' dir='ltr'>τοὺς</span> 
     </span>
    </p>
   </div>
   <div class='ocr_carea' id='block_1_105' title="bbox 225 5822 1398 5900">
    <p class='ocr_par' dir='ltr' id='par_1_105' title="bbox 225 5822 1398 5900">
     <span class='ocr_line' id='line_1_105' title="bbox 225 5822 1398 5900; baseline 0.009 -28"><span class='ocrx_word' id='word_1_795' title='bbox 225 5842 514 5900; x_wconf 50' lang='lat' dir='ltr'><strong>“pm-“un.</strong></span> <span class='ocrx_word' id='word_1_796' title='bbox 556 5849 638 5899; x_wconf 62' lang='grc' dir='ltr'><strong>ιν,</strong></span> <span class='ocrx_word' id='word_1_797' title='bbox 697 5829 776 5884; x_wconf 72' lang='grc' dir='ltr'><strong>ίδ</strong></span> <span class='ocrx_word' id='word_1_798' title='bbox 887 5823 923 5854; x_wconf 87' lang='grc'>¹¹</span> <span class='ocrx_word' id='word_1_799' title='bbox 955 5822 1111 5880; x_wconf 70' lang='lat' dir='ltr'><strong>liora.</strong></span> <span class='ocrx_word' id='word_1_800' title='bbox 1153 5840 1270 5893; x_wconf 83' lang='lat' dir='ltr'><strong>vm,</strong></span> <span class='ocrx_word' id='word_1_801' title='bbox 1309 5825 1398 5882; x_wconf 73' lang='grc'><strong>55.</strong></span> 
     </span>
    </p>
   </div>
   <div class='ocr_carea' id='block_1_106' title="bbox 1885 4602 3473 4672">
    <p class='ocr_par' dir='ltr' id='par_1_106' title="bbox 1885 4602 3473 4672">
     <span class='ocr_line' id='line_1_106' title="bbox 1885 4602 3473 4672; baseline -0.003 -13"><span class='ocrx_word' id='word_1_802' title='bbox 1885 4605 2101 4660; x_wconf 81' lang='lat' dir='ltr'><strong>Domini</strong></span> <span class='ocrx_word' id='word_1_803' title='bbox 2152 4614 2208 4659; x_wconf 87' lang='lat' dir='ltr'><strong>et</strong></span> <span class='ocrx_word' id='word_1_804' title='bbox 2257 4605 2450 4658; x_wconf 85' lang='lat' dir='ltr'><strong>domus</strong></span> <span class='ocrx_word' id='word_1_805' title='bbox 2492 4603 2588 4657; x_wconf 88' lang='lat' dir='ltr'><strong>Dei</strong></span> <span class='ocrx_word' id='word_1_806' title='bbox 2630 4618 2798 4672; x_wconf 84' lang='lat' dir='ltr'><strong>supra</strong></span> <span class='ocrx_word' id='word_1_807' title='bbox 2844 4603 3105 4657; x_wconf 84' lang='lat' dir='ltr'><strong>verticem</strong></span> <span class='ocrx_word' id='word_1_808' title='bbox 3158 4602 3473 4655; x_wconf 90' lang='lat' dir='ltr'><strong>montium:</strong></span> 
     </span>
    </p>
   </div>
   <div class='ocr_carea' id='block_1_107' title="bbox 1883 4695 3478 4764">
    <p class='ocr_par' dir='ltr' id='par_1_107' title="bbox 1883 4695 3478 4764">
     <span class='ocr_line' id='line_1_107' title="bbox 1883 4695 3478 4764; baseline -0.004 -10"><span class='ocrx_word' id='word_1_809' title='bbox 1883 4697 1948 4754; x_wconf 78' lang='lat' dir='ltr'><strong>et</strong></span> <span class='ocrx_word' id='word_1_810' title='bbox 2007 4697 2318 4753; x_wconf 68' lang='lat' dir='ltr'><strong>elevabitm‘</strong></span> <span class='ocrx_word' id='word_1_811' title='bbox 2371 4708 2535 4764; x_wconf 86' lang='lat' dir='ltr'><strong>super</strong></span> <span class='ocrx_word' id='word_1_812' title='bbox 2589 4696 2803 4751; x_wconf 84' lang='lat' dir='ltr'><strong>colles:</strong></span> <span class='ocrx_word' id='word_1_813' title='bbox 2859 4705 2913 4750; x_wconf 86' lang='lat' dir='ltr'><strong>et</strong></span> <span class='ocrx_word' id='word_1_814' title='bbox 2964 4696 3182 4751; x_wconf 84' lang='lat' dir='ltr'><strong>venient</strong></span> <span class='ocrx_word' id='word_1_815' title='bbox 3233 4695 3297 4747; x_wconf 90' lang='lat' dir='ltr'><strong>ad</strong></span> <span class='ocrx_word' id='word_1_816' title='bbox 3349 4709 3478 4748; x_wconf 89' lang='lat' dir='ltr'><strong>eum</strong></span> 
     </span>
    </p>
   </div>
   <div class='ocr_carea' id='block_1_108' title="bbox 1882 4786 3470 4858">
    <p class='ocr_par' dir='ltr' id='par_1_108' title="bbox 1882 4786 3470 4858">
     <span class='ocr_line' id='line_1_108' title="bbox 1882 4786 3470 4858; baseline -0.003 -16"><span class='ocrx_word' id='word_1_817' title='bbox 1882 4806 2073 4845; x_wconf 85' lang='lat' dir='ltr'><strong>omnes</strong></span> <span class='ocrx_word' id='word_1_818' title='bbox 2129 4798 2340 4858; x_wconf 78' lang='lat' dir='ltr'><strong>gentes.</strong></span> <span class='ocrx_word' id='word_1_819' title='bbox 2395 4786 2463 4841; x_wconf 88' lang='lat' dir='ltr'><strong>Et</strong></span> <span class='ocrx_word' id='word_1_820' title='bbox 2499 4788 2654 4842; x_wconf 90' lang='lat' dir='ltr'><strong>ibunt</strong></span> <span class='ocrx_word' id='word_1_821' title='bbox 2705 4787 2886 4857; x_wconf 87' lang='lat' dir='ltr'><strong>pepuli</strong></span> <span class='ocrx_word' id='word_1_822' title='bbox 2948 4787 3103 4841; x_wconf 88' lang='lat' dir='ltr'><strong>multi</strong></span> <span class='ocrx_word' id='word_1_823' title='bbox 3136 4795 3192 4840; x_wconf 90' lang='lat' dir='ltr'><strong>et</strong></span> <span class='ocrx_word' id='word_1_824' title='bbox 3241 4786 3470 4841; x_wconf 88' lang='lat' dir='ltr'><strong>dicent:</strong></span> 
     </span>
    </p>
   </div>
   <div class='ocr_carea' id='block_1_109' title="bbox 1885 4878 3473 4949">
    <p class='ocr_par' dir='ltr' id='par_1_109' title="bbox 1885 4878 3473 4949">
     <span class='ocr_line' id='line_1_109' title="bbox 1885 4878 3473 4949; baseline -0.003 -15"><span class='ocrx_word' id='word_1_825' title='bbox 1885 4884 2107 4949; x_wconf 76' lang='lat' dir='ltr'><strong>Venite,</strong></span> <span class='ocrx_word' id='word_1_826' title='bbox 2169 4880 2532 4936; x_wconf 87' lang='lat' dir='ltr'><strong>ascendamus</strong></span> <span class='ocrx_word' id='word_1_827' title='bbox 2586 4879 2655 4933; x_wconf 90' lang='lat' dir='ltr'><strong>ad</strong></span> <span class='ocrx_word' id='word_1_828' title='bbox 2708 4891 2950 4933; x_wconf 89' lang='lat' dir='ltr'><strong>montem</strong></span> <span class='ocrx_word' id='word_1_829' title='bbox 3018 4878 3235 4932; x_wconf 89' lang='lat' dir='ltr'><strong>Domini</strong></span> <span class='ocrx_word' id='word_1_830' title='bbox 3294 4887 3349 4930; x_wconf 91' lang='lat' dir='ltr'><strong>et</strong></span> <span class='ocrx_word' id='word_1_831' title='bbox 3408 4878 3473 4931; x_wconf 83' lang='lat' dir='ltr'><strong>ad</strong></span> 
     </span>
    </p>
   </div>
   <div class='ocr_carea' id='block_1_110' title="bbox 1881 4971 3470 5032">
    <p class='ocr_par' dir='ltr' id='par_1_110' title="bbox 1881 4971 3470 5032">
     <span class='ocr_line' id='line_1_110' title="bbox 1881 4971 3470 5032; baseline -0.005 -2"><span class='ocrx_word' id='word_1_832' title='bbox 1881 4978 2101 5030; x_wconf 83' lang='lat' dir='ltr'><strong>domum</strong></span> <span class='ocrx_word' id='word_1_833' title='bbox 2133 4974 2223 5029; x_wconf 89' lang='lat' dir='ltr'><strong>Dei</strong></span> <span class='ocrx_word' id='word_1_834' title='bbox 2254 4971 2420 5028; x_wconf 73' lang='lat' dir='ltr'><strong>Iacob</strong></span> <span class='ocrx_word' id='word_1_835' title='bbox 2447 4988 2460 5024; x_wconf 88' lang='lat'><strong>:</strong></span> <span class='ocrx_word' id='word_1_836' title='bbox 2494 4981 2549 5026; x_wconf 91' lang='lat' dir='ltr'><strong>et</strong></span> <span class='ocrx_word' id='word_1_837' title='bbox 2577 4972 2927 5026; x_wconf 87' lang='lat' dir='ltr'><strong>annuntiahit</strong></span> <span class='ocrx_word' id='word_1_838' title='bbox 2946 4971 3101 5026; x_wconf 85' lang='lat' dir='ltr'><strong>nobis</strong></span> <span class='ocrx_word' id='word_1_839' title='bbox 3124 4972 3269 5025; x_wconf 88' lang='lat' dir='ltr'><strong>viam</strong></span> <span class='ocrx_word' id='word_1_840' title='bbox 3297 4986 3470 5032; x_wconf 84' lang='lat' dir='ltr'><strong>suam,</strong></span> 
     </span>
    </p>
   </div>
   <div class='ocr_carea' id='block_1_111' title="bbox 1882 5064 3476 5126">
    <p class='ocr_par' dir='ltr' id='par_1_111' title="bbox 1882 5064 3476 5126">
     <span class='ocr_line' id='line_1_111' title="bbox 1882 5064 3476 5126; baseline -0.004 -4"><span class='ocrx_word' id='word_1_841' title='bbox 1882 5080 1938 5123; x_wconf 86' lang='lat' dir='ltr'><strong>et</strong></span> <span class='ocrx_word' id='word_1_842' title='bbox 1980 5070 2296 5122; x_wconf 84' lang='lat' dir='ltr'><strong>incedemus</strong></span> <span class='ocrx_word' id='word_1_843' title='bbox 2334 5064 2389 5120; x_wconf 86' lang='lat' dir='ltr'><strong>in</strong></span> <span class='ocrx_word' id='word_1_844' title='bbox 2433 5081 2520 5119; x_wconf 90' lang='lat' dir='ltr'><strong>ca.</strong></span> <span class='ocrx_word' id='word_1_845' title='bbox 2574 5064 2710 5118; x_wconf 83' lang='lat' dir='ltr'><strong>Nam</strong></span> <span class='ocrx_word' id='word_1_846' title='bbox 2760 5080 2826 5119; x_wconf 78' lang='lat' dir='ltr'><strong>ex</strong></span> <span class='ocrx_word' id='word_1_847' title='bbox 2867 5065 2998 5120; x_wconf 87' lang='lat' dir='ltr'><strong>Sion</strong></span> <span class='ocrx_word' id='word_1_848' title='bbox 3043 5065 3213 5118; x_wconf 83' lang='lat' dir='ltr'><strong>exibit</strong></span> <span class='ocrx_word' id='word_1_849' title='bbox 3259 5065 3367 5126; x_wconf 82' lang='lat' dir='ltr'><strong>lex,</strong></span> <span class='ocrx_word' id='word_1_850' title='bbox 3421 5074 3476 5116; x_wconf 89' lang='lat' dir='ltr'><strong>et</strong></span> 
     </span>
    </p>
   </div>
   <div class='ocr_carea' id='block_1_112' title="bbox 1885 5155 3474 5226">
    <p class='ocr_par' dir='ltr' id='par_1_112' title="bbox 1885 5155 3474 5226">
     <span class='ocr_line' id='line_1_112' title="bbox 1885 5155 3474 5226; baseline -0.003 -16"><span class='ocrx_word' id='word_1_851' title='bbox 1885 5162 2110 5214; x_wconf 80' lang='lat' dir='ltr'><strong>verbum</strong></span> <span class='ocrx_word' id='word_1_852' title='bbox 2162 5158 2374 5213; x_wconf 91' lang='lat' dir='ltr'><strong>Domini</strong></span> <span class='ocrx_word' id='word_1_853' title='bbox 2411 5173 2475 5212; x_wconf 80' lang='lat' dir='ltr'><strong>ex</strong></span> <span class='ocrx_word' id='word_1_854' title='bbox 2525 5155 2852 5211; x_wconf 85' lang='lat' dir='ltr'><strong>Jerusalem.</strong></span> <span class='ocrx_word' id='word_1_855' title='bbox 2905 5156 2970 5210; x_wconf 88' lang='lat' dir='ltr'><strong>Et</strong></span> <span class='ocrx_word' id='word_1_856' title='bbox 3020 5156 3288 5226; x_wconf 87' lang='lat' dir='ltr'><strong>judicabit</strong></span> <span class='ocrx_word' id='word_1_857' title='bbox 3334 5155 3474 5207; x_wconf 84' lang='lat' dir='ltr'><strong>inter</strong></span> 
     </span>
    </p>
   </div>
   <div class='ocr_carea' id='block_1_113' title="bbox 1881 5247 3474 5325">
    <p class='ocr_par' dir='ltr' id='par_1_113' title="bbox 1881 5247 3474 5325">
     <span class='ocr_line' id='line_1_113' title="bbox 1881 5247 3474 5325; baseline -0.007 -19"><span class='ocrx_word' id='word_1_858' title='bbox 1881 5267 2091 5325; x_wconf 81' lang='lat' dir='ltr'><strong>gentes,</strong></span> <span class='ocrx_word' id='word_1_859' title='bbox 2147 5262 2205 5307; x_wconf 87' lang='lat' dir='ltr'><strong>et</strong></span> <span class='ocrx_word' id='word_1_860' title='bbox 2247 5264 2445 5325; x_wconf 82' lang='lat' dir='ltr'><strong>arguet</strong></span> <span class='ocrx_word' id='word_1_861' title='bbox 2494 5250 2754 5320; x_wconf 87' lang='lat' dir='ltr'><strong>p0pulum</strong></span> <span class='ocrx_word' id='word_1_862' title='bbox 2811 5250 3039 5304; x_wconf 89' lang='lat' dir='ltr'><strong>multum</strong></span> <span class='ocrx_word' id='word_1_863' title='bbox 3102 5249 3238 5318; x_wconf 84' lang='lat' dir='ltr'><strong>ipse.</strong></span> <span class='ocrx_word' id='word_1_864' title='bbox 3279 5267 3298 5297; x_wconf 73' lang='grc' dir='ltr'><strong>ι</strong></span> <span class='ocrx_word' id='word_1_865' title='bbox 3355 5247 3474 5314; x_wconf 67' lang='grc' dir='ltr'>Ιρειε</span> 
     </span>
    </p>
   </div>
   <div class='ocr_carea' id='block_1_114' title="bbox 1881 5338 3474 5411">
    <p class='ocr_par' dir='ltr' id='par_1_114' title="bbox 1881 5338 3474 5411">
     <span class='ocr_line' id='line_1_114' title="bbox 1881 5338 3474 5411; baseline -0.005 -13"><span class='ocrx_word' id='word_1_866' title='bbox 1881 5354 2062 5398; x_wconf 86' lang='lat' dir='ltr'><strong>autem</strong></span> <span class='ocrx_word' id='word_1_867' title='bbox 2083 5344 2519 5410; x_wconf 86' lang='lat' dir='ltr'><strong>judicavitinter</strong></span> <span class='ocrx_word' id='word_1_868' title='bbox 2547 5351 2762 5411; x_wconf 90' lang='lat' dir='ltr'><strong>gentes,</strong></span> <span class='ocrx_word' id='word_1_869' title='bbox 2794 5356 2888 5396; x_wconf 89' lang='lat' dir='ltr'><strong>eos</strong></span> <span class='ocrx_word' id='word_1_870' title='bbox 2917 5341 3008 5411; x_wconf 90' lang='lat' dir='ltr'><strong>qui</strong></span> <span class='ocrx_word' id='word_1_871' title='bbox 3049 5355 3109 5394; x_wconf 91' lang='lat' dir='ltr'><strong>se</strong></span> <span class='ocrx_word' id='word_1_872' title='bbox 3136 5338 3281 5407; x_wconf 75' lang='lat' dir='ltr'><strong>digni</strong></span> <span class='ocrx_word' id='word_1_873' title='bbox 3314 5347 3474 5390; x_wconf 87' lang='lat' dir='ltr'><strong>erant</strong></span> 
     </span>
    </p>
   </div>
   <div class='ocr_carea' id='block_1_115' title="bbox 1880 5431 3468 5506">
    <p class='ocr_par' dir='ltr' id='par_1_115' title="bbox 1880 5431 3468 5506">
     <span class='ocr_line' id='line_1_115' title="bbox 1880 5431 3468 5506; baseline -0.005 -16"><span class='ocrx_word' id='word_1_874' title='bbox 1880 5437 1984 5490; x_wconf 88' lang='lat' dir='ltr'><strong>sibi</strong></span> <span class='ocrx_word' id='word_1_875' title='bbox 2025 5451 2343 5506; x_wconf 78' lang='lat' dir='ltr'><strong>segregans,</strong></span> <span class='ocrx_word' id='word_1_876' title='bbox 2374 5445 2708 5504; x_wconf 88' lang='lat' dir='ltr'><strong>vocatosque</strong></span> <span class='ocrx_word' id='word_1_877' title='bbox 2742 5450 2770 5488; x_wconf 91' lang='lat' dir='ltr'><strong>a</strong></span> <span class='ocrx_word' id='word_1_878' title='bbox 2805 5447 2910 5488; x_wconf 92' lang='lat' dir='ltr'><strong>non</strong></span> <span class='ocrx_word' id='word_1_879' title='bbox 2954 5433 3161 5486; x_wconf 86' lang='lat' dir='ltr'><strong>vocatis</strong></span> <span class='ocrx_word' id='word_1_880' title='bbox 3213 5431 3468 5499; x_wconf 79' lang='lat' dir='ltr'><strong>seligens.</strong></span> 
     </span>
    </p>
   </div>
   <div class='ocr_carea' id='block_1_116' title="bbox 1883 5521 3472 5597">
    <p class='ocr_par' dir='ltr' id='par_1_116' title="bbox 1883 5521 3472 5597">
     <span class='ocr_line' id='line_1_116' title="bbox 1883 5521 3472 5597; baseline -0.005 -17"><span class='ocrx_word' id='word_1_881' title='bbox 1883 5526 1975 5582; x_wconf 91' lang='lat' dir='ltr'><strong>Sic</strong></span> <span class='ocrx_word' id='word_1_882' title='bbox 2007 5526 2192 5597; x_wconf 88' lang='lat' dir='ltr'><strong>itaque</strong></span> <span class='ocrx_word' id='word_1_883' title='bbox 2224 5526 2304 5581; x_wconf 75' lang='lat' dir='ltr'><strong>les</strong></span> <span class='ocrx_word' id='word_1_884' title='bbox 2348 5524 2689 5592; x_wconf 75' lang='lat' dir='ltr'><strong>evangelica,</strong></span> <span class='ocrx_word' id='word_1_885' title='bbox 2735 5525 2790 5578; x_wconf 92' lang='lat' dir='ltr'><strong>in</strong></span> <span class='ocrx_word' id='word_1_886' title='bbox 2834 5523 3014 5577; x_wconf 81' lang='lat' dir='ltr'><strong>medio</strong></span> <span class='ocrx_word' id='word_1_887' title='bbox 3055 5523 3299 5592; x_wconf 85' lang='lat' dir='ltr'><strong>gentium</strong></span> <span class='ocrx_word' id='word_1_888' title='bbox 3333 5521 3472 5586; x_wconf 65' lang='lat' dir='ltr'><strong>diju~</strong></span> 
     </span>
    </p>
   </div>
   <div class='ocr_carea' id='block_1_117' title="bbox 1883 5613 3468 5689">
    <p class='ocr_par' dir='ltr' id='par_1_117' title="bbox 1883 5613 3468 5689">
     <span class='ocr_line' id='line_1_117' title="bbox 1883 5613 3468 5689; baseline -0.005 -16"><span class='ocrx_word' id='word_1_889' title='bbox 1883 5619 2098 5686; x_wconf 89' lang='lat' dir='ltr'><strong>dicans,</strong></span> <span class='ocrx_word' id='word_1_890' title='bbox 2136 5620 2369 5675; x_wconf 87' lang='lat' dir='ltr'><strong>multum</strong></span> <span class='ocrx_word' id='word_1_891' title='bbox 2403 5618 2661 5689; x_wconf 85' lang='lat' dir='ltr'><strong>pepulqu</strong></span> <span class='ocrx_word' id='word_1_892' title='bbox 2691 5618 2970 5686; x_wconf 79' lang='lat' dir='ltr'><strong>coarguit;</strong></span> <span class='ocrx_word' id='word_1_893' title='bbox 3021 5618 3134 5670; x_wconf 80' lang='lat' dir='ltr'><strong>sive</strong></span> <span class='ocrx_word' id='word_1_894' title='bbox 3163 5617 3250 5680; x_wconf 91' lang='lat' dir='ltr'><strong>iis,</strong></span> <span class='ocrx_word' id='word_1_895' title='bbox 3281 5616 3372 5683; x_wconf 87' lang='lat' dir='ltr'><strong>qui</strong></span> <span class='ocrx_word' id='word_1_896' title='bbox 3416 5613 3468 5666; x_wconf 89' lang='lat' dir='ltr'><strong>in</strong></span> 
     </span>
    </p>
   </div>
   <div class='ocr_carea' id='block_1_118' title="bbox 1883 5706 3469 5783">
    <p class='ocr_par' dir='ltr' id='par_1_118' title="bbox 1883 5706 3469 5783">
     <span class='ocr_line' id='line_1_118' title="bbox 1883 5706 3469 5783; baseline -0.003 -16"><span class='ocrx_word' id='word_1_897' title='bbox 1883 5728 1943 5767; x_wconf 87' lang='lat' dir='ltr'><strong>se</strong></span> <span class='ocrx_word' id='word_1_898' title='bbox 1962 5712 2313 5769; x_wconf 82' lang='lat' dir='ltr'><strong>crediderunt</strong></span> <span class='ocrx_word' id='word_1_899' title='bbox 2340 5712 2406 5767; x_wconf 89' lang='lat' dir='ltr'><strong>de</strong></span> <span class='ocrx_word' id='word_1_900' title='bbox 2434 5712 2666 5783; x_wconf 86' lang='lat' dir='ltr'><strong>pristino</strong></span> <span class='ocrx_word' id='word_1_901' title='bbox 2691 5723 2880 5766; x_wconf 88' lang='lat' dir='ltr'><strong>errore</strong></span> <span class='ocrx_word' id='word_1_902' title='bbox 2906 5725 3005 5764; x_wconf 91' lang='lat' dir='ltr'><strong>suo</strong></span> <span class='ocrx_word' id='word_1_903' title='bbox 3028 5709 3331 5775; x_wconf 79' lang='lat' dir='ltr'><strong>convictis;</strong></span> <span class='ocrx_word' id='word_1_904' title='bbox 3353 5706 3469 5762; x_wconf 81' lang='lat' dir='ltr'><strong>sive</strong></span> 
     </span>
    </p>
   </div>
  </div>
