4100 6286
665 288 766 346 103

1386 283 1657 343 EUSEBII
1695 280 2176 342 CESARIENSIS
2212 281 2364 342 OPP.
2392 282 2576 340 PARS
2613 283 2699 340 Ill.
2741 311 2814 326 —-
2851 282 3262 341 EXEGETICA.

3723 248 3741 259 ”
3832 290 3948 345 tos

666 406 754 469 iis,
787 403 876 474 qui
913 416 1019 458 nou
1049 400 1423 468 crediderunt,
1459 407 1518 455 ut
1554 406 1747 470 suapte
1774 397 1934 470 culpa
1968 399 2241 482 pereunti-

2347 402 2427 464 εἰς
2456 399 2618 453 αὐτὸν
2652 397 3084 462 πεπιστευκότας
3131 394 3438 464 ἀπελέγξας
3489 396 3589 469 τὴν
3641 398 3700 450 ὲν
3750 399 3945 463 αὐτοῖς

668 497 788 560 bus,
820 493 1141 550 confutatis.

802 695 870 751 Et
903 693 1250 765 confringeut
1279 690 1493 760 gladios
1539 705 1671 748 suos
1703 690 1758 747 iu
1799 698 2009 758 aratra,
2039 699 2096 747 et
2122 689 2242 746 lan-

664 805 794 853 ceas
833 803 962 847 suas
1011 789 1065 842 ie
1115 786 1323 842 falces:
1357 794 1414 842 et
1465 799 1575 842 nou
1625 784 1826 841 levabit
1872 797 2006 856 gens
2051 792 2239 840 contra

663 877 885 954 gentem
936 879 1198 952 gladium,
1245 889 1302 936 et
1355 894 1463 936 non
1513 878 1922 936 exercebuutur
1970 877 2116 935 ultra
2172 879 2242 933 ad

665 977 930 1047 praelium.
968 994 988 1029 ι
1039 972 1156 1029 Non
1213 973 1355 1029 ultra
1393 971 1645 1030 bellicam
1683 982 1858 1028 artem
1885 972 2152 1040 ediscunt,
2185 970 2239 1025 in

666 1085 773 1138 qua
795 1082 853 1123 se
873 1067 1021 1139 prius
1057 1079 1089 1121 a
1115 1080 1303 1136 puero,
1344 1067 1502 1134 quasi
1549 1064 1882 1128 necessaria,
1931 1077 2030 1134 per
2076 1078 2241 1134 agros

662 1167 722 1215 et
748 1159 908 1215 urbes
935 1159 1284 1224 exercebant,
1324 1157 1629 1212 vicinorum
1664 1156 1906 1213 hostium
1947 1154 2243 1212 formidine

664 1249 940 1308 commoti.
978 1250 1091 1306 lmo
1113 1250 1275 1305 etiam
1304 1247 1394 1318 qui
1421 1248 1714 1304 Dominum
1771 1255 2020 1304 nostrum
2051 1245 2239 1303 Iesum

662 1344 939 1398 Christum
1020 1350 1430 1412 susceperunt,
1494 1340 1644 1416 omni
1712 1339 1996 1411 praliandi
2061 1339 2243 1403 studio

661 1433 918 1502 exempti,
953 1433 1006 1488 in
1038 1446 1168 1500 pace
1189 1431 1403 1486 demum
1435 1438 1757 1498 versantur;
1793 1431 1866 1484 ita
1892 1439 1952 1486 ut
1973 1443 2081 1486 non
2105 1429 2243 1485 ulte-

666 1525 781 1580 rius
846 1526 914 1580 ab
978 1523 1304 1579 adversariis
1375 1521 1742 1594 potestatibus
1806 1530 2194 1594 oppugnentur
2223 1561 2239 1588 ,

663 1631 841 1686 neque
895 1616 1231 1673 damonibus
1301 1614 1354 1670 in
1417 1629 1478 1670 se
1539 1613 1670 1669 olim
1737 1613 2027 1684 imperium
2095 1611 2240 1668 obti-

663 1707 919 1762 nentibus
981 1705 1182 1762 subditi
1231 1703 1361 1760 sint.
1410 1703 1617 1772 Quibus
1671 1702 1935 1761 Servatur
1979 1701 2097 1775 ipse
2141 1717 2238 1774 pa-

2346 492 2618 565 προτέραν
2650 490 2879 560 πλάνην,
2922 490 2956 560 ἢ
3005 489 3134 553 τοὺς
3169 490 3244 563 μὴ
3275 490 3356 553 εἰς
3383 489 3545 544 αὑτὸν
3573 492 3948 545 πεπιστευκόρ

2343 601 2443 649 τας
2481 581 2707 653 ἐλέγξας
2731 581 2883 653 παρά
2926 581 3026 652 τὴν
3077 580 3256 637 αὐτῶν
3293 583 3472 638 αἰτίαν
3503 581 3939 653 ἀπολλυμένους.

2422 703 2441 737 ι
2463 685 2574 739 Καὶ
2607 682 2934 752 συγκόψουσι
2955 678 3056 744 τὰς
3087 679 3364 751 μαχαίρας
3397 675 3576 731 αὐτῶν
3600 676 3681 740 εἰς
3703 675 3940 748 ἄροτρα,

2346 779 2441 833 καὶ
2469 777 2568 840 τὰς
2601 775 2822 841 ζιὸύνας
2860 773 3150 836 αύτῶν.εἰς
3173 771 3448 842 δρέπανα·
3486 769 3579 824 καὶ
3615 768 3675 822 ού
3707 769 3782 839 μὴ
3824 769 3941 841 ἄρῃ

2347 867 2500 931 ἔθνος
2524 854 2611 921 ἐπ’
2634 864 2786 928 ἔθνος
2815 863 3112 935 μάχαιραν,
3139 861 3236 915 καὶ
3257 861 3318 913 ού
3355 861 3430 932 μὴ
3463 858 3706 932 μάθωσιν
3727 856 3806 910 ἐτι
3838 875 3944 911 πο-

2345 960 2554 1032 λεμεῖν.
2582 978 2601 1010 s
2639 956 2837 1012 Ούκέτι
2870 956 2980 1027 γὰρ
3011 953 3352 1007 διδάσκονται
3380 951 3450 1004 τὰ
3477 949 3768 1023 πολεμικὰ,
3795 948 3832 1004 ἀ
3869 948 3940 1021 δὴ

2346 1053 2610 1124 πρότερον
2629 1050 2705 1115 ὡς
2728 1051 3000 1119 ἀναγκαῖα
3022 1049 3085 1101 ὲκ
3109 1046 3312 1100 παίδων
3339 1045 3460 1098 κατ’
3489 1044 3690 1115 ἀγροὺς
3714 1042 3808 1096 καὶ
3831 1057 3944 1094 καο

2345 1145 2418 1200 τὰ
2468 1145 2651 1209 πόλεις
2691 1143 2958 1213 ἠσκοῦντο
2983 1140 3070 1196 διὰ
3103 1140 3194 1194 τὸν
3239 1138 3351 1194 ἀπὸ
3402 1137 3510 1191 τῶν
3543 1133 3942 1209 πλησιοχώρων

2349 1237 2622 1309 πολεμίων
2660 1235 2825 1307 φόϐον
2849 1253 2862 1266 ·
2899 1233 3036 1288 ἀλλά
3069 1233 3163 1288 καὶ
3188 1232 3238 1285 οἱ
3259 1228 3681 1300 καταδεξάμενοι
3701 1229 3791 1282 τὸν
3813 1227 3939 1280 Κύ-

2347 1347 2462 1402 ριον
2506 1329 2661 1401 ήμῶν
2700 1325 2904 1400 Ἰησοῦν
2933 1325 3189 1398 Χριστὸν,
3226 1324 3406 1394 πάσης
3458 1320 3759 1393 πολεμικῆς
3791 1335 3939 1391 προ-

2345 1423 2608 1492 αιρέσεως
2641 1420 3066 1489 ἀπαλλαγέντες,
3099 1419 3158 1471 ὲν
3186 1418 3380 1490 εἰρήνῃ
3402 1414 3588 1469 λοιπὸν
3615 1413 3898 1482 διάγουσιν
3918 1428 3934 1440 ο

2344 1515 2422 1578 ὼς
2460 1513 2657 1587 μηκέτι
2693 1513 2799 1567 ὑπὸ
2835 1512 2938 1567 τῶν
2961 1493 3350 1582 ἀντικειμένων
3373 1508 3655 1578 δυνάμεων
3679 1505 3941 1576 πολεμεῖ-

2346 1604 2493 1671 σθαι,
2533 1604 2667 1677 μηδὲ
2697 1604 3040 1676 ὑποχειρίους
3067 1600 3206 1657 εἶναι
3237 1601 3348 1655 τῶν
3376 1599 3544 1656 πάλαι
3584 1598 3941 1669 κρατούντων

2345 1701 2524 1755 αὐτῶν
2571 1699 2862 1771 δαιμόνων.
2891 1693 2988 1763 Ui;
3015 1698 3110 1752 καὶ
3141 1699 3170 1750 ό
3197 1697 3389 1768 Σωτὴρ
3409 1695 3571 1758 αὐτὸς
3601 1695 3700 1767 τὴν
3732 1692 3939 1748 ἑαυτοῦ

661 1813 782 1882 cem
828 1811 1129 1882 procurans
1157 1785 1330 1853 suam
1366 1769 1453 1852 ait
1473 1814 1487 1850 :
1538 1791 1566 1848 ἰ
1602 1792 1800 1850 Pacem
1832 1769 2018 1850 meam
2041 1793 2114 1850 do
2141 1769 2241 1850 vo-

2345 1792 2618 1866 προξενῶν
2651 1769 2872 1864 εἰρήνην
2907 1789 3076 1861 φησί·
3124 1808 3142 1840 ι
3169 1789 3408 1860 Εἰρήνην
3430 1787 3531 1859 τὴν
3561 1787 3700 1859 ἐμήν
3737 1786 3938 1858 δίδωμι

663 1889 749 1948 bis
776 1890 843 1947 ¹⁹.
890 1909 910 1943 s

734 1981 897 2038 Vatis.
931 1982 987 2038 5.
1029 2000 1049 2034 ι
1088 1979 1158 2037 Et
1201 1995 1370 2048 nunc,
1408 1980 1604 2036 domus
1645 1977 1836 2044 Jacob,
1871 1977 2078 2043 venite,
2124 1990 2237 2032 am-

661 2073 910 2130 bulemus
944 2072 1001 2128 in
1045 2071 1253 2128 lumine
1293 2071 1532 2130 Domini.
1564 2089 1584 2125 ι
1613 2069 2030 2142 Consequenter
2058 2071 2244 2141 itaque

661 2166 948 2237 propheta,
968 2173 1255 2237 postquam
1277 2165 1519 2234 gentium
1547 2164 1910 2226 vocationem,
1936 2169 1994 2217 et
2016 2158 2243 2217 effusam

661 2259 717 2315 in
757 2273 947 2313 omnes
996 2255 1245 2312 homines
1299 2269 1490 2325 pacem
1545 2254 1858 2322 recensuit,
1909 2267 2068 2310 suum
2113 2266 2241 2320 erga

661 2349 962 2405 familiares
1008 2363 1140 2404 suos
1187 2347 1446 2403 aﬂ'eetum
1500 2354 1902 2403 commonstrat
1931 2361 1946 2400 :
1975 2343 2232 2416 populum

662 2457 822 2510 suum
851 2438 1374 2507 commonefaciens,
1408 2447 1470 2494 ut
1525 2436 1728 2493 Christi
1774 2435 2011 2508 gratiam
2059 2433 2241 2489 omni-

661 2535 763 2589 bus
789 2533 1047 2603 gentibus.
1081 2531 1267 2587 datam
1310 2539 1366 2586 et
1413 2529 1594 2584 lumen
1638 2527 2013 2599 evangelicum
2065 2528 2243 2583 susci-

661 2627 827 2697 piat:
871 2639 1142 2695 seseque,
1198 2624 1268 2678 ad
1322 2622 1707 2678 concitandum
1762 2620 2244 2692 lnstigandumque

659 2715 964 2786 populum,
1027 2714 1219 2770 iisdem
1282 2711 1627 2778 adnumerat,
1681 2720 1983 2782 auctorque
2039 2721 2125 2767 est
2182 2721 2244 2768 ut

663 2809 835 2864 lucem
870 2809 1085 2863 Domini
1143 2807 1360 2863 adeant.
1398 2804 1597 2861 Lucem
1638 2820 1802 2876 porro
1825 2804 2040 2860 Domini
2085 2815 2245 2861 vocat

659 2899 835 2970 legem
887 2897 1022 2954 Novi
1075 2898 1412 2954 Testamenti
1463 2913 1530 2955 ex
1580 2897 1714 2953 Sion
1771 2895 2160 2968 prodeuntem,
2185 2907 2243 2954 et

661 2992 906 3049 salutare
924 2989 1412 3062 evangelicumque
1438 2989 1690 3045 verbum.

2341 1886 2491 1958 ὑμῖν.

2417 1997 2437 2030 ι
2468 1977 2578 2032 Καὶ
2606 1973 2723 2040 νῦν,
2751 1976 2781 2029 ό
2807 1971 2955 2038 οἶκος
2981 1974 3075 2028 τοῦ
3115 1972 3339 2039 Ἰακὼϐ,
3369 1971 3547 2037 δεῦτε,
3578 1969 3940 2046 πορευθῶμεν

2341 2071 2400 2124 ιν
2428 2069 2507 2142 τῷ
2528 2070 2668 2138 φωτὶ
2691 2068 2919 2142 Κυρίου.
2945 2086 2966 2120 ι
3010 2066 3341 2130 Ἀκολούθως
3370 2066 3546 2120 τοίνυν
3571 2069 3600 2120 ό
3621 2066 3934 2137 προφήτης,

2341 2161 2630 2232 διεξελθὼν
2667 2160 2778 2216 τῶν
2816 2160 2986 2214 ὲθνῶν
3027 2159 3128 2231 τὴν
3163 2159 3381 2229 κλῆσιν,
3415 2157 3510 2213 καὶ
3543 2160 3642 2230 τὴν
3677 2157 3939 2229 χυθεῖσαν
3977 2217 3982 2220 _

2342 2257 2424 2318 εἰς
2455 2253 2662 2318 πάντας
2683 2251 3005 2327 ἀνθρώπους
3035 2253 3279 2324 εἰρήνην,
3313 2250 3410 2323 τήν
3437 2253 3517 2316 εἰς
3537 2253 3663 2315 τοὺς
3699 2253 3940 2317 οἰκείως

2341 2344 2674 2399 ἐνδείκνυται
2694 2342 3094 2414 φιλοστοργίαν,
3124 2340 3459 2414 παρακαλῶν
3484 2342 3577 2396 τὸν
3590 2341 3718 2396 λαὸν
3739 2342 3934 2410 αὑτοῦ,

2342 2434 2703 2502 ὐποδέξασθαι
2723 2434 2823 2506 τὴν
2845 2435 2980 2488 πᾶσι
3003 2436 3118 2499 τοίς
3136 2433 3665 2506 ἔθνεσιδωρηθεῐσαν
3682 2432 3778 2487 τοῦ
3801 2434 3942 2507 Χρι-

2343 2525 2471 2582 στοῦ
2496 2527 2677 2598 χάριν,
2710 2526 2803 2580 καὶ
2833 2525 2895 2580 τὸ
2931 2524 3048 2596 φῶς
3078 2525 3140 2579 τὸ
3181 2524 3555 2594 εὐαγγελικόν.
3585 2524 3934 2595 Συγκαταλέ-

2341 2637 2430 2692 γει
2452 2620 2510 2675 δὲ
2541 2621 2771 2684 ἐκείνοις
2797 2620 2894 2674 καὶ
2919 2618 3132 2684 ἑαυτὸν,
3160 2620 3240 2684 εἰς
3267 2618 3706 2692 προτροπήνκαὶ
3723 2619 3940 2693 παρόρ-

2346 2729 2514 2786 μησιν
2531 2711 2625 2767 τοῦ
2665 2712 2820 2777 λαοῦ,
2849 2709 3251 2783 παραινετικῶς
3278 2709 3610 2783 παρακαλῶν
3635 2696 3729 2766 τοῦ
3753 2711 3939 2781 φωτὸς

2343 2805 2551 2877 Κυρίου
2583 2804 3013 2876 μεταλαγχάνειν
3030 2822 3043 2836 ·
3069 2803 3188 2876 φῶς
3214 2804 3420 2879 Κυρίου
3449 2804 3731 2876 ὀνομάζων
3751 2803 3846 2858 τὸν
3865 2805 3941 2858 ἐκ

2344 2895 2483 2952 Σιὼν
2509 2896 2841 2970 προελθόντα
2858 2897 3022 2969 νόμον
3046 2897 3148 2969 τῆς
3164 2898 3371 2970 Καινῆς
3395 2897 3688 2970 Διαθήκης,
3713 2897 3807 2952 καὶ
3835 2895 3936 2950 τὸν

2343 2990 2613 3062 σωτήριον
2645 2992 2742 3044 καὶ
2770 2990 3123 3060 εὐαγγελικὸν
3150 2991 3329 3061 λόγον.

733 3079 900 3138 Vsus;
927 3080 984 3137 6.
1016 3099 1037 3134 ι
1074 3080 1290 3136 Dimisit
1311 3078 1457 3133 enim
1499 3076 1757 3150 populum
1796 3091 1954 3134 suum
1975 3114 1993 3143 ,
2022 3078 2239 3134 domum

2421 3101 2441 3134 ι
2464 3083 2661 3154 ’Δνῆκε
2686 3083 2795 3157 γὰρ
2815 3083 2907 3137 τὸν
2925 3082 3051 3151 λαὸν
3072 3084 3259 3150 αὐτοῦ,
3286 3083 3376 3138 τὸν
3398 3078 3547 3138 οἵκον
3586 3082 3822 3156 Ἰσραὴλ,
3845 3083 3936 3138 ὅτι

660 3173 832 3229 israel
878 3187 898 3227 :
947 3173 1077 3244 quia
1128 3171 1339 3241 repleta
1397 3178 1482 3225 est
1540 3179 1602 3225 ut
1662 3184 1694 3225 a
1755 3169 2025 3240 principio
2092 3178 2240 3224 terra

657 3279 850 3321 eorum
909 3264 1184 3322 vaticiniis
1220 3305 1237 3332 ,
1299 3273 1362 3321 ut
1425 3275 1571 3322 terra
1632 3262 2065 3334 alienigenarum
2112 3279 2130 3320 :
2186 3272 2242 3318 et

663 3357 816 3412 multi
890 3357 989 3414 illii
1037 3358 1357 3430 alienigenas
1394 3356 1524 3413 facti
1575 3365 1704 3414 sunt
1745 3356 1848 3412 eis.
1886 3373 1908 3409 ι
1951 3354 2050 3412 Hic
2084 3356 2240 3426 quasi

658 3447 775 3503 Deo
819 3447 1191 3505 defensionem
1269 3463 1471 3519 parans
1505 3490 1521 3516 ,
1600 3461 1827 3504 causam
1867 3445 2064 3595 agat
2143 3463 2243 3504 cur

658 3554 760 3595 eos
791 3538 1058 3595 dimiserit
1089 3539 1177 3595 bis
1223 3538 1451 3595 verbis:
1484 3557 1503 3592 ι
1533 3538 1674 3595 Ouia
1723 3539 1897 3595 replet
1981 3545 2087 3595 est.
2123 3551 2240 3594 uta

654 3554 760 3596 eos
791 3538 1058 3596 dimiserit
1089 3539 1177 3596 bis
1223 3538 1451 3596 verbis:
1484 3557 1503 3592 ι
1533 3538 1674 3606 Ouia
1723 3531 2087 3610 repletrest,
2123 3551 2240 3594 uta

664 3631 950 3704 principio,
1000 3637 1147 3686 terra
1202 3645 1392 3686 eorum
1439 3630 1738 3697 vaticiniis,
1794 3648 1814 3683 ι
1871 3639 1926 3686 et
1973 3642 2176 3686 caetera
2224 3648 2240 3684 :

664 3725 862 3795 quibus
903 3721 1148 3778 declarat
1189 3721 1367 3792 ipsum
1411 3737 1521 3779 non
1576 3721 1697 3779 sine
1741 3736 1912 3779 causa
1958 3736 2057 3778 eos
2086 3723 2244 3779 dimi-

665 3819 824 3874 sisse.

736 3909 902 3964 Vsus.
936 3907 1050 3965 7-9.
1093 3925 1112 3961 ι
1152 3905 1376 3978 Repleta
1416 3914 1503 3964 est
1549 3904 1694 3960 enim
1738 3915 1887 3962 terra
1925 3921 2116 3963 eorum
2162 3922 2246 3963 ar-

667 4012 831 4071 gento
861 4009 917 4055 et
949 4014 1118 4067 auro,
1163 4007 1221 4054 et
1260 4013 1386 4054 non.
1411 4007 1531 4055 erat
1563 3996 1826 4062 numerus
1857 3999 2244 4054 thesaurorum

669 4082 919 4150 illorum:
955 4101 1012 4149 et
1043 4091 1247 4161 repleta
1279 4101 1366 4148 est
1391 4100 1536 4150 terra
1565 4093 1750 4162 equis,
1788 4099 1845 4148 et
1875 4092 2245 4148 innumerabi-

665 4185 746 4241 les
774 4199 968 4241 currus
1001 4181 1121 4252 ejus
1148 4201 1162 4237 :
1195 4190 1252 4238 et
1284 4182 1490 4254 repleta
1519 4192 1606 4238 est
1637 4191 1784 4238 terra
1819 4183 2247 4240 abominatioiii-

667 4279 769 4334 hu‘s
789 4291 1014 4349 operum
1037 4290 1294 4332 manuum
1317 4291 1508 4334 eorum
1526 4319 1541 4343 ,
1568 4284 1625 4332 et
1646 4275 2012 4332 adoraverunt
2028 4291 2094 4333 ea
2122 4291 2242 4348 qua

665 4368 917 4425 fecerunt
957 4369 1110 4442 digiti
1141 4383 1366 4425 eorum:
1406 4377 1464 4425 et
1499 4368 1810 4424 incurvavit
1853 4382 1914 4424 se
1957 4369 2153 4436 homo,
2189 4379 2245 4424 et

2343 3173 2585 3248 ἐπλήσθη
2620 3173 2696 3238 ὡς
2717 3176 2779 3229 τὸ
2804 3175 2899 3229 ἀπ’
2919 3175 3142 3248 ἀρχῆςή
3166 3175 3316 3249 χώρα
3329 3176 3510 3230 αὐτῶν
3537 3175 3934 3249 κλῃδονισμῶν,

2341 3268 2418 3332 ὡς
2448 3269 2480 3339 ή
2511 3266 2622 3320 τῶν
2656 3267 2990 3338 ἀλλοφύλων,
3027 3270 3122 3323 καὶ
3157 3268 3325 3323 τέκνα
3358 3268 3528 3323 πολλά
3569 3269 3843 3340 ἀλλόφυλα
3879 3271 3942 3323 t-

2341 3357 2543 3429 γενήθη
2571 3358 2773 3422 αὐτοῖς.
2802 3378 2821 3411 ι
2854 3357 2954 3412 Διά
2982 3359 3034 3412 τί
3059 3359 3117 3413 δὲ
3145 3359 3308 3414 αὐτὸν
3328 3359 3550 3430 ἀνῆκεν,
3583 3360 3774 3433 ὥσπερ
3792 3362 3939 3416 ἀπο-

2333 3449 2666 3521 λογούμενος
2702 3450 2842 3524 ὑπὲρ
2867 3449 2964 3504 τοῦ
3013 3451 3169 3518 Θεοῦ,
3203 3451 3304 3516 τὰς
3332 3452 3512 3516 αἰτίας
3552 3453 3764 3525 τίθησιν
3797 3454 3937 3524 ἑξῆς

2343 3543 2639 3614 ἐπιφέρων·
2678 3543 2833 3597 «Ὅτι
2853 3543 3159 3617 ἐνεπλήσθη
3191 3547 3224 3617 ή
3255 3545 3408 3618 χώρα
3434 3545 3614 3600 αὐτῶν
3645 3545 3720 3610 ὡς
3745 3546 3817 3600 τδλ
3829 3545 3936 3601 ἀπ’

2345 3633 2519 3706 ἀρχῆς
2547 3634 2944 3706 κλῃδονισμῶν,
2967 3659 2986 3688 ι
3043 3637 3138 3691 καὶ
3164 3638 3232 3692 τὰ
3256 3636 3383 3711 ἑξῆς
3405 3654 3419 3668 ·
3471 3637 3536 3692 δι’
3557 3630 3633 3692 ὧν
3661 3638 3940 3711 παρίστη-

2347 3742 2451 3791 σιν,
2475 3726 2556 3779 ὅτι
2581 3725 2654 3798 μὴ
2685 3726 2895 3796 ἀλόγως
2924 3728 3119 3792 αὐτοὺς
3141 3731 3362 3802 ἀνῆκεν.

2422 3923 2442 3956 ι
2495 3905 2830 3978 Ἐνεπλήσθη
2880 3907 2991 3980 γὰρ
3023 3909 3058 3979 ή
3101 3908 3255 3981 χώρα
3297 3911 3477 3965 αὐτῶν
3528 3912 3792 3984 ἀργυρίου
3832 3913 3940 3969 καὶ

2345 3999 2591 4070 χρυσίου,
2626 4001 2719 4053 καὶ
2751 4000 2850 4055 οὐκ
2876 3995 2945 4073 ῆν
2982 4001 3216 4074 ἀριθμὸς
3246 4003 3356 4058 τῶν
3388 4003 3680 4078 θησαυρῶν
3711 4006 3931 4062 αὐτῶνθ

2347 4092 2440 4145 καὶ
2471 4091 2774 4164 ἐνεπλήσθη
2810 4094 2843 4165 ή
2873 4093 2945 4164 γῆ
2975 4094 3179 4162 ἵππων,
3207 4097 3303 4150 καὶ
3323 4098 3423 4152 οὐκ
3453 4093 3524 4168 ἦν
3556 4098 3786 4172 ἀριθμὸς
3816 4099 3938 4154 τῶν

2347 4183 2607 4256 άρμάτων
2644 4185 2858 4241 αὐτῶνθ
2893 4187 2989 4241 καὶ⁸
3020 4188 3324 4262 ἐνεπλήσθη
3357 4193 3390 4264 ή
3426 4191 3499 4263 γῆ
3542 4191 3936 4264 βδελυγμάτων

2345 4274 2452 4328 τῶν
2510 4274 2685 4346 ἔργων
2725 4275 2836 4330 τῶν
2873 4278 3071 4351 χειρῶν
3120 4280 3332 4347 αὐτῶν,
3384 4283 3477 4337 καὶ
3509 4283 3938 4356 προσεκύνησαν

2345 4361 2429 4430 οἷς
2458 4367 2720 4440 ἐποίησαν
2751 4371 2799 4422 οἱ
2829 4369 3083 4425 δάκτυλοι
3118 4371 3299 4428 αὐτῶν
3317 4390 3332 4405 ο
3363 4375 3457 4428 καὶ
3489 4373 3684 4433 ἔκυψεν
3714 4375 3936 4448 ἀνθρω-

668 4461 990 4518 humiliatus
1031 4469 1120 4518 est
1175 4461 1278 4516 vir.
1305 4463 1343 4514 ἰ
1401 4460 1641 4528 Eorum,
1693 4474 2086 4532 quorumnam,
2140 4462 2241 4518 nisi

2349 4475 2467 4523 πος,
2509 4460 2605 4526 καὶ
2637 4460 2974 4534 ἐταπεινώθη
3024 4463 3183 4535 ἀνήρ.
3239 4483 3258 4516 s
3297 4464 3470 4520 Τίνων
3500 4466 3698 4532 αὐτῶν,
3733 4466 3764 4537 ἢ
3814 4467 3937 4522 τῶν

665 4554 1097 4624 alienigenarum
1120 4553 1483 4608 habitatorum
1508 4553 1602 4624 qui
1635 4556 2004 4609 adoraverunt
2028 4569 2094 4609 ea
2123 4570 2245 4626 qua:

667 4643 922 4701 fecerunt
943 4644 1096 4714 digiti
1125 4643 1349 4700 eorum!
1390 4643 1515 4701 Haec
1537 4660 1702 4716 porro
1729 4647 1914 4703 omnia
1948 4656 2141 4720 gentes
2171 4650 2246 4703 si-

667 4737 931 4808 gniﬁcant
970 4736 1324 4808 alienigenas,
1359 4752 1480 4808 quas
1526 4739 1580 4795 iu
1623 4736 1928 4795 Jerusalem
1974 4749 2031 4794 et
2064 4741 2116 4794 in
2145 4739 2244 4796 Ju-

675 4831 786 4882 ilma
814 4829 1137 4884 habitatum
1167 4838 1346 4885 erant.
1394 4829 1525 4898 Quae
1565 4840 1687 4901 post
1730 4830 2034 4886 Salvatoris
2072 4832 2241 4889 nostri

673 4921 986 4985 adventum,
1009 4928 1065 4976 et
1088 4929 1208 4990 post
1229 4920 1490 4976 emissam
1511 4920 1682 4975 lucem
1707 4920 2100 4992 evangelicam,
2122 4936 2242 4992 qua:

676 5008 1000 5065 illuminavit
1053 5024 1244 5066 omnes
1304 5019 1540 5082 gentes,
1589 5011 1855 5096 completa
1903 5021 2070 5068 sunt:
2116 5013 2241 5082 quia

676 5102 998 5171 prophetam
1048 5117 1155 5157 non
1197 5103 1506 5167 audierunt,
1557 5116 1619 5157 se
1672 5103 1747 5158 ita
1800 5105 2237 5174 compellantem,

679 5212 701 5244 4
742 5194 950 5263 Venite,
986 5195 1417 5252 ambulemus'in
1451 5196 1659 5252 lumine
1697 5197 1933 5253 Domini.
1973 5217 1993 5250 ι

727 5352 907 5435 Ὓιιε.
943 5377 1128 5433 10-12.
1162 5397 1182 5430 ι
1216 5379 1281 5434 Εἰ
1308 5395 1414 5435 non
1441 5380 1709 5436 dimittam
1740 5395 1874 5437 eos:
1907 5390 1961 5436 et
2005 5381 2243 5452 ingredi-

677 5471 806 5526 mini
842 5472 893 5525 in
947 5482 1152 5541 petras,
1199 5482 1252 5528 et
1291 5474 1688 5530 abscondimini
1723 5475 1775 5529 in
1832 5487 1972 5530 terra
2021 5490 2050 5528 a
2104 5473 2244 5528 facie

679 5561 890 5616 timoris
922 5562 1128 5617 Domini
1161 5573 1216 5618 et
1258 5579 1287 5619 a
1323 5564 1495 5636 gloria
1528 5565 1870 5623 fortitudinis
1901 5565 2019 5636 ejus
2053 5584 2065 5622 :
2120 5581 2242 5621 cum

753 5707 792 5737 ί²
816 5705 967 5762 Joan.
998 5722 1106 5772 xw,
1134 5707 1222 5763 27.

2349 4551 2659 4623 ἀλλοφύλων
2692 4555 2990 4626 οἰκητόρων
3021 4556 3070 4608 οἳ
3105 4559 3200 4611 καὶ
3235 4558 3646 4630 προσεκύνησαν
3671 4554 3751 4623 οἷς
3779 4561 3936 4614 ἐποί-

2350 4659 2486 4714 ησαν
2520 4645 2567 4697 οἰ
2602 4644 2856 4698 δάκτυλοι
2907 4646 3118 4712 αὐτῶν;
3167 4646 3354 4700 Ταῦτα
3392 4649 3567 4703 πάντα
3614 4649 3936 4721 σημαντικὰ

2348 4736 2603 4805 τυγχάνει
2647 4735 2957 4806 ἀλλοφύλων
2995 4737 3183 4798 ὲθνῶν.
3217 4739 3516 4810 μελλόντων
3553 4744 3720 4796 οἰκεῖν
3754 4743 3934 4814 αὐτήν

2350 4841 2408 4877 τε
2439 4826 2537 4896 τὴν
2575 4826 2933 4898 Ἰερουσαλὴμ
2975 4829 3070 4882 καὶ
3096 4829 3194 4901 τὴν
3238 4830 3493 4886 Ἰουδαίαν
3523 4832 3726 4905 χώραν.
3768 4835 3834 4886 ’Δ
3859 4834 3931 4908 δὴ

2351 4918 2652 4990 ἐπληροῦτο
2697 4918 2836 4989 μετά
2870 4919 2968 4990 τὴν
3002 4920 3094 4976 τοῦ
3127 4923 3380 4995 Σωτῆρος
3407 4925 3563 4997 ήμῶν
3602 4929 3934 4998 παρουσίαν,

2350 5010 2444 5062 καὶ
2481 5010 2618 5080 μετὰ
2651 5011 2742 5062 τὸν
2782 5011 2941 5079 λόγον
2968 5013 3060 5067 τὸν
3106 5016 3416 5084 φωτίσαντα
3449 5017 3626 5071 πάντα
3657 5017 3724 5071 τὰ
3757 5018 3892 5090 ἔθνη
3917 5038 3934 5052 ο

2350 5104 2534 5174 ἐπειδὴ
2578 5105 2651 5176 μὴ
2697 5101 3012 5176 ὑπήκουσαν
3043 5108 3137 5161 τοῦ
3187 5109 3516 5182 κεκληκότος
3557 5112 3753 5174 αὐτοὺς
3787 5128 3940 5180 προ-

2347 5197 2548 5267 φήτου·
2584 5215 2602 5246 ι
2648 5197 2811 5251 Δεῦτε
2859 5199 2952 5252 καὶ
2999 5201 3354 5272 πορευθῶμεν
3396 5205 3454 5256 ὲν
3503 5200 3582 5273 τῷ
3624 5204 3765 5274 φωτὶ
3811 5205 3938 5258 Κυ-

2355 5305 2489 5358 ριου.
2527 5308 2546 5342 s

2431 5400 2449 5432 ι
2486 5383 2596 5436 Καὶ
2628 5383 2689 5436 οὐ
2723 5383 2797 5455 μή
2835 5385 3020 5457 ἀνήσω
3062 5389 3294 5452 αὐτοὺς,
3325 5389 3418 5443 καὶ
3449 5389 3819 5444 συνεισέλθετε
3851 5394 3934 5457 εἰς

2349 5470 2447 5535 τὰς
2484 5474 2709 5546 πέτρας.
2741 5476 2836 5529 καὶ
2867 5477 3176 5550 κρύπτεσθε
3205 5481 3284 5544 εἰς
3314 5481 3414 5552 τὴν
3443 5481 3545 5553 γῆν
3572 5483 3680 5535 ἀπὸ
3709 5483 3934 5554 προσώ-

2354 5582 2454 5618 που
2487 5566 2580 5621 τοῦ
2608 5567 2772 5636 φόϐου
2802 5570 3030 5642 Κυρίου,
3062 5573 3154 5626 καὶ
3181 5574 3288 5628 ἀπὸ
3312 5575 3411 5647 τῆς
3438 5574 3594 5649 δόξης
3623 5577 3722 5649 τῆς
3750 5577 3936 5650 ἰσχύες
