4100 6286
160 256 246 312 H15

1130 242 1631 304 COIIENTARIA
1676 241 1742 297 ΙΝ
1781 238 2043 298 ISAIAM.
2084 272 2152 284 -
2187 236 2345 297 CAP.
2389 239 2451 294 Ιί.

3347 240 3367 292 1
3381 242 3451 295 (ιο

160 349 319 413 αὑτοῦ,
344 349 469 403 ὅταν
496 348 719 417 ἀναστῇ
748 344 995 418 θραῦσαι
1029 345 1127 415 τὴν
1171 344 1295 415 γῆν.
1334 342 1398 396 Οί
1430 342 1538 412 γὰρ
1561 339 1757 409 όφθαλ·

1875 340 2169 395 turrexerit
2204 340 2271 391 acl
2300 338 2688 393 conterendam
2723 346 2949 395 terram.
2982 335 3117 391 Nam
3154 336 3296 392 oculi
3341 338 3449 391 Do-

162 439 236 508 μοὶ
263 436 455 509 Κυρίου
484 436 714 505 ὑψηλοὶ,
747 437 776 488 ό
804 435 865 487 δὲ
899 434 1185 505 ἄνθρωπος
1213 432 1491 494 ταπεινός.
1524 431 1633 483 Καὶ
1656 446 1755 483 τα-

159 528 531 599 πεινωθήσεται
562 526 629 580 τὸ
662 525 807 595 eoo;
840 525 954 578 τῶν
981 521 1307 597 ἀνθρώπων,
1334 522 1429 576 καὶ
1463 520 1752 592 ὑψωθήσε-

156 638 231 675 τιι
262 622 464 693 Κύριος
514 618 680 689 μόνος
730 620 791 671 ὲν
820 620 890 690 τῇ
934 617 1121 689 ἡμέρᾳ
1148 617 1366 688 ἐκείνη·
1420 614 1603 686 ἡμέρα
1643 614 1754 685 γάρ

156 716 338 787 Κυρίου
367 711 606 768 Σαϐαὼθ
634 711 737 766 ἐπὶ
766 711 946 765 πάντα
967 710 1231 781 ὑϐριστὴν
1254 709 1350 762 καὶ
1373 708 1750 780 ὑπερήφανον,

154 808 237 859 καὶ
266 806 359 859 ἐπὶ
394 805 580 859 πάντα
610 804 821 875 ὑψηλὸν
871 802 969 857 καὶ
1003 800 1318 874 μετέωρονξ
1348 801 1444 854 καὶ
1481 816 1753 853 ταπεινω-

155 902 427 971 θήπνταιο
474 920 494 951 ι
530 900 674 971 ὅπερ
706 895 949 969 ἡγοῦμαι
978 895 1108 969 περὶ
1134 894 1237 967 τῆς
1267 894 1482 967 ἡμέρας
1506 894 1605 965 τῆς
1632 891 1755 966 κρί-

156 1007 278 1053 σεως
305 989 575 1059 λέγισθαι
595 1006 608 1019 ·
643 989 726 1043 διὸ
754 989 815 1042 οὑ
852 987 981 1058 περὶ
1014 986 1193 1058 μόνων
1231 984 1500 1039 Ἰουδαίων
1526 985 1554 1039 ό
1596 984 1754 1053 λόγος

152 1082 211 1135 τὰ
237 1083 491 1154 παρόντα
521 1080 794 1145 θεσπίζει,
825 1079 1128 1143 καθολικῶς
1155 1078 1214 1132 δι
1241 1079 1373 1150 περὶ
1400 1077 1617 1131 πάντων
1642 1076 1754 1129 τῶν

153 1173 364 1227 τοιῶνδε
404 1173 735 1245 ἀνθρώπων.
772 1166 1166 1245 Προαναφωνεί
1200 1171 1384 1224 τοίνυν
1431 1169 1755 1242 καθαίρεσιν

151 1266 369 1322 [arceat
402 1267 503 1338 τῆς
542 1269 602 1320 ἐν
646 1264 958 1337 ἀνθρώποις
988 1263 1432 1336 εἰδωλολατρείας
1452 1279 1466 1293 ·
1508 1263 1667 1333 μόνον
1698 1260 1755 1317 δὶ

155 1359 296 1431 παρὰ
338 1363 463 1424 τοῖς
508 1360 677 1413 πᾶσιν
721 1358 1030 1430 ἀνθρώποις
1074 1355 1341 1427 ὑψοῦσθαι
1388 1354 1483 1409 τὸν
1526 1355 1753 1426 Κύριον,

156 1451 352 1515 παντὸς
400 1450 700 1521 ὑψώματος
744 1448 1109 1521 ἐπαιρομένου
1133 1446 1291 1501 κατὰ
1344 1447 1446 1518 τῆς
1500 1446 1757 1515 γνώσεως

153 1544 236 1599 τοῦ
267 1545 456 1609 Θεοῦ,
484 1544 937 1614 ταπεινουμένου.

220 1659 238 1691 ι
272 1640 402 1694 Καὶ
432 1640 527 1692 ἐπὶ
556 1639 741 1691 πᾶσαν
768 1635 959 1708 κέδρον
991 1633 1085 1688 τοῦ
1122 1633 1358 1688 Λιϐάνου
1382 1631 1492 1686 τῶν
1531 1630 1755 1703 ὑψηλῶν

1858 434 1995 487 mini
2030 434 2315 498 sublimes,
2351 432 2515 487 homo
2543 442 2724 486 autem
2757 432 3001 487 humilis.
3032 432 3100 486 Et
3132 434 3450 489 humiliabi-

1858 533 1949 580 tur
1986 524 2219 578 altitudo
2251 524 2557 587 hominum,
2595 532 2653 579 et
2680 524 3021 579 exaltabitur
3062 524 3324 580 Dominus
3361 541 3453 580 so-

1857 616 1940 672 lus
1978 618 2034 672 in
2069 617 2160 671 die
2196 615 2320 669 illa:
2367 618 2486 671 dies
2532 616 2679 671 enim
2734 616 2955 675 Domini
2988 616 3233 671 Sabaoth
3283 633 3451 687 super

1854 707 2073 765 omn‘em
2103 708 2564 765 contumeliosum
2599 715 2655 762 et
2683 710 3001 777 superbum,
3045 719 3099 762 et
3137 724 3303 778 super
3331 726 3451 764 om-

1857 817 1984 859 nem
2027 803 2306 859 excelsum
2345 810 2403 856 et
2443 798 2771 865 sublimem,
2825 810 2879 854 et
2923 800 3381 856 humiliabuntur.
3424 820 3444 853 ι

1854 894 1989 963 Qua
2012 905 2149 965 puto
2176 894 2244 948 de
2269 894 2360 948 die
2385 893 2579 965 iudicii
2604 893 2819 961 prolata
2853 893 3042 949 fuisse.
3078 894 3449 962 Quamobrem

1857 996 1981 1043 non‘
2008 989 2079 1045 de
2124 985 2331 1043 Iudaeis
2366 995 2577 1041 tantum
2612 987 2728 1043 haec
2786 987 3143 1050 vaticinatur,
3190 988 3285 1041 sed
3323 987 3453 1039 uni-

1855 1080 2061 1135 veraim
2094 1082 2162 1136 de
2183 1080 2445 1137 omnibus
2475 1080 2785 1149 huiusmodi
2821 1080 3156 1135 hominibus.
3191 1079 3453 1132 Praemiu-

1860 1173 1960 1225 tiat
2014 1173 2202 1242 itaque
2251 1173 2605 1227 evertendam
2643 1186 2767 1228 esse
2802 1172 2945 1243 apud
2979 1172 3232 1227 homines
3278 1171 3452 1226 idolo-

1860 1264 2098 1329 latriam,
2126 1258 2423 1334 solumque
2459 1266 2511 1320 in
2550 1266 2861 1320 hominibwl
2891 1264 3245 1319 exaltandum
3280 1263 3455 1318 Domi-

1862 1370 1989 1408 num
2018 1369 2161 1419 esse,
2212 1356 2469 1424 depressa
2494 1358 2638 1409 omni
2690 1365 2885 1411 contra
2942 1356 3035 1411 Dei
3088 1358 3455 1429 cognitionem

1860 1449 2181 1518 insurgente
2213 1449 2560 1504 celsitudine-

1936 1633 2103 1691 νεεδ.
2134 1635 2330 1691 15-17.
2371 1654 2391 1687 ι
2420 1634 2488 1689 Et
2509 1650 2673 1705 super
2690 1650 2883 1691 omnes
2909 1636 3105 1691 cedros
3132 1634 3329 1691 Libani
3363 1653 3459 1692 ex-

156 1731 238 1785 καὶ
273 1728 612 1801 μετεώρων,
647 1729 740 1782 καὶ
777 1728 871 1781 ἐπὶ
902 1727 1010 1781 πᾶν
1040 1723 1257 1797 δένδρον
1290 1724 1516 1795 βαλάνου
1548 1724 1750 1787 Βασάν,

1875 1731 2045 1787 celsas
2079 1740 2135 1785 et
2166 1729 2453 1809 sublimes,
2486 1740 2543 1783 et
2588 1743 2752 1799 super
2785 1743 3006 1785 omnem
3046 1743 3310 1800 quercum
3352 1729 3458 1783 Ba-

154 1824 237 1877 καὶ
289 1824 400 1877 ἐπὶ
442 1824 549 1877 πᾶν
594 1819 793 1892 ὑψηλὸν
837 1818 984 1892 όρος,
1034 1818 1133 1873 καὶ
1184 1817 1281 1870 ἐπὶ
1330 1816 1510 1870 πάντα
1565 1815 1753 1886 βουνὸν

160 1916 388 1986 ίψηλδν,
415 1914 510 1969 καὶ
547 1914 641 1967 ἐπὶ
680 1911 858 1966 πάντα
892 1908 1103 1983 πύργον
1130 1908 1356 1980 ὑψηλὸν,
1387 1907 1483 1961 καὶ
1517 1907 1611 1959 ἐπὶ
1644 1908 1758 1961 πᾶν

156 2012 331 2079 τεῖχος
391 2006 616 2077 ὑψηλὸν,
664 2006 759 2061 καὶ
809 2005 902 2060 ἐπὶ
933 2006 1043 2058 πᾶν
1094 2001 1279 2056 πλοῖον
1324 1999 1623 2068 θαλάσσης,
1661 2000 1758 2053 καὶ

160 2102 240 2153 ἐπὶ
274 2101 472 2153 πᾶσαν
511 2097 641 2151 θέαν
676 2096 877 2151 πλοίων
909 2095 1139 2159 κάλλους
1159 2112 1173 2124 ·
1209 2093 1304 2147 καὶ
1345 2090 1755 2162 ταπεινωθήσε-

158 2210 240 2246 ut
275 2194 398 2256 πᾶς
424 2192 733 2263 ἄνθρωπος,
779 2190 875 2244 καὶ
911 2191 1162 2244 πεσεῖται
1208 2186 1374 2260 ὕϐρις
1402 2186 1513 2240 τῶν
1545 2183 1758 2257 ἀνθρὼ-

160 2300 292 2337 των.
344 2302 369 2334 a
417 2280 697 2334 Ἐπιδαλῶ
724 2282 811 2334 ἐπ’
844 2279 1043 2343 αὑτοὺς
1075 2278 1136 2332 τὸ
1168 2276 1383 2331 δίκτυόν
1420 2292 1547 2345 μου,
1579 2274 1761 2337 καθὼς

161 2376 220 2428 τὰ
245 2371 487 2426 πετεινά
512 2371 605 2425 τοῦ
632 2368 867 2443 οὐρανοῦ
896 2368 1116 2435 κατάξω
1146 2368 1365 2432 αὐτούς.
1394 2366 1551 2437 Τάχα
1578 2365 1636 2419 δὲ
1669 2366 1763 2419 καὶ

162 2466 301 2520 κατὰ
340 2463 444 2537 τήν
490 2462 955 2536 προσδοκωμένην
999 2461 1094 2516 τοῦ
1142 2462 1353 2533 Κυρίου
1402 2460 1618 2533 ἡμέραν
1661 2459 1764 2529 τῆς

164 2554 423 2627 κρίσεως,
444 2554 545 2625 τὴν
569 2552 682 2606 τῶν
708 2551 967 2607 τοιούτων
991 2552 1212 2606 πάντων
1237 2550 1517 2605 ἀπώλειαν
1542 2549 1765 2605 ἔσεσθαι

166 2642 506 2716 προφητεύει
527 2660 541 2671 ·
569 2635 671 2696 ὧδέ
700 2658 819 2704 πως
860 2640 1205 2712 αἰνιξάμενος
1234 2640 1767 2711 ὲπικεκαλυμμένως

167 2738 285 2801 τοὺς
305 2734 652 2808 κρατοῦντας
671 2734 765 2789 τοῦ
787 2733 985 2798 αἰῶνος
998 2732 1212 2797 τούτου,
1226 2734 1323 2786 καὶ
1348 2732 1419 2787 τὰ
1440 2731 1573 2803 ὕψη,
1590 2732 1770 2785 καὶτὰ

168 2828 475 2899 ἀξιώματα,
488 2826 589 2892 τάς
604 2844 665 2880 τε
676 2826 852 2901 ἀρχὰς
866 2826 1073 2889 καὶτὰς
1087 2824 1358 2889 ἐξουσίας,
1373 2825 1609 2888 καὶτοὺς
1619 2828 1677 2879 ὲν
1692 2822 1771 2895 τῷ

169 2920 266 2991 βίῳ
286 2920 751 2992 κοσμοκράτορας
774 2918 903 2982 τοὺς
930 2918 1022 2970 τὸν
1050 2915 1185 2971 Θεὸν
1217 2916 1295 2988 μὴ
1314 2916 1720 2986 ἑπεγνωκότας.

1862 1837 1988 1886 san,
2027 1830 2083 1877 et
2112 1836 2284 1892 super
2311 1836 2529 1876 omnem
2568 1832 2813 1877 montem
2854 1820 3159 1889 ειςοιεαηι,
3196 1832 3251 1876 et
3295 1838 3459 1893 super

1862 1930 2087 1971 omnem
2127 1916 2323 1971 collem
2352 1916 2656 1985 excelsum,
2694 1926 2749 1971 et
2781 1932 2951 1987 super
2995 1930 3217 1970 omnem
3264 1917 3460 1970 turrim

1864 2006 2176 2075 sublimem,
2204 2017 2262 2063 et
2310 2023 2478 2079 super
2518 2022 2747 2063 omnem
2787 2023 3003 2063 murum
3052 2008 3334 2064 excelsum
3358 2051 3371 2071 ,
3407 2020 3463 2063 et

1864 2113 2027 2168 super
2076 2114 2296 2155 omnem
2350 2115 2548 2155 navem
2605 2102 2820 2167 maris,
2896 2111 2952 2157 et
3011 2116 3181 2173 super
3242 2117 3461 2157 omnem

1865 2202 2147 2260 aspectum
2188 2193 2607 2263 pulchritudinis
2655 2195 2873 2248 navium
2916 2208 2938 2247 :
2982 2204 3039 2249 et
3086 2194 3464 2249 humiliabitur

1867 2283 2049 2337 omnis
2080 2283 2268 2347 homo,
2308 2296 2363 2337 et
2401 2285 2563 2339 cadet
2593 2282 2827 2350 altitudo
2857 2284 3120 2339 virorum.
3158 2301 3177 2336 ι
3215 2283 3464 2354 lnjiciam

1868 2374 1923 2429 in
1963 2390 2059 2430 eos
2101 2386 2219 2431 rete
2249 2390 2455 2440 meum,
2501 2378 2759 2446 ipsosque
2807 2376 2983 2431 instar
3020 2375 3301 2429 volucrum
3336 2377 3466 2430 caeli

1869 2468 2177 2523 detraham.
2210 2468 2469 2525 Fortasse
2496 2486 2632 2527 vero
2661 2471 2907 2526 omnium
2936 2472 3239 2542 perniciem
3273 2471 3328 2525 in
3372 2469 3466 2523 illa

1871 2571 2185 2631 exspectata
2249 2563 2467 2619 Domini
2518 2564 2608 2619 die
2669 2564 2788 2620 fore
2847 2566 3209 2630 vaticinatur,
3269 2565 3468 2635 hisque

1870 2653 2104 2711 obscure
2142 2655 2460 2712 subindicat
2502 2659 2781 2727 principes
2826 2658 2991 2727 hujus
3034 2658 3261 2724 seculi,
3303 2658 3469 2713 celsi-

1873 2737 2112 2809 tudines,
2144 2745 2461 2813 dignitates,
2495 2747 2840 2818 principatus
2890 2757 2946 2802 et
2995 2757 3324 2819 potestates,
3360 2749 3469 2802 bu—

1867 2837 2066 2908 jusque
2108 2840 2295 2894 mundi
2332 2851 2616 2906 rectores,
2663 2840 2756 2911 qui
2794 2839 2965 2896 Deum
3010 2857 3118 2897 non
3170 2851 3465 2898 noverunt.

240 3032 259 3063 ε
323 3012 438 3065 Καὶ
488 3009 837 3081 ὑψωθήσεται
890 3008 1095 3080 Κύριος
1145 3008 1308 3079 μόνος
1355 3009 1415 3061 ὲν
1462 3009 1529 3077 τῇ
1584 3007 1768 3079 ἡμέρᾳ

1950 3021 2113 3078 Vsus.
2155 3023 2353 3089 18,19.
2391 3043 2412 3076 ι
2448 3023 2517 3079 Et
2548 3023 2884 3080 exaltabilur
2915 3023 3181 3081 Dominus
3216 3024 3367 3080 solus
3413 3024 3468 3078 in

169 3104 377 3177 ἐκείνῃ,
422 3104 519 3158 καὶ
562 3102 631 3156 τά
665 3102 1022 3173 χειροποίητα
1075 3100 1255 3155 πάντα
1299 3098 1765 3171 κατακρύιιρουσιν,

172 3198 585 3265 εἰσενέγκαντες
616 3196 697 3254 εἰς
743 3194 812 3247 τὰ
861 3194 1099 3265 σπήλαια
1142 3193 1238 3247 καὶ
1272 3194 1353 3256 είς
1393 3192 1492 3256 τὰς
1529 3192 1771 3262 σχισμὰς

173 3292 275 3344 τῶν
298 3289 544 3360 πετρῶν,
560 3289 657 3341 καὶ
676 3290 757 3351 είς
783 3288 885 3351 τὰς
899 3286 1151 3359 τρώγλας
1168 3286 1271 3357 τῆς
1295 3286 1420 3357 γῆς,
1454 3286 1565 3338 ἀπὸ
1594 3301 1768 3358 προσ-

170 3383 322 3437 ώπου
368 3381 463 3436 τοῦ
541 3382 709 3451 φόὸου
744 3381 978 3450 Κυρίου,
1010 3379 1105 3434 καὶ
1152 3379 1263 3433 άπὸ
1303 3379 1404 3449 τῆς
1451 3376 1614 3449 δόξης
1671 3377 1771 3448 τῆς

180 3476 363 3546 ἱτιύος
391 3473 584 3539 αὑτοῦ,
620 3474 748 3528 ὃταν
773 3474 982 3543 ἀναστῇ
1008 3468 1242 3542 θραῦσαι
1265 3468 1366 3540 τὴν
1392 3468 1516 3539 γῆν.
1550 3488 1569 3519 ι
1610 3467 1772 3521 Ἀλλὰ

178 3574 265 3625 καὶ
301 3574 355 3625 oi
392 3568 633 3633 ἀσεϐεῖς,
673 3568 775 3638 τῆς
804 3566 901 3621 τοῦ
932 3566 1139 3639 Κυρίου
1166 3562 1487 3633 ,επιστάσης
1526 3562 1767 3633 ἡμέρας,

178 3666 268 3727 τὰς
294 3663 458 3728 δόξας
483 3660 684 3724 αὑτῶν,
712 3662 779 3725 ἃς
808 3658 953 3731 εἶχον
980 3660 1246 3731 πρότερον
1279 3659 1337 3711 ὲν
1363 3658 1429 3728 τῇ
1459 3654 1607 3727 ψυχῇ
1642 3653 1773 3725 περὶ

178 3760 271 3827 τῆς
321 3756 589 3811 πολυθέου
633 3754 866 3827 πλάνης,
904 3750 1353 3825 κατακρύψουσιν
1384 3750 1442 3802 ιν
1473 3750 1595 3811 ταῖς
1626 3747 1775 3818 διερ-

184 3851 444 3920 ῥωγυεαις
474 3848 654 3904 αὐτῶν
681 3846 964 3911 διανοίαις,
997 3843 1287 3899 ὲκὸαλοῦσί
1327 3859 1389 3896 τε
1419 3842 1513 3895 καὶ
1536 3840 1773 3912 except-

1873 3115 1963 3169 die
1998 3117 2108 3181 illa,
2154 3126 2209 3171 et
2236 3117 2419 3189 omnia
2449 3118 2763 3170 manul'acta
2811 3114 3182 3181 abscondent,
3232 3116 3470 3171 inferen-

1875 3217 1958 3264 tes
2003 3209 2057 3262 in
2099 3209 2393 3279 speluncas
2443 3219 2500 3264 et
2540 3209 2594 3262 in
2636 3209 2913 3265 scissuras
2963 3221 3277 3279 petrarum,
3312 3220 3368 3264 et
3414 3211 3471 3265 in

1873 3300 2145 3356 foramina
2189 3310 2374 3367 terrae,
2410 3318 2439 3356 a
2485 3302 2624 3358 facie
2667 3304 2878 3359 timoris
2914 3304 3163 3368 Domini,
3200 3315 3256 3358 et
3296 3319 3326 3357 a
3359 3304 3475 3374 glo-

1873 3393 1955 3447 ria
1988 3394 2215 3450 virtutis
2248 3393 2411 3463 ejus:
2448 3411 2574 3450 cum
2610 3397 2922 3451 surrexerit
2959 3398 3027 3450 ad
3060 3398 3471 3467 percutiendum

1876 3490 2100 3538 terram.
2145 3503 2165 3537 ι
2218 3484 2359 3551 Quin
2407 3488 2571 3541 etiam
2626 3488 2813 3557 impii,
2862 3487 3190 3561 adveniente
3257 3487 3474 3542 Domini

1876 3577 1985 3643 die,
2022 3580 2309 3650 opiniones
2344 3596 2496 3645 suas,
2530 3596 2670 3651 quas
2700 3584 2845 3638 circa
2886 3582 3215 3652 pluralitatis
3246 3583 3473 3636 deorum

1877 3687 2126 3729 errorem
2164 3684 2347 3728 mente
2375 3673 2528 3743 prius
2571 3676 2872 3738 tenebant,
2918 3674 2973 3727 iu
3023 3673 3270 3728 discissis
3300 3682 3355 3728 et
3395 3673 3477 3727 di-

1879 3767 2057 3836 ruptis
2104 3766 2384 3821 mentibus
2429 3767 2543 3821 suis
2594 3766 2988 3832 occultabunt,
3042 3777 3210 3835 atque
3254 3780 3472 3819 omnem

1879 3858 2194 3913 mendacem
2230 3858 2299 3913 de
2344 3856 2505 3913 idolis
2533 3859 2847 3928 opinionem
2892 3858 3262 3912 eliminabuut
3294 3868 3351 3911 et
3380 3859 3476 3911 ab-

178 3944 339 4012 ιίρουστ
376 3940 475 3996 τοῦ
523 3941 735 3996 ἑαυτῶν
767 3939 1033 4011 λογισμοῦ
1084 3940 1263 3991 πᾶσαν
1302 3938 1400 4008 τὴν
1432 3936 1604 4007 ψευδῆ
1646 3950 1768 4006 περι

1875 3949 2075 4017 jicient
2112 3964 2179 4005 ex
2211 3950 2549 4020 cogitatione
2577 3966 2699 4006 sua.

180 4034 284 4087 τῶν
313 4033 553 4088 statim
594 4032 881 4105 ὑπόληψιν.

251 4143 272 4212 ξ
308 4126 391 4196 τῇ
419 4123 533 4195 γὰρ
558 4123 743 4196 ἡμέρᾳ
769 4123 957 4197 ἐκείνῃ
997 4122 1216 4176 ἐκϐαλεῖ
1241 4121 1530 4191 ἄνθρωπος
1562 4119 1634 4172 τὰ
1662 4118 1777 4189 βδε-

183 4217 434 4287 λύγματα
466 4215 637 4271 αὑτοῦ
669 4214 739 4270 τὰ
766 4217 986 4288 ἀργυρᾶ
1022 4216 1119 4269 καὶ
1146 4214 1217 4268 τά
1260 4215 1458 4287 χρυσᾶ,
1487 4212 1523 4267 ά
1552 4212 1777 4282 ἐποίησε

186 4310 511 4379 προσκυνεῖν
564 4306 677 4372 τοῖς
731 4307 979 4379 ματαίοις
1020 4307 1115 4362 καὶ
1163 4308 1285 4370 ταῖς
1335 4304 1640 4376 νυκτερίσι,
1679 4303 1776 4356 τοῦ

1938 4122 2103 4180 Vens.
2127 4123 2325 4179 20-22.
2350 4144 2369 4177 ι
2396 4123 2531 4180 Nam
2562 4127 2617 4182 in
2635 4125 2724 4183 die
2749 4126 2840 4182 illa
2868 4126 3051 4196 ejiciet
3077 4127 3244 4181 homo
3269 4126 3480 4181 abomi-

1882 4220 2133 4273 nationes
2185 4234 2315 4275 suas
2362 4230 2655 4291 argenteas
2695 4230 2751 4276 et
2789 4236 3009 4285 aureas,
3036 4234 3174 4290 quas
3226 4219 3377 4283 fecit,
3420 4229 3482 4272 ut

1882 4312 2143 4367 adoraret
2174 4327 2312 4367 vana
2346 4322 2403 4367 et
2444 4309 2896 4383 vespertiiiones,
2931 4322 2992 4368 ut
3040 4313 3379 4385 ingrediatur
3425 4314 3478 4367 in

188 4401 449 4454 εἰσελθεῖν
483 4402 563 4464 είς
604 4399 703 4463 τὰς
736 4397 991 4471 τρώγλας
1022 4399 1121 4469 τῆς
1175 4398 1403 4471 στερεᾶς
1437 4396 1646 4467 πέτρας
1682 4395 1768 4449 καὶ

1887 4405 2154 4459 foramina
2197 4405 2347 4461 dum
2386 4415 2555 4472 petra
2586 4415 2642 4461 et
2677 4407 2951 4462 scissuras
2984 4415 3291 4475 petrarum,
3324 4422 3352 4458 a
3397 4404 3479 4459 fa-

187 4494 281 4557 τέις
310 4491 555 4563 σχισμὰς
592 4490 703 4545 τῶν
730 4490 949 4563 πετρῶν
983 4491 1094 4545 άπὸ
1129 4489 1425 4563 προσώπου
1466 4488 1563 4541 τοῦ
1614 4486 1781 4558 φόϐου

190 4583 390 4652 Κυρίου
432 4584 529 4635 καὶ
556 4582 667 4637 άπὸ
714 4583 815 4654 τῆς
853 4581 1012 4653 δόξης
1055 4581 1158 4653 τῆς
1197 4582 1380 4653 ἰσχύος
1424 4579 1615 4643 αὐτοῦ,
1655 4580 1799 4634 ὅταν

191 4681 390 4749 ἀναστῇ
446 4675 687 4749 θραῦσαι
736 4678 837 4748 τὴν
879 4678 1003 4749 γῆν.
1054 4696 1071 4729 ι
1124 4674 1633 4748 Είδωλολατρούσης
1682 4675 1784 4755 τῆς

203 4772 583 4843 Ἱερονπιλὴμν
633 4770 832 4843 μᾶλλον
875 4770 931 4824 δὲ
977 4770 1200 4838 ἀπάσης
1240 4768 1644 4840 πεπυρωμένης
1685 4766 1786 4836 τῆς

212 4869 481 4931 Ἰουδαίας,
512 4867 795 4936 κατεχεϊτο
830 4863 1030 4935 τρόπον
1054 4862 1178 4915 τινὰ
1202 4860 1304 4930 τῆς
1338 4860 1597 4924 Ἰουδαίας
1617 4862 1650 4914 ό
1676 4860 1786 4912 Βα-

197 4960 472 5014 ϐυλωνίων
512 4954 749 5027 πόλεμος
768 4974 780 4987 ·
812 4956 885 5021 οἳ,
916 4956 1101 5009 πᾶσαν
1141 4952 1622 5026 καταδῃώσαντες,
1652 4952 1789 5005 άπε-

198 5055 414 5107 κτόνασι
465 5050 567 5122 μὲν
608 5051 735 5112 τοὺς
774 5048 1281 5119 κατειλημμένους·
1335 5046 1534 5114 γύναια
1585 5044 1642 5098 δὲ
1694 5044 1789 5097 καὶ

201 5145 385 5207 παῖδας
432 5128 787 5212 άπεκόμισαν
822 5140 903 5204 είς
946 5140 1046 5211 τὴν
1080 5136 1293 5192 ἑαυτῶν
1333 5137 1458 5209 γῆν.
1502 5134 1649 5206 Πλὴν
1690 5135 1791 5205 τῆς

202 5236 383 5302 ἐφόδου
406 5214 945 5307 προαπηγῆελμένης
972 5232 1069 5285 καὶ
1100 5229 1401 5301 μελλούσης
1433 5228 1679 5293 ἔσεσθαι,
1712 5244 1793 5281 το-

205 5329 385 5381 σοῦτον
415 5332 530 5393 τοῖς
558 5326 838 5389 Ἰουδαίοις
868 5322 1060 5392 γέγονε
1090 5322 1279 5393 δεῖμα,
1311 5323 1407 5376 καὶ⁵
1437 5319 1679 5389 ἀγωνίας
1711 5320 1794 5381 είς

206 5421 355 5476 τοῦτο
387 5420 776 5484 πεπτώκασιν,
810 5418 889 5481 ὡς
941 5417 999 5469 ὲν
1041 5416 1332 5487 σπηλαίοις
1378 5415 1473 5468 καὶ
1517 5415 1639 5476 ταῖς
1684 5410 1794 5464 τῶν

208 5514 340 5582 ὀρῶν
377 5516 623 5586 ῥωγμαῖς
655 5507 1173 5582 κατακρύπτεσθαι,
1202 5508 1296 5562 καὶ
1329 5506 1532 5567 τόπους
1558 5503 1796 5567 aea-mu;

1885 4499 1970 4553 cie
2019 4498 2234 4553 timoris
2278 4499 2494 4553 Domini
2551 4508 2607 4554 et
2652 4514 2682 4552 a
2731 4499 2905 4570 gloria
2954 4498 3295 4555 fortitudinis
3338 4498 3479 4568 ejus,

1887 4607 2011 4646 cum
2042 4593 2347 4647 surrexerit
2383 4593 2450 4646 ad
2480 4596 2874 4646 conterendam
2905 4600 3137 4647 terram.
3176 4611 3195 4644 ι
3230 4592 3363 4646 Dum
3392 4589 3483 4646 Je-

1889 4684 2128 4738 rusalem
2163 4684 2305 4737 idola
2336 4684 2576 4747 coleret,
2610 4682 2721 4737 imo
2754 4684 2939 4752 potius
2976 4668 3102 4737 cum
3149 4691 3260 4737 tota
3293 4680 3482 4737 Iudaea

1891 4781 2307 4845 incenderetur,
2348 4779 2400 4833 in
2430 4777 2617 4833 Judzea
2658 4777 2915 4833 diliusum
2958 4777 3367 4848 quodammodo
3398 4786 3486 4831 est

1890 4872 2315 4943 Babyloniorum
2348 4871 2547 4925 bellum
2575 4889 2589 4924 :
2623 4871 2741 4940 qui,
2772 4871 2861 4923 illa
2890 4871 3109 4940 penitus
3139 4879 3373 4933 vasuta,
3400 4881 3488 4922 ca-

1890 4978 2017 5038 ptos
2055 4967 2201 5019 viros
2244 4966 2679 5028 interiecerant;
2726 4964 2987 5018 mulieres
3020 4976 3150 5017 vero
3188 4972 3245 5016 et
3289 4974 3488 5031 pueros

1895 5061 1948 5114 in
1979 5068 2183 5113 terram
2220 5074 2375 5113 suam
2426 5057 2844 5112 transtulerunt.
2885 5054 3161 5110 Cancrum
3200 5069 3331 5127 cum,
3363 5051 3490 5105 talis

1895 5151 2131 5222 irruptio
2179 5149 2548 5219 prtenuutiata
2591 5147 2785 5202 fuisset
2818 5155 2874 5202 et
2914 5146 3095 5201 futura
3127 5153 3294 5207 esset,
3337 5152 3489 5197 tanto

1894 5240 2065 5297 Judaei
2098 5251 2247 5297 metu
2284 5241 2567 5311 perterriti
2606 5248 2754 5303 sunt,
2786 5249 2843 5293 et
2886 5238 2941 5293 in
2974 5246 3157 5291 tantas
3212 5234 3493 5304 angustias

1899 5335 2131 5399 redacti,
2185 5345 2241 5388 ut
2284 5336 2338 5387 in
2380 5332 2655 5403 speluncis
2712 5338 2769 5385 et
2822 5332 2879 5384 in
2924 5329 3186 5384 montium
3232 5326 3492 5381 scissuris

1898 5443 2021 5484 sese
2056 5426 2421 5492 occultarent,
2463 5436 2518 5481 et
2549 5424 2694 5479 invia
2730 5424 2849 5478 loca
2889 5430 3166 5491 peterent,
3216 5435 3339 5475 cum
3380 5432 3493 5471 ma.

1900 5536 2004 5577 nus
2054 5536 2243 5576 eorum
2288 5520 2355 5574 ad
2405 5518 2784 5575 obsistendum
2831 5515 3215 5570 invadentibus
3265 5524 3494 5583 prorsus

1901 5610 2109 5667 debiles
2130 5619 2333 5666 essent.

3150 5768 3192 5829 Ir.
