4100 6286
697 288 800 342 ΗΠ

1300 417 1526 474 CAPUT
1561 417 1648 473 Ill.

772 514 931 569 Vsus.
975 508 1096 565 ἰοὶ.
1129 526 1149 562 ι
1185 502 1323 562 Ecce
1367 505 1625 561 Dominus
1677 502 1919 558 Sabaoth
1973 498 2182 555 auferet
2223 511 2254 550 a

1366 273 1630 336 EUSEBII
1667 261 2141 332 CESARIENSIS
2176 265 2325 325 OPP.
2370 264 2548 325 PARS
2589 269 2674 325 Ill.
2719 300 2786 310 —
2825 265 3236 323 EXEGETICA.

2282 395 2333 449 A

3846 259 3949 315 108

2910 400 3304 460 ΚΕΦΑΛΑΙΟΝ
3340 398 3412 455 Γ.

2435 518 2453 549 ι
2498 498 2628 551 Ἰδοὺ
2658 498 2724 568 δὴ
2752 499 2780 550 ὁ
2817 496 3083 564 δεσπότης
3111 495 3318 567 Κύριος
3355 489 3584 549 Σαϐαὼθ
3623 491 3813 562 ἀφελεῖ
3836 491 3949 545 ἀπὸ

694 605 875 658 Judaea
904 610 960 658 et
994 617 1023 656 a
1058 597 1382 661 Jerusalem,
1424 596 1706 651 robustum
1734 602 1790 650 et
1829 594 2139 658 robustam,
2176 604 2242 643 ro

2357 587 2460 656 τῆς
2516 587 2775 650 ἰουδαίας
2829 570 2925 640 κάι
2969 585 3076 639 ἀπὸ
3130 585 3508 657 Ἰερουσαλὴμ,
3554 581 3806 653 ἰσχύοντα
3850 584 3950 635 καὶ

694 697 796 748 bur
825 694 980 764 panis
1005 702 1062 747 et
1095 691 1261 746 robur
1304 702 1480 758 aquai,
1523 686 1797 758 gigantem
1849 696 1902 740 et
1948 686 2139 753 fortem
2178 680 2257 734 vi-

693 799 840 846 rum,
910 781 1223 837 bellatorem
1291 788 1346 834 et
1392 775 1652 845 iudicem,
1703 784 1761 829 et
1804 774 2161 844 prophetam,
2201 781 2258 827 et

694 873 948 936 ariolum,
987 880 1039 925 et
1068 884 1276 926 senem.
1311 889 1328 921 ι
1366 868 1422 923 Id
1455 882 1618 936 porro
1648 868 1922 936 continget
1970 863 2104 929 illis.
2144 877 2253 917 non

692 962 764 1017 ob
792 961 1173 1025 idololatriam,
1199 975 1300 1015 nec
1329 959 1398 1014 ob
1431 959 1536 1014 alia
1572 957 1818 1029 quaedam
1851 955 2126 1020 facinora;
2162 953 2256 1007 sed

693 1055 764 1108 ob
790 1052 960 1107 solum
1002 1052 1286 1107 consilium
1317 1066 1442 1106 vere
1483 1051 1730 1122 impium,
1769 1049 2034 1106 nefarium
2062 1055 2118 1103 et
2162 1047 2256 1100 im-

694 1143 922 1214 probum
978 1152 1169 1200 contra
1232 1143 1520 1200 Dominum
1589 1142 1803 1198 initum.
1871 1139 2256 1197 Animadverte

695 1234 858 1303 igitur
902 1249 1010 1304 quo
1051 1241 1209 1304 pacto
1260 1241 1382 1301 post
1436 1231 1557 1286 illas
1603 1247 1794 1288 omnes
1831 1232 2093 1287 adversus
2134 1229 2256 1286 illos

690 1327 987 1381 iutentatas
1026 1325 1222 1389 minas,
1255 1323 1338 1378 his
1380 1325 1560 1378 verbis
1587 1321 1785 1378 inferat
1816 1340 1831 1376 :

758 1434 780 1469 ι
802 1417 1085 1472 Peccatum
1113 1426 1289 1471 autem
1319 1430 1529 1478 eorum,
1563 1415 1716 1484 quasi
1749 1414 2127 1480 Sodomorum,
2152 1429 2254 1470 an-

687 1512 1132 1567 nuntiaveruntet
1148 1511 1292 1565 decla
1304 1521 1576 1569 raveruut.
1590 1510 1681 1566 Var
1693 1510 1886 1566 animm
1899 1524 2109 1578 eorum,
2125 1511 2254 1581 quia

684 1603 922 1658 inierunt
953 1602 1236 1658 consilium
1272 1600 1467 1655 malum
1487 1611 1673 1657 contra
1709 1603 1938 1673 seipsos,
1969 1601 2251 1659 dicentes:

2361 678 2649 749 ἰσχύουσαν
2672 718 2688 742 ,
2727 679 2881 749 ἰσχὺν
2910 677 3075 749 ἄρτου
3114 676 3208 729 καὶ
3255 677 3409 747 ἰσχὺν
3439 675 3667 742 ὓδατος,
3710 674 3948 744 γίγαντα

2360 771 2455 825 καὶ
2484 769 2733 842 ἰσχύοντα
2753 768 3058 841 ἄνθρωπον,
3083 767 3414 838 πολεμιστὴν
3433 768 3528 822 καὶ
3544 767 3822 836 δικαστὴν,
3849 769 3947 819 καὶ

2362 865 2670 936 προφήτην,
2694 863 2788 916 καὶ
2811 862 3134 933 στοχαστὴν,
3167 862 3262 915 καὶ
3296 860 3688 932 πρεσϐύτερον.
3728 879 3746 911 ι
3770 858 3948 914 Τοῦτο

2357 955 2414 1009 δὲ
2446 955 2781 1027 συμϐήσεται
2805 953 3008 1019 αὐτοῖς,
3032 952 3154 1006 οὔτε
3174 952 3240 1007 δι’
3266 952 3724 1022 εἰδωλολατρείαν,
3740 949 3863 1004 οὔτε
3874 950 3944 1005 δι’

2358 1047 2552 1120 ἑτέρας
2593 1045 2822 1118 πράξεις
2860 1046 3042 1109 τινας⁸
3089 1045 3178 1099 διὰ
3221 1044 3390 1116 μόνην
3434 1044 3492 1099 δὲ
3534 1043 3730 1116 βουλὴν
3781 1043 3944 1098 ἄθεον

2358 1135 2594 1208 ἀληθῶς,
2629 1136 2723 1190 καί
2763 1133 2958 1205 ἀσεϐῆ,
2995 1136 3091 1189 καὶ
3126 1135 3389 1206 πονηρὰν,
3417 1133 3515 1207 τὴν
3541 1134 3680 1187 κατά
3710 1131 3802 1188 τοῦ
3837 1125 3950 1187 Κυ-

2361 1229 2497 1298 ρίου.
2537 1225 2648 1284 Θέα
2685 1227 2817 1298 γοῦν
2855 1229 3004 1294 ὅπως
3042 1228 3180 1300 μετά
3227 1228 3408 1290 πάσας
3443 1226 3543 1291 τὰς
3594 1229 3717 1281 κατ’
3761 1226 3948 1281 αὐτῶν

2357 1319 2586 1385 ἀπειλὰς
2614 1321 2811 1389 ὲπάγει
2837 1320 3010 1390 λέγων
3030 1337 3044 1351 ο

2433 1430 2452 1464 ι
2486 1412 2596 1484 Τὴν
2618 1411 2676 1467 δὲ
2703 1413 2977 1485 ἁμαρτίαν
3004 1411 3186 1466 αὐτῶν
3213 1412 3288 1476 ὡς
3318 1412 3566 1482 Σοδόμων
3598 1411 3946 1485 ἀπήγγειλαν

2355 1503 2451 1556 καὶ
2495 1504 2838 1572 ἐνεφάνισαν.
2888 1503 3026 1557 οὐαὶ
3059 1504 3125 1574 τῇ
3170 1502 3315 1574 ψυχῇ
3364 1502 3566 1568 αὐτῶν,
3623 1504 3706 1556 ὅτι
3754 1495 3946 1575 βεϐού-

2355 1595 2568 1651 λευνται
2612 1598 2810 1669 βουλὴν
2861 1598 3100 1670 πονηρὰν
3136 1599 3256 1652 καθ’
3303 1598 3515 1652 ἑαυτῶν
3561 1599 3829 1666 εἰπόντες,
3856 1601 3944 1654 ὅτι

682 1694 973 1762 Alligemus
1025 1693 1253 1765 justum,
1294 1695 1419 1764 quia
1469 1693 1709 1750 difficilis
1742 1693 1900 1749 nobis
1927 1703 2031 1749 est.
2071 1712 2091 1747 ι
2125 1692 2242 1749 Haec

2353 1689 2618 1759 Δήσωμεν
2645 1688 2739 1742 τὸν
2764 1688 2994 1752 δίκαιον,
3022 1690 3102 1742 ὃτι
3119 1689 3454 1762 δύσχρηστος
3482 1694 3614 1761 ἡμῖν
3639 1693 3774 1746 ἐστι.
3812 1711 3832 1745 ι
3865 1693 3944 1746 Τὸ

680 1785 878 1855 quippe
895 1799 1057 1839 causa
1076 1785 1342 1839 minarum
1365 1786 1603 1840 omnium
1628 1792 1761 1838 erat.
1782 1783 1919 1839 Hinc
1941 1798 2102 1854 porro
2125 1783 2246 1839 sine

682 1875 1051 1930 controversia
1102 1875 1316 1945 probari
1370 1876 1578 1929 aestimo
1617 1875 1732 1930 haec
1779 1882 1913 1944 post,
1950 1873 2245 1930 Salvatoris

680 1970 970 2022 adventum
1008 1969 1167 2023 finem
1207 1970 1502 2038 accepisse.
1535 1966 1837 2023 Cunfertim
1880 1981 2009 2038 ergo
2052 1976 2108 2022 et
2139 1983 2246 2022 una

680 2060 976 2115 secundum
1025 2060 1395 2128 prophetiam,
1436 2059 1617 2113 omnia
1669 2059 1737 2113 ab
1786 2056 2084 2113 Jerusalem
2117 2067 2174 2112 et
2215 2072 2246 2112 ι

677 2150 859 2206 Judaa
893 2150 1210 2206 defecerunt
1245 2160 1300 2206 et
1344 2151 1522 2205 ablata
1573 2161 1732 2218 sunt,
1770 2165 1878 2204 non
1918 2150 2054 2216 alio,
2085 2165 2243 2220 quam

675 2251 1008 2298 structarum
1041 2253 1228 2298 contra
1261 2242 1605 2297 Salvatorem
1643 2250 1893 2296 nostrum
1927 2241 2244 2296 insidiarum

677 2345 939 2404 tempore.
983 2335 1060 2388 Ac
1094 2335 1272 2404 primo
1300 2333 1463 2389 ablati
1525 2343 1655 2388 sunt
1707 2333 1960 2388 robustus
1989 2342 2045 2388 ct
2079 2332 2246 2388 robu-

673 2431 782 2489 sta,
819 2425 955 2489 sive,
991 2426 1286 2478 secundum
1339 2423 1609 2491 Aquilam,
1661 2442 1681 2475 ι
1731 2421 1959 2478 fulcrum
1991 2430 2047 2477 et
2090 2423 2245 2478 fulci-

673 2523 916 2570 mentum
937 2557 951 2578 ,
993 2534 1011 2567 ι
1046 2515 1150 2579 vel,
1174 2516 1463 2569 secundum
1495 2514 1902 2586 Symmachum,
1925 2530 1946 2565 ι
1980 2498 2244 2569 ειιειεηῖσ-

672 2605 851 2662 culum
869 2618 920 2662 et
943 2607 1278 2661 sustentatio.
1293 2625 1313 2658 ι
1333 2606 1486 2674 Quod
1512 2606 1774 2679 intelligas
1794 2607 2090 2663 secundum
2120 2621 2244 2676 apo-

670 2701 918 2757 stolicum
955 2714 1280 2761 sermonem,
1308 2700 1395 2769 qui
1429 2699 1676 2755 homines
1701 2709 1887 2754 sancta
1930 2699 2039 2753 vita
2083 2713 2243 2753 exor-

670 2798 851 2854 natos,
869 2788 1149 2843 columnas
1173 2797 1228 2842 et
1254 2786 1656 2842 ﬁrmamentum
1677 2785 1909 2841 vocavit.
1931 2783 1997 2837 Et
2020 2784 2239 2855 quidem

668 2881 834 2933 etiam
869 2880 1008 2948 apud
1035 2879 1279 2947 priscum
1312 2878 1457 2931 illum
1489 2877 1743 2947 populum
1801 2876 2023 2946 quidam
2059 2885 2237 2942 erant,

667 2964 757 3032 qui
796 2980 892 3033 pro
923 2963 1086 3018 totius
1112 2965 1286 3034 gentis
1309 2964 1677 3019 sustentaculo
1721 2965 1914 3020 haberi
1945 2974 2193 3036 poterant
2219 2985 2233 3021 ε

2351 1778 2460 1852 γάρ
2481 1779 2653 1834 αἴτιον
2680 1779 2790 1834 τῶν
2812 1781 3222 1852 ἀπειλουμένων
3246 1783 3502 1837 ἁπάντων
3528 1783 3687 1838 τοῦτο
3710 1780 3798 1856 ἦν.
3824 1781 3943 1840 Καὶ

2347 1871 2411 1923 ὲκ
2457 1870 2663 1926 τούτων
2728 1872 2786 1928 δὲ
2828 1873 3246 1944 ἀναμφιλέκτως
3289 1870 3442 1946 οἶμαι
3486 1875 3834 1930 συνίστασθαι
3876 1876 3943 1929 τὸ

2350 1963 2488 2034 μετά
2519 1965 2617 2036 τὴν
2654 1966 2922 2037 σωτήριον
2955 1965 3261 2038 παρουσίαν
3291 1965 3464 2020 ταῦτα
3495 1966 3681 2030 τέλους
3708 1983 3940 2037 τετυχη-

2348 2053 2520 2108 κέναι.
2564 2055 2800 2127 Ἀθρόως
2841 2052 2936 2110 οὖν
2975 2057 3186 2125 ἐξέλιπε
3222 2058 3318 2111 καὶ
3361 2057 3611 2131 ἀφῃρέθη
3657 2056 3796 2111 κατὰ
3829 2057 3939 2128 τὴν

2347 2147 2704 2217 προφητείαν,
2754 2147 2863 2202 ἀπό
2909 2166 2969 2203 τε
3016 2149 3117 2219 τῆς
3173 2148 3526 2220 Ἰερουσαλὴμ
3553 2149 3646 2202 καὶ
3687 2149 3796 2202 ἀπὸ
3827 2147 3940 2218 τῆς

2360 2235 2636 2301 Ἰουδαίας,
2680 2237 2817 2306 ὁμοῦ
2852 2239 2921 2291 τὰ
2960 2238 3160 2302 πάντα,
3200 2238 3300 2291 οὐκ
3344 2237 3531 2291 ἄλλοτε
3575 2238 3610 2309 ἢ
3649 2238 3791 2292 κατά
3828 2241 3938 2312 τὴν

2343 2326 2438 2380 τοῦ
2468 2327 2718 2400 Σωτῆρος
2742 2328 2897 2400 ήμῶν
2927 2328 3241 2400 ἐπιϐουλήν.
3265 2331 3377 2383 Καὶ
3410 2328 3624 2401 πρῶτον
3653 2331 3942 2404 ἀφῃρέθη-

2346 2434 2445 2472 σαν
2497 2419 2750 2490 ἰσχύοντα
2793 2420 2886 2474 καί
2931 2420 3256 2492 ἰσχύουσαν·
3295 2420 3329 2492 ἦ
3363 2420 3505 2475 κατά
3537 2422 3628 2475 τὸν
3675 2422 3936 2489 Ἀκύλαν,

2348 2528 2368 2561 ι
2426 2509 2660 2587 ἔρεισμα
2691 2513 2783 2565 καὶ
2830 2513 3116 2585 ὲρεισμόνο
3159 2531 3176 2564 ι
3225 2513 3257 2584 ἢ
3303 2511 3442 2566 κατά
3477 2513 3569 2567 τὸν
3612 2513 3934 2585 Σύμμαχον,

2348 2621 2367 2654 ι
2401 2603 2679 2675 στήριγμα
2703 2606 2796 2660 καὶ
2826 2605 3144 2676 στηριγμόν.
3182 2625 3201 2656 ›
3233 2606 3408 2676 Ὅπερ
3433 2607 3648 2676 νοήσεις
3677 2607 3813 2661 κατά
3837 2609 3936 2660 τὸν

2343 2696 2696 2750 ἀποστολικὸν
2725 2696 2900 2764 λόγον,
2934 2695 2993 2759 ὃς
3020 2698 3148 2760 τοὺς
3178 2695 3279 2767 βίῳ
3301 2696 3375 2766 τῷ
3398 2697 3540 2750 κατά
3562 2697 3694 2750 Θεὸν
3716 2699 3934 2770 ἐμπρές-

2343 2804 2544 2851 ποντας
2578 2788 2802 2850 στύλους
2836 2804 2895 2841 τε
2937 2789 3030 2841 καὶ
3074 2789 3353 2859 ἑδραίωμα
3385 2789 3653 2859 ὠνόμασε.
3701 2790 3935 2856 Πάντως

2341 2878 2398 2931 δέ
2427 2895 2527 2931 που
2559 2880 2654 2932 καὶ
2693 2876 2844 2949 παρά
2865 2878 2943 2948 τῷ
2974 2878 3225 2950 προτέρῳ
3251 2876 3365 2946 λαῷ
3393 2871 3532 2948 ἦσάν
3565 2895 3707 2941 τινες
3734 2877 3933 2949 ὥσπερ

2342 2969 2692 3042 ἑδραιὼματα
2723 2969 2816 3023 τοῦ
2851 2971 3050 3035 παντὸς
3083 2969 3262 3025 αὐτῶν
3293 2970 3512 3034 ἔθνους,
3555 2969 3649 3034 οὓς
3685 2971 3930 3043 ἀρθήσε-

666 3069 805 3123 quos
849 3056 912 3109 de
955 3055 1129 3110 medio
1170 3071 1356 3109 eorum
1390 3056 1660 3112 tollendos
1690 3071 1813 3113 esse
1847 3058 2228 3113 comminatur.

2346 3061 2463 3116 σθαι
2492 3063 2587 3117 ἀπ’
2623 3063 2800 3115 αὐτῶν
2832 3063 2860 3115 ὁ
2889 3063 3046 3130 λόγος
3071 3062 3300 3115 ἀπειλεῖ.

743 3169 762 3202 ι
813 3151 993 3205 Robur
1026 3152 1180 3220 panis
1209 3159 1261 3204 et
1311 3152 1479 3205 robur
1518 3167 1691 3221 aquae.
1743 3171 1763 3206 ι
1813 3151 1939 3209 Ηωο
1968 3167 2098 3209 vero
2133 3155 2240 3225 spio

669 3243 848 3297 rituali
880 3259 1028 3298 more
1056 3228 1352 3311 accipiens,
1382 3245 1636 3299 advertas
1663 3245 1843 3310 velim,
1877 3261 1980 3301 non
2015 3261 2233 3315 panem,

664 3348 771 3386 non
814 3348 1008 3400 aquam
1047 3331 1394 3387 auferendam
1443 3349 1564 3388 esse
1610 3335 1737 3402 dici,
1795 3338 1891 3391 sed
1934 3337 2102 3392 robur
2146 3355 2236 3408 pa-

625 3411 748 3475 ”uis
795 3432 848 3475 et
902 3422 1067 3476 robur
1126 3419 1311 3491 aquae;
1363 3423 1508 3492 quod
1568 3437 1634 3478 ex
1680 3423 1904 3479 alterius
1951 3429 2234 3496 prapliette

664 3511 845 3566 verbis
900 3511 1202 3580 intelligas:
1269 3529 1288 3564 ι
1332 3511 1498 3576 Ecce,
1562 3514 1764 3583 inquit,
1820 3516 1935 3571 dies
1982 3519 2226 3586 veniunt,

661 3603 793 3656 dicit
828 3603 1116 3667 Dominus,
1165 3613 1241 3657 et'
1271 3605 1480 3657 mittam
1525 3604 1721 3660 famem
1774 3621 1939 3676 super
1997 3618 2227 3676 terram;

665 3711 772 3748 non
819 3693 1012 3749 famem
1063 3696 1217 3765 panis
1246 3735 1261 3759 ,
1319 3710 1419 3750 nec
1461 3697 1605 3751 sitim
1652 3715 1840 3768 aqum;
1887 3703 1980 3756 sed
2031 3701 2228 3759 famem

660 3786 915 3841 audiendi
945 3787 1165 3841 verbum
1204 3788 1413 3842 Domini
1442 3789 1506 3843 ".
1543 3810 1562 3843 ι
1595 3790 1688 3846 Est
1719 3793 1881 3861 igitur
1920 3795 2113 3848 anima:
2143 3810 2233 3865 pa-

660 3877 765 3944 nis,
800 3892 976 3932 sermo
1008 3879 1279 3950 quispiam
1323 3882 1506 3937 alendi
1555 3883 1931 3953 vi'praeditus;
1964 3886 2232 3940 similiter-

659 3979 764 4033 quc
791 3977 951 4035 potus
992 3969 1362 4025 rationabilis:
1398 3986 1630 4041 quorum
1667 3974 1768 4028 etsi
1806 3972 1976 4030 Judaei
2015 3991 2072 4031 se
2111 3993 2230 4046 par-

661 4058 850 4125 ticipes
877 4071 998 4112 esse
1028 4069 1249 4129 putent,
1296 4065 1425 4118 dum
1458 4063 1669 4118 divinas
1719 4064 2027 4134 Scripturas
2059 4078 2230 4124 trans-

2418 3173 2436 3206 ι
2486 3155 2660 3226 ’ἰσχὺν
2704 3154 2869 3225 ἄρτου
2918 3155 3011 3208 καὶ
3060 3155 3212 3226 ἰσχὺν
3253 3153 3464 3218 ὓδατος.
3525 3173 3545 3206 ι
3595 3154 3816 3226 Νοητῶς
3866 3156 3928 3211 δὲ

2337 3246 2814 3318 ὲκλαμϐανόμενος
2838 3247 3030 3311 ταῦτα,
3057 3249 3179 3318 δρα,
3206 3247 3406 3301 ὅτιούκ
3426 3247 3610 3318 ἄρτον,
3627 3247 3925 3325 οὕτε,ὔδωρ

2335 3332 2488 3392 εἶπεν
2523 3339 2774 3408 ἀφελεῖν,
2820 3339 2935 3392 ἀλλ’
2975 3340 3128 3410 ἰσχὺν
3167 3339 3333 3410 ἄρτου
3371 3339 3465 3392 καὶ
3502 3339 3654 3409 ἰσχὺν
3693 3338 3922 3404 ὓδατος·

2335 3432 2470 3503 ὅπερ
2495 3434 2708 3504 νοήσεις
2731 3433 2824 3501 ἀφ’
2855 3432 3042 3502 ἑτέρου
3075 3432 3352 3504 προφήτου
3382 3433 3686 3502 φήσαντοςο
3721 3450 3739 3482 ι
3786 3432 3929 3486 Ἰδοὺ

2333 3525 2537 3595 ἡμέραι
2571 3524 2838 3595 ἔρχονται,
2868 3524 3015 3592 λέγει
3046 3524 3248 3595 Κύριος
3270 3565 3283 3589 ,
3319 3525 3412 3577 καί
3441 3522 3724 3578 ἀποστελῶ
3760 3523 3928 3595 λιμὸν

2333 3618 2426 3670 ἐπὶ
2461 3617 2560 3686 τὴν
2600 3616 2736 3685 γῆνο
2782 3615 2843 3668 οὺ
2887 3613 3041 3684 λιμὸν
3078 3617 3261 3686 ἄρτου,
3321 3615 3438 3670 οὐδὲ
3491 3615 3650 3685 δίψαν
3689 3615 3924 3682 ὓδατος,

2338 3706 2473 3759 ἀλλὰ
2501 3705 2658 3776 λιμὸν
2690 3703 2781 3756 τοῦ
2818 3703 3047 3757 ἀκοῦσαι
3085 3704 3239 3773 λόγον
3269 3705 3494 3775 Κυρίου.
3536 3725 3554 3756 ι
3601 3706 3782 3760 Ἔστιν
3820 3702 3926 3761 οὖν

2332 3795 2512 3867 ψυχῆς
2541 3796 2703 3867 ἄρτος
2734 3794 3024 3867 θρεπτικὸς
3068 3812 3150 3858 τις
3177 3794 3331 3863 λόγος
3359 3834 3371 3856 ,
3418 3797 3511 3849 καὶ
3545 3798 3706 3851 ποτὸν
3737 3797 3924 3851 ὡσαύ-

2330 3905 2439 3952 τως
2479 3886 2726 3954 λογικόν·
2777 3879 2852 3939 ὧν
2897 3889 2945 3939 εἰ
3000 3886 3094 3939 καὶ
3141 3885 3420 3955 νομίξουσι
3474 3886 3920 3957 μεταλαμϐάνειν

2347 3976 2613 4030 Ἰουδαίων
2646 3975 2850 4040 παῖδες,
2886 3977 2943 4029 ὲν
2974 3974 3051 4045 τῷ
3079 3974 3178 4039 τάς
3223 3974 3374 4039 θείας
3412 3976 3722 4048 διέρχεσθαι
3770 3978 3920 4049 Γρα-

2331 4066 2458 4135 φάς,
2489 4068 2582 4126 καὶ
2612 4067 2743 4139 περὶ
2771 4067 2871 4130 τὰς
2897 4065 3232 4138 ὲκμαθήσεις
3255 4067 3348 4120 καὶ
3371 4068 3701 4136 ἐπαγγελίας
3729 4069 3917 4123 αὐτῶν

643 4159 908 4211 currunt,
949 4159 1005 4204 et
1047 4152 1190 4206 circa
1233 4153 1575 4222 disciplinam
1612 4159 2115 4228 promissionesque
2143 4177 2228 4214 ea-

2346 4158 2669 4229 ριλοκαλείν·
2700 4157 2836 4211 ἀλλὰ
2868 4158 2965 4229 τὴν
3001 4158 3077 4230 (6)
3117 4158 3267 4227 ἰσχὺν
3306 4158 3415 4211 τῶν
3460 4158 3768 4230 θρεπτικῶν
3821 4161 3918 4216 λό-

660 4255 787 4292 rum-
819 4241 1060 4295 studiose
1103 4254 1429 4298 versantur:
1475 4257 1531 4298 at
1566 4249 1733 4301 robur
1770 4251 2066 4306 nutrientis
2105 4265 2226 4306 ser-

2346 4268 2460 4319 rwv,
2496 4250 2591 4304 xui.
2619 4251 2681 4304 τὸ
2723 4251 3011 4322 θρεπτικὸν
3041 4251 3140 4324 τῆς
3173 4250 3436 4314 ζωοποιοῦ
3469 4254 3574 4324 γῆς
3603 4255 3702 4307 οὐκ
3728 4253 3793 4307 ἂν
3827 4254 3916 4308 εὖ-

652 4331 832 4388 monis
856 4373 870 4396 ,
909 4334 1242 4402 vivificaeque
1276 4345 1436 4391 terrae
1480 4339 1833 4409 alimentum,
1889 4360 2047 4398 nemo
2084 4349 2222 4416 apud

2346 4361 2443 4406 >οις
2477 4344 2605 4415 παρ’
2646 4344 2847 4406 αὐτοῖς.
2895 4345 3094 4414 Ἀρτου
3123 4343 3300 4396 τοίνυν
3335 4344 3495 4397 πάλιν
3519 4346 3620 4398 οὐκ
3647 4344 3914 4416 αἰσθητοῦ

657 4436 800 4490 ipsos
853 4425 1102 4493 reperiat.
1150 4426 1348 4481 Panem
1411 4443 1540 4499 ergo
1593 4433 1846 4486 sensilem
1909 4439 2220 4508 neutiquam

2346 4439 2691 4508 ινημονεύει⁵
2734 4437 2850 4491 ἀλλ’
2883 4437 3005 4490 οὐδὲ
3055 4437 3260 4491 ὑδάτων
3306 4436 3417 4491 τῶν
3458 4440 3515 4491 ὲν
3570 4441 3911 4510 καταχρήσει

655 4528 950 4583 memorat;
990 4534 1084 4572 nec
1130 4534 1297 4589 aquas
1341 4522 1529 4575 itidem
1572 4540 1691 4592 qua:
1727 4527 1836 4580 triti
1877 4544 1940 4583 ac
1983 4545 2223 4585 commu-

2346 4526 2508 4601 ιοινῇ·
2566 4530 2773 4583 ἐκείνου
2820 4529 2877 4582 δὲ
2933 4528 3130 4600 μᾶλλον
3182 4531 3310 4601 περί
3358 4523 3418 4583 οὗ
3470 4548 3632 4602 φησιν
3678 4534 3706 4586 ὁ
3740 4533 3911 4589 Δαυῖδ

657 4607 739 4661 nis
766 4609 874 4663 sint
910 4626 1066 4678 usus;
1099 4614 1193 4667 sed
1229 4614 1375 4668 illum
1413 4619 1594 4684 potius
1625 4635 1854 4688 panem,
1893 4624 1960 4676 de
1999 4639 2106 4692 quo
2144 4626 2221 4680 ait

2346 4641 2349 4673 ι
2385 4623 2551 4694 ἄρτον
2564 4620 2796 4694 ούρανοῦ
2828 4621 3024 4674 ἔδωκεν
3057 4621 3260 4687 αὐτοῖς,
3298 4621 3460 4694 ἄρτον
3489 4623 3734 4692 ἀγγέλων
3763 4625 3906 4694 ἐφα-

655 4699 820 4753 David
855 4716 870 4753 :
907 4720 925 4752 ι
958 4701 1158 4757 Panem
1193 4706 1314 4758 caeli
1351 4707 1496 4760 dedit
1529 4710 1631 4772 eis,
1677 4728 1869 4780 panem
1903 4715 2220 4785 angelorum

2346 4730 2418 4766 ἐν
2462 4714 2764 4783 ἄνθρωπος.
2826 4733 2844 4765 ι
2902 4712 3138 4765 Ὑδάτων
3177 4730 3236 4767 τε
3281 4713 3678 4786 διαμεμνῆσθαί
3718 4729 3906 4788 φαμεν

653 4795 994 4849 manducavit
1021 4797 1180 4850 homo
1207 4798 1303 4850 “.i
1338 4797 1516 4866 Aquas
1546 4803 1670 4854 item
1704 4804 1878 4871 ipsum
1912 4807 2233 4862 meminisse.

2346 4808 2482 4860 ιύτὸν
2513 4806 2739 4876 νοητῶν,
2777 4805 2903 4874 περί
2931 4798 3005 4857 ὧν
3043 4805 3205 4869 αὑτός
3235 4806 3337 4858 πού
3369 4824 3532 4878 φησιν
3557 4809 3586 4860 ὁ
3614 4811 3906 4881 προφήτης

650 4884 878 4939 dicimus
927 4888 1271 4955 spirituales,
1328 4891 1396 4944 de
1459 4892 1654 4960 quibus
1712 4895 1879 4948 Isaias
1942 4900 2204 4966 propheta

2346 4901 2562 4962 Ἡσαΐας
2582 4917 2595 4929 ·
2634 4917 2651 4948 ι
2673 4899 2783 4950 Καὶ
2799 4898 3151 4967 ἁντλήσουσιν
3169 4897 3310 4970 ὕδωρ
3342 4901 3456 4969 μετ’
3484 4901 3816 4971 εὐφροσύνης
3834 4887 3906 4958 ἐκ

648 4974 775 5029 ιηδί
808 4976 854 5009 ¹⁸
886 4979 1010 5032 talia
1047 4980 1216 5035 fatur:
1258 5000 1276 5033 ‹
1313 4982 1388 5037 Ει
1418 4983 1669 5037 ltaurient
1702 5001 1896 5054 aquam
1938 5005 2058 5042 cum
2085 5005 2218 5058 gau-

2346 4990 2431 5044 τῶν
2466 4990 2656 5060 πηγῶν
2691 4988 2783 5042 τοῦ
2815 4988 3087 5059 Σωτηρίου
3112 5005 3124 5017 ·
3160 5008 3176 5039 t
3201 4990 3293 5041 καὶ
3325 4990 3429 5060 μὴν
3458 4992 3904 5055 καὶαύτὸςὸΣωο

646 5068 728 5121 ilio
769 5067 842 5123 de
871 5069 1117 5127 fontibus
1146 5072 1450 5131 Salutat-is:
1495 5096 1513 5128 ›
1549 5078 1675 5145 quin
1705 5089 1758 5133 et
1785 5079 1898 5148 ipse
1930 5079 2212 5136 Salvator:

2346 5085 2452 5153 τήρ·
2505 5101 2522 5133 ι
2562 5083 2677 5144 Πᾶς
2719 5082 2747 5132 ὁ
2775 5081 2946 5134 πίνων
2975 5083 3038 5133 ὲκ
3069 5078 3162 5131 τοῦ
3192 5079 3382 5143 ὕδατος
3410 5083 3596 5136 τούτου
3618 5123 3632 5145 ,
3678 5082 3900 5155 διψήσει

640 5175 660 5206 ‹
714 5155 904 5213 Omnis
932 5161 1020 5229 qui
1054 5163 1280 5218 bibite:
1320 5165 1421 5219 hac
1462 5180 1620 5233 aqua,
1669 5167 1814 5221 sitiet
1852 5168 2084 5237 iterum;
2124 5171 2216 5240 qui

2346 5173 2476 5226 πάλιν
2493 5191 2504 5203 ο
2532 5173 2589 5235 ὃς
2615 5172 2658 5224 δ’
2687 5171 2752 5225 ἂν
2784 5173 2881 5244 πίῃ
2912 5175 2974 5225 ὲκ
2999 5173 3092 5226 τοῦ
3120 5171 3310 5237 ὓδατος
3332 5169 3392 5227 οὗ
3415 5173 3524 5242 ἐγὼ
3542 5175 3697 5228 δώσω
3723 5177 3897 5248 αὐτῷ,

641 5263 776 5343 vero
812 5250 1007 5305 biberit
1060 5267 1126 5306 ex
1177 5268 1354 5324 aqua,
1405 5271 1566 5325 quam
1605 5272 1704 5328 ego
1737 5259 1874 5315 dabo
1908 5263 1979 5329 ei,
2017 5262 2111 5317 fiet
2161 5265 2214 5320 in

2346 5268 2601 5337 ἐνήσεται
2629 5268 2687 5319 ὲν
2719 5264 2866 5335 αὐτῷ
2896 5265 3044 5336 πηγὴ
3086 5265 3276 5329 ὓδατος
3317 5266 3610 5337 ἁλλομένου
3638 5271 3717 5331 εἰς
3748 5268 3901 5343 ζωὴν

641 5350 701 5391 eo
736 5337 869 5397 fons
905 5356 1057 5414 aquae
1087 5342 1338 5401 salientis
1369 5348 1423 5401 in
1466 5347 1632 5402 vitam
1658 5359 1916 5406 aeternam
1947 5352 2011 5406 “.
2044 5372 2063 5406 ι
2102 5353 2240 5408 Hii--

2346 5355 2552 5414 ,ἰώνιον.
2609 5377 2627 5409 ι
2671 5357 2834 5421 Σύνες
2865 5357 2919 5411 δὲ
2961 5358 3204 5430 ἀκριϐῶς
3246 5359 3345 5423 τὰς
3393 5358 3516 5429 περί
3550 5358 3896 5418 τούτωντοῧ

719 5514 761 5545 ³³
792 5516 954 5574 Amos
999 5534 1122 5584 vni,
1165 5519 1245 5578 Η.
1321 5522 1366 5554 ⁸⁸
1401 5521 1541 5578 Psai.
1572 5541 1776 5592 ωιτη,
1803 5528 1895 5582 24.
1975 5529 2018 5562 ³⁸
2045 5529 2179 5602 Cap.
2204 5547 2234 5588 ι

2346 5533 2379 5588 i.
2457 5536 2501 5571 ⁸⁸
2525 5533 2684 5590 Joan.
2710 5547 2782 5600 tv,
2812 5534 2894 5604 13,
2922 5537 3008 5593 Η.

712 5699 847 5767 (9-6)
885 5702 1036 5764 lluuc
1064 5707 1190 5765 item
1224 5708 1399 5768 locum
1429 5712 1701 5784 expressit
1729 5711 2106 5786 Hieronymus,
2136 5716 2290 5779 initio
2317 5721 2534 5778 secundi
2573 5719 2723 5777 libri.
