4100 6286
194 296 296 352 ίίιθ

1167 290 1676 356 COIMENTABIA
1716 292 1785 352 IN
1825 294 2082 354 lSAlAM.
2125 331 2191 341 --
2229 293 2381 355 CAP.
2421 294 2509 354 lli.

3389 309 3494 363 Ηυ

190 417 464 487 προφήτου
494 414 721 487 φωνάς’
767 419 829 473 οὗ
864 421 984 493 γὰρ
1020 422 1240 494 εἴρηκεν
1272 421 1459 486 ἁπλῶς
1492 422 1777 493 ἀφαιρεθή·

1899 422 1989 492 jus
2018 437 2182 493 porro
2212 423 2491 492 prophetze
2524 435 2587 476 ea
2633 421 2702 478 de
2735 436 2793 477 re
2823 436 2988 478 voces
3027 433 3281 479 accurate
3332 423 3497 480 intel-

194 510 373 565 σεσθαι
392 511 506 566 τῶν
551 513 837 567 Ἰουδαίων
854 515 1022 587 ἄρτον
1048 534 1107 569 τε
1126 516 1219 570 καὶ
1245 515 1409 589 ὕδωρ,
1440 516 1555 570 ἀλλ’
1585 535 1603 567 ι
1642 518 1777 588 ίσχὺι

1904 513 2082 583 ligas:
2136 527 2242 567 non
2281 516 2429 566 enim
2475 512 2802 583 simpliciter
2842 512 3018 579 dixit,
3054 513 3411 570 auferendum
3460 532 3489 568 τι

187 602 349 675 ἄρτου
371 606 466 658 καὶ⁵
494 606 658 676 ἰσχὺν
681 605 909 670 ’ὕδατος⁹
952 626 974 659 ι
995 608 1090 662 καὶ
1104 607 1187 661 δεῖ
1209 608 1358 679 ἡμᾶς
1381 608 1587 662 οἴεσθαι
1616 608 1793 661 τοιοῦ-

183 690 273 748 τόν
297 712 349 751 τι
370 696 656 750 διδάσκειν
686 696 975 767 βούλεσθαι
1004 699 1184 754 αὐτόν.
1223 700 1416 770 Ἡμεῖς
1439 699 1549 770 γὰρ
1570 702 1683 764 τοῖς
1710 702 1789 752 is-

186 785 299 855 ροῖς
326 788 833 859 περιτυγχάνοντες
874 789 1074 859 λόγοις,
1128 790 1221 845 καὶ
1259 791 1357 856 τὰς
1403 792 1554 857 Θείας
1600 793 1791 862 ἀναγι-

183 874 490 942 νώσκοντες
550 879 799 951 Γραφάς,
868 878 991 937 εἶτα
1048 883 1323 948 συνιέντες
1374 884 1566 951 αὐτὰς,
1633 886 1789 956 ίσχὺν

180 969 349 1040 ἄρτου
389 972 592 1043 νοητοῦ
638 973 942 1045 δεχόμεθα·
985 995 1005 1028 ι
1045 976 1122 1029 οὐ
1148 976 1258 1049 γὰρ
1298 978 1384 1031 ἐπ’
1416 976 1567 1050 ἄρτῳ
1620 972 1785 1049 μόνῳ,

177 1062 337 1132 φησι,
396 1061 631 1134 ζήσεται
683 1065 1004 1137 ἄνθρωπος·
1063 1067 1179 1120 ἀλλ’
1227 1069 1320 1121 ἐπὶ
1365 1070 1531 1123 παντὶ
1580 1071 1787 1140 ῥήματι

175 1152 613 1225 ἐκπορευομένῳ
670 1156 759 1210 διὰ
816 1158 1081 1229 στόματος
1135 1158 1292 1215 Θεοῦ.
1364 1179 1382 1212 ι
1445 1160 1679 1231 Ὁμοίως
1728 1160 1785 1213 δὲ

176 1247 408 1318 νοήσεις
437 1248 536 1301 καὶ
580 1250 667 1317 ἐφ’
717 1249 927 1304 ὑδάτων
975 1250 1202 1321 νοητῶν.
1265 1251 1511 1305 Ἰουδαῖοί
1567 1269 1630 1321 γε
1680 1251 1785 1324 μὴν

175 1336 369 1407 ἔχουσι
414 1342 512 1410 μὲν
537 1344 629 1393 τὸν
652 1340 817 1415 ἄρτον
856 1342 951 1395 καὶ
975 1342 1037 1396 τὸ
1072 1342 1219 1415 ὕδωρ
1243 1343 1321 1397 ἔτι
1392 1344 1786 1418 πολυπραγμο-

173 1428 332 1483 νοῦσι
351 1430 469 1503 γὰρ
496 1431 567 1484 ea
588 1433 723 1487 Μωῦ
731 1434 867 1497 σέως
885 1434 1211 1505 γράμματα,
1240 1436 1334 1489 καὶ
1351 1435 1782 1503 ἀναγινώσκουσι

172 1521 263 1575 τδν
302 1524 514 1592 νόμον·
553 1524 740 1595 ἐπειδὴ
773 1525 831 1578 δὲ
864 1525 1227 1594 γινώσκουσιν
1257 1506 1432 1593 οὐδὲν,
1469 1529 1568 1581 οὐκ
1599 1529 1781 1599 έχουσι

172 1615 271 1687 τὴν
301 1616 470 1685 ίσγίιν
500 1617 596 1671 τοῦ
626 1619 814 1691 ἄρτου,
853 1618 978 1673 οὔτε
1014 1621 1119 1692 μὴν
1137 1620 1238 1693 τὴν
1267 1623 1420 1692 ἰσχὺν
1448 1623 1541 1676 τοῦ
1564 1623 1775 1687 ⁴ὕδατος.

171 1704 352 1758 Tell"
402 1711 507 1776 γὰρ
560 1705 743 1771 αὐτοῖς
791 1710 885 1761 καὶ
930 1710 1090 1780 μόνον
1137 1709 1199 1764 τὸ
1254 1713 1489 1784 γράμμα
1530 1712 1775 1778 δέδοται,

1901 604 2103 661 Judaeis
2136 619 2260 661 esse
2292 620 2488 677 panem
2534 617 2590 660 ct
2627 621 2870 677 aquam;
2913 606 3007 662 sed
3048 626 3066 659 ι
3119 609 3287 663 robur
3332 608 3490 678 panis

1899 707 1953 752 et
1985 700 2152 753 robur
2178 713 2371 767 aquae:
2408 719 2428 752 ι
2465 714 2672 770 parque
2705 709 2790 755 est
2830 710 2890 754 ut
2920 716 3019 756 nos
3050 715 3174 756 eum
3209 702 3487 772 quidpiam

1899 790 2075 846 simile
2112 791 2343 847 edocere
2403 792 2752 847 arbitremur.
2805 791 2917 849 Nos
2958 794 3160 865 quippe
3209 796 3265 851 in
3314 796 3488 853 sacris

1898 882 2244 937 sermonibus
2286 894 2594 951 versantes,
2645 898 2711 938 ac
2751 882 2965 940 divinas
3007 883 3322 957 Scripturas
3363 903 3489 959 per-

1896 986 2040 1040 saepe
2084 973 2342 1045 legentes,
2395 989 2461 1030 ac
2510 976 2731 1030 demum
2771 976 2917 1046 ipsas
2961 975 3361 1046 intelligentes,
3395 979 3484 1034 hic

1896 1064 2199 1133 spirituslis
2239 1065 2397 1136 panis
2440 1066 2549 1119 vim
2586 1066 2983 1137 intelligimus:
3025 1084 3045 1120 ι
3087 1066 3203 1123 Non
3248 1070 3392 1124 enim
3428 1070 3483 1126 in

1895 1171 2038 1226 pane
2092 1158 2242 1222 solo,
2307 1158 2417 1222 ait,
2465 1158 2605 1212 vivet
2652 1158 2853 1222 homo;
2918 1160 3016 1213 sed
3075 1159 3128 1213 in
3166 1162 3316 1214 omni
3353 1176 3482 1216 ver-

1894 1248 1966 1303 bo
2012 1248 2155 1318 quod
2202 1248 2479 1317 egreditur
2522 1263 2619 1317 per
2660 1264 2723 1303 os
2756 1249 2849 1304 Dei
2878 1248 2943 1302 ".
2990 1267 3009 1301 ι
3053 1247 3240 1317 Aquas
3276 1251 3486 1318 pariter

1891 1341 2209 1410 spirituales
2254 1341 2529 1412 intelligas
2568 1350 2809 1409 oportet.
2839 1341 3012 1399 .ludazi
3041 1357 3175 1398 sane
3204 1358 3401 1413 panem
3425 1354 3484 1401 et

1891 1447 2091 1501 aquam
2133 1430 2338 1486 habent
2367 1432 2681 1500 hactenus;
2716 1447 2842 1487 nam
2871 1416 3073 1506 Moysis
3125 1435 3333 1505 scripta
3383 1451 3482 1491 cu-

1892 1526 2099 1579 riosius
2143 1524 2435 1591 evolvunt,
2471 1525 2756 1597 legemque
2787 1528 3137 1600 Sperlegnnt;
3171 1530 3297 1599 quia
3351 1544 3481 1585 vero

1890 1613 2025 1669 nihil
2061 1614 2408 1685 intelligunt,
2458 1618 2627 1669 robur
2674 1619 2832 1686 panis
2880 1634 2987 1673 non
3029 1618 3255 1685 habent,
3301 1635 3481 1692 neque

1891 1706 2058 1761 robur
2092 1722 2247 1776 aqua:
2274 1708 2543 1763 obtinent.
2600 1706 2727 1763 Sola
2778 1710 2981 1781 quippe
3021 1718 3077 1766 et
3118 1714 3263 1769 nuda
3298 1714 3480 1768 littera

172 1796 350 1868 ἄρτου
394 1801 494 1870 μὲν
524 1801 620 1852 καὶ
647 1798 841 1863 ὓδατος
873 1800 1141 1873 ὑπόληψιν
1190 1801 1332 1873 ἔχον,
1365 1803 1564 1874 τρέφον
1594 1804 1651 1857 δὲ
1684 1806 1777 1858 αὑ-

1887 1813 2147 1854 concessa
2188 1798 2297 1855 illis
2334 1808 2452 1865 est,
2502 1815 2622 1870 quae
2675 1801 2892 1870 quidem
2943 1802 3182 1873 aliquam
3231 1805 3390 1874 panis
3424 1814 3481 1859 et

173 1893 305 1957 τοὺς
338 1896 468 1948 κατ’
494 1892 683 1947 οὐδένα
705 1893 913 1966 τρόπον
944 1898 1024 1958 είς
1056 1892 1269 1960 εὐεξίαν
1298 1895 1398 1967 τὴν
1418 1896 1637 1965 νοητήν.
1672 1896 1783 1949 Καὶ

176 1987 534 2058 μαρτυρήσει
570 1986 800 2056 γράφων
833 1988 861 2040 ὁ
892 1985 1139 2051 Παῦλος·
1187 2007 1205 2040 ι
1257 1988 1421 2059 Ἄχρι
1458 1988 1568 2058 γὰρ
1611 1990 1783 2059 σήμε-

176 2093 290 2147 ρον,
341 2076 517 2147 ἡνίκα
555 2076 992 2146 ἀναγινώσκεται
1034 2078 1307 2150 Μωῦσῆς,
1365 2078 1633 2149 κάλυμμα
1688 2078 1780 2131 ἐπὶ

173 2170 269 2241 τὴν
306 2169 543 2241 καρδίαν
572 2169 754 2223 αὐτῶν
799 2174 1008 2235 κεῖται,
1054 2190 1074 2224 ι
1128 2170 1202 2243 μὴ
1240 2171 1777 2242 ἀνακαλυπτόμενον,

174 2258 257 2310 ὅτι
280 2258 609 2330 rex,»th
644 2262 1024 2333 καταργεῖται.
1054 2261 1167 2315 Καὶ
1203 2261 1327 2316 καθ’
1349 2261 1537 2333 ἕτερον
1572 2261 1630 2314 δὲ
1658 2260 1781 2329 τρό-

178 2368 277 2404 πον
305 2350 635 2425 ἀφῃρῆσθαι
678 2364 861 2424 φαμεν
902 2356 968 2408 ὲκ
1006 2353 1106 2425 τῆς
1146 2353 1416 2409 Ἰουδαίων
1456 2353 1780 2423 συναγωγῆς

178 2445 333 2513 ἰσχὺν
360 2444 535 2515 ἄρτου
563 2446 658 2499 καὶ
690 2447 845 2517 ίσχὺν
873 2446 1063 2509 ὕδατος
1086 2464 1099 2476 ·
1122 2447 1218 2501 καὶ
1245 2446 1405 2516 λόγος
1435 2447 1555 2501 ἐστὶ
1588 2463 1781 2519 μυστι-

172 2528 289 2597 ιῦς.
335 2535 535 2607 Ἡμεῖς
572 2536 673 2607 μὲν
701 2537 813 2609 γὰρ
838 2537 995 2591 οἱδιά
1022 2538 1261 2602 πίστεως
1286 2537 1614 2611 κεκλημένοι
1642 2539 1780 2611 πρὸς

176 2628 480 2700 ἁγιασμόν,
507 2629 602 2683 τὸν
625 2629 790 2703 ἄρτον
819 2628 1019 2702 ἔχομεν
1047 2631 1140 2685 τὸν
1156 2630 1217 2696 ἐξ
1244 2631 1499 2704 οὐρανοῦ,
1532 2632 1778 2686 τουτέστι

175 2718 439 2789 Χριστὸν,
492 2720 613 2791 ἦτοι
649 2720 712 2775 τὸ
747 2721 910 2792 σῶμα
957 2721 1141 2777 αὑτοῦ.
1186 2721 1251 2776 Ei
1287 2721 1346 2776 δὲ
1374 2722 1438 2794 δή
1474 2740 1556 2785 τις
1580 2722 1775 2793 ἔροιτο,

176 2808 306 2863 mla
331 2805 422 2873 τίς
460 2811 613 2863 ἔστιν
644 2812 679 2882 ἡ
708 2813 865 2882 ἰσχὺς
898 2811 1085 2878 αὐτοϋ,
1132 2813 1314 2883 φαμὲν
1349 2813 1431 2866 ὅτι
1481 2809 1774 2877 ζωοποιός·

174 2902 366 2956 δίδωσι
408 2904 521 2977 γὰρ
561 2904 641 2975 τῷ
681 2906 872 2977 κόσμῳ
924 2904 1093 2977 ζωήν.
1133 2907 1441 2979 Προσίεμεν
1481 2906 1539 2959 δὲ
1576 2907 1780 2977 ὁμοίως

176 2995 269 3047 καὶ
290 2996 364 3065 τῇ
394 2994 485 3049 διὰ
513 2995 609 3049 τοῦ
652 2996 808 3065 ἀγίου
839 2996 1217 3068 βαπτίσματος
1251 2997 1458 3067 χάριτι,
1494 2996 1588 3049 τοῦ
1620 2997 1779 3064 ἀγιά-

176 3087 366 3152 (me:
392 3090 543 3160 ἡμᾶς
574 3087 765 3153 ὓδατος
789 3091 890 3163 τὴν
923 3090 1078 3159 ἰσχὺν
1106 3085 1245 3143 εἶναι
1284 3089 1555 3157 λέγοντες,
1598 3090 1774 3161 ἀμαρ-

174 3181 308 3235 τιῶν
345 3181 647 3245 ἀπόθεσιν,
688 3181 1050 3253 ἀναγέννησιν
1096 3181 1475 3252 πνευματικὴν
1514 3181 1594 3243 είς
1639 3196 1776 3249 συμ-

179 3272 420 3345 μορφίαν
467 3272 569 3344 τὴν
600 3275 680 3337 είς
721 3273 885 3327 αὑτὸν
924 3274 1016 3327 τὸν
1054 3270 1326 3345 Χριστόν·
1371 3272 1465 3326 καὶ
1504 3270 1641 3343 πρὸς
1682 3273 1775 3324 ὲπὶ

174 3364 411 3433 τούτοις,
454 3366 773 3439 παρρησίαν
798 3366 1006 3421 εἰσόδου
1034 3366 1130 3439 τῆς
1159 3367 1240 3429 είς
1262 3363 1359 3435 τὴν
1390 3362 1498 3417 τῶν
1530 3363 1774 3435 οὐρανῶν

178 3456 483 3524 βασιλείαν.
555 3459 682 3513 Ἐὰν
751 3460 863 3530 γάρ
933 3476 1039 3522 τις,
1091 3459 1245 3529 φησὶ,
1287 3474 1307 3508 t
1346 3456 1422 3528 μὴ
1450 3457 1682 3528 γεννηθῇ
1716 3457 1773 3524 ἐξ

175 3542 370 3609 ὓδατος
418 3550 517 3601 καὶ
578 3546 906 3619 πνεύματος,
955 3549 1015 3602 οὐ
1076 3547 1299 3602 δύναται
1359 3545 1622 3599 εἰσελθεῖν
1690 3548 1775 3610 είς

177 3638 275 3709 τὴν
330 3637 615 3707 βασιλείαν
671 3640 779 3693 τῶν
827 3640 1094 3713 οὐρανῶν.
1139 3660 1159 3694 ι
1206 3638 1561 3710 Ἐστέρηνται
1608 3638 1665 3693 δὲ
1723 3641 1772 3693 of

189 3730 437 3805 Ἰουδαῖοι
486 3731 596 3786 τῶν
623 3732 879 3786 τοιούτων
921 3731 1170 3801 ἀγαθῶν·
1210 3733 1271 3786 οὐ
1318 3733 1430 3805 γάρ
1478 3734 1593 3785 ἐστι
1640 3730 1772 3801 παρ’

179 3802 365 3888 αὐτοῖς
401 3825 560 3893 ἰσχὺς
595 3825 779 3895 ἄρτου,
818 3826 1093 3878 τουτέστιν
1125 3826 1158 3893 ἠ
1189 3826 1246 3876 ὲν
1270 3802 1496 3895 Χριστῷ
1539 3822 1771 3889 ζωοποί-

174 3931 322 3986 ησις,
351 3916 461 3970 οὐδ’
494 3916 675 3988 έχουσι
694 3917 793 3989 τὴν
820 3915 915 3970 τοῦ
940 3915 1130 3978 ὕδατος
1161 3914 1308 3985 ίσχὺν
1335 3932 1347 3945 ’
1378 3916 1771 3987 ἀπομεμένηκε

180 4009 285 4080 γὰρ
307 4009 369 4062 ὲν
394 4008 581 4072 αὐτοῖς
615 4007 981 4071 ἀναπόνιπτος
1006 4010 1039 4079 ἡ
1078 4006 1322 4078 ἁμαρτία
1341 4023 1357 4037 ο
1395 4006 1498 4059 οὐκ
1533 4004 1773 4059 είσελαύο

178 4117 361 4156 νουσιν
389 4102 474 4165 εις
501 4101 601 4171 τὴν
628 4100 734 4154 τῶν
768 4098 1015 4171 οὐρανῶν
1057 4098 1354 4170 βασιλείαν,
1388 4098 1481 4153 τὸν
1524 4096 1771 4167 εἰσκομί-

178 4191 341 4259 (tunc
380 4194 617 4267 Χριστὸν
658 4192 1037 4263 ἀτιμάζοντες.
1082 4192 1156 4245 Οὐ
1202 4190 1313 4263 γὰρ
1357 4191 1646 4245 ἐπίστευον
1684 4188 1772 4243 λέ-

177 4300 378 4355 γοντι-ι
400 4284 548 4355 Ἑγὼ
580 4287 695 4357 είμι
723 4287 756 4356 ἡ
785 4284 922 4349 ὁδὸς,
946 4305 964 4336 ι
989 4286 1105 4349 καὶ,
1126 4304 1144 4336 ι
1169 4283 1312 4352 Ἐγώ
1339 4285 1457 4353 εἰμι
1491 4284 1523 4353 ἡ
1550 4281 1711 4353 θύρα.
1745 4300 1763 4333 ι

304 4381 418 4434 Καὶ
451 4378 941 4449 πεντηκόνταρχον,
970 4377 1063 4431 καὶ
1090 4375 1408 4446 θαυμαστὸν
1442 4372 1766 4445 σύμδουλον,

179 4472 267 4526 καὶ
317 4471 487 4541 σοφὸν
521 4470 881 4541 ἀρχιτέκτονα
901 4509 915 4532 ,
944 4470 1040 4523 καὶ
1075 4469 1293 4558 συνετδν
1324 4467 1624 4558 ἀκροατήν.
1656 4465 1768 4518 Καὶ
1799 4501 1845 4558 D

178 4563 461 4634 ἐπιστήσω
483 4561 806 4623 νεανίσκους
829 4560 1092 4631 ἄρχοντας
1120 4557 1320 4618 αὐτῶν,
1348 4557 1443 4609 καὶ
1463 4557 1765 4627 ἐμπαῖκται

178 4653 560 4726 misricoth
599 4651 795 4710 αὐτῶν.
844 4670 863 4703 ι
904 4650 981 4721 (7)
1014 4650 1110 4714 Τίς
1149 4646 1243 4703 οὖν
1277 4648 1421 4721 ὁρῶν
1460 4648 1587 4711 τοὺς
1615 4647 1767 4718 παρά

190 4746 467 4810 Ἰουδαίοις
542 4741 975 4815 ὀνομαζομένους
1040 4742 1407 4814 πατριάρχας,
1446 4740 1764 4805 νεανίσκους

181 4838 416 4909 ἀληθῶς,
445 4838 508 4890 οὐ
546 4837 648 4907 τὴν
674 4836 783 4889 τῶν
813 4838 1082 4908 σωμάτων
1109 4835 1346 4907 ἠλικίαν,
1374 4832 1510 4887 ἀλλά
1534 4833 1634 4897 τὰς
1667 4831 1769 4902 ψυ-

182 4932 277 5001 χὰς
310 4930 523 4994 ἀτελεῖς
558 4930 653 4983 καὶ
677 4928 876 4993 ἐνδεεῖς
915 4928 1149 5000 φρενῶν,
1181 4926 1307 4989 τούς
1337 4941 1397 4978 τε
1431 4924 1650 4987 λοιποὺς
1674 4924 1770 4976 αὑ-

183 5021 283 5075 τῶν
314 5021 690 5086 διδασκάλους,
731 5022 832 5075 οὐκ
861 5020 926 5074 ἂν
965 5020 1109 5075 εῐποι
1135 5018 1447 5091 ὲμπαίκτας
1479 5012 1640 5081 εἶναι,
1676 5016 1769 5069 καὶ

185 5110 272 5174 ὡς
298 5114 333 5183 ἡ
369 5098 687 5184 προφητεία
711 5110 935 5182 ἐδήλου,

258 5318 277 5351 t
310 5299 414 5354 Καὶ
433 5303 797 5371 συμπεσεῖται
824 5301 854 5352 ὁ
885 5297 1037 5362 λαὸς,
1073 5297 1361 5369 ἄνθρωπος
1395 5298 1531 5368 πρὸς
1554 5298 1769 5368 ἄνθρω-

193 5404 305 5459 πον,
327 5394 415 5448 καὶ
444 5393 737 5466 ἄνθρωπος
772 5391 915 5463 πρὸς
941 5390 1031 5444 τὸν
1061 5389 1287 5461 πλησίον
1320 5388 1485 5444 αὑτοῦ
1504 5406 1516 5419 ·
1546 5408 1564 5440 ι
1595 5389 1763 5460 μηδε-

1890 1904 2045 1960 aqua:
2071 1892 2337 1947 rationem
2370 1901 2427 1947 et
2457 1892 2772 1960 opinionem
2811 1894 3028 1961 habeat,
3073 1911 3251 1967 neque
3295 1904 3479 1951 tamen

1888 1983 2010 2039 illos
2045 1983 2321 2039 ullatenus
2350 1984 2465 2039 alat
2492 1987 2560 2041 ad
2590 1986 2791 2041 bonam
2821 1988 3049 2059 spiritus
3079 1989 3475 2045 valetudinem.

1885 2074 2059 2142 Quam
2102 2092 2217 2131 rem
2256 2076 2458 2133 Paulus
2512 2080 2874 2144 testificatur,
2923 2080 3011 2134 his
3034 2081 3257 2135 verbis:
3312 2098 3331 2133 ι
3369 2077 3478 2135 Sed

1884 2183 2057 2238 usque
2086 2168 2139 2223 in
2167 2168 2493 2225 hodiernum
2530 2171 2697 2237 diem,
2732 2187 2857 2227 cum
2885 2171 3084 2246 legitur
3111 2172 3344 2245 Moyses,
3381 2186 3477 2229 ve-

1883 2259 2062 2315 lamen
2102 2252 2341 2330 positum
2384 2261 2472 2315 est
2504 2276 2668 2329 super
2712 2278 2810 2317 cor
2856 2278 3045 2318 eorum
3078 2263 3145 2328 η,
3180 2281 3199 2314 ι
3241 2277 3347 2317 ιιοιι
3385 2276 3476 2318 re-

1882 2351 2139 2420 velatum,
2172 2353 2300 2423 quia
2333 2355 2387 2410 in
2427 2354 2653 2411 Christo
2683 2354 2949 2411 aufertur.
2986 2355 3109 2411 Alio
3142 2356 3269 2411 item
3309 2355 3472 2410 mode

1883 2440 2115 2497 dicimus
2144 2442 2386 2498 ablatum
2420 2444 2591 2502 fuisse
2631 2460 2661 2499 a
2700 2442 3015 2500 Judazorum
3058 2460 3334 2516 synagoga
3384 2460 3475 2500 ro-

1882 2534 1986 2587 bur
2020 2534 2180 2603 panis
2210 2545 2263 2590 et
2316 2535 2486 2592 robur
2529 2552 2685 2606 aqua:
2715 2556 2729 2592 :
2773 2552 2957 2592 sermo
2989 2548 3169 2592 autem
3211 2538 3475 2606 mysticus

1881 2633 1983 2679 est.
2033 2624 2145 2681 Nos
2196 2628 2397 2699 quippe
2452 2628 2544 2699 qui
2597 2644 2696 2699 per
2746 2628 2905 2684 fidem
2953 2630 3129 2684 vocati
3184 2644 3375 2684 sumus
3400 2630 3472 2683 ad

1883 2717 2400 2786 sanctificationem,
2441 2733 2637 2787 panem
2687 2722 2951 2774 habemus
2993 2721 3059 2774 de
3109 2722 3274 2787 ctelo,
3330 2718 3471 2775 setli-

1882 2824 1969 2865 cet
1996 2810 2296 2876 Chi-istum,
2340 2813 2458 2866 sive
2487 2827 2692 2882 corpus
2722 2813 2861 2883 ejus.
2899 2813 3053 2879 Quod
3082 2814 3125 2868 si
3163 2814 3290 2884 quis
3323 2828 3470 2883 qua:-

1883 2910 1989 2969 rat,
2030 2904 2307 2972 quodnam
2355 2904 2427 2959 sit
2478 2905 2647 2959 robur
2685 2904 2835 2974 ejus,
2891 2906 3144 2971 dicimus,
3192 2905 3469 2960 vivificum

1882 3007 2043 3049 esse:
2082 3009 2209 3048 nam
2242 2995 2335 3049 dat
2369 2996 2541 3050 vitam
2586 2997 2812 3051 mundo.
2850 2996 3177 3051 Accedimus
3219 2996 3469 3053 similiter

1888 3085 1953 3139 ad
1986 3088 2217 3157 gratiam
2263 3087 2410 3142 sacri
2450 3088 2746 3159 baptismi:
2791 3104 2856 3143 ac
2900 3090 3133 3144 dicimus
3172 3104 3329 3158 aquze
3371 3103 3468 3145 nos

1879 3178 2276 3233 sanctificantis
2344 3178 2513 3236 robur
2583 3194 2708 3235 esse
2767 3190 3117 3251 peccatorum
3172 3181 3469 3250 depositio-

1878 3286 2025 3336 nem,
2063 3272 2535 3339 regenerationem
2573 3272 2915 3340 spirituaiem
2967 3276 3035 3327 ad
3085 3271 3451 3328 conformatio

1878 3375 2002 3415 nem
2044 3360 2097 3415 in
2132 3361 2310 3431 ipsum
2352 3361 2631 3416 Christum
2665 3377 2678 3426 ;
2724 3362 2792 3417 ad
2844 3363 2959 3419 haec
3006 3377 3157 3429 vero,
3211 3362 3467 3419 ﬁduciam

1877 3454 2221 3525 ingrediendi
2272 3456 2325 3509 in
2356 3469 2582 3520 regnum
2628 3453 2896 3509 caelorum
2930 3471 2945 3521 ;
2984 3469 3109 3509 nam
3142 3454 3259 3510 ait:
3293 3474 3313 3508 ι
3351 3454 3467 3513 Nisi

1875 3546 2001 3615 quis
2039 3556 2261 3601 renatus
2306 3546 2476 3602 fuerit
2504 3562 2571 3602 ex
2622 3560 2762 3615 aqua
2808 3556 2865 3601 et
2914 3547 3144 3615 Spiritu,
3195 3563 3305 3602 non
3360 3563 3462 3617 po-

1877 3646 1983 3693 test
2023 3639 2229 3695 iutrare
2265 3640 2317 3693 in
2358 3654 2587 3710 regnum
2618 3638 2883 3694 cmlorum
2907 3640 2970 3693 ".
3021 3658 3041 3691 ι
3078 3637 3246 3695 Judaei
3283 3650 3465 3696 autem

1876 3731 1961 3785 his
2021 3731 2179 3785 bonis
2234 3732 2557 3801 privantur:
2622 3744 2727 3784 non
2774 3733 2921 3786 enim
2986 3747 3151 3801 penes
3212 3733 3332 3788 illos
3381 3744 3463 3787 est

1876 3822 2045 3874 robur
2077 3836 2258 3890 panis,
2310 3822 2364 3876 id
2399 3831 2501 3884 est,
2552 3821 2851 3876 vivificatio
2899 3824 2951 3876 in
2986 3824 3247 3876 Christo:
3288 3836 3465 3892 neque

1874 3911 2003 3965 item
2057 3913 2222 3967 robur
2253 3927 2407 3981 aqua:
2438 3912 2731 3967 obtinent:
2792 3928 2915 3966 nam
2962 3927 3131 3981 penes
3176 3913 3296 3967 illos
3331 3928 3462 3983 pec-

1873 4011 2052 4058 catum
2085 4004 2204 4059 sine
2231 4004 2509 4059 ablutione
2560 4014 2849 4071 remanet;
2900 4020 3076 4074 neque
3118 4007 3184 4061 ad
3232 4022 3460 4077 regnum

1874 4093 2141 4149 caelorum
2183 4094 2431 4155 tendunt.
2478 4094 2571 4163 qui
2616 4094 2895 4149 Christum
2932 4109 2999 4149 eo
3049 4096 3334 4151 ducentem
3375 4099 3465 4153 de-

1874 4186 2067 4240 decore
2108 4178 2407 4240 aﬂ‘ecerint.
2466 4185 2653 4256 Neque
2690 4187 2835 4241 enim
2872 4187 3223 4242 crediderunt
3273 4189 3463 4245 dicen-

1875 4280 1949 4345 ti,
1991 4296 2009 4330 ι
2049 4280 2161 4349 Ego
2190 4295 2310 4334 sum
2341 4280 2426 4333 via
2457 4280 2527 4345 ’°,
2569 4298 2588 4331 ι
2624 4288 2700 4346 et,
2737 4298 2755 4331 ι
2796 4281 2907 4351 Ego
2943 4297 3062 4335 sum
3094 4283 3294 4335 ostium
3324 4283 3390 4341 ".
3433 4301 3457 4340 ι

1944 4373 2109 4428 Vsus.
2148 4374 2267 4427 5-4.
2325 4392 2344 4425 ι
2382 4372 2448 4426 Ει
2486 4374 2789 4443 principem
2834 4388 2999 4445 super
3039 4376 3460 4445 quinquaginta,

1872 4472 1927 4519 et
1966 4463 2339 4519 admirabilem
2385 4464 2797 4531 consiliarium,
2834 4475 2889 4518 et
2930 4464 3233 4533 sapientem
3286 4465 3463 4520 archi-

1874 4565 2074 4609 tectum
2112 4562 2169 4608 et
2221 4556 2542 4624 prudentem
2614 4555 2942 4609 auditorem.
3006 4552 3074 4607 Et
3132 4556 3460 4611 consutuam

1867 4662 2068 4719 pueros
2098 4647 2372 4717 principes
2413 4662 2625 4712 eorum,
2671 4656 2725 4701 et
2774 4647 3050 4703 derisores
3098 4646 3461 4704 dominabun»

1869 4751 1958 4797 tur
1994 4742 2093 4797 eis.
2132 4762 2151 4794 ι
2188 4742 2321 4807 Quis
2368 4756 2499 4813 ergo
2552 4743 2856 4809 conspectis
2904 4741 2997 4805 iis,
3036 4741 3129 4810 qui
3182 4741 3326 4811 apud
3362 4740 3458 4797 Ju-

1871 4836 2017 4891 dmos
2042 4836 2375 4905 patriarcha:
2413 4845 2714 4899 vocantur;
2750 4847 2857 4888 non
2896 4848 3023 4889 vere
3070 4848 3293 4905 pueros,
3348 4851 3458 4891 non

1871 4942 2133 4996 corporea
2157 4936 2392 4989 statura,
2421 4927 2516 4981 sed
2549 4927 2717 4981 animi
2753 4925 3185 4995 imperfectione,
3216 4944 3279 4981 ac
3308 4943 3462 4983 men-

1871 5021 1941 5075 tis
1991 5019 2327 5089 indigentia,
2392 5029 2687 5087 nuncnpet,
2744 5020 3086 5089 reliquosque
3122 5035 3311 5075 eorum
3356 5020 3461 5076 do-

1869 5123 2086 5170 ctores.
2136 5125 2241 5164 non
2296 5110 2572 5166 derisores
2628 5111 2805 5178 dicat,
2854 5122 2909 5166 et
2947 5111 3139 5181 quales
3186 5112 3277 5167 hic
3325 5128 3459 5183 pro-

1868 5207 2032 5273 pheta
2074 5203 2382 5274 significat?

1946 5290 2109 5349 τελε.
2151 5295 2205 5349 5.
2249 5313 2267 5345 ι
2317 5294 2384 5348 Ει
2428 5295 2601 5348 irruet
2651 5296 2901 5365 p0pulus,
2956 5298 3119 5352 homo
3165 5298 3231 5350 ad
3275 5297 3456 5351 homi-

1873 5402 2021 5454 nem,
2052 5397 2105 5442 et
2143 5391 2307 5443 homo
2340 5387 2404 5441 ad
2436 5389 2746 5458 proximum
2783 5406 2983 5445 suum:
3034 5410 3052 5442 ι
3090 5391 3230 5460 quod
3277 5390 3460 5448 nullus

254 5556 476 5617 "llum,
503 5574 579 5626 ιν,
602 5558 662 5614 4.
753 5551 800 5584 ⁸⁸
824 5549 865 5604 11
887 5549 1015 5606 Cor.
1045 5565 1127 5616 ιιι,
1163 5548 1252 5607 f5.
1334 5550 1375 5582 ¹⁹
1404 5547 1563 5605 Joan.
1593 5564 1674 5615 ιιι,
1703 5548 1758 5603 '5.

1898 5546 2062 5608 Joan.
2092 5564 2207 5615 an,
2245 5550 2298 5605 fi.
2377 5550 2420 5582 ’ί
2451 5549 2673 5617 Joan.x,
2701 5552 2750 5607 7.

227 5706 291 5781 (7)
318 5710 413 5767 Hic
444 5706 878 5781 Hieronymus,
906 5692 1382 5781 {.Consideremn:
1412 5694 1756 5781 patriarchas

159 5764 473 5842 ludiarum:
502 5789 560 5838 et
594 5764 882 5843 iuvenes,
917 5765 1027 5822 sive
1050 5780 1270 5836 pueros,
1311 5764 1756 5836 effctninatOSque

1868 5709 1933 5750 ac
1965 5695 2173 5751 deliciis
2206 5697 2515 5771 afﬂuentes;
2550 5710 2605 5757 et
2636 5701 2909 5770 impietam
2961 5701 3300 5772 prnphetiam
3333 5715 3456 5759 esse

1867 5781 2174 5825 cernemus.
2209 5789 2227 5823 θ
