4100 6286
787 147 840 194 \

651 314 753 376 ιιδ

1308 300 1576 374 ΕυέΕΒΠ
1613 311 2091 373 ειεεΑιιιεΝειε
2127 311 2277 371 ore.
2320 312 2502 369 rans
2534 311 2625 368 lli.
2665 343 2732 354 —
2770 308 3177 369 EXECETICA.

3773 313 3882 366 Hii

653 435 1082 518 τοιιιυιιειίοιιίε.⁸
1098 433 1166 490 Et
1189 433 1384 500 veniet,
1412 443 1468 489 et
1493 434 1601 490 erit
1631 443 1775 490 totus
1814 435 1970 491 locus
2002 435 2206 490 montis

2313 431 2571 496 καύσεως.
2609 431 2716 485 Kal
2743 428 2882 501 ἥξει,
2937 428 3034 482 καὶ
3069 427 3219 480 ἔσται
3250 426 3358 489 πᾶς
3403 423 3565 487 τύπος
3597 421 3692 476 τοῦ
3722 423 3886 494 δρους

656 523 808 588 Sion,
829 533 884 579 et
915 526 1098 600 omnia
1124 536 1242 592 qua
1274 521 1327 576 in
1372 520 1599 576 circuitu
1647 522 1764 591 ejus
1815 530 1961 588 sunt,
2009 523 2202 576 nebula

651 615 759 672 diei
787 617 1154 681 obumbrabit,
1197 623 1252 670 et
1274 615 1428 686 quasi
1473 613 1644 679 fumo,
1705 624 1760 670 et
1811 616 1962 686 quasi
2005 616 2208 669 lumine

654 717 816 762 noctu
845 709 1087 771 ardente,
1117 705 1263 762 omni
1307 705 1479 774 gloria
1529 706 1832 776 obtegetur.
1896 705 1959 762 Et
2009 708 2118 762 erit
2155 708 2208 761 in

649 799 899 854 umbram
934 799 1001 853 ab
1028 808 1182 860 astu,
1219 807 1274 853 et
1300 797 1352 851 in
1379 798 1768 867 protectionem
1818 807 1872 852 et
1897 797 2212 854 absconsio-

651 903 773 943 nem
818 904 846 942 a
874 888 1069 944 duritie
1100 899 1154 943 et
1177 889 1376 960 pluvia.
1408 905 1428 938 ι
1471 886 1769 941 Lavacrum
1829 887 2207 957 regeneratio-

655 979 763 1042 nis,
805 979 948 1047 quod
995 978 1148 1047 prius
1195 977 1504 1032 declarabat
1565 977 1650 1032 bis
1712 977 1914 1043 verbis,
1965 994 1986 1028 ι
2035 974 2210 1034 Lava-

653 1066 810 1132 miui,
834 1067 1018 1134 mundi
1047 1075 1244 1133 estote,
1271 1084 1292 1119 ι
1322 1067 1486 1122 etiam
1516 1082 1659 1122 nunc
1685 1077 1869 1136 aperte
1899 1066 2204 1137 pollicetur.

655 1157 778 1214 Haec
805 1159 1127 1229 porrodicit
1153 1160 1218 1214 de
1247 1160 1333 1225 iis,
1364 1160 1455 1229 qui
1493 1175 1617 1215 cum
1643 1161 1809 1216 cadis
1837 1159 2038 1216 Christi
2079 1176 2207 1233 par-

655 1251 848 1319 ticipes
878 1248 1130 1315 fuissent,
1183 1265 1282 1305 nec
1317 1250 1545 1304 multum
1609 1261 1798 1321 postea
1847 1252 2207 1322 resipuerunt,

652 1351 710 1395 et
736 1340 1084 1411 Evangelium
1121 1342 1290 1412 ipsius
1323 1354 1678 1410 agnoverunt.
1723 1343 1858 1398 Hinc
1891 1344 1957 1399 de
1997 1343 2209 1399 ﬁliabus

653 1433 782 1489 Sion
819 1435 946 1506 agit,
974 1450 1092 1505 quae
1137 1435 1188 1488 in
1220 1433 1484 1503 superiori
1540 1435 1778 1490 clausula
1822 1435 2210 1491 incusabantur

651 1523 740 1581 his
764 1526 943 1580 verbis
969 1547 981 1582 :
1014 1545 1033 1577 ι
1066 1525 1198 1592 Quia
1225 1527 1473 1586 exaltatae
1498 1527 1755 1582 suntfilia:
1768 1527 1920 1591 Sion,
1948 1536 2002 1582 et
2025 1537 2207 1582 erecta

651 1618 862 1672 cervice
911 1617 1247 1681 incedebant,
1273 1636 1292 1669 ι
1337 1629 1393 1672 et
1439 1627 1656 1674 caetera.
1693 1618 2025 1689 Sanguinem
2081 1632 2208 1672 vero

2302 521 2473 592 Σιὼν,
2497 523 2588 574 καὶ
2622 521 2797 573 πάντα
2826 520 2894 572 τὰ
2921 516 3230 589 περικύκλῳ
3257 515 3425 586 αὐτῆς
3451 513 3662 567 σκιάσει
3685 513 3886 584 νεφέλη

2313 613 2542 685 ἡμέρας,
2564 612 2659 665 καὶ
2687 611 2760 672 ὡς
2801 609 3030 672 καπνοῦ,
3054 607 3147 661 καὶ
3177 606 3254 670 ὡς
3274 605 3450 675 φωτὸς
3470 605 3758 675 καιομένου
3787 621 3888 656 νυ-

2311 707 2457 771 κτὸς,
2474 706 2622 776 πάσῃ
2634 707 2701 775 τῇ
2717 701 2846 775 δόξῃ
2860 701 3319 771 σκεπασθήσεται.
3338 699 3448 751 Kal
3465 697 3615 750 ἔσται
3629 698 3709 760 είς
3723 693 3889 749 σκιὰν

2309 798 2416 853 ἀπὺ
2434 796 2731 867 καύματος,
2764 794 2859 848 καὶ
2888 795 2947 847 έν
2982 792 3158 862 σκέπη
3200 792 3294 845 καὶ
3325 792 3386 843 ὲν
3424 788 3742 861 ἀποκρύφῳ,
3771 787 3889 842 ἀπὸ

2312 889 2676 961 σκληρότητος
2701 887 2797 944 xal
2826 884 3004 939 ὑετοῦ.
3039 902 3058 936 ι
3091 881 3286 951 Σαφῶς
3313 881 3423 953 γὰρ
3448 882 3510 935 τὺ
3540 879 3759 952 λουτρὸν
3779 878 3890 949 τῆς

2314 979 2756 1050 παλιγγενεσίας,
2779 977 2916 1031 δεκαὶ
2933 975 3023 1030 διὰ
3034 975 3145 1028 τῶν
3163 973 3471 1046 ἔμπροσθεν
3487 973 3672 1045 ἐδήλου
3685 972 3888 1041 λέγων’

2317 1090 2337 1124 ι
2375 1069 2676 1134 Λούσασθε,
2701 1069 2796 1123 καὶ
2819 1068 3049 1139 καθαροὶ
3067 1066 3312 1136 γένεσθε,
3342 1086 3360 1118 ι
3390 1068 3486 1120 καὶ
3508 1066 3603 1120 νῦν
3623 1065 3869 1136 ὲπαγγέλ

2309 1163 2480 1218 λεται.
2510 1163 2670 1229 Λέγει
2693 1162 2750 1216 δὲ
2783 1159 2958 1215 ταῦτα
2983 1161 3114 1231 περὶ
3135 1157 3244 1212 τῶν
3281 1159 3751 1230 κεκοινωνηκότων
3783 1156 3892 1229 μὲν

2307 1259 2376 1328 τῇ
2407 1257 2549 1310 κατά
2578 1253 2672 1310 τοῦ
2701 1254 2952 1324 Σωτῆρος
2987 1249 3288 1322 μιαιφονίᾳ,
3333 1251 3528 1320 μικρὸν
3568 1251 3626 1304 δὲ
3659 1250 3893 1322 ὕστερον

2313 1346 2724 1419 μεταϐαλόντων
2746 1344 2842 1397 καὶ
2864 1343 3246 1414 γνωρισάντων
3269 1340 3433 1396 αὑτοῦ
3451 1341 3514 1394 τὸ
3535 1341 3890 1410 Εύαγγέλιον.

2310 1440 2421 1492 Καὶ
2450 1437 2753 1507 θυγατέρας
2780 1434 2918 1488 Σιὼν
2945 1433 3216 1505 ἐπιφέρει,
3253 1433 3352 1497 τὰς
3381 1435 3439 1486 ὲν
3467 1437 3534 1505 τῇ
3577 1432 3894 1506 ἔμπροσθεν

2311 1532 2581 1602 περικοπῇ
2611 1526 3099 1598 κατηγορηθείσας,
3133 1528 3191 1580 ἐν
3232 1525 3310 1595 τῷ
3344 1526 3631 1595 λέγεσθαι·
3671 1545 3690 1578 ι
3745 1524 3894 1579 ’Λνθ⁹

2308 1617 2385 1676 ὧν
2416 1620 2706 1691 ὑψώθησαν
2744 1620 2799 1672 αἱ
2840 1618 3140 1690 Θυγατέρες
3182 1616 3350 1681 Σιὼν,
3382 1618 3479 1672 καὶ
3515 1617 3896 1690 ἐπορεύθησαν

650 1707 951 1763 Jerusalem
999 1710 1136 1762 miro
1188 1722 1320 1764 sane
1369 1709 1528 1765 modo
1567 1719 1725 1764 vocat
1775 1710 1983 1766 caedem
2036 1710 2105 1764 ibi
2152 1708 2204 1763 in

2313 1713 2499 1784 ὑψηλῷ
2522 1712 2800 1786 τραχήλῳ,
2840 1731 2858 1763 ι
2906 1713 3002 1765 καὶ
3031 1711 3101 1766 τά
3129 1709 3342 1775 τούτοις
3367 1711 3628 1780 ἑπόμενα.
3656 1705 3801 1780 Αἷμα
3827 1708 3894 1763 δὲ

652 1796 939 1851 Servatore
959 1805 1320 1866 perpetratam
1347 1813 1362 1852 :
1393 1800 1520 1868 quia
1556 1799 1743 1853 isthcc
1787 1813 1949 1853 causa
1981 1797 2082 1852 fuit
2109 1812 2204 1853 ex-

2318 1775 2673 1873 Ἰερουσαλὴμ
2687 1775 3026 1873 ’θαυμαστῶς
3055 1802 3323 1856 ἀποκαλεῖ
3349 1803 3450 1874 τὴν
3474 1775 3625 1856 -κατά
3646 1775 3740 1856 τού
3773 1803 3894 1856 Σω-

657 1904 844 1948 ιτεωε
868 1892 969 1948 1οοί
1001 1894 1145 1947 illius
1194 1893 1532 1948 vastationis.
1576 1892 1641 1947 Et
1675 1895 1987 1949 consideres
2031 1893 2190 1947 velim

651 2000 831 2039 annon
865 1986 954 2041 hic
982 1999 1158 2042 sermo
1188 1987 1430 2055 apprime
1473 1987 1762 2042 conveniat
1806 2001 1926 2040 cum
1975 2000 2208 2056 evange-

653 2077 762 2132 lico
804 2077 893 2131 illo
938 2077 1243 2131 testimonio
1291 2076 1357 2130 de
1403 2075 1692 2132 Servatore
1730 2085 1940 2139 nostro,
1977 2074 2070 2131 ubi
2124 2076 2206 2131 sic

651 2169 896 2232 habetur,
930 2188 948 2220 ι
974 2168 1090 2238 Ipse
1124 2184 1220 2224 vos
1249 2169 1548 2238 baptizabit
1587 2171 1640 2224 in
1681 2169 1886 2239 Spiritu
1929 2181 2117 2226 sancto
2152 2180 2208 2226 et

651 2257 775 2329 igne
798 2259 865 2312 “.
896 2278 915 2311 ι
953 2258 1083 2314 Illud
1115 2259 1281 2325 enim,
1321 2277 1340 2312 ι
1367 2259 1422 2313 in
1463 2259 1658 2328 spiritu
1701 2259 1888 2328 iudicii
1920 2271 1972 2314 et
2011 2262 2064 2314 in
2095 2261 2209 2330 spi-

650 2352 756 2408 ritu
780 2351 1194 2418 combustionis,
1230 2372 1249 2404 ›
1286 2353 1422 2408 nihil
1459 2351 1642 2408 diﬂ‘ert
1680 2353 1746 2408 ab
1789 2352 1902 2419 illo,
1952 2370 1969 2405 ι
2002 2353 2056 2407 in
2087 2352 2208 2420 Spi-

649 2443 756 2497 ritu
786 2451 974 2498 sancto
994 2453 1047 2498 et
1069 2444 1212 2515 igne.
1251 2461 1270 2496 s
1307 2443 1450 2514 lgnei
1482 2457 1609 2497 vero
1642 2456 1919 2497 sermones
1966 2441 2074 2496 illis
2113 2443 2208 2496 ad-

650 2534 804 2598 moti,
837 2542 1179 2603 peccatorum
1208 2533 1642 2590 emundationem
1666 2534 2015 2603 peragebant.
2049 2533 2207 2587 Item-

650 2639 756 2694 que
788 2623 1036 2680 Salvator
1065 2635 1250 2680 noster
1278 2625 1332 2680 in
1367 2624 1660 2695 Evangelio
1685 2624 1882 2679 dicitur
1930 2625 2208 2694 baptizare

649 2729 755 2768 non
791 2717 844 2770 in
885 2730 1020 2785 aqua
1047 2755 1063 2779 ,
1103 2717 1195 2771 sed
1244 2715 1298 2770 in
1334 2715 1562 2791 Spiritu
1627 2724 1682 2770 et
1729 2715 1868 2785 igne.
1923 2713 2033 2769 Hoc
2061 2715 2207 2770 enim

648 2808 838 2861 edocet
876 2804 1134 2870 Joannes,
1178 2807 1246 2862 de
1281 2821 1340 2863 se
1377 2807 1592 2876 quidem
1650 2807 1856 2871 dicens,
1903 2825 1922 2858 ι
1951 2805 2063 2876 Ego
2112 2821 2209 2861 vos

648 2896 862 2964 baptizo
893 2897 944 2950 in
974 2912 1111 2967 aqua
1131 2897 1214 2962 ";
1246 2915 1264 2948 ι
1293 2898 1356 2951 de
1373 2897 1652 2951 Salvatore
1681 2908 1880 2962 autem,
1911 2914 1931 2948 ι
1972 2895 2091 2966 Ipse
2113 2910 2210 2952 vos

651 2984 945 3054 baptizabit
974 2985 1026 3039 in
1061 2984 1262 3054 Spiritu
1292 2993 1481 3041 sancto
1513 2993 1569 3039 et
1608 2985 1728 3054 igne
1745 2985 1814 3040 ⁸⁸.
1843 3004 1861 3037 ι

1265 3259 1492 3316 CAPUT
1532 3259 1594 3313 V.

722 3349 882 3405 Vens.
918 3351 972 3405 i.
1011 3369 1030 3402 ι
1058 3350 1299 3407 Cantabo
1323 3351 1522 3406 dilecto
1553 3353 1826 3407 canticum
1856 3353 2046 3410 Dilecti
2082 3355 2211 3419 mei,

648 3443 820 3498 vinea:
845 3457 998 3497 meae.
1027 3433 1196 3498 Vinea
1226 3441 1360 3498 facta
1386 3452 1467 3497 est
1492 3443 1685 3499 dilecto
1711 3445 1763 3498 in
1795 3459 1984 3511 cornu,
2007 3446 2058 3500 in
2095 3446 2214 3500 loco

650 3535 856 3602 pingui.
887 3551 906 3584 ι
942 3533 1054 3590 Hoc
1083 3534 1244 3603 igitur
1277 3534 1510 3600 cantico,
1541 3549 1660 3603 qum
1686 3535 1739 3588 in
1773 3537 1928 3592 vinea
1960 3552 2058 3592 sua
2085 3553 2214 3606 ope-

651 3636 801 3681 ratus
839 3636 922 3682 est
947 3636 1247 3692 enumerat,
1273 3627 1548 3696 vineaeque
1598 3627 2001 3698 improbitatem
2053 3645 2211 3684 coar-

649 3719 795 3788 guit:
829 3733 892 3772 ac
924 3732 986 3772 ea
1014 3733 1133 3787 qua:
1163 3718 1261 3787 ipsi
1295 3729 1551 3772 eventura
1577 3728 1703 3773 sunt
1726 3719 2072 3774 vaticinatur.
2128 3720 2216 3772 Di-

649 3813 792 3863 citur
815 3825 944 3880 ergo
976 3810 1028 3864 in
1059 3824 1222 3864 cornu
1251 3823 1391 3874 esse,
1435 3811 1559 3878 quia
1589 3811 1654 3864 .in
1689 3825 1802 3879 Ipsa
1843 3811 2213 3880 Hierosolyma

651 3903 799 3970 regia
833 3901 1142 3971 metrOpolis
1193 3902 1475 3957 consistit:
1525 3902 1660 3956 solet
1703 3914 1882 3957 autem
1932 3901 2213 3972 Scriptura

655 4009 856 4048 cornua
886 3994 1040 4065 regni
1069 4008 1387 4048 memorare.

725 4172 886 4229 Vens.
920 4173 974 4228 2.
1023 4192 1041 4226 ι
1089 4173 1153 4227 Et
1198 4189 1376 4242 sepem
1425 4174 1782 4243 circumposui
1816 4184 1872 4229 et
1903 4175 2126 4239 vallavi,
2157 4185 2219 4230 et

653 4267 894 4337 plantavi
923 4267 1134 4320 vineam
1170 4265 1370 4320 Sorec:
1403 4275 1455 4335 et
1483 4266 1741 4320 aediﬁcavi
1775 4267 1962 4319 turrim
2017 4269 2068 4320 in
2115 4285 2220 4323 me-

655 4359 745 4413 dio
773 4355 910 4424 ejus,
959 4366 1012 4410 et
1055 4357 1396 4424 protorcular
1429 4356 1536 4409 fodi
1587 4359 1636 4408 in
1685 4371 1770 4409 ea.
1803 4373 1821 4406 ι
1859 4352 2052 4425 Sepem
2090 4371 2219 4411 vero

2305 1896 2470 1968 τῆρος
2505 1893 2869 1970 προαχθεῖσαν
2903 1895 2960 1946 ὲν
2992 1894 3128 1966 αὐτῇ
3175 1894 3508 1965 μιαιφονίαν,
3547 1893 3636 1946 διά
3665 1893 3724 1946 τὸ
3753 1891 3894 1947 ταύ-

2306 2008 2407 2063 την
2432 1973 2610 2045 αἰτίαν
2632 1987 2914 2057 γεγονέναι
2935 1988 3033 2058 τῆς
3059 1988 3291 2058 ἐσχάτης
3313 1987 3548 2058 ἐρημίας
3575 1987 3671 2039 τοῦ
3695 1986 3894 2040 τόπου.

2306 2085 2419 2143 Kal
2451 2082 2550 2135 θέα
2577 2083 2626 2138 εί
2669 2079 2745 2153 μὴ
2787 2080 2992 2150 σφόδρα
3019 2079 3307 2150 σύμφωνός
3343 2081 3490 2132 ἐστιν
3518 2080 3547 2131 6
3575 2078 3763 2150 παρὼν
3792 2077 3896 2132 λό-

2308 2193 2404 2245 γος
2423 2176 2490 2245 τῇ
2508 2173 2838 2245 εὐαγγελικῇ
2867 2172 3142 2244 μαρτυρίᾳ
3160 2173 3290 2243 περὶ
3313 2171 3407 2225 τοῦ
3434 2171 3685 2244 Σωτῆρος
3705 2171 3895 2242 ἡμῶν,

2306 2267 2343 2340 η
2373 2266 2617 2321 ἐδίδασκε
2651 2264 2885 2334 λέγουσα
2908 2282 2921 2296 ο
2955 2283 2974 2316 ι
3003 2265 3176 2326 Αὐτὸς
3199 2264 3344 2334 ὑμᾶς
3370 2261 3620 2332 βαπτίσει
3641 2265 3698 2316 ὲν
3723 2262 3896 2316 Ilvati-

2314 2375 2443 2429 ματι
2483 2358 2624 2428 ἁγίῳ
2669 2357 2763 2410 καὶ
2792 2357 2945 2427 πυρί.
2980 2375 2998 2407 ι
3037 2355 3110 2408 Τὸ
3142 2353 3273 2426 γὰρ,
3310 2374 3329 2406 ι
3375 2357 3432 2408 ὲν
3465 2354 3732 2426 πνεύματι
3763 2355 3898 2426 κρί-

2311 2465 2448 2512 σεως
2499 2447 2592 2501 καὶ
2645 2445 2917 2517 πνεύματι
2975 2443 3220 2505 καύσεως
3257 2462 3274 2494 ι
3300 2439 3418 2506 τοῦ,
3461 2460 3480 2493 ι
3519 2442 3576 2493 ὲν
3611 2439 3899 2511 Πνεύματι

2311 2541 2451 2612 ἀγίῳ
2473 2540 2567 2596 καὶ
2595 2538 2747 2610 πυρὶ,
2777 2557 2794 2590 ι
2829 2537 2981 2590 οὐδὲν
3009 2535 3271 2606 διαφέρει.
3291 2534 3402 2588 Kal
3427 2531 3478 2587 οί
3505 2531 3807 2604 πυρωτικοὶ
3829 2530 3898 2585 δδ

2309 2633 2479 2702 λόγοι,
2510 2631 2916 2700 καθαπτόμενοι
2947 2626 3147 2691 αὐτῶν,
3185 2625 3448 2696 κάθαρσιν
3479 2622 3751 2676 ὲνεποίουν
3779 2620 3900 2675 τῶν

2309 2723 2744 2796 ἁμαρτημάτων.
2785 2720 2898 2774 Καὶ
2933 2721 2962 2772 6
2990 2717 3181 2789 Σωτὴρ
3216 2717 3417 2787 ὁμοίως
3449 2718 3508 2768 tv
3537 2714 3615 2785 τῷ
3647 2714 3898 2783 Εὑαγγε-

2308 2813 2408 2886 λίῳ
2455 2813 2738 2884 βαπτίσειν
2769 2811 2988 2878 λέγεται
3013 2811 3136 2879 οὐχὶ
3174 2807 3345 2870 ὕδατι,
3371 2807 3485 2860 ἀλλ’
3510 2809 3569 2860 ἐν
3610 2806 3899 2877 Πνεύματι

2311 2907 2405 2960 καὶ
2448 2907 2507 2959 ὲν
2551 2904 2704 2976 πυρί.
2739 2902 2912 2956 Τοῦτο
2943 2901 3052 2970 γάρ
3087 2900 3329 2966 ἐδίδαξεν
3369 2900 3398 2950 6
3451 2899 3726 2970 Ἰωάννης,
3761 2899 3900 2970 περὶ

2317 2998 2415 3069 μὲν
2459 2995 2655 3050 ἑαυτοῦ
2700 2993 2891 3059 εἰπὼν,
2944 3011 2962 3047 ι
3024 2993 3165 3061 Ἐγὼ
3209 2993 3308 3062 μὲν
3353 2993 3499 3062 ὑμᾶς
3544 2991 3792 3062 βαπτίζω
3830 2992 3900 3044 ιν

2236 3105 2278 3162 c
2313 3090 2484 3142 ὕδατι·
2530 3108 2551 3140 ι
2582 3088 2711 3159 περὶ
2734 3087 2791 3140 δὲ
2822 3086 2918 3139 τοῦ
2959 3086 3231 3156 Σωτῆρος⁹
3266 3105 3285 3136 ι
3327 3085 3496 3148 Αὐτὸς
3527 3085 3670 3155 ὑμᾶς
3695 3081 3898 3153 βαπτί-

2318 3197 2398 3232 σει
2427 3181 2485 3232 ὲν
2518 3176 2793 3248 Πνεύματι
2821 3176 2960 3246 ἁγίῳ
2992 3176 3087 3228 καὶ
3109 3175 3261 3246 πυρί.
3301 3193 3320 3226 ι

2827 3267 3225 3321 ΚΕΦΔΛΛΙΟΝ
3268 3268 3341 3319 E’.

2390 3379 2408 3412 s
2445 3361 2596 3431 ’ᾼσω
2629 3359 2693 3431 δὴ
2737 3358 2818 3429 τῷ
2859 3358 3204 3428 ἠγαπημένῳ
3244 3354 3397 3429 ᾆσμα
3435 3354 3529 3410 τοῦ
3580 3353 3899 3424 ’Δγαπητοῦ

2318 3472 2439 3526 μου,
2474 3453 2552 3525 τῷ
2581 3452 2864 3524 ἀμπελῶνί
2895 3468 3016 3523 μου.
3065 3448 3354 3521 ’Λμπελὼν
3377 3449 3611 3520 ἐγενήθη
3650 3447 3728 3519 τῷ
3754 3449 3898 3518 ἠγα-

2315 3546 2543 3616 πημένῳ
2583 3547 2642 3598 ὲν
2675 3543 2884 3614 κέρατι,
2918 3544 2976 3595 ὲν
3011 3542 3161 3612 τόπῳ
3189 3542 3353 3596 πίονι.
3398 3559 3418 3593 ι
3453 3543 3551 3595 Διά
3585 3543 3762 3596 τοίνυν
3792 3542 3902 3614 τῆς

2315 3637 2458 3707 ᾠδῆς
2480 3636 2684 3706 ταύτης
2719 3634 2819 3699 τὰς
2844 3637 2924 3698 είς
2963 3634 3054 3687 τὸν
3084 3634 3384 3704 ἀμπελῶνα
3412 3632 3604 3687 ἑαυτοῦ
3630 3633 3904 3705 ἐργασίας

2317 3730 2756 3801 καταριθμεῖται,
2811 3728 2904 3781 καὶ
2946 3725 3042 3779 τοῦ
3088 3724 3410 3796 ἀμπελῶνος
3448 3722 3548 3795 τὴν
3592 3723 3904 3795 μοχθηρίαν

2317 3821 2552 3890 ἐλέγχει⁹
2600 3817 2842 3881 θεσπίζει
2874 3815 2932 3869 δὲ
2972 3816 3066 3868 καὶ
3092 3813 3162 3867 τὰ
3196 3813 3457 3884 μέλλοντα
3496 3813 3645 3884 αὐτῷ
3683 3811 3903 3885 συμϐή-

2318 3911 2526 3964 σεσθαι.
2559 3908 2789 3977 Λέγεται
2818 3906 2948 3975 γοῦν
2978 3908 3035 3958 ὲν
3070 3906 3263 3976 κέρατι
3292 3899 3453 3969 εἶναι,
3492 3903 3582 3957 διὰ
3611 3904 3674 3956 τὸ
3704 3903 3905 3975 συστῆ-

2318 4021 2404 4056 ναι
2433 4002 2715 4072 βασιλικὴν
2757 3998 3086 4071 μητρόπολιν
3126 3999 3185 4050 ὲν
3227 3999 3362 4069 αὐτῇ
3399 4000 3464 4068 τῇ
3505 3996 3899 4068 Ἰερουσαλήμο

2317 4091 2476 4145 εἴωθε
2504 4090 2612 4162 γὰρ
2638 4093 2671 4160 ἡ
2701 4087 2888 4160 Γραφὴ
2917 4087 3127 4158 κέρατα
3147 4086 3248 4156 τῆς
3282 4085 3556 4156 βασιλείας
3586 4084 3901 4156 ὀνομάζειν.

2398 4202 2417 4234 ι
2447 4184 2555 4236 Kal
2579 4179 2831 4252 φραγμὸν
2847 4177 3148 4250 περιέθηκα
3168 4180 3267 4231 καὶ
3288 4177 3638 4249 ἐχαράκωσα,
3657 4177 3750 4229 καὶ
3770 4175 3905 4244 ἐφύ-

2318 4292 2486 4328 τευσα
2532 4273 2771 4343 ἄμπελον
2813 4271 3026 4342 Σορήκ·
3069 4270 3164 4322 καὶ
3203 4269 3531 4340 ᾠκοδόμησα
3579 4268 3788 4339 πύργον
3837 4269 3906 4321 ἀν

2327 4367 2475 4437 μέσῳ
2505 4364 2690 4428 αὐτοῦ,
2725 4365 2817 4416 καὶ
2847 4364 3134 4435 προλήνιον
3159 4361 3346 4433 ὦρυξα
3371 4362 3428 4415 ὲν
3473 4359 3625 4431 αὐτῷ
3695 4378 3712 4413 ι
3743 4359 3906 4432 Περι-

657 4450 1040 4519 circumposuit
1060 4451 1130 4513 ei,
1154 4448 1399 4503 videlicet
1419 4446 1565 4500 omni
1594 4446 1806 4516 populo,
1828 4462 1983 4514 quem
2014 4449 2212 4515 angelis

2327 4458 2520 4528 έθηκεν
2569 4452 2662 4510 οὖν
2707 4454 2854 4526 αὐτῷ
2897 4456 3171 4525 φραγμὸν,
3217 4451 3417 4524 δηλαδὴ
3456 4450 3535 4522 τῷ
3559 4453 3720 4506 παντὶ
3758 4451 3903 4522 λαῷ,

655 4544 1081 4609 circumquaque
1140 4539 1386 4593 munivit.
1436 4538 1558 4591 Alio
1607 4540 1734 4591 item
1787 4539 1948 4592 modo
1998 4540 2221 4593 vallavit

657 4648 800 4697 eam,
843 4632 1116 4700 prophetis
1159 4641 1213 4684 et
1257 4629 1455 4684 sanctis
1489 4628 1622 4682 viris
1673 4630 1842 4697 ipsam
1885 4629 2116 4685 fulciens
2165 4641 2221 4683 et

657 4735 986 4780 sustentans.
1013 4721 1152 4788 Quin
1196 4721 1359 4774 ctiam
1407 4720 1667 4788 plantavit
1697 4736 1816 4774 eam
1862 4722 2073 4775 vineam
2117 4721 2215 4776 So-

660 4834 777 4883 rec,
835 4832 996 4888 quam
1057 4815 1418 4886 Symmachus
1484 4813 1892 4882 interpretatur,
1969 4814 2221 4870 electam.

657 4909 786 4976 Quae
816 4919 992 4962 autem
1031 4907 1218 4961 isthmc
1240 4906 1396 4958 vinea
1431 4913 1568 4966 erat,
1613 4904 1714 4958 nisi
1750 4903 1907 4973 plane
1936 4903 2220 4974 Scriptura

662 5002 923 5056 divinitus
977 4999 1259 5067 inspirata,
1311 5007 1364 5052 et
1418 4997 1520 5066 pia:
1570 4997 1844 5065 religionis
1890 5012 2091 5062 sermo,
2139 4998 2224 5052 vel

662 5097 824 5152 etiam
853 5093 1029 5162 ipsum
1053 5091 1146 5144 Dei
1177 5087 1432 5153 Verbum,
1464 5089 1605 5157 quod
1660 5089 1714 5143 in
1760 5088 2067 5160 Evangeliis
2108 5090 2223 5145 inec

664 5194 729 5246 de
756 5206 812 5246 se
838 5192 995 5246 docet
1027 5202 1090 5244 ac
1128 5188 1385 5256 loquitur,
1435 5206 1453 5237 ι
1482 5187 1592 5256 Ego
1631 5201 1747 5241 sum
1801 5187 1926 5241 vitis
1973 5202 2123 5249 vera,
2165 5199 2220 5242 et

661 5281 823 5334 Pater
852 5296 1002 5335 meus
1042 5279 1273 5348 agricola
1306 5288 1389 5334 est
1410 5277 1496 5330 ’7?
1531 5296 1549 5329 ι
1596 5276 1674 5332 Ex
1702 5279 1818 5347 ipso
1853 5279 2047 5348 quippe
2073 5281 2221 5347 prior

664 5375 790 5426 item
817 5373 1040 5442 populus
1070 5373 1368 5426 divinarum
1405 5370 1809 5438 disciplinarum
1835 5368 2222 5438 plantationem

663 5463 887 5530 accepit.
916 5461 1258 5516 Protorcular
1293 5473 1475 5515 autem
1511 5459 1644 5514 fodit
1681 5459 1734 5511 in
1772 5471 1858 5521 ea,
1891 5459 2064 5513 altare
2114 5461 2220 5513 sci-

666 5551 791 5607 licet
828 5552 1058 5620 positum
1089 5564 1211 5608 ante
1241 5552 1514 5622 templum.

735 5733 780 5764 ’⁵
819 5733 1005 5789 Matth.
1033 5748 1114 5800 lll,
1145 5734 1224 5788 Η.
1303 5734 1343 5762 ⁵⁵
1378 5732 1531 5787 Joun.
1583 5748 1618 5797 ι,
1653 5734 1736 5789 26.
1819 5735 1858 5763 ³·
1890 5731 2022 5786 ibid.
2066 5734 2150 5787 3.3.

1303 5734 1343 5762 ⁵⁵
1378 5732 1531 5787 1mm.
1583 5748 1618 5797 ι,
1653 5734 1736 5789 26.

2325 4549 2539 4611 πάντως
2561 4566 2662 4601 που
2683 4549 2934 4617 ἀγγέλοις
2958 4547 3121 4601 αὑτὸν
3145 4545 3506 4618 περιφράξας.
3549 4544 3906 4616 Ἐχαράκωσε

2324 4640 2380 4692 δὲ
2409 4641 2502 4692 καὶ
2543 4639 2715 4702 ἄλλως
2743 4638 2923 4701 αὑτὸν,
2975 4636 3284 4706 προφήταις
3313 4635 3407 4688 καὶ
3437 4635 3612 4704 άγίοις
3643 4634 3907 4706 ἀνδράσιν

2328 4728 2708 4799 ὑποστηρίξας.
2762 4725 2922 4779 ’Λλλά
2963 4724 3058 4777 καὶ
3084 4723 3482 4792 κατεφύτευσεν
3517 4722 3686 4791 αὐτὴν
3723 4720 3906 4791 ἄμπε-

2321 4822 2410 4874 λον
2433 4823 2613 4893 Σορήκ
2631 4837 2644 4849 ·
2674 4821 2741 4890 ἣν
2758 4822 2786 4872 ό
2810 4819 3106 4888 Σύμμαχος
3133 4817 3474 4887 ήρμήνευσεν
3499 4814 3780 4884 ἐκλεκτήν.
3805 4813 3907 4878 Τίς

2320 4911 2376 4964 δὲ
2402 4907 2468 4982 ἦν
2500 4911 2638 4982 αὕτη
2673 4912 2708 4980 ἡ
2733 4908 2976 4979 ἄμπελος
3008 4908 3042 4980 ἦ
3094 4908 3310 4970 πάντως
3344 4923 3445 4959 που
3474 4909 3506 4977 ἡ
3548 4905 3907 4969 θεόπνευστος

2325 5003 2533 5074 Γραφὴ,
2563 5003 2655 5056 καὶ
2678 5004 2706 5054 6
2736 5001 2834 5071 τῆς
2857 4998 3163 5062 θεοσεϐείας
3189 4998 3364 5066 λόγος,
3390 4997 3423 5069 ἢ
3448 4998 3543 5050 καὶ
3568 4997 3726 5059 αὐτὸς
3756 4997 3783 5048 6
3805 4995 3906 5048 τοῦ

2325 5093 2459 5146 Θεοῦ
2487 5094 2682 5162 Λόγος,
2719 5093 2748 5144 6
2789 5093 2848 5145 ὲν
2892 5091 3246 5161 Εὑαγγελίοις
3289 5090 3416 5162 περὶ
3453 5087 3648 5142 ἑαυτοῦ
3688 5086 3907 5152 διδάξας

2326 5186 2422 5239 καὶ
2455 5185 2644 5251 εἰπὼν,
2677 5204 2696 5237 ι
2751 5184 2891 5253 Ἐγώ
2927 5185 3102 5254 είμιή
3135 5182 3378 5254 ἄμπελος
3416 5184 3449 5252 η
3475 5181 3724 5251 ἀληθινὴ,
3757 5179 3848 5233 καὶ
3879 5185 3909 5234 6

2327 5278 2515 5349 Πατήρ
2549 5296 2649 5348 μου
2680 5279 2710 5330 ὁ
2734 5278 3012 5349 γεωργός;
3057 5295 3076 5328 ι
3129 5274 3220 5340 Ἐξ
3244 5272 3407 5326 αὐτοῦ
3437 5273 3546 5342 γὰρ
3576 5273 3668 5324 καὶ
3697 5274 3724 5324 6
3752 5273 3907 5342 πρῶ-

2324 5387 2415 5432 τος
2446 5370 2573 5434 λαὺξ
2614 5369 2711 5441 τὴν
2752 5369 2862 5423 τῶν
2894 5370 3054 5425 θείων
3088 5367 3345 5440 μαθητῶν
3389 5364 3779 5439 [μαθημάτωνι
3809 5383 3910 5434 φυ-

2327 5460 2476 5512 τείαν
2535 5461 2743 5531 εἴληφε.
2788 5460 3084 5531 Προλήνιον
3128 5456 3222 5513 οὖν
3269 5457 3483 5529 ὀρύττει
3529 5457 3588 5509 ὲν
3623 5455 3772 5524 αὐτῷ
3853 5459 3914 5511 τδρ

2331 5551 2434 5619 πρὸ
2461 5551 2552 5603 τοῦ
2593 5551 2721 5604 ναοῦ
2765 5551 3161 5624 θυσιαστήριον.

2235 5734 2273 5762 ³¹
2308 5729 2456 5785 luant.
2492 5748 2575 5790 XV,
2612 5733 2654 5786 ι.
