4100 6286
705 365 813 422 H9

1367 357 1634 417 EUSEBll
1671 352 2149 415 CESARIENSIS
2187 350 2337 410 OPP.
2379 350 2563 408 PARS
2599 348 2689 406 Ill.
2728 380 2799 392 —
2837 345 3251 406 EXEGETICA.

3846 349 3967 406 120

711 480 836 536 Haec
878 476 1008 547 ipsis
1042 474 1110 530 ad
1144 473 1378 529 litteram
1408 483 1465 528 et
1496 471 1792 527 secundum
1822 468 2109 533 historiam
2143 480 2268 522 eve-

2374 464 2474 535 μὲν
2525 459 2619 518 οῦν
2665 462 2916 534 ἐπῆλθεν·
2942 463 3127 524 αὐτοῖς
3171 460 3348 515 ταῦτα
3394 459 3512 515 καθ’
3566 462 3804 532 ίστορίαν
3859 465 3962 518 ἐπὶ

706 576 902 627 nerunt
931 568 1030 623 sub
1062 566 1389 634 Vespasiano
1412 573 1466 618 et
1492 562 1731 617 Adriano
1776 560 2142 616 Romanorum
2178 557 2273 612 im.

706 660 1086 732 peratorihus;
1114 656 1407 714 secundum
1464 664 1703 710 mentem
1754 665 1890 709 vero
1920 651 2083 708 etiam
2121 663 2273 704 nunc

588 756 591 758 ’
706 751 1018 807 rationabili
1058 762 1196 820 pane
1247 745 1374 799 vita:
1405 745 1625 817 privati,
1674 742 1815 798 l‘ame
1877 740 2118 798 caelestis
2169 739 2268 793 ali-

705 845 874 897 menti
908 851 1243 911 premuntur,
1303 837 1594 892 secundum
1652 835 1992 902 Scripturam
2043 833 2111 886 de
2164 831 2271 886 illis

707 935 780 988 ita
808 933 1140 1002 loquentem,
1185 950 1206 984 r
1241 930 1645 986 Convertentur
1679 929 1745 982 ad
1777 940 2080 995 vesperam,
2106 933 2160 978 et
2188 921 2270 977 fa-

704 1038 847 1078 mem
866 1024 1139 1093 patientur
1168 1029 1226 1075 ut
1247 1021 1420 1087 canis,
1450 1027 1506 1074 et
1523 1017 1838 1088 circuibunt
1855 1016 2130 1072 civitatem
2155 1013 2224 1068 ⁸⁸.
2247 1031 2266 1064 ι

703 1117 782 1169 Ac
838 1129 957 1169 cum
1000 1113 1300 1182 principem
1350 1111 1471 1165 vitae
1526 1110 1865 1178 negaverint.
1932 1107 1984 1161 in
2039 1113 2267 1160 mortem

706 1205 902 1261 animo
930 1204 1223 1274 lapsi-sunt
1252 1221 1266 1257 :
1305 1215 1534 1272 cumque
1559 1202 1956 1270 redemptorem
1983 1197 2271 1266 captivita-

707 1299 779 1354 tis
837 1297 1165 1365 animarum,
1205 1296 1298 1366 qui
1343 1295 1695 1365 praedicatum
1767 1300 1988 1346 venerat
2038 1289 2267 1361 captivis

705 1389 1110 1455 remimonem,
1142 1397 1196 1444 et
1229 1390 1388 1442 cazcls
1419 1387 1568 1442 visus
1592 1379 2268 1446 restitutionem,aversati

703 1481 833 1547 sint,
896 1480 1136 1535 inimicis
1167 1477 1540 1548 spiritualibus
1571 1476 1777 1542 traditi,
1808 1484 1866 1530 et
1894 1473 2267 1544 captivitatem

705 1571 1009 1634 animarum
1038 1570 1276 1640 perpessi
1314 1580 1462 1624 sunt.

775 1653 944 1719 Vsus.
998 1663 1091 1720 20.
1140 1681 1158 1713 ι
1195 1662 1286 1718 Va:
1340 1662 1430 1731 qui
1487 1661 1668 1716 dicitis
1707 1659 1908 1714 malum
1959 1660 2184 1720 bonum,
2216 1663 2271 1712 et

701 1754 900 1806 bonum
945 1751 1174 1815 malum;
1208 1752 1297 1820 qui
1329 1751 1529 1821 ponitis
1561 1751 1814 1806 tenebras
1857 1749 2054 1811 lucem,
2098 1757 2154 1802 et
2187 1747 2268 1800 lu-

2374 553 2782 608 Οὐεσπασιανοῦ
2826 555 2921 606 καὶ
2966 551 3247 624 Ἀδριανοῦ
3287 553 3572 623 Ῥωμαίων
3620 553 3964 625 αὐτοκρατὸ-

2376 663 2513 719 ρων·
2550 646 2645 700 καὶ
2671 645 2815 699 κατά
2845 645 3084 711 διάνοιαν
3125 644 3182 698 δὲ
3218 645 3574 718 στερηθέντες
3601 643 3694 698 τοῦ
3731 643 3961 714 λογικοῦ

2373 736 2538 808 άρτου
2570 735 2672 806 τῆς
2704 735 2873 805 ζωῆς,
2909 735 2989 789 ἐτι
3014 735 3110 788 καὶ
3141 733 3238 788 νῦν
3263 737 3470 808 τροφῆς
3502 735 3822 806 ἐπουρανίου
3850 735 3963 801 τάς

2371 827 2548 899 ψυχὰς
2582 825 2915 898 λιμιὶιττουσι
2956 826 3099 880 κατά
3139 825 3237 897 τὴν
3269 827 3585 896 φάσκουσαν
3617 828 3742 898 περὶ
3772 826 3963 880 αὐτῶν

2372 917 2616 988 Γραφήν·
2641 934 2660 967 ι
2682 914 3132 986 Ἐπιστρέψουσιν
3147 918 3226 980 είς
3243 916 3502 987 ἑσπέραν.
3523 913 3966 986 καὶλιμὼξουσιν

2371 1007 2448 1069 ὡς
2482 1005 2647 1071 κύων,
2696 1006 2792 1059 καὶ
2810 1006 3149 1060 κυκλώσουσι
3196 1004 3373 1059 πόλιν.
3402 1025 3422 1058 ι
3444 1007 3553 1061 Καὶ
3587 1007 3678 1060 τὸν
3708 1005 3962 1076 ἀρχηγὸν

2371 1095 2428 1148 δὲ
2449 1097 2547 1168 τῆς
2580 1095 2724 1166 ζωῆς
2768 1097 3236 1169 ἀπαρνησάμενοι,
3273 1095 3351 1167 τῷ
3379 1096 3480 1166 τῆς
3509 1097 3687 1168 ψυχῆς
3733 1093 3966 1165 θανάτῳ

2372 1188 2862 1260 περιπεπτώκασι·
2918 1190 3009 1244 τόν
3053 1207 3111 1244 τε
3159 1188 3439 1261 λυτρωτὴν
3479 1189 3578 1260 τῆς
3618 1191 3726 1242 τῶν
3763 1187 3963 1260 ψυχῶν

2371 1282 2750 1352 αἰχμαλωσίας
2796 1283 3257 1355 ἀποστραφέντες,
3303 1281 3396 1334 τὸν
3447 1280 3669 1336 ἐλθόντα
3715 1279 3958 1352 κηρῦξαι

2372 1373 2735 1444 αἰχμαλώτοις
2758 1373 2960 1444 ἄφεσιν
2981 1376 3074 1428 καὶ
3106 1375 3326 1443 τυφλοῖς
3357 1372 3669 1445 ἀνάϐλεψιν,
3693 1376 3805 1436 τοῖς
3832 1389 3961 1443 νοη-

2371 1468 2486 1529 τοῖς
2521 1466 2798 1538 πολεμίοις
2827 1466 3223 1539 παρεδόθησαν,
3262 1466 3357 1520 καὶ
3382 1465 3482 1536 τὴν
3507 1464 3694 1536 ψυχῶν
3723 1464 3959 1534 ὑπέμει-

2373 1578 2469 1614 ναν
2493 1559 2887 1631 αἰχμαλωσίαν.
3157 1565 3160 1569 ’

2449 1670 2467 1701 ι
2495 1651 2628 1704 Ούαὶ
2653 1652 2704 1704 οἱ
2733 1651 2982 1720 λέγοντες
3009 1652 3071 1705 τὸ
3104 1649 3338 1721 πονηρὸν
3369 1650 3554 1715 καλὸν,
3575 1650 3669 1702 καὶ
3697 1648 3758 1702 τὸ
3787 1649 3960 1704 καλὸν

2373 1745 2640 1819 πονηρόν·
2685 1747 2736 1799 oi
2781 1745 3022 1808 τιθέντες
3061 1745 3123 1798 τὸ
3171 1745 3361 1808 σκότος
3408 1743 3543 1814 φῶς,
3593 1745 3688 1797 καὶ
3728 1744 3788 1797 τὸ
3833 1742 3961 1812 φῶς

702 1857 818 1895 cem
862 1842 1151 1907 tenebras;
1182 1843 1272 1911 qui
1301 1842 1501 1912 ponitis
1531 1856 1776 1896 amarum
1823 1839 2000 1901 dulce.
2029 1850 2084 1894 et
2112 1838 2268 1893 dulce

2376 1840 2595 1903 σκότος’
2629 1839 2680 1892 oi
2711 1838 2955 1902 τιθέντες
2994 1837 3053 1892 τὸ
3088 1829 3283 1910 πικρὸν
3327 1837 3523 1906 γλυκὺ,
3557 1837 3650 1892 καὶ
3685 1837 3959 1904 τὸγλυκὺ

698 1946 966 1987 amarum.
1001 1951 1019 1983 ι
1071 1931 1136 1985 Et
1183 1932 1299 1988 hac
1353 1946 1569 2003 quoque
1617 1931 2052 2001 praecedentibus
2098 1929 2272 1997 subji-

702 2025 943 2087 ciuntur,
973 2027 1131 2094 quasi
1159 2026 1224 2080 de
1249 2033 1492 2096 tempore
1531 2023 1739 2080 Christi
1769 2024 1934 2080 dicta.
1981 2023 2118 2079 Nam
2145 2039 2267 2078 cum

700 2115 900 2194 multos
935 2116 1199 2196 doctrinae
1222 2130 1503 2183 sermones
1533 2130 1562 2168 a
1591 2113 1874 2171 Salvatore
1914 2115 2264 2175 audivissent,

700 2221 912 2262 necnon
942 2217 1128 2277 postea
1166 2207 1234 2263 ab
1266 2207 1528 2277 apostolis
1575 2206 1709 2276 ejus,
1768 2209 1904 2262 nihil
1953 2208 2082 2263 hinc
2128 2205 2268 2260 utili-

701 2300 828 2354 tatis
854 2299 1132 2355 consecuti
1165 2310 1291 2356 sunt
1317 2339 1334 2365 ,
1378 2300 1472 2357 sed
1497 2300 1550 2354 in
1581 2299 1962 2355 incredulitate
2001 2311 2056 2355 et
2087 2309 2268 2370 gesto-

701 2405 822 2444 rum
847 2391 1182 2446 absurditate
1212 2400 1647 2462 perseverantes,
1673 2389 1913 2460 peccatis
1939 2389 2052 2446 suis
2080 2405 2267 2446 acces-

700 2483 910 2536 sionem
953 2467 1270 2536 attulerunt.
1325 2480 1447 2536 Alio
1497 2481 1625 2536 item
1676 2481 1837 2535 modo
1883 2480 1999 2536 haec
2039 2481 2127 2545 iis,
2171 2482 2266 2551 qui

698 2573 855 2644 prius
889 2563 1302 2638 incusabantur,
1339 2573 1708 2628 conveniunt:
1746 2573 1946 2628 etenim
1981 2571 2142 2629 iidem
2171 2589 2262 2628 sa-

673 2680 827 2737 ‘nam
863 2665 1167 2720 doctrinam
1215 2675 1548 2727 aversantes,
1592 2673 1646 2718 et
1681 2664 1733 2719 in
1774 2664 1948 2720 lucem
1986 2664 2263 2735 Evangelii

699 2755 957 2811 salutaris
989 2756 1302 2827 hlaspbema
1333 2755 1693 2825 profer-entes,
1742 2764 2108 2828 putantesque
2149 2756 2266 2812 dul-

698 2856 791 2896 ces
824 2841 948 2896 illos
994 2857 1057 2898 ac
1113 2843 1289 2898 alendi
1342 2844 1392 2896 vi
1443 2844 1700 2914 praeditos
1744 2843 2044 2900 Salvatoris
2091 2846 2264 2900 nostri

698 2947 1004 2999 sermones,
1055 2949 1270 2990 amaros
1318 2950 1462 3003 esse,
1522 2936 1800 3007 improbas
1855 2938 2166 2993 econtrario
2213 2948 2266 2993 et

701 3022 969 3092 malignas
1018 3025 1395 3095 cogitationes,
1453 3038 1514 3081 ut
1557 3027 1729 3082 bonas
1777 3028 2262 3097 amplectebantur,

700 3129 766 3168 ac
816 3115 1070 3172 tenebras
1115 3117 1344 3181 erroris,
1399 3133 1518 3187 quae
1569 3129 1806 3173 mentem
1838 3134 1990 3173 suam
2025 3133 2263 3188 occupa-

2376 1930 2590 2001 πικρόν.
2617 1948 2635 1981 ι
2691 1930 2801 1983 Καὶ
2849 1929 3021 1984 ταῦτα
3069 1927 3125 1980 δὲ
3169 1929 3282 1991 τοῖς
3326 1926 3704 1999 προλεχθεῖσιν
3760 1926 3961 1980 ἕπεται

2373 2021 2449 2084 ὼς
2487 2021 2578 2072 ἐπὶ
2613 2017 2870 2091 Χριστοῦ.
2918 2017 3135 2072 Πολλῶν
3173 2018 3282 2090 γὰρ
3329 2016 3734 2082 ἐπακούσαντες
3801 2017 3959 2071 διδα-

2378 2110 2650 2166 σκαλικῶν
2701 2111 2872 2181 λόγων
2900 2110 2994 2165 τοῦ
3046 2110 3318 2182 Σωτῆρος,
3364 2109 3473 2164 τῶν
3520 2126 3580 2162 τε
3628 2110 3745 2180 μετ’
3788 2109 3962 2164 αὐτὸν

2373 2203 2686 2258 ἀποστόλων
2721 2201 3096 2266 αύτοῦ,ὀύδὲν
3147 2203 3245 2273 μὲν
3292 2201 3428 2274 πρὸς
3466 2200 3734 2272 ὠφέλειαν
3779 2203 3956 2273 ἐκαρ-

2374 2292 2604 2345 ποῦντοο
2661 2295 2728 2364 τῇ
2764 2292 2820 2346 δὲ
2872 2291 3100 2364 ἀπιστίᾳ
3149 2291 3502 2362 ἐπιμένοντες
3549 2292 3643 2345 καὶ
3683 2294 3797 2355 τοῖς
3840 2292 3957 2346 τῶν

2373 2383 2549 2454 ἔργων
2593 2384 2928 2454 άτοπήμασι,
2961 2382 3277 2454 προσθήκας
3308 2381 3589 2454 ιπριοῦντο
3637 2381 3746 2437 τῶν
3772 2383 3962 2454 ἁμαρ-

2371 2492 2438 2547 τη
2447 2475 2649 2545 μάτων.
2697 2475 2808 2528 Καὶ
2851 2468 3027 2538 ἄλλως
3058 2474 3116 2528 δὲ
3147 2473 3321 2530 ταῦτα
3370 2476 3483 2538 τοῖς
3529 2474 3782 2546 ἀνωτέρω
3819 2491 3960 2527 κατ-

2371 2567 2718 2640 ηγορηθεῖσιν
2756 2566 3004 2638 άρμόζε.·
3035 2569 3084 2621 oi
3115 2566 3228 2640 γάρ
3252 2568 3406 2622 αὐτοὶ
3434 2568 3528 2622 τὸν
3558 2568 3682 2639 ὑγιῆ
3707 2567 3961 2640 διαστρέ-

2327 2711 2340 2716 ,.
2372 2677 2565 2728 φοντες
2591 2659 2768 2729 λόγον,
2799 2659 2896 2715 καὶ
2926 2659 2989 2712 τὸ
3023 2658 3140 2729 φῶς
3169 2658 3264 2713 τοῦ
3295 2658 3567 2732 σωτηρίου
3615 2659 3958 2728 Εὑαγγελίου

2375 2751 2840 2824 βλασφημοῦντες,
2883 2751 3114 2824 πικρούς
3150 2768 3214 2806 τε
3251 2747 3391 2806 εἶναι
3419 2754 3547 2817 τοὺς
3591 2752 3810 2822 γλυκεῖς
3855 2752 3960 2806 καὶ

2371 2844 2670 2915 τροφίμους
2720 2844 2814 2898 τοῦ
2866 2829 3121 2914 Σωτῆρος
3163 2844 3322 2917 ἡμῶν
3354 2838 3560 2915 ’λόγους
3613 2845 3954 2916 ἡγούμενοι,

2373 2936 2641 2989 ἀνάπαλιν
2671 2938 2796 3000 τοὺς
2843 2938 3150 3010 μοχθηροὺς
3199 2939 3293 2991 καὶ
3345 2941 3614 3011 πονηροὺς
3656 2939 3957 3008 λογισμοὺς

2371 3027 2446 3090 ὡς
2477 3025 2714 3095 ἀγαθοὺς
2741 3028 3148 3099 προσεδέχοντο,
3186 3027 3281 3082 καὶ
3307 3027 3370 3082 τὸ
3399 3029 3588 3092 σκότος
3612 3029 3712 3100 τῆς
3740 3029 3957 3099 πλάνης

2372 3119 2435 3174 τὸ
2465 3119 2686 3189 συνέχον
2714 3117 2892 3172 αὐτῶν
2920 3115 3019 3184 τάς
3045 3119 3243 3192 ψυχάς,
3273 3121 3332 3174 ὲν
3359 3119 3514 3192 χώρᾳ
3551 3121 3726 3190 φωτὸς
3757 3120 3960 3175 ἐτίθεν-

693 3209 850 3278 ὺουι,
897 3211 1017 3263 vice
1059 3208 1279 3263 luminis
1319 3210 1629 3278 ponebant:
1677 3209 1900 3265 malitias
1943 3225 2073 3266 vero
2106 3226 2265 3267 acer-

2373 3228 2430 3264 το
2448 3227 2463 3242 ο
2488 3211 2588 3282 τῆς
2617 3227 2677 3263 τε
2697 3211 2897 3274 κακίας
2921 3209 3021 3282 τὴν
3054 3211 3260 3282 πικρὰν
3291 3212 3385 3266 καὶ
3415 3213 3741 3286 δηλητήριον
3766 3213 3954 3283 φύσιν,

699 3299 821 3353 bam
849 3310 903 3354 et
926 3301 1214 3355 exitiosam
1247 3310 1520 3366 naturam,
1568 3303 1723 3372 quasi
1776 3303 1988 3358 dulcem
2029 3304 2266 3374 aliquam

2371 3300 2561 3372 ῶσπερ
2591 3300 2713 3354 τινὰ
2753 3299 3027 3372 γλυκεράν
3065 3302 3258 3374 ἡδονὴν
3307 3303 3657 3358 κατεδίωκον.
3703 3305 3869 3368 Ἴδοις,
3903 3305 3955 3359 δ’

696 3391 1031 3463 voluptatem
1063 3395 1555 3463 persequebantur.
1592 3395 1660 3450 Et
1692 3410 1823 3452 sane
1856 3398 1923 3453 ad
1956 3397 2061 3454 hoc
2099 3415 2268 3469 usque

2373 3390 2435 3446 ἂν
2463 3390 2630 3444 εἰσέτι
2662 3391 2755 3444 καὶ
2785 3390 2881 3445 νῦν
2908 3390 3183 3456 τοιούτους
3217 3393 3348 3458 τοὺς
3374 3393 3482 3448 τῶν
3519 3395 3786 3450 Ἰουδαίων
3815 3398 3957 3451 παῖ-

703 3493 913 3553 tempus
944 3485 1132 3539 videas
1153 3485 1392 3554 ejusdem
1445 3488 1615 3543 moris
1661 3485 1879 3544 Judaeos
1937 3501 2098 3545 esse:
2147 3505 2267 3545 nam

2373 3484 2482 3548 δας,
2524 3478 2625 3555 τὴν
2669 3482 2768 3554 μὲν
2798 3482 3054 3555 ἀλήθειαν
3095 3483 3190 3537 τοῦ
3238 3484 3568 3554 Εὑαγγελίου
3612 3487 3961 3560 ἀποστρεφο-

704 3574 979 3646 Evangelii
1012 3577 1293 3631 veritatem
1332 3583 1654 3633 aversantur
1682 3621 1698 3645 ,
1753 3581 1924 3637 aniles
1962 3592 2147 3636 autem
2188 3581 2270 3636 fa-

700 3664 882 3731 bulas,
906 3675 962 3720 ct
986 3667 1303 3738 ignorantiae
1352 3671 1606 3726 tenebras
1643 3680 1941 3727 sectantur.
1985 3671 2101 3728 Hoc
2135 3673 2268 3728 affe—

699 3767 793 3812 ctu
830 3758 1103 3826 instructi,
1136 3760 1407 3816 Christum
1436 3764 1652 3834 quidem
1681 3764 2037 3835 ahnegarunt,
2068 3766 2268 3822 Barab'

701 3850 825 3904 ham
852 3864 981 3905 vero
1010 3851 1380 3921 expetierunt,
1412 3869 1539 3910 cum
1566 3855 1868 3911 latronibus
1903 3867 1960 3911 et
2001 3857 2270 3913 facinoro-

701 3944 778 3997 sis
835 3944 1142 4012 portionem
1218 3960 1370 4000 suam
1423 3957 1706 4017 ponentes
1749 3947 1864 4005 lmu
1921 3927 2083 4005 etiam
2145 3967 2268 4006 cum

702 4035 878 4088 atheis
914 4046 971 4088 ct
1001 4036 1179 4104 impiis
1209 4038 1519 4093 nationibus
1564 4043 1900 4110 congregati,
1945 4042 2265 4100 idololatras

704 4124 922 4193 quidem
966 4127 1260 4194 recipiunt,
1289 4129 1519 4196 probum
1563 4139 1741 4184 autem
1773 4141 1828 4186 et
1877 4141 2272 4201 temperantem

702 4213 903 4269 Christi
937 4213 1191 4285 populum
1224 4227 1547 4271 aversantur
1572 4229 1627 4274 et
1659 4232 2076 4290 persequuntur.

780 4306 938 4360 Vens.
956 4305 1046 4372 21,
1071 4307 1161 4362 22.
1186 4327 1206 4359 ι
1229 4307 1321 4362 Vae
1338 4305 1719 4378 quisapientes
1736 4313 1868 4366 estis
1898 4315 1952 4368 in
1982 4317 2274 4372 vobismet-

707 4397 862 4468 ipsis,
902 4405 956 4452 et
1006 4414 1188 4453 coram
1227 4400 1381 4455 vobis
1413 4401 1566 4468 .ipsis
1616 4405 1929 4471 prudentes.
1979 4405 2071 4461 Va:
2107 4409 2275 4464 fortes

701 4491 899 4556 vestri,
931 4493 1021 4559 qui
1056 4493 1240 4545 bibunt
1267 4493 1472 4557 vinum,
1518 4503 1574 4546 et
1603 4505 1873 4563 potentes,
1920 4500 2009 4567 qui
2047 4499 2272 4554 miscent

701 4582 951 4637 siceram.
983 4602 1002 4635 ι
1027 4583 1328 4639 Secundum
1357 4585 1500 4640 aliud
1527 4601 1655 4641 vero
1679 4591 2036 4657 propositum,
2061 4590 2274 4647 Judaeo-

644 4691 651 4697 ·
705 4690 828 4728 rum
877 4676 1118 4746 magistri
1165 4677 1460 4734 Salvatoris
1503 4681 1845 4736 sermonibus
1887 4682 2125 4737 animum
2167 4700 2273 4739 non

709 4764 1053 4832 adhibentes,
1087 4785 1145 4824 se
1179 4770 1314 4839 ipsis
1361 4772 1622 4841 improbis
1654 4775 1968 4832 doctoribus
2005 4788 2136 4831 sunt
2164 4777 2271 4844 usi,

707 4870 892 4929 utpote
945 4862 1219 4931 sapientes
1264 4864 1319 4918 in
1371 4866 1586 4935 seipsis,
1629 4876 1684 4922 et
1731 4883 1915 4923 coram
1963 4873 2274 4940 semetipsis

705 4953 1026 5020 prudentes.
1064 4953 1266 5011 Deinde
1301 4971 1454 5023 vero,
1503 4960 1655 5029 quasi
1688 4971 1938 5030 potentes
1959 4972 2016 5016 et
2047 4965 2273 5019 multum

709 5045 850 5110 apud
874 5044 1082 5114 plebem
1130 5051 1456 5107 auctoritate
1506 5035 2062 5119 valentes,ianimam
2119 5074 2272 5114 suam

709 5135 973 5194 ebrietate
1003 5140 1433 5210 circumdedere,
1462 5145 1782 5215 ignorantiae
1811 5149 2054 5205 tenebris
2087 5151 2270 5220 sopiti.

710 5226 828 5280 iam
864 5243 995 5283 vero
1023 5229 1144 5285 aliis
1181 5232 1429 5289 dolosum
1487 5247 1672 5306 potum
1715 5239 2006 5304 miscuere,
2047 5240 2139 5308 qui
2183 5255 2276 5297 vo-

711 5326 866 5371 catur
895 5318 1090 5385 sicera,
1125 5336 1395 5392 quemque
1440 5328 1768 5398 interpretes
1795 5329 1909 5394 alii,
1949 5332 2270 5387 ebrietatem

712 5406 1079 5552 appelterunl.
1110 5409 1222 5468 Hoc
1251 5429 1414 5484 porro
1444 5417 1691 5474 fecerunt
1738 5431 2107 5491 cauponantes
2149 5439 2273 5479 ver-

751 5513 838 5550 um
949 5517 985 5552 Ι.

751 5513 838 5550 um
874 5497 985 5554 Dei.

790 5587 946 5644 νεις.
983 5590 1074 5646 24.
1122 5613 1139 5644 ι
1180 5595 1348 5654 Radix
1380 5615 1567 5659 corutu
1597 5603 1774 5675 pulvis
1805 5606 1930 5671 erit,
1973 5617 2031 5663 et
2055 5605 2152 5664 ﬂos
2179 5621 2273 5664 eo-

783 5787 827 5821 "
866 5790 1006 5848 l‘sal.
1033 5811 1188 5862 tvm,
1215 5797 1266 5852 7.

2374 3577 2589 3649 μένους,
2615 3577 2742 3642 τοὺς
2766 3576 2823 3631 δι
2853 3576 3120 3648 γραώδεις
3151 3576 3353 3648 μύθους
3385 3579 3480 3632 καὶ
3509 3578 3572 3632 τὸ
3597 3579 3697 3650 τῆς
3729 3580 3963 3648 ἀγνοίας

2371 3670 2562 3733 σκότος
2615 3667 3066 3741 μεταδιώκοντας.
3109 3669 3295 3744 Ταύτῃ
3329 3673 3396 3742 τῇ
3440 3673 3757 3743 προαιρέσει
3782 3675 3961 3745 ὴρνήσ

2373 3779 2536 3816 σαντο
2569 3762 2669 3832 μὲν
2711 3761 2805 3816 τὸν
2834 3761 3090 3833 Χριστὸν,
3120 3763 3393 3832 ᾐτήσαντο
3433 3761 3491 3816 δὲ
3519 3762 3610 3815 τὸν
3635 3758 3956 3834 Βαραϐϐᾶν,

2376 3853 2512 3924 μετά
2558 3852 2770 3925 λῃστῶν
2815 3853 2910 3906 καὶ
2964 3853 3288 3925 κακούργων
3332 3853 3433 3926 τὴν
3481 3853 3691 3908 ἑαυτῶν
3731 3853 3958 3926 θέμενοι

2380 3947 2591 4020 μερίδα.
2633 3945 2794 4001 Ἀλλά
2832 3936 3069 4012 καὶτοῖς
3110 3947 3292 4013 ἀθέοις
3344 3933 3439 4002 καὶ
3481 3947 3733 4002 ἀσεϐέσιν
3773 3948 3958 4002 ἔθνεσι.

2378 4037 2882 4112 συναγελαζόμενοι,
2915 4042 3042 4104 τοὺς
3098 4041 3196 4112 μὲν
3237 4039 3630 4112 είδωλολάτρας
3659 4039 3960 4112 ἀποδέχω-

2373 4148 2494 4195 ται,
2530 4129 2622 4184 τὸν
2657 4131 2715 4185 δὲ
2754 4131 2951 4203 σεμνὸν
2997 4132 3094 4186 καὶ
3137 4129 3388 4202 σώφρονα
3425 4131 3521 4186 τοῦ
3553 4131 3787 4204 Χριστοῦ
3822 4130 3959 4185 λαὸν

2373 4221 2804 4294 ἀποστρέφονται
2835 4225 2931 4277 καὶ
2961 4223 3268 4277 διώκουσιν.
3385 4267 3387 4269 .

2451 4334 2469 4366 r
2492 4315 2629 4368 Οὐαὶ
2663 4317 2712 4370 οί
2755 4317 2964 4370 συνετοὶ
3009 4317 3068 4370 ὲν
3102 4319 3338 4379 ἑαυτοῖς,
3377 4317 3472 4371 καὶ
3504 4313 3742 4369 ἐνώπιον
3769 4315 3956 4382 αὐτῶν

2375 4409 2752 4478 ἐπιστήμονες.
2802 4409 2939 4462 Ούαὶ
2980 4409 3031 4461 oi
3077 4407 3351 4478 ἰσχύοντες
3392 4406 3569 4478 ὑμῶν,
3613 4407 3664 4460 oi
3705 4406 3956 4470 πίνοντες

2377 4498 2464 4551 τὸν
2487 4494 2644 4565 οἶνον,
2681 4500 2775 4553 καὶ
2799 4501 2849 4553 oi
2877 4499 3131 4554 δυνάσται
3155 4501 3206 4553 οἱ
3225 4500 3578 4572 κεραννύντες
3607 4498 3678 4553 τὰ
3701 4499 3949 4570 σίκερα.»

2381 4589 2516 4644 Καθ’
2569 4591 2761 4663 ἑτέραν
2814 4591 2873 4644 δὲ
2918 4589 3172 4661 ἐπιϐολὴν
3227 4589 3302 4660 μὴ
3355 4589 3709 4661 προσέχοντες
3750 4591 3800 4641 οἱ
3840 4590 3957 4645 τῶν

2391 4686 2656 4741 Ἰουδαίων
2678 4686 2990 4758 καθηγηταί
3016 4688 3130 4749 τοῖς
3155 4685 3250 4739 τοῦ
3273 4685 3522 4758 Σωτῆρος
3540 4685 3737 4754 λόγοις,
3763 4689 3958 4749 κακοῖς

2377 4778 2710 4843 διδασκάλοις
2740 4779 2892 4832 αὐτοὶ
2926 4779 3138 4841 ἑαυτοῖς
3177 4777 3496 4848 ἐχρήσαντο,
3534 4777 3612 4840 ώς
3659 4775 3867 4828 συνετοὶ
3893 4776 3955 4827 ἐν

2378 4873 2605 4936 ἑαυτοῖς,
2647 4871 2741 4925 καὶ
2791 4869 3021 4925 ἐνώπιον
3058 4869 3267 4946 ἑαυτῶν
3314 4870 3694 4940 ἐπιστήμονες.
3721 4868 3955 4921 Ἔπειτα
4013 4918 4022 4926 ,

2379 4963 2452 5028 ὡς
2488 4963 2762 5035 ἰσχύοντες
2791 4963 2886 5016 καὶ
2916 4959 3085 5015 πολλά
3123 4960 3407 5033 δυνάμενοι
3448 4962 3506 5014 ὲν
3541 4959 3620 5030 τῷ
3649 4958 3782 5030 λαῷ,
3812 4960 3960 5034 μέθῃ

2385 5056 2482 5127 μὲν
2508 5056 2607 5127 τὴν
2637 5054 2845 5109 ἑαυτῶν
2878 5055 3054 5126 ψυχὴν
3087 5054 3461 5128 περιέϐαλλον,
3489 5053 3567 5125 τῷ
3603 5053 3701 5123 τῆς
3728 5054 3954 5122 ἀγνοίας

2383 5149 2559 5220 σκότῳ
2589 5147 2938 5219 καρούμενοι.
2974 5146 3110 5218 Ἤδη
3139 5147 3195 5200 δὲ
3232 5148 3328 5201 καὶ
3365 5147 3572 5220 ἑτέροις
3611 5145 3772 5200 ποτὸν
3806 5145 3954 5198 δεδο-

2381 5241 2640 5312 λιωμένον
2685 5239 2935 5312 ἐκίρνων,
2984 5239 3046 5292 τὸ
3085 5238 3417 5312 καλούμενον
3465 5239 3690 5311 σίκερα·
3727 5238 3864 5311 ὅπερ
3900 5240 3952 5292 οὶ

2374 5333 2549 5386 λοιποὶ
2597 5330 2930 5402 ὲρμηνευταὶ
2982 5329 3234 5401 μέθυσμα
3282 5329 3602 5402 ὠνόμασαν·
3656 5329 3751 5384 καὶ
3795 5328 3958 5384 τοῦτο

2377 5425 2663 5497 ἔπραττον,
2703 5423 3101 5496 καπηλεύοντες
3127 5423 3220 5478 τὸν
3246 5422 3404 5494 λόγον
3435 5423 3530 5478 τοῦ
3558 5422 3713 5478 Θεοῦ.

2456 5631 2474 5664 ι
2514 5611 2575 5667 Ἢ
2613 5611 2738 5684 ῥίζα
2769 5611 2946 5667 αὐτῶν
2983 5613 3012 5667 ὁ
3039 5611 3164 5684 χοῦς
3196 5611 3368 5678 ἔσται,
3403 5611 3498 5665 καὶ
3526 5610 3587 5666 τὸ
3639 5609 3796 5674 ἄνθος
3851 5606 3942 5664 ab
