  <div class='ocr_page' id='page_1' title='image "/cluster/home/n/w/nwhite01/storage/ocr_20150623/24/pst.000005712083/078.png"; bbox 0 0 4100 6286; ppageno 0'>
   <div class='ocr_carea' id='block_1_1' title="bbox 172 341 3513 403">
    <p class='ocr_par' dir='ltr' id='par_1_1' title="bbox 172 341 3513 403">
     <span class='ocr_line' id='line_1_1' title="bbox 172 341 3513 403; baseline 0.001 -2"><span class='ocrx_word' id='word_1_1' title='bbox 172 341 279 401; x_wconf 68' lang='grc'><strong>121</strong></span> <span class='ocrx_word' id='word_1_2' title='bbox 1172 341 1681 402; x_wconf 73' lang='lat' dir='ltr'><strong>COMMENTARIA</strong></span> <span class='ocrx_word' id='word_1_3' title='bbox 1718 342 1787 400; x_wconf 85' lang='lat' dir='ltr'><strong>IN</strong></span> <span class='ocrx_word' id='word_1_4' title='bbox 1825 342 2074 402; x_wconf 73' lang='lat' dir='ltr'><strong>IS&#39;AIAH.</strong></span> <span class='ocrx_word' id='word_1_5' title='bbox 2114 376 2187 389; x_wconf 89' lang='lat'><strong>-—-</strong></span> <span class='ocrx_word' id='word_1_6' title='bbox 2221 344 2375 403; x_wconf 77' lang='lat' dir='ltr'><strong>CAP.</strong></span> <span class='ocrx_word' id='word_1_7' title='bbox 2415 343 2507 402; x_wconf 80' lang='lat' dir='ltr'><strong>Vl.</strong></span> <span class='ocrx_word' id='word_1_8' title='bbox 3398 348 3513 403; x_wconf 67' lang='lat'><strong>122</strong></span> 
     </span>
    </p>
   </div>
   <div class='ocr_carea' id='block_1_2' title="bbox 168 462 1809 540">
    <p class='ocr_par' dir='ltr' id='par_1_2' title="bbox 168 462 1809 540">
     <span class='ocr_line' id='line_1_2' title="bbox 168 462 1809 540; baseline -0.001 -19"><span class='ocrx_word' id='word_1_9' title='bbox 168 464 291 521; x_wconf 55' lang='lat' dir='ltr'><strong>iw</strong></span> <span class='ocrx_word' id='word_1_10' title='bbox 321 462 466 517; x_wconf 69' lang='grc' dir='ltr'>ὡσεὶ</span> <span class='ocrx_word' id='word_1_11' title='bbox 498 465 794 537; x_wconf 78' lang='grc' dir='ltr'>κονιορτὸς</span> <span class='ocrx_word' id='word_1_12' title='bbox 820 464 1181 536; x_wconf 73' lang='grc' dir='ltr'>ἀναϐήσεται.</span> <span class='ocrx_word' id='word_1_13' title='bbox 1206 488 1224 519; x_wconf 75' lang='grc' dir='ltr'><strong>ι</strong></span> <span class='ocrx_word' id='word_1_14' title='bbox 1245 467 1309 521; x_wconf 83' lang='grc' dir='ltr'><strong>Ἦ</strong></span> <span class='ocrx_word' id='word_1_15' title='bbox 1328 468 1621 540; x_wconf 79' lang='grc' dir='ltr'>ὡραιότης,</span> <span class='ocrx_word' id='word_1_16' title='bbox 1656 467 1809 539; x_wconf 81' lang='grc' dir='ltr'>φησὶ,</span> 
     </span>
    </p>
   </div>
   <div class='ocr_carea' id='block_1_3' title="bbox 1913 462 3511 540">
    <p class='ocr_par' dir='ltr' id='par_1_3' title="bbox 1921 463 3511 538">
     <span class='ocr_line' id='line_1_3' title="bbox 1921 463 3511 538; baseline 0.002 -19"><span class='ocrx_word' id='word_1_17' title='bbox 1921 482 2039 520; x_wconf 93' lang='lat' dir='ltr'><strong>rum</strong></span> <span class='ocrx_word' id='word_1_18' title='bbox 2069 466 2226 538; x_wconf 82' lang='lat' dir='ltr'><strong>quasi</strong></span> <span class='ocrx_word' id='word_1_19' title='bbox 2270 467 2448 537; x_wconf 77' lang='lat' dir='ltr'><strong>pulvis</strong></span> <span class='ocrx_word' id='word_1_20' title='bbox 2482 473 2762 521; x_wconf 90' lang='lat' dir='ltr'><strong>ascenoet.</strong></span> <span class='ocrx_word' id='word_1_21' title='bbox 2796 484 2817 518; x_wconf 74' lang='grc' dir='ltr'><strong>ι</strong></span> <span class='ocrx_word' id='word_1_22' title='bbox 2864 463 3113 534; x_wconf 80' lang='lat' dir='ltr'><strong>Species,</strong></span> <span class='ocrx_word' id='word_1_23' title='bbox 3156 465 3355 536; x_wconf 84' lang='lat' dir='ltr'><strong>inquit,</strong></span> <span class='ocrx_word' id='word_1_24' title='bbox 3382 483 3511 522; x_wconf 85' lang='lat' dir='ltr'><strong>cor-</strong></span> 
     </span>
    </p>
   </div>
   <div class='ocr_carea' id='block_1_4' title="bbox 171 554 1809 632">
    <p class='ocr_par' dir='ltr' id='par_1_4' title="bbox 171 554 1809 632">
     <span class='ocr_line' id='line_1_4' title="bbox 171 554 1809 632; baseline -0.001 -17"><span class='ocrx_word' id='word_1_25' title='bbox 171 554 277 615; x_wconf 66' lang='lat' dir='ltr'><strong>sui?</strong></span> <span class='ocrx_word' id='word_1_26' title='bbox 313 557 609 631; x_wconf 74' lang='grc' dir='ltr'>σώματος,</span> <span class='ocrx_word' id='word_1_27' title='bbox 639 561 742 614; x_wconf 81' lang='grc' dir='ltr'><strong>καὶ</strong></span> <span class='ocrx_word' id='word_1_28' title='bbox 777 561 811 632; x_wconf 81' lang='grc' dir='ltr'><strong>ή</strong></span> <span class='ocrx_word' id='word_1_29' title='bbox 840 559 937 615; x_wconf 89' lang='grc' dir='ltr'><strong>τοῦ</strong></span> <span class='ocrx_word' id='word_1_30' title='bbox 980 560 1212 616; x_wconf 86' lang='grc' dir='ltr'>πλούτου</span> <span class='ocrx_word' id='word_1_31' title='bbox 1240 562 1368 626; x_wconf 87' lang='grc' dir='ltr'>δόξα</span> <span class='ocrx_word' id='word_1_32' title='bbox 1408 564 1503 615; x_wconf 84' lang='grc' dir='ltr'>καὶ</span> <span class='ocrx_word' id='word_1_33' title='bbox 1543 561 1639 615; x_wconf 91' lang='grc' dir='ltr'><strong>τοῦ</strong></span> <span class='ocrx_word' id='word_1_34' title='bbox 1672 579 1809 615; x_wconf 89' lang='grc' dir='ltr'>παν-</span> 
     </span>
    </p>
   </div>
   <div class='ocr_carea' id='block_1_5' title="bbox 1913 554 3508 632">
    <p class='ocr_par' dir='ltr' id='par_1_5' title="bbox 1915 556 3508 630">
     <span class='ocr_line' id='line_1_5' title="bbox 1915 556 3508 630; baseline 0.001 -18"><span class='ocrx_word' id='word_1_35' title='bbox 1915 559 2082 630; x_wconf 70' lang='lat' dir='ltr'><strong>poris,</strong></span> <span class='ocrx_word' id='word_1_36' title='bbox 2129 559 2458 613; x_wconf 79' lang='lat' dir='ltr'><strong>divitiarum‘</strong></span> <span class='ocrx_word' id='word_1_37' title='bbox 2500 557 2673 627; x_wconf 83' lang='lat' dir='ltr'><strong>gloria</strong></span> <span class='ocrx_word' id='word_1_38' title='bbox 2729 566 2787 611; x_wconf 88' lang='lat' dir='ltr'><strong>et</strong></span> <span class='ocrx_word' id='word_1_39' title='bbox 2858 556 3025 612; x_wconf 91' lang='lat' dir='ltr'><strong>totius</strong></span> <span class='ocrx_word' id='word_1_40' title='bbox 3076 558 3258 625; x_wconf 79' lang='lat' dir='ltr'><strong>gentis</strong></span> <span class='ocrx_word' id='word_1_41' title='bbox 3317 561 3508 625; x_wconf 84' lang='lat' dir='ltr'><strong>decor,</strong></span> 
     </span>
    </p>
   </div>
   <div class='ocr_carea' id='block_1_6' title="bbox 175 648 1809 727">
    <p class='ocr_par' dir='ltr' id='par_1_6' title="bbox 175 651 1809 727">
     <span class='ocr_line' id='line_1_6' title="bbox 175 651 1809 727; baseline 0.003 -22"><span class='ocrx_word' id='word_1_42' title='bbox 175 651 274 715; x_wconf 66' lang='grc' dir='ltr'><strong>τις</strong></span> <span class='ocrx_word' id='word_1_43' title='bbox 306 651 511 716; x_wconf 69' lang='grc' dir='ltr'>ἔθνους</span> <span class='ocrx_word' id='word_1_44' title='bbox 537 655 575 725; x_wconf 76' lang='grc' dir='ltr'>ἡ</span> <span class='ocrx_word' id='word_1_45' title='bbox 605 653 938 724; x_wconf 72' lang='grc' dir='ltr'><strong>εὐπρέπεια,</strong></span> <span class='ocrx_word' id='word_1_46' title='bbox 961 656 1087 709; x_wconf 76' lang='grc' dir='ltr'>ὅσον</span> <span class='ocrx_word' id='word_1_47' title='bbox 1114 655 1324 709; x_wconf 70' lang='grc' dir='ltr'>οὐδέπω</span> <span class='ocrx_word' id='word_1_48' title='bbox 1354 654 1637 727; x_wconf 79' lang='grc' dir='ltr'><strong>κονιορτοῦ</strong></span> <span class='ocrx_word' id='word_1_49' title='bbox 1656 655 1809 726; x_wconf 85' lang='grc' dir='ltr'>δίκην</span> 
     </span>
    </p>
   </div>
   <div class='ocr_carea' id='block_1_7' title="bbox 1913 648 3508 727">
    <p class='ocr_par' dir='ltr' id='par_1_7' title="bbox 1916 648 3508 720">
     <span class='ocr_line' id='line_1_7' title="bbox 1916 648 3508 720; baseline 0.002 -16"><span class='ocrx_word' id='word_1_50' title='bbox 1916 649 2154 720; x_wconf 85' lang='lat' dir='ltr'><strong>pulveris</strong></span> <span class='ocrx_word' id='word_1_51' title='bbox 2177 650 2497 707; x_wconf 77' lang='lat' dir='ltr'><strong>fereinstar</strong></span> <span class='ocrx_word' id='word_1_52' title='bbox 2518 650 2903 720; x_wconf 89' lang='lat' dir='ltr'><strong>dissipabitur.</strong></span> <span class='ocrx_word' id='word_1_53' title='bbox 2958 668 2978 701; x_wconf 82' lang='grc' dir='ltr'><strong>ι</strong></span> <span class='ocrx_word' id='word_1_54' title='bbox 3014 648 3315 707; x_wconf 83' lang='lat' dir='ltr'><strong>Noluerunt</strong></span> <span class='ocrx_word' id='word_1_55' title='bbox 3361 653 3508 707; x_wconf 88' lang='lat' dir='ltr'><strong>enim</strong></span> 
     </span>
    </p>
   </div>
   <div class='ocr_carea' id='block_1_8' title="bbox 174 743 1809 819">
    <p class='ocr_par' dir='ltr' id='par_1_8' title="bbox 174 743 1809 819">
     <span class='ocr_line' id='line_1_8' title="bbox 174 743 1809 819; baseline 0.002 -22"><span class='ocrx_word' id='word_1_56' title='bbox 174 743 758 816; x_wconf 72' lang='grc' dir='ltr'>διασκεδασθήσιται.</span> <span class='ocrx_word' id='word_1_57' title='bbox 798 765 818 797; x_wconf 81' lang='grc' dir='ltr'><strong>ι</strong></span> <span class='ocrx_word' id='word_1_58' title='bbox 842 749 917 802; x_wconf 76' lang='grc' dir='ltr'><strong>Οὐ</strong></span> <span class='ocrx_word' id='word_1_59' title='bbox 940 748 1052 819; x_wconf 81' lang='grc' dir='ltr'>γὰρ</span> <span class='ocrx_word' id='word_1_60' title='bbox 1080 747 1350 818; x_wconf 75' lang='grc' dir='ltr'><strong>ἠθέλησαν</strong></span> <span class='ocrx_word' id='word_1_61' title='bbox 1369 746 1462 800; x_wconf 80' lang='grc' dir='ltr'><strong>τὸν</strong></span> <span class='ocrx_word' id='word_1_62' title='bbox 1502 748 1669 819; x_wconf 81' lang='grc' dir='ltr'>νόμον</span> <span class='ocrx_word' id='word_1_63' title='bbox 1703 749 1809 801; x_wconf 88' lang='grc' dir='ltr'>Κυ-</span> 
     </span>
    </p>
   </div>
   <div class='ocr_carea' id='block_1_9' title="bbox 1913 743 3511 819">
    <p class='ocr_par' dir='ltr' id='par_1_9' title="bbox 1915 743 3511 815">
     <span class='ocr_line' id='line_1_9' title="bbox 1915 743 3511 815; baseline 0.002 -18"><span class='ocrx_word' id='word_1_64' title='bbox 1915 743 2085 815; x_wconf 79' lang='lat' dir='ltr'><strong>legem</strong></span> <span class='ocrx_word' id='word_1_65' title='bbox 2118 744 2335 799; x_wconf 88' lang='lat' dir='ltr'><strong>Domini</strong></span> <span class='ocrx_word' id='word_1_66' title='bbox 2388 743 2673 809; x_wconf 83' lang='lat' dir='ltr'><strong>Sabaoth;</strong></span> <span class='ocrx_word' id='word_1_67' title='bbox 2724 744 2820 799; x_wconf 83' lang='lat' dir='ltr'><strong>sed</strong></span> <span class='ocrx_word' id='word_1_68' title='bbox 2867 744 3092 799; x_wconf 78' lang='lat' dir='ltr'><strong>verbum</strong></span> <span class='ocrx_word' id='word_1_69' title='bbox 3123 746 3301 799; x_wconf 88' lang='lat' dir='ltr'><strong>sancti</strong></span> <span class='ocrx_word' id='word_1_70' title='bbox 3342 745 3511 801; x_wconf 88' lang='lat' dir='ltr'><strong>lsrael</strong></span> 
     </span>
    </p>
   </div>
   <div class='ocr_carea' id='block_1_10' title="bbox 178 836 1814 911">
    <p class='ocr_par' dir='ltr' id='par_1_10' title="bbox 178 836 1814 911">
     <span class='ocr_line' id='line_1_10' title="bbox 178 836 1814 911; baseline 0.002 -20"><span class='ocrx_word' id='word_1_71' title='bbox 178 837 307 907; x_wconf 71' lang='grc' dir='ltr'>ρίου</span> <span class='ocrx_word' id='word_1_72' title='bbox 364 836 652 900; x_wconf 69' lang='grc' dir='ltr'><strong>Σαᾶαώθ·</strong></span> <span class='ocrx_word' id='word_1_73' title='bbox 704 838 844 893; x_wconf 86' lang='grc' dir='ltr'><strong>ἀλλά</strong></span> <span class='ocrx_word' id='word_1_74' title='bbox 881 840 945 893; x_wconf 80' lang='grc' dir='ltr'>τὸ</span> <span class='ocrx_word' id='word_1_75' title='bbox 992 840 1173 909; x_wconf 88' lang='grc' dir='ltr'>λόγιον</span> <span class='ocrx_word' id='word_1_76' title='bbox 1228 838 1323 893; x_wconf 85' lang='grc' dir='ltr'><strong>τοῦ</strong></span> <span class='ocrx_word' id='word_1_77' title='bbox 1374 840 1533 907; x_wconf 89' lang='grc' dir='ltr'>ἀγίου</span> <span class='ocrx_word' id='word_1_78' title='bbox 1597 840 1814 911; x_wconf 83' lang='grc' dir='ltr'>Ἰσραὴλ</span> 
     </span>
    </p>
   </div>
   <div class='ocr_carea' id='block_1_11' title="bbox 174 925 1814 1004">
    <p class='ocr_par' dir='ltr' id='par_1_11' title="bbox 174 925 1814 1004">
     <span class='ocr_line' id='line_1_11' title="bbox 174 925 1814 1004; baseline 0.002 -24"><span class='ocrx_word' id='word_1_79' title='bbox 174 926 559 999; x_wconf 76' lang='grc' dir='ltr'>παρώξυναν.</span> <span class='ocrx_word' id='word_1_80' title='bbox 594 947 614 980; x_wconf 71' lang='grc' dir='ltr'><strong>ι</strong></span> <span class='ocrx_word' id='word_1_81' title='bbox 652 928 813 983; x_wconf 82' lang='grc' dir='ltr'>Ποῖον</span> <span class='ocrx_word' id='word_1_82' title='bbox 842 932 1027 1003; x_wconf 80' lang='grc' dir='ltr'>νόμον,</span> <span class='ocrx_word' id='word_1_83' title='bbox 1062 932 1095 1003; x_wconf 75' lang='grc' dir='ltr'>ἢ</span> <span class='ocrx_word' id='word_1_84' title='bbox 1128 932 1268 1002; x_wconf 82' lang='grc' dir='ltr'><strong>τάχα</strong></span> <span class='ocrx_word' id='word_1_85' title='bbox 1300 932 1429 1003; x_wconf 80' lang='grc' dir='ltr'>περὶ</span> <span class='ocrx_word' id='word_1_86' title='bbox 1460 925 1523 985; x_wconf 78' lang='grc' dir='ltr'>οὗ</span> <span class='ocrx_word' id='word_1_87' title='bbox 1551 931 1814 1004; x_wconf 82' lang='grc' dir='ltr'><strong>ἀνωτέρω</strong></span> 
     </span>
    </p>
   </div>
   <div class='ocr_carea' id='block_1_12' title="bbox 174 1018 1813 1093">
    <p class='ocr_par' dir='ltr' id='par_1_12' title="bbox 174 1018 1813 1093">
     <span class='ocr_line' id='line_1_12' title="bbox 174 1018 1813 1093; baseline 0.002 -23"><span class='ocrx_word' id='word_1_88' title='bbox 174 1018 410 1087; x_wconf 70' lang='grc' dir='ltr'>ἔλεγεν,</span> <span class='ocrx_word' id='word_1_89' title='bbox 431 1038 449 1071; x_wconf 81' lang='grc' dir='ltr'><strong>ι</strong></span> <span class='ocrx_word' id='word_1_90' title='bbox 472 1020 577 1073; x_wconf 83' lang='grc' dir='ltr'>Ἐκ</span> <span class='ocrx_word' id='word_1_91' title='bbox 623 1020 735 1090; x_wconf 88' lang='grc' dir='ltr'><strong>γάρ</strong></span> <span class='ocrx_word' id='word_1_92' title='bbox 774 1020 913 1074; x_wconf 83' lang='grc' dir='ltr'>Σιὼν</span> <span class='ocrx_word' id='word_1_93' title='bbox 946 1022 1293 1087; x_wconf 70' lang='grc' dir='ltr'>ἐξελεύσεται</span> <span class='ocrx_word' id='word_1_94' title='bbox 1321 1022 1505 1093; x_wconf 83' lang='grc' dir='ltr'>νόμος,</span> <span class='ocrx_word' id='word_1_95' title='bbox 1536 1022 1629 1075; x_wconf 80' lang='grc' dir='ltr'><strong>καὶ</strong></span> <span class='ocrx_word' id='word_1_96' title='bbox 1657 1021 1813 1090; x_wconf 83' lang='grc' dir='ltr'>λόγος</span> 
     </span>
    </p>
   </div>
   <div class='ocr_carea' id='block_1_13' title="bbox 175 1108 1814 1183">
    <p class='ocr_par' dir='ltr' id='par_1_13' title="bbox 175 1108 1814 1183">
     <span class='ocr_line' id='line_1_13' title="bbox 175 1108 1814 1183; baseline -0.001 -19"><span class='ocrx_word' id='word_1_97' title='bbox 175 1110 411 1181; x_wconf 81' lang='grc' dir='ltr'>Κυρίου</span> <span class='ocrx_word' id='word_1_98' title='bbox 443 1108 506 1174; x_wconf 74' lang='grc' dir='ltr'>ἐξ</span> <span class='ocrx_word' id='word_1_99' title='bbox 550 1110 937 1183; x_wconf 77' lang='grc' dir='ltr'>Ἰερουσαλήμς</span> <span class='ocrx_word' id='word_1_100' title='bbox 973 1132 991 1163; x_wconf 75' lang='grc' dir='ltr'><strong>ι</strong></span> <span class='ocrx_word' id='word_1_101' title='bbox 1036 1111 1277 1183; x_wconf 80' lang='grc' dir='ltr'>Ἐπειδὴ.</span> <span class='ocrx_word' id='word_1_102' title='bbox 1306 1112 1493 1181; x_wconf 70' lang='grc' dir='ltr'>φησὶν,</span> <span class='ocrx_word' id='word_1_103' title='bbox 1521 1112 1624 1164; x_wconf 81' lang='grc' dir='ltr'><strong>οὐκ</strong></span> <span class='ocrx_word' id='word_1_104' title='bbox 1649 1110 1814 1180; x_wconf 75' lang='grc' dir='ltr'>ἠϐου-</span> 
     </span>
    </p>
   </div>
   <div class='ocr_carea' id='block_1_14' title="bbox 176 1200 1812 1277">
    <p class='ocr_par' dir='ltr' id='par_1_14' title="bbox 176 1200 1812 1277">
     <span class='ocr_line' id='line_1_14' title="bbox 176 1200 1812 1277; baseline 0.003 -26"><span class='ocrx_word' id='word_1_105' title='bbox 176 1200 448 1271; x_wconf 68' lang='grc' dir='ltr'>λήθησαν</span> <span class='ocrx_word' id='word_1_106' title='bbox 478 1202 577 1254; x_wconf 81' lang='grc' dir='ltr'><strong>τὸν</strong></span> <span class='ocrx_word' id='word_1_107' title='bbox 615 1203 780 1273; x_wconf 85' lang='grc' dir='ltr'>νόμον</span> <span class='ocrx_word' id='word_1_108' title='bbox 811 1205 909 1275; x_wconf 84' lang='grc' dir='ltr'><strong>τῆς</strong></span> <span class='ocrx_word' id='word_1_109' title='bbox 947 1204 1141 1275; x_wconf 84' lang='grc' dir='ltr'><strong>καινῆς</strong></span> <span class='ocrx_word' id='word_1_110' title='bbox 1175 1204 1453 1277; x_wconf 80' lang='grc' dir='ltr'>Διαθήκης</span> <span class='ocrx_word' id='word_1_111' title='bbox 1477 1221 1492 1234; x_wconf 77' lang='grc'><strong><em>⁸</em></strong></span> <span class='ocrx_word' id='word_1_112' title='bbox 1540 1204 1676 1257; x_wconf 77' lang='grc' dir='ltr'><strong>ἀλλά</strong></span> <span class='ocrx_word' id='word_1_113' title='bbox 1722 1204 1812 1257; x_wconf 86' lang='grc' dir='ltr'><strong>τὸν</strong></span> 
     </span>
    </p>
   </div>
   <div class='ocr_carea' id='block_1_15' title="bbox 182 1291 1254 1368">
    <p class='ocr_par' dir='ltr' id='par_1_15' title="bbox 182 1291 1254 1368">
     <span class='ocr_line' id='line_1_15' title="bbox 182 1291 1254 1368; baseline 0.003 -22"><span class='ocrx_word' id='word_1_114' title='bbox 182 1291 378 1357; x_wconf 71' lang='grc' dir='ltr'>ζῶντα</span> <span class='ocrx_word' id='word_1_115' title='bbox 409 1294 508 1346; x_wconf 87' lang='grc' dir='ltr'><strong>τοῦ</strong></span> <span class='ocrx_word' id='word_1_116' title='bbox 546 1294 683 1348; x_wconf 83' lang='grc' dir='ltr'>Θεοῦ</span> <span class='ocrx_word' id='word_1_117' title='bbox 712 1296 885 1364; x_wconf 82' lang='grc' dir='ltr'>Λόγον</span> <span class='ocrx_word' id='word_1_118' title='bbox 911 1294 1254 1368; x_wconf 83' lang='grc' dir='ltr'>παρώξυναν.</span> 
     </span>
    </p>
   </div>
   <div class='ocr_carea' id='block_1_16' title="bbox 262 1383 1812 1457">
    <p class='ocr_par' dir='ltr' id='par_1_16' title="bbox 262 1383 1812 1457">
     <span class='ocr_line' id='line_1_16' title="bbox 262 1383 1812 1457; baseline 0.002 -23"><span class='ocrx_word' id='word_1_119' title='bbox 262 1404 281 1434; x_wconf 79' lang='grc' dir='ltr'><strong>ι</strong></span> <span class='ocrx_word' id='word_1_120' title='bbox 316 1383 544 1437; x_wconf 78' lang='grc' dir='ltr'><strong>Τούτου</strong></span> <span class='ocrx_word' id='word_1_121' title='bbox 572 1385 735 1457; x_wconf 81' lang='grc' dir='ltr'><strong>χάριν</strong></span> <span class='ocrx_word' id='word_1_122' title='bbox 765 1383 1023 1455; x_wconf 75' lang='grc' dir='ltr'>ἐθυμώθη</span> <span class='ocrx_word' id='word_1_123' title='bbox 1067 1384 1273 1455; x_wconf 87' lang='grc' dir='ltr'>Κύριος</span> <span class='ocrx_word' id='word_1_124' title='bbox 1308 1384 1402 1437; x_wconf 75' lang='grc' dir='ltr'><strong>ἐπὶ</strong></span> <span class='ocrx_word' id='word_1_125' title='bbox 1428 1384 1521 1438; x_wconf 85' lang='grc' dir='ltr'>τὸν</span> <span class='ocrx_word' id='word_1_126' title='bbox 1553 1385 1683 1439; x_wconf 84' lang='grc' dir='ltr'>λαὸν</span> <span class='ocrx_word' id='word_1_127' title='bbox 1714 1386 1812 1438; x_wconf 83' lang='grc' dir='ltr'><strong>αὺ-</strong></span> 
     </span>
    </p>
   </div>
   <div class='ocr_carea' id='block_1_17' title="bbox 186 1472 1811 1547">
    <p class='ocr_par' dir='ltr' id='par_1_17' title="bbox 186 1472 1811 1547">
     <span class='ocr_line' id='line_1_17' title="bbox 186 1472 1811 1547; baseline -0.001 -18"><span class='ocrx_word' id='word_1_128' title='bbox 186 1475 315 1529; x_wconf 71' lang='grc' dir='ltr'>τοῦ·</span> <span class='ocrx_word' id='word_1_129' title='bbox 344 1496 363 1526; x_wconf 81' lang='grc' dir='ltr'><strong>ι</strong></span> <span class='ocrx_word' id='word_1_130' title='bbox 393 1476 455 1529; x_wconf 80' lang='grc' dir='ltr'>ὃν</span> <span class='ocrx_word' id='word_1_131' title='bbox 478 1477 647 1540; x_wconf 75' lang='grc' dir='ltr'>αὐτὸς</span> <span class='ocrx_word' id='word_1_132' title='bbox 672 1478 771 1547; x_wconf 81' lang='grc' dir='ltr'><strong>μὲν</strong></span> <span class='ocrx_word' id='word_1_133' title='bbox 803 1475 1064 1546; x_wconf 79' lang='grc' dir='ltr'>ὴὸούλετο</span> <span class='ocrx_word' id='word_1_134' title='bbox 1091 1479 1291 1530; x_wconf 83' lang='grc' dir='ltr'>οἰκεῖον</span> <span class='ocrx_word' id='word_1_135' title='bbox 1321 1476 1487 1529; x_wconf 84' lang='grc' dir='ltr'>αὑτοῦ</span> <span class='ocrx_word' id='word_1_136' title='bbox 1518 1476 1645 1529; x_wconf 83' lang='grc' dir='ltr'>λαὸν</span> <span class='ocrx_word' id='word_1_137' title='bbox 1671 1472 1811 1530; x_wconf 75' lang='grc' dir='ltr'>εἷναί</span> 
     </span>
    </p>
   </div>
   <div class='ocr_carea' id='block_1_18' title="bbox 187 1567 1811 1641">
    <p class='ocr_par' dir='ltr' id='par_1_18' title="bbox 187 1567 1811 1641">
     <span class='ocr_line' id='line_1_18' title="bbox 187 1567 1811 1641; baseline 0 -19"><span class='ocrx_word' id='word_1_138' title='bbox 187 1586 249 1622; x_wconf 82' lang='grc' dir='ltr'><strong>τε</strong></span> <span class='ocrx_word' id='word_1_139' title='bbox 290 1572 395 1623; x_wconf 75' lang='grc' dir='ltr'><strong>καὶ</strong></span> <span class='ocrx_word' id='word_1_140' title='bbox 420 1567 823 1641; x_wconf 69' lang='grc' dir='ltr'>χρηματίζειψ</span> <span class='ocrx_word' id='word_1_141' title='bbox 868 1571 916 1622; x_wconf 84' lang='grc' dir='ltr'>οἱ</span> <span class='ocrx_word' id='word_1_142' title='bbox 963 1568 1009 1622; x_wconf 84' lang='grc' dir='ltr'>δ’</span> <span class='ocrx_word' id='word_1_143' title='bbox 1044 1570 1144 1621; x_wconf 81' lang='grc' dir='ltr'><strong>ούκ</strong></span> <span class='ocrx_word' id='word_1_144' title='bbox 1190 1568 1496 1623; x_wconf 65' lang='grc' dir='ltr'>ἐϐούλοντο.</span> <span class='ocrx_word' id='word_1_145' title='bbox 1544 1570 1811 1640; x_wconf 76' lang='grc' dir='ltr'>Σημαίνει</span> 
     </span>
    </p>
   </div>
   <div class='ocr_carea' id='block_1_19' title="bbox 187 1660 1812 1731">
    <p class='ocr_par' dir='ltr' id='par_1_19' title="bbox 187 1660 1812 1731">
     <span class='ocr_line' id='line_1_19' title="bbox 187 1660 1812 1731; baseline -0.001 -17"><span class='ocrx_word' id='word_1_146' title='bbox 187 1660 246 1714; x_wconf 64' lang='grc' dir='ltr'>δὲ</span> <span class='ocrx_word' id='word_1_147' title='bbox 274 1660 372 1714; x_wconf 76' lang='grc' dir='ltr'>διὰ</span> <span class='ocrx_word' id='word_1_148' title='bbox 399 1662 611 1714; x_wconf 83' lang='grc' dir='ltr'>τούτων</span> <span class='ocrx_word' id='word_1_149' title='bbox 640 1661 917 1731; x_wconf 80' lang='grc' dir='ltr'>πολεμίων</span> <span class='ocrx_word' id='word_1_150' title='bbox 946 1660 1133 1729; x_wconf 73' lang='grc' dir='ltr'>ἔφοδον</span> <span class='ocrx_word' id='word_1_151' title='bbox 1162 1662 1257 1714; x_wconf 77' lang='grc' dir='ltr'>καὶ</span> <span class='ocrx_word' id='word_1_152' title='bbox 1287 1660 1494 1731; x_wconf 86' lang='grc' dir='ltr'>πλῆθος</span> <span class='ocrx_word' id='word_1_153' title='bbox 1524 1660 1633 1714; x_wconf 84' lang='grc' dir='ltr'><strong>τῶν</strong></span> <span class='ocrx_word' id='word_1_154' title='bbox 1658 1661 1812 1714; x_wconf 86' lang='grc' dir='ltr'>ἀναι-</span> 
     </span>
    </p>
   </div>
   <div class='ocr_carea' id='block_1_20' title="bbox 194 1753 1810 1826">
    <p class='ocr_par' dir='ltr' id='par_1_20' title="bbox 194 1753 1810 1826">
     <span class='ocr_line' id='line_1_20' title="bbox 194 1753 1810 1826; baseline -0.001 -19"><span class='ocrx_word' id='word_1_155' title='bbox 194 1755 488 1824; x_wconf 78' lang='grc' dir='ltr'>ρουμένων</span> <span class='ocrx_word' id='word_1_156' title='bbox 511 1771 526 1784; x_wconf 90' lang='grc'><strong>·</strong></span> <span class='ocrx_word' id='word_1_157' title='bbox 562 1754 756 1817; x_wconf 74' lang='grc' dir='ltr'>ὡςκαὶ</span> <span class='ocrx_word' id='word_1_158' title='bbox 789 1753 931 1806; x_wconf 85' lang='grc' dir='ltr'>αὐτὰ</span> <span class='ocrx_word' id='word_1_159' title='bbox 964 1753 1303 1826; x_wconf 80' lang='grc' dir='ltr'>πληροῦσθαι</span> <span class='ocrx_word' id='word_1_160' title='bbox 1343 1753 1415 1807; x_wconf 82' lang='grc' dir='ltr'>τὰ</span> <span class='ocrx_word' id='word_1_161' title='bbox 1446 1753 1549 1823; x_wconf 76' lang='grc' dir='ltr'><strong>ὅρη</strong></span> <span class='ocrx_word' id='word_1_162' title='bbox 1600 1754 1810 1823; x_wconf 83' lang='grc' dir='ltr'>νεκρῶν</span> 
     </span>
    </p>
   </div>
   <div class='ocr_carea' id='block_1_21' title="bbox 1916 835 3513 907">
    <p class='ocr_par' dir='ltr' id='par_1_21' title="bbox 1916 835 3513 907">
     <span class='ocr_line' id='line_1_21' title="bbox 1916 835 3513 907; baseline 0 -16"><span class='ocrx_word' id='word_1_163' title='bbox 1916 837 2299 892; x_wconf 80' lang='lat' dir='ltr'><strong>irritaverunt.</strong></span> <span class='ocrx_word' id='word_1_164' title='bbox 2326 856 2346 888; x_wconf 73' lang='grc' dir='ltr'><strong>ι</strong></span> <span class='ocrx_word' id='word_1_165' title='bbox 2384 838 2559 903; x_wconf 91' lang='lat' dir='ltr'><strong>Quam</strong></span> <span class='ocrx_word' id='word_1_166' title='bbox 2586 835 2786 903; x_wconf 81' lang='lat' dir='ltr'><strong>legem,</strong></span> <span class='ocrx_word' id='word_1_167' title='bbox 2820 837 2922 891; x_wconf 84' lang='lat' dir='ltr'><strong>nisi</strong></span> <span class='ocrx_word' id='word_1_168' title='bbox 2954 850 3074 890; x_wconf 89' lang='lat' dir='ltr'><strong>eam</strong></span> <span class='ocrx_word' id='word_1_169' title='bbox 3115 837 3183 891; x_wconf 92' lang='lat' dir='ltr'><strong>de</strong></span> <span class='ocrx_word' id='word_1_170' title='bbox 3212 853 3316 907; x_wconf 89' lang='lat' dir='ltr'><strong>qua</strong></span> <span class='ocrx_word' id='word_1_171' title='bbox 3348 853 3513 907; x_wconf 87' lang='lat' dir='ltr'><strong>supe-</strong></span> 
     </span>
    </p>
   </div>
   <div class='ocr_carea' id='block_1_22' title="bbox 1916 912 3509 993">
    <p class='ocr_par' dir='ltr' id='par_1_22' title="bbox 1916 912 3509 993">
     <span class='ocr_line' id='line_1_22' title="bbox 1916 912 3509 993; baseline 0.001 -9"><span class='ocrx_word' id='word_1_172' title='bbox 1916 932 2031 985; x_wconf 81' lang='lat' dir='ltr'><strong>rius</strong></span> <span class='ocrx_word' id='word_1_173' title='bbox 2066 930 2308 993; x_wconf 85' lang='lat' dir='ltr'><strong>dicebat,</strong></span> <span class='ocrx_word' id='word_1_174' title='bbox 2342 912 2529 983; x_wconf 70' lang='lat' dir='ltr'><strong>«Nam</strong></span> <span class='ocrx_word' id='word_1_175' title='bbox 2563 930 2630 983; x_wconf 90' lang='lat' dir='ltr'><strong>de</strong></span> <span class='ocrx_word' id='word_1_176' title='bbox 2659 927 2791 982; x_wconf 86' lang='lat' dir='ltr'><strong>Sion</strong></span> <span class='ocrx_word' id='word_1_177' title='bbox 2825 931 3001 983; x_wconf 79' lang='lat' dir='ltr'><strong>exibit</strong></span> <span class='ocrx_word' id='word_1_178' title='bbox 3052 928 3162 992; x_wconf 85' lang='lat' dir='ltr'><strong>lex,</strong></span> <span class='ocrx_word' id='word_1_179' title='bbox 3196 939 3253 985; x_wconf 92' lang='lat' dir='ltr'><strong>et</strong></span> <span class='ocrx_word' id='word_1_180' title='bbox 3282 930 3509 985; x_wconf 81' lang='lat' dir='ltr'><strong>verbum</strong></span> 
     </span>
    </p>
   </div>
   <div class='ocr_carea' id='block_1_23' title="bbox 1914 1018 3513 1090">
    <p class='ocr_par' dir='ltr' id='par_1_23' title="bbox 1914 1018 3513 1090">
     <span class='ocr_line' id='line_1_23' title="bbox 1914 1018 3513 1090; baseline 0.002 -16"><span class='ocrx_word' id='word_1_181' title='bbox 1914 1020 2129 1076; x_wconf 88' lang='lat' dir='ltr'><strong>Domini</strong></span> <span class='ocrx_word' id='word_1_182' title='bbox 2167 1021 2235 1075; x_wconf 89' lang='lat' dir='ltr'><strong>de</strong></span> <span class='ocrx_word' id='word_1_183' title='bbox 2266 1018 2616 1076; x_wconf 71' lang='lat' dir='ltr'><strong>Jerusalem?</strong></span> <span class='ocrx_word' id='word_1_184' title='bbox 2652 1040 2669 1074; x_wconf 82' lang='grc' dir='ltr'><strong>ι</strong></span> <span class='ocrx_word' id='word_1_185' title='bbox 2724 1019 2887 1088; x_wconf 82' lang='lat' dir='ltr'><strong>Quia,</strong></span> <span class='ocrx_word' id='word_1_186' title='bbox 2920 1022 3121 1090; x_wconf 85' lang='lat' dir='ltr'><strong>inquit,</strong></span> <span class='ocrx_word' id='word_1_187' title='bbox 3150 1022 3283 1076; x_wconf 81' lang='lat' dir='ltr'><strong>Novi</strong></span> <span class='ocrx_word' id='word_1_188' title='bbox 3316 1022 3513 1077; x_wconf 86' lang='lat' dir='ltr'><strong>Testa-</strong></span> 
     </span>
    </p>
   </div>
   <div class='ocr_carea' id='block_1_24' title="bbox 1915 1112 3511 1182">
    <p class='ocr_par' dir='ltr' id='par_1_24' title="bbox 1915 1112 3511 1182">
     <span class='ocr_line' id='line_1_24' title="bbox 1915 1112 3511 1182; baseline 0.003 -16"><span class='ocrx_word' id='word_1_189' title='bbox 1915 1113 2085 1166; x_wconf 89' lang='lat' dir='ltr'><strong>menti</strong></span> <span class='ocrx_word' id='word_1_190' title='bbox 2145 1112 2319 1182; x_wconf 87' lang='lat' dir='ltr'><strong>legem</strong></span> <span class='ocrx_word' id='word_1_191' title='bbox 2353 1112 2686 1181; x_wconf 90' lang='lat' dir='ltr'><strong>noluerunt;</strong></span> <span class='ocrx_word' id='word_1_192' title='bbox 2751 1114 2863 1169; x_wconf 86' lang='lat' dir='ltr'><strong>imo</strong></span> <span class='ocrx_word' id='word_1_193' title='bbox 2918 1115 3081 1170; x_wconf 87' lang='lat' dir='ltr'><strong>etiam</strong></span> <span class='ocrx_word' id='word_1_194' title='bbox 3125 1112 3364 1171; x_wconf 83' lang='lat' dir='ltr'><strong>Verbum</strong></span> <span class='ocrx_word' id='word_1_195' title='bbox 3416 1116 3511 1171; x_wconf 85' lang='lat' dir='ltr'><strong>Dei</strong></span> 
     </span>
    </p>
   </div>
   <div class='ocr_carea' id='block_1_25' title="bbox 1913 1204 2513 1259">
    <p class='ocr_par' dir='ltr' id='par_1_25' title="bbox 1913 1204 2513 1259">
     <span class='ocr_line' id='line_1_25' title="bbox 1913 1204 2513 1259; baseline 0 -1"><span class='ocrx_word' id='word_1_196' title='bbox 1913 1205 2107 1259; x_wconf 85' lang='lat' dir='ltr'><strong>vivens</strong></span> <span class='ocrx_word' id='word_1_197' title='bbox 2132 1204 2513 1259; x_wconf 87' lang='lat' dir='ltr'><strong>irritaverunt.</strong></span> 
     </span>
    </p>
   </div>
   <div class='ocr_carea' id='block_1_26' title="bbox 1990 1384 3509 1462">
    <p class='ocr_par' dir='ltr' id='par_1_26' title="bbox 1990 1384 3509 1462">
     <span class='ocr_line' id='line_1_26' title="bbox 1990 1384 3509 1462; baseline 0.006 -24"><span class='ocrx_word' id='word_1_198' title='bbox 1990 1384 2160 1441; x_wconf 70' lang='lat' dir='ltr'><strong>Vsus.</strong></span> <span class='ocrx_word' id='word_1_199' title='bbox 2187 1386 2280 1440; x_wconf 77' lang='grc'><strong>25.</strong></span> <span class='ocrx_word' id='word_1_200' title='bbox 2327 1404 2347 1438; x_wconf 76' lang='grc' dir='ltr'><strong>ι</strong></span> <span class='ocrx_word' id='word_1_201' title='bbox 2382 1384 2509 1442; x_wconf 86' lang='lat' dir='ltr'><strong>Ideo</strong></span> <span class='ocrx_word' id='word_1_202' title='bbox 2538 1387 2711 1443; x_wconf 85' lang='lat' dir='ltr'><strong>iratus</strong></span> <span class='ocrx_word' id='word_1_203' title='bbox 2741 1396 2827 1442; x_wconf 87' lang='lat' dir='ltr'><strong>est</strong></span> <span class='ocrx_word' id='word_1_204' title='bbox 2873 1388 3138 1447; x_wconf 88' lang='lat' dir='ltr'><strong>Dominus</strong></span> <span class='ocrx_word' id='word_1_205' title='bbox 3164 1390 3223 1445; x_wconf 86' lang='lat' dir='ltr'><strong>in</strong></span> <span class='ocrx_word' id='word_1_206' title='bbox 3251 1392 3509 1462; x_wconf 85' lang='lat' dir='ltr'><strong>populum</strong></span> 
     </span>
    </p>
   </div>
   <div class='ocr_carea' id='block_1_27' title="bbox 1913 1476 3509 1554">
    <p class='ocr_par' dir='ltr' id='par_1_27' title="bbox 1913 1476 3509 1554">
     <span class='ocr_line' id='line_1_27' title="bbox 1913 1476 3509 1554; baseline 0.006 -24"><span class='ocrx_word' id='word_1_207' title='bbox 1913 1491 2098 1531; x_wconf 88' lang='lat' dir='ltr'><strong>suum.</strong></span> <span class='ocrx_word' id='word_1_208' title='bbox 2137 1495 2157 1529; x_wconf 73' lang='grc' dir='ltr'><strong>ι</strong></span> <span class='ocrx_word' id='word_1_209' title='bbox 2199 1476 2369 1543; x_wconf 84' lang='lat' dir='ltr'><strong>Quem</strong></span> <span class='ocrx_word' id='word_1_210' title='bbox 2404 1478 2521 1548; x_wconf 88' lang='lat' dir='ltr'><strong>ipse</strong></span> <span class='ocrx_word' id='word_1_211' title='bbox 2553 1481 2775 1548; x_wconf 80' lang='lat' dir='ltr'><strong>quidem</strong></span> <span class='ocrx_word' id='word_1_212' title='bbox 2807 1482 3090 1552; x_wconf 90' lang='lat' dir='ltr'><strong>proprium</strong></span> <span class='ocrx_word' id='word_1_213' title='bbox 3112 1484 3216 1537; x_wconf 84' lang='lat' dir='ltr'><strong>sibi</strong></span> <span class='ocrx_word' id='word_1_214' title='bbox 3248 1484 3509 1554; x_wconf 84' lang='lat' dir='ltr'><strong>populum</strong></span> 
     </span>
    </p>
   </div>
   <div class='ocr_carea' id='block_1_28' title="bbox 1914 1570 3508 1643">
    <p class='ocr_par' dir='ltr' id='par_1_28' title="bbox 1914 1570 3508 1643">
     <span class='ocr_line' id='line_1_28' title="bbox 1914 1570 3508 1643; baseline 0.004 -20"><span class='ocrx_word' id='word_1_215' title='bbox 1914 1582 2037 1624; x_wconf 84' lang='lat' dir='ltr'><strong>esse</strong></span> <span class='ocrx_word' id='word_1_216' title='bbox 2068 1580 2123 1625; x_wconf 90' lang='lat' dir='ltr'><strong>et</strong></span> <span class='ocrx_word' id='word_1_217' title='bbox 2148 1570 2413 1639; x_wconf 85' lang='lat' dir='ltr'><strong>appellari</strong></span> <span class='ocrx_word' id='word_1_218' title='bbox 2445 1572 2692 1635; x_wconf 86' lang='lat' dir='ltr'><strong>volebat;</strong></span> <span class='ocrx_word' id='word_1_219' title='bbox 2729 1574 2829 1643; x_wconf 86' lang='lat' dir='ltr'><strong>ipsi</strong></span> <span class='ocrx_word' id='word_1_220' title='bbox 2868 1589 2998 1630; x_wconf 85' lang='lat' dir='ltr'><strong>vero</strong></span> <span class='ocrx_word' id='word_1_221' title='bbox 3039 1575 3376 1630; x_wconf 87' lang='lat' dir='ltr'><strong>abnuerunt.</strong></span> <span class='ocrx_word' id='word_1_222' title='bbox 3410 1573 3508 1629; x_wconf 85' lang='lat' dir='ltr'><strong>His</strong></span> 
     </span>
    </p>
   </div>
   <div class='ocr_carea' id='block_1_29' title="bbox 1911 1661 3521 1735">
    <p class='ocr_par' dir='ltr' id='par_1_29' title="bbox 1911 1661 3521 1735">
     <span class='ocr_line' id='line_1_29' title="bbox 1911 1661 3521 1735; baseline 0.006 -21"><span class='ocrx_word' id='word_1_223' title='bbox 1911 1674 2077 1730; x_wconf 88' lang='lat' dir='ltr'><strong>porro</strong></span> <span class='ocrx_word' id='word_1_224' title='bbox 2117 1661 2391 1731; x_wconf 89' lang='lat' dir='ltr'><strong>signiﬁcat</strong></span> <span class='ocrx_word' id='word_1_225' title='bbox 2424 1661 2783 1719; x_wconf 87' lang='lat' dir='ltr'><strong>inimicorum</strong></span> <span class='ocrx_word' id='word_1_226' title='bbox 2838 1665 3296 1735; x_wconf 38' lang='lat' dir='ltr'><strong>irruptionem‘ac</strong></span> <span class='ocrx_word' id='word_1_227' title='bbox 3336 1682 3521 1723; x_wconf 44' lang='lat' dir='ltr'><strong>casos</strong></span> 
     </span>
    </p>
   </div>
   <div class='ocr_carea' id='block_1_30' title="bbox 1913 1753 3511 1821">
    <p class='ocr_par' dir='ltr' id='par_1_30' title="bbox 1913 1753 3511 1821">
     <span class='ocr_line' id='line_1_30' title="bbox 1913 1753 3511 1821; baseline 0.006 -14"><span class='ocrx_word' id='word_1_228' title='bbox 1913 1767 2033 1807; x_wconf 87' lang='lat' dir='ltr'><strong>rum</strong></span> <span class='ocrx_word' id='word_1_229' title='bbox 2071 1753 2478 1809; x_wconf 87' lang='lat' dir='ltr'><strong>multitudinem</strong></span> <span class='ocrx_word' id='word_1_230' title='bbox 2512 1798 2526 1821; x_wconf 92' lang='lat'><strong>,</strong></span> <span class='ocrx_word' id='word_1_231' title='bbox 2566 1756 2639 1811; x_wconf 89' lang='lat' dir='ltr'><strong>ita</strong></span> <span class='ocrx_word' id='word_1_232' title='bbox 2669 1766 2728 1811; x_wconf 89' lang='lat' dir='ltr'><strong>ut</strong></span> <span class='ocrx_word' id='word_1_233' title='bbox 2766 1760 2930 1814; x_wconf 89' lang='lat' dir='ltr'><strong>etiam</strong></span> <span class='ocrx_word' id='word_1_234' title='bbox 2978 1770 3192 1815; x_wconf 87' lang='lat' dir='ltr'><strong>montes</strong></span> <span class='ocrx_word' id='word_1_235' title='bbox 3222 1760 3511 1816; x_wconf 79' lang='lat' dir='ltr'><strong>cadaveri-</strong></span> 
     </span>
    </p>
   </div>
   <div class='ocr_carea' id='block_1_31' title="bbox 194 1823 1809 1919">
    <p class='ocr_par' dir='ltr' id='par_1_31' title="bbox 194 1823 1809 1918">
     <span class='ocr_line' id='line_1_31' title="bbox 194 1823 1809 1918; baseline 0 -19"><span class='ocrx_word' id='word_1_236' title='bbox 194 1848 501 1916; x_wconf 71' lang='grc' dir='ltr'>σωμάτων,</span> <span class='ocrx_word' id='word_1_237' title='bbox 548 1848 644 1901; x_wconf 79' lang='grc' dir='ltr'>καὶ</span> <span class='ocrx_word' id='word_1_238' title='bbox 681 1845 779 1918; x_wconf 77' lang='grc' dir='ltr'>τὴν</span> <span class='ocrx_word' id='word_1_239' title='bbox 821 1845 1007 1918; x_wconf 87' lang='grc' dir='ltr'>χώραν</span> <span class='ocrx_word' id='word_1_240' title='bbox 1053 1823 1272 1900; x_wconf 68' lang='grc' dir='ltr'>ἀπασαν</span> <span class='ocrx_word' id='word_1_241' title='bbox 1322 1846 1432 1899; x_wconf 83' lang='grc' dir='ltr'>τῶν</span> <span class='ocrx_word' id='word_1_242' title='bbox 1468 1846 1809 1917; x_wconf 81' lang='grc' dir='ltr'>θνησῳαίων</span> 
     </span>
    </p>
   </div>
   <div class='ocr_carea' id='block_1_32' title="bbox 1913 1823 3512 1919">
    <p class='ocr_par' dir='ltr' id='par_1_32' title="bbox 1916 1845 3512 1919">
     <span class='ocr_line' id='line_1_32' title="bbox 1916 1845 3512 1919; baseline 0.004 -21"><span class='ocrx_word' id='word_1_243' title='bbox 1916 1847 2016 1898; x_wconf 90' lang='lat' dir='ltr'><strong>bus</strong></span> <span class='ocrx_word' id='word_1_244' title='bbox 2047 1845 2384 1913; x_wconf 83' lang='lat' dir='ltr'><strong>repleantur,</strong></span> <span class='ocrx_word' id='word_1_245' title='bbox 2419 1854 2479 1900; x_wconf 87' lang='lat' dir='ltr'><strong>et</strong></span> <span class='ocrx_word' id='word_1_246' title='bbox 2506 1847 2763 1903; x_wconf 87' lang='lat' dir='ltr'><strong>universa</strong></span> <span class='ocrx_word' id='word_1_247' title='bbox 2802 1848 2952 1919; x_wconf 77' lang='lat' dir='ltr'><strong>regio</strong></span> <span class='ocrx_word' id='word_1_248' title='bbox 2985 1850 3290 1905; x_wconf 89' lang='lat' dir='ltr'><strong>morticinis</strong></span> <span class='ocrx_word' id='word_1_249' title='bbox 3317 1865 3512 1906; x_wconf 90' lang='lat' dir='ltr'><strong>eorum</strong></span> 
     </span>
    </p>
   </div>
   <div class='ocr_carea' id='block_1_33' title="bbox 196 1938 1811 2009">
    <p class='ocr_par' dir='ltr' id='par_1_33' title="bbox 196 1938 1811 2009">
     <span class='ocr_line' id='line_1_33' title="bbox 196 1938 1811 2009; baseline 0.001 -19"><span class='ocrx_word' id='word_1_250' title='bbox 196 1938 384 1990; x_wconf 75' lang='grc' dir='ltr'>αὐτῶν</span> <span class='ocrx_word' id='word_1_251' title='bbox 418 1939 628 2009; x_wconf 81' lang='grc' dir='ltr'>μεστὴν</span> <span class='ocrx_word' id='word_1_252' title='bbox 652 1938 927 2007; x_wconf 79' lang='grc' dir='ltr'>γενέσθαι.</span> <span class='ocrx_word' id='word_1_253' title='bbox 956 1939 1139 1992; x_wconf 83' lang='grc' dir='ltr'><strong>Πάντα</strong></span> <span class='ocrx_word' id='word_1_254' title='bbox 1168 1939 1225 1992; x_wconf 84' lang='grc' dir='ltr'>δὲ</span> <span class='ocrx_word' id='word_1_255' title='bbox 1247 1938 1423 1991; x_wconf 88' lang='grc' dir='ltr'>ταῦτα</span> <span class='ocrx_word' id='word_1_256' title='bbox 1453 1940 1639 2001; x_wconf 76' lang='grc' dir='ltr'>αὐτοῖς</span> <span class='ocrx_word' id='word_1_257' title='bbox 1670 1956 1811 2008; x_wconf 82' lang='grc' dir='ltr'>συμ-</span> 
     </span>
    </p>
   </div>
   <div class='ocr_carea' id='block_1_34' title="bbox 196 2028 1812 2102">
    <p class='ocr_par' dir='ltr' id='par_1_34' title="bbox 196 2028 1812 2102">
     <span class='ocr_line' id='line_1_34' title="bbox 196 2028 1812 2102; baseline 0.001 -20"><span class='ocrx_word' id='word_1_258' title='bbox 196 2029 429 2100; x_wconf 66' lang='grc' dir='ltr'>6ήσεται</span> <span class='ocrx_word' id='word_1_259' title='bbox 466 2034 532 2084; x_wconf 82' lang='grc' dir='ltr'>ὲκ</span> <span class='ocrx_word' id='word_1_260' title='bbox 560 2031 660 2100; x_wconf 83' lang='grc' dir='ltr'><strong>τῆς</strong></span> <span class='ocrx_word' id='word_1_261' title='bbox 692 2030 801 2083; x_wconf 83' lang='grc' dir='ltr'><strong>τῶν</strong></span> <span class='ocrx_word' id='word_1_262' title='bbox 822 2029 1098 2101; x_wconf 86' lang='grc' dir='ltr'>πολεμίων</span> <span class='ocrx_word' id='word_1_263' title='bbox 1126 2031 1339 2100; x_wconf 81' lang='grc' dir='ltr'>ὲφόδου’</span> <span class='ocrx_word' id='word_1_264' title='bbox 1368 2032 1437 2102; x_wconf 78' lang='grc' dir='ltr'>ἣν</span> <span class='ocrx_word' id='word_1_265' title='bbox 1466 2032 1567 2085; x_wconf 82' lang='grc' dir='ltr'><strong>οὐκ</strong></span> <span class='ocrx_word' id='word_1_266' title='bbox 1599 2028 1812 2095; x_wconf 75' lang='grc' dir='ltr'>ἐξὲαυ-</span> 
     </span>
    </p>
   </div>
   <div class='ocr_carea' id='block_1_35' title="bbox 198 2119 1812 2195">
    <p class='ocr_par' dir='ltr' id='par_1_35' title="bbox 198 2119 1812 2195">
     <span class='ocr_line' id='line_1_35' title="bbox 198 2119 1812 2195; baseline 0.001 -20"><span class='ocrx_word' id='word_1_267' title='bbox 198 2123 308 2175; x_wconf 80' lang='grc' dir='ltr'>τῶν</span> <span class='ocrx_word' id='word_1_268' title='bbox 368 2124 733 2193; x_wconf 67' lang='grc' dir='ltr'>ἐποιήσαντο·</span> <span class='ocrx_word' id='word_1_269' title='bbox 788 2121 922 2186; x_wconf 80' lang='grc' dir='ltr'>Θεὸς</span> <span class='ocrx_word' id='word_1_270' title='bbox 969 2122 1026 2175; x_wconf 87' lang='grc' dir='ltr'>δὲ</span> <span class='ocrx_word' id='word_1_271' title='bbox 1069 2119 1208 2194; x_wconf 79' lang='grc' dir='ltr'>ἦγεν</span> <span class='ocrx_word' id='word_1_272' title='bbox 1251 2124 1469 2187; x_wconf 77' lang='grc' dir='ltr'>αὐτοὺς,</span> <span class='ocrx_word' id='word_1_273' title='bbox 1526 2124 1812 2195; x_wconf 75' lang='grc' dir='ltr'>μονονουχὶ</span> 
     </span>
    </p>
   </div>
   <div class='ocr_carea' id='block_1_36' title="bbox 205 2212 1813 2287">
    <p class='ocr_par' dir='ltr' id='par_1_36' title="bbox 205 2212 1813 2287">
     <span class='ocr_line' id='line_1_36' title="bbox 205 2212 1813 2287; baseline 0.002 -22"><span class='ocrx_word' id='word_1_274' title='bbox 205 2212 391 2283; x_wconf 74' lang='grc' dir='ltr'>σύρων</span> <span class='ocrx_word' id='word_1_275' title='bbox 424 2213 523 2267; x_wconf 77' lang='grc' dir='ltr'><strong>καὶ</strong></span> <span class='ocrx_word' id='word_1_276' title='bbox 555 2212 732 2266; x_wconf 74' lang='grc' dir='ltr'>ἕλκων</span> <span class='ocrx_word' id='word_1_277' title='bbox 780 2213 876 2267; x_wconf 71' lang='grc' dir='ltr'><strong>ἐπὶ</strong></span> <span class='ocrx_word' id='word_1_278' title='bbox 904 2214 1003 2285; x_wconf 85' lang='grc' dir='ltr'><strong>τὴν</strong></span> <span class='ocrx_word' id='word_1_279' title='bbox 1033 2214 1142 2267; x_wconf 84' lang='grc' dir='ltr'><strong>τῶν</strong></span> <span class='ocrx_word' id='word_1_280' title='bbox 1171 2215 1660 2287; x_wconf 73' lang='grc' dir='ltr'>καταγορηθέντων</span> <span class='ocrx_word' id='word_1_281' title='bbox 1713 2233 1813 2269; x_wconf 89' lang='grc' dir='ltr'>πο-</span> 
     </span>
    </p>
   </div>
   <div class='ocr_carea' id='block_1_37' title="bbox 203 2304 475 2377">
    <p class='ocr_par' dir='ltr' id='par_1_37' title="bbox 203 2304 475 2377">
     <span class='ocr_line' id='line_1_37' title="bbox 203 2304 475 2377; baseline 0.011 -21"><span class='ocrx_word' id='word_1_282' title='bbox 203 2304 361 2377; x_wconf 79' lang='grc' dir='ltr'>λιορκ</span> <span class='ocrx_word' id='word_1_283' title='bbox 370 2305 475 2359; x_wconf 77' lang='grc' dir='ltr'>ίαν.</span> 
     </span>
    </p>
   </div>
   <div class='ocr_carea' id='block_1_38' title="bbox 280 2398 1809 2472">
    <p class='ocr_par' dir='ltr' id='par_1_38' title="bbox 280 2398 1809 2472">
     <span class='ocr_line' id='line_1_38' title="bbox 280 2398 1809 2472; baseline 0.001 -22"><span class='ocrx_word' id='word_1_284' title='bbox 280 2417 297 2450; x_wconf 85' lang='grc' dir='ltr'><strong>ι</strong></span> <span class='ocrx_word' id='word_1_285' title='bbox 341 2398 484 2451; x_wconf 76' lang='grc' dir='ltr'>Ἀλλ’</span> <span class='ocrx_word' id='word_1_286' title='bbox 516 2399 598 2452; x_wconf 73' lang='grc' dir='ltr'>ἔτι</span> <span class='ocrx_word' id='word_1_287' title='bbox 636 2402 670 2469; x_wconf 77' lang='grc' dir='ltr'>ἡ</span> <span class='ocrx_word' id='word_1_288' title='bbox 721 2399 845 2472; x_wconf 74' lang='grc' dir='ltr'>χεὶρ</span> <span class='ocrx_word' id='word_1_289' title='bbox 875 2398 1053 2471; x_wconf 63' lang='grc' dir='ltr'><strong>ὑιῖιηλή</strong></span> <span class='ocrx_word' id='word_1_290' title='bbox 1077 2416 1091 2431; x_wconf 76' lang='grc' dir='ltr'><strong><em>ο</em></strong></span> <span class='ocrx_word' id='word_1_291' title='bbox 1130 2399 1419 2471; x_wconf 80' lang='grc' dir='ltr'>τοιγαροῦν</span> <span class='ocrx_word' id='word_1_292' title='bbox 1446 2400 1571 2471; x_wconf 83' lang='grc' dir='ltr'>ἀρετ</span> <span class='ocrx_word' id='word_1_293' title='bbox 1605 2399 1809 2471; x_wconf 84' lang='grc' dir='ltr'>σύσση-</span> 
     </span>
    </p>
   </div>
   <div class='ocr_carea' id='block_1_39' title="bbox 210 2490 1809 2563">
    <p class='ocr_par' dir='ltr' id='par_1_39' title="bbox 210 2490 1809 2563">
     <span class='ocr_line' id='line_1_39' title="bbox 210 2490 1809 2563; baseline 0.001 -21"><span class='ocrx_word' id='word_1_294' title='bbox 210 2508 307 2561; x_wconf 75' lang='grc' dir='ltr'>μον</span> <span class='ocrx_word' id='word_1_295' title='bbox 339 2494 455 2553; x_wconf 84' lang='grc' dir='ltr'>τοῖς</span> <span class='ocrx_word' id='word_1_296' title='bbox 488 2490 665 2546; x_wconf 75' lang='grc' dir='ltr'>ἔθνεσι</span> <span class='ocrx_word' id='word_1_297' title='bbox 693 2493 806 2555; x_wconf 77' lang='grc' dir='ltr'>τοῖς</span> <span class='ocrx_word' id='word_1_298' title='bbox 842 2490 1135 2562; x_wconf 77' lang='grc' dir='ltr'><strong>μακρόθεν,</strong></span> <span class='ocrx_word' id='word_1_299' title='bbox 1165 2492 1259 2545; x_wconf 79' lang='grc' dir='ltr'><strong>καὶ</strong></span> <span class='ocrx_word' id='word_1_300' title='bbox 1290 2493 1469 2563; x_wconf 85' lang='grc' dir='ltr'>συριεῖ</span> <span class='ocrx_word' id='word_1_301' title='bbox 1494 2492 1692 2555; x_wconf 80' lang='grc' dir='ltr'>αὐτοὺς</span> <span class='ocrx_word' id='word_1_302' title='bbox 1714 2491 1809 2545; x_wconf 87' lang='grc' dir='ltr'>ἀπ’</span> 
     </span>
    </p>
   </div>
   <div class='ocr_carea' id='block_1_40' title="bbox 209 2581 1808 2655">
    <p class='ocr_par' dir='ltr' id='par_1_40' title="bbox 209 2581 1808 2655">
     <span class='ocr_line' id='line_1_40' title="bbox 209 2581 1808 2655; baseline 0.001 -21"><span class='ocrx_word' id='word_1_303' title='bbox 209 2582 379 2655; x_wconf 79' lang='grc' dir='ltr'>ἀκρου</span> <span class='ocrx_word' id='word_1_304' title='bbox 407 2582 511 2653; x_wconf 82' lang='grc' dir='ltr'><strong>τῆς</strong></span> <span class='ocrx_word' id='word_1_305' title='bbox 540 2584 665 2653; x_wconf 81' lang='grc' dir='ltr'>γῆς.</span> <span class='ocrx_word' id='word_1_306' title='bbox 694 2602 713 2634; x_wconf 73' lang='grc' dir='ltr'><strong>ι</strong></span> <span class='ocrx_word' id='word_1_307' title='bbox 764 2581 974 2654; x_wconf 76' lang='grc' dir='ltr'>Ὑψηλὴ</span> <span class='ocrx_word' id='word_1_308' title='bbox 1021 2582 1152 2652; x_wconf 87' lang='grc' dir='ltr'>γοῦν</span> <span class='ocrx_word' id='word_1_309' title='bbox 1183 2585 1217 2653; x_wconf 86' lang='grc' dir='ltr'>ὴ</span> <span class='ocrx_word' id='word_1_310' title='bbox 1250 2582 1345 2636; x_wconf 85' lang='grc' dir='ltr'><strong>τοῦ</strong></span> <span class='ocrx_word' id='word_1_311' title='bbox 1374 2582 1511 2637; x_wconf 87' lang='grc' dir='ltr'>Θεοῦ</span> <span class='ocrx_word' id='word_1_312' title='bbox 1542 2584 1665 2655; x_wconf 72' lang='grc' dir='ltr'>χεὶρ</span> <span class='ocrx_word' id='word_1_313' title='bbox 1687 2585 1808 2637; x_wconf 88' lang='grc' dir='ltr'>κατ’</span> 
     </span>
    </p>
   </div>
   <div class='ocr_carea' id='block_1_41' title="bbox 212 2666 1804 2746">
    <p class='ocr_par' dir='ltr' id='par_1_41' title="bbox 212 2666 1804 2746">
     <span class='ocr_line' id='line_1_41' title="bbox 212 2666 1804 2746; baseline 0.002 -20"><span class='ocrx_word' id='word_1_314' title='bbox 212 2674 387 2727; x_wconf 69' lang='grc' dir='ltr'>αὐτῶν</span> <span class='ocrx_word' id='word_1_315' title='bbox 418 2666 638 2745; x_wconf 81' lang='grc' dir='ltr'>ὑπῆρχε</span> <span class='ocrx_word' id='word_1_316' title='bbox 675 2676 766 2728; x_wconf 79' lang='grc' dir='ltr'>διὰ</span> <span class='ocrx_word' id='word_1_317' title='bbox 800 2676 864 2729; x_wconf 79' lang='grc' dir='ltr'><strong>τὸ</strong></span> <span class='ocrx_word' id='word_1_318' title='bbox 896 2675 1155 2745; x_wconf 82' lang='grc' dir='ltr'>ἐπίμονον</span> <span class='ocrx_word' id='word_1_319' title='bbox 1188 2675 1365 2731; x_wconf 78' lang='grc' dir='ltr'>αὐτῶν</span> <span class='ocrx_word' id='word_1_320' title='bbox 1396 2676 1499 2746; x_wconf 82' lang='grc' dir='ltr'><strong>τῆς</strong></span> <span class='ocrx_word' id='word_1_321' title='bbox 1528 2677 1804 2739; x_wconf 83' lang='grc' dir='ltr'>ἀπιστίας.</span> 
     </span>
    </p>
   </div>
   <div class='ocr_carea' id='block_1_42' title="bbox 212 2766 1807 2840">
    <p class='ocr_par' dir='ltr' id='par_1_42' title="bbox 212 2766 1807 2840">
     <span class='ocr_line' id='line_1_42' title="bbox 212 2766 1807 2840; baseline 0.001 -20"><span class='ocrx_word' id='word_1_322' title='bbox 212 2766 281 2820; x_wconf 63' lang='lat' dir='ltr'><strong>Th</strong></span> <span class='ocrx_word' id='word_1_323' title='bbox 306 2768 417 2837; x_wconf 76' lang='grc' dir='ltr'><strong>γὰρ</strong></span> <span class='ocrx_word' id='word_1_324' title='bbox 445 2767 512 2837; x_wconf 82' lang='grc' dir='ltr'>δὴ</span> <span class='ocrx_word' id='word_1_325' title='bbox 542 2770 747 2839; x_wconf 82' lang='grc' dir='ltr'>χεῖρον,</span> <span class='ocrx_word' id='word_1_326' title='bbox 778 2769 860 2821; x_wconf 85' lang='grc' dir='ltr'>ὅτι</span> <span class='ocrx_word' id='word_1_327' title='bbox 889 2767 1009 2820; x_wconf 76' lang='grc' dir='ltr'>οὐδὲ</span> <span class='ocrx_word' id='word_1_328' title='bbox 1044 2768 1249 2822; x_wconf 85' lang='grc' dir='ltr'>τούτων</span> <span class='ocrx_word' id='word_1_329' title='bbox 1288 2769 1612 2839; x_wconf 85' lang='grc' dir='ltr'>γινομένων,</span> <span class='ocrx_word' id='word_1_330' title='bbox 1649 2770 1807 2840; x_wconf 79' lang='grc' dir='ltr'>φησὶ,</span> 
     </span>
    </p>
   </div>
   <div class='ocr_carea' id='block_1_43' title="bbox 215 2858 1812 2932">
    <p class='ocr_par' dir='ltr' id='par_1_43' title="bbox 215 2858 1812 2932">
     <span class='ocr_line' id='line_1_43' title="bbox 215 2858 1812 2932; baseline 0.003 -23"><span class='ocrx_word' id='word_1_331' title='bbox 215 2858 611 2931; x_wconf 74' lang='grc' dir='ltr'>ἐπιεικέστεροι</span> <span class='ocrx_word' id='word_1_332' title='bbox 664 2859 978 2927; x_wconf 87' lang='grc' dir='ltr'>γεγόνασιν,</span> <span class='ocrx_word' id='word_1_333' title='bbox 1032 2860 1168 2914; x_wconf 87' lang='grc' dir='ltr'>ἁλλά</span> <span class='ocrx_word' id='word_1_334' title='bbox 1218 2863 1331 2924; x_wconf 85' lang='grc' dir='ltr'>τοῖς</span> <span class='ocrx_word' id='word_1_335' title='bbox 1378 2860 1564 2925; x_wconf 78' lang='grc' dir='ltr'>αὐτοῖς</span> <span class='ocrx_word' id='word_1_336' title='bbox 1614 2862 1812 2932; x_wconf 76' lang='grc' dir='ltr'><strong>ἐπιμέ-</strong></span> 
     </span>
    </p>
   </div>
   <div class='ocr_carea' id='block_1_44' title="bbox 214 2967 410 3003">
    <p class='ocr_par' dir='ltr' id='par_1_44' title="bbox 214 2967 410 3003">
     <span class='ocr_line' id='line_1_44' title="bbox 214 2967 410 3003; baseline -0.01 0"><span class='ocrx_word' id='word_1_337' title='bbox 214 2967 410 3003; x_wconf 76' lang='grc' dir='ltr'>νουσιν.</span> 
     </span>
    </p>
   </div>
   <div class='ocr_carea' id='block_1_45' title="bbox 285 3041 1809 3117">
    <p class='ocr_par' dir='ltr' id='par_1_45' title="bbox 285 3041 1809 3117">
     <span class='ocr_line' id='line_1_45' title="bbox 285 3041 1809 3117; baseline 0.001 -21"><span class='ocrx_word' id='word_1_338' title='bbox 285 3065 301 3096; x_wconf 85' lang='grc' dir='ltr'><strong>ι</strong></span> <span class='ocrx_word' id='word_1_339' title='bbox 325 3045 435 3098; x_wconf 76' lang='grc' dir='ltr'>Καὶ</span> <span class='ocrx_word' id='word_1_340' title='bbox 458 3041 647 3115; x_wconf 75' lang='grc' dir='ltr'>βοήσει</span> <span class='ocrx_word' id='word_1_341' title='bbox 667 3042 735 3097; x_wconf 85' lang='grc' dir='ltr'>δι’</span> <span class='ocrx_word' id='word_1_342' title='bbox 759 3042 957 3107; x_wconf 79' lang='grc' dir='ltr'>αὐτοὺς</span> <span class='ocrx_word' id='word_1_343' title='bbox 973 3044 1029 3096; x_wconf 77' lang='grc' dir='ltr'>ὲν</span> <span class='ocrx_word' id='word_1_344' title='bbox 1044 3046 1110 3114; x_wconf 80' lang='grc' dir='ltr'>τῇ</span> <span class='ocrx_word' id='word_1_345' title='bbox 1137 3044 1323 3116; x_wconf 76' lang='grc' dir='ltr'>ἡμέρα</span> <span class='ocrx_word' id='word_1_346' title='bbox 1353 3044 1539 3117; x_wconf 75' lang='grc' dir='ltr'>ἐκείνῃ</span> <span class='ocrx_word' id='word_1_347' title='bbox 1560 3044 1637 3108; x_wconf 87' lang='grc' dir='ltr'>ὼς</span> <span class='ocrx_word' id='word_1_348' title='bbox 1657 3044 1809 3117; x_wconf 82' lang='grc' dir='ltr'>φωνὴ</span> 
     </span>
    </p>
   </div>
   <div class='ocr_carea' id='block_1_46' title="bbox 1913 1938 3515 2009">
    <p class='ocr_par' dir='ltr' id='par_1_46' title="bbox 1913 1938 3515 2009">
     <span class='ocr_line' id='line_1_46' title="bbox 1913 1938 3515 2009; baseline 0.005 -19"><span class='ocrx_word' id='word_1_349' title='bbox 1913 1938 2069 2009; x_wconf 88' lang='lat' dir='ltr'><strong>plena</strong></span> <span class='ocrx_word' id='word_1_350' title='bbox 2104 1940 2322 1997; x_wconf 83' lang='lat' dir='ltr'><strong>evadat.</strong></span> <span class='ocrx_word' id='word_1_351' title='bbox 2353 1938 2480 1996; x_wconf 67' lang='lat' dir='ltr'><strong>Haec</strong></span> <span class='ocrx_word' id='word_1_352' title='bbox 2526 1952 2711 1997; x_wconf 87' lang='lat' dir='ltr'><strong>autem</strong></span> <span class='ocrx_word' id='word_1_353' title='bbox 2745 1943 2927 1997; x_wconf 82' lang='lat' dir='ltr'><strong>omnia</strong></span> <span class='ocrx_word' id='word_1_354' title='bbox 2970 1957 3035 1997; x_wconf 89' lang='lat' dir='ltr'><strong>ex</strong></span> <span class='ocrx_word' id='word_1_355' title='bbox 3074 1944 3313 1999; x_wconf 86' lang='lat' dir='ltr'><strong>hostium</strong></span> <span class='ocrx_word' id='word_1_356' title='bbox 3358 1945 3515 2000; x_wconf 88' lang='lat' dir='ltr'><strong>iuva-</strong></span> 
     </span>
    </p>
   </div>
   <div class='ocr_carea' id='block_1_47' title="bbox 1912 2032 3625 2117">
    <p class='ocr_par' dir='ltr' id='par_1_47' title="bbox 1912 2032 3625 2117">
     <span class='ocr_line' id='line_1_47' title="bbox 1912 2032 3625 2117; baseline 0.002 -30"><span class='ocrx_word' id='word_1_357' title='bbox 1912 2032 2068 2088; x_wconf 88' lang='lat' dir='ltr'><strong>sione</strong></span> <span class='ocrx_word' id='word_1_358' title='bbox 2093 2033 2225 2103; x_wconf 86' lang='lat' dir='ltr'><strong>ipsis</strong></span> <span class='ocrx_word' id='word_1_359' title='bbox 2263 2034 2564 2089; x_wconf 79' lang='lat' dir='ltr'><strong>evenient:</strong></span> <span class='ocrx_word' id='word_1_360' title='bbox 2609 2050 2775 2103; x_wconf 87' lang='lat' dir='ltr'><strong>quam</strong></span> <span class='ocrx_word' id='word_1_361' title='bbox 2807 2037 2912 2106; x_wconf 89' lang='lat' dir='ltr'><strong>ipsi</strong></span> <span class='ocrx_word' id='word_1_362' title='bbox 2949 2052 3058 2093; x_wconf 87' lang='lat' dir='ltr'><strong>non</strong></span> <span class='ocrx_word' id='word_1_363' title='bbox 3100 2047 3304 2108; x_wconf 89' lang='lat' dir='ltr'><strong>suopte</strong></span> <span class='ocrx_word' id='word_1_364' title='bbox 3358 2047 3511 2092; x_wconf 90' lang='lat' dir='ltr'><strong>motu</strong></span> <span class='ocrx_word' id='word_1_365' title='bbox 3620 2110 3625 2117; x_wconf 22' lang='grc' dir='ltr'><em>ί</em></span> 
     </span>
    </p>
   </div>
   <div class='ocr_carea' id='block_1_48' title="bbox 1913 2123 3516 2198">
    <p class='ocr_par' dir='ltr' id='par_1_48' title="bbox 1913 2123 3516 2198">
     <span class='ocr_line' id='line_1_48' title="bbox 1913 2123 3516 2198; baseline 0.005 -21"><span class='ocrx_word' id='word_1_366' title='bbox 1913 2123 2168 2183; x_wconf 79' lang='lat' dir='ltr'><strong>fecerunt</strong></span> <span class='ocrx_word' id='word_1_367' title='bbox 2201 2169 2216 2193; x_wconf 95' lang='lat'><strong>,</strong></span> <span class='ocrx_word' id='word_1_368' title='bbox 2249 2129 2344 2181; x_wconf 89' lang='lat' dir='ltr'><strong>sed</strong></span> <span class='ocrx_word' id='word_1_369' title='bbox 2370 2126 2480 2181; x_wconf 92' lang='lat' dir='ltr'><strong>Deo</strong></span> <span class='ocrx_word' id='word_1_370' title='bbox 2510 2138 2737 2198; x_wconf 81' lang='lat' dir='ltr'><strong>agente,</strong></span> <span class='ocrx_word' id='word_1_371' title='bbox 2766 2140 2821 2184; x_wconf 88' lang='lat' dir='ltr'><strong>et</strong></span> <span class='ocrx_word' id='word_1_372' title='bbox 2850 2138 3063 2184; x_wconf 90' lang='lat' dir='ltr'><strong>tantum</strong></span> <span class='ocrx_word' id='word_1_373' title='bbox 3112 2145 3220 2185; x_wconf 86' lang='lat' dir='ltr'><strong>non</strong></span> <span class='ocrx_word' id='word_1_374' title='bbox 3260 2129 3516 2185; x_wconf 82' lang='lat' dir='ltr'><strong>trahente</strong></span> 
     </span>
    </p>
   </div>
   <div class='ocr_carea' id='block_1_49' title="bbox 1914 2216 3157 2287">
    <p class='ocr_par' dir='ltr' id='par_1_49' title="bbox 1914 2216 3157 2287">
     <span class='ocr_line' id='line_1_49' title="bbox 1914 2216 3157 2287; baseline 0.005 -17"><span class='ocrx_word' id='word_1_375' title='bbox 1914 2230 1981 2271; x_wconf 91' lang='lat' dir='ltr'><strong>ac</strong></span> <span class='ocrx_word' id='word_1_376' title='bbox 2005 2216 2245 2287; x_wconf 84' lang='lat' dir='ltr'><strong>pellente</strong></span> <span class='ocrx_word' id='word_1_377' title='bbox 2272 2218 2394 2274; x_wconf 91' lang='lat' dir='ltr'><strong>illos</strong></span> <span class='ocrx_word' id='word_1_378' title='bbox 2418 2219 2485 2273; x_wconf 85' lang='lat' dir='ltr'><strong>ad</strong></span> <span class='ocrx_word' id='word_1_379' title='bbox 2521 2234 2741 2275; x_wconf 84' lang='lat' dir='ltr'><strong>reorum</strong></span> <span class='ocrx_word' id='word_1_380' title='bbox 2790 2221 3157 2277; x_wconf 81' lang='lat' dir='ltr'><strong>obsidionem.</strong></span> 
     </span>
    </p>
   </div>
   <div class='ocr_carea' id='block_1_50' title="bbox 1984 2376 3510 2475">
    <p class='ocr_par' dir='ltr' id='par_1_50' title="bbox 1984 2376 3510 2475">
     <span class='ocr_line' id='line_1_50' title="bbox 1984 2376 3510 2475; baseline 0.002 -22"><span class='ocrx_word' id='word_1_381' title='bbox 1984 2397 2149 2454; x_wconf 69' lang='lat' dir='ltr'><strong>Vens.</strong></span> <span class='ocrx_word' id='word_1_382' title='bbox 2175 2399 2266 2454; x_wconf 70' lang='lat'><strong>26.</strong></span> <span class='ocrx_word' id='word_1_383' title='bbox 2319 2419 2338 2452; x_wconf 78' lang='grc' dir='ltr'><strong>ι</strong></span> <span class='ocrx_word' id='word_1_384' title='bbox 2377 2400 2487 2456; x_wconf 88' lang='lat' dir='ltr'><strong>Sed</strong></span> <span class='ocrx_word' id='word_1_385' title='bbox 2520 2376 2744 2471; x_wconf 82' lang='lat' dir='ltr'><strong>insuper</strong></span> <span class='ocrx_word' id='word_1_386' title='bbox 2782 2417 2976 2458; x_wconf 82' lang='lat' dir='ltr'><strong>manus</strong></span> <span class='ocrx_word' id='word_1_387' title='bbox 3009 2402 3106 2458; x_wconf 92' lang='lat' dir='ltr'><strong>Dei</strong></span> <span class='ocrx_word' id='word_1_388' title='bbox 3131 2402 3377 2459; x_wconf 88' lang='lat' dir='ltr'><strong>excelsa:</strong></span> <span class='ocrx_word' id='word_1_389' title='bbox 3407 2404 3510 2475; x_wconf 82' lang='lat' dir='ltr'><strong>igi-</strong></span> 
     </span>
    </p>
   </div>
   <div class='ocr_carea' id='block_1_51' title="bbox 1916 2492 3512 2566">
    <p class='ocr_par' dir='ltr' id='par_1_51' title="bbox 1916 2492 3512 2566">
     <span class='ocr_line' id='line_1_51' title="bbox 1916 2492 3512 2566; baseline 0.003 -21"><span class='ocrx_word' id='word_1_390' title='bbox 1916 2500 2001 2546; x_wconf 87' lang='lat' dir='ltr'><strong>tur</strong></span> <span class='ocrx_word' id='word_1_391' title='bbox 2031 2492 2274 2548; x_wconf 89' lang='lat' dir='ltr'><strong>elevabit</strong></span> <span class='ocrx_word' id='word_1_392' title='bbox 2305 2494 2519 2565; x_wconf 81' lang='lat' dir='ltr'><strong>signum</strong></span> <span class='ocrx_word' id='word_1_393' title='bbox 2550 2495 2805 2566; x_wconf 83' lang='lat' dir='ltr'><strong>gentibus</strong></span> <span class='ocrx_word' id='word_1_394' title='bbox 2858 2494 3197 2566; x_wconf 84' lang='lat' dir='ltr'><strong>longinquis,</strong></span> <span class='ocrx_word' id='word_1_395' title='bbox 3245 2504 3299 2550; x_wconf 91' lang='lat' dir='ltr'><strong>et</strong></span> <span class='ocrx_word' id='word_1_396' title='bbox 3331 2495 3512 2550; x_wconf 89' lang='lat' dir='ltr'><strong>trahet</strong></span> 
     </span>
    </p>
   </div>
   <div class='ocr_carea' id='block_1_52' title="bbox 1911 2584 3512 2660">
    <p class='ocr_par' dir='ltr' id='par_1_52' title="bbox 1911 2584 3512 2660">
     <span class='ocr_line' id='line_1_52' title="bbox 1911 2584 3512 2660; baseline 0.002 -21"><span class='ocrx_word' id='word_1_397' title='bbox 1911 2599 2007 2640; x_wconf 87' lang='lat' dir='ltr'><strong>eas</strong></span> <span class='ocrx_word' id='word_1_398' title='bbox 2032 2584 2100 2641; x_wconf 93' lang='lat' dir='ltr'><strong>ab</strong></span> <span class='ocrx_word' id='word_1_399' title='bbox 2129 2595 2381 2641; x_wconf 84' lang='lat' dir='ltr'><strong>extremo</strong></span> <span class='ocrx_word' id='word_1_400' title='bbox 2412 2597 2593 2643; x_wconf 70' lang='lat' dir='ltr'><strong>terrm.</strong></span> <span class='ocrx_word' id='word_1_401' title='bbox 2640 2607 2659 2640; x_wconf 72' lang='grc' dir='ltr'>υ</span> <span class='ocrx_word' id='word_1_402' title='bbox 2708 2588 2930 2643; x_wconf 78' lang='lat' dir='ltr'><strong>Excelsa</strong></span> <span class='ocrx_word' id='word_1_403' title='bbox 2969 2590 3137 2660; x_wconf 89' lang='lat' dir='ltr'><strong>igitur</strong></span> <span class='ocrx_word' id='word_1_404' title='bbox 3170 2595 3361 2645; x_wconf 87' lang='lat' dir='ltr'><strong>coutra</strong></span> <span class='ocrx_word' id='word_1_405' title='bbox 3390 2589 3512 2643; x_wconf 85' lang='lat' dir='ltr'><strong>illos</strong></span> 
     </span>
    </p>
   </div>
   <div class='ocr_carea' id='block_1_53' title="bbox 1914 2676 3485 2750">
    <p class='ocr_par' dir='ltr' id='par_1_53' title="bbox 1914 2676 3485 2750">
     <span class='ocr_line' id='line_1_53' title="bbox 1914 2676 3485 2750; baseline 0.004 -20"><span class='ocrx_word' id='word_1_406' title='bbox 1914 2676 2017 2731; x_wconf 81' lang='lat' dir='ltr'><strong>fuit</strong></span> <span class='ocrx_word' id='word_1_407' title='bbox 2050 2692 2245 2732; x_wconf 89' lang='lat' dir='ltr'><strong>manus</strong></span> <span class='ocrx_word' id='word_1_408' title='bbox 2281 2677 2403 2745; x_wconf 87' lang='lat' dir='ltr'><strong>Dei,</strong></span> <span class='ocrx_word' id='word_1_409' title='bbox 2432 2679 2503 2735; x_wconf 91' lang='lat' dir='ltr'><strong>ob</strong></span> <span class='ocrx_word' id='word_1_410' title='bbox 2551 2678 2962 2735; x_wconf 83' lang='lat' dir='ltr'><strong>incredulitatis</strong></span> <span class='ocrx_word' id='word_1_411' title='bbox 3012 2695 3205 2736; x_wconf 86' lang='lat' dir='ltr'><strong>eorum</strong></span> <span class='ocrx_word' id='word_1_412' title='bbox 3255 2694 3485 2750; x_wconf 89' lang='lat' dir='ltr'><strong>perseve</strong></span> 
     </span>
    </p>
   </div>
   <div class='ocr_carea' id='block_1_54' title="bbox 1911 2768 3509 2843">
    <p class='ocr_par' dir='ltr' id='par_1_54' title="bbox 1911 2768 3509 2843">
     <span class='ocr_line' id='line_1_54' title="bbox 1911 2768 3509 2843; baseline 0.004 -22"><span class='ocrx_word' id='word_1_413' title='bbox 1911 2768 2171 2825; x_wconf 86' lang='lat' dir='ltr'><strong>rantiam.</strong></span> <span class='ocrx_word' id='word_1_414' title='bbox 2218 2768 2373 2836; x_wconf 90' lang='lat' dir='ltr'><strong>Quod</strong></span> <span class='ocrx_word' id='word_1_415' title='bbox 2427 2769 2578 2825; x_wconf 88' lang='lat' dir='ltr'><strong>enim</strong></span> <span class='ocrx_word' id='word_1_416' title='bbox 2622 2770 2870 2827; x_wconf 82' lang='lat' dir='ltr'><strong>deterius</strong></span> <span class='ocrx_word' id='word_1_417' title='bbox 2906 2782 3013 2835; x_wconf 89' lang='lat' dir='ltr'><strong>est,</strong></span> <span class='ocrx_word' id='word_1_418' title='bbox 3052 2787 3120 2827; x_wconf 89' lang='lat' dir='ltr'><strong>ue</strong></span> <span class='ocrx_word' id='word_1_419' title='bbox 3157 2772 3263 2828; x_wconf 86' lang='lat' dir='ltr'><strong>illis</strong></span> <span class='ocrx_word' id='word_1_420' title='bbox 3288 2772 3509 2843; x_wconf 85' lang='lat' dir='ltr'><strong>quidem</strong></span> 
     </span>
    </p>
   </div>
   <div class='ocr_carea' id='block_1_55' title="bbox 1912 2860 3509 2932">
    <p class='ocr_par' dir='ltr' id='par_1_55' title="bbox 1912 2860 3509 2932">
     <span class='ocr_line' id='line_1_55' title="bbox 1912 2860 3509 2932; baseline 0.003 -19"><span class='ocrx_word' id='word_1_421' title='bbox 1912 2860 1985 2913; x_wconf 92' lang='lat' dir='ltr'><strong>ita</strong></span> <span class='ocrx_word' id='word_1_422' title='bbox 2022 2862 2194 2931; x_wconf 87' lang='lat' dir='ltr'><strong>gestis</strong></span> <span class='ocrx_word' id='word_1_423' title='bbox 2233 2862 2506 2932; x_wconf 77' lang='lat' dir='ltr'><strong>aequiores</strong></span> <span class='ocrx_word' id='word_1_424' title='bbox 2550 2861 2682 2916; x_wconf 82' lang='lat' dir='ltr'><strong>facti</strong></span> <span class='ocrx_word' id='word_1_425' title='bbox 2718 2870 2880 2929; x_wconf 81' lang='lat' dir='ltr'><strong>sunt,</strong></span> <span class='ocrx_word' id='word_1_426' title='bbox 2919 2861 3243 2918; x_wconf 83' lang='lat' dir='ltr'><strong>sedeodem</strong></span> <span class='ocrx_word' id='word_1_427' title='bbox 3279 2864 3334 2917; x_wconf 91' lang='lat' dir='ltr'><strong>in</strong></span> <span class='ocrx_word' id='word_1_428' title='bbox 3362 2871 3509 2918; x_wconf 86' lang='lat' dir='ltr'><strong>statu</strong></span> 
     </span>
    </p>
   </div>
   <div class='ocr_carea' id='block_1_56' title="bbox 1915 2964 2291 3022">
    <p class='ocr_par' dir='ltr' id='par_1_56' title="bbox 1915 2964 2291 3022">
     <span class='ocr_line' id='line_1_56' title="bbox 1915 2964 2291 3022; baseline 0 -13"><span class='ocrx_word' id='word_1_429' title='bbox 1915 2964 2291 3022; x_wconf 81' lang='lat' dir='ltr'><strong>perseverant.</strong></span> 
     </span>
    </p>
   </div>
   <div class='ocr_carea' id='block_1_57' title="bbox 1987 3044 3508 3116">
    <p class='ocr_par' dir='ltr' id='par_1_57' title="bbox 1987 3044 3508 3116">
     <span class='ocr_line' id='line_1_57' title="bbox 1987 3044 3508 3116; baseline 0.003 -17"><span class='ocrx_word' id='word_1_430' title='bbox 1987 3045 2152 3101; x_wconf 72' lang='lat' dir='ltr'><strong>Vsus.</strong></span> <span class='ocrx_word' id='word_1_431' title='bbox 2178 3044 2270 3101; x_wconf 77' lang='lat'><strong>30.</strong></span> <span class='ocrx_word' id='word_1_432' title='bbox 2319 3064 2339 3098; x_wconf 76' lang='grc' dir='ltr'><strong>ι</strong></span> <span class='ocrx_word' id='word_1_433' title='bbox 2378 3045 2445 3101; x_wconf 84' lang='lat' dir='ltr'><strong>Et</strong></span> <span class='ocrx_word' id='word_1_434' title='bbox 2474 3046 2736 3101; x_wconf 87' lang='lat' dir='ltr'><strong>clamabit</strong></span> <span class='ocrx_word' id='word_1_435' title='bbox 2778 3054 3003 3116; x_wconf 87' lang='lat' dir='ltr'><strong>propter</strong></span> <span class='ocrx_word' id='word_1_436' title='bbox 3039 3061 3137 3103; x_wconf 90' lang='lat' dir='ltr'><strong>eos</strong></span> <span class='ocrx_word' id='word_1_437' title='bbox 3184 3046 3237 3101; x_wconf 91' lang='lat' dir='ltr'><strong>in</strong></span> <span class='ocrx_word' id='word_1_438' title='bbox 3274 3046 3365 3102; x_wconf 89' lang='lat' dir='ltr'><strong>die</strong></span> <span class='ocrx_word' id='word_1_439' title='bbox 3413 3046 3508 3103; x_wconf 89' lang='lat' dir='ltr'><strong>illa</strong></span> 
     </span>
    </p>
   </div>
   <div class='ocr_carea' id='block_1_58' title="bbox 214 3132 1809 3231">
    <p class='ocr_par' dir='ltr' id='par_1_58' title="bbox 214 3132 1809 3208">
     <span class='ocr_line' id='line_1_58' title="bbox 214 3132 1809 3208; baseline 0 -17"><span class='ocrx_word' id='word_1_440' title='bbox 214 3137 487 3207; x_wconf 73' lang='grc' dir='ltr'><strong>θαλάσσης</strong></span> <span class='ocrx_word' id='word_1_441' title='bbox 551 3134 995 3207; x_wconf 78' lang='grc' dir='ltr'>κυμαινούσης.»</span> <span class='ocrx_word' id='word_1_442' title='bbox 1064 3135 1332 3189; x_wconf 82' lang='grc' dir='ltr'><strong>Ἐνταῦθα</strong></span> <span class='ocrx_word' id='word_1_443' title='bbox 1387 3132 1480 3191; x_wconf 85' lang='grc' dir='ltr'><strong>οῦν</strong></span> <span class='ocrx_word' id='word_1_444' title='bbox 1538 3137 1809 3208; x_wconf 82' lang='grc' dir='ltr'>προσήκει</span> 
     </span>
    </p>
   </div>
   <div class='ocr_carea' id='block_1_59' title="bbox 1913 3132 3510 3231">
    <p class='ocr_par' dir='ltr' id='par_1_59' title="bbox 1913 3138 3510 3208">
     <span class='ocr_line' id='line_1_59' title="bbox 1913 3138 3510 3208; baseline 0.002 -15"><span class='ocrx_word' id='word_1_445' title='bbox 1913 3139 2069 3208; x_wconf 87' lang='lat' dir='ltr'><strong>quasi</strong></span> <span class='ocrx_word' id='word_1_446' title='bbox 2110 3154 2214 3194; x_wconf 86' lang='lat' dir='ltr'><strong>vox</strong></span> <span class='ocrx_word' id='word_1_447' title='bbox 2248 3140 2419 3193; x_wconf 91' lang='lat' dir='ltr'><strong>maris</strong></span> <span class='ocrx_word' id='word_1_448' title='bbox 2451 3140 2757 3193; x_wconf 72' lang='lat' dir='ltr'><strong>aestuantis.</strong></span> <span class='ocrx_word' id='word_1_449' title='bbox 2784 3158 2805 3191; x_wconf 74' lang='grc' dir='ltr'><strong>ι</strong></span> <span class='ocrx_word' id='word_1_450' title='bbox 2841 3138 2941 3193; x_wconf 86' lang='lat' dir='ltr'><strong>Hic</strong></span> <span class='ocrx_word' id='word_1_451' title='bbox 2966 3141 3510 3196; x_wconf 83' lang='lat' dir='ltr'><strong>animadvertendum</strong></span> 
     </span>
    </p>
   </div>
   <div class='ocr_carea' id='block_1_60' title="bbox 216 3226 1809 3301">
    <p class='ocr_par' dir='ltr' id='par_1_60' title="bbox 216 3226 1808 3301">
     <span class='ocr_line' id='line_1_60' title="bbox 216 3226 1808 3301; baseline 0.003 -19"><span class='ocrx_word' id='word_1_452' title='bbox 216 3228 505 3298; x_wconf 68' lang='grc' dir='ltr'>ἐπιστῆσαι</span> <span class='ocrx_word' id='word_1_453' title='bbox 552 3228 647 3279; x_wconf 82' lang='grc' dir='ltr'><strong>τὸν</strong></span> <span class='ocrx_word' id='word_1_454' title='bbox 689 3226 851 3289; x_wconf 86' lang='grc' dir='ltr'>νοῦν,</span> <span class='ocrx_word' id='word_1_455' title='bbox 902 3226 979 3291; x_wconf 85' lang='grc' dir='ltr'>ὼς</span> <span class='ocrx_word' id='word_1_456' title='bbox 1023 3226 1086 3280; x_wconf 78' lang='grc' dir='ltr'><strong>τὸ</strong></span> <span class='ocrx_word' id='word_1_457' title='bbox 1135 3227 1341 3299; x_wconf 81' lang='grc' dir='ltr'>πλῆθος</span> <span class='ocrx_word' id='word_1_458' title='bbox 1383 3227 1494 3281; x_wconf 84' lang='grc' dir='ltr'>τῶν</span> <span class='ocrx_word' id='word_1_459' title='bbox 1532 3228 1808 3301; x_wconf 86' lang='grc' dir='ltr'>πολεμίων</span> 
     </span>
    </p>
   </div>
   <div class='ocr_carea' id='block_1_61' title="bbox 1913 3226 3508 3301">
    <p class='ocr_par' dir='ltr' id='par_1_61' title="bbox 1913 3230 3508 3300">
     <span class='ocr_line' id='line_1_61' title="bbox 1913 3230 3508 3300; baseline 0.001 -14"><span class='ocrx_word' id='word_1_460' title='bbox 1913 3240 2017 3297; x_wconf 82' lang='lat' dir='ltr'><strong>est,</strong></span> <span class='ocrx_word' id='word_1_461' title='bbox 2076 3231 2254 3300; x_wconf 89' lang='lat' dir='ltr'><strong>ipsum</strong></span> <span class='ocrx_word' id='word_1_462' title='bbox 2320 3230 2730 3287; x_wconf 87' lang='lat' dir='ltr'><strong>multitudinem</strong></span> <span class='ocrx_word' id='word_1_463' title='bbox 2784 3230 3026 3286; x_wconf 71' lang='lat' dir='ltr'><strong>hosﬁum</strong></span> <span class='ocrx_word' id='word_1_464' title='bbox 3075 3233 3244 3288; x_wconf 86' lang='lat' dir='ltr'><strong>maris</strong></span> <span class='ocrx_word' id='word_1_465' title='bbox 3300 3234 3508 3288; x_wconf 86' lang='lat' dir='ltr'><strong>sonitui</strong></span> 
     </span>
    </p>
   </div>
   <div class='ocr_carea' id='block_1_62' title="bbox 214 3319 964 3393">
    <p class='ocr_par' dir='ltr' id='par_1_62' title="bbox 214 3319 964 3393">
     <span class='ocr_line' id='line_1_62' title="bbox 214 3319 964 3393; baseline -0.004 -17"><span class='ocrx_word' id='word_1_466' title='bbox 214 3324 357 3393; x_wconf 76' lang='grc' dir='ltr'>φωνῇ</span> <span class='ocrx_word' id='word_1_467' title='bbox 388 3319 673 3391; x_wconf 72' lang='grc' dir='ltr'>θαλάσσης</span> <span class='ocrx_word' id='word_1_468' title='bbox 705 3320 964 3389; x_wconf 68' lang='grc' dir='ltr'>ἐξομοιοῖ.</span> 
     </span>
    </p>
   </div>
   <div class='ocr_carea' id='block_1_63' title="bbox 746 3412 1270 3479">
    <p class='ocr_par' dir='ltr' id='par_1_63' title="bbox 746 3412 1270 3479">
     <span class='ocr_line' id='line_1_63' title="bbox 746 3412 1270 3479; baseline 0.006 -16"><span class='ocrx_word' id='word_1_469' title='bbox 746 3412 1147 3466; x_wconf 67' lang='grc' dir='ltr'><strong>ΚΕΦΑΛΔῙΟΝ</strong></span> <span class='ocrx_word' id='word_1_470' title='bbox 1180 3415 1270 3479; x_wconf 65' lang='grc' dir='ltr'>(τι.</span> 
     </span>
    </p>
   </div>
   <div class='ocr_carea' id='block_1_64' title="bbox 285 3500 1809 3573">
    <p class='ocr_par' dir='ltr' id='par_1_64' title="bbox 285 3500 1809 3573">
     <span class='ocr_line' id='line_1_64' title="bbox 285 3500 1809 3573; baseline 0.003 -16"><span class='ocrx_word' id='word_1_471' title='bbox 285 3524 303 3557; x_wconf 82' lang='grc' dir='ltr'><strong>ι</strong></span> <span class='ocrx_word' id='word_1_472' title='bbox 330 3506 442 3560; x_wconf 73' lang='grc' dir='ltr'>Καὶ</span> <span class='ocrx_word' id='word_1_473' title='bbox 470 3505 693 3573; x_wconf 71' lang='grc' dir='ltr'>ἐγένετο</span> <span class='ocrx_word' id='word_1_474' title='bbox 717 3503 811 3557; x_wconf 86' lang='grc' dir='ltr'><strong>τοῦ</strong></span> <span class='ocrx_word' id='word_1_475' title='bbox 859 3504 1129 3570; x_wconf 75' lang='grc' dir='ltr'>ἐνιαυτοῦ,</span> <span class='ocrx_word' id='word_1_476' title='bbox 1160 3500 1221 3561; x_wconf 76' lang='grc' dir='ltr'>οὗ</span> <span class='ocrx_word' id='word_1_477' title='bbox 1250 3504 1523 3559; x_wconf 81' lang='grc' dir='ltr'>ἀπέθανεν</span> <span class='ocrx_word' id='word_1_478' title='bbox 1567 3506 1745 3571; x_wconf 71' lang='grc' dir='ltr'>Ὀζίας</span> <span class='ocrx_word' id='word_1_479' title='bbox 1781 3509 1809 3561; x_wconf 97' lang='lat'><strong>6</strong></span> 
     </span>
    </p>
   </div>
   <div class='ocr_carea' id='block_1_65' title="bbox 214 3595 1809 3675">
    <p class='ocr_par' dir='ltr' id='par_1_65' title="bbox 214 3595 1809 3675">
     <span class='ocr_line' id='line_1_65' title="bbox 214 3595 1809 3675; baseline 0.001 -24"><span class='ocrx_word' id='word_1_480' title='bbox 214 3596 482 3667; x_wconf 77' lang='grc' dir='ltr'>βασιλεύς.</span> <span class='ocrx_word' id='word_1_481' title='bbox 511 3617 530 3649; x_wconf 77' lang='grc' dir='ltr'><strong>ι</strong></span> <span class='ocrx_word' id='word_1_482' title='bbox 571 3596 674 3650; x_wconf 87' lang='grc' dir='ltr'>Διά</span> <span class='ocrx_word' id='word_1_483' title='bbox 710 3597 764 3649; x_wconf 91' lang='grc' dir='ltr'><strong>τί</strong></span> <span class='ocrx_word' id='word_1_484' title='bbox 789 3596 865 3675; x_wconf 60' lang='grc' dir='ltr'><strong>μὴ</strong></span> <span class='ocrx_word' id='word_1_485' title='bbox 895 3596 975 3650; x_wconf 76' lang='grc' dir='ltr'>ἐτι</span> <span class='ocrx_word' id='word_1_486' title='bbox 1002 3595 1206 3662; x_wconf 79' lang='grc' dir='ltr'>ζῶντος</span> <span class='ocrx_word' id='word_1_487' title='bbox 1246 3598 1425 3663; x_wconf 76' lang='grc' dir='ltr'>Ὀζίου</span> <span class='ocrx_word' id='word_1_488' title='bbox 1453 3598 1555 3671; x_wconf 81' lang='grc' dir='ltr'>τὴν</span> <span class='ocrx_word' id='word_1_489' title='bbox 1589 3616 1809 3670; x_wconf 82' lang='grc' dir='ltr'>προκει-</span> 
     </span>
    </p>
   </div>
   <div class='ocr_carea' id='block_1_66' title="bbox 216 3682 1806 3763">
    <p class='ocr_par' dir='ltr' id='par_1_66' title="bbox 216 3682 1806 3763">
     <span class='ocr_line' id='line_1_66' title="bbox 216 3682 1806 3763; baseline 0.001 -21"><span class='ocrx_word' id='word_1_490' title='bbox 216 3692 377 3761; x_wconf 75' lang='grc' dir='ltr'>μένην</span> <span class='ocrx_word' id='word_1_491' title='bbox 404 3689 531 3759; x_wconf 74' lang='grc' dir='ltr'>θψιν</span> <span class='ocrx_word' id='word_1_492' title='bbox 561 3688 731 3760; x_wconf 74' lang='grc' dir='ltr'>ἐώρα,</span> <span class='ocrx_word' id='word_1_493' title='bbox 759 3688 874 3742; x_wconf 85' lang='grc' dir='ltr'>ἀλλ’</span> <span class='ocrx_word' id='word_1_494' title='bbox 901 3691 961 3743; x_wconf 84' lang='grc' dir='ltr'>ὲν</span> <span class='ocrx_word' id='word_1_495' title='bbox 982 3688 1061 3761; x_wconf 85' lang='grc' dir='ltr'>τῷ</span> <span class='ocrx_word' id='word_1_496' title='bbox 1084 3688 1197 3743; x_wconf 64' lang='grc' dir='ltr'>ἔτει</span> <span class='ocrx_word' id='word_1_497' title='bbox 1218 3682 1263 3758; x_wconf 83' lang='grc' dir='ltr'>ᾧ</span> <span class='ocrx_word' id='word_1_498' title='bbox 1287 3688 1557 3744; x_wconf 77' lang='grc' dir='ltr'>ἀπέθανεν</span> <span class='ocrx_word' id='word_1_499' title='bbox 1582 3707 1596 3756; x_wconf 91' lang='lat'><strong>;</strong></span> <span class='ocrx_word' id='word_1_500' title='bbox 1631 3687 1806 3763; x_wconf 82' lang='grc' dir='ltr'>οἶμαι,</span> 
     </span>
    </p>
   </div>
   <div class='ocr_carea' id='block_1_67' title="bbox 212 3776 1808 3855">
    <p class='ocr_par' dir='ltr' id='par_1_67' title="bbox 212 3776 1808 3855">
     <span class='ocr_line' id='line_1_67' title="bbox 212 3776 1808 3855; baseline 0.003 -20"><span class='ocrx_word' id='word_1_501' title='bbox 212 3782 319 3844; x_wconf 81' lang='grc' dir='ltr'>δτι,</span> <span class='ocrx_word' id='word_1_502' title='bbox 368 3782 462 3836; x_wconf 75' lang='grc' dir='ltr'>διὰ</span> <span class='ocrx_word' id='word_1_503' title='bbox 509 3782 573 3835; x_wconf 79' lang='grc' dir='ltr'>τὸ</span> <span class='ocrx_word' id='word_1_504' title='bbox 622 3780 934 3855; x_wconf 74' lang='grc' dir='ltr'>ἐπαρθῆναι</span> <span class='ocrx_word' id='word_1_505' title='bbox 990 3781 1189 3844; x_wconf 77' lang='grc' dir='ltr'>αὐτὸν,</span> <span class='ocrx_word' id='word_1_506' title='bbox 1240 3776 1493 3855; x_wconf 74' lang='grc' dir='ltr'>καὶτὴν</span> <span class='ocrx_word' id='word_1_507' title='bbox 1543 3782 1808 3855; x_wconf 80' lang='grc' dir='ltr'><strong>μηδαμῶς</strong></span> 
     </span>
    </p>
   </div>
   <div class='ocr_carea' id='block_1_68' title="bbox 213 3872 1806 3947">
    <p class='ocr_par' dir='ltr' id='par_1_68' title="bbox 213 3872 1806 3947">
     <span class='ocr_line' id='line_1_68' title="bbox 213 3872 1806 3947; baseline 0 -18"><span class='ocrx_word' id='word_1_508' title='bbox 213 3877 598 3947; x_wconf 71' lang='grc' dir='ltr'>προσήκουσαν</span> <span class='ocrx_word' id='word_1_509' title='bbox 626 3873 779 3941; x_wconf 81' lang='grc' dir='ltr'>αὐτῷ</span> <span class='ocrx_word' id='word_1_510' title='bbox 810 3874 1131 3945; x_wconf 66' lang='grc' dir='ltr'>ἐγχειρῆσαι</span> <span class='ocrx_word' id='word_1_511' title='bbox 1165 3872 1358 3927; x_wconf 84' lang='grc' dir='ltr'>θυσίαν</span> <span class='ocrx_word' id='word_1_512' title='bbox 1396 3879 1806 3945; x_wconf 80' lang='grc' dir='ltr'>προσενεγκεῖν,</span> 
     </span>
    </p>
   </div>
   <div class='ocr_carea' id='block_1_69' title="bbox 213 3960 1806 4039">
    <p class='ocr_par' dir='ltr' id='par_1_69' title="bbox 213 3960 1806 4039">
     <span class='ocr_line' id='line_1_69' title="bbox 213 3960 1806 4039; baseline 0 -18"><span class='ocrx_word' id='word_1_513' title='bbox 213 3965 352 4022; x_wconf 79' lang='grc' dir='ltr'>ὥστε</span> <span class='ocrx_word' id='word_1_514' title='bbox 376 3967 476 4019; x_wconf 77' lang='grc' dir='ltr'>καὶ</span> <span class='ocrx_word' id='word_1_515' title='bbox 639 3965 846 4038; x_wconf 78' lang='grc' dir='ltr'>λέπραν</span> <span class='ocrx_word' id='word_1_516' title='bbox 873 3965 1182 4036; x_wconf 75' lang='grc' dir='ltr'>επανθῆσαι</span> <span class='ocrx_word' id='word_1_517' title='bbox 1203 3965 1282 4037; x_wconf 78' lang='grc' dir='ltr'>τῷ</span> <span class='ocrx_word' id='word_1_518' title='bbox 1307 3966 1589 4039; x_wconf 83' lang='grc' dir='ltr'>προσώπῳ</span> <span class='ocrx_word' id='word_1_519' title='bbox 1615 3966 1806 4033; x_wconf 80' lang='grc' dir='ltr'>αὑτοῦ,</span> 
     </span>
    </p>
   </div>
   <div class='ocr_carea' id='block_1_70' title="bbox 213 4055 1809 4131">
    <p class='ocr_par' dir='ltr' id='par_1_70' title="bbox 213 4055 1809 4131">
     <span class='ocr_line' id='line_1_70' title="bbox 213 4055 1809 4131; baseline 0.001 -18"><span class='ocrx_word' id='word_1_520' title='bbox 213 4060 358 4124; x_wconf 73' lang='grc' dir='ltr'>εἰκὸς</span> <span class='ocrx_word' id='word_1_521' title='bbox 390 4055 462 4131; x_wconf 79' lang='grc' dir='ltr'><strong>ῆν</strong></span> <span class='ocrx_word' id='word_1_522' title='bbox 499 4057 983 4129; x_wconf 78' lang='grc' dir='ltr'>ἀνακεχωρηκέναι</span> <span class='ocrx_word' id='word_1_523' title='bbox 1021 4058 1122 4129; x_wconf 72' lang='grc' dir='ltr'><strong>τὴν</strong></span> <span class='ocrx_word' id='word_1_524' title='bbox 1152 4058 1315 4129; x_wconf 83' lang='grc' dir='ltr'>χάριν</span> <span class='ocrx_word' id='word_1_525' title='bbox 1339 4056 1436 4111; x_wconf 91' lang='grc' dir='ltr'><strong>τοῦ</strong></span> <span class='ocrx_word' id='word_1_526' title='bbox 1461 4058 1599 4112; x_wconf 86' lang='grc' dir='ltr'>Θεοῦ</span> <span class='ocrx_word' id='word_1_527' title='bbox 1630 4062 1809 4114; x_wconf 81' lang='grc' dir='ltr'>πάντα</span> 
     </span>
    </p>
   </div>
   <div class='ocr_carea' id='block_1_71' title="bbox 212 4148 1808 4225">
    <p class='ocr_par' dir='ltr' id='par_1_71' title="bbox 212 4148 1808 4225">
     <span class='ocr_line' id='line_1_71' title="bbox 212 4148 1808 4225; baseline 0.001 -21"><span class='ocrx_word' id='word_1_528' title='bbox 212 4153 301 4205; x_wconf 75' lang='grc' dir='ltr'>τὸν</span> <span class='ocrx_word' id='word_1_529' title='bbox 340 4150 538 4223; x_wconf 81' lang='grc' dir='ltr'>χρόνον</span> <span class='ocrx_word' id='word_1_530' title='bbox 585 4150 687 4223; x_wconf 81' lang='grc' dir='ltr'><strong>τῆς</strong></span> <span class='ocrx_word' id='word_1_531' title='bbox 722 4148 890 4204; x_wconf 83' lang='grc' dir='ltr'>αὑτοῦ</span> <span class='ocrx_word' id='word_1_532' title='bbox 926 4149 1093 4220; x_wconf 80' lang='grc' dir='ltr'>ζωῆς,</span> <span class='ocrx_word' id='word_1_533' title='bbox 1129 4150 1253 4203; x_wconf 87' lang='grc' dir='ltr'>καθ’</span> <span class='ocrx_word' id='word_1_534' title='bbox 1287 4151 1346 4204; x_wconf 81' lang='grc' dir='ltr'>ὃν</span> <span class='ocrx_word' id='word_1_535' title='bbox 1393 4151 1808 4225; x_wconf 82' lang='grc' dir='ltr'>λελεπρωμένος</span> 
     </span>
    </p>
   </div>
   <div class='ocr_carea' id='block_1_72' title="bbox 215 4241 1804 4316">
    <p class='ocr_par' dir='ltr' id='par_1_72' title="bbox 215 4241 1804 4316">
     <span class='ocr_line' id='line_1_72' title="bbox 215 4241 1804 4316; baseline 0.001 -19"><span class='ocrx_word' id='word_1_536' title='bbox 215 4245 453 4315; x_wconf 81' lang='grc' dir='ltr'>κατῴκει</span> <span class='ocrx_word' id='word_1_537' title='bbox 483 4242 584 4314; x_wconf 78' lang='grc' dir='ltr'>τὴν</span> <span class='ocrx_word' id='word_1_538' title='bbox 625 4241 1008 4314; x_wconf 82' lang='grc' dir='ltr'>Ἰερουσαλήμ.</span> <span class='ocrx_word' id='word_1_539' title='bbox 1036 4242 1256 4315; x_wconf 86' lang='grc' dir='ltr'>Λεπροῦ</span> <span class='ocrx_word' id='word_1_540' title='bbox 1292 4243 1402 4316; x_wconf 83' lang='grc' dir='ltr'>γὰρ</span> <span class='ocrx_word' id='word_1_541' title='bbox 1433 4243 1696 4315; x_wconf 86' lang='grc' dir='ltr'>βασιλέως</span> <span class='ocrx_word' id='word_1_542' title='bbox 1726 4249 1804 4299; x_wconf 79' lang='lat' dir='ltr'><strong>ol-</strong></span> 
     </span>
    </p>
   </div>
   <div class='ocr_carea' id='block_1_73' title="bbox 214 4334 1807 4409">
    <p class='ocr_par' dir='ltr' id='par_1_73' title="bbox 214 4334 1807 4409">
     <span class='ocr_line' id='line_1_73' title="bbox 214 4334 1807 4409; baseline 0.001 -19"><span class='ocrx_word' id='word_1_543' title='bbox 214 4335 437 4399; x_wconf 83' lang='grc' dir='ltr'>κοῦντος</span> <span class='ocrx_word' id='word_1_544' title='bbox 462 4334 559 4389; x_wconf 79' lang='grc' dir='ltr'><strong>τὸν</strong></span> <span class='ocrx_word' id='word_1_545' title='bbox 578 4334 767 4399; x_wconf 82' lang='grc' dir='ltr'>τόπον,</span> <span class='ocrx_word' id='word_1_546' title='bbox 794 4335 1018 4400; x_wconf 77' lang='grc' dir='ltr'>εἰκότως</span> <span class='ocrx_word' id='word_1_547' title='bbox 1043 4335 1463 4409; x_wconf 85' lang='grc' dir='ltr'>ἀνακεχωρήκει</span> <span class='ocrx_word' id='word_1_548' title='bbox 1492 4339 1526 4409; x_wconf 80' lang='grc' dir='ltr'>ὴ</span> <span class='ocrx_word' id='word_1_549' title='bbox 1558 4336 1685 4405; x_wconf 78' lang='grc' dir='ltr'>δόξα</span> <span class='ocrx_word' id='word_1_550' title='bbox 1712 4338 1807 4392; x_wconf 90' lang='grc' dir='ltr'><strong>τοῦ</strong></span> 
     </span>
    </p>
   </div>
   <div class='ocr_carea' id='block_1_74' title="bbox 211 4426 1807 4499">
    <p class='ocr_par' dir='ltr' id='par_1_74' title="bbox 211 4426 1807 4499">
     <span class='ocr_line' id='line_1_74' title="bbox 211 4426 1807 4499; baseline 0.002 -18"><span class='ocrx_word' id='word_1_551' title='bbox 211 4427 368 4482; x_wconf 85' lang='grc' dir='ltr'>Θεοῦ.</span> <span class='ocrx_word' id='word_1_552' title='bbox 418 4427 575 4481; x_wconf 72' lang='grc' dir='ltr'>Ἐπεὶ</span> <span class='ocrx_word' id='word_1_553' title='bbox 604 4427 664 4482; x_wconf 82' lang='grc' dir='ltr'>δὲ</span> <span class='ocrx_word' id='word_1_554' title='bbox 707 4426 964 4481; x_wconf 67' lang='grc' dir='ltr'>ἐτελεύτα</span> <span class='ocrx_word' id='word_1_555' title='bbox 996 4429 1097 4499; x_wconf 81' lang='grc' dir='ltr'><strong>μὲν</strong></span> <span class='ocrx_word' id='word_1_556' title='bbox 1129 4430 1355 4494; x_wconf 75' lang='grc' dir='ltr'>ἐκεῖνος,</span> <span class='ocrx_word' id='word_1_557' title='bbox 1412 4430 1636 4484; x_wconf 85' lang='grc' dir='ltr'>Ἰωάθαν</span> <span class='ocrx_word' id='word_1_558' title='bbox 1676 4430 1733 4486; x_wconf 83' lang='grc' dir='ltr'>δὲ</span> <span class='ocrx_word' id='word_1_559' title='bbox 1777 4433 1807 4484; x_wconf 88' lang='grc' dir='ltr'><strong>ό</strong></span> 
     </span>
    </p>
   </div>
   <div class='ocr_carea' id='block_1_75' title="bbox 1913 3337 2849 3394">
    <p class='ocr_par' dir='ltr' id='par_1_75' title="bbox 1913 3337 2849 3394">
     <span class='ocr_line' id='line_1_75' title="bbox 1913 3337 2849 3394; baseline 0.002 -17"><span class='ocrx_word' id='word_1_560' title='bbox 1913 3337 2259 3394; x_wconf 88' lang='lat' dir='ltr'><strong>comparare.</strong></span> <span class='ocrx_word' id='word_1_561' title='bbox 2834 3379 2849 3389; x_wconf 71' lang='grc'><strong>,</strong></span> 
     </span>
    </p>
   </div>
   <div class='ocr_carea' id='block_1_76' title="bbox 2526 3413 2885 3472">
    <p class='ocr_par' dir='ltr' id='par_1_76' title="bbox 2526 3413 2885 3472">
     <span class='ocr_line' id='line_1_76' title="bbox 2526 3413 2885 3472; baseline 0 -2"><span class='ocrx_word' id='word_1_562' title='bbox 2526 3413 2759 3472; x_wconf 83' lang='lat' dir='ltr'><strong>CAPUT</strong></span> <span class='ocrx_word' id='word_1_563' title='bbox 2806 3415 2885 3470; x_wconf 86' lang='lat' dir='ltr'><strong>Vl.</strong></span> 
     </span>
    </p>
   </div>
   <div class='ocr_carea' id='block_1_77' title="bbox 1986 3502 3517 3580">
    <p class='ocr_par' dir='ltr' id='par_1_77' title="bbox 1986 3502 3517 3580">
     <span class='ocr_line' id='line_1_77' title="bbox 1986 3502 3517 3580; baseline 0.007 -26"><span class='ocrx_word' id='word_1_564' title='bbox 1986 3502 2149 3561; x_wconf 73' lang='lat' dir='ltr'><strong>Vsus.</strong></span> <span class='ocrx_word' id='word_1_565' title='bbox 2184 3506 2235 3560; x_wconf 85' lang='grc' dir='ltr'>Ι.</span> <span class='ocrx_word' id='word_1_566' title='bbox 2282 3524 2301 3558; x_wconf 81' lang='grc' dir='ltr'><strong>ι</strong></span> <span class='ocrx_word' id='word_1_567' title='bbox 2332 3506 2398 3559; x_wconf 85' lang='lat' dir='ltr'><strong>Et</strong></span> <span class='ocrx_word' id='word_1_568' title='bbox 2422 3507 2627 3562; x_wconf 74' lang='lat' dir='ltr'><strong>factum</strong></span> <span class='ocrx_word' id='word_1_569' title='bbox 2663 3518 2750 3563; x_wconf 88' lang='lat' dir='ltr'><strong>est</strong></span> <span class='ocrx_word' id='word_1_570' title='bbox 2797 3510 2853 3564; x_wconf 90' lang='lat' dir='ltr'><strong>in</strong></span> <span class='ocrx_word' id='word_1_571' title='bbox 2899 3525 3067 3573; x_wconf 88' lang='lat' dir='ltr'><strong>anno,</strong></span> <span class='ocrx_word' id='word_1_572' title='bbox 3110 3526 3219 3580; x_wconf 93' lang='lat' dir='ltr'><strong>quo</strong></span> <span class='ocrx_word' id='word_1_573' title='bbox 3262 3518 3517 3565; x_wconf 78' lang='lat' dir='ltr'><strong>mortuus</strong></span> 
     </span>
    </p>
   </div>
   <div class='ocr_carea' id='block_1_78' title="bbox 1910 3598 3512 3667">
    <p class='ocr_par' dir='ltr' id='par_1_78' title="bbox 1910 3598 3512 3667">
     <span class='ocr_line' id='line_1_78' title="bbox 1910 3598 3512 3667; baseline 0.006 -19"><span class='ocrx_word' id='word_1_574' title='bbox 1910 3607 1994 3650; x_wconf 92' lang='lat' dir='ltr'><strong>est</strong></span> <span class='ocrx_word' id='word_1_575' title='bbox 2047 3614 2141 3652; x_wconf 86' lang='lat' dir='ltr'><strong>rex</strong></span> <span class='ocrx_word' id='word_1_576' title='bbox 2187 3598 2371 3655; x_wconf 82' lang='lat' dir='ltr'><strong>Ozias.</strong></span> <span class='ocrx_word' id='word_1_577' title='bbox 2402 3618 2421 3651; x_wconf 71' lang='grc' dir='ltr'><strong>ι</strong></span> <span class='ocrx_word' id='word_1_578' title='bbox 2457 3599 2640 3667; x_wconf 83' lang='lat' dir='ltr'><strong>Quare</strong></span> <span class='ocrx_word' id='word_1_579' title='bbox 2700 3617 2807 3657; x_wconf 92' lang='lat' dir='ltr'><strong>non</strong></span> <span class='ocrx_word' id='word_1_580' title='bbox 2868 3604 3089 3657; x_wconf 89' lang='lat' dir='ltr'><strong>vivente</strong></span> <span class='ocrx_word' id='word_1_581' title='bbox 3142 3604 3325 3659; x_wconf 86' lang='lat' dir='ltr'><strong>adhuc</strong></span> <span class='ocrx_word' id='word_1_582' title='bbox 3373 3604 3512 3660; x_wconf 81' lang='lat' dir='ltr'><strong>Ozia</strong></span> 
     </span>
    </p>
   </div>
   <div class='ocr_carea' id='block_1_79' title="bbox 1911 3679 3511 3762">
    <p class='ocr_par' dir='ltr' id='par_1_79' title="bbox 1911 3679 3511 3762">
     <span class='ocr_line' id='line_1_79' title="bbox 1911 3679 3511 3762; baseline 0.003 -20"><span class='ocrx_word' id='word_1_583' title='bbox 1911 3688 2051 3743; x_wconf 89' lang='lat' dir='ltr'><strong>hanc</strong></span> <span class='ocrx_word' id='word_1_584' title='bbox 2076 3689 2344 3745; x_wconf 87' lang='lat' dir='ltr'><strong>visionem</strong></span> <span class='ocrx_word' id='word_1_585' title='bbox 2390 3690 2604 3758; x_wconf 86' lang='lat' dir='ltr'><strong>habuit,</strong></span> <span class='ocrx_word' id='word_1_586' title='bbox 2654 3693 2750 3747; x_wconf 84' lang='lat' dir='ltr'><strong>sed</strong></span> <span class='ocrx_word' id='word_1_587' title='bbox 2797 3708 2864 3748; x_wconf 91' lang='lat' dir='ltr'><strong>eo</strong></span> <span class='ocrx_word' id='word_1_588' title='bbox 2912 3679 3195 3762; x_wconf 39' lang='lat' dir='ltr'><strong>anno&#39;quo</strong></span> <span class='ocrx_word' id='word_1_589' title='bbox 3227 3694 3316 3749; x_wconf 91' lang='lat' dir='ltr'><strong>ille</strong></span> <span class='ocrx_word' id='word_1_590' title='bbox 3360 3708 3511 3749; x_wconf 87' lang='lat' dir='ltr'><strong>mor-</strong></span> 
     </span>
    </p>
   </div>
   <div class='ocr_carea' id='block_1_80' title="bbox 1914 3776 3505 3857">
    <p class='ocr_par' dir='ltr' id='par_1_80' title="bbox 1914 3776 3505 3857">
     <span class='ocr_line' id='line_1_80' title="bbox 1914 3776 3505 3857; baseline 0.003 -20"><span class='ocrx_word' id='word_1_591' title='bbox 1914 3794 2037 3838; x_wconf 88' lang='lat' dir='ltr'><strong>tuus</strong></span> <span class='ocrx_word' id='word_1_592' title='bbox 2062 3784 2185 3838; x_wconf 85' lang='lat' dir='ltr'><strong>est?</strong></span> <span class='ocrx_word' id='word_1_593' title='bbox 2213 3785 2340 3853; x_wconf 85' lang='lat' dir='ltr'><strong>quia</strong></span> <span class='ocrx_word' id='word_1_594' title='bbox 2372 3784 2462 3840; x_wconf 90' lang='lat' dir='ltr'><strong>ille</strong></span> <span class='ocrx_word' id='word_1_595' title='bbox 2483 3776 2663 3842; x_wconf 84' lang='lat' dir='ltr'><strong>elatus</strong></span> <span class='ocrx_word' id='word_1_596' title='bbox 2684 3788 2892 3853; x_wconf 91' lang='lat' dir='ltr'><strong>animo,</strong></span> <span class='ocrx_word' id='word_1_597' title='bbox 2920 3789 3250 3843; x_wconf 88' lang='lat' dir='ltr'><strong>sacriﬁcium</strong></span> <span class='ocrx_word' id='word_1_598' title='bbox 3279 3787 3505 3857; x_wconf 80' lang='lat' dir='ltr'><strong>olIerre,</strong></span> 
     </span>
    </p>
   </div>
   <div class='ocr_carea' id='block_1_81' title="bbox 1910 3870 3510 3951">
    <p class='ocr_par' dir='ltr' id='par_1_81' title="bbox 1910 3870 3510 3951">
     <span class='ocr_line' id='line_1_81' title="bbox 1910 3870 3510 3951; baseline 0.005 -24"><span class='ocrx_word' id='word_1_599' title='bbox 1910 3878 2062 3947; x_wconf 88' lang='lat' dir='ltr'><strong>quod</strong></span> <span class='ocrx_word' id='word_1_600' title='bbox 2088 3876 2252 3935; x_wconf 88' lang='lat' dir='ltr'><strong>oﬁicii</strong></span> <span class='ocrx_word' id='word_1_601' title='bbox 2284 3878 2365 3932; x_wconf 91' lang='lat' dir='ltr'><strong>sui</strong></span> <span class='ocrx_word' id='word_1_602' title='bbox 2396 3892 2503 3933; x_wconf 94' lang='lat' dir='ltr'><strong>non</strong></span> <span class='ocrx_word' id='word_1_603' title='bbox 2527 3888 2671 3945; x_wconf 91' lang='lat' dir='ltr'><strong>erat,</strong></span> <span class='ocrx_word' id='word_1_604' title='bbox 2690 3894 2981 3951; x_wconf 88' lang='lat' dir='ltr'><strong>aggressus</strong></span> <span class='ocrx_word' id='word_1_605' title='bbox 3010 3888 3117 3946; x_wconf 88' lang='lat' dir='ltr'><strong>est,</strong></span> <span class='ocrx_word' id='word_1_606' title='bbox 3163 3880 3236 3935; x_wconf 89' lang='lat' dir='ltr'><strong>ita</strong></span> <span class='ocrx_word' id='word_1_607' title='bbox 3267 3870 3325 3934; x_wconf 87' lang='lat' dir='ltr'><strong>ut</strong></span> <span class='ocrx_word' id='word_1_608' title='bbox 3356 3880 3510 3951; x_wconf 86' lang='lat' dir='ltr'><strong>lepra</strong></span> 
     </span>
    </p>
   </div>
   <div class='ocr_carea' id='block_1_82' title="bbox 1912 3969 3510 4043">
    <p class='ocr_par' dir='ltr' id='par_1_82' title="bbox 1912 3969 3510 4043">
     <span class='ocr_line' id='line_1_82' title="bbox 1912 3969 3510 4043; baseline 0.002 -19"><span class='ocrx_word' id='word_1_609' title='bbox 1912 3971 1965 4025; x_wconf 88' lang='lat' dir='ltr'><strong>in</strong></span> <span class='ocrx_word' id='word_1_610' title='bbox 2018 3969 2167 4023; x_wconf 86' lang='lat' dir='ltr'><strong>vultu</strong></span> <span class='ocrx_word' id='word_1_611' title='bbox 2216 3970 2332 4041; x_wconf 81' lang='lat' dir='ltr'><strong>ejus</strong></span> <span class='ocrx_word' id='word_1_612' title='bbox 2368 3980 2708 4041; x_wconf 86' lang='lat' dir='ltr'><strong>erumperet,</strong></span> <span class='ocrx_word' id='word_1_613' title='bbox 2761 3973 3004 4028; x_wconf 87' lang='lat' dir='ltr'><strong>arbitror</strong></span> <span class='ocrx_word' id='word_1_614' title='bbox 3057 3987 3157 4043; x_wconf 90' lang='lat' dir='ltr'><strong>par</strong></span> <span class='ocrx_word' id='word_1_615' title='bbox 3207 3971 3400 4035; x_wconf 79' lang='lat' dir='ltr'><strong>fuisse,</strong></span> <span class='ocrx_word' id='word_1_616' title='bbox 3447 3980 3510 4027; x_wconf 82' lang='lat' dir='ltr'><strong>ut</strong></span> 
     </span>
    </p>
   </div>
   <div class='ocr_carea' id='block_1_83' title="bbox 1912 4062 3510 4134">
    <p class='ocr_par' dir='ltr' id='par_1_83' title="bbox 1912 4062 3510 4134">
     <span class='ocr_line' id='line_1_83' title="bbox 1912 4062 3510 4134; baseline 0.002 -19"><span class='ocrx_word' id='word_1_617' title='bbox 1912 4065 2085 4131; x_wconf 84' lang='lat' dir='ltr'><strong>gratia</strong></span> <span class='ocrx_word' id='word_1_618' title='bbox 2113 4062 2206 4119; x_wconf 89' lang='lat' dir='ltr'><strong>Dei</strong></span> <span class='ocrx_word' id='word_1_619' title='bbox 2241 4063 2521 4119; x_wconf 87' lang='lat' dir='ltr'><strong>recederet</strong></span> <span class='ocrx_word' id='word_1_620' title='bbox 2555 4072 2670 4117; x_wconf 91' lang='lat' dir='ltr'><strong>toto</strong></span> <span class='ocrx_word' id='word_1_621' title='bbox 2694 4066 2819 4119; x_wconf 60' lang='lat' dir='ltr'><strong>vita</strong></span> <span class='ocrx_word' id='word_1_622' title='bbox 2867 4064 3014 4119; x_wconf 88' lang='lat' dir='ltr'><strong>illius</strong></span> <span class='ocrx_word' id='word_1_623' title='bbox 3069 4074 3338 4133; x_wconf 82' lang='lat' dir='ltr'><strong>tempore,</strong></span> <span class='ocrx_word' id='word_1_624' title='bbox 3395 4079 3510 4134; x_wconf 90' lang='lat' dir='ltr'><strong>quo</strong></span> 
     </span>
    </p>
   </div>
   <div class='ocr_carea' id='block_1_84' title="bbox 1912 4151 3512 4224">
    <p class='ocr_par' dir='ltr' id='par_1_84' title="bbox 1912 4151 3512 4224">
     <span class='ocr_line' id='line_1_84' title="bbox 1912 4151 3512 4224; baseline 0.003 -18"><span class='ocrx_word' id='word_1_625' title='bbox 1912 4151 2158 4222; x_wconf 76' lang='lat' dir='ltr'><strong>leprosus</strong></span> <span class='ocrx_word' id='word_1_626' title='bbox 2183 4152 2465 4208; x_wconf 90' lang='lat' dir='ltr'><strong>babitabat</strong></span> <span class='ocrx_word' id='word_1_627' title='bbox 2501 4153 2554 4207; x_wconf 91' lang='lat' dir='ltr'><strong>in</strong></span> <span class='ocrx_word' id='word_1_628' title='bbox 2602 4152 2929 4210; x_wconf 83' lang='lat' dir='ltr'><strong>Jerusalem.</strong></span> <span class='ocrx_word' id='word_1_629' title='bbox 2967 4153 3107 4208; x_wconf 83' lang='lat' dir='ltr'><strong>Nam</strong></span> <span class='ocrx_word' id='word_1_630' title='bbox 3134 4158 3352 4224; x_wconf 87' lang='lat' dir='ltr'><strong>leproso</strong></span> <span class='ocrx_word' id='word_1_631' title='bbox 3379 4169 3512 4224; x_wconf 75' lang='lat' dir='ltr'><strong>rege</strong></span> 
     </span>
    </p>
   </div>
   <div class='ocr_carea' id='block_1_85' title="bbox 1913 4243 3508 4314">
    <p class='ocr_par' dir='ltr' id='par_1_85' title="bbox 1913 4243 3508 4314">
     <span class='ocr_line' id='line_1_85' title="bbox 1913 4243 3508 4314; baseline 0.003 -16"><span class='ocrx_word' id='word_1_632' title='bbox 1913 4244 2091 4299; x_wconf 87' lang='lat' dir='ltr'><strong>locum</strong></span> <span class='ocrx_word' id='word_1_633' title='bbox 2117 4243 2414 4308; x_wconf 85' lang='lat' dir='ltr'><strong>iucolente,</strong></span> <span class='ocrx_word' id='word_1_634' title='bbox 2440 4244 2615 4314; x_wconf 89' lang='lat' dir='ltr'><strong>gloria</strong></span> <span class='ocrx_word' id='word_1_635' title='bbox 2642 4245 2738 4301; x_wconf 87' lang='lat' dir='ltr'><strong>Dei</strong></span> <span class='ocrx_word' id='word_1_636' title='bbox 2766 4247 2963 4302; x_wconf 89' lang='lat' dir='ltr'><strong>merito</strong></span> <span class='ocrx_word' id='word_1_637' title='bbox 2996 4255 3323 4301; x_wconf 86' lang='lat' dir='ltr'><strong>recesserat.</strong></span> <span class='ocrx_word' id='word_1_638' title='bbox 3347 4246 3508 4302; x_wconf 83' lang='lat' dir='ltr'><strong>Post-</strong></span> 
     </span>
    </p>
   </div>
   <div class='ocr_carea' id='block_1_86' title="bbox 1910 4336 3605 4409">
    <p class='ocr_par' dir='ltr' id='par_1_86' title="bbox 1910 4336 3605 4409">
     <span class='ocr_line' id='line_1_86' title="bbox 1910 4336 3605 4409; baseline -0.001 -18"><span class='ocrx_word' id='word_1_639' title='bbox 1910 4352 2077 4407; x_wconf 91' lang='lat' dir='ltr'><strong>quam</strong></span> <span class='ocrx_word' id='word_1_640' title='bbox 2104 4346 2284 4390; x_wconf 90' lang='lat' dir='ltr'><strong>autem</strong></span> <span class='ocrx_word' id='word_1_641' title='bbox 2331 4337 2563 4392; x_wconf 88' lang='lat' dir='ltr'><strong>obiisset</strong></span> <span class='ocrx_word' id='word_1_642' title='bbox 2600 4336 2715 4402; x_wconf 89' lang='lat' dir='ltr'><strong>ille,</strong></span> <span class='ocrx_word' id='word_1_643' title='bbox 2776 4347 2832 4394; x_wconf 90' lang='lat' dir='ltr'><strong>et</strong></span> <span class='ocrx_word' id='word_1_644' title='bbox 2888 4337 3144 4394; x_wconf 74' lang='lat' dir='ltr'><strong>Joatham</strong></span> <span class='ocrx_word' id='word_1_645' title='bbox 3198 4338 3344 4394; x_wconf 86' lang='lat' dir='ltr'><strong>ﬁlius</strong></span> <span class='ocrx_word' id='word_1_646' title='bbox 3386 4339 3511 4409; x_wconf 59' lang='lat' dir='ltr'><strong>ejus</strong></span> <span class='ocrx_word' id='word_1_647' title='bbox 3602 4386 3605 4389; x_wconf 89' lang='lat'><strong>.</strong></span> 
     </span>
    </p>
   </div>
   <div class='ocr_carea' id='block_1_87' title="bbox 1912 4430 3506 4505">
    <p class='ocr_par' dir='ltr' id='par_1_87' title="bbox 1912 4430 3506 4505">
     <span class='ocr_line' id='line_1_87' title="bbox 1912 4430 3506 4505; baseline 0.002 -22"><span class='ocrx_word' id='word_1_648' title='bbox 1912 4446 2139 4501; x_wconf 84' lang='lat' dir='ltr'><strong>regnum</strong></span> <span class='ocrx_word' id='word_1_649' title='bbox 2163 4431 2495 4501; x_wconf 79' lang='lat' dir='ltr'><strong>excepisset,</strong></span> <span class='ocrx_word' id='word_1_650' title='bbox 2525 4432 2593 4486; x_wconf 93' lang='lat' dir='ltr'><strong>de</strong></span> <span class='ocrx_word' id='word_1_651' title='bbox 2640 4446 2748 4500; x_wconf 91' lang='lat' dir='ltr'><strong>quo</strong></span> <span class='ocrx_word' id='word_1_652' title='bbox 2778 4432 3045 4502; x_wconf 89' lang='lat' dir='ltr'><strong>scriptum</strong></span> <span class='ocrx_word' id='word_1_653' title='bbox 3080 4441 3184 4505; x_wconf 82' lang='lat' dir='ltr'><strong>est,</strong></span> <span class='ocrx_word' id='word_1_654' title='bbox 3228 4450 3245 4483; x_wconf 84' lang='grc' dir='ltr'><strong>ι</strong></span> <span class='ocrx_word' id='word_1_655' title='bbox 3278 4430 3344 4487; x_wconf 83' lang='lat' dir='ltr'><strong>Et</strong></span> <span class='ocrx_word' id='word_1_656' title='bbox 3372 4430 3506 4488; x_wconf 76' lang='lat' dir='ltr'><strong>fecit</strong></span> 
     </span>
    </p>
   </div>
   <div class='ocr_carea' id='block_1_88' title="bbox 214 4516 1809 4595">
    <p class='ocr_par' dir='ltr' id='par_1_88' title="bbox 214 4516 1809 4595">
     <span class='ocr_line' id='line_1_88' title="bbox 214 4516 1809 4595; baseline 0.004 -24"><span class='ocrx_word' id='word_1_657' title='bbox 214 4520 323 4583; x_wconf 74' lang='grc' dir='ltr'>υἱὸς</span> <span class='ocrx_word' id='word_1_658' title='bbox 350 4517 525 4572; x_wconf 84' lang='grc' dir='ltr'>αὐτοῦ</span> <span class='ocrx_word' id='word_1_659' title='bbox 558 4518 657 4590; x_wconf 80' lang='grc' dir='ltr'><strong>τὴν</strong></span> <span class='ocrx_word' id='word_1_660' title='bbox 688 4518 961 4590; x_wconf 76' lang='grc' dir='ltr'>βασιλείαν</span> <span class='ocrx_word' id='word_1_661' title='bbox 988 4520 1279 4587; x_wconf 77' lang='grc' dir='ltr'>διεδέξατο,</span> <span class='ocrx_word' id='word_1_662' title='bbox 1331 4522 1461 4594; x_wconf 78' lang='grc' dir='ltr'>περὶ</span> <span class='ocrx_word' id='word_1_663' title='bbox 1500 4516 1563 4576; x_wconf 82' lang='grc' dir='ltr'><strong>οῦ</strong></span> <span class='ocrx_word' id='word_1_664' title='bbox 1608 4524 1809 4595; x_wconf 80' lang='grc' dir='ltr'>γέγρα-</span> 
     </span>
    </p>
   </div>
   <div class='ocr_carea' id='block_1_89' title="bbox 1913 4516 3510 4595">
    <p class='ocr_par' dir='ltr' id='par_1_89' title="bbox 1921 4522 3510 4591">
     <span class='ocr_line' id='line_1_89' title="bbox 1921 4522 3510 4591; baseline 0.003 -16"><span class='ocrx_word' id='word_1_665' title='bbox 1921 4533 2125 4577; x_wconf 89' lang='lat' dir='ltr'><strong>rectum</strong></span> <span class='ocrx_word' id='word_1_666' title='bbox 2179 4522 2232 4576; x_wconf 94' lang='lat' dir='ltr'><strong>in</strong></span> <span class='ocrx_word' id='word_1_667' title='bbox 2283 4522 2459 4578; x_wconf 92' lang='lat' dir='ltr'><strong>oculis</strong></span> <span class='ocrx_word' id='word_1_668' title='bbox 2504 4522 2717 4578; x_wconf 88' lang='lat' dir='ltr'><strong>Domini</strong></span> <span class='ocrx_word' id='word_1_669' title='bbox 2754 4522 2832 4588; x_wconf 84' lang='grc'><strong>³¹;</strong></span> <span class='ocrx_word' id='word_1_670' title='bbox 2891 4542 2911 4575; x_wconf 75' lang='grc' dir='ltr'><strong>ι</strong></span> <span class='ocrx_word' id='word_1_671' title='bbox 2966 4522 3090 4591; x_wconf 89' lang='lat' dir='ltr'><strong>jure</strong></span> <span class='ocrx_word' id='word_1_672' title='bbox 3137 4525 3329 4577; x_wconf 89' lang='lat' dir='ltr'><strong>eodem</strong></span> <span class='ocrx_word' id='word_1_673' title='bbox 3386 4524 3510 4591; x_wconf 72' lang='lat' dir='ltr'><strong>ipso</strong></span> 
     </span>
    </p>
   </div>
   <div class='ocr_carea' id='block_1_90' title="bbox 215 4600 1816 4687">
    <p class='ocr_par' dir='ltr' id='par_1_90' title="bbox 215 4600 1816 4687">
     <span class='ocr_line' id='line_1_90' title="bbox 215 4600 1816 4687; baseline 0.003 -22"><span class='ocrx_word' id='word_1_674' title='bbox 215 4628 365 4675; x_wconf 74' lang='grc' dir='ltr'>πται,</span> <span class='ocrx_word' id='word_1_675' title='bbox 394 4630 413 4661; x_wconf 80' lang='grc' dir='ltr'><strong>ι</strong></span> <span class='ocrx_word' id='word_1_676' title='bbox 439 4610 551 4663; x_wconf 73' lang='grc' dir='ltr'><strong>Καὶ⁵</strong></span> <span class='ocrx_word' id='word_1_677' title='bbox 580 4610 805 4682; x_wconf 74' lang='grc' dir='ltr'>ἐποίησε</span> <span class='ocrx_word' id='word_1_678' title='bbox 824 4612 884 4665; x_wconf 82' lang='grc' dir='ltr'>τὸ</span> <span class='ocrx_word' id='word_1_679' title='bbox 902 4612 1057 4675; x_wconf 82' lang='grc' dir='ltr'>εὐθὲς</span> <span class='ocrx_word' id='word_1_680' title='bbox 1072 4600 1129 4667; x_wconf 82' lang='grc' dir='ltr'>ὲν</span> <span class='ocrx_word' id='word_1_681' title='bbox 1143 4614 1442 4684; x_wconf 70' lang='grc' dir='ltr'>ὀφθαλμοῖς</span> <span class='ocrx_word' id='word_1_682' title='bbox 1456 4616 1682 4687; x_wconf 80' lang='grc' dir='ltr'>Κυρίου·</span> <span class='ocrx_word' id='word_1_683' title='bbox 1698 4637 1717 4669; x_wconf 73' lang='grc' dir='ltr'><strong>ι</strong></span> <span class='ocrx_word' id='word_1_684' title='bbox 1738 4619 1816 4670; x_wconf 84' lang='grc' dir='ltr'>εί-</span> 
     </span>
    </p>
   </div>
   <div class='ocr_carea' id='block_1_91' title="bbox 216 4698 1811 4774">
    <p class='ocr_par' dir='ltr' id='par_1_91' title="bbox 216 4698 1811 4774">
     <span class='ocr_line' id='line_1_91' title="bbox 216 4698 1811 4774; baseline 0.003 -17"><span class='ocrx_word' id='word_1_685' title='bbox 216 4704 384 4768; x_wconf 73' lang='grc' dir='ltr'>κότως</span> <span class='ocrx_word' id='word_1_686' title='bbox 412 4702 535 4756; x_wconf 81' lang='grc' dir='ltr'>κατ’</span> <span class='ocrx_word' id='word_1_687' title='bbox 558 4702 721 4757; x_wconf 80' lang='grc' dir='ltr'>αὑτὸν</span> <span class='ocrx_word' id='word_1_688' title='bbox 736 4704 943 4757; x_wconf 77' lang='grc' dir='ltr'>ἐκεῖνον</span> <span class='ocrx_word' id='word_1_689' title='bbox 959 4704 1051 4757; x_wconf 84' lang='grc' dir='ltr'><strong>τὸν</strong></span> <span class='ocrx_word' id='word_1_690' title='bbox 1067 4704 1310 4759; x_wconf 81' lang='grc' dir='ltr'>ἐνιαυτὸν</span> <span class='ocrx_word' id='word_1_691' title='bbox 1333 4699 1391 4758; x_wconf 76' lang='grc' dir='ltr'>ὲν</span> <span class='ocrx_word' id='word_1_692' title='bbox 1415 4698 1460 4774; x_wconf 85' lang='grc' dir='ltr'>ᾧ</span> <span class='ocrx_word' id='word_1_693' title='bbox 1483 4706 1512 4758; x_wconf 89' lang='lat'><strong>6</strong></span> <span class='ocrx_word' id='word_1_694' title='bbox 1534 4705 1811 4773; x_wconf 73' lang='grc' dir='ltr'>λελεπρωο</span> 
     </span>
    </p>
   </div>
   <div class='ocr_carea' id='block_1_92' title="bbox 220 4793 1814 4871">
    <p class='ocr_par' dir='ltr' id='par_1_92' title="bbox 220 4793 1814 4871">
     <span class='ocr_line' id='line_1_92' title="bbox 220 4793 1814 4871; baseline 0.003 -25"><span class='ocrx_word' id='word_1_695' title='bbox 220 4797 371 4866; x_wconf 72' lang='grc' dir='ltr'>μένος</span> <span class='ocrx_word' id='word_1_696' title='bbox 411 4794 742 4865; x_wconf 73' lang='grc' dir='ltr'>μετηλλαχει</span> <span class='ocrx_word' id='word_1_697' title='bbox 784 4794 875 4849; x_wconf 80' lang='grc' dir='ltr'><strong>τὸν</strong></span> <span class='ocrx_word' id='word_1_698' title='bbox 918 4793 1055 4866; x_wconf 86' lang='grc' dir='ltr'>βίον,</span> <span class='ocrx_word' id='word_1_699' title='bbox 1093 4798 1123 4850; x_wconf 91' lang='lat'><strong>6</strong></span> <span class='ocrx_word' id='word_1_700' title='bbox 1163 4796 1221 4851; x_wconf 85' lang='grc' dir='ltr'>δὲ</span> <span class='ocrx_word' id='word_1_701' title='bbox 1259 4796 1553 4869; x_wconf 80' lang='grc' dir='ltr'>εὐάρεστος</span> <span class='ocrx_word' id='word_1_702' title='bbox 1585 4798 1663 4869; x_wconf 83' lang='grc' dir='ltr'>τῷ</span> <span class='ocrx_word' id='word_1_703' title='bbox 1693 4798 1814 4871; x_wconf 86' lang='grc' dir='ltr'><strong>Θεῷ</strong></span> 
     </span>
    </p>
   </div>
   <div class='ocr_carea' id='block_1_93' title="bbox 218 4878 1816 4961">
    <p class='ocr_par' dir='ltr' id='par_1_93' title="bbox 218 4878 1816 4961">
     <span class='ocr_line' id='line_1_93' title="bbox 218 4878 1816 4961; baseline 0.003 -22"><span class='ocrx_word' id='word_1_704' title='bbox 218 4888 308 4961; x_wconf 77' lang='grc' dir='ltr'>τὴν</span> <span class='ocrx_word' id='word_1_705' title='bbox 355 4886 641 4957; x_wconf 86' lang='grc' dir='ltr'>βασιλείαν</span> <span class='ocrx_word' id='word_1_706' title='bbox 686 4886 979 4953; x_wconf 82' lang='grc' dir='ltr'>διεδέξατο,</span> <span class='ocrx_word' id='word_1_707' title='bbox 1031 4882 1191 4953; x_wconf 80' lang='grc' dir='ltr'>αὖθις</span> <span class='ocrx_word' id='word_1_708' title='bbox 1230 4889 1264 4960; x_wconf 78' lang='grc' dir='ltr'>ἡ</span> <span class='ocrx_word' id='word_1_709' title='bbox 1308 4888 1436 4956; x_wconf 81' lang='grc' dir='ltr'>δόξα</span> <span class='ocrx_word' id='word_1_710' title='bbox 1471 4878 1681 4961; x_wconf 83' lang='grc' dir='ltr'>Κυρίου</span> <span class='ocrx_word' id='word_1_711' title='bbox 1723 4890 1816 4943; x_wconf 75' lang='grc' dir='ltr'><strong>ἑπ-</strong></span> 
     </span>
    </p>
   </div>
   <div class='ocr_carea' id='block_1_94' title="bbox 222 4975 1805 5053">
    <p class='ocr_par' dir='ltr' id='par_1_94' title="bbox 222 4975 1805 5053">
     <span class='ocr_line' id='line_1_94' title="bbox 222 4975 1805 5053; baseline 0.001 -19"><span class='ocrx_word' id='word_1_712' title='bbox 222 4983 372 5053; x_wconf 71' lang='grc' dir='ltr'>ανῄει</span> <span class='ocrx_word' id='word_1_713' title='bbox 404 4980 499 5033; x_wconf 66' lang='grc' dir='ltr'>ἐπὶ</span> <span class='ocrx_word' id='word_1_714' title='bbox 531 4980 621 5033; x_wconf 79' lang='grc' dir='ltr'><strong>τὸν</strong></span> <span class='ocrx_word' id='word_1_715' title='bbox 664 4975 835 5044; x_wconf 73' lang='grc' dir='ltr'>οἷκον,</span> <span class='ocrx_word' id='word_1_716' title='bbox 862 4980 1062 5053; x_wconf 80' lang='grc' dir='ltr'>δηλαδὴ</span> <span class='ocrx_word' id='word_1_717' title='bbox 1097 4980 1190 5034; x_wconf 82' lang='grc' dir='ltr'><strong>τὸν</strong></span> <span class='ocrx_word' id='word_1_718' title='bbox 1220 4980 1347 5035; x_wconf 83' lang='grc' dir='ltr'>ναὸν</span> <span class='ocrx_word' id='word_1_719' title='bbox 1372 4980 1601 5053; x_wconf 80' lang='grc' dir='ltr'>Κυρίου.</span> <span class='ocrx_word' id='word_1_720' title='bbox 1638 4982 1705 5035; x_wconf 88' lang='grc' dir='ltr'><strong>Ὃ</strong></span> <span class='ocrx_word' id='word_1_721' title='bbox 1740 4982 1805 5053; x_wconf 83' lang='grc' dir='ltr'>δὴ</span> 
     </span>
    </p>
   </div>
   <div class='ocr_carea' id='block_1_95' title="bbox 224 5072 1809 5146">
    <p class='ocr_par' dir='ltr' id='par_1_95' title="bbox 224 5072 1809 5146">
     <span class='ocr_line' id='line_1_95' title="bbox 224 5072 1809 5146; baseline 0.001 -21"><span class='ocrx_word' id='word_1_722' title='bbox 224 5073 307 5126; x_wconf 72' lang='grc' dir='ltr'><strong>καὶ</strong></span> <span class='ocrx_word' id='word_1_723' title='bbox 331 5073 540 5146; x_wconf 75' lang='grc' dir='ltr'>ἱστορεῖ</span> <span class='ocrx_word' id='word_1_724' title='bbox 558 5073 588 5125; x_wconf 91' lang='lat'><strong>6</strong></span> <span class='ocrx_word' id='word_1_725' title='bbox 612 5073 1136 5145; x_wconf 57' lang='grc' dir='ltr'>πφφήτηςλὲγωνμ</span> <span class='ocrx_word' id='word_1_726' title='bbox 1158 5074 1267 5128; x_wconf 76' lang='grc' dir='ltr'><strong>Καὶ</strong></span> <span class='ocrx_word' id='word_1_727' title='bbox 1281 5072 1501 5142; x_wconf 79' lang='grc' dir='ltr'>ἐγένετο</span> <span class='ocrx_word' id='word_1_728' title='bbox 1511 5073 1606 5127; x_wconf 87' lang='grc' dir='ltr'><strong>τοῦ</strong></span> <span class='ocrx_word' id='word_1_729' title='bbox 1629 5077 1809 5127; x_wconf 77' lang='grc' dir='ltr'>ἐνιαυ-</span> 
     </span>
    </p>
   </div>
   <div class='ocr_carea' id='block_1_96' title="bbox 226 5158 1809 5239">
    <p class='ocr_par' dir='ltr' id='par_1_96' title="bbox 226 5158 1809 5239">
     <span class='ocr_line' id='line_1_96' title="bbox 226 5158 1809 5239; baseline 0.003 -23"><span class='ocrx_word' id='word_1_730' title='bbox 226 5163 326 5229; x_wconf 79' lang='grc' dir='ltr'>τοῦ,</span> <span class='ocrx_word' id='word_1_731' title='bbox 357 5158 418 5217; x_wconf 75' lang='grc' dir='ltr'>οὗ</span> <span class='ocrx_word' id='word_1_732' title='bbox 443 5165 723 5219; x_wconf 77' lang='grc' dir='ltr'>ἀπέθανεν</span> <span class='ocrx_word' id='word_1_733' title='bbox 758 5164 940 5229; x_wconf 79' lang='grc' dir='ltr'>Ὀζίας</span> <span class='ocrx_word' id='word_1_734' title='bbox 963 5168 992 5220; x_wconf 91' lang='lat'><strong>6</strong></span> <span class='ocrx_word' id='word_1_735' title='bbox 1017 5165 1291 5236; x_wconf 77' lang='grc' dir='ltr'>βασιλεὺς.</span> <span class='ocrx_word' id='word_1_736' title='bbox 1320 5161 1459 5220; x_wconf 79' lang='grc' dir='ltr'>εἶδον</span> <span class='ocrx_word' id='word_1_737' title='bbox 1484 5168 1577 5220; x_wconf 78' lang='grc' dir='ltr'><strong>τὸν</strong></span> <span class='ocrx_word' id='word_1_738' title='bbox 1603 5167 1809 5239; x_wconf 82' lang='grc' dir='ltr'>Κύριον</span> 
     </span>
    </p>
   </div>
   <div class='ocr_carea' id='block_1_97' title="bbox 231 5249 1809 5332">
    <p class='ocr_par' dir='ltr' id='par_1_97' title="bbox 231 5249 1809 5332">
     <span class='ocr_line' id='line_1_97' title="bbox 231 5249 1809 5332; baseline 0.004 -24"><span class='ocrx_word' id='word_1_739' title='bbox 231 5257 518 5327; x_wconf 76' lang='grc' dir='ltr'>καθήμενον</span> <span class='ocrx_word' id='word_1_740' title='bbox 559 5257 658 5312; x_wconf 73' lang='grc' dir='ltr'><strong>ἐπὶ</strong></span> <span class='ocrx_word' id='word_1_741' title='bbox 702 5249 900 5327; x_wconf 80' lang='grc' dir='ltr'>θρόνου</span> <span class='ocrx_word' id='word_1_742' title='bbox 945 5258 1152 5329; x_wconf 64' lang='grc' dir='ltr'>ὑψηλοῦ</span> <span class='ocrx_word' id='word_1_743' title='bbox 1190 5261 1288 5314; x_wconf 75' lang='grc' dir='ltr'>καὶ</span> <span class='ocrx_word' id='word_1_744' title='bbox 1333 5260 1669 5332; x_wconf 72' lang='grc' dir='ltr'>ἐπηρμένουο</span> <span class='ocrx_word' id='word_1_745' title='bbox 1715 5263 1809 5315; x_wconf 78' lang='grc' dir='ltr'><strong>καὶ</strong></span> 
     </span>
    </p>
   </div>
   <div class='ocr_carea' id='block_1_98' title="bbox 236 5346 1807 5423">
    <p class='ocr_par' dir='ltr' id='par_1_98' title="bbox 236 5346 1807 5423">
     <span class='ocr_line' id='line_1_98' title="bbox 236 5346 1807 5423; baseline 0.004 -22"><span class='ocrx_word' id='word_1_746' title='bbox 236 5350 418 5423; x_wconf 73' lang='grc' dir='ltr'>πλήρης</span> <span class='ocrx_word' id='word_1_747' title='bbox 442 5354 470 5407; x_wconf 89' lang='lat'><strong>6</strong></span> <span class='ocrx_word' id='word_1_748' title='bbox 501 5346 657 5416; x_wconf 78' lang='grc' dir='ltr'>οἶκος</span> <span class='ocrx_word' id='word_1_749' title='bbox 695 5350 803 5419; x_wconf 84' lang='grc' dir='ltr'><strong>τῆς</strong></span> <span class='ocrx_word' id='word_1_750' title='bbox 838 5349 998 5423; x_wconf 82' lang='grc' dir='ltr'>δόξης</span> <span class='ocrx_word' id='word_1_751' title='bbox 1040 5350 1228 5408; x_wconf 83' lang='grc' dir='ltr'>αὐτοῦ.</span> <span class='ocrx_word' id='word_1_752' title='bbox 1250 5371 1269 5404; x_wconf 77' lang='grc' dir='ltr'><strong>ι</strong></span> <span class='ocrx_word' id='word_1_753' title='bbox 1303 5347 1473 5423; x_wconf 76' lang='grc' dir='ltr'>Οἶμαι</span> <span class='ocrx_word' id='word_1_754' title='bbox 1502 5352 1562 5405; x_wconf 84' lang='grc' dir='ltr'>δὲ</span> <span class='ocrx_word' id='word_1_755' title='bbox 1596 5353 1689 5407; x_wconf 77' lang='grc' dir='ltr'><strong>καὶ</strong></span> <span class='ocrx_word' id='word_1_756' title='bbox 1718 5353 1807 5407; x_wconf 83' lang='grc' dir='ltr'>διὰ</span> 
     </span>
    </p>
   </div>
   <div class='ocr_carea' id='block_1_99' title="bbox 232 5440 1808 5521">
    <p class='ocr_par' dir='ltr' id='par_1_99' title="bbox 232 5440 1808 5521">
     <span class='ocr_line' id='line_1_99' title="bbox 232 5440 1808 5521; baseline 0 -20"><span class='ocrx_word' id='word_1_757' title='bbox 232 5446 397 5503; x_wconf 63' lang='lat' dir='ltr'><strong>mirio-.4</strong></span> <span class='ocrx_word' id='word_1_758' title='bbox 421 5443 819 5521; x_wconf 83' lang='grc' dir='ltr'>παρίστασθαι</span> <span class='ocrx_word' id='word_1_759' title='bbox 843 5442 931 5507; x_wconf 89' lang='grc' dir='ltr'><strong>τίς</strong></span> <span class='ocrx_word' id='word_1_760' title='bbox 953 5445 1069 5497; x_wconf 80' lang='grc' dir='ltr'>ποτ’</span> <span class='ocrx_word' id='word_1_761' title='bbox 1088 5440 1158 5516; x_wconf 87' lang='grc' dir='ltr'>ἦν</span> <span class='ocrx_word' id='word_1_762' title='bbox 1184 5447 1213 5499; x_wconf 90' lang='lat'><strong>6</strong></span> <span class='ocrx_word' id='word_1_763' title='bbox 1233 5442 1323 5498; x_wconf 79' lang='grc' dir='ltr'>διὰ</span> <span class='ocrx_word' id='word_1_764' title='bbox 1351 5445 1532 5516; x_wconf 80' lang='grc' dir='ltr'>πάσης</span> <span class='ocrx_word' id='word_1_765' title='bbox 1551 5446 1652 5517; x_wconf 83' lang='grc' dir='ltr'><strong>τῆς</strong></span> <span class='ocrx_word' id='word_1_766' title='bbox 1676 5465 1808 5520; x_wconf 84' lang='grc' dir='ltr'>προ-</span> 
     </span>
    </p>
   </div>
   <div class='ocr_carea' id='block_1_100' title="bbox 220 5534 1805 5615">
    <p class='ocr_par' dir='ltr' id='par_1_100' title="bbox 220 5534 1805 5615">
     <span class='ocr_line' id='line_1_100' title="bbox 220 5534 1805 5615; baseline -0.018 5"><span class='ocrx_word' id='word_1_767' title='bbox 220 5544 407 5612; x_wconf 50' lang='grc' dir='ltr'><strong>φητείη</strong></span> <span class='ocrx_word' id='word_1_768' title='bbox 448 5539 820 5615; x_wconf 77' lang='grc' dir='ltr'>δηλούμενος</span> <span class='ocrx_word' id='word_1_769' title='bbox 862 5534 1067 5608; x_wconf 73' lang='grc' dir='ltr'>Κύριος</span> <span class='ocrx_word' id='word_1_770' title='bbox 1114 5536 1364 5594; x_wconf 75' lang='grc' dir='ltr'>Σαϐαὼθ.</span> <span class='ocrx_word' id='word_1_771' title='bbox 1392 5540 1489 5604; x_wconf 90' lang='grc' dir='ltr'>Τίς</span> <span class='ocrx_word' id='word_1_772' title='bbox 1531 5534 1805 5609; x_wconf 77' lang='grc' dir='ltr'>δὲοῦτος;</span> 
     </span>
    </p>
   </div>
   <div class='ocr_carea' id='block_1_101' title="bbox 220 5627 1805 5710">
    <p class='ocr_par' dir='ltr' id='par_1_101' title="bbox 220 5627 1805 5710">
     <span class='ocr_line' id='line_1_101' title="bbox 220 5627 1805 5710; baseline -0.01 -10"><span class='ocrx_word' id='word_1_773' title='bbox 220 5635 260 5699; x_wconf 78' lang='grc'><em>’0</em></span> <span class='ocrx_word' id='word_1_774' title='bbox 280 5636 601 5710; x_wconf 73' lang='grc' dir='ltr'>Μονογενὴς</span> <span class='ocrx_word' id='word_1_775' title='bbox 623 5630 796 5694; x_wconf 75' lang='grc' dir='ltr'>Υἱὸς,</span> <span class='ocrx_word' id='word_1_776' title='bbox 822 5630 855 5681; x_wconf 92' lang='lat'><strong>6</strong></span> <span class='ocrx_word' id='word_1_777' title='bbox 879 5627 958 5683; x_wconf 69' lang='lat' dir='ltr'><strong>(in</strong></span> <span class='ocrx_word' id='word_1_778' title='bbox 986 5630 1065 5694; x_wconf 87' lang='grc' dir='ltr'><strong>είς</strong></span> <span class='ocrx_word' id='word_1_779' title='bbox 1090 5629 1183 5687; x_wconf 75' lang='grc' dir='ltr'>τὸν</span> <span class='ocrx_word' id='word_1_780' title='bbox 1216 5630 1415 5686; x_wconf 84' lang='grc' dir='ltr'>κόλπον</span> <span class='ocrx_word' id='word_1_781' title='bbox 1446 5631 1542 5686; x_wconf 83' lang='grc' dir='ltr'><strong>τοῦ</strong></span> <span class='ocrx_word' id='word_1_782' title='bbox 1570 5633 1805 5706; x_wconf 70' lang='grc' dir='ltr'>Πατρὸς,</span> 
     </span>
    </p>
   </div>
   <div class='ocr_carea' id='block_1_102' title="bbox 237 5808 849 5897">
    <p class='ocr_par' dir='ltr' id='par_1_102' title="bbox 237 5808 849 5897">
     <span class='ocr_line' id='line_1_102' title="bbox 237 5808 849 5897; baseline -0.01 -28"><span class='ocrx_word' id='word_1_783' title='bbox 237 5834 271 5869; x_wconf 77' lang='lat' dir='ltr'><strong>tt</strong></span> <span class='ocrx_word' id='word_1_784' title='bbox 295 5830 355 5890; x_wconf 77' lang='grc' dir='ltr'>ιγ</span> <span class='ocrx_word' id='word_1_785' title='bbox 382 5829 537 5897; x_wconf 59' lang='grc' dir='ltr'><strong>ηυε,</strong></span> <span class='ocrx_word' id='word_1_786' title='bbox 586 5829 704 5883; x_wconf 72' lang='lat' dir='ltr'><strong>xv,</strong></span> <span class='ocrx_word' id='word_1_787' title='bbox 744 5808 849 5865; x_wconf 59' lang='lat'><strong>3‘.</strong></span> 
     </span>
    </p>
   </div>
   <div class='ocr_carea' id='block_1_103' title="bbox 1913 4616 3513 4686">
    <p class='ocr_par' dir='ltr' id='par_1_103' title="bbox 1913 4616 3513 4686">
     <span class='ocr_line' id='line_1_103' title="bbox 1913 4616 3513 4686; baseline 0.004 -19"><span class='ocrx_word' id='word_1_788' title='bbox 1913 4629 2079 4678; x_wconf 76' lang='lat' dir='ltr'><strong>alino,</strong></span> <span class='ocrx_word' id='word_1_789' title='bbox 2116 4630 2224 4684; x_wconf 90' lang='lat' dir='ltr'><strong>quo</strong></span> <span class='ocrx_word' id='word_1_790' title='bbox 2282 4624 2338 4671; x_wconf 88' lang='lat' dir='ltr'><strong>et</strong></span> <span class='ocrx_word' id='word_1_791' title='bbox 2388 4616 2641 4686; x_wconf 81' lang='lat' dir='ltr'><strong>leprosus</strong></span> <span class='ocrx_word' id='word_1_792' title='bbox 2674 4617 2841 4670; x_wconf 88' lang='lat' dir='ltr'><strong>vitam</strong></span> <span class='ocrx_word' id='word_1_793' title='bbox 2883 4616 3119 4684; x_wconf 82' lang='lat' dir='ltr'><strong>obierat,</strong></span> <span class='ocrx_word' id='word_1_794' title='bbox 3158 4626 3211 4671; x_wconf 92' lang='lat' dir='ltr'><strong>et</strong></span> <span class='ocrx_word' id='word_1_795' title='bbox 3261 4619 3347 4673; x_wconf 87' lang='lat' dir='ltr'><strong>vir</strong></span> <span class='ocrx_word' id='word_1_796' title='bbox 3390 4617 3513 4673; x_wconf 87' lang='lat' dir='ltr'><strong>Deo</strong></span> 
     </span>
    </p>
   </div>
   <div class='ocr_carea' id='block_1_104' title="bbox 1914 4692 3509 4780">
    <p class='ocr_par' dir='ltr' id='par_1_104' title="bbox 1914 4692 3509 4780">
     <span class='ocr_line' id='line_1_104' title="bbox 1914 4692 3509 4780; baseline 0.004 -21"><span class='ocrx_word' id='word_1_797' title='bbox 1914 4706 2151 4777; x_wconf 89' lang='lat' dir='ltr'><strong>placitus</strong></span> <span class='ocrx_word' id='word_1_798' title='bbox 2200 4692 2430 4777; x_wconf 88' lang='lat' dir='ltr'><strong>regnum</strong></span> <span class='ocrx_word' id='word_1_799' title='bbox 2470 4718 2787 4778; x_wconf 84' lang='lat' dir='ltr'><strong>exceperat,</strong></span> <span class='ocrx_word' id='word_1_800' title='bbox 2832 4707 3007 4779; x_wconf 85' lang='lat' dir='ltr'><strong>gloria</strong></span> <span class='ocrx_word' id='word_1_801' title='bbox 3076 4708 3291 4765; x_wconf 88' lang='lat' dir='ltr'><strong>Domini</strong></span> <span class='ocrx_word' id='word_1_802' title='bbox 3342 4726 3509 4780; x_wconf 88' lang='lat' dir='ltr'><strong>super</strong></span> 
     </span>
    </p>
   </div>
   <div class='ocr_carea' id='block_1_105' title="bbox 1912 4798 3505 4871">
    <p class='ocr_par' dir='ltr' id='par_1_105' title="bbox 1912 4798 3505 4871">
     <span class='ocr_line' id='line_1_105' title="bbox 1912 4798 3505 4871; baseline 0.003 -19"><span class='ocrx_word' id='word_1_803' title='bbox 1912 4798 2133 4854; x_wconf 88' lang='lat' dir='ltr'><strong>domum</strong></span> <span class='ocrx_word' id='word_1_804' title='bbox 2158 4814 2375 4854; x_wconf 84' lang='lat' dir='ltr'><strong>reversa</strong></span> <span class='ocrx_word' id='word_1_805' title='bbox 2403 4810 2511 4864; x_wconf 90' lang='lat' dir='ltr'><strong>est,</strong></span> <span class='ocrx_word' id='word_1_806' title='bbox 2540 4799 2753 4855; x_wconf 85' lang='lat' dir='ltr'><strong>scilicet</strong></span> <span class='ocrx_word' id='word_1_807' title='bbox 2784 4815 2949 4871; x_wconf 84' lang='lat' dir='ltr'><strong>super</strong></span> <span class='ocrx_word' id='word_1_808' title='bbox 2976 4801 3234 4869; x_wconf 83' lang='lat' dir='ltr'><strong>templum</strong></span> <span class='ocrx_word' id='word_1_809' title='bbox 3260 4801 3505 4859; x_wconf 78' lang='lat' dir='ltr'><strong>Domini.</strong></span> 
     </span>
    </p>
   </div>
   <div class='ocr_carea' id='block_1_106' title="bbox 1913 4891 3508 4965">
    <p class='ocr_par' dir='ltr' id='par_1_106' title="bbox 1913 4891 3508 4965">
     <span class='ocr_line' id='line_1_106' title="bbox 1913 4891 3508 4965; baseline 0 -18"><span class='ocrx_word' id='word_1_810' title='bbox 1913 4891 2067 4959; x_wconf 87' lang='lat' dir='ltr'><strong>Quod</strong></span> <span class='ocrx_word' id='word_1_811' title='bbox 2123 4893 2378 4949; x_wconf 88' lang='lat' dir='ltr'><strong>videlicet</strong></span> <span class='ocrx_word' id='word_1_812' title='bbox 2408 4904 2637 4959; x_wconf 81' lang='lat' dir='ltr'><strong>enarrat</strong></span> <span class='ocrx_word' id='word_1_813' title='bbox 2682 4893 2949 4965; x_wconf 80' lang='lat' dir='ltr'><strong>pmpheta</strong></span> <span class='ocrx_word' id='word_1_814' title='bbox 3005 4893 3228 4950; x_wconf 90' lang='lat' dir='ltr'><strong>dicens:</strong></span> <span class='ocrx_word' id='word_1_815' title='bbox 3277 4914 3297 4947; x_wconf 78' lang='grc' dir='ltr'><strong>ι</strong></span> <span class='ocrx_word' id='word_1_816' title='bbox 3330 4895 3395 4950; x_wconf 85' lang='lat' dir='ltr'><strong>Et</strong></span> <span class='ocrx_word' id='word_1_817' title='bbox 3426 4895 3508 4948; x_wconf 81' lang='lat' dir='ltr'><strong>fa-</strong></span> 
     </span>
    </p>
   </div>
   <div class='ocr_carea' id='block_1_107' title="bbox 1912 4986 3507 5056">
    <p class='ocr_par' dir='ltr' id='par_1_107' title="bbox 1912 4986 3507 5056">
     <span class='ocr_line' id='line_1_107' title="bbox 1912 4986 3507 5056; baseline 0.003 -17"><span class='ocrx_word' id='word_1_818' title='bbox 1912 4994 2061 5039; x_wconf 90' lang='lat' dir='ltr'><strong>ctum</strong></span> <span class='ocrx_word' id='word_1_819' title='bbox 2091 4996 2175 5041; x_wconf 92' lang='lat' dir='ltr'><strong>est</strong></span> <span class='ocrx_word' id='word_1_820' title='bbox 2208 4987 2260 5041; x_wconf 89' lang='lat' dir='ltr'><strong>in</strong></span> <span class='ocrx_word' id='word_1_821' title='bbox 2298 5001 2463 5054; x_wconf 89' lang='lat' dir='ltr'><strong>anno,</strong></span> <span class='ocrx_word' id='word_1_822' title='bbox 2494 5001 2604 5056; x_wconf 89' lang='lat' dir='ltr'><strong>quo</strong></span> <span class='ocrx_word' id='word_1_823' title='bbox 2641 4998 2892 5042; x_wconf 89' lang='lat' dir='ltr'><strong>mortuus</strong></span> <span class='ocrx_word' id='word_1_824' title='bbox 2918 4996 3004 5041; x_wconf 89' lang='lat' dir='ltr'><strong>est</strong></span> <span class='ocrx_word' id='word_1_825' title='bbox 3054 5002 3147 5041; x_wconf 86' lang='lat' dir='ltr'><strong>rex</strong></span> <span class='ocrx_word' id='word_1_826' title='bbox 3182 4986 3368 5055; x_wconf 83' lang='lat' dir='ltr'><strong>Ozias,</strong></span> <span class='ocrx_word' id='word_1_827' title='bbox 3395 4989 3507 5043; x_wconf 88' lang='lat' dir='ltr'><strong>vidi</strong></span> 
     </span>
    </p>
   </div>
   <div class='ocr_carea' id='block_1_108' title="bbox 1913 5078 3509 5153">
    <p class='ocr_par' dir='ltr' id='par_1_108' title="bbox 1913 5078 3509 5153">
     <span class='ocr_line' id='line_1_108' title="bbox 1913 5078 3509 5153; baseline 0.004 -21"><span class='ocrx_word' id='word_1_828' title='bbox 1913 5078 2202 5133; x_wconf 91' lang='lat' dir='ltr'><strong>Dominum</strong></span> <span class='ocrx_word' id='word_1_829' title='bbox 2264 5080 2547 5135; x_wconf 87' lang='lat' dir='ltr'><strong>sedentem</strong></span> <span class='ocrx_word' id='word_1_830' title='bbox 2598 5096 2766 5153; x_wconf 88' lang='lat' dir='ltr'><strong>super</strong></span> <span class='ocrx_word' id='word_1_831' title='bbox 2810 5083 3067 5137; x_wconf 89' lang='lat' dir='ltr'><strong>thronum</strong></span> <span class='ocrx_word' id='word_1_832' title='bbox 3117 5082 3397 5138; x_wconf 86' lang='lat' dir='ltr'><strong>excelsum</strong></span> <span class='ocrx_word' id='word_1_833' title='bbox 3452 5094 3509 5139; x_wconf 81' lang='lat' dir='ltr'><strong>et</strong></span> 
     </span>
    </p>
   </div>
   <div class='ocr_carea' id='block_1_109' title="bbox 1914 5170 3511 5245">
    <p class='ocr_par' dir='ltr' id='par_1_109' title="bbox 1914 5170 3511 5245">
     <span class='ocr_line' id='line_1_109' title="bbox 1914 5170 3511 5245; baseline 0.004 -19"><span class='ocrx_word' id='word_1_834' title='bbox 1914 5170 2228 5227; x_wconf 89' lang='lat' dir='ltr'><strong>elevatum:</strong></span> <span class='ocrx_word' id='word_1_835' title='bbox 2267 5182 2321 5227; x_wconf 88' lang='lat' dir='ltr'><strong>et</strong></span> <span class='ocrx_word' id='word_1_836' title='bbox 2368 5173 2527 5243; x_wconf 92' lang='lat' dir='ltr'><strong>plena</strong></span> <span class='ocrx_word' id='word_1_837' title='bbox 2570 5186 2691 5231; x_wconf 90' lang='lat' dir='ltr'><strong>erat</strong></span> <span class='ocrx_word' id='word_1_838' title='bbox 2717 5179 2918 5243; x_wconf 73' lang='lat' dir='ltr'><strong>domus</strong></span> <span class='ocrx_word' id='word_1_839' title='bbox 2963 5176 3133 5244; x_wconf 78' lang='lat' dir='ltr'><strong>gloria</strong></span> <span class='ocrx_word' id='word_1_840' title='bbox 3165 5177 3302 5245; x_wconf 78' lang='lat' dir='ltr'><strong>ejus.</strong></span> <span class='ocrx_word' id='word_1_841' title='bbox 3344 5197 3364 5230; x_wconf 74' lang='grc' dir='ltr'><strong>ι</strong></span> <span class='ocrx_word' id='word_1_842' title='bbox 3407 5177 3511 5233; x_wconf 65' lang='lat' dir='ltr'><strong>AS-</strong></span> 
     </span>
    </p>
   </div>
   <div class='ocr_carea' id='block_1_110' title="bbox 1916 5264 3508 5340">
    <p class='ocr_par' dir='ltr' id='par_1_110' title="bbox 1916 5264 3508 5340">
     <span class='ocr_line' id='line_1_110' title="bbox 1916 5264 3508 5340; baseline 0.004 -19"><span class='ocrx_word' id='word_1_843' title='bbox 1916 5265 2079 5321; x_wconf 87' lang='lat' dir='ltr'><strong>stimo</strong></span> <span class='ocrx_word' id='word_1_844' title='bbox 2105 5264 2191 5320; x_wconf 88' lang='lat' dir='ltr'><strong>his</strong></span> <span class='ocrx_word' id='word_1_845' title='bbox 2216 5267 2540 5335; x_wconf 75' lang='lat' dir='ltr'><strong>signiﬁcari,</strong></span> <span class='ocrx_word' id='word_1_846' title='bbox 2565 5270 2689 5340; x_wconf 91' lang='lat' dir='ltr'><strong>quis</strong></span> <span class='ocrx_word' id='word_1_847' title='bbox 2725 5271 2799 5325; x_wconf 86' lang='lat' dir='ltr'><strong>sit</strong></span> <span class='ocrx_word' id='word_1_848' title='bbox 2838 5271 2929 5326; x_wconf 90' lang='lat' dir='ltr'><strong>ille</strong></span> <span class='ocrx_word' id='word_1_849' title='bbox 2968 5272 3230 5327; x_wconf 89' lang='lat' dir='ltr'><strong>Dominus</strong></span> <span class='ocrx_word' id='word_1_850' title='bbox 3262 5273 3508 5328; x_wconf 84' lang='lat' dir='ltr'><strong>Sabaoth</strong></span> 
     </span>
    </p>
   </div>
   <div class='ocr_carea' id='block_1_111' title="bbox 1917 5355 3506 5433">
    <p class='ocr_par' dir='ltr' id='par_1_111' title="bbox 1917 5355 3506 5433">
     <span class='ocr_line' id='line_1_111' title="bbox 1917 5355 3506 5433; baseline 0.004 -23"><span class='ocrx_word' id='word_1_851' title='bbox 1917 5355 1972 5411; x_wconf 90' lang='lat' dir='ltr'><strong>in</strong></span> <span class='ocrx_word' id='word_1_852' title='bbox 2025 5357 2127 5412; x_wconf 87' lang='lat' dir='ltr'><strong>bac</strong></span> <span class='ocrx_word' id='word_1_853' title='bbox 2192 5367 2303 5412; x_wconf 89' lang='lat' dir='ltr'><strong>tota</strong></span> <span class='ocrx_word' id='word_1_854' title='bbox 2362 5360 2654 5428; x_wconf 89' lang='lat' dir='ltr'><strong>prophetia</strong></span> <span class='ocrx_word' id='word_1_855' title='bbox 2708 5362 3001 5419; x_wconf 81' lang='lat' dir='ltr'><strong>indicatus.</strong></span> <span class='ocrx_word' id='word_1_856' title='bbox 3057 5362 3258 5433; x_wconf 87' lang='lat' dir='ltr'><strong>Ecquis</strong></span> <span class='ocrx_word' id='word_1_857' title='bbox 3321 5373 3506 5420; x_wconf 84' lang='lat' dir='ltr'><strong>autem</strong></span> 
     </span>
    </p>
   </div>
   <div class='ocr_carea' id='block_1_112' title="bbox 1916 5448 3505 5527">
    <p class='ocr_par' dir='ltr' id='par_1_112' title="bbox 1916 5448 3505 5527">
     <span class='ocr_line' id='line_1_112' title="bbox 1916 5448 3505 5527; baseline 0.004 -23"><span class='ocrx_word' id='word_1_858' title='bbox 1916 5448 2050 5505; x_wconf 84' lang='lat' dir='ltr'><strong>ille?</strong></span> <span class='ocrx_word' id='word_1_859' title='bbox 2092 5449 2420 5521; x_wconf 89' lang='lat' dir='ltr'><strong>Unigenitus</strong></span> <span class='ocrx_word' id='word_1_860' title='bbox 2452 5451 2650 5515; x_wconf 83' lang='lat' dir='ltr'><strong>Filius,</strong></span> <span class='ocrx_word' id='word_1_861' title='bbox 2684 5454 2777 5523; x_wconf 92' lang='lat' dir='ltr'><strong>qui</strong></span> <span class='ocrx_word' id='word_1_862' title='bbox 2809 5466 2896 5510; x_wconf 83' lang='lat' dir='ltr'><strong>est</strong></span> <span class='ocrx_word' id='word_1_863' title='bbox 2926 5456 2979 5510; x_wconf 92' lang='lat' dir='ltr'><strong>in</strong></span> <span class='ocrx_word' id='word_1_864' title='bbox 3015 5456 3138 5510; x_wconf 93' lang='lat' dir='ltr'><strong>sinu</strong></span> <span class='ocrx_word' id='word_1_865' title='bbox 3171 5455 3373 5523; x_wconf 83' lang='lat' dir='ltr'><strong>Patris,</strong></span> <span class='ocrx_word' id='word_1_866' title='bbox 3410 5457 3505 5527; x_wconf 87' lang='lat' dir='ltr'><strong>qui</strong></span> 
     </span>
    </p>
   </div>
   <div class='ocr_carea' id='block_1_113' title="bbox 1916 5543 3506 5615">
    <p class='ocr_par' dir='ltr' id='par_1_113' title="bbox 1916 5543 3506 5615">
     <span class='ocr_line' id='line_1_113' title="bbox 1916 5543 3506 5615; baseline 0.003 -18"><span class='ocrx_word' id='word_1_867' title='bbox 1916 5543 2249 5598; x_wconf 81' lang='lat' dir='ltr'><strong>descendens</strong></span> <span class='ocrx_word' id='word_1_868' title='bbox 2275 5559 2339 5597; x_wconf 86' lang='lat' dir='ltr'><strong>ex</strong></span> <span class='ocrx_word' id='word_1_869' title='bbox 2366 5545 2588 5615; x_wconf 90' lang='lat' dir='ltr'><strong>propria</strong></span> <span class='ocrx_word' id='word_1_870' title='bbox 2626 5546 3027 5614; x_wconf 80' lang='lat' dir='ltr'><strong>magnitudine,</strong></span> <span class='ocrx_word' id='word_1_871' title='bbox 3059 5547 3185 5602; x_wconf 89' lang='lat' dir='ltr'><strong>inde</strong></span> <span class='ocrx_word' id='word_1_872' title='bbox 3223 5562 3347 5601; x_wconf 88' lang='lat' dir='ltr'><strong>sese</strong></span> <span class='ocrx_word' id='word_1_873' title='bbox 3378 5547 3506 5601; x_wconf 83' lang='lat' dir='ltr'><strong>visi—</strong></span> 
     </span>
    </p>
   </div>
   <div class='ocr_carea' id='block_1_114' title="bbox 1918 5632 3507 5707">
    <p class='ocr_par' dir='ltr' id='par_1_114' title="bbox 1918 5632 3507 5707">
     <span class='ocr_line' id='line_1_114' title="bbox 1918 5632 3507 5707; baseline 0.003 -17"><span class='ocrx_word' id='word_1_874' title='bbox 1918 5634 2083 5692; x_wconf 87' lang='lat' dir='ltr'><strong>bilem</strong></span> <span class='ocrx_word' id='word_1_875' title='bbox 2122 5646 2177 5692; x_wconf 87' lang='lat' dir='ltr'><strong>ct</strong></span> <span class='ocrx_word' id='word_1_876' title='bbox 2215 5632 2771 5707; x_wconf 83' lang='lat' dir='ltr'><strong>comprehensibilem</strong></span> <span class='ocrx_word' id='word_1_877' title='bbox 2801 5640 3115 5695; x_wconf 88' lang='lat' dir='ltr'><strong>hominibus</strong></span> <span class='ocrx_word' id='word_1_878' title='bbox 3142 5638 3328 5695; x_wconf 83' lang='lat' dir='ltr'><strong>eﬁicit.</strong></span> <span class='ocrx_word' id='word_1_879' title='bbox 3348 5639 3507 5698; x_wconf 77' lang='lat' dir='ltr'><strong>Visus</strong></span> 
     </span>
    </p>
   </div>
  </div>
