4100 6286
651 337 753 394 123
1309 328 1579 388 EUSEBII
1615 323 2092 385 CESARIENSIS
2131 323 2281 382 OPP.
2322 320 2503 379 PARS
2539 319 2628 376 III.
2667 351 2739 362 —-—
2780 317 3192 378 EXEGETICA.
3796 319 3918 376 I25

648 459 808 505 estet
837 448 1166 514 Ahrahamo,
1207 460 1330 502 cum
1364 444 1500 501 dixit
1537 442 1612 508 ei,
1650 462 1669 496 ι
1700 441 1907 497 Semini
1947 449 2039 495 tuo
2080 439 2267 501 dabo}

2321 435 2770 492 ὑποκαταϐαίνων
2824 435 2917 490 τοῦ
2971 437 3101 490 ίδίου
3153 433 3434 507 μεγέθους,
3487 433 3798 508 σμικρὺνων
3843 436 3915 490 δὲ

654 552 852 595 terram
883 541 1022 595 hanc
1049 540 1113 592 ³⁸.
1150 559 1170 592 ι
1198 536 1364 593 Infert
1391 537 1580 605 itaque
1613 532 1918 605 Scriptura,
1948 550 1969 584 ι
1995 531 2060 587 Ει
2085 531 2215 586 σεᾱὶ-

2317 530 2528 594 έαυτὸν,
2556 528 2615 594 ἐξ
2648 527 2855 582 ἐκείνου
2880 528 3075 600 ὁρατὸν
3097 529 3191 581 καὶ
3218 526 3559 599 καταληπτὸν
3591 526 3916 600 ἀνθρώποις

649 630 837 686 ficavit
862 631 934 686 ibi
958 631 1130 686 altare
1159 628 1407 692 Domino,
1444 625 1535 696 qui
1567 626 1715 681 visus
1751 623 1928 679 fuerat
1975 624 2026 678 ei
2063 621 2107 654 ³⁸
2138 639 2153 689 ;
2188 639 2208 674 ι

2317 623 2481 675 ποιεῖ.
2522 620 2699 690 Ὠφθη
2744 619 2839 677 καὶ
2879 617 2961 690 τῷ
3000 617 3268 690 Ἀϐραὰμ,
3313 619 3477 690 ἡνίκα
3521 613 3670 672 εἶπεν
3716 619 3907 690 αὐτῷ·

644 737 710 776 ac
752 738 990 791 rursum,
1037 739 1057 774 ι
1086 720 1365 776 Abraham
1397 718 1576 774 factus
1606 725 1692 774 est
1721 730 1990 771 annorum
2045 730 2215 770 nona-

2323 730 2341 762 ι
2367 713 2650 784 Σπέρματί
2685 727 2778 764 σου
2799 710 2955 764 δώσω
2974 710 3072 782 τὴν
3091 711 3194 782 γῆν
3210 709 3411 782 ταύτην
3430 712 3447 777 (
3457 711 3561 782 Η).
3585 730 3605 763 ι
3625 711 3911 779 Ἐπιλέγει

643 815 820 883 ginta,
860 823 915 869 et
951 814 1099 868 visus
1149 820 1234 866 est
1277 811 1325 866 ei
1364 810 1627 866 Dominus
1665 808 1751 874 “;
1802 826 1822 861 ι
1879 807 2209 876 iterumque,

2314 799 2407 857 οὖν
2453 805 2487 876 ἡ
2541 804 2763 875 Γραφή·
2803 803 2952 856 «Καὶ
2999 802 3346 874 ᾠκοδόμησεν
3373 806 3490 858 ἐκεῖ
3514 804 3912 875 θυσιαστήριον

651 922 671 955 ι
705 905 770 959 Et
813 904 958 960 visus
989 910 1072 958 est
1098 902 1356 956 Dominus
1397 900 1630 956 Abrahze
1665 898 1732 953 ad
1764 888 2022 966 quercum
2047 895 2215 950 Mam-

2313 894 2392 965 τῷ
2425 895 2613 966 Κυρίῳ
2641 894 2718 965 τῷ
2745 894 2962 964 ὀφθέντι
2988 895 3164 967 αὐτῷ’
3193 915 3211 948 ι
3237 897 3331 949 καὶ
3373 897 3563 951 πάλινο
3597 916 3615 949 ι
3649 896 3914 967 ’Δεραὰμ

644 997 744 1050 hre
773 995 840 1049 ⁸⁸.
870 1013 890 1048 ι
925 995 998 1050 De
1034 992 1186 1048 Isaac
1220 1006 1438 1063 quoque
1478 991 1682 1045 dictum
1716 999 1822 1054 est,
1863 1007 1880 1039 ι
1918 987 1984 1042 Ει
2022 986 2211 1057 profe-

2315 986 2530 1054 ἐγένετο
2565 986 2701 1040 ἑτῶν
2748 987 3093 1058 ἐνενήκοντα,
3126 987 3220 1041 καὶ
3259 987 3412 1060 ὤφθη
3445 988 3592 1059 αὑτῷ
3620 987 3821 1060 Κύριος
3843 1004 3903 1038 ἰ

646 1097 771 1142 ctus
797 1095 882 1142 est
911 1093 964 1141 et
994 1085 1244 1141 ascendit
1271 1084 1337 1138 ad
1374 1091 1594 1153 puteum
1631 1081 1947 1151 juramenti,
1984 1090 2039 1135 et
2064 1081 2214 1135 visus

2316 1081 2411 1132 καὶ
2445 1079 2607 1133 πάλιν
2626 1094 2638 1108 ’
2667 1095 2686 1128 ι
2707 1079 2818 1132 Καὶ
2852 1077 3006 1148 ὤφθη
3035 1077 3239 1148 Κύριος
3278 1077 3358 1148 τῷ
3394 1079 3641 1151 Ἀδραὰμ
3667 1077 3801 1151 πρὸς
3825 1082 3907 1150 τῇ

643 1188 732 1232 est
761 1178 1019 1234 Dominus
1049 1177 1151 1248 ipsi
1198 1176 1252 1230 in
1288 1183 1447 1229 nocte
1475 1173 1565 1226 illa
1601 1171 1666 1225 ³⁸.
1705 1190 1724 1224 ι
1773 1170 2115 1241 Rursumque
2147 1172 2214 1225 de

2313 1170 2435 1241 δρυῒ
2459 1173 2524 1242 τῇ
2542 1169 2809 1242 Μαμϐρῆ.
2841 1189 2858 1222 ι
2894 1170 3004 1224 Καὶ
3031 1171 3158 1243 περὶ
3184 1169 3278 1224 τοῦ
3296 1171 3480 1224 Ἰσαὰκ
3504 1171 3736 1245 εἴρηται·
3756 1173 3914 1226 «Καὶ

641 1270 812 1326 Jacob
861 1269 1080 1332 dicitur,
1135 1286 1154 1320 ι
1189 1267 1302 1338 Ego
1341 1282 1458 1320 sum
1512 1264 1674 1328 Deus,
1733 1264 1825 1333 qui
1877 1263 2028 1318 visus
2092 1278 2210 1317 smn

2314 1264 2608 1336 ἐπορεύθη,
2652 1263 2745 1316 καὶ
2771 1261 2937 1333 ἀνέϐη
2989 1261 3081 1316 ἐπὶ
3140 1261 3199 1314 τὺ
3233 1262 3409 1332 φρέαρ
3445 1261 3539 1317 τοῦ
3572 1265 3756 1334 ὅρκου,
3800 1262 3913 1318 καὶ

641 1363 782 1426 tibi;
820 1381 842 1414 ι
873 1362 969 1417 sed
999 1361 1166 1416 etiam
1219 1375 1341 1414 cum
1388 1357 1537 1411 venit
1583 1375 1602 1407 ι
1649 1358 1703 1411 in
1757 1355 1946 1410 Bethel
1985 1356 2101 1424 ipse
2156 1365 2212 1410 et

2315 1354 2470 1425 ὤφθη
2508 1355 2712 1425 Κύριος
2749 1351 2897 1424 αὐτῷ
2940 1354 2996 1405 ἐν
3023 1354 3090 1423 τῇ
3136 1353 3289 1405 νυκτὶ
3323 1353 3524 1423 ὲκείνῃο
3553 1373 3570 1404 ›
3610 1355 3703 1408 καὶ
3738 1350 3915 1420 αὖθις

641 1453 894 1525 populus,
927 1451 1018 1524 qui
1044 1467 1168 1508 cum
1198 1465 1263 1506 eo
1294 1459 1438 1514 erat,
1467 1449 1759 1504 miliﬁcavit
1790 1447 1861 1502 ibi
1903 1447 2115 1500 altare:
2159 1455 2212 1500 et

2314 1448 2408 1499 ἐπὶ
2436 1445 2530 1500 τοῦ
2573 1444 2766 1499 Ἰακὼϐ
2788 1445 3031 1516 εἴρηται·
3063 1463 3081 1495 ι
3122 1443 3262 1513 Ἐγώ
3287 1446 3402 1514 εἰμι
3428 1446 3456 1498 ό
3478 1444 3629 1510 Θεὸς,
3660 1446 3688 1499 ό
3712 1446 3913 1516 ὀφθείς

640 1546 854 1600 vocavit
887 1558 1084 1599 nomen
1119 1544 1307 1598 domus
1354 1540 1586 1608 Dethel;
1623 1540 1692 1595 ibi
1721 1540 1862 1593 enim
1904 1539 2004 1608 ipsi
2041 1553 2209 1608 appa-

2315 1554 2431 1591 σοι·
2460 1557 2478 1590 ι
2516 1537 2654 1592 ἀλλὰ
2695 1537 2788 1592 καὶ
2813 1538 2901 1590 ὅτε
2939 1533 3104 1607 ἦλθεν
3137 1557 3155 1587 ι
3178 1539 3256 1600 εἰς
3301 1535 3500 1606 Βαιθὴλ
3531 1538 3692 1601 αὐτὸς
3735 1540 3826 1591 καὶ
3877 1541 3912 1592 ὁ

640 1638 755 1690 ruit
787 1638 926 1691 Deus
945 1636 1031 1702 '7;
1072 1653 1092 1688 ι
1137 1635 1446 1703 iterumque
1490 1633 1691 1687 dictum
1720 1640 1825 1695 est,
1872 1649 1890 1682 ι
1922 1628 2212 1684 Visus-est

2315 1629 2441 1693 λαὸς
2481 1630 2510 1682 ὁ
2561 1631 2677 1701 μετ’
2731 1627 2920 1691 αὐτοῦ,
2955 1628 3302 1701 ᾠκοδόμησεν
3347 1631 3465 1681 ἐκεῖ
3497 1628 3912 1700 θυσιαστήριον,

641 1737 822 1783 autem
868 1728 1009 1783 Deus
1048 1724 1218 1782 Iacob
1261 1724 1444 1780 adhuc
1496 1725 1548 1779 in
1596 1722 1741 1778 Luza
1771 1721 1858 1788 ³⁸;
1896 1740 1915 1773 ι
1967 1721 2209 1790 aliasque
2245 1784 2260 1791 _

2315 1723 2408 1776 καὶ
2440 1722 2666 1776 ἐκάλεσε
2688 1721 2749 1774 τὸ
2775 1721 2943 1790 ὄνομα
2972 1720 3064 1773 τοῦ
3093 1719 3243 1772 οἴκου
3267 1719 3500 1791 Βαιθήλ·
3530 1723 3647 1773 ἐκεῖ
3666 1720 3773 1790 γὰρ
3801 1721 3909 1774 αὑ-

644 1824 783 1878 dixit
826 1821 902 1877 illi
949 1821 1004 1875 in
1051 1817 1292 1876 hominis
1319 1816 1506 1886 specie
1533 1784 1884 1885 apparenspt
1915 1811 2030 1866 Non
2063 1784 2205 1867 ulira
2241 1784 2263 1839 Ῑ

2311 1813 2390 1884 τῷ
2431 1815 2602 1886 ἐφάνη
2644 1815 2674 1866 ὁ
2717 1784 2913 1877 Θεόςξι
2962 1813 3073 1864 Καὶ
3114 1813 3276 1865 πάλιν
3316 1784 3552 1883 εἴρηται·
3591 1784 3803 1883 ι’όφθη
3841 1815 3913 1867 δὲ

641 1911 928 1967 vocabitur
951 1923 1146 1964 nomen
1178 1916 1326 1961 tuum
1356 1905 1530 1961 Iacob
1563 1922 1577 1958 :
1624 1905 1720 1958 sed
1774 1903 1935 1958 Israel
1963 1903 2072 1957 erit
2105 1918 2207 1958 no-

2311 1907 2340 1960 ό
2379 1905 2512 1969 Θεὸς
2551 1906 2629 1976 τῷ
2679 1904 2871 1958 Ἰακὼὸ
2916 1904 3011 1957 καὶ
3057 1904 3137 1957 ἔτι
3167 1906 3225 1956 ὲν
3272 1906 3483 1970 Λουζᾶ’
3511 1926 3531 1956 ι
3569 1907 3664 1959 καὶ
3711 1905 3911 1960 ἄλλοτε

639 2015 766 2056 men
814 2009 963 2054 tuum
995 1998 1060 2051 ”.
1087 2017 1108 2051 ι
1141 1995 1368 2064 Quando
1417 1996 1631 2049 vocavit
1676 2008 1873 2048 nomen
1916 1993 2043 2058 loci,
2070 1994 2208 2064 Spe-

2310 1993 2461 2050 εἶπεν
2487 1996 2633 2067 αὐτῷ
2657 1997 2713 2049 ὲν
2760 1997 2996 2067 σχήματι
3029 1996 3315 2068 ἀνθρώπου
3369 1996 3582 2066 ὀφθείς⁸
3614 2017 3631 2048 ι
3666 1999 3775 2052 Οὐκ
3817 1997 3914 2053 ἐτι

635 2094 742 2148 cies
771 2090 894 2157 Dei,
925 2091 1131 2154 dicens,
1160 2107 1179 2141 ι
1209 2087 1330 2143 Vidi
1359 2087 1502 2140 enim
1535 2087 1701 2140 Deum
1733 2086 1874 2140 facie
1902 2087 1967 2140 ad
1990 2085 2205 2149 faciem,

2311 2087 2638 2160 κληθήσεται
2676 2087 2737 2139 τὸ
2779 2088 2947 2157 ὄνομα
2979 2105 3071 2140 σου
3099 2087 3292 2141 Ἰακώϐ
3313 2106 3326 2119 ο
3356 2089 3469 2141 ἀλλ’
3505 2090 3720 2161 Ἰσραὴλ
3745 2090 3911 2143 ἔσται

637 2195 694 2238 et
717 2182 863 2238 salva
903 2180 1045 2236 facta
1072 2188 1154 2235 est
1180 2178 1358 2232 anima
1414 2192 1531 2231 mea
1558 2177 1625 2230 “.
1666 2197 1685 2229 ι
1733 2176 1948 2249 Moyses
1988 2193 2206 2246 quoque

2310 2182 2371 2235 τὸ
2404 2181 2574 2250 ὄνομά
2603 2196 2694 2232 σου
2717 2196 2729 2209 ·
2760 2198 2777 2229 ι
2805 2179 2892 2232 ὅτε
2928 2180 3022 2232 καὶ
3054 2180 3279 2233 ἐκάλεσε
3303 2182 3364 2233 τὺ
3408 2181 3577 2251 δνομα
3615 2180 3706 2234 τοῦ
3729 2181 3911 2234 τόπου

639 2277 805 2332 Deum
858 2273 949 2343 qui
993 2270 1215 2327 oracula
1277 2271 1376 2326 sibi
1427 2269 1642 2336 edebat,
1704 2271 1918 2340 rogavit
1979 2271 2205 2334 dicens,

2305 2267 2480 2334 Εἶδος
2531 2268 2680 2324 Θεοῦ
2709 2266 2906 2320 εἰπών’
2941 2287 2959 2318 ι
2983 2265 3136 2321 Ε’δον
3167 2272 3273 2342 γὰρ
3300 2271 3430 2323 (θεὸν
3452 2271 3739 2342 πρόσωπον
3762 2271 3913 2342 πρὸς

641 2385 661 2416 ε
699 2363 756 2420 Si
788 2363 967 2418 inveni
1000 2361 1231 2432 gratiam
1263 2361 1315 2415 in
1353 2368 1642 2430 conspectu
1677 2369 1789 2423 tuo,
1822 2360 2046 2413 ostende
2077 2359 2204 2412 mihi

2310 2362 2619 2433 πρόσωπον,
2671 2364 2762 2416 καὶ
2813 2361 2990 2432 ἐσώθη
3027 2379 3126 2433 μου
3164 2365 3196 2432 ἡ
3246 2363 3411 2434 ψυχή.
3445 2383 3463 2414 ι
3504 2365 3614 2417 Καὶ
3657 2364 3911 2435 Μωῦσῆς

636 2456 890 2524 teipsum,
918 2451 1360 2523 cognoscibiliter
1417 2460 1471 2505 te
1519 2451 1730 2504 videam
1773 2450 1840 2502 ⁶¹.
1868 2467 1886 2500 ι
1947 2447 2042 2502 Ille
2076 2463 2206 2503 vero

2308 2455 2366 2507 δὲ
2389 2454 2480 2508 τὸν
2504 2455 2912 2527 χρηματίζοντα
2939 2454 3089 2525 αὐτῷ
3111 2453 3242 2507 Θεὸν
3273 2456 3515 2508 ἱκέτευσε
3547 2455 3720 2524 λέγων
3740 2473 3753 2485 ·
3789 2475 3806 2505 ι
3833 2456 3912 2510 ΕΞ

636 2550 915 2620 respondit
949 2549 999 2602 ei
1028 2548 1235 2613 dicens,
1268 2563 1288 2597 ι
1321 2544 1389 2598 Ει
1417 2545 1520 2600 hoc
1542 2547 1768 2600 verbum
1816 2545 1958 2615 quod
1998 2545 2206 2600 locutus

2307 2546 2517 2618 εὕρηκα
2551 2547 2711 2618 χάριν
2738 2546 2966 2600 ἐνώπιόν
3004 2563 3118 2609 σου,
3175 2546 3474 2617 ὲμφάνισόν
3507 2564 3599 2617 μοι
3631 2547 3862 2602 σεαυτόν
3884 2562 3906 2580 ⁶

637 2656 721 2706 es,
769 2639 1003 2695 faciam:
1062 2637 1316 2692 invenisti
1366 2637 1510 2690 enim
1564 2638 1788 2703 gratiam
1817 2637 1869 2690 in
1913 2646 2204 2705 conspectu

2307 2637 2565 2707 γνωστῶς
2599 2637 2694 2691 ἴδω
2733 2655 2814 2691 σε.
2841 2658 2860 2691 ι
2914 2639 2970 2691 Ὀ
3013 2637 3070 2690 δὲ
3114 2638 3447 2708 ἀπεκρίνατο
3481 2637 3632 2707 αὐτῷ
3679 2636 3858 2706 λέγων
3891 2655 3909 2668 ’

635 2745 758 2785 meo
777 2729 840 2781 “.
878 2749 897 2782 ι
935 2728 1181 2785 Ezechiel
1209 2730 1336 2784 item
1366 2743 1490 2783 eum
1514 2729 1604 2797 qui
1636 2729 1788 2783 sedet
1815 2742 1980 2798 super
2010 2729 2207 2782 cheru-

2315 2746 2330 2776 ι
2363 2728 2472 2781 Καὶ
2523 2725 2712 2780 τοῦτόν
2761 2744 2844 2780 σοι
2887 2726 2978 2780 τὸν
3021 2726 3180 2795 λόγον
3242 2727 3300 2779 ὃν
3351 2729 3576 2797 εἴρηκας
3647 2730 3858 2798 ποιήσω
3886 2743 3907 2758 ο

633 2822 746 2877 bim
777 2822 932 2886 vidit,
962 2820 1120 2891 quasi
1162 2821 1399 2889 speciem
1440 2819 1709 2875 hominis:
1759 2834 1788 2872 a
1843 2819 2041 2873 lumbis
2092 2820 2208 2887 ejus

2308 2819 2551 2892 εὕρηκας
2582 2818 2693 2891 γὰρ
2726 2821 2886 2891 χάριν
2912 2817 3142 2873 ἐνώπιόν
3173 2836 3294 2888 μου.
3323 2838 3341 2868 ι
3387 2818 3545 2870 Ἀλλὰ
3586 2821 3680 2872 καὶ
3708 2821 3736 2871 ὁ
3798 2821 3908 2872 Ἰε-

635 2927 808 2984 usque
847 2915 913 2968 ad
966 2914 1132 2968 imum
1172 2913 1315 2984 ignis
1354 2920 1495 2976 erat,
1542 2920 1596 2964 et
1645 2926 1674 2964 a
1716 2911 1913 2967 lumbis
1962 2911 2080 2981 ejus
2111 2927 2204 2966 us-

2309 2911 2499 2983 ζεκιὴλ
2551 2911 2642 2965 τὸν
2689 2912 2784 2963 ἐπὶ
2830 2909 2941 2963 τῶν
2983 2909 3244 2980 χερουϐὶμ
3282 2909 3586 2980 καθήμενον
3616 2907 3774 2974 εἶδεν,
3819 2912 3911 2976 ὡς

635 3018 741 3072 que
771 3004 837 3057 ad
864 3018 1158 3068 summum,
1208 3002 1420 3074 species
1461 3001 1671 3056 electri.
1707 3000 1915 3070 Quibus
1955 3003 2208 3059 omnibus

2310 3003 2499 3074 ὅρασιν
2541 3000 2852 3074 ἀνθρώπου,
2900 3001 3008 3055 άπὸ
3055 3001 3155 3070 τῆς
3199 3000 3400 3069 ὀσφύος
3450 3002 3614 3055 αὑτοῦ
3652 3004 3744 3056 καὶ
3791 3004 3911 3069 ἕως

636 3094 944 3189 εοίεείιιιιιε
984 3095 1222 3189 visiones
1264 3111 1314 3189 an
1347 3096 1621 3166 pmdictis
1675 3094 2204 3189 viris_habitasnou
2237 3129 2255 3188 ι

2314 3094 2465 3146 κάτω
2496 3092 2630 3163 πῦρ,
2682 3093 2778 3145 καὶ
2810 3091 2918 3145 ἀπὸ
2952 3090 3054 3161 τῆς
3085 3089 3284 3158 ὀσφύος
3327 3091 3492 3144 αὑτοῦ
3523 3093 3616 3142 καὶ
3651 3092 3756 3154 ἓως
3783 3093 3910 3146 ἄνω

633 3184 842 3240 similes
870 3183 1078 3250 fuisse,
1122 3186 1215 3241 sed
1264 3186 1548 3251 diversas;
1607 3201 1730 3239 nam
1789 3184 1958 3258 Moysi
1990 3175 2252 3256 quidem'

2314 3183 2474 3253 ὑπὲρ,
2503 3183 2693 3253 ὅρασιν
2720 3182 3011 3253 ἠλέκτρου.
3047 3182 3123 3233 Δι’
3151 3175 3225 3234 ὧν
3263 3180 3520 3233 ἁπάντων
3551 3181 3907 3252 μανθάνομεν

636 3277 840 3331 dictum
890 3285 1013 3341 est,
1052 3296 1073 3329 ‹
1103 3275 1218 3332 Non
1258 3279 1463 3348 pcteris
1513 3278 1699 3333 videre
1745 3276 1934 3333 faciem
1982 3294 2203 3334 meam:

2309 3274 2408 3344 οὐχ
2440 3273 2629 3344 ὁμοίας
2676 3272 2774 3334 τὰς
2801 3272 3066 3334 ὀπτασίας
3088 3270 3414 3341 γεγενῆσθαι
3443 3275 3554 3334 τοῖς
3590 3270 3903 3342 προλεχθεῖ-

636 3382 740 3421 non
768 3368 910 3421 enim
938 3369 1144 3423 videbit
1168 3369 1330 3425 homo
1364 3369 1554 3424 faciem
1592 3384 1790 3435 meam,
1822 3379 1878 3424 et
1907 3370 2052 3426 vivet
2076 3371 2140 3424 ".
2180 3390 2201 3425 ι

2311 3382 2418 3430 σιν,
2469 3365 2604 3420 ἀλλὰ
2650 3353 2973 3434 διαφόρους·
3018 3361 3097 3432 τῷ
3145 3362 3242 3431 μὲν
3289 3362 3398 3432 γάρ
3429 3363 3637 3433 Μωῦσῇ
3687 3363 3902 3434 εἴρητο·

637 3460 914 3527 Siquidem
961 3460 1138 3515 vultus
1167 3460 1260 3515 Dei
1293 3461 1479 3527 Verbi,
1505 3471 1559 3516 et
1586 3463 1761 3516 deitas
1788 3459 2061 3532 Uuigeniti
2087 3462 2206 3518 Filii

2315 3475 2334 3508 ι
2360 3456 2434 3510 Οὐ
2465 3456 2670 3527 δυνήσῃ
2700 3453 2829 3506 ἰδεῖν
2857 3451 2919 3504 τὸ
2950 3450 3241 3523 πρόσωπόν
3276 3467 3376 3522 μου
3400 3467 3412 3479 ·
3447 3451 3508 3502 οὐ
3541 3450 3649 3521 γάρ
3684 3450 3766 3523 ῐδῃ
3797 3450 3901 3504 ἄν-

635 3547 756 3614 Dei,
802 3551 1013 3605 mortali
1069 3561 1277 3607 natura;
1318 3553 1827 3622 comprehensibilis
1881 3554 2206 3624 neutiquam

2311 3549 2527 3621 θρωπος
2563 3549 2622 3602 τὸ
2665 3546 2952 3618 πρόσωπόν
3007 3562 3143 3615 μου,
3190 3544 3286 3597 καὶ
3332 3545 3575 3613 ζήσεται·
3603 3562 3621 3594 ι
3673 3543 3732 3595 τὸ
3783 3541 3907 3613 γὰρ

635 3639 818 3694 fuerit.
876 3641 1141 3697 Ezechieli
1195 3653 1375 3698 autem
1434 3642 1596 3700 Verbi
1664 3644 1837 3716 gloria
1887 3660 1983 3713 per
2040 3646 2208 3717 aenig-

2311 3642 2600 3712 πρόσωπον
2629 3638 2723 3692 τοῦ
2760 3637 2895 3691 Θεοῦ
2935 3636 3108 3705 Λόγου
3141 3635 3236 3689 καὶ
3275 3638 3309 3706 ἡ
3342 3635 3533 3706 θεότης
3579 3635 3675 3688 τοῦ
3711 3635 3896 3689 Μονο-

635 3741 778 3785 mata
804 3733 916 3788 visa
969 3733 1106 3790 fuit:
1141 3735 1372 3791 Abrahae
1428 3751 1555 3791 vero
1603 3739 1703 3794 sub
1754 3737 1988 3792 hominis
2033 3736 2206 3792 forma

2309 3732 2501 3802 γενοῦς
2549 3731 2677 3784 Υἱοῦ
2713 3731 2804 3783 τοῦ
2838 3729 2973 3783 Θεοῦ
3026 3729 3192 3800 θνητῇ
3241 3729 3399 3796 φύσει
3445 3729 3544 3782 οὐκ
3581 3729 3647 3782 ἂν
3684 3729 3907 3798 γένοιτο

638 3824 867 3894 figurate
897 3828 1048 3883 visus
1079 3839 1184 3892 est,
1235 3829 1306 3883 ita
1360 3837 1418 3884 ut
1474 3829 1574 3884 sub
1614 3845 1817 3900 quercu
1860 3831 2204 3897 consisteret,

2310 3825 2627 3894 καταληπτή
2649 3841 2662 3852 ·
2702 3823 2796 3876 καὶ
2843 3821 2921 3892 τῷ
2962 3820 3222 3891 Ἰεζεκιὴλ
3252 3821 3309 3874 δὲ
3342 3823 3375 3891 ἡ
3431 3819 3523 3875 τοῦ
3558 3821 3731 3888 Λόγου
3764 3820 3900 3889 δόξε-

637 3918 806 3987 pedes
832 3918 1095 3985 ablueret,
1129 3928 1184 3973 et
1213 3935 1412 3974 mensae
1433 3934 1660 3976 consors
1693 3929 1858 3976 esset.
1916 3918 2209 3976 Similiter-

2308 3912 2374 3965 δι’
2412 3912 2749 3980 αἰνιγμάτων
2783 3909 3102 3980 ὲθεωρεῖτο·
3141 3909 3218 3980 τῷ
3262 3909 3318 3963 δὲ
3365 3909 3615 3981 Ἀϐραάμ
3649 3913 3905 3982 ἐσχημα-

640 4022 748 4075 que
787 4024 907 4062 cum
961 4010 1162 4064 Iacobo
1217 4012 1381 4065 homo
1439 4011 1649 4067 luctans
1706 4012 2010 4078 inducitur,
2044 4026 2204 4081 quem

2308 4003 2799 4074 stcpévogtwpito
2845 4002 2903 4052 ὲν
2949 3999 3238 4070 ἀνθρώπου
3286 4005 3489 4073 μορφῇ,
3535 4002 3611 4065 ὡς
3659 4003 3752 4056 καὶ
3788 4003 3905 4057 ὑπὸ

642 4096 923 4168 Scriptura
946 4101 1162 4170 quidem
1189 4100 1466 4154 hominem
1500 4100 1772 4170 appellat;
1819 4100 1911 4155 ille
1959 4115 2090 4156 vero
2113 4099 2206 4170 qui

2308 4093 2406 4164 τὴν
2436 4093 2568 4164 δρῦν
2600 4091 2875 4160 γενέσθαι,
2907 4091 3002 4144 καὶ
3027 4093 3155 4156 τοὺς
3182 4092 3348 4156 πόδας
3380 4093 3764 4163 ἀπονίψασθαι,
3795 4096 3901 4148 καὶ

639 4188 919 4243 oraculum
961 4189 1176 4253 edebat,
1224 4207 1243 4240 ι
1283 4189 1400 4243 Non
1465 4190 1780 4257 vombitur,
1845 4189 2044 4259 inquit,
2108 4203 2207 4243 uo-

2307 4185 2587 4256 τραπέζης
2633 4185 2990 4254 κοινωνῆσαν
3026 4185 3228 4255 ὁμοίως
3281 4186 3374 4238 καὶ
3416 4186 3506 4238 ἐπὶ
3545 4185 3639 4239 τοῦ
3695 4187 3896 4240 Ἰακὼϐ

639 4296 761 4334 men
819 4292 965 4336 tuum
1015 4281 1221 4349 Jacob;
1271 4283 1364 4338 sed
1421 4283 1584 4338 Israel
1640 4284 1745 4337 erit
1786 4298 1977 4338 nomen
2032 4293 2202 4348 tuum,

2308 4275 2598 4346 ἄνθρωπος,
2619 4277 2864 4347 εἰσῆκται
2897 4275 3163 4339 παλαίων,
3197 4275 3255 4327 ὃν
3283 4277 3315 4346 ἡ
3347 4276 3444 4346 μὲν
3471 4277 3658 4347 Γραφὴ
3682 4276 3897 4348 ἅνθρω-

638 4373 760 4440 quia
794 4372 950 4427 fortis
981 4373 1126 4428 fuisti
1159 4389 1282 4430 cum
1320 4375 1429 4429 Deo
1450 4373 1539 4442 “;
1579 4393 1598 4426 ι
1642 4374 1784 4429 unde
1821 4385 1875 4427 et
1921 4373 2092 4430 Iacob
2128 4377 2209 4430 di-

2311 4387 2407 4421 πον
2437 4367 2712 4439 ὀνομάζει,
2747 4369 2906 4432 αὐτὸς
2933 4368 2988 4421 δὲ
3021 4371 3050 4421 ό
3094 4370 3470 4440 χρηματίζων,
3517 4387 3533 4417 ι
3561 4370 3633 4422 Οὐ
3682 4369 3892 4439 κληθή-

636 4464 818 4527 cebat,
855 4481 874 4516 ι
911 4462 1027 4519 Vidi
1056 4465 1197 4519 enim
1232 4465 1398 4518 Deum
1435 4464 1573 4520 facie
1598 4465 1664 4520 ad
1687 4464 1904 4532 faciem,
1958 4475 2012 4521 et
2057 4466 2202 4521 salva
2237 4470 2255 4526 1

2276 4478 2459 4514 ισεται
2502 4463 2560 4515 τὸ
2602 4462 2773 4532 ὄνομά
2829 4479 2944 4525 σου,
2997 4462 3183 4532 φησιν,
3247 4459 3459 4513 Ἰακώϐ·
3510 4461 3625 4513 ἀλλ’
3672 4461 3895 4533 Ἰσραὴλ

636 4552 781 4608 facta
815 4555 1094 4608 estanima
1127 4570 1246 4609 mea
1273 4555 1342 4609 ".
1370 4573 1388 4607 ι
1421 4552 1517 4608 llic
1547 4569 1675 4609 vero
1705 4555 1965 4625 propheta
1998 4571 2056 4610 se
2072 4572 2204 4625 quo-

2306 4550 2455 4603 ἔσται
2493 4551 2553 4603 τι
2585 4552 2758 4622 ὄνομά
2786 4569 2900 4614 σου,
2931 4553 3009 4605 ὅτι
3036 4552 3325 4620 ἐνίσχυσας
3356 4550 3492 4620 μετὰ
3522 4549 3683 4604 Θεοῦ·
3706 4571 3724 4601 ι
3762 4550 3891 4605 ὅθεν

637 4656 744 4711 que
775 4641 1000 4712 gloriam
1033 4643 1148 4711 ejus
1181 4646 1382 4701 vidisse
1418 4646 1754 4701 testificatur.
1801 4647 1971 4717 Igitur
2011 4647 2204 4702 Salva-

2304 4642 2396 4695 καὶ
2441 4642 2634 4695 Ἰακὼϐ
2664 4643 2849 4712 ἔλεγεν
2869 4661 2881 4675 ·
2925 4663 2943 4694 ι
2967 4641 3117 4696 Εἶδον
3146 4642 3254 4712 γὰρ
3276 4641 3409 4694 Θεὸν
3437 4643 3724 4713 πρόσωπον
3753 4644 3892 4714 πρὸς

635 4735 768 4788 toris
800 4736 966 4790 nostri
993 4734 1118 4791 Jesu
1142 4735 1338 4792 Christi
1361 4737 1610 4808 gloriam,
1633 4749 1690 4791 ιιι
1713 4739 1766 4793 in
1792 4739 2043 4809 praesenti
2080 4756 2203 4794 nar-

2303 4732 2612 4803 πρόσωπον,
2663 4734 2756 4786 καὶ
2801 4733 2978 4806 ἐσώθη
3027 4751 3126 4803 μου
3174 4735 3204 4803 ή
3256 4733 3423 4804 ψυχή.
3453 4753 3470 4783 ι
3519 4735 3576 4786 Ὀ
3604 4733 3659 4786 δὲ
3694 4733 3890 4803 παρὼν

637 4833 743 4891 rat,
776 4830 1061 4895 conspexit
1085 4847 1097 4882 :
1130 4844 1235 4882 non
1264 4830 1420 4899 plane
1447 4831 1714 4900 corporis,
1735 4832 1830 4886 sed
1853 4832 2050 4886 mentis
2073 4847 2202 4887 ocu—

2303 4825 2591 4896 προφήτης
2643 4825 2770 4878 ἱδεῖν
2814 4826 2908 4878 καὶ
2962 4825 3122 4889 αὐτὸς
3173 4827 3532 4896 μαρτυρεῖται
3581 4826 3675 4896 τὴν
3723 4825 3887 4891 δόξαν

634 4915 703 4968 Iis
738 4931 766 4969 a
801 4917 1004 4987 Spiritu
1051 4931 1238 4975 sancto
1283 4922 1606 4976 illustratis:
1645 4924 1784 4978 sicut
1818 4924 1962 4978 enim
2006 4939 2202 4993 corpo-

2308 4916 2490 4969 αὐτοῦ.
2516 4915 2725 4970 Ulixe-33v
2743 4916 2843 4985 τῆς
2865 4915 2958 4968 τοῦ
2990 4915 3239 4986 Σωτῆρος
3268 4915 3424 4985 ἡμῶν
3453 4915 3625 4988 Ἰησοῦ
3647 4918 3889 4986 Χριστοῦ

635 5006 710 5059 ris
749 5009 885 5061 oculi
926 5024 955 5061 a
1005 5010 1143 5065 lucis
1190 5013 1344 5066 radio
1389 5015 1630 5068 exterius
1675 5014 2091 5069 subministrata
2134 5015 2201 5069 ad

2307 5007 2462 5073 δόξαν
2490 5009 2576 5062 διὰ
2604 5007 2712 5060 τῶν
2735 5007 3107 5078 προκειμένων
3130 5007 3394 5079 ἑώρακεν,
3417 5010 3478 5061 οὐ
3514 5009 3725 5072 πάντως
3753 5027 3891 5082 σαρ-

637 5098 914 5153 sensibilia
976 5092 1205 5156 videnda
1265 5105 1572 5174 juvantur;
1632 5106 1817 5159 eodem
1870 5106 2030 5160 modo
2073 5123 2202 5177 pur-

2308 5101 2402 5163 κὸς
2432 5100 2748 5170 ὀφθαλμοῖς,
2785 5103 2897 5164 τοῖς
2934 5100 2990 5153 δὲ
3028 5102 3126 5172 τῆς
3154 5101 3413 5162 διανοίας,
3454 5102 3888 5172 πεφωτισμένοις

637 5200 775 5258 gata:
820 5193 1017 5246 mentis
1056 5195 1223 5259 oculi,
1265 5197 1334 5249 ab
1376 5195 1702 5264 intelligihili
1759 5197 1879 5251 luce
1925 5197 2199 5264 irradiati,

2309 5192 2414 5244 ὑπὸ
2453 5192 2548 5246 τοῦ
2600 5193 2758 5261 ἁγίου
2793 5191 3138 5264 Πνεύματος·
3169 5193 3243 5255 ὼς
3272 5191 3380 5264 γὰρ
3418 5194 3465 5244 οἱ
3498 5192 3592 5245 to:
3633 5192 3886 5262 σώματος

637 5280 816 5335 divina
855 5285 1208 5355 contemplari
1247 5297 1497 5355 possunt.
1537 5286 1897 5353 Quamobrem
1939 5287 2200 5343 Servator

2309 5285 2413 5337 ὑπὸ
2443 5286 2540 5356 τῆς
2579 5283 2778 5349 ἔξωθεν
2796 5286 3204 5358 χορηγουμένης
3234 5284 3327 5337 τοῦ
3350 5283 3523 5353 φωτὸς
3553 5283 3728 5354 αὐτῆς
3760 5301 3888 5338 συν-

715 5439 916 5514 ³ίϐριι
947 5459 1044 5506 ιιι,
1085 5444 1139 5498 7.
1214 5445 1259 5477 ³³
1287 5445 1425 5499 Ibid.
1523 5446 1567 5476 ³³⁵
1599 5445 1732 5502 Gen.
1777 5436 1905 5510 xvii,
1948 5450 1996 5500 I.
2089 5447 2134 5478 ³⁸
2157 5447 2294 5501 Gen.

2262 5465 2294 5501 ι.
2337 5464 2493 5514 ιιι-ιιι,
2540 5450 2588 5504 l.
2667 5450 2710 5480 δε
2749 5449 2883 5504 Gen.
2935 5463 3084 5512 xxvx,
3141 5447 3248 5514 23._
3327 5447 3368 5478 ³⁷
3411 5447 3550 5501 Gen.
3615 5462 3777 5511 xxxv,
3831 5447 3881 5497 7.

650 5509 872 5591 ff'nﬂen.
920 5517 1203 5591 xl,vm_,"5.
1232 5514 1483 5591 _”_Gen.
1537 5532 1747 5591 XXXII,_
1774 5519 1862 5571 28.
1894 5509 1899 5510 ί
1939 5519 1982 5550 ⁸⁸
2004 5516 2136 5573 Ibid.
2159 5519 2246 5572 δι),

2325 5517 2364 5549 ⁸¹
2394 5509 2561 5575 Exud.
2604 5536 2796 5586 κιτιιι,
2851 5520 2934 5574 13.
2959 5517 3003 5548 ⁵⁸
3030 5509 3162 5573 Ibid.
3193 5510 3276 5568 Η.
3300 5517 3343 5549 ⁸³
3377 5509 3879 5583 Ειυι1.χιιιιι,’πὶυ.

645 5579 691 5612 ιδ
717 5579 848 5633 Gen.
876 5598 1047 5651 usu,
1078 5585 1170 5653 9.8,
1229 5584 1273 5616 “
1311 5584 1447 5641 Gen.
1477 5602 1647 5640 xxxii.
1687 5586 1773 5641 50.

717 5738 834 5807 (I6)
873 5737 988 5793 lla'c
1020 5757 1226 5811 quoque
1267 5742 1620 5810 Hieronymus
1662 5748 1929 5807 exprimit.
1970 5747 2058 5802 scd
2104 5747 2462 5804 paucioribus.
