4100 6286
1155 316 1661 379 ΕΟΗΜΕΝΤΔΒΙΔ
1703 319 1771 377 IN
1812 318 2075 377 ISAIAI.
2108 350 2181 363 —
2214 317 2371 375 CAP.
2415 316 2505 375 VI.

3372 313 3478 372 128

158 431 465 507 ιργοῦνται
509 448 585 499 εις
611 433 679 487 τὺ
703 431 941 505 βλέπειν
972 435 1042 491 τά
1070 435 1321 507 αἰσθητά,
1347 436 1439 491 τδν
1466 435 1629 490 αὐτὸν
1656 435 1782 508 τρό-

1890 435 2001 489 Ιιτεο
2041 435 2263 490 docuit:
2310 452 2330 484 ι
2359 430 2511 487 Beati
2553 429 2759 485 mundo
2808 427 2999 491 corde,
3054 427 3315 499 quoniam
3371 428 3477 500 ipsi

174 542 280 581 εον
307 525 377 581 τά
414 527 513 597 τῆς
535 526 972 599 ιακαθαρμὲνης
992 529 1166 600 ψυχῆς
1196 530 1422 600 ὅμματα
1449 529 1556 582 ὑπὸ
1586 526 1777 598 νοεροῦ

1890 528 2056 582 Deum
2098 526 2364 582 videbunt
2383 525 2450 579 “.
2487 542 2505 575 ι

180 619 353 688 φωτὸς
408 617 887 690 κατανγαζόμενα,
938 620 1011 675 τά
1054 620 1172 674 θεῖα
1198 622 1557 676 κατοπτεύειν
1592 621 1839 675 δύναται.
1876 620 1966 673 Διὸ
1992 621 2087 675 καὶ
2114 623 2144 675 ό
2170 621 2365 691 Σωτὴρ
2392 616 2541 672 τοῦτ’
2572 616 2821 670 ιδίδασκε
2841 632 2855 647 ·
2893 634 2912 667 ι
2940 615 3216 687 Μακάριοι
3239 614 3289 669 ei
3313 614 3479 669 καθα·

182 708 259 779 pot
294 708 367 780 τῇ
410 708 628 781 καρδία,
662 709 746 764 ὅτι
782 711 941 765 αὐτοὶ
966 712 1062 765 τὸν
1093 712 1229 767 Θεὸν
1257 713 1502 783 όψονται.
1535 733 1553 766 ι

248 818 269 851 ι
290 800 412 853 Καὶ
446 800 686 871 σεραφὶμ
716 802 1073 874 είστήκεισαν
1113 803 1301 876 κύκλῳ
1328 807 1517 872 αὐτοῦ,
1560 807 1622 873 ἒξ
1650 806 1784 861 πτί-

177 908 344 961 ρυγες
371 891 457 962 τῷ
489 892 591 955 ἑνὶ,
625 894 720 947 καὶ
752 893 813 959 ἒξ
864 895 1137 966 πτέρυγες
1163 896 1243 967 τῷ
1275 899 1375 951 ἑνί.
1402 917 1422 950 ι
1476 897 1785 969 Ἀσὼματοί

174 998 316 1048 τινες
350 984 502 1039 θεῖαι
533 986 626 1038 καὶ
670 987 1037 1059 ὑπερκόσμιοι
1088 988 1365 1061 δυνάμεις,
1394 990 1462 1054 ἃς
1488 992 1583 1045 καὶ
1612 994 1641 1044 ό
1673 992 1782 1045 Δα-

177 1074 289 1145 νιὴλ
336 1076 534 1148 ιδήλου
577 1079 785 1147 λέγων,
844 1099 865 1132 ι
890 1081 1074 1135 Χίλιαι
1117 1082 1352 1152 χιλιάδες
1402 1081 1781 1154 ἐλειτούργουν

176 1167 345 1237 αὐτῷ,
390 1168 492 1220 καὶ
528 1168 724 1241 μύριαι
768 1171 1030 1243 μυριάδες
1077 1178 1539 1245 παρειστήκεισαν
1572 1175 1783 1246 ἔμπρο-

178 1258 299 1313 σθεν
326 1259 526 1313 αὑτοῦ.
559 1280 577 1313 ι
595 1261 701 1315 Δύο
727 1263 825 1333 μὲν
853 1260 998 1316 εἶναι
1019 1264 1086 1317 τά
1114 1268 1357 1336 σεραφὶμ
1384 1267 1634 1321 ἐντεῦθεν
1666 1268 1785 1321 ἑνό-

178 1366 343 1422 ειισαν
379 1350 566 1406 ἄλλοι·
610 1352 721 1420 ἐγὼ
749 1353 828 1415 δὲ,
876 1355 1184 1425 ἐπιστήσας
1215 1360 1281 1426 τῇ
1316 1356 1529 1428 διανοίᾳ
1557 1357 1657 1427 τῆς
1691 1357 1780 1409 λε-

175 1440 380 1515 γούσης
422 1444 651 1514 Γραφῆς
702 1444 885 1516 κύκλῳ
914 1447 1081 1500 αὐτοῦ
1125 1447 1195 1500 τά
1241 1448 1488 1518 σεραφὶμ
1536 1451 1779 1512 ἑστάναι,

176 1534 421 1605 ἠγοῦμαι
468 1535 649 1590 ταῦτα
698 1539 963 1605 στεφάνου
1012 1538 1169 1611 δίκην
1208 1541 1548 1611 πανταχόθεν
1589 1541 1782 1613 ὥσπερ

179 1624 348 1693 μέγαν
399 1625 634 1695 βασιλέα
676 1627 1099 1699 δορυφοροῦντα.
1152 1630 1248 1696 Ἐξ
1288 1630 1344 1683 δὲ
1386 1632 1657 1703 πτέρυγες
1702 1631 1782 1702 τῷ

174 1718 247 1773 ἑνὶ
266 1718 531 1787 λέγονται
554 1720 1018 1790 προσπεφυκέναι,
1034 1720 1111 1791 τῷ
1128 1723 1357 1777 ἕκαστον
1381 1725 1777 1795 κεκοσμῆσθαι,

176 1806 365 1881 ὥσπερ
408 1810 693 1886 πτέρυξιν,
740 1812 1007 1882 ὲμφύτοις
1035 1814 1259 1884 ἀρεταῖς
1293 1816 1388 1868 καὶ¹
1430 1818 1779 1887 μετεωροπό-

171 1917 306 1974 ροις,
358 1897 453 1966 αξ
498 1902 829 1974 διιπτάμενα
883 1904 947 1958 δι’
1000 1906 1234 1975 ούρανοῦ
1286 1908 1383 1960 καὶ
1432 1907 1778 1979 αἱθεροςρόροι

167 1993 462 2065 τέρανται,
486 1998 709 2063 νοηταῖς
730 2012 843 2049 τισι
875 1995 1134 2067 χρώμενα
1162 1998 1489 2070 ἐνεργείαις,
1524 2000 1781 2071 πραγμά-

1959 798 2128 854 Vsus.
2167 797 2222 851 2.
2269 814 2289 847 ι
2322 794 2388 850 Et
2425 792 2701 863 seraphim
2729 792 2950 847 stabant
2986 791 3037 844 in
3074 790 3307 845 circuitu
3334 788 3479 859 eius,

1887 906 1981 949 sex
2007 891 2105 946 ala:
2143 890 2263 951 uni,
2294 900 2347 943 et
2373 904 2467 942 sex
2496 887 2597 941 alae
2626 885 2809 941 alteri.
2844 903 2863 936 ι
2892 885 3236 953 luem-porca:
3279 898 3480 955 nempe

1888 985 2161 1055 quaedam,
2201 982 2403 1036 divinae
2440 988 2495 1035 et
2536 993 2701 1049 supra
2750 977 3012 1032 mundum
3064 978 3257 1047 positae
3298 978 3478 1032 virtu-

1884 1085 1988 1140 tes,
2024 1090 2162 1145 quas
2194 1073 2381 1127 Daniel
2402 1072 2738 1134 declarabat,
2780 1070 2970 1125 dicens
3011 1084 3027 1123 :
3087 1087 3108 1123 ι
3138 1070 3304 1125 Millia
3349 1069 3479 1125 mil-

1881 1169 2017 1224 lium
2060 1168 2449 1222 ministrabant
2487 1165 2559 1230 ei,
2598 1175 2655 1219 et
2694 1165 2879 1222 decies
2917 1163 3118 1219 millies
3169 1163 3309 1219 dena
3356 1162 3481 1218 mil-

1884 1261 1957 1315 lia
1998 1259 2255 1314 astabant
2294 1258 2347 1312 in
2387 1265 2685 1327 conspectu
2725 1258 2846 1327 ejus
2886 1256 2954 1311 ".
3005 1274 3026 1309 ι
3074 1254 3212 1311 Hinc
3253 1254 3347 1311 alii
3385 1269 3483 1312 ar-

1882 1354 2071 1411 bitrati
2132 1360 2262 1408 sunt
2324 1351 2433 1405 duo
2486 1363 2608 1405 esse
2660 1350 2941 1418 seraphim
2982 1368 2996 1403 :
3038 1362 3142 1418 ego
3167 1348 3482 1405 accuratius

1884 1445 2170 1514 explorata
2213 1441 2518 1509 Scriptura;
2558 1450 2766 1504 mente,
2809 1454 2931 1509 qua:
2957 1439 3059 1505 ait,
3102 1439 3382 1510 seraphim
3424 1439 3479 1494 in

1884 1538 2115 1593 circuitu
2156 1536 2274 1604 ejus
2327 1534 2567 1596 stetisse.
2630 1533 2844 1589 aestimo
2889 1533 2992 1589 hos
3045 1546 3267 1588 corona:
3305 1533 3482 1588 instar

1884 1644 2007 1684 eum
2044 1628 2285 1697 undique
2323 1642 2421 1681 ceu
2456 1639 2637 1695 regem
2671 1641 2926 1697 magnum
2952 1626 3210 1696 stipasse.
3239 1625 3349 1681 Sex
3383 1641 3483 1680 au-

1886 1732 1995 1776 tem
2049 1722 2150 1776 ala:
2188 1720 2280 1774 uni
2320 1732 2444 1775 esse
2495 1720 2774 1781 dicuntur,
2815 1719 2963 1789 quod
3016 1719 3215 1790 singuli
3272 1718 3482 1775 innatis

1883 1824 1939 1869 et
1975 1811 2302 1868 sublimibus
2339 1810 2634 1866 virtutibus
2672 1812 2827 1882 quasi
2870 1811 2971 1867 alis
3008 1822 3273 1867 ornentur
3303 1829 3318 1867 :
3359 1814 3485 1883 qui-

1885 1905 1985 1959 bus
2014 1905 2269 1959 volantes
2299 1919 2399 1973 per
2438 1903 2638 1959 caelum
2698 1912 2754 1958 et
2786 1919 2969 1958 aerem
3012 1906 3285 1970 feruntur,
3320 1905 3485 1960 intel-

1884 1995 2076 2065 ligibili
2103 1996 2338 2065 quadam
2398 1996 2592 2066 agendi
2641 1996 2693 2049 vi
2741 2004 2978 2058 utentes,
3022 2011 3130 2066 qua
3181 1997 3340 2052 nobis
3393 2012 3485 2052 res

168 2086 476 2140 τωντινῶν
516 2088 777 2157 ἀρρήτων
825 2090 959 2161 ἡμῖν
1008 2088 1478 2153 άποτελεστικαῖς.
1535 2090 1623 2155 Ὠς
1671 2092 1782 2163 γὰρ

1890 2088 2149 2156 quasdam
2182 2101 2416 2143 arcanas
2454 2094 2781 2156 operantur.
2821 2087 3293 2154 Quemadmodum
3334 2090 3482 2143 enim

170 2178 230 2230 ιν
254 2176 581 2248 ἀνθρώποις
607 2179 659 2231 οἱ
691 2178 836 2246 ἆγιοι
858 2177 956 2231 τοῦ
979 2177 1117 2232 Θεοῦ
1147 2179 1506 2250 χαρισμάτων
1533 2183 1783 2251 μετεῖχον

170 2269 531 2341 κμιττόνων,
560 2269 637 2332 ὡς
664 2269 1029 2341 προφητεύειν
1059 2270 1127 2323 τὰ
1155 2270 1438 2342 μέλλοντα,
1475 2274 1570 2326 καὶ
1594 2274 1785 2338 νόσους

172 2359 384 2425 ﬂuam,
421 2360 523 2413 καὶ
563 2363 793 2431 νεκροὺς
831 2362 1078 2432 ἀνιστᾷν.
1124 2364 1222 2416 καὶ
1270 2363 1548 2431 γλώσσαις
1579 2365 1781 2431 λαλεῖν,

173 2452 371 2524 σοφίας
420 2469 485 2505 τε
558 2454 655 2506 καὶ
705 2452 964 2521 γνώσεως
1022 2455 1305 2525 μετέχειν·
1349 2456 1383 2526 ἢ
1438 2457 1533 2510 καὶ
1594 2456 1783 2531 ὥσπερ

172 2543 314 2597 κατά
338 2544 406 2597 τὸ
443 2542 611 2614 σῶμα
641 2547 891 2613 φυσικοῖς
929 2545 1305 2616 αἰσθητηρίοις
1346 2548 1670 2619 κεχρήμεθα
1692 2550 1786 2603 τὸν

172 2634 411 2708 ἀριθμὸν
455 2636 645 2700 πέντε,
696 2636 843 2691 οὕτω
886 2655 988 2691 που
1034 2639 1176 2709 τάχα
1233 2639 1332 2711 τὴν
1384 2640 1494 2693 τῶν
1534 2641 1786 2710 ἀγγέλων

176 2729 340 2796 φύσιν
377 2729 552 2792 εἰκὸς,
582 2728 850 2799 δυνάμεσι
890 2730 1061 2795 θείαις
1089 2732 1199 2785 τισὶ
1231 2732 1325 2785 καί
1353 2748 1516 2786 τινων
1544 2733 1786 2804 παραδό-

175 2820 275 2890 by
304 2821 723 2891 ὲνεργητικαίς,
765 2824 900 2891 ἡμῖν
939 2822 995 2876 δὲ
1060 2822 1389 2891 ἀγνώστοις,
1443 2823 1782 2895 κεχρῆσθαι·

175 2913 235 2977 ὶς
275 2912 344 2985 δὴ
380 2914 668 2985 πτέρυγας
712 2916 742 2967 ό
783 2913 942 2983 λόγος
985 2914 1268 2986 ὠνόμασεν
1294 2933 1308 2946 ’
1356 2917 1480 2970 ἐπεὶ
1518 2919 1616 2970 καὶ
1656 2917 1786 2990 περὶ

180 3006 277 3067 ὧν
305 3008 536 3079 ἀνέμων
563 3008 811 3080 εἴρηται·
850 3028 869 3061 ι
906 3009 963 3064 '0
1002 3010 1327 3081 περιπατῶν
1360 3011 1455 3065 ἐπὶ
1482 3012 1780 3084 πτερύγων

461 3121 482 3153 ι
516 3101 578 3154 ού
609 3102 829 3164 πάντως
854 3102 1234 3157 ἐκπιπτόντων
1262 3104 1421 3174 ἡμῶν
1461 3106 1557 3158 ἐπὶ
1585 3104 1657 3159 τὰ
1683 3123 1790 3160 σω-

180 3194 393 3261 ματικὰ
417 3194 704 3265 σχήματα,
728 3194 805 3256 ὡς
830 3192 939 3248 τῶν
966 3193 1189 3265 ἀνέμων
1222 3195 1425 3267 ὀρνέων
1462 3196 1619 3268 δίκην
1664 3215 1789 3252 πτε-

180 3285 566 3355 ρυσσομένων.

249 3397 269 3429 ι
296 3380 416 3432 Καὶ
454 3381 582 3441 ταῖς
624 3378 725 3449 μὲν
761 3378 881 3433 δυσὶ
913 3380 1327 3438 κατεκάλυπτον
1363 3380 1426 3432 τὸ
1467 3380 1781 3452 πρόσωπον,

179 3472 273 3524 καὶ
320 3475 446 3534 ταῖς
486 3444 637 3524 δυσὶ-
662 3470 1073 3525 κατεκάλυπτον
1114 3474 1240 3535 τοὺς
1292 3472 1483 3535 πόδας,
1514 3444 1626 3525 ’καὶ
1664 3473 1783 3535 ταῖς
1811 3444 1857 3502 C

179 3563 335 3617 δυσὶν
377 3562 671 3619 ἑπέταντο.
698 3583 717 3613 ι
766 3564 841 3618 Τὸ
896 3565 1187 3636 πρόσωπον
1231 3564 1414 3618 τοίνυν
1458 3563 1786 3629 ἐκάλυπτον,

179 3657 240 3711 οὗ
287 3656 356 3709 τὸ
398 3656 501 3709 τοῦ
547 3657 780 3727 Κυρίου,
811 3657 888 3721 ὡς
917 3658 985 3711 ἂν
1012 3658 1219 3729 οἰηθείη
1252 3675 1360 3723 τις,
1387 3658 1524 3712 ἀλλὰ
1559 3659 1623 3713 τὸ
1663 3660 1791 3712 ἐαυ-

180 3746 326 3803 τῶν
368 3746 449 3810 ὡς
494 3746 569 3817 μὴ
600 3746 802 3818 τολμᾷν
845 3746 1035 3810 ἀτενὲς
1072 3749 1285 3818 ἀφορᾷν
1330 3749 1411 3811 είς
1449 3749 1510 3802 τὸ
1550 3748 1791 3819 θεωρού-

181 3856 371 3909 μενον.
432 3856 453 3889 ι
477 3840 569 3891 Διὸ
618 3838 793 3902 οὐδεὶς
837 3839 980 3907 ἔγνω
1016 3839 1109 3893 τὸν
1148 3840 1299 3905 Υἱὸν,
1337 3843 1387 3894 εί
1433 3840 1507 3912 μὴ
1558 3842 1721 3912 μόνος
1760 3843 1791 3895 ό

179 3932 464 4001 γεννήσας
514 3930 678 3983 αὑτὸν
730 3931 939 4003 Πατήρ.
972 3950 991 3982 ι
1049 3931 1386 3987 Ἐκάλυπτον
1437 3933 1495 3986 δὲ
1536 3934 1791 3999 καὶτοὺς

180 4024 378 4087 πόδας,
424 4015 500 4075 τὰ
542 4022 748 4093 ἔσχατα
798 4023 900 4092 τῆς
941 4023 1150 4086 οἰκείας
1201 4025 1428 4095 πορείας
1472 4028 1567 4081 καὶ
1610 4027 1687 4092 ὡς
1723 4027 1791 4081 ἂν

181 4117 336 4169 εἴποι
359 4133 471 4179 τις,
496 4114 566 4167 τά
598 4113 817 4184 βήματα
862 4113 958 4168 τοῦ
992 4115 1109 4185 βίου
1143 4115 1240 4180 τὰς
1272 4116 1497 4189 πράξεις
1538 4120 1793 4173 ἐπισκιά-

180 4206 374 4271 ζσντα,
428 4208 506 4278 μὴ
554 4206 894 4269 ἀκαλύπτοις
937 4208 1067 4261 ποσὶ
1121 4207 1203 4279 τῷ
1252 4208 1461 4263 ἑαυτῶν
1507 4213 1795 4283 παραστή..

183 4316 338 4352 my
372 4298 611 4369 βασιλεῖ.

264 4412 287 4445 s
316 4392 760 4463 Καϊὲκέκραγον
779 4392 965 4464 ἔτερος
991 4392 1128 4466 πρὸς
1149 4394 1355 4466 ἕτερον,
1383 4394 1593 4465 Ἄγιος,
1614 4396 1791 4465 ἅγιος,

182 4485 347 4552 ἅγιος
397 4483 611 4554 Κύριος
662 4484 889 4537 Σαϐαώο
916 4502 929 4515 ·
988 4486 1201 4558 πλήρης
1258 4489 1407 4541 πᾶσα
1464 4490 1498 4559 ὴ
1553 4487 1627 4558 γῆ
1692 4492 1792 4560 τῆς

185 4575 350 4645 δόξης
400 4573 596 4628 αὐτοῦ.
620 4594 639 4625 ι
679 4572 759 4628 Ού
804 4576 931 4646 μίαν
951 4578 1061 4649 γὰρ
1084 4578 1318 4648 ἠφίεσαν
1348 4579 1550 4652 φωνὴν,
1580 4580 1701 4634 οὐδὲ
1728 4583 1794 4635 ἀ·

189 4667 368 4740 θρόως
393 4667 536 4737 ὁμοῦ
561 4668 739 4721 πάντα
761 4672 914 4740 κοινῇ
939 4669 1144 4741 ταύτην
1169 4671 1505 4742 ἀνέπεμπον,
1534 4672 1651 4726 ἀλλ’
1675 4674 1795 4727 ἓτε-

193 4778 286 4832 ρον
328 4761 474 4831 πρδς
510 4760 575 4812 τὸ
613 4759 797 4829 ἕτερον
840 4763 1102 4831 ἐμφαῖνον
1132 4763 1195 4816 τὸ
1236 4764 1428 4817 ἑαυτοῦ
1460 4764 1667 4836 θαῦμα,
1698 4768 1793 4820 καὶ

197 4852 292 4921 τὴν
339 4852 610 4921 ἔκπληξιν
650 4852 749 4923 τὴν
788 4854 881 4905 ἐπὶ
922 4854 1001 4925 τῷ
1049 4854 1440 4927 θεωρουμένῳ·
1492 4858 1693 4928 μᾶλλον
1735 4858 1792 4913 δὲ

202 4944 677 5014 θπερεξέπληττεν
702 4945 843 4999 αὐτὰ
870 4947 902 5016 ἡ
935 4946 1043 5000 ἀπὸ
1069 4947 1178 5001 τῶν
1213 4948 1563 5021 ὑψηλοτάτων
1590 4952 1682 5004 ἐπὶ
1724 4951 1793 5005 τὰ

202 5037 432 5089 ταπεινά
468 5036 769 5101 κατάϐασις
802 5037 900 5091 τοῦ
929 5038 1064 5092 Θεοῦ
1098 5040 1292 5110 Λόγου.
1338 5042 1670 5113 Έκέκραγον
1699 5041 1795 5099 οὖν

203 5130 298 5197 οὐχ
336 5126 485 5192 απαξ
515 5130 605 5182 τὸν
644 5131 924 5199 άγιασμὸν
963 5131 1151 5193 αὑτοῦ,
1182 5133 1317 5187 ἀλλά
1352 5135 1447 5188 καὶ
1490 5136 1752 5200 πολλάκις
1779 5154 1791 5169 ·

212 5221 405 5286 μᾶλλον
440 5220 492 5272 δὲ
528 5224 609 5286 εἰς
654 5222 1038 5293 ἀναρίθμητον
1076 5224 1170 5277 καὶ
1199 5227 1278 5289 είς
1309 5227 1558 5299 ἄπειρον,
1592 5231 1686 5282 καὶ
1718 5233 1798 5295 είς

216 5312 291 5364 ἀεὶ
333 5315 920 5386 ύπερεκπληττόμενα.
946 5315 1258 5385 Προγνώσει
1302 5319 1481 5372 τοίνυν
1521 5321 1615 5374 τοῦ
1666 5323 1797 5392 μέλ-

217 5402 369 5472 λοντος
424 5402 903 5481 ὑπερεθαύμαζον
946 5404 1015 5458 τὰ
1065 5409 1325 5479 σεραφὶμ,
1371 5411 1485 5483 ὃδὴ
1535 5415 1628 5465 καὶ
1676 5416 1799 5469 ἀκο-

207 5498 371 5571 λούθως
396 5510 509 5572 τοῖς
548 5499 958 5567 θεσπίσμασιν
978 5498 1225 5577 ἐτελεῖτο,
1266 5503 1403 5570 μετά
1433 5504 1529 5568 τὴν
1570 5507 1648 5569 εις
1691 5506 1788 5559 ἀν-

191 5596 403 5675 ερώτους
442 5601 546 5658 τοῦ
588 5592 886 5663 Σωτῆρος
926 5590 1079 5659 ἡμῶν
1108 5594 1431 5663 παρουσίαν.
1465 5595 1554 5659 ἘΞ
1582 5597 1789 5650 ἐκείνου

210 5792 464 5849 μλυήιυι,
525 5804 582 5851 ιο,
627 5777 688 5825 Β.
804 5772 846 5799 ⁸⁷
888 5768 1023 5824 Γηιη.
1058 5786 1150 5840 \‘tl,
1194 5774 1272 5827 10.

1355 5775 1397 5804 ³⁸
1437 5774 1575 5832 l‘saI.
1615 5790 1731 5842 cm,
1762 5780 1814 5834 3.

1889 2176 2033 2231 inter
2058 2177 2330 2242 homines,
2365 2177 2546 2232 sancti
2600 2177 2717 2245 Dei,
2758 2177 3154 2234 charismatum
3191 2179 3483 2237 meliorum

1886 2269 2187 2337 participes
2224 2277 2408 2333 erant,
2433 2269 2509 2322 ita
2545 2278 2603 2323 ut
2634 2268 2820 2323 futura
2851 2272 3309 2337 prmnuntiarent,
3340 2287 3485 2326 mor-

1888 2359 1988 2413 bos
2025 2366 2310 2422 curarent,
2352 2368 2602 2414 mortuos
2642 2360 3001 2427 suscitarent,
3066 2362 3344 2430 variisque
3377 2362 3485 2416 lin-

1889 2452 2011 2520 guis
2039 2450 2417 2519 loquerentur,
2451 2452 2723 2522 sapientia
2758 2461 2813 2508 et
2844 2452 3077 2508 scientia
3107 2452 3365 2508 in’structi
3402 2469 3487 2510 es-

1885 2552 2045 2610 sent;
2090 2553 2187 2597 ant
2214 2544 2678 2613 quemadmodum
2715 2544 3019 2600 secundum
3045 2559 3270 2615 corpus,
3324 2554 3487 2600 natu-

1886 2636 2093 2690 ralibus
2138 2634 2397 2692 sensibus
2453 2635 2663 2689 utimur
2710 2651 2939 2691 numero
2977 2637 3259 2707 quinque;
3320 2638 3393 2693 ita
3428 2647 3486 2695 et

1888 2729 2209 2798 angelorum
2248 2739 2505 2785 naturam
2556 2729 2762 2784 divinis
2801 2729 3157 2799 quibusdam,
3198 2747 3263 2787 ac
3304 2734 3478 2787 mira-

1886 2818 2077 2873 hilium
2148 2818 2519 2875 etl‘eetricibus
2585 2820 2886 2875 virtutibus
2955 2822 3267 2891 ignotisque
3325 2824 3486 2879 nobis

1886 2911 1964 2964 uti
2007 2909 2304 2985 verisimile
2339 2919 2447 2976 est,
2478 2925 2616 2983 quas
2648 2911 2862 2967 scilicet
2899 2909 3014 2967 alas
3055 2910 3341 2984 Scriptura
3390 2929 3489 2969 vo-

1921 3011 1997 3057 at.
2044 3002 2492 3073 Quandoquidem
2527 3003 2597 3058 de
2632 3005 2810 3058 ventis
2874 3005 3040 3058 etiam
3108 3004 3310 3059 dictum
3381 3015 3487 3070 est,

1891 3110 1911 3143 ι
1940 3091 2044 3159 Qui
2085 3091 2329 3149 ambulat
2380 3105 2545 3161 super
2591 3105 2800 3161 pennas
2850 3101 3138 3147 ventorum
3181 3092 3263 3160 ⁸⁸;
3313 3110 3332 3144 ι
3394 3094 3487 3147 ubi

1887 3199 1988 3238 nos
2027 3199 2137 3238 nou
2192 3183 2260 3237 ad
2300 3196 2596 3253 corporeae
2650 3182 2853 3252 liguras
2915 3183 3283 3247 decurrimus,
3330 3185 3488 3252 quasi

1886 3276 2096 3331 scilicet
2133 3275 2306 3338 venti,
2332 3276 2506 3329 instar
2530 3274 2734 3338 avium,
2775 3274 2971 3343 pennis
3010 3274 3265 3329 instructi
3319 3275 3450 3329 sint.

1965 3385 1984 3419 ι
2038 3366 2105 3420 Et
2143 3367 2354 3422 duabus
2400 3367 2621 3437 quidem
2688 3368 2947 3438 tegebant
2996 3368 3216 3434 faciem,
3279 3368 3491 3422 duabus

1890 3466 2071 3513 autem
2099 3456 2353 3511 velabant
2391 3456 2582 3526 pedes,
2641 3466 2700 3511 et
2753 3456 2966 3512 duabus
3004 3458 3281 3512 volabant.
3311 3476 3331 3510 ι
3376 3457 3489 3513 Fac

1892 3548 2032 3604 ciem
2057 3549 2242 3618 itaque
2280 3547 2559 3611 velabant,
2586 3563 2693 3602 non
2737 3547 2974 3609 Domini,
3016 3558 3077 3603 ut
3125 3549 3251 3617 quis
3292 3558 3487 3620 putet,

1891 3640 1987 3695 sed
2027 3655 2219 3695 suam:
2262 3641 2408 3711 quod
2449 3655 2555 3695 non
2594 3640 2858 3694 auderent
2887 3638 3160 3710 obiectam
3200 3656 3315 3695 rem
3356 3641 3493 3695 dell-

1891 3732 1978 3787 xis
2026 3733 2202 3789 oculis
2272 3734 2493 3788 intueri.
2564 3732 2793 3801 «Quare
2848 3748 3013 3789 nemo
3076 3734 3226 3788 novit
3268 3734 3489 3800 Filium,

1892 3824 2001 3878 nisi
2041 3826 2132 3895 qui
2173 3826 2361 3896 genuit
2398 3826 2574 3896 ipsum
2606 3824 2789 3880 Pater.
2816 3843 2836 3878 ι
2882 3824 3055 3881 Pedes
3093 3840 3312 3896 quoque
3350 3825 3492 3881 vela-

1891 3914 2055 3983 bant,
2102 3918 2310 3972 scilicet
2376 3926 2623 3972 extrema
2684 3917 3087 3987 progressionis
3142 3933 3279 3982 suae,
3325 3927 3381 3974 et
3430 3929 3493 3973 ut

1893 4007 2161 4078 quispiam
2204 4007 2423 4071 dixerit,
2461 4008 2586 4063 vita:
2612 4023 2859 4079 gressus,
2917 4023 3032 4079 quo
3069 4008 3317 4064 actiones
3357 4023 3492 4064 suas

1893 4099 2299 4163 inumbrarent,
2332 4107 2393 4153 ut
2424 4113 2491 4152 ne
2533 4100 2695 4154 nudis
2735 4098 2964 4168 pedibus
3026 4099 3139 4170 regi
3196 4113 3296 4153 suo
3343 4109 3493 4155 asta-

1896 4199 2040 4247 rent.

1971 4400 2139 4455 Vens.
2186 4400 2238 4453 5.
2317 4418 2338 4452 ι
2384 4399 2452 4453 Ει
2513 4398 2830 4455 clamabant
2894 4399 3035 4455 alter
3102 4401 3170 4456 ad
3229 4400 3491 4468 alterum,

1897 4493 2148 4553 Sanctus,
2182 4501 2426 4557 sanctus,
2454 4502 2676 4548 sanctus
2720 4492 2982 4549 Dominus
3013 4492 3289 4550 Sabaoth:
3335 4496 3495 4566 plena

1896 4595 1982 4641 est
2028 4586 2206 4640 omnis
2258 4596 2401 4640 terra
2448 4586 2618 4656 gloria
2658 4584 2794 4654 ejus.
2828 4604 2847 4638 ι
2889 4586 3007 4642 Non
3068 4604 3233 4642 unam
3292 4590 3494 4659 quippe

1894 4674 2218 4727 emitlebant
2254 4688 2464 4739 vocem,
2494 4690 2669 4745 neque
2700 4691 2892 4732 omnes
2918 4677 3082 4732 simul
3135 4679 3277 4734 hanc
3307 4680 3493 4749 profe-

1826 4799 1871 4855 Β
1904 4767 2117 4833 rebant,
2141 4767 2235 4821 sed
2267 4766 2405 4820 alter
2446 4769 2513 4821 ad
2545 4767 2801 4835 alterum,
2864 4769 3289 4826 admirationem
3335 4787 3492 4827 suam

1902 4856 2250 4922 exhibentes,
2299 4873 2506 4913 necnon
2579 4870 2855 4928 stuporem
2908 4876 2978 4915 ex
3040 4862 3129 4917 tali
3181 4864 3495 4933 spectaculo

1903 4961 2228 5019 conceptum
2256 4970 2271 5018 ;
2309 4953 2415 5005 imo
2442 4953 2628 5022 potius
2668 4954 3131 5024 obstupescebant
3159 4957 3230 5012 ob
3265 4958 3495 5013 descen-

1902 5061 2021 5103 sum
2057 5045 2150 5102 Dei
2184 5047 2351 5101 Verbi
2390 5064 2456 5101 ex
2483 5048 2803 5102 celsissimis
2839 5048 2906 5102 ad
2950 5050 3197 5106 humilia.
3247 5050 3363 5107 Non
3404 5068 3497 5107 se-

1905 5135 2011 5191 mel
2044 5135 2249 5204 itaque,
2306 5152 2482 5205 neque
2521 5138 2720 5205 saepius
2756 5149 2964 5196 tantum
3005 5142 3493 5198 sanctiﬁcationcm

1901 5229 2019 5298 ejus
2051 5229 2363 5283 clamabant
2384 5246 2397 5295 ;
2422 5233 2516 5285 sed
2550 5234 2600 5285 in
2645 5234 2919 5289 inﬁnitum
2952 5246 3164 5306 tempus
3193 5251 3258 5291 ac
3279 5250 3497 5307 semper

1903 5333 2129 5392 stupore
2190 5324 2427 5392 perculsi
2496 5328 2981 5397 vociferabantur;
3021 5346 3086 5385 ex
3140 5330 3307 5384 futuri
3363 5345 3497 5400 ergo

1904 5414 2249 5481 przescientia
2286 5417 2563 5485 seraphim
2604 5433 2949 5491 summopere
2979 5421 3492 5485 mirabanturillud,

1902 5506 2045 5573 quod
2105 5508 2343 5574 scilicet,
2382 5523 2785 5580 consequenter
2823 5517 2888 5568 ad
2914 5515 3193 5581 vaticinia,
3239 5525 3361 5583 post
3398 5516 3495 5567 ad-

1909 5610 2130 5657 ventum
2164 5603 2466 5661 Salvaloris
2501 5606 2673 5659 nostri
2723 5608 2790 5661 ad
2842 5607 3117 5673 homines,
3162 5607 3492 5676 completum
