4100 6286
647 345 760 406 ηπ

1356 335 1627 398 EUSEBII
1659 328 2143 394 CESARIENSIS
2175 326 2330 388 OPP.
2369 324 2550 384 PARS
2583 323 2676 382 111.
2711 353 2786 370 -
2817 320 3228 381 EXEGETICA.

649 479 758 525 est.
795 465 930 520 lliuc
958 461 1102 518 enim
1134 473 1326 517 revera
1358 460 1413 514 in
1444 457 1685 514 omnium
1713 455 1951 527 gentium
1974 453 2221 510 notitiam

2333 449 2434 521 γὰρ
2474 446 2552 512 ὡς
2587 443 2805 517 ἀληθῶς
2846 444 3015 500 πᾶσιν
3045 442 3294 517 traban
3333 440 3449 510 τοῖς
3471 440 3669 511 ἔθνεσι,
3696 445 3792 500 καὶ
3821 444 3925 510 εἰς

654 560 824 621 venit,
867 565 927 612 et
973 556 1027 609 in
1083 567 1300 610 omnem
1345 559 1569 616 terram,
1614 560 1725 603 non
1760 546 1920 603 modo
1943 544 2221 618 cognitio,

654 649 749 705 sed
763 647 924 715 etiam
941 644 1107 716 gloria
1126 641 1405 709 theologia
1436 639 1610 708 ipsum
1645 637 1941 707 spectantis
1963 635 2220 708 pervasit.

730 739 895 794 Vens.
933 736 991 791 4.
1025 755 1044 787 ι
1073 735 1139 790 Ει
1175 731 1445 788 sublatum
1472 740 1556 787 est
1582 728 1996 798 superliminare
2015 743 2046 783 a
2069 742 2224 793 voce,

657 845 767 901 qua
794 830 1101 887 clamabam
1132 843 1146 880 :
1178 834 1234 880 et
1273 823 1466 880 domus
1507 825 1708 892 repleta
1748 830 1833 878 est
1871 821 2037 876 fumo.
2065 837 2085 872 ι
2126 817 2226 875 Bia

657 917 1030 976 subindicatur
1059 913 1174 969 fore
1202 921 1282 980 ut,
1315 921 1430 968 toto
1461 912 1600 967 urbe
1650 911 1821 984 gloria
1853 909 1969 981 ejus
1997 908 2224 980 repleto,

659 1006 993 1063 revelaretur
1040 1004 1085 1059 is
1125 1003 1311 1073 quieo
1359 1003 1415 1056 in
1451 1001 1571 1058 loco
1597 1007 1815 1066 stabat,
1850 1002 1924 1055 ita
1971 1008 2052 1067 ut,
2095 1000 2227 1056 sub-

659 1097 773 1152 lato
813 1095 1212 1165 superliminari
1237 1132 1254 1160 ,
1292 1092 1684 1163 comprehendi
1729 1101 1914 1165 posset
1956 1109 1972 1147 :
2019 1093 2228 1148 locam-

658 1203 766 1258 que
809 1188 961 1243 fumo
1008 1185 1322 1256 replendum
1379 1199 1534 1250 esse,
1595 1184 1706 1256 igni
1766 1185 2022 1240 traditum
2057 1202 2071 1239 :
2101 1199 2225 1238 nam

659 1280 840 1335 fumus
871 1280 1011 1349 ignis
1037 1281 1253 1350 signum
1293 1287 1399 1333 est.
1441 1277 1536 1334 llis
1562 1293 1692 1349 ergo
1724 1277 2005 1347 Scriptura
2041 1280 2227 1331 Incen-

592 1432 601 1441 ,
660 1373 810 1428 dium
865 1372 985 1428 loco
1025 1372 1150 1427 huic
1183 1379 1502 1426 eventurum
1544 1369 1776 1425 obscure
1832 1369 2034 1424 indicat
2069 1387 2084 1424 :
2119 1383 2228 1439 quo

659 1475 903 1535 peracto,
930 1465 1132 1533 repleta
1162 1473 1247 1520 est
1276 1464 1537 1528 universa
1583 1471 1724 1516 terra
1750 1459 1920 1531 gloria
1962 1455 2172 1515 Domini
2207 1477 2222 1514 :

661 1569 771 1611 non
822 1571 928 1609 una
981 1556 1142 1609 domo
1192 1562 1253 1608 ut
1301 1563 1482 1618 antea,
1546 1551 1642 1606 sed
1698 1550 2001 1606 innumeris
2058 1551 2227 1606 multo

661 1648 1130 1716 pratantioribus
1156 1660 1256 1716 per
1295 1645 1602 1700 universam
1637 1652 1842 1699 terram
1871 1642 2144 1698 excitatis.

734 1739 900 1795 Vens.
940 1739 992 1794 5.
1026 1758 1046 1790 ι
1071 1738 1136 1793 Et
1161 1739 1296 1805 dixi,
1324 1735 1371 1794 0
1389 1738 1554 1793 miser
1566 1750 1687 1806 ego,
1711 1735 1840 1806 quia
1868 1733 2229 1805 contpunctus

2325 543 2507 595 πᾶσαν
2535 535 2813 611 ἐκηρύχθη
2849 535 2950 608 τὴν
2992 535 3119 607 τῆνι
3160 535 3222 590 οὐ
3270 535 3729 608 μόνονἨνῶσιςς
3765 534 3928 592 ἀλλὰ

2324 631 2424 686 καὶ
2451 631 2486 704 ή
2510 624 2643 695 δόξαῖ
2661 628 2764 700 τῆς
2792 628 2922 701 περὶ
2949 625 3120 682 αὐτοῦ
3145 627 3445 698 θεολογίας.

2399 741 2421 777 ι
2450 723 2560 777 Kal
2598 718 2811 793 ἐπήρθη
2850 719 3157 792 ὑπέρθυρον
3191 718 3302 774 ἀπὸ
3328 719 3428 791 τῆς
3454 716 3656 791 φωνῆς,
3685 712 3755 791 ἦς
3781 714 3928 773 ἱκέ-

2324 832 2554 888 κραγον,
2585 814 2679 869 καὶ
2720 814 2752 867 ὁ
2793 808 2944 877 οἶκος
2989 810 3234 885 suum
3267 810 3500 867 καπνοῦ.
3531 829 3553 865 ι
3601 811 3925 867 Δινίττεται

2323 908 2505 963 τοίνυν
2550 900 2598 962 δ’
2625 905 2804 976 λόγος.
2849 903 2926 972 ὡς
2962 895 3094 977 alia,
3125 903 3508 978 πληρουμένης
3547 902 3648 976 τῆς
3673 903 3777 976 γῆς
3802 903 3928 976 τῆς

2325 995 2486 1069 δόξης
2512 993 2699 1061 αὑτοῦ,
2728 993 3066 1067 γυμνοῦσθαι
3101 993 3327 1066 εμελλεν
3349 993 3380 1046 ό
3407 994 3466 1048 ὲν
3495 993 3688 1066 ἐκείνῳ
3715 991 3796 1066 τῷ
3820 991 3928 1046 τό·

2312 1084 2438 1160 ηίπῳ,
2470 1088 2548 1153 ὡς
2573 1088 2671 1142 καὶ
2691 1087 2788 1142 τοῦ
2831 1085 3140 1161 ύπερθύρου
3180 1084 3460 1159 ἀρθέντος,
3491 1084 3924 1159 καταληφθήσε-

2330 1178 2477 1244 σθαι,
2528 1177 2736 1234 καπνοῦ
2785 1194 2846 1232 τε
2894 1177 3111 1250 πλήρης
3139 1176 3357 1232 ισεσθαι
3385 1176 3710 1250 παραδοθεὶς
3748 1175 3918 1247 πυρί·

2329 1270 2503 1341 πυρὸς
2533 1270 2643 1345 γάρ
2692 1272 2918 1344 σημεῖον
2956 1273 2987 1325 ό
3038 1270 3263 1334 καπνός.
3313 1269 3560 1345 ᾘνίξατο
3595 1269 3774 1325 τοίνυν
3819 1268 3928 1326 διὰ

2328 1365 2536 1421 τούτων
2557 1368 2590 1421 ό
2621 1365 2799 1436 λόγος,
2833 1365 2927 1420 τὸν
2955 1363 3049 1419 ἀπὶ
3077 1363 3222 1418 τέλει
3245 1360 3609 1434 κατειληφότα
3629 1361 3720 1419 τὸν
3743 1359 3925 1417 τόπον

2330 1459 2681 1532 ἐμπρησμὸν·
2709 1457 2827 1529 μεθ’
2849 1457 2910 1513 ὃν
2933 1455 3227 1530 ἐπληρώθη
3266 1456 3419 1511 πᾶσα
3448 1456 3484 1527 ή
3519 1453 3592 1526 γῆ
3619 1451 3925 1526 τῆςδύξης

2329 1549 2558 1621 Κυρίου·
2591 1549 2692 1603 οὐκ
2713 1549 2794 1602 ῑτι
2826 1548 2945 1612 ἑνὸς
2974 1547 3147 1613 οῐκου,
3178 1546 3388 1620 μυρίων
3414 1542 3474 1602 δε
3503 1544 3625 1599 καθ’
3652 1545 3784 1618 ὃλην
3807 1542 3927 1620 τὴν

2330 1640 2654 1713 οἰκουμένην
2683 1639 2818 1695 πολὺ
2852 1638 3174 1713 κρειττόνων
3201 1637 3409 1693 ἐκείνου
3439 1637 3768 1694 συστάντων.

2406 1749 2427 1782 ε
2459 1730 2572 1785 Kal
2614 1727 2761 1786 εἶπα·
2804 1724 2876 1783 Ὦ
2901 1728 3070 1794 τάλας
3097 1727 3230 1798 ἐγὼ,
3259 1729 3342 1784 ὅτι
3371 1727 3797 1800 κατανινυγμαι,
3828 1726 3924 1783 ὅτι

662 1845 785 1900 sum
813 1847 828 1886 :
851 1831 975 1900 quia
995 1831 1159 1886 homo
1179 1803 1302 1886 cum
1333 1829 1463 1894 sim,
1490 1837 1547 1884 et
1569 1803 1777 1897 impura
1807 1825 1950 1881 labia
1977 1803 2228 1893 habeam,

2333 1820 2619 1894 ἄνθρωπος
2658 1820 2734 1875 ὢν
2766 1821 2861 1877 καὶ
2899 1821 3186 1895 ἀκάθαρτα
3205 1820 3276 1875 τά
3303 1821 3456 1895 χείλη
3483 1818 3642 1892 ἔχων,
3667 1822 3726 1876 ιν
3759 1819 3924 1892 μέσῳ

663 1930 720 1983 in
745 1928 924 1982 medio
949 1926 1129 1996 populi
1155 1927 1371 1994 impura
1407 1921 1547 1977 labia
1579 1919 1832 1976 habentis
1864 1934 1966 1991 ego
2002 1918 2225 1974 habito:

662 2029 722 2073 et
749 2033 928 2088 regem
961 2017 1244 2071 Dominum
1284 2013 1523 2070 Sabaoth
1549 2012 1656 2067 vidi
1689 2011 1864 2068 oculis
1907 2013 2062 2071 meis.
2094 2029 2113 2061 ι
2159 2010 2230 2067 se

663 2119 846 2165 autem
876 2110 1144 2179 impurum
1179 2120 1300 2162 esse
1329 2105 1639 2170 conﬁtetur,
1671 2118 1780 2160 non
1813 2103 1995 2158 anima
2019 2144 2035 2168 ,
2059 2118 2232 2173 neque

667 2210 780 2256 toto
827 2214 1096 2270 corpore,
1147 2199 1408 2268 quoniam
1466 2194 1671 2250 nullius
1725 2194 1951 2264 impura:
2003 2194 2232 2249 actionis

662 2292 768 2349 sibi
793 2293 1045 2349 conscius
1084 2300 1233 2358 erat;
1270 2290 1367 2347 sed
1398 2291 1516 2348 sola
1555 2287 1660 2345 sibi
1691 2286 1831 2344 labia
1865 2289 2086 2359 impura
2111 2300 2232 2341 esse

665 2381 780 2447 ait,
807 2381 964 2452 quasi
997 2381 1248 2438 videlicet
1276 2380 1544 2450 reliquum
1569 2393 1775 2450 corpus
1799 2391 1854 2436 et
1881 2380 2063 2434 anima
2095 2391 2229 2446 pura

664 2472 852 2539 fuerit,
886 2472 1191 2527 secundum
1219 2470 1372 2538 illud,
1417 2487 1438 2522 ι
1464 2470 1614 2525 Beati
1648 2470 1849 2524 mundo
1867 2471 2052 2534 corde,
2092 2482 2231 2538 quo-

667 2563 816 2617 niam
873 2561 976 2632 ipsi
1028 2561 1196 2617 Deum
1254 2562 1514 2616 videbunt
1559 2559 1625 2615 “.
1658 2576 1680 2614 ι
1734 2559 1904 2616 Labia
1932 2574 2064 2616 vero
2121 2574 2230 2614 non

666 2652 888 2708 aliunde
936 2653 1146 2721 impura
1197 2651 1449 2718 habebat,
1501 2664 1676 2723 quam
1716 2667 1747 2707 a
1784 2651 2059 2722 colloquio
2105 2666 2229 2707 cum

666 2744 896 2814 impuris
942 2743 1252 2800 hominibus
1297 2744 1452 2799 inito.
1498 2741 1633 2797 Nam
1674 2744 1802 2813 quia
1828 2759 1952 2799 cum
2004 2743 2232 2814 impuris

663 2834 798 2889 viris
840 2835 1182 2900 versabatur,
1233 2849 1419 2890 eorum
1479 2833 1828 2905 improbitate
1876 2835 2041 2906 digna
2068 2834 2232 2890 verba

665 2927 917 2996 proferre
941 2934 1187 2987 coactus.
1229 2927 1354 2983 inde
1382 2926 1542 2983 labiis
1572 2926 1819 2996 impurus
1843 2933 1984 2982 erat.
2027 2964 2072 2989 α.

742 3013 903 3069 Vens.
942 3015 997 3080 6,
1039 3014 1092 3070 7.
1118 3033 1136 3066 ι
1163 3014 1227 3069 Et
1255 3016 1453 3072 missus
1484 3026 1569 3072 est
1600 3017 1668 3071 ad
1693 3031 1782 3074 me
1819 3032 1960 3072 unus
1983 3018 2050 3074 de
2079 3032 2233 3074 sera-

663 3105 839 3176 phlm,
866 3115 921 3159 et
943 3106 993 3158 in
1019 3121 1177 3159 manu
1199 3120 1291 3161 sua
1315 3107 1548 3163 habebat
1567 3109 1855 3165 carbonem
1879 3109 2042 3180 ignis,
2069 3124 2230 3180 quem
2255 3153 2303 3210 ο

665 3196 872 3265 forcipe
921 3197 1117 3252 tulerat
1144 3196 1211 3253 de
1239 3197 1394 3253 altari
1429 3215 1444 3252 :
1477 3208 1534 3254 et
1557 3199 1732 3271 tetigit
1774 3199 1918 3255 labia
1970 3214 2110 3255 mea.
2166 3200 2233 3254 Et

666 3285 825 3350 dixit,
869 3285 1008 3341 Ecce
1037 3285 1210 3358 tetigit
1241 3287 1345 3343 hoc
1373 3287 1515 3344 labia
1549 3297 1660 3344 tua.
1691 3306 1712 3342 ι
1767 3287 1914 3345 Talis
1952 3298 2036 3346 est
2066 3290 2232 3345 carbo

669 3378 860 3433 altaris
889 3392 998 3432 :ac
1046 3377 1281 3434 fortasse
1327 3378 1570 3437 clemens
1623 3380 1713 3436 ille
1756 3381 2016 3438 Dominus
2061 3383 2232 3438 altare

665 3481 824 3521 suum
860 3466 1194 3522 salutaribus
1227 3467 1534 3538 hujusmodi
1584 3483 1649 3525 ac
1688 3469 2053 3541 purgantibus
2106 3485 2230 3525 car-

669 3560 899 3614 bonibus
937 3560 1126 3627 replet.
1159 3559 1341 3627 Quare
1369 3561 1574 3624 dictum
1609 3572 1692 3618 est
1716 3563 1909 3619 alicubi
1951 3562 2020 3630 ³⁰,
2055 3581 2075 3614 ι
2098 3561 2232 3618 Car-

667 3655 837 3709 boues
885 3654 1133 3710 succensi
1184 3664 1313 3710 sunt
1351 3655 1421 3709 ab
1461 3668 1547 3710 eo.
1579 3672 1598 3707 ι
1649 3655 1900 3726 Deosque
1937 3655 2052 3726 ipse
2093 3656 2232 3725 apud

667 3744 906 3815 onsetn
945 3746 1087 3815 ignis
1142 3759 1476 3803 consumens
1541 3747 1720 3805 dictus
1772 3757 1905 3803 est:
1945 3758 2111 3818 atque
2179 3749 2232 3803 in

668 3833 982 3902 Evangeliis
1034 3834 1294 3890 Servatur
1340 3835 1544 3891 dicitur
1593 3836 1880 3907 baptizare
1922 3838 1974 3893 in
2029 3837 2234 3909 Spiritu

665 3933 858 3981 sancto
889 3933 946 3978 et
998 3924 1144 3996 igne.
1180 3923 1276 3982 His
1321 3941 1484 3997 porro
1516 3927 1771 3995 onibus
1789 3930 2104 3998 edocemur,
2140 3945 2236 3986 ne-

668 4015 866 4070 minem
891 4029 1068 4087 posse,
1103 4017 1208 4072 nisi
1242 4031 1339 4087 psr
1366 4015 1613 4073 divinum
1633 4017 1835 4090 ignem,
1857 4021 2233 4076 remissionem

669 4117 1020 4178 peccatorum
1065 4109 1348 4180 consequi.
1423 4108 1618 4166 Merito
1665 4110 1852 4182 itaque
1909 4121 2094 4169 tantus
2146 4111 2236 4168 ille

667 4199 927 4270 propheta
981 4203 1218 4257 carbone
1272 4200 1416 4270 ignis
1459 4211 1737 4273 purgatur.
1790 4202 2048 4271 Quanam
2099 4219 2238 4261 vero

669 4289 990 4359 iniquitates
1042 4301 1098 4346 et
1134 4302 1358 4360 peccata
1412 4292 1739 4350 auferuntur
1777 4295 1847 4350 ab
1885 4309 1971 4361 eo,
2019 4295 2126 4350 nisi
2170 4310 2234 4351 ea

667 4383 866 4452 quibus
919 4381 1121 4454 repleta
1183 4382 1322 4439 labia
1381 4398 1479 4438 sua
1543 4399 1678 4440 esse
1716 4383 2054 4441 conﬁtetur?
2103 4385 2238 4442 Post

2330 1913 2462 1968 λαοῦ
2495 1913 2780 1985 ἀκάθαρτα
2812 1912 2970 1986 χείλη
3009 1912 3222 1985 ιχοντος
3248 1912 3359 1982 ἐγὼ
3385 1912 3540 1966 οἰκῶ·
3573 1911 3671 1968 καὶ
3695 1910 3790 1966 τὸν
3817 1911 3922 1983 βα-

2331 2007 2488 2064 σιλέα
2535 2007 2739 2082 Κύριον
2788 2005 3016 2064 Σαϐαὼθ
3065 2002 3202 2061 εἶδον
3229 2007 3342 2071 τοῖς
3374 2004 3674 2078 ὀφθαλμοῖς
3719 2023 3846 2079 μου.
3892 2023 3918 2059 a

2342 2101 2628 2174 Ὁμολογεῖ
2672 2101 2731 2155 δὲ
2772 2099 3082 2174 ἀκάθαρτος
3126 2094 3265 2154 εἶναι
3312 2098 3375 2156 οὐ
3414 2098 3511 2171 τὴν
3550 2097 3750 2171 ψυχήν,
3795 2096 3922 2152 ἀλλ’

2329 2193 2451 2248 οὐδὲ
2479 2194 2543 2247 τὸ
2574 2192 2751 2265 σῶμα·
2786 2192 2911 2247 tul
2933 2191 3203 2266 μηδεμίαν
3234 2190 3413 2263 ἑαυτῷ
3434 2190 3746 2265 ἀκάθαρτον
3772 2190 3921 2265 arpl—

2332 2282 2416 2350 ξιν
2449 2283 2686 2357 συνῄδει·
2723 2283 2860 2356 μόνα
2895 2282 2954 2338 δὲ
2999 2276 3069 2338 τὰ
3103 2283 3256 2356 χείλη
3307 2283 3592 2356 ἀκάθαρτα
3621 2281 3920 2356 ισχηκὲναι

2331 2378 2498 2451 φησι,
2538 2378 2617 2444 ὡς
2675 2377 2770 2433 τοῦ
2817 2377 3006 2432 λοιποῦ
3043 2378 3295 2451 σώματος
3333 2378 3483 2452 αὑτῷ
3518 2378 3920 2451 καθαρεύοντος

2330 2472 2427 2527 καὶ
2473 2471 2575 2543 τῆς
2616 2470 2815 2543 ψυχῆς,
2859 2471 3002 2526 κατά
3032 2472 3123 2538 τὺ,
3154 2491 3173 2526 ι
3203 2473 3480 2546 Μακάριοι
3506 2474 3558 2527 οἱ
3588 2471 3819 2545 καθαροὶ
3844 2473 3918 2546 τῇ

2330 2563 2549 2636 καρδίᾳ,
2584 2564 2666 2618 ὅτι
2715 2563 2872 2619 αὐτοὶ
2898 2564 2992 2618 τὸν
3033 2564 3166 2620 Θεὸν
3210 2565 3430 2635 δψονται
3463 2564 3578 2638 (12)
3637 2585 3655 2619 ι
3684 2566 3795 2621 Kal
3834 2565 3918 2627 3:}

2330 2653 2484 2725 χείλη
2504 2653 2563 2708 δὲ
2589 2651 2874 2726 ἀκάθαρτα
2895 2649 3041 2724 εἶχεν
3062 2655 3163 2709 οὐκ
3190 2655 3430 2721 ἄλλοθεν,
3460 2657 3495 2729 ἢ
3522 2656 3631 2712 ἀπὸ
3651 2655 3754 2729 τῆς
3776 2654 3918 2737 πρὸς

2330 2748 2458 2811 τοὺς
2483 2745 2826 2817 ἀκαθάρτους
2849 2747 3084 2820 ὁμιλίας.
3103 2739 3466 2818 Ἠναγκάζετο
3489 2749 3619 2822 γὰρ,
3643 2749 3720 2814 ὡς
3745 2748 3918 2817 είκδς,

2333 2839 2661 2910 ἀκαθάρτοις
2705 2840 2932 2913 ἀνδράσι
2969 2841 3338 2914 προσομιλῶν,
3372 2840 3498 2908 ἀξια
3547 2841 3649 2914 τῆς
3690 2841 3918 2898 ἐκείνων

2334 2930 2667 3002 φθέγγεσθαι
2696 2931 3016 3004 μοχθηρίας,
3048 2932 3116 2986 δι’
3146 2926 3222 2988 ὧν
3252 2931 3543 3005 ἑμολύνετο
3566 2934 3638 2990 τά
3665 2932 3839 3006 χείλη.

2410 3043 2430 3077 ι
2461 3025 2570 3079 Kal
2596 3023 2876 3098 ἀπεστάλη
2907 3025 3044 3097 πρὸς
3077 3024 3148 3097 με
3184 3024 3242 3078 ἐν
3285 3023 3396 3079 τῶν
3433 3025 3696 3098 σεραφὶμ,
3725 3028 3820 3082 καὶ
3853 3027 3918 3084 ιν

2337 3112 2404 3182 τῇ
2427 3111 2574 3184 χειρὶ
2595 3110 2760 3166 αὑτοῦ
2778 3108 2921 3184 εἶχεν
2945 3111 3193 3185 ἄνθρακα
3215 3113 3407 3186 πυρὸς,
3430 3112 3490 3168 ὃν
3514 3117 3580 3187 τῇ
3601 3114 3772 3170 λαόίδι
3790 3115 3918 3171 ελα-

2337 3203 2432 3257 ϐεν
2463 3201 2573 3256 ἀπὸ
2601 3201 2697 3257 τοῦ
2731 3202 3138 3276 θυσιαστηρίου,
3184 3205 3277 3260 καὶ
3303 3205 3575 3279 ήψατότά
3603 3205 3756 3280 χείλη
3787 3225 3914 3281 μου.

2334 3295 2447 3348 Καὶ
2499 3289 2642 3347 εἷπε·
2707 3295 2838 3350 Ἰδοὺ
2880 3295 3060 3367 ἥψατο
3107 3295 3265 3352 τοῦτο
3305 3297 3414 3351 τῶν
3459 3297 3682 3369 χειλέων
3727 3317 3843 3365 σου.
3890 3319 3912 3355 s

2335 3383 2587 3449 Τοιοῦτός
2639 3385 2788 3440 εστιν
2812 3387 2843 3440 6
2867 3385 3075 3460 ἄνθραξ
3099 3387 3194 3442 τοῦ
3212 3387 3619 3461 θυσιαστηρίου,
3646 3374 3786 3462 τάχα
3809 3407 3916 3447 που

2333 3479 2430 3534 τοῦ
2460 3479 2837 3554 φιλανθρώπου
2883 3482 3088 3555 Κυρίου
3123 3483 3456 3558 πληροῦντος
3489 3485 3551 3540 τὺ
3591 3485 3783 3540 ἑαυτοῦ
3821 3485 3914 3540 θος

2337 3574 2649 3648 σιαστήριον
2673 3574 2931 3630 τοιούτων
2953 3574 3116 3631 τινῶν
3141 3577 3423 3650 σωτηρίων
3451 3578 3546 3633 καὶ
3569 3577 3916 3650 καθαρτικῶν

2336 3663 2642 3736 ἀνθράκων.
2676 3665 2768 3720 Διὸ
2794 3665 3039 3722 λέλεκταί
3061 3656 3184 3723 που·
3222 3687 3242 3721 ι
3271 3668 3574 3741 ’Δνθρακες
3598 3668 3916 3742 ἀνήφθησάν

2335 3756 2434 3826 ἀπ’
2463 3755 2647 3812 αὐτοῦ.
2689 3776 2709 3809 ι
2760 3757 2872 3812 Kal
2896 3760 2926 3813 ό
2958 3757 3093 3824 Θεὸς
3115 3758 3172 3814 δὲ
3205 3759 3366 3825 αὐτὸς
3390 3759 3539 3830 παρά
3565 3761 3771 3833 Μωῦσῇ
3801 3759 3915 3835 πῦρ

2337 3847 2730 3904 καταναλίσκον
2761 3850 2993 3922 εἴρηται·
3021 3851 3117 3905 καὶ
3139 3850 3329 3924 Σωτήρ
3357 3851 3417 3906 ὲν
3439 3843 3790 3923 Εὐαγγελίοις
3814 3851 3913 3925 βα-

2338 3940 2527 4030 πτίσαι
2565 3941 2623 3994 ὲν
2666 3941 2946 4013 Πνεύματι
2986 3944 3129 4016 ἀγιιρ
3166 3945 3262 3999 καὶ
3307 3945 3444 4018 πυρὶ
3475 3945 3912 4030 μεμαρτύρηται·
3987 3941 3992 3944 ’

2337 4029 2426 4084 διά
2453 4030 2659 4087 τούτων
2687 4034 2944 4090 ἀπάντων
2973 4035 3319 4102 παιδεύοντος
3347 4037 3494 4110 ἡμᾶς
3515 4036 3610 4093 τοῦ
3644 4029 3804 4109 λόγον
3836 4039 3912 4115 μή

2337 4121 2511 4187 ἄλλως
2551 4123 2809 4180 δύνασθαί
2834 4144 2959 4182 τινα
3001 4130 3185 4201 ιωχεῖν
3227 4129 3475 4201 ἀφέσεως
3507 4130 3913 4205 ἁμαρτημάτων

2337 4212 2372 4284 ἢ
2417 4214 2504 4270 διὰ
2545 4216 2640 4272 τοῦ
2666 4216 2810 4273 θείου
2841 4219 3034 4292 πυρός.
3083 4221 3324 4288 Εἰκότως
3345 4218 3436 4278 οὖν
3465 4203 3562 4279 καί
3600 4226 3632 4278 ό

2338 4308 2623 4380 προφήτης
2651 4309 2719 4364 δι’
2749 4309 3032 4384 ἄνθρακος,
3065 4313 3238 4386 πυρὸς
3285 4314 3621 4387 καθαίρεται.
3664 4315 3830 4383 Ποίας
3853 4317 3912 4375 δὲ

2336 4396 2564 4468 ἀνομίας
2589 4400 2684 4455 καὶ
2711 4401 2984 4473 ἀμαρτιας
3029 4403 3400 4477 ἀφαιρείταιή
3431 4399 3507 4460 ὧν
3531 4406 3603 4462 τά
3633 4405 3782 4481 Ῑείλη
3812 4408 3910 4462 αὐ-

668 4483 945 4546 peractam
984 4489 1115 4530 veto
1159 4489 1347 4530 eorum
1373 4476 1784 4546 purgationem,
1833 4489 2231 4548 consequenter

2336 4484 2431 4538 τοῦ
2463 4488 2854 4563 πεπληρῶσθαι
2876 4476 3343 4564 etiamnum
3367 4476 3425 4551 et
3452 4495 3553 4569 τὴν
3582 4476 3787 4552 eam;
3811 4498 3910 4554 xs-

669 4581 800 4623 t'oce
830 4566 1070 4622 sedentis
1106 4566 1162 4621 in
1198 4567 1389 4622 throno
1425 4567 1695 4638 dignatur,
1741 4581 1847 4639 qua
1883 4569 2120 4626 dicitur:

746 4749 904 4806 Vitas.
945 4749 1000 4806 8.
1043 4767 1066 4803 ι
1087 4753 1258 4817 Quem
1289 4750 1547 4806 mittam?
1584 4751 1651 4807 Et
1670 4751 1793 4822 quis
1816 4751 1919 4809 ibit
1957 4755 2025 4813 ad
2058 4769 2230 4826 popu-

668 4839 778 4895 lum
805 4840 987 4897 hunc?
1021 4839 1087 4897 Et
1114 4842 1248 4906 dixi,
1275 4842 1415 4900 Ecce
1440 4859 1567 4917 ego,
1589 4845 1741 4901 mitte
1763 4862 1904 4905 mea
1938 4845 2052 4904 Bac
2076 4862 2231 4916 voce,

667 4947 789 5003 quae
815 4932 1140 4998 intermedia
1192 4937 1366 5004 posita
1415 4947 1516 5003 est,
1563 4939 1840 5008 prophetae
1892 4939 2232 4997 alacritatem

667 5031 931 5092 expertus
961 5031 1064 5089 est,
1106 5034 1167 5080 ut
1193 5025 1240 5082 is
1264 5025 1352 5082 vel
1393 5026 1524 5083 boni
1544 5029 1735 5085 saltem
1783 5030 2046 5101 propositi
2085 5045 2234 5087 mer-

669 5115 854 5170 cedem
919 5116 1207 5187 reciperet.
1269 5116 1631 5185 Quamobrem
1657 5160 1674 5186 ,
1745 5135 1852 5175 non
1913 5122 2231 5195 imperantis

670 5220 823 5264 more
860 5206 1036 5278 ipsum
1077 5209 1240 5280 jussit
1288 5210 1472 5278 abire,
1527 5212 1624 5268 sed
1660 5214 1715 5270 in
1760 5215 1939 5271 medio
1961 5219 2233 5275 sermonis

670 5299 993 5372 interrogat,
1019 5302 1144 5372 quis
1169 5303 1241 5357 sit
1270 5303 1338 5358 ad
1365 5303 1419 5359 id
1459 5306 1727 5374 agendum
1762 5318 2010 5378 paratus.

740 5387 908 5448 Vna.
946 5392 1000 5448 9.
1045 5411 1068 5446 ι
1092 5391 1156 5452 Et
1197 5394 1366 5465 dixit,
1394 5396 1566 5466 Vade,
1622 5405 1678 5455 et
1728 5399 1816 5457 dic
1842 5401 2040 5473 populo
2071 5403 2231 5460 huic:

671 5481 873 5542 Auditu
901 5485 1130 5543 audietis
1178 5495 1234 5544 et
1263 5501 1370 5544 non
1403 5488 1750 5561 intelligetis;
1784 5502 1842 5549 et
1864 5495 2218 5566 respicientes

743 5666 792 5700 δ’
821 5668 1010 5724 Matth.
1049 5685 1100 5726 v.
1126 5673 1181 5726 8.
1254 5672 1302 5705 ⁸⁸
1324 5671 1465 5729 Psal.
1489 5689 1625 5742 xm,
1648 5676 1704 5733 9.

2340 4575 2551 4650 θαρσιν,
2574 4581 2880 4649 ἀκολούθως
2909 4583 3007 4639 καὶ
3034 4587 3186 4659 φωνῇ
3214 4584 3460 4653 ἀξιοῦται
3483 4588 3577 4643 τοῦ
3609 4589 3910 4664 καθημένου

2340 4668 2434 4724 ιπι
2460 4670 2672 4742 θρόνου,
2701 4673 2985 4748 λεγούσης·

2417 4780 2437 4812 ι
2467 4761 2600 4817 Τίνα
2619 4763 2936 4832 ἀποστελῶς
2989 4766 3100 4821 Kal
3140 4767 3227 4833 τίς
3269 4768 3596 4845 πορεύσεται
3641 4769 3778 4843 πρὸς
3818 4770 3910 4827 τὸν

2343 4854 2469 4910 λαὸν
2493 4856 2717 4925 τοῦτον;
2762 4861 2874 4914 Καὶ
2915 4855 3063 4915 εἶπα·
3082 4861 3212 4916 Ἰδοὺ
3257 4862 3390 4934 ἑγὼ,
3415 4862 3731 4918 ἀπόστειλον
3760 4880 3842 4935 με.
3883 4883 3907 4918 s

2352 4947 2668 5021 Ἐδοκιμαξε
2691 4951 2749 5006 δὲ
2773 4952 2883 5025 ἄρα
2904 4953 3128 5029 τοιαύτῃ
3143 4957 3292 5028 φωνῇ
3316 4955 3502 5027 ’μέσως
3528 4954 3794 5037 ᾲφιιμένῐι
3813 4955 3910 5030 τὴν

2338 5038 2432 5094 τοῦ
2477 5044 2754 5116 προφήτου
2789 5044 3116 5118 προθυμίαν,
3147 5045 3224 5112 ὡς
3248 5046 3316 5102 ἀν
3348 5046 3448 5119 τῆς
3484 5046 3696 5120 ἀγαθῆς
3724 5063 3907 5121 προαι-

2341 5133 2542 5205 ρέσεως
2594 5135 2783 5206 μισθὸν
2821 5138 3107 5211 κτήσηται.
3141 5129 3232 5193 Διδ
3273 5140 3334 5193 οὐ
3383 5138 3793 5213 προστακτικῶς
3818 5141 3909 5194 αὐ-

2336 5222 2430 5278 τὸν
2456 5225 2742 5281 ἀκέλευοεν
2764 5226 3004 5284 ἀπιέναι·
3031 5228 3213 5302 μέσως
3236 5229 3294 5284 δὲ
3321 5228 3526 5304 ⁴Ιιιρώιιια,
3558 5230 3646 5297 τίς
3675 5229 3760 5304 εῐη
3779 5230 3909 5285 het-

2341 5332 2443 5388 μος
2471 5316 2631 5373 τοῦτο
2653 5321 2934 5392 πράττειν.

2416 5425 2438 5460 s
2466 5409 2578 5463 Kal
2624 5402 2764 5466 εἷπε·
2810 5409 3132 5488 Πορεύθητι,
3159 5414 3253 5470 καὶ
3280 5409 3432 5472 εἷπον
3458 5414 3539 5489 τῷ
3575 5413 3690 5489 λαῷ
3717 5411 3902 5489 τούτῳ·

2338 5498 2503 5573 Ἀκοῇ
2549 5498 2812 5556 ἀκούσετε
2836 5541 2852 5567 ,
2902 5503 2997 5559 καὶ
3026 5503 3091 5558 οὐ
3126 5503 3202 5578 μή
3249 5505 3465 5578 συνῆτε·
3492 5505 3588 5561 καὶ
3628 5503 3906 5579 βλέποντες

756 5761 870 5832 (12)
929 5763 1053 5821 Haec
1104 5767 1242 5835 apud
1286 5766 1671 5842 Hieronymum
1707 5773 2049 5834 habenturin
2096 5779 2237 5838 hunc
2275 5781 2472 5841 locum.
