4100 6286
1163 324 1673 387 centimanus
1709 322 1780 381 1N
1815 322 2075 382 ιδΑιΑιι.
2117 354 2187 366 -
2223 320 2379 405 ω.
2420 318 2511 379 vt.

3373 308 3481 364 4'50

182 447 983 531 ιλιιιτινκιιοδμὴτδηα.
1026 464 1048 499 ι
1097 440 1789 515 mammam

1900 438 2225 509 respicietis,
2272 449 2328 496 et
2366 455 2475 495 non
2520 438 2797 496 videbitis.
2830 454 2853 491 ι
2912 432 3177 503 Quaenam
3228 427 3481 531 videntes

179 552 370 623 ψωσι,
416 548 516 603 καὶ
555 547 700 610 τίνος
749 544 891 614 ἀκοῇ
936 538 1284 602 ἀκούσονται,
1318 537 1382 592 οὐ
1410 535 1780 609 παρέστησεν·

180 645 316 717 ᾖμεν
338 638 660 697 multum
684 636 912 691 σκοπεῖν
937 636 1004 689 bs
1018 630 1227 706 τῆςτοῦ
1253 630 1414 700 λόγου
1440 626 1783 693 ἀκολουθίας,

179 730 458 803 λεγούσης
489 731 596 794 ὅτι,
623 726 825 781 Τοῦτον
850 724 910 780 ὃν
942 725 1009 781 σὺ
1057 723 1312 778 τεθέασαι
1344 720 1571 794 Κύριον,
1600 719 1696 775 καὶ
1725 717 1786 773 δν

178 830 294 891 τοῖς
319 829 439 892 σοις
463 823 762 895 ὀφθαλμοῖς
800 815 961 885 εἶδος,
993 812 1041 873 ὧ
1087 815 1365 889 προφῆτα,
1389 813 1582 869 τοῦτον
1624 812 1721 869 καὶ
1756 815 1787 868 ὁ

182 1125 375 1163 αυτος,
413 1125 478 1152 συ
504 1125 612 1168 μην
641 1125 737 1149 ιω
762 1125 1006 1163 υυνιιυιι,
1028 1125 1154 1144 νυν.
1195 1125 1362 1157 μω...
1375 1125 1475 1151 .....,
1500 1125 1622 1141 ν-..
1658 1125 1783 1157 ιη--

178 1190 415 1263 λήσεται
465 1186 632 1243 αὐτοῦ
679 1186 779 1258 τὴν
813 1185 974 1258 χάριν
1019 1180 1448 1255 παραδέξασθαι.
1501 1178 1699 1250 Σαφῶς
1727 1178 1785 1233 δὲ

184 1650 367 1705 αὐτῶν
410 1650 764 1719 ὲκάμμυααν,
801 1645 1014 1716 μήποτε
1054 1641 1205 1697 ίδωσι
1253 1643 1369 1703 τοῖς
1406 1638 1725 1709 ὀφθαλμοῖς.
1761 1656 1782 1690 ι

194 1741 257 1795 Ὅ
292 1739 394 1811 μὲν
424 1736 539 1809 γὰρ
565 1734 778 1806 Σωτὴρ,
806 1733 905 1789 ἅτε
936 1732 1052 1804 φῶς
1080 1730 1364 1803 ὑπάρχων,
1397 1730 1617 1783 πάντων
1643 1726 1788 1798 ἐφώ-

474 1802 675 1898 ψιυχάς·
828 1826 925 1878 καὶ
951 1802 1184 1893 τυφλοῖς
1202 1802 1205 1803 ν
1225 1821 1287 1875 τὸ
1320 1820 1540 1892 βλέπειν
1568 1817 1790 1892 χαρίζεο
1819 1802 1863 1858 Β

188 1914 334 1974 σθαι·
378 1920 431 1973 oi
469 1918 527 1972 δι
554 1919 685 1981 τοὺς
708 1914 1022 1987 ὀφθαλμοὺς
1055 1911 1243 1984 ῑμυον,
1272 1911 1413 1966 ὥστε
1440 1909 1516 1983 μὴ
1549 1909 1790 1981 βλέπειν·

188 2013 284 2068 καὶ
310 2011 461 2067 οὕτω
490 2008 784 2082 βλέποντες
807 2008 909 2062 οὐκ
931 2005 1175 2060 εδλεπον.
1209 2004 1377 2058 Ὅταν
1434 2003 1544 2075 γάρ
1570 2020 1675 2067 τις,
1702 2004 1792 2055 ὲν-

188 2104 448 2166 ατενίσας
464 2102 563 2157 καὶ
587 2098 834 2173 ἀκριϐῶς
858 2098 1214 2170 θεασάμενος,
1234 2096 1484 2169 ὑπερίδῃ,
1501 2096 1596 2151 καὶ
1620 2111 1793 2150 κατα-

190 2198 438 2269 ῳρονήσῃ
462 2191 561 2247 τοῦ
590 2191 897 2264 δρωμένου,
942 2189 977 2262 ἢ
1030 2188 1180 2262 μύση
1223 2186 1295 2242 τὰ
1342 2188 1569 2260 θμματα
1617 2203 1792 2259 προσ-

191 2286 516 2360 map»;
562 2286 639 2357 μὴ
686 2282 1013 2357 ἑωρακέναι,
1044 2283 1167 2338 τότε
1197 2280 1409 2353 βλέπων
1433 2280 1535 2335 οὐκ
1563 2276 1693 2335 εἶδε.
1719 2281 1795 2334 Τὸ

196 2380 294 2452 μιν
320 2378 419 2435 οὖν
446 2378 645 2450 βλέψαι
676 2375 920 2449 ὑπῆρξεν
962 2375 1148 2441 αὐτοῖς
1182 2375 1291 2430 ἀπὸ
1315 2374 1417 2445 τῆς
1448 2374 1672 2446 χάριτος
1696 2372 1794 2427 τοῦ

192 2472 472 2542 ὀφθέντος·
504 2471 571 2525 τὸ
596 2470 653 2525 δὲ
694 2468 771 2541 μὴ
798 2469 928 2524 ίδεῖν
954 2468 1302 2542 συμβέϐηκεν
1338 2469 1452 2522 ἀπὸ
1474 2466 1570 2521 τοῦ
1594 2467 1796 2531 αὐτοὺς

198 2562 361 2635 μῦσαι
380 2564 517 2626 τοὺς
539 2560 752 2616 ἑαυτῶν
773 2559 1106 2632 ὀφθαλμοὺς,
1130 2560 1226 2613 καὶ
1250 2560 1689 2632 προσποιηθῆναι
1719 2560 1796 2631 μὴ

199 2654 440 2724 βλέπειν.
466 2652 629 2708 υῦτω
653 2653 713 2707 δὲ
746 2653 842 2707 καὶ
864 2653 1003 2724 ἀκοῇ
1034 2652 1224 2706 ἀκούει
1251 2669 1359 2718 τις,
1386 2652 1482 2707 καὶ
1508 2651 1670 2707 πάλιν
1695 2653 1797 2707 οὐκ

194 2743 405 2800 mlier
438 2744 663 2799 ἐπειδὰν
693 2744 771 2817 μὴ
800 2745 932 2816 συνῇ
962 2743 1031 2799 τὰ
1073 2743 1362 2816 λεγόμενα,
1398 2743 1434 2816 ἢ
1468 2745 1598 2799 ὅταν
1621 2760 1799 2817 παρα-

198 2841 332 2912 κούη
376 2839 478 2893 καὶ
511 2839 828 2911 καταφρονῇ
870 2835 981 2891 τῶν
1025 2836 1357 2907 λεγομένων.
1408 2835 1705 2908 Συμδαινει
1737 2836 1797 2890 δὲ

199 2930 375 2996 τοῦτο,
414 2930 639 2986 ἐπειδάν
689 2946 777 2994 τις
823 2929 894 2984 τὰ
939 2923 1055 2985 ὦτα
1100 2930 1298 2986 ἑαυτοῦ
1341 2929 1570 3003 βαρύνῃ,
1605 2929 1797 3004 ὥσπερ

198 3016 529 3089 ἁποφράξας
568 3018 666 3072 καὶ
696 3018 1081 3087 ἁτωκωφώσας
1127 3019 1291 3075 αὐτά.
1341 3019 1505 3074 Ταῦτ’
1544 3015 1640 3074 οὖν
1680 3020 1800 3075 ισο-

1887 531 2178 597 videbunt,
2203 539 2261 587 et
2286 546 2541 603 quanam
2575 532 2762 587 auditu
2803 526 3051 591 audient,
3092 538 3201 578 non
3234 518 3483 576 declara-

1886 626 1990 690 vit,
2018 622 2073 679 id
2100 623 2564 680 considerandum
2608 622 2770 678 nobis
2797 618 3117 689 relinquens
3163 628 3228 669 ex
3266 624 3484 668 sermo-

1887 715 1974 770 nis
2012 712 2178 780 serie,
2200 728 2323 785 qua
2348 713 2433 770 sic
2458 713 2627 770 habet
2663 730 2679 766 :
2706 711 2881 780 Quem
2912 719 2969 764 tu
3012 704 3249 761 intueris
3286 700 3480 757 Domi-

1887 821 2039 872 num,
2072 816 2130 862 et
2170 821 2345 878 quem
2365 807 2501 878 ipsis
2536 805 2711 863 oculis
2745 804 2917 869 vides,
2945 815 2980 857 o
3009 797 3298 871 propheta,
3332 795 3485 850 hum:

1886 907 1943 952 et
1967 898 2055 954 hic
2086 898 2319 969 populus
2343 896 2637 968 aliquando
2661 893 2913 959 videbit;
2945 892 3043 948 sed
3066 890 3233 944 etiam
3266 900 3482 948 vocem,

1886 1005 2051 1060 quam
2095 1000 2149 1046 tu
2184 991 2241 1047 in
2295 991 2553 1062 presenti
2617 986 2904 1051 audivisti,
2958 991 3015 1040 et
3070 983 3186 1054 ipse
3239 979 3479 1052 quodam

1756 1116 1785 1129 -
1888 1093 2132 1155 tempore
2162 1083 2348 1139 audiet
2381 1101 2397 1137 :
2429 1096 2607 1154 neque
2635 1091 2822 1137 tamen
2854 1076 3117 1144 intelliget
3159 1074 3247 1129 vel
3279 1084 3489 1143 cogno-

1888 1185 2046 1244 scet,
2102 1190 2281 1246 neque
2350 1176 2585 1249 gratiam
2651 1173 2772 1243 ejus
2827 1169 3109 1240 suscipere
3159 1167 3331 1223 volet.
3392 1162 3489 1220 ω.

1890 1277 2074 1324 autem
2130 1275 2323 1338 aperte
2378 1281 2541 1323 suum
2593 1265 2662 1321 ad
2718 1264 2972 1322 homines
3005 1262 3303 1319 adventum
3338 1256 3489 1313 indi-

1888 1361 2072 1417 cabat.

1964 1450 2133 1507 Vens.
2174 1451 2263 1509 l0.
2330 1451 2756 1524 «Aggravatum
2814 1458 2899 1506 est
2956 1448 3105 1505 enim
3152 1462 3249 1504 eor
3301 1443 3487 1517 populi

1892 1542 2075 1614 hujus,
2120 1556 2178 1601 et
2208 1544 2439 1600 auribus
2490 1542 2736 1616 graviter
2787 1542 3123 1605 audierunt,
3183 1547 3244 1595 et
3293 1537 3489 1595 oculos

1890 1651 2021 1691 suos
2047 1636 2401 1707 clauserunt,
2457 1651 2527 1693 ne
2582 1635 2725 1691 forte
2778 1634 3000 1689 videant
3049 1630 3245 1688 oculis.
3276 1646 3300 1684 ι
3348 1625 3487 1684 Nam

1894 1726 2149 1783 Salvator
2196 1728 2422 1799 quidem
2454 1738 2665 1795 uoster,
2709 1727 2894 1783 lumen
2924 1739 3048 1780 cum
3092 1725 3186 1790 sit,
3242 1722 3488 1778 omnium

1896 1818 2110 1875 animas
2136 1818 2506 1886 illuminavit,
2556 1820 2633 1875 ita
2673 1827 2734 1874 ut
2771 1826 2828 1874 et
2852 1816 3019 1874 cacis
3045 1815 3225 1869 visum
3256 1812 3492 1885 largire-

1898 1918 2029 1975 tur;
2086 1907 2164 1963 illi
2195 1922 2328 1963 vero
2353 1907 2546 1967 oculos
2585 1908 2937 1972 claudebant,
2973 1914 3035 1961 ut
3063 1910 3178 1962 non‘
3204 1903 3489 1969 viderent;

1895 2010 2059 2071 atque
2098 2000 2179 2057 sic
2224 1999 2474 2057 videntes
2526 2016 2636 2057 non
2691 2000 2974 2057 videbant.
3011 1998 3149 2055 Cum
3187 1997 3335 2053 enim
3366 2011 3492 2066 quis

1894 2093 2173 2161 intuitus,
2220 2104 2278 2151 et
2328 2109 2389 2151 re
2437 2103 2736 2168 conspecta
2801 2093 3113 2165 diligenter,
3163 2106 3279 2147 rem
3311 2090 3489 2146 visam

1895 2188 2131 2258 despicit
2175 2197 2233 2243 et
2271 2189 2605 2252 contemnit,
2663 2202 2729 2244 ac
2765 2186 2973 2244 claudit
3022 2185 3236 2251 oculos,
3268 2199 3331 2240 se
3380 2199 3490 2239 non

1894 2278 2086 2334 videre
2119 2276 2422 2347 simulans;
2458 2289 2589 2354 tunc
2618 2278 2947 2349 respiciens,
2994 2290 3109 2333 non
3136 2276 3295 2330 vidit.
3334 2272 3493 2343 Quod

1896 2372 2067 2444 igitur
2100 2372 2374 2438 viderent,
2423 2372 2479 2427 id
2520 2386 2589 2427 es
2633 2372 2814 2442 gratia
2870 2372 2991 2442 ejus
3029 2371 3126 2443 qui
3178 2370 3491 2433 videbatur,

1898 2466 2031 2535 ipsis
2063 2465 2276 2531 inerat;
2318 2465 2462 2535 quod
2496 2476 2680 2522 autem
2732 2482 2840 2521 non
2902 2467 3176 2532 viderent,
3236 2464 3291 2519 id
3324 2478 3393 2518 ex
3426 2479 3493 2518 eo

1897 2558 2153 2614 veniebat
2181 2560 2327 2629 quod
2347 2559 2541 2615 oculos
2567 2557 2928 2624 clauderent,
2974 2569 3033 2614 et
3064 2573 3126 2615 se
3159 2572 3268 2613 non
3303 2557 3495 2612 videre

1897 2649 2250 2705 simularent.
2286 2648 2366 2705 ita
2396 2648 2608 2720 pariter
2636 2649 2763 2720 quis
2793 2649 2984 2705 auditu
3019 2648 3195 2715 audit,
3220 2656 3277 2705 et
3309 2659 3494 2704 tamen

1899 2755 2009 2795 non
2053 2742 2247 2808 audit;
2303 2742 2525 2813 quando
2558 2755 2623 2797 ea
2673 2755 2798 2811 qum
2830 2742 3092 2797 dicuntur
3132 2758 3239 2797 non
3287 2741 3496 2796 intelli-

1898 2833 2021 2904 git,
2058 2843 2155 2890 aut
2182 2850 2308 2890 cum
2335 2835 2500 2890 dictis
2531 2850 2639 2890 non
2673 2834 3054 2904 obtemperat,
3090 2848 3269 2904 eaque
3313 2835 3497 2905 despi-

1898 2925 1996 2982 cit.
2051 2924 2168 2982 Hoe
2198 2926 2691 2997 perrecontinglt,
2743 2940 2868 2982 cum
2900 2927 3025 2996 quis
3051 2941 3217 2981 aures
3238 2940 3370 2981 suas
3396 2942 3495 2998 ag-

1900 3028 2113 3089 gravat,
2169 3033 2263 3075 eas
2320 3020 2478 3090 quasi
2540 3020 2806 3075 obturans
2863 3028 2920 3076 et
2973 3019 3170 3075 surdas
3224 3019 3492 3074 elliciens.

205 3107 322 3163 σθαι
350 3109 483 3177 περὶ
511 3110 607 3163 τὸν
634 3108 745 3163 τῶν
774 3110 1045 3167 Ἰουδαίων
1065 3110 1195 3167 λαὸν
1219 3113 1254 3184 ὴ
1283 3111 1436 3185 φωνὴ
1464 3111 1558 3165 τοῦ
1586 3113 1795 3185 Κυρίου

1903 3106 2030 3162 Haec
2053 3107 2222 3179 igitur
2248 3105 2477 3163 Iudaico
2499 3107 2700 3179 p0pulo
2738 3107 2924 3164 futura
2967 3123 3113 3177 esse,
3140 3124 3245 3164 vox
3279 3110 3497 3166 Domini

200 3200 511 3256 lumen.
558 3201 892 3275 Ἐπληροῢτο
921 3202 979 3257 δὲ
1018 3203 1085 3258 τὸ
1119 3203 1279 3277 ἔργον
1321 3203 1414 3257 ἰπὶ
1442 3203 1543 3275 τῆς
1566 3201 1662 3257 τοῦ
1692 3204 1798 3257 Σω-

1904 3202 2253 3257 vaticinatur.
2286 3201 2570 3271 impletum
2605 3213 2789 3257 autem
2832 3201 2965 3256 illud
3006 3201 3112 3256 fuit
3160 3202 3215 3257 in
3255 3204 3497 3258 adventu

204 3293 365 3365 τῆρος
397 3293 560 3367 ἡμῶν
594 3294 910 3367 ὶπιδημίας,
951 3296 1074 3351 καθ’
1100 3296 1189 3369 ἢν,
1226 3297 1473 3369 παρόντα
1510 3296 1674 3350 αὑτὸν
1701 3297 1800 3366 ὀφ-

207 3385 430 3458 θαλμοῖς
451 3386 710 3458 δρῶντες,
737 3388 838 3441 οὐκ
859 3388 1107 3453 εδλεπον,
1136 3390 1236 3443 καὶ
1256 3387 1581 3443 διδάσκοντα
1612 3387 1680 3442 τὰ
1706 3406 1800 3461 μυ-

207 3480 406 3552 στήρια
430 3480 536 3551 τῆς
564 3478 838 3550 βασιλείας
863 3481 925 3535 οὐ
955 3482 1215 3554 συνῆκαν.

279 3589 297 3622 ι
327 3571 457 3655 Καὶ*
492 3566 647 3627 εἶπα·
698 3571 845 3637 Ἕως
871 3572 1026 3641 πότι,
1058 3573 1269 3647 Κύριος
1308 3574 1421 3629 Καὶ
1444 3568 1617 3629 εἷπεν·
1654 3575 1801 3641 Ἕως

210 3664 276 3718 ἂν
294 3663 631 3737 ἑρημωθῶσι
648 3665 853 3735 πόλεις,
879 3685 898 3719 ι
934 3668 1030 3722 καὶ
1055 3666 1125 3721 τὰ
1148 3666 1298 3739 ἑξῆς.
1331 3669 1444 3723 Καὶ
1469 3666 1633 3741 μέχρι
1656 3667 1801 3733 τίνος

208 3756 517 3831 παρα-τείνῃ
542 3758 604 3811 τὸ
629 3757 1004 3831 ἁρῤὠστημα;
1042 3759 1153 3813 Καὶ
1179 3760 1359 3832 ὲρωτᾷ
1376 3758 1571 3830 λέγων·
1604 3777 1625 3812 ι
1655 3759 1802 3823 Ἕως

210 3850 362 3913 πότε,
383 3849 592 3922 Κύριες
618 3869 637 3902 a
655 3851 709 3905 τί
739 3851 850 3924 γὰρ
864 3850 1018 3906 ἔσται
1044 3850 1199 3918 τέλος
1219 3852 1323 3925 τῆς
1349 3853 1609 3926 τοιαύτης
1624 3852 1802 3907 αὐτῶν

212 3941 476 4011 ἀϐλεψίας
506 3940 553 4012 (l
563 3942 656 4013 3);
695 3942 957 4015 Σημαίντι
980 3940 1076 3999 οὖν
1094 3944 1182 4001 διὰ
1208 3945 1416 4000 τούτων
1439 3945 1540 4019 τὴν
1554 3944 1806 4001 ἐπελθοῦ-

213 4049 310 4087 σαν
325 4032 555 4104 πριίηην
582 4033 688 4087 ὑπὸ
723 4033 1008 4106 Ῥωμαίων
1028 4034 1274 4109 τῷτόπῳ
1299 4035 1637 4111 πολιορκίαν,
1666 4034 1806 4108 μετὰ

208 4129 281 4184 τὶ
301 4127 451 4184 κατὰ
472 4128 567 4183 τοῦ
590 4129 842 4203 Σωτῆρος
869 4129 1054 4195 αὐτοῖς
1071 4130 1437 4204 τολμηθέντα,
1463 4131 1586 4186 καθ’
1606 4132 1673 4203 ἠν
1694 4130 1804 4185 τῶν

224 4221 498 4277 Ἰουδαίων
520 4219 766 4276 πλεῖσται
791 4221 977 4286 πόλεις
998 4222 1091 4276 ἐπὶ
1118 4222 1521 4295 αὐτοκράτορος
1548 4224 1803 4277 Οὐεσπα-

214 4314 403 4368 σιανοῦ
444 4312 735 4388 δῃωθεῖσαι
762 4314 989 4386 ἀφανεῖς
1014 4314 1295 4379 παντελῶς
1320 4315 1681 4388 κατέστησαν·
1727 4314 1805 4380 ὼς

216 4407 353 4479 μηδὲ
382 4408 607 4480 μνήμην
629 4405 809 4462 αὐτῶν
839 4406 977 4480 μηδὲ
999 4408 1170 4481 ὄνομα
1194 4406 1623 4482 περιλείπεσθαι.
1649 4406 1806 4463 Οὕτω

1901 3294 2208 3349 Salvatoris
2233 3292 2436 3359 nostri,
2463 3308 2596 3363 quo,
2632 3294 2762 3349 dum
2785 3303 3112 3364 prmsentem
3139 3294 3291 3349 illum
3320 3295 3498 3351 oculis

1900 3393 2212 3451 cernerent,
2261 3401 2371 3441 non
2424 3386 2716 3452 videbam,
2774 3380 2830 3442 et
2890 3386 3183 3442 docentem
3234 3391 3497 3458 mysteria

1902 3479 2077 3549 regni,
2107 3492 2213 3533 non
2241 3477 2639 3550 intelligebant.

1973 3573 2143 3631 Vnus.
2200 3574 2293 3629 11.
2359 3572 2477 3629 «Et
2534 3572 2669 3637 dixi,
2727 3572 3048 3646 Usquequo,
3105 3574 3373 3631 Domine?
3430 3575 3501 3633 Et

1900 3663 2063 3730 dixit,
2092 3665 2278 3720 Donec
2318 3661 2639 3719 desolentur
2670 3663 2951 3729 civitates,
2982 3682 3001 3715 ι
3032 3675 3144 3720 etc.
3179 3664 3247 3718 Et
3297 3680 3501 3735 usque-

1902 3774 2010 3829 quo
2039 3757 2257 3813 durabit
2283 3754 2619 3812 inﬁrmitas?
2644 3753 2956 3827 Interrogat
2980 3758 3192 3824 dicens,
3228 3775 3248 3809 ι
3276 3755 3468 3828 Usque

1904 3864 2039 3920 quo,
2068 3849 2344 3906 Domine?
2378 3868 2397 3902 ι
2430 3850 2555 3919 quis
2588 3849 2733 3903 enim
2754 3848 2878 3904 linis
2903 3850 3009 3903 erit
3041 3848 3353 3917 huiusmodi
3379 3852 3501 3906 illo-

1905 3957 2026 3996 rum
2069 3942 2378 3999 cacitatis?
2424 3940 2523 3998 His
2574 3940 2721 3997 enim
2785 3930 3060 4009 signiﬁcat
3114 3943 3350 4012 primum
3398 3944 3503 3999 sub

1906 4033 2171 4089 Romanis
2204 4032 2448 4093 futuram
2498 4032 2603 4089 loci
2654 4032 3021 4101 obsidionem,
3068 4043 3193 4105 post
3236 4034 3381 4089 edita
3432 4038 3502 4091 ab

1906 4125 2043 4197 ipsis
2074 4136 2265 4182 contra
2296 4124 2641 4182 Salvaton
2673 4125 2926 4181 facinora
2958 4144 2972 4181 :
2999 4141 3109 4197 qua
3160 4126 3345 4182 multa:
3397 4126 3509 4184 Ju-‘

1907 4219 2149 4275 deorum
2173 4218 2430 4282 civitates
2458 4220 2561 4276 sub
2591 4218 2934 4289 Vespasiano
2957 4219 3295 4291 imperatore
3319 4228 3503 4275 vasta-

1912 4322 1999 4378 tze,
2030 4311 2147 4368 solo
2190 4312 2416 4384 penitus
2454 4322 2686 4383 aequatae
2719 4322 2882 4379 sunt,
2939 4313 3013 4367 ita
3057 4322 3117 4367 ut
3162 4327 3353 4367 earum
3401 4328 3504 4368 nec

1908 4404 2177 4460 memoria
2230 4420 2332 4462 nec
2380 4419 2582 4461 nomen
2644 4404 3067 4476 relinqueretur.
3125 4402 3261 4460 Cum
3317 4415 3503 4460 autem

214 4515 335 4565 πως
370 4500 471 4571 ὲρη
478 4498 607 4571 μίαν
635 4498 872 4570 παντελῆ
931 4500 1396 4571 προαγορεύοντος
1455 4498 1549 4554 τοῦ
1604 4499 1800 4568 λόγου,

1911 4497 2285 4554 omnimodam
2331 4496 2729 4553 desolationem
2770 4512 2953 4553 sermo
2985 4497 3283 4569 signiticet,
3319 4500 3501 4553 conti.

218 4591 527 4665 ἔπληροῦτο
547 4592 606 4647 δι
628 4592 722 4647 καὶ
744 4590 884 4664 αὕτη
910 4592 1053 4647 κατὰ
1081 4594 1209 4657 τοὺς
1248 4591 1529 4667 Ἀδριανοῦ
1561 4592 1807 4666 χρόνους,

219 4686 339 4741 καθ’
368 4684 463 4750 οὓς
490 4685 750 4756 δευτέραν
777 4684 1172 4758 ὑπομείναντες
1209 4684 1451 4739 Ἰουδαῖοι
1469 4683 1807 4757 πολιορκίαν,

220 4780 301 4844 τίς
327 4776 493 4832 τοῦτο
518 4777 582 4831 τὸ
623 4776 794 4832 κακὸν
819 4776 1207 4851 περιέστησαν,
1247 4778 1324 4843 ὡς
1363 4776 1549 4849 νόμοις
1577 4776 1672 4830 καὶ
1696 4776 1813 4831 δια-

219 4872 499 4945 τάγμασιν
524 4871 1006 4945 αὐτοκρατορικῶς
1035 4871 1171 4943 μηδὶ
1199 4869 1261 4937 ἐξ
1285 4870 1533 4926 ἀπόπτου
1558 4868 1658 4942 τὴν
1686 4870 1812 4943 ἐρη-

228 4960 354 5031 μίαν
378 4958 481 5030 τῆς
505 4957 715 5013 ἑαυτῶν
736 4958 1118 5033 μητροπύλιως
1147 4959 1372 5033 θεωρεῖν
1392 4958 1804 5033 ιπιτρὲπεσθαι.

297 5073 318 5106 s
364 5056 480 5109 Kal
506 5053 645 5127 μετὰ
673 5053 847 5111 ταῦτα
897 5057 1166 5129 μακρυνεῖ
1190 5056 1219 5110 δ
1251 5054 1385 5121 Θεὸς
1413 5056 1544 5121 τοὺς
1590 5053 1807 5128 ἀνθρώ-

229 5165 383 5213 πους,
414 5146 513 5201 καὶ
534 5148 585 5202 oi
612 5147 1061 5219 καταλειφθέντες
1080 5146 1553 5228 πληθυνθήσονται
1582 5148 1677 5201 ἐπὶ
1704 5152 1807 5223 τῆς

225 5240 347 5313 τῆς.
380 5239 495 5294 Καὶ
526 5238 601 5295 ἔτ’
633 5236 720 5295 ἀπ’
759 5241 929 5314 αὐτῆς
974 5244 1090 5297 ἐστι
1123 5242 1186 5297 τὸ
1222 5241 1561 5298 ἐπιδέκατον.
1606 5263 1625 5295 ι
1658 5243 1806 5315 Σύμ-

230 5349 399 5405 μαχος
436 5331 698 5399 δξέδωκε·
740 5352 760 5387 t
804 5334 1038 5407 Μακρὰν
1067 5336 1289 5407 ποιήσει
1322 5334 1526 5409 Κύριος
1553 5335 1681 5401 τοὺς
1712 5336 1807 5389 ἀν-

229 5422 498 5497 θρώπους.
553 5444 573 5478 ι
609 5426 875 5499 Σημαίνει
912 5425 1024 5498 γὰρ
1055 5425 1087 5479 ὀ
1116 5423 1273 5496 λόγος
1315 5423 1404 5478 διὰ
1444 5424 1544 5495 τῆς
1594 5423 1808 5479 τοιᾶσδε

224 5519 340 5577 τοῦ.
362 5538 379 5570 s
404 5522 691 5592 μακρυνεϊ,
719 5516 1077 5591 ιίρμηνιίας,
1091 5519 1261 5590 ῆγουν
1273 5515 1390 5582 τοῦ,
1411 5534 1431 5569 s
1454 5514 1674 5588 μακρὰν
1687 5533 1810 5571 ποι-

226 5610 367 5683 ήσει,
402 5631 423 5665 ι
446 5610 513 5685 ἢν
555 5610 700 5667 κατὰ
727 5609 822 5665 τὸν
858 5610 1019 5666 αὑτὸν
1052 5609 1247 5682 χρόνον
1284 5608 1585 5680 ὑπέμειναν
1605 5609 1809 5680 αἰχμα-

1911 4591 1990 4663 git
2016 4600 2073 4645 et
2096 4589 2186 4644 illa
2216 4588 2444 4645 Adriani
2506 4598 2777 4661 tempore,
2814 4604 2941 4645 cum
2974 4587 3171 4657 Judaei,
3205 4593 3503 4646 secundum

1910 4683 2053 4755 passi
2102 4681 2465 4747 obsidionem,
2528 4682 2584 4737 iu
2633 4690 2845 4738 tantum
2886 4682 3221 4739 calamitatis
3269 4681 3507 4739 devene-

1909 4787 2058 4841 runt,
2084 4785 2143 4830 ut
2172 4774 2387 4847 legibus
2427 4784 2482 4829 et
2517 4773 2691 4843 jussis
2731 4775 3141 4845 imperatoriis,
3176 4789 3244 4831 ne
3279 4776 3506 4848 quidem

1910 4868 2100 4940 procul
2135 4866 2459 4937 metropolis
2500 4881 2614 4923 sua:
2652 4866 2969 4924 vastitatem
3002 4868 3326 4939 conspicere
3372 4884 3502 4941 ρει·-

1918 4959 2290 5040 mitterentur.

1990 5051 2155 5109 Vens.
2200 5054 2287 5108 ιε.
2335 5072 2355 5107 s
2389 5053 2455 5109 Et
2500 5061 2689 5124 postea
2736 5052 3019 5125 elongabit
3052 5054 3193 5110 Deus
3230 5055 3501 5122 homines,

1916 5152 1972 5201 et
2004 5146 2098 5217 qui
2140 5145 2316 5202 relicti
2362 5146 2571 5202 l'uerint
2613 5145 3131 5216 multiplicabuntur
3183 5162 3347 5217 super
3394 5158 3506 5204 ter-

1918 5253 2054 5293 ram.
2088 5239 2156 5294 Et
2182 5240 2364 5296 adhuc
2397 5256 2562 5313 super
2592 5257 2715 5297 eam
2747 5249 2832 5296 est
2863 5242 3175 5296 declinatio.
3201 5261 3222 5295 ι
3256 5243 3509 5314 Symma-

1914 5332 2053 5388 ehus
2094 5333 2299 5399 edidit,
2361 5351 2381 5386 ι
2411 5333 2600 5406 Longe
2647 5334 2816 5389 faciet
2860 5334 3123 5391 Dominus
3180 5335 3451 5393 homines.
3483 5358 3505 5393 ο

1917 5425 2033 5482 Hac
2082 5426 2574 5499 interpretatione,
2638 5445 2657 5478 s
2688 5426 3007 5499 elongabit,
3043 5449 3063 5482 ο
3129 5428 3245 5485 sive
3304 5447 3324 5480 ι
3353 5428 3513 5500 longe

1915 5516 2100 5581 faciet,
2134 5539 2154 5573 ι
2184 5519 2387 5575 indicat
2418 5520 2700 5591 Scriptura
2739 5521 3114 5591 captivxtatem
3145 5520 3316 5586 illam,
3346 5537 3510 5590 quam

1916 5626 1985 5667 eo
2017 5611 2133 5681 ipso
2162 5622 2407 5687 tempore
2436 5613 2723 5671 multitudo
2766 5612 3007 5670 Iudaicae
3032 5614 3211 5686 gentis
3250 5626 3509 5685 perpessa

292 5794 401 5873 (ιδ)
442 5794 570 5855 Haec
606 5795 743 5853 item
788 5793 845 5848 lu
886 5788 1202 5864 Hieronymi
1238 5788 1668 5861 Commentario,
1716 5790 1809 5851 sed
1846 5788 2117 5864 pluribus.
