4100 6286
672 365 766 421 if}!

1337 351 1607 410 EUSEBII
1645 338 2130 407 CESARIENSIS
2168 336 2320 393 OPP.
2361 335 2546 394 PARS
2579 335 2671 392 lli.
2711 364 2781 376 —-
2817 329 3230 388 EXEGETICA.

3815 318 3968 374 15:!

669 495 777 548 est,
807 494 1016 536 necnon
1055 472 1445 544 dispersionem
1478 470 1622 522 illam
1657 481 1786 535 qua,
1815 463 1940 517 dum
1969 456 2226 514 instanti-

2330 454 2531 509 λωσίαν
2578 452 2638 506 τὸ
2693 448 2896 520 πλῆθος
2944 446 3040 500 τοῦ
3106 444 3372 500 Ἰουδαίων
3427 442 3629 506 ἔθνους,
3677 441 3768 494 καὶ
3830 434 3971 488 τὸν

672 576 775 629 bus
803 567 1208 625 calamitatibus
1247 578 1308 618 se
1345 563 1710 631 proriperent,
1745 552 2043 623 disgregati
2080 555 2227 604 sunt.

672 684 691 715 ι
729 661 947 717 Residui
1001 667 1128 713 vero
1181 653 1682 722 multiplicabuntur
1712 661 1880 714 super
1924 654 2125 697 terram
2159 657 2178 690 ι
2212 655 2226 692 :

666 756 758 810 alii
783 753 994 808 scilicet
1024 767 1053 805 a
1086 748 1293 818 primis.
1316 744 1416 799 Tot
1449 753 1626 796 autem
1658 751 1891 792 numero
1916 735 2016 804 ipsi
2048 739 2228 794 erunt,

667 857 750 909 nt,
796 862 916 898 cum
952 843 1138 914 primis
1163 836 1482 906 comparati,
1515 831 1696 887 multis
1734 829 1978 900 partibus
2012 825 2227 880 illorum

666 936 1068 991 multitudinem
1099 937 1377 1001 superent.

707 1179 709 1181 ι
1258 1103 1486 1162 CAPUT
1530 1101 1632 1157 vn.

733 1203 894 1258 Vsus.
938 1199 1052 1255 1-5.
1099 1217 1118 1252 ι
1149 1199 1212 1252 Ει
1259 1198 1463 1253 factum
1494 1204 1580 1249 est
1605 1194 1659 1247 in
1685 1191 1874 1247 diebus
1907 1189 2090 1244 Acha:
2133 1185 2229 1241 lilii

662 1293 954 1355 Joatham,
1011 1289 1106 1344 lilii
1146 1287 1293 1344 Osite
1324 1287 1464 1357 regis
1510 1283 1646 1338 Juda
1675 1323 1690 1345 ,
1737 1280 1981 1336 ascendit
2027 1277 2228 1333 Raasin

662 1384 978 1459 rex‘Aram,
1022 1391 1077 1438 et
1127 1380 1339 1434 Phacee
1387 1375 1529 1431 [ilius
1564 1371 1824 1428 Romeliae
1852 1385 1948 1425 rex
1977 1367 2143 1423 Israel
2174 1367 2229 1422 in

660 1474 986 1541 Jerusalem,
1047 1471 1112 1527 ad
1164 1468 1516 1540 praeliandum
1568 1473 1756 1521 contra
1809 1477 1971 1518 eam:
2011 1469 2066 1515 et
2121 1471 2227 1513 non

660 1574 958 1636 potuerunt
1005 1563 1256 1618 obsidere
1298 1576 1441 1616 eam.
1499 1558 1566 1614 Et
1611 1555 2004 1611 nuntiaverunt
2045 1547 2228 1606 domui

664 1657 834 1714 David
866 1658 1107 1712 dicentes
1133 1670 1148 1707 :
1175 1653 1469 1708 Consensit
1490 1655 1654 1704 Aram
1690 1661 1814 1701 cum
1854 1643 2130 1714 Epitraim,
2176 1650 2232 1695 et

661 1750 964 1819 stupefacta
1011 1755 1095 1801 est
1144 1744 1325 1799 anima
1371 1743 1512 1812 ejus,
1560 1749 1616 1794 et
1663 1739 1840 1792 anima
1879 1733 2059 1805 p0pull
2087 1734 2227 1802 ejus,

661 1844 804 1897 sicut
837 1841 1032 1911 lignum
1076 1841 1130 1895 in
1181 1837 1313 1894 silva
1362 1851 1394 1889 a
1423 1840 1604 1898 _vento
1654 1837 1919 1885 movetur.
1981 1825 2046 1879 Et
2093 1823 2230 1879 dixit

662 1930 924 1989 Dominus
950 1933 1019 1987 ad
1067 1930 1284 1993 Isaiam,
1313 1925 1585 1996 Egredere
1606 1923 1659 1976 in
1699 1932 1985 1975 occursum
2021 1914 2225 1980 Acbaz,

662 2037 723 2083 tu
768 2036 825 2082 et
867 2026 960 2097 qui
1021 2023 1310 2079 derelictus
1359 2027 1443 2074 est
1477 2014 1645 2070 Jasub
1683 2011 1826 2066 lilius
1871 2018 2014 2062 tuus.
2045 2027 2064 2060 ι
2122 2006 2228 2061 Par

663 2116 861 2186 quippe
896 2123 1014 2170 erat
1041 2123 1101 2167 ut
1140 2110 1413 2182 prophetae
1454 2106 1631 2168 filius,
1682 2103 1775 2172 qui
1822 2115 1930 2155 non
1963 2113 2068 2153 una
2103 2111 2228 2151 cum

663 2207 862 2278 populo
893 2213 1204 2273 corruptus,
1233 2203 1324 2257 sed
1367 2207 1607 2269 paterna:
1631 2195 1896 2249 doctrina:
1925 2200 2084 2246 tenax
2115 2189 2230 2242 rue-

662 2309 770 2362 rat,
807 2297 933 2351 hinc
964 2309 1200 2365 praesens
1227 2292 1602 2348 institueretur
1624 2301 1653 2341 a
1676 2294 1850 2356 patre,
1880 2298 2005 2340 cum
2031 2281 2226 2338 ﬁducia

661 2386 972 2448 accedente.
1001 2401 1062 2440 ac
1082 2383 1231 2454 iussa
1248 2388 1598 2451 exsequente.

742 2568 901 2621 Vsus.
942 2566 996 2621 4.
1042 2566 1149 2620 «Et
1180 2565 1325 2618 dices
1351 2563 1420 2625 ei,
1458 2559 1602 2615 Cave
1643 2567 1702 2613 ut
1728 2558 1998 2627 quiescas,
2059 2562 2114 2610 et
2161 2568 2226 2608 ne

663 2658 880 2724 timeas,
914 2671 1088 2726 neque
1114 2655 1417 2709 inﬁrmetur
1441 2651 1624 2704 anima
1649 2657 1737 2701 tua
1763 2663 1792 2702 a
1830 2647 2036 2700 duobus
2065 2645 2226 2714 lignis

663 2749 944 2803 titionibus
966 2746 1352 2814 fumigantibus
1380 2743 1462 2796 his
1493 2782 1509 2808 ,
1539 2758 1561 2794 ι
1600 2741 1800 2810 quibus
1839 2738 1974 2793 nihil
2007 2737 2226 2793 luminis

664 2840 812 2906 insit,
840 2838 931 2892 sed
957 2836 1050 2905 qui
1080 2835 1351 2890 exstincto
1394 2831 1573 2886 titioni
1603 2840 1810 2884 tantum
1858 2828 2061 2884 similes
2093 2827 2221 2882 sint.

661 2927 976 2998 Huiusmodi
1008 2926 1204 2996 quippe
1233 2934 1359 2980 sunt
1376 2923 1491 2981 duo
1514 2924 1588 2978 illi
1617 2936 1792 2990 reges,
1823 2934 2054 2988 quorum
2080 2925 2224 2971 metu

658 3028 718 3073 et
764 3017 1050 3072 formidine
1093 3015 1312 3069 teneris.
1357 3013 1582 3067 Etiamsi
1628 3012 1772 3066 enim
1827 3010 1914 3063 vis
1964 3008 2052 3062 illa
2109 3022 2223 3064 mea

2330 542 2722 612 διασκεδασμὸν
2750 541 2810 594 ὃν
2840 536 3297 608 διεσκεδάσθησαν
3327 533 3618 605 φεύγοντες
3655 531 3756 594 τὰς
3785 534 3958 586 επι-

2331 637 2588 707 κειμένας
2615 634 2800 697 αὐτοῖς
2830 629 3132 702 συμφοράς.
3169 649 3187 680 ι
3227 630 3337 682 Καὶ
3371 630 3419 681 oi
3456 622 3959 692 καταλειφθέντες

2327 726 2385 784 δὲ
2418 725 2883 799 πληθυνθήσονται
2911 723 3004 776 ἐπὶ
3032 720 3135 789 τῆς
3164 720 3269 790 γῆς
3287 737 3299 749 ·
3348 739 3368 771 ι
3402 718 3580 789 ἕτεροι
3605 716 3755 778 ὄντες
3797 711 3952 766 τῶν

2331 822 2632 893 προτέρων.
2665 815 2922 872 Τοσοῦτοι
2965 815 3024 868 δὲ
3048 808 3194 867 οὗτοι
3226 811 3460 874 ἔσονται,
3492 809 3589 874 ὡς,
3624 802 3948 878 παραϐαλ-

2327 910 2589 983 λομένους
2614 911 2810 972 αὐτοὺς
2836 909 2950 970 τοῖς
2981 903 3248 978 πρώτοις,
3283 899 3740 973 πολλοστημόριον
3765 893 3948 950 εἶναι

2329 1001 2642 1074 νομίζεσθαι
2668 998 2761 1053 τοῦ
2787 998 3012 1052 ἐκείνων
3039 995 3294 1066 πλήθους.

2859 1087 3255 1142 ΚΕΦΑΛΔΙΟΝ
3300 1088 3374 1139 Z'.

2405 1205 2424 1238 ι
2456 1185 2566 1239 Καὶ
2594 1184 2809 1253 ἐγένετο
2828 1199 2884 1236 εν
2906 1184 3026 1244 ταῖς
3051 1178 3285 1251 ἡμέραις
3321 1175 3490 1247 ’Δχάζ
3513 1176 3604 1230 τοῦ
3644 1175 3938 1249 Ἰωάθαμ,

2326 1279 2423 1334 τοῦ
2443 1275 2560 1332 υίοῦ
2597 1277 2768 1341 Ὀζίου
2795 1273 3060 1345 βασιλέως
3094 1270 3285 1335 Ἰούδα,
3320 1268 3486 1341 ἀνέϐη
3525 1268 3780 1323 Ῥαασσὶν
3811 1266 3942 1338 βα-

2331 1372 2512 1435 σιλεὺς
2562 1368 2760 1440 Ἀράμ,
2791 1368 2887 1422 καὶ
2933 1363 3110 1418 Φακέε
3153 1363 3267 1427 υίδς
3325 1360 3619 1432 Ῥωμελίου
3652 1359 3939 1430 βασιλεὺς

2342 1462 2555 1534 Ἰσραὴλ
2584 1460 2677 1514 ἐπὶ
2713 1456 3088 1531 Ἰερουσαλὴμ,
3117 1451 3421 1524 πολεμῆσαι
3451 1452 3622 1522 αὑτήν
3641 1467 3655 1481 ο
3685 1450 3778 1504 καὶ
3804 1450 3938 1504 οὐκ

2324 1553 2667 1626 ἠδυνήθησαν
2709 1548 3066 1621 πολιορκῆσαι
3104 1547 3297 1616 αὐτήν.
3345 1544 3456 1598 Καὶ
3505 1543 3782 1614 ἀνηγγέλη
3825 1542 3932 1606 εἰς

2326 1646 2419 1700 τὸν
2445 1641 2593 1699 οἶκον
2620 1642 2802 1706 Δαυῒδ,
2837 1641 3114 1710 λέγοντες·
3147 1637 3534 1709 Συνεφὼνησεν
3560 1635 3616 1688 ’Δ
3627 1635 3736 1704 ρὰμ
3769 1633 3934 1705 πρὸς

2327 1736 2419 1791 τὸν
2461 1736 2730 1806 Ἐφρατμ·
2766 1733 2862 1787 καὶ
2883 1730 3133 1801 ἑξέστηή
3171 1729 3315 1800 ψυχὴ
3348 1725 3535 1788 αὑτοῦ,
3571 1727 3663 1779 καὶ
3696 1728 3728 1795 η
3757 1723 3927 1795 ψυχὴ

2326 1826 2420 1880 τοῦ
2452 1824 2582 1880 λαοῦ
2613 1821 2798 1885 αὑτοῦ,
2825 1822 2884 1875 ὃν
2907 1822 3107 1892 τρόπον
3132 1822 3189 1872 ὲν
3210 1818 3400 1890 δρυμῷ
3429 1815 3582 1882 ξύλον
3608 1815 3713 1868 ὑπὸ
3741 1814 3928 1868 πνεύ-

2330 1936 2496 1990 ματος
2547 1915 2798 1986 σαλευθῇ.
2849 1914 2959 1966 Καὶ
3005 1907 3127 1965 εἶπε
3181 1909 3388 1982 Κύριος
3437 1908 3575 1980 πρὸς
3643 1907 3875 1960 Ἡσαΐαν
3901 1922 3922 1936 ·

2330 2008 2550 2074 Ἔξελθε
2584 2009 2663 2070 είς
2686 2004 3008 2076 συνάντησιν
3043 2002 3228 2073 Ἀχάζ,
3255 2002 3320 2055 σὺ
3347 2001 3440 2054 καὶ
3469 2001 3498 2052 ὁ
3527 1996 3928 2067 καταλειφθεὶς

2339 2099 2550 2155 Ἰασοὺϐ
2582 2100 2611 2151 ὁ
2651 2097 2764 2160 uid;
2794 2112 2909 2151 σου.
2949 2114 2968 2146 ι
3009 2093 3154 2147 Ἔδει
3187 2093 3243 2146 δὲ
3274 2092 3369 2144 καὶ
3415 2089 3505 2143 τὸν
3546 2089 3662 2141 υίὸν
3691 2086 3923 2157 προφή-

2325 2208 2443 2256 του,
2492 2191 2566 2263 μὴ
2605 2187 3068 2258 συνδιαφθαρέντα
3111 2183 3189 2255 τῷ
3226 2182 3440 2252 πλήθει,
3475 2178 3923 2250 ὲναπομείναντει

2324 2282 2384 2337 δὲ
2411 2286 2478 2354 τῇ
2523 2282 2756 2354 πατρικῇ
2787 2275 3128 2345 διδασκαλίᾳ,
3177 2272 3574 2346 μαθητεύεσθαι
3607 2270 3668 2334 ἐξ
3694 2269 3919 2322 ἐκείνου

2324 2375 2402 2446 τῷ
2445 2375 2631 2444 πατρὶ,
2674 2372 2762 2426 διὰ
2785 2371 2880 2424 τοῦ
2925 2372 3172 2441 παρεῖναι
3204 2367 3354 2437 αὐτῷ
3395 2363 3703 2434 θαρσαλέως
3735 2377 3921 2433 προσ-

2329 2468 2458 2521 ιὸντι
2482 2468 2577 2521 καὶ
2609 2467 2897 2537 πράττοντι
2924 2461 2992 2515 τά
3020 2460 3372 2532 κελευόμεναι

2401 2578 2419 2609 ‹
2461 2559 2568 2612 Καὶ
2599 2559 2743 2627 ἐρεῖς
2769 2554 2945 2626 αὐτῷ’
2978 2554 3215 2620 Φύλαξαι
3253 2552 3343 2605 τοῦ
3378 2552 3667 2623 ήσυχάσαι,
3705 2546 3798 2602 καὶ
3827 2546 3917 2620 μὴ

2326 2649 2514 2719 φοδοῦ,
2554 2649 2688 2720 μηδὲ
2726 2647 3020 2701 ἀσθενείτω
3050 2648 3083 2716 ὴ
3111 2645 3256 2715 ψυχή
3292 2660 3385 2696 σου
3415 2642 3523 2696 ἀπὸ
3554 2641 3663 2695 τῶν
3693 2640 3786 2694 δύο
3814 2638 3924 2704 ξύ-

2324 2743 2431 2797 λων
2457 2743 2564 2795 τῶν
2587 2739 2760 2794 δαλῶν
2781 2738 2888 2792 τῶν
2914 2736 3324 2808 καπνιζομένων
3343 2734 3568 2798 τούτων,
3604 2753 3624 2785 ›
3651 2731 3918 2802 οὐδαμῶς

2326 2833 2426 2904 μὲν
2456 2831 2573 2901 φῶς
2607 2830 2872 2902 ἑχόντων,
2905 2827 3047 2899 δαλῷ
3078 2827 3136 2882 δὲ
3189 2827 3349 2897 μόνον
3381 2824 3695 2896 ὲσδεσμένῳ
3727 2821 3915 2876 ἐοικό-

2323 2943 2450 2980 των.
2483 2922 2727 2978 Τοιοῦτοι
2753 2923 2862 2994 γάρ
2903 2922 3046 2986 τινές
3075 2923 3213 2974 εἰσιν
3240 2921 3288 2973 οἱ
3318 2919 3411 2973 δύο
3454 2918 3710 2989 βασιλεῖς,
3736 2909 3810 2969 ὧν
3845 2913 3915 2967 δν

2325 3017 2476 3089 φόϐῳ
2505 3019 2600 3072 καὶ
2630 3015 2799 3084 ἀγῶνι
2827 3014 3188 3084 καθέστηκας.
3220 3011 3282 3065 Εί
3311 3009 3420 3082 γὰρ
3447 3010 3543 3064 καὶ
3568 3009 3638 3063 τὰ
3670 3006 3913 3078 μάλιστα

663 3109 1078 3180 castigationem
1134 3107 1476 3169 immittens,
1554 3119 1716 3173 quam
1771 3105 1903 3157 iram
1956 3100 2226 3170 appellare

2327 3109 2360 3177 ή
2393 3106 2709 3177 παιδευτική
2735 3121 2836 3176 μου
2864 3103 3111 3174 δύναμις,
3141 3103 3208 3174 ἢν
3237 3101 3406 3172 ὀργὴν
3429 3099 3722 3154 ἀποκαλεῖν
3747 3096 3914 3151 εἴωθα

663 3201 840 3256 solent
877 3201 1054 3254 divina
1083 3197 1325 3261 oracula,
1381 3212 1473 3250 vos
1502 3195 1730 3250 antehac
1773 3193 1969 3262 saepius
2010 3193 2224 3246 invase—

662 3295 755 3356 rit,
811 3292 876 3347 ad
933 3289 1355 3346 confutationem
1405 3302 1616 3351 eorum,
1659 3285 1749 3356 qui
1792 3298 1957 3353 penes
2011 3298 2106 3336 vos
2151 3282 2225 3336 dii

659 3383 1040 3438 vocabantur:
1073 3381 1267 3449 quibus
1298 3393 1396 3434 vos
1439 3379 1657 3448 quidem
1706 3375 1974 3437 ﬁdebatis,
2017 3382 2076 3429 at
2105 3373 2224 3428 illos

660 3474 796 3530 nihil
824 3488 943 3529 esse
963 3473 1370 3541 comprobatum
1398 3478 1503 3534 est,
1545 3484 1670 3524 cum
1693 3481 1789 3522 vos
1821 3466 2024 3520 inimici
2058 3464 2224 3519 vestri

660 3565 907 3620 subditos
946 3578 1010 3618 ac
1039 3562 1316 3617 dedititios
1347 3569 1640 3630 caperent;
1690 3567 1923 3613 attamen
1972 3555 2223 3624 quoniam

661 3656 744 3711 ira
777 3671 892 3710 mea
943 3655 1125 3726 iniqua
1165 3669 1270 3709 non
1306 3663 1426 3717 est,
1469 3661 1656 3718 utpote
1700 3651 1874 3704 bonus
1920 3648 2080 3715 Deus,
2133 3645 2226 3715 qui

662 3762 760 3802 vos
792 3756 947 3801 antea
995 3745 1063 3799 ad
1111 3732 1401 3798 utilitatem
1450 3753 1693 3797 vestram
1749 3739 2027 3810 corripui;
2085 3752 2230 3793 nunc

661 3841 857 3895 iterum
892 3837 1258 3892 inﬁrmitatem
1318 3845 1556 3896 vestram
1613 3842 1779 3886 totam
1830 3831 2054 3893 curabo,
2104 3831 2227 3894 si,a

660 3931 891 4002 pristino
915 3942 1101 3984 errore
1131 3938 1313 3982 vestro
1340 3925 1720 3994 resipiscentes
1741 3961 1756 3988 ,
1801 3923 1887 3993 pie
1915 3936 2074 3990 agere
2103 3934 2230 3975 vere

661 4021 942 4079 ediscatis.

738 4113 901 4168 Vsus.
939 4110 994 4175 8,
1021 4142 1072 4166 υ.
1096 4129 1117 4162 ι
1138 4109 1244 4164 Sed
1274 4109 1451 4163 adhuc
1475 4107 1756 4177 sexaginta
1779 4105 2017 4176 quinque
2048 4103 2228 4168 annis,

663 4204 878 4260 deﬁciet
919 4216 1147 4272 regnum
1197 4201 1451 4269 Ephraim
1485 4215 1513 4253 a
1547 4189 1762 4268 populo.
1793 4217 1811 4250 ι
1875 4197 1989 4252 Hoc
2024 4197 2154 4252 item
2199 4211 2230 4250 a

661 4297 921 4367 propheta
947 4295 1129 4348 Achaz
1162 4293 1377 4357 ediscit,
1431 4305 1535 4344 non
1586 4291 1673 4343 diu
1731 4298 1920 4359 postea
1970 4288 2231 4344 Samaria:

663 4399 885 4455 regnum
914 4383 1226 4438 solvendum
1272 4395 1392 4437 esse
1412 4423 1427 4446 ,
1459 4379 1674 4434 subdito
1700 4377 1896 4446 populo
1937 4393 2044 4432 una
2101 4391 2226 4431 cum

2326 3197 2398 3250 τὰ
2441 3196 2615 3265 λόγια,
2664 3195 2927 3267 μετῆλθεν
2979 3194 3122 3263 ὑμᾶς
3152 3193 3214 3245 τὸ
3249 3192 3530 3263 πρότερον,
3564 3189 3644 3252 είς
3683 3186 3917 3258 ἔλεγχον

2323 3288 2430 3342 τῶν
2456 3285 2868 3358 ὀνομαζομένων
2893 3283 3046 3355 ὑμῶν
3076 3283 3234 3347 θεων,
3258 3277 3339 3345 οἷς
3370 3279 3649 3350 έθαρσεῖτε
3679 3279 3778 3349 μὲν
3805 3276 3916 3332 αὖ·

2323 3381 2427 3441 τοὶ,
2454 3379 2502 3432 οἳ
2529 3378 2586 3432 δὲ
2615 3377 2677 3430 τὸ
2706 3377 2871 3448 μηδὲν
2899 3376 3052 3438 ὄντες
3081 3373 3484 3444 άπηλέγχοντο,
3516 3369 3753 3441 ὁπηνίκα
3778 3364 3915 3423 ὓπο-

2323 3470 2558 3541 χειρίους
2583 3469 2726 3538 ὑμᾶς
2756 3462 2895 3521 εἷλον
2923 3466 2973 3519 oi
3004 3464 3270 3535 πολέμιοιο
3303 3464 3471 3533 ὅμως,
3501 3459 3624 3514 ἐπεὶ
3657 3460 3729 3530 μή
3756 3460 3913 3511 ἔστιν

2324 3564 2360 3632 ἠ
2390 3562 2498 3632 ὲμὴ
2526 3560 2662 3632 ὀργὴ
2689 3559 3023 3630 παράνομος,
3047 3557 3122 3619 ὠς
3151 3554 3353 3624 ἀγαθὸς
3374 3553 3505 3616 Θεὸς
3531 3550 3691 3616 αὐτὸς
3722 3550 3814 3603 καὶ
3839 3549 3913 3603 τὸ

2327 3648 2541 3720 πρῶτον
2593 3651 2737 3719 ὑμᾶς
2781 3647 2872 3699 ἔπί
2905 3644 2982 3717 τῷ
3025 3645 3358 3717 συμφέροντι
3399 3642 3632 3706 παίσας·
3670 3640 3766 3694 καὶ
3803 3638 3911 3694 νῦν

2325 3737 2482 3804 αὖθις
2531 3743 2638 3794 πᾶν
2671 3739 2732 3792 τὸ
2758 3740 2971 3809 νόσημα
2997 3735 3150 3808 ὑμῶν
3195 3737 3434 3806 ἰάσομαι,
3479 3734 3575 3789 ἐὰν
3595 3772 3610 3797 ,
3641 3735 3909 3802 ἐπιστρα-

2329 3833 2519 3901 φέντες
2550 3832 2649 3902 τῆς
2682 3830 2953 3903 προτέρας
2981 3827 3210 3900 πλάνης,
3245 3826 3467 3898 μάθοιτε
3495 3825 3736 3880 εὐσεϐεῖν
3766 3822 3908 3894 ἀλη-

2329 3922 2456 3987 θῶς.

2404 4125 2424 4158 ι
2476 4104 2612 4159 Ἀλλ’
2646 4104 2726 4158 ἔτι
2773 4104 3037 4175 ἑξήκοντα
3066 4102 3237 4155 πέντε
3277 4100 3413 4154 ἑτῶν
3457 4099 3696 4169 ἐκλείψει
3730 4100 3763 4170 ὴ
3802 4097 3910 4169 βαι

2328 4198 2500 4251 σιλεία
2543 4194 2783 4268 Ἐφρατμ
2822 4195 2931 4249 ἀπὸ
2980 4193 3131 4248 λαοῦ.
3191 4212 3210 4244 ι
3260 4191 3537 4248 Μανθάνει
3584 4190 3761 4244 τοίνυν
3805 4191 3910 4244 καὶ

2328 4291 2484 4346 τοῦτο
2512 4289 2662 4362 παρὰ
2693 4288 2786 4342 τοῦ
2818 4289 3095 4359 προφήτου
3125 4288 3154 4340 ὁ
3196 4284 3361 4356 ’Δχάζ
3377 4303 3392 4315 ⁸
3428 4285 3502 4348 ὡς
3534 4284 3656 4337 ὅσον
3685 4281 3835 4336 οὖπω
3867 4283 3907 4355 ἡ

2329 4382 2427 4453 τῆς
2453 4379 2764 4451 Σαμαρείας
2793 4379 3037 4449 βασιλεία
3072 4376 3528 4444 καταλυθήσεται,
3556 4374 3650 4428 τοῦ
3679 4376 3735 4427 ὲν
3758 4373 3902 4446 αὐτῇ

664 4476 878 4545 regibus
904 4476 956 4529 in
986 4473 1356 4544 captivitatem
1402 4471 1654 4536 abducto,
1699 4478 1862 4539 atque
1897 4469 1968 4524 ob
2015 4468 2223 4523 nefaria

2333 4473 2745 4546 βασιλευομένου
2789 4469 2920 4525 λαοῦ
2966 4469 3148 4533 αὐτοῖς
3204 4466 3511 4522 ϐασιλεῦσιν
3554 4463 3900 4536 αἰχμαλώτου

663 4577 817 4637 gesta
850 4567 903 4619 in
942 4565 1191 4634 Assyrios
1229 4563 1514 4618 translato.
1566 4562 1725 4628 Quod
1776 4561 1842 4628 si,
1887 4561 1984 4626 ait,
2019 4571 2230 4630 tempus

666 4671 825 4712 nosse
855 4665 1127 4724 peroptes,
1152 4657 1289 4709 scito
1331 4656 1490 4710 annis
1523 4655 1718 4710 abhinc
1757 4652 2037 4721 sexaginta
2066 4652 2226 4720 quin-

661 4759 770 4820 (με
812 4758 1093 4801 venturum
1125 4745 1473 4815 Assyriorum
1504 4761 1684 4816 regem
1712 4783 1729 4814 ,
1766 4745 2018 4814 ipsosque
2045 4756 2228 4797 omnes

663 4842 905 4911 captivos
931 4840 1308 4903 abducturum,
1342 4837 1395 4891 in
1426 4851 1686 4906 suamque
1739 4835 2013 4905 regionem
2056 4842 2232 4889 trans-

663 4942 1004 5004 portaturum
1030 4945 1168 4986 esse.
1207 4927 1333 4984 Haec
1350 4929 1508 4998 jussit
1538 4929 1677 4982 Deus
1701 4929 2021 4996 prophetam
2049 4942 2224 4981 enun-

667 5025 825 5086 tiare,
863 5032 972 5077 tum
1013 5022 1111 5090 ipsi
1150 5021 1368 5085 Achaz,
1414 5029 1524 5073 tum
1577 5019 1792 5073 subdito
1839 5019 2036 5087 populo
2068 5035 2083 5071 :
2118 5032 2224 5086 quo

670 5114 773 5169 illis
801 5124 992 5168 auctor
1024 5120 1186 5176 esset,
1235 5121 1292 5165 \tt
1328 5109 1395 5164 ad
1418 5125 1476 5164 se
1503 5119 1969 5173 converterentur,
2016 5123 2080 5162 ac
2107 5122 2226 5161 cre-

666 5206 875 5268 derent,
936 5217 1110 5272 neque
1155 5201 1315 5255 ιίιοιίε
1350 5201 1507 5256 [idem
1560 5210 1834 5271 negarent.
1889 5197 2016 5253 illos
2064 5212 2226 5266 porro

665 5296 941 5363 sexaginta
969 5294 1207 5361 quinque
1247 5307 1437 5355 annos,
1475 5292 1625 5346 aiunt
1651 5290 1996 5344 Hebraeorum
2028 5289 2119 5343 lilii
2158 5289 2224 5341 ad

666 5402 830 5439 unum
882 5387 1124 5453 expletos
1181 5384 1532 5451 deprehendi,
1586 5381 1632 5436 si
1681 5383 1802 5452 quis
1841 5397 1871 5435 a
1918 5397 2022 5434 xxv
2081 5380 2227 5435 Ozize

671 5475 820 5543 regni
845 5490 986 5528 anno
1009 5485 1319 5543 computum
1347 5474 1610 5528 ordiatur.
1679 5518 1686 5522 .

746 5739 906 5799 Vens.
948 5742 1036 5813 10,
1071 5741 1159 5800 li.
1204 5762 1224 5797 ι
1252 5742 1319 5800 Et
1371 5741 1566 5814 adjecit
1618 5743 1874 5802 Dominus
1937 5744 2083 5815 loqui
2151 5745 2217 5801 ad

2328 4565 2708 4636 γενησομένου,
2751 4563 2846 4616 καὶ
2903 4564 2980 4624 είς
3019 4560 3337 4632 Ἀσσυρίους
3376 4556 3904 4628 άποικισθησομένου

2325 4657 2412 4710 διὰ
2437 4657 2534 4720 τὰς
2565 4652 3004 4726 ὑπερὸαλλούσας
3032 4653 3210 4705 αὐτῶν
3242 4652 3532 4721 ἀθεμίτους
3565 4650 3808 4722 πράξεις.
3835 4651 3906 4705 Ei

2323 4747 2380 4800 δὲ
2421 4747 2516 4800 καὶ
2537 4747 2626 4799 τὸν
2662 4745 2850 4817 χρόνον
2877 4740 3083 4805 ποθεῖς,
3119 4744 3274 4811 φησὶ,
3309 4741 3519 4810 μαθεῖν,
3548 4740 3799 4808 γίνωσκε,
3822 4735 3906 4804 ὡς

2325 4837 2452 4892 είσω
2479 4837 2741 4909 ἑξήκοντα
2772 4837 2865 4890 καὶ
2894 4836 3055 4888 πέντε
3084 4834 3219 4887 ἐτῶν
3237 4876 3251 4899 ,
3281 4833 3475 4896 ἐπιϐὰς
3507 4836 3536 4888 ὁ
3565 4832 3674 4886 τῶν
3718 4833 3906 4884 Ἀσσυ-

2328 4929 2456 5000 ρίων
2492 4927 2764 4998 βασιλεὺς,
2792 4927 3000 4987 πάντας
3037 4926 3232 4988 αὐτοὺς
3257 4924 3483 4996 λήψεται
3512 4925 3606 4976 καὶ
3631 4921 3914 4992 αίχμαλὼέ

2322 5035 2446 5082 τους
2472 5020 2552 5081 εἰς
2581 5018 2680 5089 τὴν
2706 5015 2899 5069 ἑαυτοῦ
2935 5016 3196 5085 μετοικιεῖ
3224 5013 3426 5086 χώραν.
3459 5011 3643 5065 Ταῦτα
3669 5010 3745 5080 τῷ
3773 5026 3906 5081 προ-

2325 5112 2470 5182 φήτῃ
2498 5109 2677 5177 λέγειν
2705 5110 2732 5160 ὁ
2758 5098 2895 5170 Θεὸς
2921 5107 3283 5178 προσέταττεν
3311 5103 3457 5176 αὑτῷ
3499 5121 3559 5157 τε
3597 5103 3674 5174 τῷ
3710 5102 3900 5172 Ἀχᾰζ,

2324 5203 2416 5254 καὶ
2442 5201 2518 5270 τῷ
2547 5201 2636 5252 ὑπ’
2685 5200 2846 5253 αὑτὸν
2875 5199 2988 5269 λαῷ
3008 5216 3020 5229 ’
3058 5197 3361 5270 παρορμῶν
3409 5198 3606 5260 αὐτοὺς
3645 5195 3780 5267 πρὸς
3811 5196 3907 5249 αύ-

2333 5290 2421 5343 -ὸν
2455 5291 2819 5361 ἐπιστρέφειν,
2864 5287 3134 5341 πιστεύειν
3162 5305 3220 5341 τε
3253 5289 3346 5340 καὶ
3395 5288 3467 5357 μὴ
3508 5288 3754 5339 ἀπιστεῖν
3787 5287 3906 5348 τοῖς

2334 5381 2671 5452 είρημένοις’
2715 5381 2784 5433 τά
2825 5397 2888 5448 γε
2942 5379 3046 5450 μὴν
3091 5379 3349 5448 ἑξήκοντα
3398 5377 3559 5431 πέντε
3596 5377 3688 5447 ἔτη
3739 5375 3904 5441 φασὶν

2343 5472 2605 5543 Ἑϐραίων
2668 5471 2851 5534 παῖδες
2900 5472 2979 5534 είς
3037 5471 3097 5523 τὸ
3144 5469 3370 5540 ἀκριϐὲς
3428 5464 3899 5540 συμπληροῦσθαι,

2329 5564 2476 5626 εἴτις
2499 5562 2747 5636 ἀριθμεῖν
2773 5562 2998 5633 ἄρξηται
3011 5563 3134 5622 τοὺς
3158 5561 3379 5632 χρόνους
3403 5561 3510 5613 άπὸ
3532 5559 3625 5613 τοῦ
3649 5558 3901 5628 πέμπτου

2329 5655 2423 5708 καὶ
2447 5653 2691 5708 εἰκοστοῦ
2721 5653 2871 5716 ἔτους
2897 5652 2996 5723 τῆς
3045 5652 3223 5716 ὐζίου
3255 5651 3550 5720 βασιλείας.

2404 5767 2421 5798 ι
2469 5747 2578 5800 Καὶ
2628 5744 2924 5812 προσέθετο
2967 5745 3167 5811 Κύριος
3214 5741 3442 5811 λαλῆσαι
3494 5742 3630 5809 πρὸς
3695 5735 3896 5809 ’Δχάξο
