4100 6286
187 310 292 366 ['53

1166 309 1676 368 ΕΟΜΜΕΝΤΛΚΙΑ
1715 308 1785 365 IN
1826 307 2086 364 iSAlAM.
2130 339 2193 350 --
2235 305 2391 363 CAP.
2435 305 2554 363 VII.

3413 307 3515 363 £54

183 428 428 496 Δίτησαι
469 429 688 501 σεαυτῷ
717 432 946 501 σημεῖον
983 428 1134 502 παρά
1167 431 1375 503 Κυρίου
1405 429 1501 486 τοῦ
1533 429 1671 485 Θεοῦ
1709 446 1794 484 σοι

1913 428 2099 484 Achaz
2138 429 2349 495 dicens,
2386 426 2518 484 Pete
2547 425 2644 484 tibi
2671 425 2887 496 signum
2924 441 2954 480 a
2989 424 3222 482 Domino
3250 426 3362 482 Deo
3399 436 3515 490 luo,

195 518 269 582 εὶς
307 515 506 587 βάθος,
547 519 584 590 ἢ
625 521 707 583 εις
745 518 899 589 ὕψος.
942 539 962 571 ι
1018 520 1165 575 ’Δντὶ
1191 522 1249 576 δὲ
1277 520 1395 588 τοῦ,
1432 540 1450 574 t
1489 523 1570 587 εἰς
1619 521 1802 592 βάθος,

199 612 223 679 ἦ
279 611 367 675 εις
406 609 572 682 ὕψος,
611 629 632 663 ι
663 611 693 664 ὸ
728 611 825 682 μὲν
859 610 1182 683 Σύμμαχος,
1214 630 1235 664 ι
1276 611 1511 684 Δῐτησαι
1568 613 1802 682 σεαυτῷ,

199 703 346 773 φησὶ,
393 704 628 774 σημεῖον
664 701 817 773 παρά
844 703 1056 773 Κυρίου
1088 699 1227 756 Θεοῦ
1284 718 1409 756 σου·
1462 701 1692 774 βόθυνον
1721 705 1803 767 εἰς

195 796 346 867 ᾅδην.
378 797 419 866 ἢ
442 797 528 860 εἰς
557 795 693 866 ὕψος
716 795 862 849 ἂνω·
909 813 929 848 ι
968 797 998 848 ὁ
1034 795 1091 849 δὲ
1131 795 1386 861 Ἀκύλας,
1417 815 1438 848 ι
1487 783 1803 869 Ἔπιρώτη-

198 905 280 942 σον
308 887 542 958 σεαυτῷ
575 889 802 961 σημεῖον
827 886 983 961 παρά
1017 887 1226 960 Κυρίου
1253 887 1349 942 τοῦ
1388 887 1524 942 Θεοῦ
1556 905 1670 942 σου·
1710 887 1805 957 βά-

195 979 350 1032 θυνε-ν
379 980 468 1042 εις
504 977 666 1050 ᾅδην,
711 975 1046 1051 μετεώρισον
1079 978 1162 1040 εἰς
1189 976 1356 1048 ὕψοςο
1403 996 1424 1029 ι
1473 980 1502 1032 ό
1532 978 1590 1032 δὲ
1615 977 1805 1032 Θεοδο-

191 1072 350 1135 είων,
397 1089 423 1122 ε
458 1070 697 1142 Δῐτησαι
723 1069 933 1142 σεαυτῷ
959 1071 1112 1142 παρά
1137 1071 1344 1143 Κυρίου
1373 1070 1469 1124 τοῦ
1496 1070 1634 1125 Θεοῦ
1665 1087 1760 1125 σου
1784 1088 1798 1102 ·

187 1161 430 1232 Mm»:
453 1165 541 1227 εις
569 1163 724 1236 ᾅδην,
757 1163 972 1234 ῠψωσον
1010 1163 1144 1218 ἀνω.
1183 1182 1204 1217 ι
1239 1163 1534 1217 Κελεύεται
1567 1163 1750 1219 τοίνυν
1774 1167 1803 1219 ὁ

200 1256 376 1326 lxii
413 1258 647 1327 σημεῖον
681 1258 935 1328 αίτῆσαι,
979 1255 1050 1309 δι’
1078 1248 1142 1310 06
1180 1254 1525 1327 σωθήσεσθαι
1579 1256 1802 1328 ἔμελλεν

185 1347 356 1410 αὐτὸς
383 1363 446 1401 τε
487 1347 587 1402 καὶ
611 1351 640 1402 6
683 1350 780 1404 σὺν
803 1347 955 1420 αὑτῷ
991 1347 1137 1412 λαός.
1179 1347 1462 1413 Ἔξουσίαν
1498 1347 1557 1402 δὲ
1585 1349 1802 1403 δίδωσιν

186 1438 344 1509 αὐτῷ
387 1442 420 1494 ὁ
452 1440 594 1503 Θεὸς
634 1440 902 1512 αἱρέσεως
930 1438 1028 1494 τοῦ
1064 1439 1316 1512 σημείου,
1347 1439 1459 1494 εἴτε
1503 1441 1570 1494 ὲκ
1603 1441 1802 1511 βάθους

188 1535 498 1602 αἰτήσειεν,
533 1532 687 1600 αὐτῷ
712 1532 933 1603 δοθῆναι
970 1531 1152 1596 τοῦτο,
1195 1534 1264 1587 ὲκ
1308 1532 1506 1603 βάθους
1545 1534 1644 1605 οὐχ
1684 1537 1801 1589 ἑτέ-

193 1643 284 1696 ρου
329 1626 369 1698 ἠ
401 1625 502 1680 τοῦ
531 1626 676 1681 κατά
707 1627 796 1683 τὸν
831 1626 998 1700 ᾅδην·
1025 1627 1136 1680 εἴτε
1168 1625 1229 1692 ἐξ
1266 1625 1458 1697 ὕψους,
1487 1628 1584 1681 καὶ
1615 1627 1800 1683 αὐτῶν

191 1719 297 1774 τῶν
329 1722 450 1775 ἂνω
485 1719 804 1792 μετεώρων.

1911 521 1966 575 in
1996 520 2350 592 profundum,
2386 530 2482 576 aut
2517 521 2572 575 in
2595 519 2829 576 altum.»
2864 518 2973 575 Pro
2999 518 3116 589 illo,
3151 538 3171 574 ι
3198 521 3255 575 in
3285 519 3517 592 profun-

1908 614 2061 679 dum,
2111 624 2209 670 aut
2275 615 2330 668 in
2379 612 2592 673 altum.
2627 631 2647 665 ι
2703 611 3073 683 Symmachus
3126 612 3350 684 quidem
3415 613 3516 676 ait,

1915 724 1934 757 ι
1963 705 2095 762 Pete
2123 705 2220 762 tibi
2247 705 2465 775 signum
2493 719 2524 758 a
2559 703 2796 762 Domino
2843 701 2956 759 Deo
2997 704 3118 772 tuo,
3171 695 3434 774 deprime
3456 704 3514 760 in

1907 795 2208 860 infernum.
2234 806 2332 852 aut
2373 797 2430 853 in
2469 795 2752 853 excelsum
2797 810 3001 865 supra;
3033 814 3054 848 ι
3111 795 3312 866 Aquila
3356 811 3514 860 vero,

1911 907 1932 941 ι
1955 887 2106 962 Roga
2149 891 2247 946 tibi
2273 891 2491 962 signum
2525 904 2555 945 a
2589 888 2822 944 Domino
2851 889 2966 945 Deo
3011 897 3127 953 tuo,
3175 887 3429 960 deprime
3459 889 3513 942 in

1907 981 2207 1047 infernum,
2236 981 2386 1039 eleva
2425 982 2479 1038 in
2519 980 2727 1047 altum;
2753 999 2774 1034 ι
2823 979 3154 1047 Theodotio,
3187 999 3207 1034 ‹
3237 981 3374 1037 Pete
3415 979 3512 1037 libi

1906 1075 2124 1146 signum
2161 1089 2190 1130 a
2243 1074 2476 1130 Domino
2505 1074 2617 1129 Deo
2676 1083 2790 1139 tuo,
2824 1071 3072 1144 deprime
3103 1074 3157 1129 in
3211 1073 3508 1140 infernum,

1905 1167 2060 1223 eleva
2092 1167 2146 1222 in
2174 1166 2396 1221 altum.»
2425 1163 2656 1222 Jubetur
2678 1181 2812 1237 ergo
2839 1165 3025 1221 Acha:
3050 1165 3269 1237 signum
3295 1175 3509 1236 petere,

1905 1275 2013 1331 quo
2047 1269 2163 1315 tum
2211 1259 2347 1329 ipse.
2400 1268 2512 1314 turn
2547 1259 2774 1330 populus
2815 1258 2934 1328 ejus
2965 1259 3197 1316 salutem
3238 1273 3509 1316 consecu-

1906 1364 2061 1408 turus
2107 1361 2248 1407 erat.
2310 1349 2655 1406 Facultatem
2695 1361 2880 1407 autem
2938 1351 3041 1424 ipsi
3094 1351 3305 1423 praebet
3361 1351 3509 1410 Deus

1904 1444 2136 1515 eligendi
2167 1442 2334 1512 signi,
2383 1457 2450 1496 ac
2480 1443 2526 1498 si
2573 1458 2640 1498 ex
2682 1440 2963 1514 profundo
3007 1451 3197 1514 petat;
3253 1459 3324 1499 ex
3371 1458 3502 1514 pro-

1907 1533 2097 1598 fundo,
2140 1548 2248 1589 nou
2275 1535 2384 1589 alio
2411 1534 2626 1589 scilicet
2667 1548 2831 1604 quam
2875 1533 3124 1600 inferno,
3169 1549 3230 1591 se
3269 1551 3508 1592 conces-

1905 1643 2129 1695 surum;
2167 1630 2214 1682 sl
2239 1641 2371 1682 vero
2396 1642 2465 1682 ex
2502 1627 2635 1694 alto,
2669 1633 2766 1682 aut
2798 1641 2867 1683 ex
2894 1627 3313 1687 sublimioribus
3340 1629 3504 1700 locis,

1905 1734 1964 1776 se
1991 1721 2244 1774 daturum
2273 1719 2564 1789 pollicetur

264 1831 285 1863 ι
326 1813 441 1865 Καὶ
470 1807 632 1866 εἶπεν
666 1809 854 1882 Ἄχαζ,
877 1810 956 1864 υῦ
996 1811 1071 1883 μὴ
1094 1812 1324 1883 αἰτήσω,
1360 1812 1471 1866 οὐδ’
1493 1812 1556 1866 οὐ
1590 1811 1664 1884 μή
1689 1829 1794 1866 πει-

1985 1807 2146 1863 Vens.
2191 1808 2281 1864 l2.
2329 1828 2348 1861 ι
2375 1807 2444 1864 Et
2472 1809 2614 1864 dixit
2643 1807 2853 1876 Acnaz,
2885 1807 3004 1867 Non
3031 1819 3217 1880 petam
3238 1856 3253 1880 ,
3300 1821 3359 1868 et
3393 1827 3504 1868 non

196 1905 347 1976 ράσω
387 1904 618 1977 Κύριον.
666 1924 685 1956 ι
730 1904 1039 1958 Ἀναίνεται
1079 1903 1145 1976 δὴ
1186 1899 1302 1970 οὖν,
1348 1903 1446 1959 ἀτε
1479 1905 1548 1977 δὴ
1593 1904 1800 1976 ἀσεϐὴς

194 1998 287 2060 ὢν,
313 1997 412 2050 καὶ
441 1995 524 2069 μὴ
543 1995 859 2069 πειθαρχῶν
885 1995 966 2067 τῷ
979 1995 1099 2068 Θεῷ
1122 1997 1420 2062 κελεύοντι,
1450 1996 1527 2069 μὴ
1549 1997 1607 2051 δὲ
1628 1997 1802 2052 θέλων

195 2090 511 2161 ἀπόπειραν
538 2088 724 2144 λαϐεῖν
760 2091 862 2160 τῆς
887 2087 983 2143 τοῦ
1015 2087 1149 2144 Θεοῦ
1183 2087 1619 2162 παραδοξοποιοῦ
1648 2089 1802 2144 δυνάι

199 2198 434 2325 μῖξίς).
468 2269 628 2324 εἶπεν
649 2288 661 2300 ·
708 2269 1008 2324 Ἀκούσατε
1036 2271 1124 2341 δὴ,
1151 2263 1304 2336 οἶκος
1339 2269 1503 2325 Δαυτδ
1518 2287 1532 2301 ·
1579 2271 1672 2342 Μὴ
1710 2287 1800 2341 μι-

199 2363 326 2435 κρὸν
358 2365 494 2433 ὑμῖν
541 2363 731 2431 ἀγῶνα
774 2363 1038 2436 παρέχειν
1076 2362 1409 2436 ἀνθρώποις,
1449 2360 1571 2427 πῶς
1606 2363 1798 2436 Κυρίῳ

200 2457 469 2527 παρέχετε
501 2454 726 2524 ἀγῶνα;
764 2475 784 2508 ι
823 2456 950 2509 Ἐπὶ
975 2458 1040 2528 τῇ
1064 2455 1159 2510 τοῦ
1187 2455 1382 2527 ἀνδρὸς
1405 2455 1638 2527 ἀπονοία
1668 2471 1796 2526 σχε-

199 2547 421 2609 τλιάσας
460 2548 494 2600 ὁ
535 2547 856 2618 προφήτης,
891 2545 951 2612 ἐξ
987 2547 1189 2602 οἰκείου
1231 2545 1528 2618 προσώπου
1552 2545 1620 2599 τὰ
1666 2545 1798 2615 ἑξῆς

199 2639 458 2706 ἐπιλέγει.
491 2637 684 2692 Ταῦτα
708 2639 766 2693 δὲ
799 2639 829 2691 ὁ
871 2638 970 2710 μὲν
1013 2638 1246 2703 Ἀκύλας
1269 2637 1462 2692 τοῦτον
1483 2639 1798 2711 ἡρμήνευσε

197 2730 282 2785 τὸν
308 2732 518 2804 τρόπον
537 2749 551 2761 ·
609 2751 629 2784 ‹
678 2732 976 2786 Ἀκούσατε
1007 2732 1094 2804 δὴ,
1122 2728 1271 2796 οἵκος
1299 2732 1492 2786 Δαυῒδ·
1524 2733 1674 2804 Μήτι
1698 2731 1800 2784 ὀλί-

199 2842 288 2893 γον
330 2825 576 2897 μοχθυῦν
617 2824 848 2898 ἄνδρας,
891 2825 974 2878 δτι
1026 2825 1276 2896 μοχθεῖτε
1309 2824 1404 2878 καί
1437 2813 1502 2894 γε
1539 2824 1632 2877 τὸν
1664 2823 1798 2877 Θεόν

201 2934 330 2986 μους
389 2937 410 2969 a
455 2918 517 2970 Ὀ
565 2917 626 2971 δὲ
679 2916 1008 2970 Θεοδοτίων·
1071 2936 1090 2969 t
1151 2916 1446 2970 Ἀκούσατε
1494 2916 1591 2988 δὴ,
1648 2911 1798 2980 οἶκος

197 3009 356 3063 Ast-415
374 3028 389 3042 ι
440 3009 535 3082 Μὴ
587 3009 784 3081 μικρὸν
835 3008 1024 3077 ἀγῶνα
1081 3010 1346 3080 παρέχειν
1379 3007 1661 3080 ἀνδράσιν,
1714 3008 1797 3062 ὃτι

187 3103 380 3170 ἀγῶνα
429 3101 709 3174 παρέχετε
752 3102 849 3155 καί
884 3118 948 3170 γε
979 3100 1058 3172 τῷ
1089 3100 1210 3173 Θεῷ
1247 3118 1384 3172 μους
1419 3119 1439 3152 ι
1473 3101 1532 3154 Ὁ
1553 3100 1609 3156 δὲ
1646 3100 1796 3171 Σύμ-

203 3213 402 3268 mor
459 3214 480 3247 ι
552 3193 847 3249 ’Δκούσατε
882 3193 968 3267 δὴ,
999 3189 1147 3258 οἶκος
1185 3186 1382 3248 Δαυῐδ·
1414 3194 1508 3268 Μὴ
1559 3195 1660 3248 οὺκ
1701 3192 1794 3248 αὖ.

196 3305 393 3361 ταρκες
425 3289 558 3358 ὑμῖν
593 3286 797 3341 κοποῦν
822 3285 1166 3359 ἀνθρώπους,
1192 3289 1275 3341 ὅτι
1310 3283 1654 3342 κοποῦτεέτι
1697 3289 1794 3344 καὶ

198 3379 469 3432 τὸνθεόν
503 3395 644 3450 μους
690 3397 710 3430 ι
751 3378 911 3431 Ἐστι
942 3377 999 3430 δὲ
1036 3380 1066 3432 ὸ
1093 3377 1220 3442 νοῦς
1252 3377 1364 3432 τῶν
1408 3379 1791 3451 προκειμένων

201 3473 460 3537 τοιοῦτος’
491 3472 569 3526 οὐ
595 3471 872 3526 παύσεσθέ
899 3489 1031 3526 ποτε
1053 3475 1166 3536 τοῖς
1187 3470 1283 3526 τοῦ
1305 3471 1442 3526 Θεοῦ
1462 3473 1792 3545 ἀνθρώποις,

201 3562 338 3632 λέγω
363 3564 434 3636 δὴ
482 3566 599 3628 τοῖς
641 3566 971 3636 προφήταις,
1016 3565 1218 3630 κόπους
1259 3567 1353 3619 καὶ
1403 3566 1656 3637 μόχθους,
1699 3569 1794 3621 καὶ

200 3656 414 3726 ἀγῶνας
484 3657 615 3718 τοὺς
667 3657 810 3729 ὑπὲρ
852 3657 955 3728 τῆς
1005 3657 1278 3730 ὑμετέρας
1325 3659 1601 3732 σωτηρίας
1653 3677 1794 3732 παρ-

198 3744 449 3816 έχοντες
486 3747 650 3800 Ἀλλά
692 3747 758 3817 δὴ
792 3748 889 3800 καὶ
921 3746 1072 3818 αὐτῷ
1113 3747 1192 3818 τῷ
1214 3745 1334 3819 ἒ.μῷ
1363 3747 1506 3818 Θεῷ,
1546 3749 1604 3802 ὃν
1635 3749 1794 3820 ὑμεῖς

199 3839 441 3907 ἀγνοεῖτε
495 3839 593 3893 καὶ
646 3840 931 3912 ἀρνεῖσθε,
989 3842 1058 3911 τῇ
1115 3839 1367 3909 πολυθέῳ
1428 3843 1793 3914 προσέχοντες

201 3929 392 4003 πλάνῃ,
409 3929 689 4002 σκυλμοὺς
707 3931 802 3984 καὶ
816 3930 1042 3996 κόπους,
1065 3933 1159 3986 καὶ
1184 3932 1405 4002 ἀγῶνας
1428 3932 1790 4004 παρέχοντες,

197 4021 271 4093 τῷ
306 4023 383 4094 μὴ
429 4021 714 4091 βούλεσθαι
748 4023 1026 4079 πιστεύειν
1072 4024 1238 4079 αὐτοῦ
1267 4027 1387 4090 ταῖς
1407 4025 1787 4094 ἐπαγγελίαις,

202 4115 327 4185 μηδὲ
360 4113 436 4168 τὰ
467 4114 873 4186 κεκελευσμένα
908 4117 1204 4191 «parcent;

268 4225 286 4256 ι
340 4206 447 4259 Διὰ
484 4205 643 4259 τοῦτο
677 4206 839 4260 δώσει
888 4207 1092 4280 Κύριος
1143 4209 1305 4275 αὐτὸς
1351 4211 1482 4282 ὑμῖν
1527 4214 1785 4283 σημεῖον·

208 4297 335 4351 Ἰδοὺ
365 4296 644 4369 παρθένος
674 4299 730 4350 ὲν
757 4299 958 4371 γαστρὶ
987 4299 1236 4371 λήψεται,
1277 4303 1374 4357 καὶ
1407 4301 1620 4369 τέξεται
1651 4305 1786 4370 υἱὸν,

196 4389 285 4440 καὶ
335 4386 597 4469 καλέσεις
636 4387 696 4440 τὸ
752 4388 924 4458 ὄνομα
973 4389 1137 4443 αὑτοῦ
1197 4391 1567 4464 Ἐμμανουήλ.
1629 4413 1648 4446 ι
1701 4395 1787 4459 Τί,

1907 1900 2133 1956 tentabo
2179 1899 2494 1955 Dominum.
2527 1920 2548 1954 ι
2602 1899 2844 1957 Recusat
2898 1901 3158 1959 videlicet
3201 1913 3262 1960 ut
3299 1904 3507 1975 impius

1902 2010 1967 2049 ac
2002 1994 2096 2049 Dei
2131 2003 2405 2062 praecepto
2432 2008 2542 2048 non
2563 1994 2899 2064 obsequens,
2933 2008 3034 2050 nec
3056 1994 3250 2052 volens
3271 2007 3502 2068 stupen-

1902 2086 1984 2141 da:
2007 2085 2224 2141 virtutis
2263 2085 2360 2141 Dei
2387 2086 2823 2156 experimentum
2856 2101 3079 2158 capere.

1974 2271 2154 2327 Vna;
2187 2270 2278 2327 l3.
2327 2289 2346 2324 ι
2375 2270 2445 2327 Et
2486 2272 2645 2339 dixit,
2669 2272 2871 2328 Audite
2897 2288 3064 2345 ergo,
3085 2274 3282 2330 domus
3304 2275 3498 2344 David,

1899 2359 2172 2433 Numquid
2197 2377 2391 2433 parum
2423 2364 2579 2420 vobis
2602 2375 2686 2421 est
2711 2365 3022 2422 molestiam
3049 2366 3292 2435 prtebere
3322 2369 3503 2423 homi-

1902 2455 2080 2523 nibus,
2120 2471 2218 2511 cur
2257 2456 2490 2514 Domino
2543 2458 2853 2513 molestiam
2919 2459 3212 2527 pmbetis?
3239 2479 3260 2513 ι
3305 2464 3500 2517 uomi-

1901 2547 1988 2605 nis
2020 2547 2310 2604 stultitiam
2340 2549 2633 2604 miseratus
2658 2550 2953 2620 propheta,
3001 2565 3069 2606 ex
3115 2552 3337 2622 propria
3368 2567 3497 2622 per—

1899 2654 2035 2695 sona
2060 2654 2180 2710 qua
2211 2652 2515 2712 sequuntur
2546 2643 2889 2711 pronuntiat.
2925 2641 3054 2700 Haec
3096 2659 3264 2715 porro
3297 2643 3497 2714 Aquila

1901 2735 2005 2789 hoc
2056 2735 2218 2790 modo
2281 2735 2676 2804 interpretatur
2715 2754 2728 2789 :
2777 2753 2796 2786 ι
2840 2736 3041 2791 Audite
3088 2751 3244 2808 ergo,
3303 2739 3499 2794 domus

1901 2825 2094 2893 David,
2138 2823 2413 2896 Numquid
2445 2843 2639 2896 parum
2675 2827 2917 2900 amigere
2942 2830 3109 2897 viros,
3136 2832 3265 2900 quia
3298 2830 3499 2903 aﬂligi-

1902 2917 1972 2974 tis
2006 2918 2173 2973 etiam
2215 2918 2388 2974 Deum
2420 2921 2644 2974 meum?
2673 2941 2691 2972 ι
2727 2919 3034 2977 Theodotio
3078 2934 3285 2990 autem,
3335 2944 3354 2978 ι
3381 2928 3499 2980 Au-

1900 3008 2012 3064 dite
2044 3025 2200 3081 ergo,
2227 3011 2422 3067 domus
2455 3010 2647 3077 David,
2679 3010 2953 3082 Numquid
2975 3027 3168 3083 parum
3194 3013 3498 3070 molestiam

1892 3100 2148 3178 praebere
2181 3103 2339 3169 viris,
2382 3104 2512 3173 quia
2547 3103 2860 3158 molestiam
2893 3105 3151 3173 praebetis
3188 3106 3352 3161 etiam
3389 3106 3499 3162 Deo

1902 3193 2114 3248 meo?»
2175 3192 2539 3265 Symmachus
2593 3209 2747 3259 vero,
2810 3196 3055 3250 «Audite
3109 3211 3266 3266 ergo,
3301 3197 3499 3253 domus

1906 3284 2110 3352 David,
2151 3287 2349 3344 Annon
2388 3284 2623 3343 sufﬁciet
2664 3287 2824 3342 vobis
2862 3286 3170 3358 defatigare
3211 3290 3496 3357 homines,

1902 3384 2028 3453 quia
2078 3381 2392 3455 defatigatis
2439 3383 2605 3439 etiam
2659 3383 2832 3437 Deum
2872 3383 3151 3439 meum?»
3205 3382 3499 3443 Praesentis

1901 3488 2063 3544 porro
2103 3474 2234 3530 dicti
2269 3487 2424 3530 mens
2471 3473 2586 3531 hac
2641 3484 2746 3539 est,
2798 3473 3166 3544 Nunquamne
3206 3475 3499 3532 cessabitis

1903 3565 1996 3619 Dei
2022 3565 2366 3633 hominibus,
2391 3566 2648 3622 videlicet
2677 3566 2960 3640 prophetis
2987 3582 3087 3638 pro
3107 3579 3292 3624 vestra
3321 3568 3500 3624 salute

1902 3657 2788 3729 laborantibus,‘defatigationes,
2839 3658 3062 3715 labores
3106 3668 3162 3716 et
3213 3659 3499 3717 molestias

1901 3749 2177 3818 prebere?
2232 3748 2342 3806 Sed
2399 3752 2641 3806 etiamne
2688 3749 2788 3817 ipsi
2839 3750 2952 3806 Deo
3003 3765 3148 3815 meo,
3202 3767 3364 3822 quem
3397 3766 3498 3806 vos

1902 3844 2164 3912 ignoratis
2215 3850 2271 3897 et
2328 3843 2566 3914 negatis,
2615 3842 2919 3897 multorum
2971 3843 3257 3898 numinum
3316 3845 3496 3901 errori

1901 3933 2095 4002 dediti,
2132 3934 2433 4000 molestias,
2471 3934 2889 4005 defatigationes
2933 3945 2988 3989 et
3028 3934 3496 4004 labores‘pratbe-

1900 4026 2049 4094 bitis,
2100 4027 2348 4083 nolentes
2396 4028 2516 4099 ejus
2565 4026 2855 4099 promissis
2895 4025 3060 4085 ﬁdem
3091 4027 3324 4096 habere,
3388 4043 3493 4084 nec

1900 4117 2016 4188 ejus
2036 4128 2308 4188 praecepta
2333 4118 2597 4190 exsequi?

1971 4209 2138 4266 Vens.
2176 4211 2266 4267 14.
2299 4228 2320 4263 ι
2357 4210 2588 4281 Propter
2615 4211 2723 4268 hoc
2751 4211 2905 4268 dabit
2948 4210 3213 4270 Dominus
3255 4213 3374 4286 ipse
3396 4228 3496 4271 vo-

1899 4304 1984 4360 bis
2034 4306 2244 4374 signum
2273 4324 2286 4360 :
2313 4304 2457 4361 Ecce
2488 4305 2642 4375 virgo
2675 4304 2732 4359 in
2766 4318 2924 4362 utero
2953 4308 3264 4377 concipiet,
3311 4316 3368 4364 et
3396 4324 3493 4378 pa-

1899 4399 2006 4453 riet
2054 4397 2246 4466 illium,
2297 4407 2354 4453 et
2397 4398 2620 4454 vocabis
2670 4414 2871 4455 nomen
2920 4401 3039 4470 ejus
3088 4400 3430 4456 Emmanuel.
3464 4421 3484 4454 ι

198 4483 378 4550 φησὶν,
410 4481 530 4534 ἐστὶ
555 4481 617 4534 τὸ
645 4485 910 4554 σωτήριον
953 4489 1196 4554 σημεῖον,
1223 4485 1252 4539 ὃ
1285 4487 1379 4540 καὶ
1417 4485 1493 4558 μὴ
1538 4485 1790 4558 βουλομέο

1901 4490 2051 4558 Quod
2093 4501 2220 4563 est,
2245 4490 2422 4560 inquit
2449 4532 2463 4556 ,
2496 4492 2711 4562 signum
2739 4492 3008 4560 salutare,
3042 4493 3186 4562 quod
3211 4493 3366 4550 vobis
3403 4495 3489 4549 vel

198 4592 300 4638 νας
332 4576 468 4644 ὑμῖν
506 4573 768 4647 stupeﬁat;
807 4575 1108 4649 παράδοξόν
1149 4595 1202 4632 τι
1240 4577 1426 4637 θαῦμα
1466 4578 1622 4633 ἔσται
1652 4580 1785 4634 ποτὲ

196 4667 253 4719 ἐν
287 4666 626 4737 ἀνθρώποις,
669 4667 764 4721 καὶ
811 4670 1036 4738 σημεῖον
1091 4669 1361 4740 μηδέποτε
1404 4671 1670 4727 ἀκουσθὲν
1720 4673 1786 4724 ὲκ

194 4757 285 4810 τοῦ
323 4757 533 4820 παντὸς
561 4758 774 4823 αἰῶνος.
807 4760 1085 4833 Παρθένος
1111 4763 1304 4833 κυήσει
1339 4761 1465 4832 δίχα
1501 4763 1602 4833 τῆς
1647 4765 1784 4834 πρὸς

199 4849 364 4920 ἀνδρα
387 4849 696 4914 κοινωνίας,
730 4853 822 4905 καὶ
848 4852 982 4906 Θεὸν
1001 4856 1272 4924 γεννήσει,
1303 4855 1532 4926 Σωτῆρα
1553 4856 1644 4908 τοῦ
1675 4857 1787 4910 τῶν

204 4941 504 5012 ἀνθρώπων
531 4940 742 5009 γένους.
764 4943 966 4999 Τοῦτον
993 4946 1155 5000 αὐτὸν
1176 4947 1266 4999 τὸν
1297 4947 1558 5017 μέλλοντα
1590 4948 1790 5020 λαγχά-

202 5048 304 5084 νειν
339 5031 600 5102 τοιαύτης
621 5036 928 5106 γεννήσεως
953 5036 1087 5091 Θεὸν
1111 5041 1336 5109 σημεῖον
1360 5040 1488 5109 ὑμῖν
1522 5043 1789 5114 σωτήριον

207 5121 447 5176 ἐντεῦθεν
491 5123 641 5196 ήδηὸ
683 5125 818 5190 Θεὸς
864 5129 1128 5200 παρέχει·
1180 5130 1209 5183 ὃ
1248 5129 1313 5202 δὴ
1353 5132 1449 5183 καὶ
1487 5133 1571 5194 εἰς
1624 5132 1787 5203 βάθος

209 5214 300 5282 μὲν
339 5213 405 5266 δι’
447 5216 515 5283 ἣν
555 5216 859 5288 ’ποιήσεται
906 5219 1100 5290 μέχρις
1151 5220 1278 5292 ᾅδου
1324 5222 1650 5290 κατάϐασιν,
1683 5207 1788 5289 ἐἰς

212 5306 330 5376 ὕψος
355 5308 413 5361 δὲ
453 5309 539 5362 διὰ
572 5310 672 5383 τὴν
713 5312 794 5374 είς
828 5312 1093 5382 οὐρανοὺς
1124 5314 1407 5369 ἐπάνοδον.
1443 5317 1516 5370 Σὺ
1547 5313 1664 5379 οὖν,
1715 5313 1790 5370 οἷο

212 5415 294 5464 xo;
323 5401 495 5466 Δαυῒδ,
530 5401 792 5458 ἐντεῦθεν
826 5403 926 5475 ήδη
975 5404 1117 5458 κατὰ
1155 5404 1245 5459 τὸν
1288 5407 1475 5479 καιρὸν
1508 5408 1607 5478 τῆς
1652 5411 1788 5480 πρὸς

213 5494 316 5557 τοὺς
341 5496 609 5570 παρόντας
643 5494 948 5565 πολεμίους
983 5495 1260 5568 συμϐολῆς
1290 5497 1562 5552 ἀνακοιλοῦ
1597 5500 1780 5566 αὑτὸν,

219 5583 528 5666 Ἐμμανουὴλ
562 5585 966 5658 ἐπονομάζων,
991 5587 1132 5658 ὅπερ
1157 5590 1221 5641 ἐκ
1241 5589 1340 5661 τῆς
1365 5593 1663 5663 ἑρμηνείας
1684 5595 1784 5665 τὴν

200 5681 444 5761 τῡῦλόγου
480 5683 818 5758 παρίστησι
859 5677 1122 5750 δύναμιν·
1163 5698 1182 5731 ‹
1242 5681 1360 5752 μεθ’
1408 5683 1566 5755 ἡμῶν
1608 5705 1626 5738 ,
1676 5686 1785 5759 γὰρ

187 5803 202 5836 ι
228 5787 394 5854 ιθεὸς
423 5809 444 5840 ρ
481 5780 660 5849 δηλοῖ
685 5771 969 5839 τοῦνομα.
1003 5771 1279 5830 Πιστεὺων
1301 5772 1394 5832 οὖν
1421 5778 1559 5850 δῇτα
1580 5777 1657 5848 τῷ
1689 5795 1786 5849 ση..

1899 4582 2210 4638 nolentibus
2239 4583 2548 4652 praebebit?
2591 4586 2916 4653 stupendum
2950 4585 3224 4656 quoddam
3252 4586 3489 4642 miracu-

1899 4671 2008 4726 lum
2053 4673 2346 4742 aliquando
2384 4673 2436 4728 in
2467 4673 2783 4728 hominibus
2813 4676 2960 4742 erit,
2989 4689 3054 4730 ac
3095 4676 3312 4746 signum
3351 4692 3492 4731 nun-

1897 4778 2060 4833 quam
2091 4764 2241 4819 omni
2273 4764 2472 4819 saculo
2505 4766 2779 4820 auditum.
2808 4765 2974 4837 Virgo
3007 4776 3222 4822 uterum
3253 4769 3491 4839 gestabit

1898 4857 2018 4910 sine
2050 4854 2156 4910 ulla
2190 4871 2311 4911 cum
2354 4857 2474 4912 viro
2499 4857 2892 4912 consuetudine
2914 4899 2931 4926 ,
2968 4869 3022 4913 et
3059 4861 3227 4915 Deum
3263 4861 3486 4932 gignet,

1896 4946 2122 5001 humani
2152 4948 2369 5017 generis
2403 4947 2766 5002 Salvatorem.
2792 4950 2946 5006 Hunc
2977 4952 3176 5022 ipsum,
3201 4954 3292 5023 qui
3323 4953 3488 5008 talem

1895 5051 2076 5096 ortum
2100 5041 2367 5097 ducturus
2410 5053 2498 5098 est
2523 5085 2538 5108 ,
2571 5043 2748 5098 Deum
2776 5084 2791 5111 ,
2821 5048 2874 5099 in
2908 5046 3127 5114 signum
3155 5046 3312 5101 vobis
3339 5047 3488 5102 salu-

1898 5142 2013 5188 tare
2038 5133 2149 5202 jam
2179 5136 2382 5191 exhinc
2427 5134 2571 5205 Deus
2607 5139 2834 5193 exhibet
2867 5156 2881 5207 ;
2919 5139 3067 5208 quod
3088 5148 3142 5193 et
3173 5140 3226 5192 in
3264 5139 3490 5209 profun-

1894 5224 2022 5279 dum
2047 5231 2179 5281 etin
2209 5229 2376 5283 altum
2402 5232 2764 5293 extendetur;
2795 5232 2849 5284 in
2887 5230 3214 5298 profundum
3244 5230 3486 5300 quidem,

1897 5332 1992 5386 per
2021 5319 2346 5375 descensum
2380 5337 2540 5376 suum
2572 5337 2743 5392 usque
2781 5322 2852 5377 ad
2887 5321 3198 5387 infernum;
3233 5321 3285 5374 in
3315 5321 3488 5375 altum

1896 5425 2049 5476 vero,
2091 5427 2188 5482 per
2219 5428 2375 5466 suum
2402 5415 2469 5468 ad
2493 5415 2664 5470 caelos
2697 5416 2957 5472 reditum.
2994 5414 3075 5468 Tu
3104 5429 3257 5485 ergo,
3290 5416 3488 5469 domus

1893 5502 2065 5559 David
2095 5545 2109 5570 ,
2147 5504 2263 5574 jam
2312 5506 2366 5560 in
2418 5517 2663 5578 tempore
2710 5507 2870 5575 hujus
2916 5522 3038 5562 cum
3089 5506 3329 5562 inimicis
3381 5508 3488 5561 tuis

1894 5610 2263 5666 congressus,
2312 5614 2480 5655 evoca
2524 5600 2677 5655 illum
2705 5639 2722 5665 ,
2769 5599 3093 5655 Emmanuel
3125 5614 3484 5668 nuncupatis,

1895 5689 2039 5759 quod
2076 5704 2143 5745 ex
2189 5689 2503 5760 signiﬁcatu
2551 5692 2704 5747 verbi
2746 5691 3002 5748 virtutem
3055 5689 3300 5759 declarat
3330 5711 3346 5746 ς
3382 5691 3486 5746 hoc

1895 5781 2094 5853 quippe
2113 5796 2330 5847 nomen,
2357 5803 2376 5837 ι
2416 5783 2706 5843 nobiscum
2734 5784 2900 5856 Deus,
2935 5804 2954 5839 ι
2991 5777 3486 5858 signiﬁcat.‘Siguo
