4100 6286
616 312 721 372 135

1314 297 1582 358 EUSEBII
1616 286 2097 352 CESARIENSIS
2134 283 2284 343 OPP.
2324 278 2508 340 PARS
2547 281 2640 338 Ill.
2665 310 2728 321 —
2749 272 3164 334 EXEGE'IZICA.

3767 266 3880 323 {36

615 437 800 505 itaque
825 429 982 490 fidem
1024 427 1231 482 habens
1249 422 1472 481 confide
1501 437 1516 475 :
1541 431 1715 487 neque
1759 415 1904 471 ultra
1937 405 2185 505 Damasci

2314 407 2429 476 ιείῳ
2456 403 2670 475 θάρσει,
2706 400 2801 456 καὶ
2838 395 3036 470 μηκέτι
3069 394 3168 468 μὲν
3196 391 3354 456 θεοὺς
3382 387 3655 444 ἀνακαλοῦ
3690 389 3880 460 Δαμα-

2394 495 2421 505 -
2565 494 2606 505 ..
2710 491 2725 505 .
2859 488 2873 505 .
2923 487 2947 505 .
2986 502 3078 505 __-
3112 483 3338 505 φέρω.-
3368 478 3674 505 ι-----ι...-..
3712 495 3844 505 ---η

615 494 766 578 θεός»
784 521 1008 574 invoces
1030 555 1047 581 .
1071 528 1252 585 neque
1276 526 1372 568 eos
1393 551 1410 576 ,
1439 510 1538 580 qui
1569 522 1675 563 non
1706 512 1856 570 sunt,
1893 494 2190 558 auxiliares

616 614 714 668 tibi
747 612 997 674 ascribe;
1030 609 1127 663 sed
1150 603 1590 668 ’Emmanuelem,
1627 608 1816 670 utpote
1853 594 2189 651 Deum'cum

611 700 928 763 hominibus
961 698 1254 766 aliquando
1281 678 1647 758 versaturum,
1667 691 1887 754 invoca,
1920 700 2044 742 eum
2068 696 2193 754 per-

612 794 760 850 fecla
793 794 992 850 llducia
1027 803 1276 862 sperans,
1308 801 1375 842 ac
1398 783 1635 842 nominis
1659 779 1849 836 virtuti
1888 777 2049 834 iidem
2094 774 2192 829 ba.

618 887 780 941 bene.

688 976 797 1032 Sed
834 987 934 1030 nos
965 979 1255 1044 postquam
1285 967 1394 1024 huc
1439 961 1757 1023 devenimus
1779 997 1795 1023 .
1843 957 2193 1012 animadver-
2227 953 2238 959 “

616 1076 736 1123 tere
764 1078 863 1135 par
887 1071 996 1126 est,
1033 1075 1143 1131 quo
1167 1069 1327 1131 pacto
1349 1053 1638 1127 prophetia
1687 1049 1869 1106 domui
1918 1045 2086 1103 David
2116 1045 2195 1100 di-

617 1165 768 1213 serte
793 1140 1079 1225 precipiat
1100 1195 1117 1222 ,
1161 1161 1225 1206 ut
1258 1164 1383 1205 eum
1419 1146 1510 1216 qui
1531 1158 1612 1210 ex
1635 1141 1858 1214 Virgine
1884 1137 2194 1194 nasciturus

617 1260 706 1306 est
728 1289 744 1313 .
774 1244 1188 1304 Emmanuelem
1216 1247 1512 1310 nuncupet.
1541 1234 1679 1291 Nam
1715 1246 1770 1289 tu
1799 1233 1916 1303 ipsa
1943 1271 1960 1298 ,
2003 1231 2196 1286 domus

620 1341 820 1408 David,
843 1352 967 1411 quae
993 1336 1105 1407 iam
1133 1331 1413 1406 propheta
1441 1330 1573 1411 ades
1596 1365 1613 1392 ,
1656 1324 1884 1396 eiusque
1913 1330 2197 1377 sermones

616 1405 820 1497 audis,
849 1405 1101 1498 eumqui
1125 1405 1181 1482 in
1213 1405 1476 1479 vaticiqu
1502 1420 1700 1482 fertur,
1729 1415 1952 1470 vocabis
1977 1412 2198 1467 Emma-

613 1523 786 1591 nuel;
816 1521 954 1578 acsi
980 1519 1184 1576 clarius
1205 1514 1438 1580 diceret,
1471 1509 1608 1565 Eum
1646 1508 1743 1564 tibi
1767 1505 2068 1575 adiutorem
2085 1501 2195 1556 fre-

619 1614 879 1687 quentius
896 1625 1086 1677 evoca,
1109 1608 1429 1678 plerumque
1459 1598 1878 1687 Emmanuelem
1898 1592 2198 1666 appellans.

2292 495 2446 560 σκοῦ,
2484 494 2618 566 μηδὲ
2645 491 2773 555 τοὺς
2813 488 2889 562 μὴ
2920 487 3079 549 ὂντας
3111 483 3338 556 βοηθοὺς
3366 478 3676 553 ἐπιγράφου
3709 495 3882 533 σεαυ-

2287 587 2384 642 τοῦ
2407 603 2422 618 ο
2458 586 2550 640 τὸν
2575 584 2635 639 δὲ
2664 576 3032 654 Ἐμμανουὴλ,
3061 576 3138 642 ὡς
3162 576 3230 631 ἂν
3255 573 3389 630 Θεὸν
3415 572 3723 645 ἀνθρώποις
3753 587 3886 625 συν·

2290 678 2551 753 εσόμενόν
2594 694 2761 745 ποτε,
2817 675 2995 738 κάλει,
3031 671 3252 745 θαρσῶν
3292 669 3390 724 σὺν
3422 664 3748 752 πεποιθήσει
3781 678 3886 718 τι·

2290 746 2432 845 λεία,
2464 768 2739 827 πιστεύων
2768 770 2835 842 τῇ
2859 767 2963 840 τῆς
2996 760 3371 839 προσηγορίας
3397 746 3642 830 δυνάμει.

2375 955 2514 1010 Ἀλλ’
2542 952 2776 1008 ἐνταῦθα
2806 948 3132 1023 γενομένους
3160 945 3313 1019 ἡμᾶς
3359 941 3654 1014 ἐπιστῆσαι
3703 952 3886 1011 προσ-

2294 1049 2440 1121 ήκει,
2470 1047 2547 1113 ὡς
2571 1044 2818 1118 ἀκριϐῶς
2847 1046 2883 1116 ἡ
2926 1039 3233 1114 προφητεία
3263 1036 3344 1109 τῷ
3367 1036 3504 1107 οἴκῳ
3523 1031 3686 1088 Δαυῒδ
3707 1045 3888 1103 προσ-

2292 1142 2500 1209 τάττει,
2542 1137 2769 1194 καλέσαι
2813 1134 2908 1190 τὸν
2948 1122 3013 1188 ἐκ
3054 1135 3156 1211 τῆς
3197 1129 3476 1202 Παρθένου
3518 1122 3891 1211 γενησόμενον

2307 1230 2677 1307 Ἐμμανουήλ.
2722 1230 2796 1284 Σὺ
2824 1226 2935 1300 γὰρ
2961 1210 3142 1290 αὐτὸς,
3175 1225 3205 1278 ό
3232 1216 3380 1285 οἶκος
3414 1217 3597 1280 Δαυῒδ,
3626 1217 3656 1270 ὀ
3683 1214 3777 1269 νῦν
3801 1210 3890 1283 τῷ

2297 1305 2555 1400 προφήτῃ
2610 1320 2940 1394 συμπαρὼν,
2988 1318 3086 1373 καὶ
3133 1313 3328 1371 τούτου
3382 1309 3732 1386 ἀκροώμενος
3769 1305 3890 1360 τῶν

2296 1398 2479 1488 λόγων
2517 1415 2609 1470 τὸν
2646 1411 3042 1483 θεσπιζόμενον
3088 1407 3342 1470 καλέσεις
3393 1398 3770 1475 Ἐμμανουήλο
3806 1400 3891 1462 ὡς

2298 1511 2347 1563 εί
2373 1485 2381 1488 ν
2412 1506 2744 1580 σαφέστερον
2802 1502 3010 1570 ελεγεν,
3085 1493 3379 1553 Ἐπικαλοῦ
3438 1491 3634 1565 βοηθὸν
3701 1485 3892 1558 ἑαυτῷ

2300 1578 2562 1671 συνεχῶς,
2619 1578 2880 1660 πολλάκις
2934 1587 3285 1663 Ἐμμανουήλ
3324 1583 3630 1658 ὀνομάζων,
3674 1581 3768 1635 καὶ
3808 1578 3894 1644 ὥς

624 1670 688 1761 sic
713 1711 772 1758 ut
801 1670 1128 1773 presentem
1170 1697 1265 1751 tibi
1299 1670 1468 1752 Deum
1497 1689 1830 1747 vociferans.
1855 1685 2010 1742 Licet
2050 1685 2196 1740 enim

2314 1670 2529 1747 τυνόντα
2558 1707 2641 1744 σοι
2667 1689 2822 1753 Θεὸν,
2853 1684 3044 1740 τοῦτον
3066 1678 3506 1752 ἀνακαλούμενος
3523 1694 3538 1708 ο
3583 1678 3631 1730 εί
3655 1675 3762 1747 γὰρ
3787 1670 3896 1728 καὶ

622 1755 1192 1863 fortissimis—abhinc
1224 1784 1560 1856 temporibus
1589 1779 1831 1836 futurum
1856 1777 1950 1842 sit,
1973 1783 2033 1830 ut
2071 1789 2197 1830 eum

2314 1785 2370 1840 τὰ
2394 1784 2628 1858 μάλιστα
2656 1782 2889 1854 μακροῖς
2918 1778 3145 1849 ὕστερον
3169 1772 3383 1846 χρόνοις
3402 1774 3438 1842 ή
3469 1768 3744 1842 Παρθένος
3764 1763 3898 1821 τοῦ·

623 1884 798 1954 Virgo
836 1883 889 1938 in
929 1891 1089 1937 utero
1112 1888 1294 1951 gestet
1313 1885 1372 1932 et
1408 1873 1626 1946 pariat;
1650 1872 1872 1942 quando
1907 1866 2204 1939 prophetiae

630 1975 1089 2046 complementum
1113 1970 1386 2036 adveniet,
1423 1965 1643 2038 quando
1677 1963 1768 2018 ille
1793 1961 1963 2017 totius
1989 1960 2206 2033 generis

629 2067 855 2124 humani
906 2066 1160 2122 Salvator
1183 2060 1575 2123 declarabitur,
1621 2056 1734 2112 alio
1765 2063 1954 2112 utetur
1985 2051 2207 2109 nomine

629 2180 660 2216 ιι
701 2160 872 2217 salute
895 2158 1171 2223 derivato;
1201 2155 1297 2212 sed
1319 2153 1433 2224 iam
1455 2153 1560 2209 hoc
1597 2161 1846 2221 tempore
1884 2156 1941 2203 tu
1965 2186 1983 2214 ,
2012 2145 2209 2202 domus

628 2252 844 2317 David,
886 2263 1010 2322 qua
1039 2249 1238 2305 bonum
1286 2244 1464 2300 a-Deo
1509 2242 1708 2314 pignus
1739 2235 1998 2305 accepisti
2027 2274 2046 2302 ,
2082 2248 2208 2290 eum

629 2345 822 2401 invoca
848 2382 866 2411 ,
908 2337 1320 2402 Emmanuelem
1364 2333 1690 2406 appellans:
1733 2328 1964 2386 salutem
2011 2325 2211 2396 quippe

627 2417 730 2490 tibi
772 2427 1022 2489 credenti
1065 2438 1122 2484 et
1165 2426 1328 2482 dictis
1373 2421 1776 2495 ubtemperauti
1825 2432 2022 2475 nomen
2079 2413 2210 2471 illud

628 2519 1066 2582 conciliabiL‘Si
1105 2520 1253 2576 enim
1282 2518 1493 2574 dictum
1529 2515 1761 2581 fuisset,
1791 2529 1813 2564 ι
1847 2510 1917 2566 Et
1941 2509 2214 2566 vocabunt

2301 1894 2393 1934 τον
2425 1876 2618 1948 κυήσει
2653 1873 2749 1928 καὶ
2779 1871 2994 1937 τέξεται
3013 1886 3027 1900 ο
3067 1869 3157 1923 ὅτε
3195 1866 3292 1920 καὶ
3319 1864 3381 1918 τὸ
3412 1859 3762 1932 ἀποτέλεσμα
3792 1873 3897 1928 7s-

2302 1969 2526 2041 νήσεται
2555 1967 2656 2038 τῆς
2687 1961 3045 2036 προφητείας,
3079 1959 3168 2013 δτε
3200 1954 3297 2010 καὶ
3328 1952 3519 2025 Σωτὴρ
3546 1949 3898 2020 ἀναφανήσε-

2305 2075 2395 2114 ται
2421 2056 2517 2112 τοῦ
2542 2055 2746 2120 παντὸς
2769 2053 2868 2109 ἀνθ
2877 2051 3075 2126 ρώταον
3093 2049 3307 2118 γένους,
3335 2045 3416 2117 τῷ
3437 2044 3610 2117 ἑτέρω
3628 2042 3898 2118 χρήσεται

2305 2153 2529 2224 ὀνόματι
2563 2151 2664 2222 τῆς
2693 2146 2967 2218 σωτηρίας
2997 2142 3272 2213 ἐπωνύμῳ
3290 2158 3304 2171 ’
3333 2138 3449 2193 ἀλλ’
3477 2133 3724 2190 ἐντεῦθεν
3763 2131 3895 2204 ήδη,

2310 2222 2413 2310 σὺ,
2425 2245 2453 2297 ὀ
2471 2239 2621 2317 οἶκος
2639 2239 2822 2303 Δαυϊδ,
2842 2237 3048 2307 ἀγαθὸν
3073 2233 3325 2305 σύνθημα
3345 2229 3496 2302 παρὰ
3517 2225 3652 2282 Θεοῦ
3687 2222 3896 2286 λαθὼν,

2307 2315 2606 2398 ἀνακαλοῦλ,
2630 2331 2723 2385 τδν
2760 2326 3111 2401 Ἐμμανουήλ
3134 2323 3416 2397 ὀνομάζων
3433 2338 3450 2353 °
3482 2316 3754 2390 σωτηρίαν
3780 2313 3899 2385 γάρ

2311 2445 2394 2482 σοι
2431 2423 2742 2481 πιστεύοντι
2791 2423 2886 2477 καὶ
2929 2417 3317 2491 πειθαρχοῦντι
3345 2416 3457 2478 τοῖς
3500 2409 3813 2481 λεγομένας
3860 2405 3900 2479 ἠ

2307 2515 2533 2587 τοιαύτη
2559 2512 2882 2587 προξενήσει
2911 2508 3122 2581 κλῆσις.
3148 2504 3213 2562 Ei
3246 2505 3346 2577 μὲν
3369 2499 3462 2558 οὖν
3491 2502 3696 2573 εἴρητο,
3730 2516 3750 2549 ι
3781 2495 3902 2551 Καὶ

512 2876 514 2878 ν
630 2810 724 2858 cto
747 2795 1034 2854 dubitandi
1059 2810 1228 2851 causa
1250 2791 1654 2864 amphibologia
1687 2791 1743 2846 iu
1781 2785 2213 2865 sermouefuis-

631 2631 832 2698 nomen
867 2615 986 2683 eius
1012 2608 1370 2676 Emmanuel,
1408 2627 1430 2661 ο
1466 2608 1646 2665 visum
1669 2605 1864 2662 fuisset
1886 2603 1940 2659 iu
1967 2600 2210 2658 futurum

2314 2586 2600 2664 καλέσουσι
2635 2605 2698 2660 τὸ
2733 2603 2908 2674 ὄνομα
2933 2599 3098 2657 αὐτοῦ
3149 2594 3517 2670 Ἐμμανουήλ,
3559 2612 3577 2644 ι
3619 2587 3794 2656 ἔδοξεν
3829 2586 3903 2642 ἃν

629 2687 846 2779 tempus
871 2715 1038 2762 totam
1068 2697 1410 2774 prophetiam
1441 2698 1761 2764 reittere;
1807 2695 1912 2751 hoc
1942 2694 2087 2749 enim
2115 2707 2211 2761 pa-
2312 2703 2393 2765 εἰς
2445 2697 2708 2771 μέλλοντα
2749 2695 2940 2768 χρόνον
2973 2694 3073 2764 τὴν
3115 2691 3297 2745 πᾶσαν
3336 2686 3728 2779 παραπέμπειν
3763 2696 3902 2779 προς

2313 2763 2543 2862 φητείαν
2565 2805 2579 2819 ·
2611 2763 2908 2856 οὓτω-*γὰρ
2941 2763 3271 2852 ἀμφιϐολίαν
3316 2771 3461 2846 εἶχεν
3491 2775 3522 2828 ό
3551 2772 3708 2841 λόγος
3727 2785 3741 2800 ο
3775 2763 3907 2862 ἔστεέ

633 2855 756 2959 set;
791 2887 1228 2960 quandoquidem
1261 2885 1308 2940 is
1329 2855 1424 2956 qui
1463 2897 1532 2940 ex
1568 2855 1761 2939 sancta
1801 2880 2028 2952 Virgine
2051 2861 2214 2934 natus

2434 2877 2801 2952 Ἐμμανουήλ,
2828 2855 2966 2928 ἀλλὰ
2999 2871 3208 2946 Ἰησοῦς
3229 2868 3495 2938 κέκληται
3519 2865 3582 2918 τὸ
3605 2863 3775 2932 ὄνομα
3799 2855 3904 2912 τοῦ

630 2954 1013 3037 ουιὲόῑηιστ
1028 2954 1259 3042 —noster,
1274 2969 1278 2974 Α
1296 2954 1402 3030 non
1426 2973 1752 3029 Emmanuel
1776 3014 1792 3040 ,
1816 2972 1909 3028 sed
1936 2967 2096 3026 Jesus
2121 2983 2214 3021 vo-

2316 2981 2381 3033 tat
2408 2975 2508 3049 τῆς
2536 2976 2699 3045 ἁγίας
2739 2971 3016 3044 Παρθένου
3048 2965 3396 3038 γεννηθέντος
3436 2961 3688 3032 Σωτῆρος
3720 2954 3904 3028 ἡμῶν,

637 3083 794 3128 catus
814 3080 900 3127 est
925 3107 944 3135 ,
982 3068 1280 3125 secundum
1308 3064 1486 3135 angeli
1522 3063 1806 3120 oraculum
1838 3059 2072 3130 Josepho
2103 3060 2216 3115 edi-

638 3174 754 3219 tum
782 3164 870 3220 his
897 3161 1099 3230 verbis,
1131 3178 1153 3214 ι
1190 3158 1272 3215 Ne
1306 3158 1498 3213 timeas
1535 3155 1787 3224 accipere
1817 3153 2044 3207 Mariam
2077 3165 2209 3206 con-

613 3255 816 3330 iugem
851 3265 999 3309 tuam
1028 3269 1044 3307 :
1072 3249 1218 3322 quod
1257 3249 1408 3305 enim
1444 3248 1498 3302 in
1529 3262 1593 3303 ea
1625 3255 1810 3300 natum
1838 3253 1923 3300 est
1945 3285 1961 3311 ,
1988 3230 2056 3299 ex
2089 3242 2214 3313 Spi-

637 3349 964 3414 rituysaucto
985 3354 1091 3399 est.
1123 3342 1308 3397 Pariet
1331 3348 1512 3394 autem
1552 3337 1722 3392 ﬁlium
1745 3378 1762 3403 ,
1786 3347 1842 3393 et
1868 3337 2088 3392 vocabis
2118 3351 2216 3391 uo-

637 3455 764 3498 men
790 3435 1124 3510 eius-Iesum
1154 3453 1170 3489 :
1199 3435 1317 3505 ipse
1343 3435 1490 3487 enim
1522 3431 1730 3487 salvum
1766 3430 1933 3485 faciet
1961 3429 2216 3501 populum

640 3548 802 3590 suum
830 3547 862 3585 a
899 3528 1142 3610 peccatis
1166 3528 1285 3598 eius
1305 3526 1378 3580 ".
1418 3544 1438 3578 δ
1476 3525 1534 3581 Si
1566 3525 1750 3594 itaque
1775 3521 1953 3589 Iesus,
1987 3536 2093 3576 non
2121 3537 2218 3576 au-

642 3636 752 3682 tem
781 3619 1121 3686 Emmanuel,
1150 3633 1347 3675 nomen
1383 3616 1598 3684 accepit
1640 3615 1902 3670 Dominus
1945 3623 2132 3669 noster
2164 3621 2219 3668 et

644 3718 898 3776 Salvator
937 3731 1005 3771 ex
1054 3711 1273 3784 Virgine
1305 3719 1468 3767 natus
1493 3708 1791 3765 secundum
1834 3704 2216 3779 prophetiam;

643 3809 915 3882 quomodo
937 3821 1133 3864 verum
1156 3803 1323 3861 fuerit
1347 3801 1631 3875 oraculum
1660 3800 1875 3866 dicens,
1905 3819 1924 3853 ι
1960 3800 2026 3855 Et
2055 3813 2223 3855 voca-

646 3906 786 3960 bunt
833 3903 1028 3957 nomen
1072 3897 1190 3966 eius
1236 3894 1598 3952 Emmanuel?
1635 3913 1655 3948 ι
1695 3892 2062 3962 Quamobrem
2113 3907 2222 3947 non

645 3997 742 4054 illo
792 3993 954 4048 modo
980 3991 1180 4047 dictum
1225 3999 1352 4056 est,
1392 4003 1504 4043 non
1548 3987 1695 4043 enim
1735 3986 1803 4043 ab
1837 3987 2091 4042 omnibus
2122 3987 2226 4042 hoc

647 4083 870 4140 nomine
903 4080 1257 4152 appellandus
1282 4089 1403 4134 erat
1426 4095 1442 4143 ;
1473 4078 1569 4134 sed
1597 4087 1848 4134 accurate
1875 4076 2226 4148 propheticus

648 4187 829 4231 sermo
871 4172 950 4227 sic
989 4171 1192 4235 habet,
1227 4187 1247 4224 ι
1289 4168 1358 4224 Et
1414 4169 1660 4224 vocabis.
1707 4186 1728 4221 ι
1764 4167 1845 4223 'l‘u
1888 4168 2037 4224 enim
2065 4167 2180 4235 ipsa
2205 4206 2222 4232 ,

647 4267 843 4323 domus
877 4261 1070 4331 David,
1098 4262 1257 4330 cuius
1284 4267 1448 4316 causa
1488 4261 1590 4317 hoc
1614 4260 1927 4315 vaticinium
1971 4259 2228 4314 enuntia-

647 4369 760 4428 tur,
793 4365 1017 4427 accepto
1046 4355 1240 4411 salutis
1266 4354 1490 4426 pignore
1516 4395 1533 4420 ,
1562 4368 1671 4424 quo
1706 4363 1948 4424 tempore
1972 4353 2096 4408 'cum
2127 4353 2228 4407 ini-

2318 3048 2472 3125 κατᾶ
2490 3069 2582 3122 τὸν
2607 3066 2703 3120 τοῦ
2730 3063 2964 3134 ἀγγέλου
2993 3058 3379 3132 χρηματισμὸν
3404 3057 3653 3127 φήσαντα
3683 3050 3762 3120 τῷ
3796 3048 3910 3100 Ἰω-

2320 3163 2428 3236 σήφ
2448 3180 2462 3193 ·
2494 3179 2513 3212 ι
2551 3159 2644 3230 Μὴ
2670 3155 2913 3228 φοϐηθῇς
2940 3149 3274 3224 παραλαϐεῖν
3303 3148 3522 3219 Μαρίαν
3547 3144 3643 3216 τὴν
3670 3139 3914 3210 γυναῖκά

2319 3274 2414 3310 σου
2434 3271 2449 3286 ·
2490 3254 2554 3308 τὸ
2589 3253 2700 3323 γὰρ
2737 3252 2795 3303 ὲν
2825 3249 2962 3318 αὐτῇ
3013 3243 3274 3316 γεννηθὶν
3313 3243 3380 3295 ὲκ
3410 3236 3726 3308 Πνεύματός
3755 3236 3911 3288 ἐστιν

2315 3348 2494 3418 ἁγίου.
2522 3344 2748 3410 Τέξεται
2780 3341 2838 3395 δὲ
2871 3340 3009 3405 υἱὸν,
3039 3337 3136 3392 καὶ
3162 3333 3416 3398 καλέσεις
3456 3331 3518 3384 τὸ
3542 3330 3713 3399 ὄνομα
3739 3324 3910 3380 αὑτοῦ

2329 3417 2536 3511 Ἰησοῦν
2556 3454 2570 3468 ·
2612 3434 2774 3498 αὐτὸς
2814 3432 2924 3504 γὰρ
2968 3429 3133 3482 σώσει
3174 3427 3268 3481 τὸν
3294 3424 3422 3480 λαὸν
3450 3419 3617 3478 αὐτοῦ
3660 3419 3766 3473 ἀπὸ
3795 3417 3913 3473 τῶν

2317 3509 2600 3604 ἁμαρτιῶν
2639 3525 2826 3580 αὐτοῦ.
2876 3542 2895 3575 ι
2941 3522 3006 3575 Et
3049 3515 3142 3575 οὖν
3183 3516 3429 3590 Ἰησοῦς,
3472 3513 3585 3568 ἀλλ’
3618 3510 3740 3580 ούχὶ
3777 3509 3915 3579 Ἐμ-

2323 3601 2562 3694 μανουήλ
2597 3619 2660 3673 τὸ
2690 3615 2984 3685 ἐπώνυμον,
3024 3611 3247 3683 εἴληφεν
3278 3610 3308 3662 ὀ
3357 3607 3563 3678 Κύριος
3616 3603 3772 3675 ἡμῶν
3817 3601 3914 3655 καὶ

2319 3715 2532 3787 Σωτὴρ,
2557 3714 2622 3766 ὲκ
2645 3709 2746 3781 τῆς
2769 3705 3047 3780 Παρθένου
3084 3701 3366 3774 γεννηθεὶς
3392 3699 3535 3753 κατὰ
3569 3695 3670 3768 τὴν
3705 3712 3915 3766 προφηο

2320 3785 2498 3861 τείανέ
2533 3803 2654 3866 πῶς
2686 3801 2752 3855 ἂν
2785 3799 2869 3853 ἔτι
2899 3795 3168 3868 ἠλήθευσε
3193 3792 3257 3846 τὸ
3282 3792 3464 3860 λόγιον
3494 3789 3699 3860 φῆσαν,
3741 3807 3758 3839 ι
3800 3785 3920 3840 Καὶ

2321 3899 2611 3954 καλέσουσι
2633 3894 2695 3948 τὸ
2713 3893 2885 3964 ὄνομα
2909 3888 3074 3945 αὐτοῦ
3112 3882 3497 3958 Ἐμμανουήλ;
3537 3901 3555 3934 ι
3584 3880 3782 3951 Διόπερ
3808 3879 3918 3933 οὐκ

2323 3992 2538 4063 εἴρηται
2582 3986 2680 4058 μὲν
2727 3983 2930 4046 οὓτωςο
2981 3982 3044 4035 οὺ
3096 3979 3209 4051 γὰρ
3259 3975 3483 4046 ἔμελλεν
3533 3973 3640 4026 ὑπὸ
3693 3971 3918 4026 πάντων

2321 4083 2495 4154 τούτῳ
2523 4077 2802 4135 καλεῖσθαι
2830 4074 2910 4146 τῷ
2938 4073 3289 4147 προσρήματι
3309 4085 3323 4099 ·
3359 4065 3602 4140 ἀκριϐῶς
3635 4065 3694 4120 δὲ
3721 4064 3751 4117 ό
3778 4079 3926 4135 προ-

2324 4153 2548 4246 φητικός
2589 4171 2768 4240 λόγος,
2805 4187 2825 4221 ‹
2867 4167 2978 4222 Καὶ
3009 4164 3279 4227 καλέσεις,
3326 4181 3344 4214 ι
3386 4157 3652 4231 περιέχει.
3695 4157 3768 4211 Σὺ
3800 4153 3918 4226 γὰρ

2324 4244 2504 4325 αὐτὸς,
2539 4260 2568 4313 ό
2595 4255 2742 4321 οἶκος
2773 4255 2957 4318 Δαυῖδ,
2989 4254 3056 4307 δι’
3086 4253 3146 4306 ὃν
3186 4251 3358 4307 ταῦτα
3400 4248 3738 4313 θεσπίζεται,
3786 4244 3919 4299 σύν-

2331 4355 2480 4425 θημα
2526 4350 2801 4424 σωτηρίας
2850 4345 3033 4402 λαϐὼν
3077 4344 3218 4399 κατὰ
3257 4342 3348 4396 τὸν
3390 4339 3582 4412 καιρὸν
3622 4340 3724 4408 τῆς
3773 4336 3916 4408 πρὸς

649 4450 809 4506 micis
853 4447 1199 4520 oongrederis
1221 4487 1238 4512 ,
1273 4447 1449 4517 ipsum
1502 4446 1912 4503 Emman‘uelem
1942 4459 2076 4500 voca
2102 4485 2118 4509 ,
2169 4453 2214 4500 el

2324 4448 2451 4509 τοὺς
2485 4441 2774 4514 πολεμίους
2825 4437 3123 4511 συμϐολῆς.
3189 4430 3539 4505 Ἐμμανουήλ
3589 4430 3765 4492 κάλει,
3815 4429 3917 4483 καὶ

649 4538 896 4595 victoriae
938 4540 1007 4593 de
1035 4537 1276 4593 inimicis
1312 4547 1482 4608 parta:
1525 4545 1807 4593 auctorem
1848 4534 2102 4591 ascribe:
2134 4535 2228 4604 qui

651 4627 944 4700 aliquando
973 4628 1187 4698 quidem
1223 4642 1314 4702 ex.
1342 4628 1567 4697 Virgine
1609 4628 1953 4694 nasciturus,
1995 4627 2089 4682 sed
2114 4625 2228 4694 iam

653 4724 797 4780 Deus
825 4733 880 4778 et
903 4722 1177 4776 nobiscum
1195 4729 1299 4785 est,
1326 4720 1508 4791 etiam
1539 4720 1637 4775 tibi
1666 4735 1861 4793 magna
1895 4720 1962 4776 ad
1997 4719 2227 4775 salutem

653 4815 865 4871 tribuit.
895 4813 1086 4868 Divino
1121 4813 1308 4882 itaque
1329 4820 1599 4882 praecepto
1630 4811 1792 4867 fidem
1833 4812 2043 4868 habens
2066 4850 2082 4877 ,
2113 4811 2230 4866 fre-

651 4917 885 4981 quenter
908 4906 1081 4974 ipsum
1111 4905 1305 4960 invoca
1329 4905 1663 4975 adiutorem,
1687 4903 2093 4960 Emmanuelem
2127 4919 2228 4975 ap-

653 5000 880 5071 pellans.
909 4998 1149 5066 Quadam
1187 4997 1335 5053 enim
1365 4995 1674 5064 huiusmodi
1724 5011 1821 5052 ceu
1853 4997 2229 5054 incantatione

656 5107 793 5163 opus
818 5098 902 5146 est
925 5128 941 5155 ,
967 5099 1030 5144 ut
1060 5103 1128 5145 ne
1173 5087 1510 5143 daemonibus
1547 5086 1900 5144 auxiliaribus
1939 5089 2189 5144 attendas
2212 5127 2230 5153 ,

657 5185 754 5241 sed
781 5182 955 5251 solum
980 5180 1388 5237 Emmanuelem
1417 5181 1636 5236 invoces
1658 5219 1675 5247 ,
1706 5195 1772 5236 ac
1801 5195 1897 5253 per
1924 5182 2097 5251 ipsum
2143 5195 2232 5236 sa-

658 5277 824 5332 lutem
851 5275 1207 5331 nanciscaris.
1234 5272 1488 5330 Nonnulli
1523 5287 1654 5329 vero
1681 5273 1791 5328 hac
1831 5273 2055 5330 minime
2081 5274 2231 5345 cogi-

662 5378 836 5424 tantes
856 5408 874 5436 ,
899 5368 954 5430 in
981 5364 1273 5438 Evangelio
1298 5365 1595 5422 secundum
1625 5363 1937 5419 Mattlmum
1967 5407 1982 5430 ,
2013 5381 2111 5437 pro
2135 5366 2226 5420 illo

665 5477 687 5512 ι
725 5467 780 5514 οι
803 5458 1048 5523 vocabis,
1085 5475 1104 5510 ι
1147 5475 1167 5508 ι
1198 5465 1254 5513 et
1275 5457 1568 5524 vocabunt,
1602 5473 1622 5508 ι
1653 5458 1920 5527 scripsere
1955 5477 1969 5513 :
2001 5468 2056 5512 at
2096 5471 2227 5528 pro-

661 5550 880 5620 phetica
931 5549 1092 5605 lectio
1133 5563 1238 5604 non
1265 5547 1349 5605 sic
1373 5548 1574 5618 habet;
1603 5549 1700 5605 sed
1741 5546 2012 5607 Hebratca
2066 5549 2227 5606 lectio

730 5729 780 5764 ³¹
802 5728 991 5786 Iattb.
1027 5745 1065 5791 ι.
1091 5727 1182 5789 20.
1219 5726 1312 5786 21.

2327 4539 2427 4609 τῆς
2459 4537 2567 4607 τῷν
2601 4533 2875 4605 πολεμίων
2906 4533 3074 4603 ἥττης
3123 4527 3429 4601 ὲπιγράφου
3467 4522 3656 4578 τοῦτον
3700 4521 3874 4575 αἴτιον
3895 4534 3913 4551 ο

2330 4635 2395 4686 ὲκ
2434 4629 2714 4703 Παρθένου
2757 4628 2855 4697 μὲν
2888 4621 3285 4694 γεννησόμενόν
3327 4635 3478 4682 ποτε,
3525 4618 3626 4689 ήδη
3669 4617 3728 4671 δὲ
3777 4614 3919 4669 Θεὸν

2329 4722 2477 4783 ὄντα,
2522 4721 2616 4774 καὶ
2666 4717 2783 4790 μεθ’
2820 4713 2976 4786 ήμῶν
3015 4712 3165 4775 ὄντα,
3210 4707 3458 4762 ἐντεῦθεν
3495 4707 3554 4760 δὲ
3585 4705 3686 4777 ήδη
3719 4704 3787 4758 τὰ
3815 4719 3922 4774 με·

2330 4813 2474 4884 γάλα
2506 4808 2643 4883 πρὶς
2670 4805 2947 4878 σωτηρίαν
2975 4801 3368 4875 χαριτούμενόν
3396 4816 3500 4853 σοι.
3517 4796 3795 4852 Πιστεύων
3815 4790 3924 4850 οὖν

2329 4904 2409 4976 τῷ
2468 4902 2599 4973 θείῳ
2651 4899 3068 4972 προστάγματι,
3129 4892 3368 4964 συνεχῶς
3438 4890 3603 4945 αὑτὸν
3651 4885 3924 4942 έπικαλοῦ

2333 4993 2548 5067 βοηθὸν,
2598 4987 2945 5062 Ἐμμανουήλ
2983 4983 3286 5057 ὀνομάζων.
3324 4981 3594 5052 Τοιαύτης
3640 4981 3746 5052 γάρ
3769 4995 3926 5044 τινος

2329 5088 2520 5160 ὥσπερ
2569 5083 2783 5156 ἐπῳδῆς
2815 5081 2992 5154 χρείας
3037 5080 3176 5152 πρὸς
3212 5078 3274 5132 τδ
3321 5075 3396 5148 μὴ
3437 5076 3656 5147 δαίμοσι
3698 5073 3925 5146 βοηθοῖε

2332 5179 2653 5254 προσέχειν·
2701 5174 2861 5246 μόνον
2890 5173 2946 5227 δὲ
2977 5173 3069 5226 τὸν
3128 5168 3472 5242 Ἐμμανουήλ
3511 5167 3918 5234 ἐπικαλεῖσθαι,

2331 5271 2427 5324 καὶ
2460 5269 2528 5323 δι’
2561 5263 2728 5321 αὐτοῦ
2760 5260 3049 5327 σώζεσθαι.
3077 5259 3262 5314 Ταῦτα
3306 5259 3380 5331 μὴ
3408 5258 3701 5328 νοήσαντές
3745 5273 3921 5322 τινες,

2329 5363 2386 5414 ὲν
2415 5357 2494 5431 τῷ
2517 5355 2662 5413 κατὰ
2686 5353 2962 5409 Ματθαῖον
2991 5351 3330 5422 Εὐαγγελίῳ.
3353 5349 3474 5403 ἀντὶ
3496 5347 3614 5411 τοῦ,
3647 5367 3666 5400 ι
3701 5353 3793 5402 καὶ
3813 5365 3924 5402 κα-

2324 5454 2525 5518 λέσεις,
2546 5469 2669 5503 ι-ι
2689 5448 2784 5502 καὶ
2797 5445 3103 5508 καλέσουσι,
3140 5463 3156 5496 t
3196 5443 3558 5514 πεποιήκασιν
3577 5459 3591 5472 ·
3618 5441 3716 5511 οὐχ
3742 5439 3920 5504 οὕτως

2325 5547 2557 5620 ἐχούσης
2581 5544 2682 5616 τῆς
2706 5539 3054 5613 πῳφητικῆς
3072 5538 3273 5606 λέξεως
3295 5554 3308 5567 ·
3339 5537 3375 5608 ἦ
3405 5552 3467 5589 τε
3500 5534 3609 5608 γὰρ
3653 5531 3919 5605 Ἑϐραῐκή
