4100 6286
167 294 257 350 157

1075 286 1586 346 ΕΟΜΜΕΝΤΑΒῘΑ
1623 283 1690 339 ΙΝ
1729 282 1988 341 ΙδΑΙΑΜ.
2028 312 2096 324 -
2131 279 2285 336 CAP.
2330 274 2439 331 VII.

3323 269 3421 325 138

167 410 326 480 φωνὴ,
358 408 527 481 ταύτῃ
554 418 613 461 τε
649 410 1026 481 καταλληλως,
1070 410 1163 462 καὶ
1203 410 1441 471 ἅπαντες
1479 408 1529 460 οἱ
1568 407 1740 477 ἑρμη-

1862 420 1964 459 :um
1987 404 2089 458 hac
2118 410 2301 456 nostra
2332 394 2589 464 congruit
2616 416 2628 450 ;
2661 402 2713 447 et
2751 405 2943 446 omnes
2977 390 3301 458 interpretes
3336 403 3425 440 vo-

166 507 360 567 νευταὶ,
393 502 696 568 καλέσεις,
725 502 1109 556 ὲκδεδὼκασιν.

233 616 250 647 ι
287 595 685 665 Βούτυρονκαὶ
716 594 837 664 μέλι
867 595 1120 664 φάγεται,
1158 595 1286 666 πρὶν
1319 593 1351 663 ἢ
1398 590 1599 660 γνῶναι
1640 589 1741 643 αὐ-

162 686 264 752 τὸν,
295 687 330 756 ἢ
363 685 688 756 προελέσθαι
723 684 959 756 πονηρὰ,
989 685 1307 749 ἐκλέξασθαι
1340 684 1400 736 τὸ
1442 681 1668 752 ἀγαθόν.
1719 700 1737 731 s

163 777 369 846 εἰγοῦν
394 776 696 846 θαυμάζεις
721 776 854 829 Θεὸν
887 775 1223 846 γεννώμενον
1254 774 1488 839 ἀκούων,
1525 773 1745 827 πίστευ-

163 888 270 933 cev,
312 871 395 922 ὅτι
432 870 529 921 καὶ
565 871 736 940 τροφῇ
784 868 993 939 νηπίων
1039 870 1321 941 χρήσεται.
1354 870 1428 921 Οὐ
1459 868 1569 939 γάρ
1605 867 1746 921 κατά

160 981 272 1014 τινα
329 962 637 1029 φαντασίαν
670 961 962 1032 ὀφθήσεται
996 962 1309 1033 ἄνθρωπος,
1349 960 1461 1032 (Η)
1512 958 1635 1011 οὔτε
1667 958 1747 1029 τῷ

160 1054 332 1106 δοκεῖν
380 1052 537 1106 ἔσται
588 1053 647 1105 τὺ
695 1053 1014 1122 γινόμενον·
1064 1052 1177 1106 ἀλλ’
1226 1052 1443 1121 άληθῶς
1490 1052 1746 1121 τοιαύτην

163 1146 424 1215 ὑπομενεῖ
471 1146 758 1214 γέννησιν,
804 1143 879 1206 ὡς
929 1145 1251 1214 κοινωνῆσαι
1283 1143 1491 1212 νηπίων
1539 1144 1741 1213 179'3‘P'il'

165 1236 319 1307 βουτύ
327 1255 407 1307 ρῳ
426 1237 577 1305 λέγω
600 1237 693 1289 καὶ
718 1236 891 1307 μέλιτι
915 1236 1114 1306 ὁμοίως
1139 1238 1249 1299 τοῖς
1271 1236 1476 1298 λοιποῖς
1502 1234 1743 1305 βρέφεσι.

162 1329 325 1397 Τοῦτο
357 1329 461 1398 μὲν
487 1323 579 1381 οὖν
606 1327 970 1398 ἀνθρώπινον·
1009 1328 1068 1380 τὸ
1093 1327 1151 1381 δὲ
1179 1329 1276 1399 τῆς
1304 1328 1556 1399 θεότητος
1582 1326 1746 1381 αὑτοῦ

163 1419 569 1491 παραστατικὸν
591 1421 763 1472 ὲκεζνο
787 1419 853 1473 ἂν
880 1420 990 1488 εἴη,
1016 1420 1097 1472 ὅτι
1120 1421 1248 1491 πρὶν
1278 1420 1313 1491 ἢ
1335 1420 1536 1489 γνῶναι
1561 1419 1744 1483 αὐτὸν,

164 1512 191 1579 ἢ
222 1510 552 1579 προελέσθαι
587 1511 817 1581 πονηρὰ,
867 1506 1142 1576 ἑκλέξὲται
1184 1512 1245 1564 τὸ
1275 1511 1512 1579 ἀγαθὸν,
1547 1513 1640 1565 καὶ
1680 1512 1749 1565 τά

164 1602 302 1673 ἑξῆς.
339 1604 611 1674 Σημαίνει
653 1603 709 1655 δὲ
742 1606 771 1657 ό
803 1603 979 1671 λόγος.
1016 1604 1096 1657 ὅτι
1140 1606 1235 1659 καὶ
1275 1605 1403 1676 παρ’
1449 1604 1617 1675 αὐτὴν
1648 1605 1747 1675 τὴν

162 1695 410 1765 γέννησιν
438 1695 773 1767 διακριτικός
802 1712 887 1759 τις
928 1692 1014 1766 ἦν,
1050 1696 1143 1748 καὶ
1176 1695 1399 1764 ἀγαθῶν
1442 1696 1744 1768 ποιητικὸς,

1846 496 1993 551 cabis
2016 493 2323 549 ediderunt.

1929 587 2089 642 Vsus.
2128 584 2213 640 i5.
2247 602 2265 635 ι
2306 582 2565 648 Blityrum
2600 585 2654 632 et
2683 575 2787 631 mei
2813 572 3098 635 comedet,
3129 580 3422 639 antequam

1846 681 1983 736 sciat
2006 680 2140 748 ipse,
2173 684 2264 729 aut
2289 673 2572 745 praeligat
2619 669 2784 733 mala,
2818 667 3021 736 eligere
3052 664 3277 719 bonum.
3308 681 3329 715 ι
3362 662 3420 715 Si

1846 784 1979 839 ergo
2015 767 2236 823 miraris
2262 807 2276 831 ,
2309 780 2431 820 cum
2456 762 2645 817 audias
2688 768 2875 813 natum
2909 757 3077 811 Deum
3105 794 3121 819 ,
3153 762 3208 807 at
3234 752 3424 816 crede.

1847 863 2104 933 quoniam
2145 860 2432 915 infantium
2475 856 2598 910 cibo
2638 866 2835 908 usurus
2864 859 2965 904 est.
3007 847 3123 903 Non
3165 846 3307 901 enim
3342 860 3428 899 se-

1848 956 2085 1012 cundum
2140 951 2429 1023 quamdam
2483 946 2829 1019 phantasiam
2883 944 3047 998 homo
3098 938 3426 1009 apparebit.

1849 1062 2023 1116 neque
2081 1045 2292 1116 species
2332 1042 2505 1096 solum
2554 1038 2661 1092 erit
2716 1037 2771 1090 id
2820 1034 2965 1105 quod
2993 1034 3279 1104 gignetur;
3332 1030 3427 1084 sed

1848 1141 2094 1195 eumdem
2133 1152 2320 1193 revera
2369 1148 2552 1190 ortum
2610 1131 2847 1194 subibit.
2901 1132 2974 1184 ita
3029 1138 3088 1182 ut
3134 1125 3425 1182 infantium

1850 1231 2109 1287 alimento
2149 1240 2360 1295 utatur,
2393 1228 2591 1299 butyro
2618 1225 2869 1281 videlicet
2895 1232 2950 1278 et
2976 1220 3134 1277 melle
3158 1259 3175 1286 ,
3204 1219 3432 1289 perinde

1848 1334 2015 1394 atque
2048 1323 2137 1377 alii
2174 1322 2431 1377 infantes.
2461 1322 2524 1376 Et
2560 1323 2661 1377 hoc
2706 1318 2922 1389 quidem
2968 1318 3264 1369 humanum
3302 1320 3426 1365 est:

1848 1420 1990 1487 quod
2013 1425 2192 1471 autem
2240 1416 2493 1470 deitatem
2541 1415 2657 1485 ejus
2680 1414 2921 1469 declarat
2956 1409 3085 1464 illud
3126 1415 3250 1474 est,
3285 1407 3430 1477 quod

1849 1510 2162 1580 priusquam
2194 1508 2285 1563 ille
2316 1507 2455 1561 mala
2492 1508 2575 1562 vel
2607 1506 2815 1560 noverit
2850 1503 2933 1558 vel
2972 1500 3292 1572 praetulerit,
3341 1498 3434 1553 eli-

1850 1611 1939 1672 get
1976 1589 2177 1655 bonum
2203 1640 2218 1667 ,
2253 1610 2360 1654 etc.
2400 1598 2497 1655 His
2537 1614 2701 1670 porro
2732 1596 3072 1667 significatur
3102 1593 3187 1649 vel
3227 1591 3282 1647 in
3316 1592 3435 1661 ipso

1850 1701 1974 1745 ortu
2002 1689 2352 1745 discernendi
2380 1691 2430 1743 vi
2458 1690 2745 1759 praeditum
2773 1726 2789 1752 ,
2812 1702 2876 1742 ac
2905 1688 3169 1742 bonorum
3194 1691 3434 1754 patrato-

162 1790 188 1837 ὁ
229 1786 621 1857 Ἕμμανουὴλ,
655 1786 715 1839 τὸ
755 1786 999 1857 κριτικὸν
1042 1788 1102 1851 ἐξ
1148 1788 1359 1841 ἐκείνου
1394 1788 1746 1857 κεκτημένος,

1862 1798 1966 1837 rem
2008 1782 2412 1837 Emmanuelem
2439 1779 2767 1848 iuisse,jam
2792 1790 2918 1835 tunc
2957 1778 3147 1849 judicii
3174 1775 3433 1832 facultate

167 1882 250 1933 καὶ
278 1881 680 1949 ἀποσειόμενος
724 1880 822 1950 μὲν
855 1879 918 1932 τὸ
947 1881 1142 1934 κακόν·
1179 1880 1338 1951 μόνον
1365 1880 1422 1933 δὲ
1450 1880 1512 1933 τὸ
1548 1878 1750 1948 άγαθὸν

164 1971 587 2040 ἀποδεχόμενος.
629 1968 899 2040 Τοιαύτης
930 1969 1039 2041 γάρ
1085 1969 1274 2037 ἔσται,
1326 1970 1495 2041 φησὶ,
1538 1968 1751 2039 φύσεως

167 2064 251 2115 καὶ
274 2064 334 2128 LE
368 2062 546 2133 αὐτῆς
572 2062 671 2131 τῆς
710 2062 1040 2130 γεννήσεως.

235 2174 252 2204 ι
296 2154 410 2208 Ka‘t
451 2153 606 2206 Ecl-tat
655 2154 715 2205 ὲν
756 2154 824 2223 τῇ
858 2151 1044 2223 ἡμέρᾳ
1078 2151 1281 2223 ἐκείνῃ,
1336 2153 1511 2223 συριεῖ
1548 2150 1753 2222 Κύριος
1811 2168 1822 2187 ο

169 2246 371 2315 μυίαις,
427 2247 489 2298 αἳ
544 2244 897 2316 κυριεύσουσι
946 2244 1108 2315 μέρος
1156 2241 1405 2314 ποταμοῦ
1448 2243 1750 2312 Αἰγύπτου,

167 2339 254 2391 καὶ
282 2340 352 2408 τῇ
399 2336 660 2410 μελίσσῃ,
691 2337 724 2406 ἦ
753 2338 902 2390 ἐστιν
929 2339 988 2390 ὲν
1011 2334 1165 2407 χώρᾳ
1209 2337 1529 2408 Ἀσσυρίων.
1571 2356 1590 2389 ι
1643 2338 1753 2407 Ση-

168 2428 343 2495 μαίνει
371 2428 469 2481 διὰ
493 2428 699 2480 τούτων
727 2428 755 2480 ὁ
779 2426 938 2495 λόγος
962 2426 1276 2494 Αἰγυπτίων
1306 2426 1518 2499 ἀνδρῶν
1543 2426 1751 2496 ἔφοδον,

165 2518 254 2581 οὓς
299 2536 475 2589 φησιν
512 2518 664 2588 ἥξειν
703 2518 798 2569 ἐπὶ
839 2519 940 2588 τὴν
976 2516 1235 2570 Ἰουδαίαν
1258 2515 1443 2588 χώραν
1478 2519 1578 2571 οὐκ
1627 2518 1754 2572 ἄνευ

166 2611 298 2665 Θεοῦ
322 2654 337 2677 ,
372 2611 612 2681 νεύματι
641 2612 841 2677 αὐτοὺς
867 2610 962 2663 τοῦ
997 2610 1203 2679 Κυρίου
1231 2609 1611 2682 διεγείροντος,
1658 2611 1754 2665 καὶ

166 2704 353 2775 ὥσπερ
434 2703 735 2775 συρίγματι
798 2701 1193 2773 παρορμῶντος
1246 2702 1444 2765 αὐτοὺς
1501 2701 1611 2755 ἀπὸ
1659 2703 1758 2774 τῆς

168 2795 453 2864 Αἰγύπτου
487 2813 501 2825 ·
537 2796 634 2847 καὶ
665 2795 765 2848 οὐκ
798 2794 907 2847 ἀπὸ
939 2794 1121 2865 πάσης
1152 2792 1379 2861 ταύτης,
1412 2792 1528 2846 ἀλλ’
1561 2795 1625 2847 ὲκ
1660 2794 1755 2865 μέ-

172 2902 294 2955 ρους
340 2886 550 2957 αὐτῆς.
590 2886 661 2938 Ἦ
690 2886 787 2939 καὶ
817 2884 906 2939 διά
936 2884 998 2938 τὸ
1023 2884 1242 2956 λύθροις
1274 2884 1371 2938 καὶ
1418 2884 1614 2956 αἵμασι
1646 2888 1759 2950 τοῖς

170 2976 309 3029 κατὰ
353 2977 462 3047 τὴν
509 2975 819 3048 ἀκάθαρτον
870 2974 1311 3047 εἰδωλολατρείαν
1369 2976 1581 3046 χαίρειν
1634 2978 1759 3041 τοὺς

170 3067 530 3135 Αίγυπτίους,
579 3067 917 3140 παραδάλλει
963 3069 1151 3138 μυίαις
1182 3067 1375 3131 αὐτούς
1399 3085 1411 3097 ·
1451 3068 1551 3139 τὴν
1572 3067 1628 3122 δὲ
1652 3067 1758 3122 τῶν

180 3160 493 3231 Ἀσσυρίων
529 3158 835 3231 πολεμικὴν
860 3160 1088 3231 δύναμιν
1120 3148 1208 3213 διά
1233 3158 1295 3214 τὸ
1323 3158 1602 3231 πολεμικῷ
1633 3161 1756 3215 κέν-

168 3267 281 3323 τριρ
302 3252 639 3322 κεχρῆσθαι,
670 3252 769 3306 καὶ
797 3252 905 3305 τῶν
936 3251 1138 3305 λοιπῶν
1164 3250 1334 3305 ἐθνῶν
1359 3252 1481 3305 τότε
1511 3254 1754 3324 κρατεῖν,

175 3342 409 3413 μιλίσσῃ
447 3342 743 3396 ἀπείκασε.
796 3342 981 3396 Ταῦτα
1026 3341 1083 3394 δὲ
1125 3340 1427 3414 ἐπληροῦτο
1456 3341 1597 3395 κατὰ
1631 3341 1757 3406 τοὺς

174 3433 399 3503 χρόνους
449 3433 552 3501 τῆς
603 3430 827 3503 πρώτης
874 3432 1187 3504 πολιορκίας
1227 3431 1596 3504 Ἰερουσαλὴμ,
1634 3431 1755 3486 καθ’

173 3524 262 3587 οὓς
277 3525 575 3593 Αἰγύπτιοι
594 3525 692 3596 μὲν
706 3527 755 3578 οί
774 3525 1095 3597 καλούμενοι
1124 3528 1276 3597 μυῖαι
1291 3524 1426 3596 (l5),
1449 3526 1539 3579 ὅτε
1553 3525 1756 3579 τούτων

178 3615 433 3686 βασιλεὺς
463 3616 666 3688 Φαραὼ
699 3616 942 3672 ἐπελθὼν
975 3621 1039 3690 τῇ
1087 3618 1376 3681 Ἰουδαίων,
1403 3618 1496 3671 τὸν
1549 3618 1757 3672 Ἰωσίαν

175 3703 262 3759 ὡν
312 3706 548 3775 βασιλέα
588 3706 692 3777 τῆς
732 3706 1119 3779 Ἰερουσαλὴμ,
1169 3707 1279 3762 τῶν
1331 3707 1615 3778 ἐπιφανῶν
1665 3709 1760 3761 καὶ

177 3794 442 3865 θεοφιλῶν
469 3797 679 3869 ἀνδρῶν
707 3798 922 3863 οὐδενὸς
947 3799 1218 3872 δεύτερον,
1257 3800 1492 3873 ἀναιρεῖ.
1527 3796 1639 3853 Εἶτ’
1660 3800 1760 3853 οὐκ

174 3889 254 3951 εις
292 3888 521 3960 μακρὰν
546 3890 576 3942 ό
600 3889 707 3942 τῶν
740 3890 1098 3946 Βαδυλωνίων
1134 3890 1385 3960 βασιλεὺς
1427 3890 1761 3962 Ναδουχοδο-

174 3980 335 4052 νόσορ
367 3983 472 4035 σὺν
528 3982 746 4056 μεγάλῃ
782 3986 1041 4055 στρατιᾶς
1081 3984 1305 4055 δυνάμει
1355 3982 1617 4049 ἐπελθὼν,
1667 3984 1767 4055 τὴν

179 4069 277 4136 μιν
310 4069 475 4124 πόλιν
506 4070 677 4142 αὐτὴν
716 4074 781 4125 ἐκ
814 4071 1029 4144 βάθρων
1062 4068 1175 4126 εἷλε
1200 4115 1216 4140 ,
1248 4074 1341 4128 τὸν
1382 4072 1518 4127 νεὼν
1550 4090 1767 4144 πυρπο-

177 4155 349 4230 λήσας
375 4178 391 4191 ⁸
422 4161 484 4215 τὸ
518 4160 578 4215 δὶ
607 4164 715 4215 πᾶν
740 4162 892 4228 ἔθνος
914 4163 1518 4236 ἐξανδραποδισάμενος
1546 4164 1640 4217 καὶ
1667 4163 1769 4227 τὰς

1851 1876 2179 1930 instructum
2215 1889 2231 1928 :
2256 1890 2319 1929 ac
2346 1873 2544 1928 malum
2569 1869 2785 1943 quidem
2816 1873 3202 1935 excutientem,
3231 1869 3433 1925 bonum

1851 1982 1983 2022 vero
2017 1968 2281 2021 duntaxat
2313 1966 2755 2036 amplectentem.
2777 1964 2927 2019 Talis
2956 1964 3156 2035 quippe
3204 1973 3437 2033 natura,

1854 2057 2047 2127 inquit,
2074 2058 2159 2113 vel
2194 2058 2262 2111 ab
2296 2057 2412 2126 ipso
2438 2066 2563 2111 ortu
2601 2055 2817 2112 futurus
2844 2066 2952 2112 est.

1922 2146 2088 2204 Vitas.
2131 2149 2218 2205 18.
2261 2170 2280 2201 ι
2316 2149 2381 2204 Et
2405 2149 2513 2204 erit
2540 2150 2592 2204 in
2621 2148 2709 2202 tlie
2735 2148 2844 2213 illa,
2886 2148 3127 2205 sibilabit
3176 2147 3437 2207 Dominus

1854 2244 2079 2305 muscis,
2110 2247 2231 2309 qna:
2251 2239 2684 2295 dominabuntur
2711 2241 2851 2309 parti
2882 2238 3123 2295 ﬂuminis
3167 2238 3394 2311 Egypti
3416 2279 3435 2305 ,

1852 2342 1908 2384 et
1930 2332 2018 2401 api
2042 2370 2057 2397 ,
2098 2346 2221 2401 qua
2248 2342 2331 2387 est
2358 2333 2411 2386 in
2442 2332 2666 2401 regione
2709 2332 3081 2403 Assyriorum.
3126 2351 3145 2383 ι
3179 2332 3274 2388 His
3302 2346 3437 2387 vero

1854 2425 2124 2490 signilicat
2158 2423 2543 2494 Egyptiorum
2578 2423 2819 2478 virorum
2863 2424 3225 2495 irruptionem
3252 2442 3267 2480 :
3298 2439 3438 2495 quos

1856 2518 1931 2569 ait
1955 2531 2059 2570 non
2093 2517 2212 2570 sine
2236 2515 2347 2571 Deo
2372 2525 2634 2570 venturos
2675 2530 2800 2570 esse
2836 2517 2888 2571 in
2915 2516 3225 2572 Iudaeorum
3255 2518 3440 2588 regio-

1859 2621 1982 2660 nem
2007 2646 2022 2671 ,
2058 2607 2285 2662 Domino
2328 2623 2426 2676 per
2473 2608 2650 2662 solum
2687 2620 2879 2664 nutum
2920 2620 3334 2674 commovente,
3386 2622 3444 2664 et

1857 2700 2009 2767 quasi
2044 2699 2202 2755 sibilo
2232 2702 2505 2754 excitante
2529 2699 2649 2756 illos
2692 2717 2758 2756 ex
2789 2700 3023 2772 Egypto
3052 2717 3067 2755 ι
3099 2717 3201 2757 nec
3224 2717 3292 2756 ex
3324 2710 3441 2757 tota

1860 2791 1947 2844 illa
1970 2830 1985 2855 ,
2016 2792 2111 2846 sed
2141 2805 2205 2844 es
2254 2801 2406 2859 parte
2434 2792 2664 2862 quadam
2706 2794 2973 2861 ejusdem.
3003 2792 3098 2847 Vel
3120 2793 3245 2862 quia
3276 2793 3447 2865 Egy-

1860 2884 1956 2950 ptii
1987 2925 2001 2949 ,
2032 2897 2232 2938 cruore
2262 2892 2319 2939 et
2365 2885 2633 2955 sanguine
2668 2885 2734 2938 ab
2779 2886 2990 2955 impura
3028 2884 3336 2940 idololatria
3365 2886 3447 2941 ei-

1862 2976 1982 3030 reso
2008 2975 2446 3043 delectabantur,
2482 2978 2629 3047 ipsos
2654 2977 2858 3032 muscis
2902 2989 3186 3047 comparat
3218 2994 3233 3033 :
3272 2980 3445 3051 Assy—

1865 3070 2068 3121 riorum
2102 3077 2285 3123 autem
2328 3068 2577 3123 bellicam
2617 3069 2874 3124 virtutem
2903 3110 2917 3132 ,
2980 3070 3128 3138 quod
3158 3069 3232 3124 illi
3260 3066 3445 3125 hostili

1863 3162 2072 3232 spiculo
2095 3170 2401 3228 uterentur,
2433 3175 2499 3215 ac
2532 3162 2744 3216 caeteris
2775 3171 2901 3216 tunc
2920 3162 3174 3232 gentibus
3207 3162 3445 3233 impera-

1865 3261 2023 3317 rent,
2067 3252 2154 3323 api
2186 3251 2418 3306 similem
2448 3252 2599 3307 dicit.
2642 3251 2768 3307 Haec
2796 3267 2959 3323 porro
2997 3252 3269 3323 completa
3317 3262 3449 3310 sunt

1870 3354 2115 3417 tempore
2168 3346 2357 3415 prima:
2404 3344 2906 3416 Hierosolymorum
2967 3346 3305 3413 obsidionis,
3339 3363 3450 3417 quo

1864 3437 2103 3508 Egyptii
2128 3439 2347 3506 quidem
2376 3478 2391 3498 ,
2428 3454 2627 3493 muscae
2655 3440 2784 3493 dicti
2810 3479 2827 3503 ,
2869 3453 2992 3494 cum
3019 3453 3148 3509 rege
3173 3454 3273 3495 suo
3301 3438 3450 3493 Pba-

1866 3543 2034 3583 raone
2060 3530 2444 3598 irrumpentes,
2478 3528 2682 3585 .losiam
2723 3528 3220 3603 Hierosolymorum
3236 3547 3448 3599 regem,

1866 3618 2011 3675 inter
2037 3621 2363 3688 conspicuos
2397 3621 2791 3691 religiososqne
2838 3623 2984 3680 viros
3017 3624 3216 3679 nemini
3250 3640 3450 3680 secun-

1867 3709 1991 3765 dum
2021 3708 2431 3764 interfecerunt.
2482 3709 2597 3766 Non
2655 3714 2744 3768 diu
2804 3728 2929 3769 vero
2983 3724 3167 3783 postea
3219 3714 3449 3787 Babylo-

1867 3798 2079 3855 niorum
2130 3815 2227 3854 rex
2288 3799 2803 3868 Nabuchodonosor,
2849 3817 2972 3859 cum
3029 3806 3275 3861 exercitu
3337 3822 3453 3861 ma-

1869 3904 1973 3960 guo
2030 3892 2461 3961 superveniens,
2527 3894 2715 3949 urbem
2773 3897 2947 3964 ipsam
3003 3895 3250 3953 funditus
3299 3898 3449 3954 dele-

1865 3982 1986 4046 vit,
2038 3982 2405 4053 templumque
2449 3985 2730 4050 incendit,
2776 3997 2997 4059 totaque
3048 4000 3207 4061 gente
3253 3990 3307 4044 in
3355 4007 3451 4047 ca-

1867 4073 2171 4143 ptivitatem
2224 4077 2458 4131 abducta
2487 4118 2503 4142 ,
2554 4080 2891 4148 vastatisque
2935 4082 3157 4146 exteris,
3199 4082 3450 4147 urbibus,

1868 4163 2182 4222 Iudaeorum
2211 4168 2445 4238 regionis
2468 4170 2724 4241 Assyrios
2749 4171 3083 4229 habitatores
3110 4173 3414 4231 constituit.

179 4256 370 4317 sesua;
414 4254 632 4329 δῃώσας
677 4254 894 4319 πόλεις,
954 4257 1270 4329 Ἀσσυρίους
1321 4259 1613 4330 οἰκήτορας
1654 4258 1755 4328 τῆς
1798 4258 2064 4313 Ἰουδαίων
2089 4260 2393 4331 κατέστησε
2426 4260 2630 4334 χώρας.

253 4369 273 4402 ι
326 4349 426 4402 Ἐν
451 4350 522 4419 τῇ
550 4348 731 4420 ἡμέρα
763 4349 944 4420 ἐκείνῃ
972 4347 1146 4422 ξυριεϊ
1180 4348 1382 4421 Κύριος
1407 4349 1487 4421 τῷ
1516 4348 1662 4423 ξυρῷ
1688 4349 1761 4420 τῷ

1940 4351 2105 4406 Vens.
2136 4352 2228 4409 20.
2267 4370 2286 4404 ι
2328 4352 2383 4407 In
2423 4354 2511 4409 die
2556 4353 2643 4408 illa
2678 4357 2830 4411 radet
2874 4355 3139 4411 Dominus
3186 4357 3450 4413 novacula

179 4442 414 4513 μεγάλῳ
449 4440 549 4495 καὶ
584 4440 1007 4513 μεμεθυσμένῳ,
1058 4441 1087 4495 ὅ
1110 4443 1227 4496 ἐστι
1267 4442 1441 4513 πέραν
1470 4441 1565 4495 τοῦ
1600 4458 1765 4495 ποτα-

180 4535 280 4604 μοῦ
330 4531 437 4587 τοῦ
490 4532 757 4603 βασιλέως
820 4533 1143 4605 Ἀσσυρίων.
1193 4552 1212 4584 s
1264 4534 1339 4587 Οὐ
1374 4534 1474 4604 τὴν
1522 4533 1766 4606 κεφαλὴν

179 4623 270 4680 ..ιν
323 4626 504 4697 μόνην
559 4622 802 4696 ξυρήσει,
852 4624 952 4697 τὴν
994 4626 1161 4681 πάλαι
1535 4627 1625 4679 δτε
1666 4626 1768 4697 τῆς

180 4718 519 4789 οἰκουμένης
551 4717 810 4787 ἐκράτουν
845 4717 1141 4787 Ἀσσύριοι,
1172 4716 1311 4770 ἀλλὰ
1331 4717 1425 4770 καὶ
1455 4717 1554 4781 τὰς
1575 4717 1767 4789 τρίχας

183 4810 285 4864 τῶν
324 4809 534 4871 ποδῶν,
567 4808 765 4881 δηλαδὴ
789 4810 849 4863 τὸ
875 4810 1119 4881 ἀνδρεῖον
1154 4810 1360 4881 σχῆμα,
1400 4811 1495 4863 καὶ
1526 4813 1617 4863 τὸν
1648 4807 1766 4862 πώ-

185 4920 336 4968 γωνα
362 4921 379 4933 ’
422 4903 673 4956 τουτέστι
719 4903 808 4956 τὸν
845 4904 987 4958 κατὰ
1029 4902 1189 4972 φύσιν
1224 4902 1447 4974 ἀνδράσι
1495 4901 1771 4975 πρέποντα

187 4993 417 5064 κόσμον.
472 4994 646 5065 Ξυρδν
690 4993 748 5046 δὲ
795 4995 1204 5065 μεμεθυσμένον
1235 4994 1341 5048 ὑπὸ
1381 4994 1473 5048 τοῦ
1505 4995 1711 5067 Κυρίου
1743 4995 1772 5047 ὁ

195 5086 538 5157 προφητικδς
562 5086 789 5140 ἐκάλεσε
808 5085 963 5154 λόγος
992 5086 1177 5158 ’ἐτερόν
1197 5104 1251 5139 τι
1275 5086 1548 5156 πολεμίων
1572 5086 1728 5155 γένος
1756 5102 1771 5115 ·

195 5176 259 5229 δι’
286 5171 349 5229 οὗ
378 5178 471 5230 τὸν
510 5176 737 5247 βασιλέα
757 5176 863 5229 τῶν
904 5176 1223 5249 Ἀσσυρίων,
1248 5176 1446 5248 δηλαδὴ
1470 5176 1570 5247 τὴν
1595 5179 1774 5232 πᾶσαν

202 5268 375 5323 MV
410 5267 688 5338 βασιλείαν
718 5285 779 5320 τε
805 5267 900 5320 καὶ
929 5268 1245 5321 δυναστείαν
1276 5268 1527 5339 ξυρήσειν
1554 5266 1658 5338 ἔφη
1684 5268 1776 5321 τὸν

204 5359 347 5425 Θεὸν,
378 5359 747 5432 ώςταπεινήν
785 5360 981 5430 αὐτὴν,
1025 5361 1127 5413 καὶ
1178 5347 1459 5429 ἄνανδρον,
1510 5360 1605 5412 καὶ
1648 5359 1778 5412 άκο-

213 5467 334 5523 σμῦν
377 5456 792 5527 καιάσχήμονα
827 5450 1121 5521 δειχθῆναι.
1150 5451 1285 5521 Παρ’
1320 5449 1491 5520 ἑτέρῳ
1533 5448 1623 5514 δὲ,
1656 5450 1778 5503 ἀντὶ

1875 4458 2071 4514 magna
2121 4452 2177 4499 et
2228 4444 2494 4499 inebriata
2526 4484 2541 4510 ,
2598 4448 2743 4515 quod
2768 4458 2851 4503 est
2885 4448 3025 4503 ultra
3055 4448 3278 4506 ﬂuvium
3314 4450 3457 4523 regis

1872 4534 2244 4605 Assyriorum.
2286 4556 2306 4588 s
2350 4534 2465 4591 Non
2510 4549 2672 4606 caput
2700 4538 2875 4593 solum
2916 4542 3072 4597 radet
3110 4542 3238 4597 olim
3271 4557 3458 4597 coma-

1877 4635 1988 4680 tum
2007 4668 2021 4692 ,
2047 4642 2171 4683 cum
2214 4616 2427 4700 Assyrii
2454 4630 2575 4685 orbi
2609 4632 2980 4702 imperarent;
3011 4634 3104 4688 sed
3132 4635 3295 4688 etiam
3321 4635 3459 4703 pilos

1876 4717 2095 4786 pedum,
2132 4718 2343 4775 scilicet
2367 4721 2580 4777 virilem
2613 4722 2870 4790 formam,
2890 4733 2946 4779 et
2976 4708 3239 4791 barbam;
3274 4726 3325 4780 id
3349 4734 3459 4792 est,

1875 4820 2128 4864 ornatum
2165 4810 2309 4880 ,viris
2364 4817 2664 4869 secundum
2716 4824 2968 4870 naturam
3009 4826 3459 4874 consentaneum.

1876 4899 2207 4957 Novaculam
2236 4918 2366 4959 vero
2415 4920 2442 4959 a
2485 4904 2596 4959 Deo
2630 4905 2951 4961 iuebriatam
2981 4907 3125 4962 aliud
3158 4922 3328 4977 genus
3358 4907 3464 4963 ini-

1877 4995 2141 5049 micorum
2167 5007 2445 5067 nuncupat
2476 5000 2825 5069 propheticus
2848 5014 3032 5054 sermo
3065 5042 3079 5054 .
3113 5001 3273 5070 cujus
3296 5016 3458 5077 opera

1883 5097 2060 5154 regem
2096 5087 2459 5157 Assyriorum,
2490 5106 2586 5144 seu
2612 5100 2782 5144 totum
2811 5105 2998 5146 eorum
3028 5107 3253 5162 regnum
3285 5100 3339 5147 et
3363 5106 3461 5160 po-

1884 5177 2109 5231 tentiam
2153 5181 2479 5235 abrasurum
2532 5180 2700 5237 Deum
2742 5199 2864 5241 esse
2892 5186 3252 5254 prmnuntiat;
3302 5186 3376 5239 ita
3405 5194 3463 5239 ut

1883 5266 2106 5323 humilis
2126 5312 2141 5335 ,
2166 5271 2423 5340 imbellis,
2461 5275 2735 5347 incompta
2762 5318 2776 5342 ,
2809 5286 2863 5331 et
2892 5275 3150 5332 deformis
3180 5290 3459 5347 appareat.

1883 5358 1990 5416 Pro
2045 5362 2137 5418 tllo
2171 5372 2348 5419 autem
2377 5405 2394 5432 ,
2436 5384 2456 5419 ι
2500 5369 2767 5424 inebriata
2806 5369 3071 5425 novacula
3095 5408 3110 5434 ,
3153 5388 3173 5421 ι
3208 5370 3348 5425 alius
3383 5371 3470 5425 in-

1884 5460 2118 5523 terpres,
2153 5475 2172 5508 ι
2212 5460 2463 5517 mercede
2489 5461 2781 5530 conducta,
2825 5482 2843 5515 ›
2873 5463 3055 5518 habet.

215 5546 290 5599 τοῦ
308 5547 749 5622 μεμεθυσμένα)
772 5542 956 5613 ξυρῷ,
978 5543 1404 5613 μεμισθωμένῳ
1425 5540 1655 5613 εὓρηται
1681 5541 1855 5608 οὕτως
1878 5546 2104 5605 εἰπόντι.

248 5670 348 5746 (14)
376 5672 592 5731 Eadem
632 5658 1208 5746 planepHieronymus
1234 5661 1400 5717 habet
1432 5660 1499 5716 ad
1526 5658 1672 5716 hunc
1697 5660 1894 5719 locum.

239 5727 342 5822 (15}
366 5727 686 5805 Haec'itet'n
722 5732 873 5802 apud
911 5727 1321 5800 Hieronymum.

557 5841 880 5902 PATROL.
930 5827 1049 5888 Gtt.
1095 5827 1329 5891 XXIV.
