4100 6286
769 369 871 423 159

1427 364 1687 420 EUSEBll
1728 363 2203 421 CIESARIENSIS
2242 365 2392 419 OPP.
2433 362 2611 420 PARS
2649 365 2733 419 Ill.
2776 395 2846 407 -ο
2882 362 3289 419 EXEGETICA.

3883 367 3998 418 HO

838 484 994 536 Vsus.
1030 482 1128 546 21,
1164 482 1249 534 22.
1289 498 1308 532 ι
1345 481 1408 534 Et
1437 484 1542 536 erit
1577 484 1632 537 in
1661 482 1747 537 die
1774 484 1882 548 illa,
1913 484 2114 537 nutriet
2158 483 2287 537 h0m«

2388 535 2391 541 _
2493 500 2510 531 ι
2552 483 2658 535 Καὶ
2688 482 2838 535 ἔσται
2869 484 2924 533 έν
2952 481 3018 550 τῆ
3051 482 3233 552 ἡμέρᾳ
3262 479 3442 550 ἐκείνῃ
3475 475 3662 549 θρέψει
3695 479 4000 550 ἄνθρωπος

765 588 980 627 vaccam
1019 573 1177 627 boum
1203 611 1217 637 .
1242 584 1297 626 et
1323 573 1456 627 duas
1493 587 1642 629 oves.
1683 573 1750 628 Et
1777 575 1879 628 erit
1922 590 1951 628 a
1980 575 2132 644 copia
2158 574 2314 630 lactis

757 680 922 734 quam
952 663 1186 728 facient,
1214 675 1272 717 ut
1301 666 1550 735 butyrum
1588 675 1643 720 et
1671 665 1775 722 mel
1823 666 2067 720 comedat
2100 667 2272 722 omnis
2296 706 2312 730 ,

758 755 848 824 qui
876 755 1162 809 derelictus
1195 753 1358 808 fuerit
1400 754 1454 808 in
1486 764 1648 810 terra.
1688 774 1707 808 ι
1746 756 2054 811 Extremam
2087 771 2315 827 pauper-

761 855 926 900 tatem
954 855 1008 899 et
1035 845 1262 914 inopiam
1290 846 1374 899 his
1401 845 1704 901 subindicat
1729 864 1742 914 ;
1777 852 1882 903 imo
1909 846 2070 902 etiam
2092 859 2145 902 et
2176 849 2312 902 rari-

761 946 921 990 tatem
953 935 1199 989 frumenti
1243 935 1306 990 ad
1340 937 1517 991 cibum
1551 940 1938 1006 praestandum.
1988 937 2119 992 Nam
2168 939 2312 1008 quod

753 1041 862 1080 non
901 1026 1057 1080 boum
1090 1039 1300 1094 greges,
1357 1025 1450 1080 sed
1474 1041 1633 1080 unam
1669 1035 1870 1081 tantum
1905 1042 2124 1081 vaccam
2153 1030 2313 1082 homo

755 1116 1048 1184 possideat,
1077 1125 1131 1170 et
1157 1117 1299 1184 quod
1333 1131 1438 1170 non
1465 1117 1626 1182 ovile,
1678 1118 1771 1172 sed
1798 1119 1931 1172 duas
1957 1128 2162 1174 tantum
2185 1135 2312 1174 oves

753 1209 900 1271 alat,
948 1217 1200 1262 extrema:
1248 1208 1410 1264 fuerit
1478 1207 1670 1276 inopia:
1719 1221 2132 1280 argumentum;
2183 1212 2311 1279 quin

752 1301 911 1354 etiam
941 1301 1080 1368 quod
1110 1301 1350 1354 residuus
1377 1299 1428 1352 in
1457 1309 1599 1354 terra
1619 1301 1844 1369 populus
1875 1304 2066 1371 butyro
2105 1311 2309 1356 tantum

749 1399 804 1445 et
832 1390 989 1445 melle
1020 1391 1226 1456 alatur,
1255 1391 1304 1444 id
1336 1389 1530 1444 famem
1561 1391 1712 1461 panis
1739 1392 1999 1447 declarat.
2028 1393 2121 1448 Hic
2150 1407 2309 1462 porro

749 1491 866 1538 erat
916 1482 1135 1552 populus
1169 1485 1265 1536 sub
1297 1482 1519 1538 Godolia
1545 1522 1560 1548 ,
1596 1499 1756 1554 quem
1803 1487 1872 1540 ob
1907 1485 2162 1539 frumenti
2218 1501 2310 1554 pe—

749 1573 1000 1639 nuriam,
1048 1576 1236 1644 exiguo
1283 1588 1537 1642 pecorum
1574 1576 1714 1629 lacte
1759 1584 1814 1629 et
1861 1576 2053 1645 butyro
2099 1575 2151 1629 in
2203 1575 2304 1628 ali-

747 1672 987 1717 mentum
1037 1677 1256 1717 usurum
1303 1665 1629 1732 praenuntiat
1681 1681 1694 1715 :
1750 1664 1998 1718 universa
2047 1664 2302 1734 regione,

746 1754 816 1810 ob
845 1757 1076 1808 virorum
1099 1755 1422 1822 paucitatem
1450 1755 1500 1808 in
1521 1755 1790 1807 desertum
1815 1764 1870 1807 et
1900 1754 1950 1807 in
1974 1751 2157 1823 spinas
2180 1767 2304 1807 con-

746 1858 921 1898 versa.

816 2051 977 2107 Vsus.
1010 2051 1104 2106 25.
1151 2069 1170 2102 ι
1221 2052 1286 2105 Et
1311 2061 1412 2105 erit
1444 2053 1494 2106 in
1527 2052 1612 2108 die
1643 2052 1730 2106 illa
1758 2093 1773 2119 ,
1801 2055 1978 2108 omnis
2024 2053 2178 2108 locus
2209 2052 2298 2107 ubi

745 2145 943 2201 fuerint
989 2143 1134 2199 mille
1162 2145 1326 2199 vineae
1351 2183 1367 2208 ,
1423 2144 1567 2198 mille
1611 2145 1900 2211 siclorum,
1935 2148 1986 2198 in
2030 2147 2298 2201 desertum

743 2238 851 2291 erit
876 2247 931 2292 et
972 2237 1024 2290 in
1072 2236 1302 2306 spinam.
1350 2253 1368 2286 ι
1409 2234 1560 2301 Quod
1601 2237 1762 2306 igitur
1813 2245 1956 2291 terra
2006 2236 2205 2292 inculta
2243 2246 2296 2291 et

739 2328 910 2398 spinis
940 2326 1134 2383 referta
1185 2328 1257 2382 sit
1283 2367 1298 2390 ,
1332 2326 1602 2382 frumento
1633 2328 1882 2392 carebit;
1931 2343 2104 2398 neque
2135 2329 2298 2384 homo

737 2411 827 2489 qui
859 2420 1103 2475 residuus
1129 2421 1235 2474 erit
1261 2459 1277 2484 ,
1305 2426 1510 2472 natura!
1539 2419 1855 2488 congruenti
1884 2420 2028 2482 cibo,
2057 2427 2150 2474 aut
2173 2421 2298 2476 vino

739 2512 1028 2577 nutrietur,
1088 2511 1195 2564 imo
1221 2509 1397 2578 potius
1434 2509 1575 2563 lacte
1601 2549 1616 2574 ,
1643 2511 1856 2580 butyro,
1880 2521 1934 2564 et
1970 2511 2126 2566 melle
2151 2531 2165 2579 ;
2198 2512 2263 2567 iis
2283 2547 2296 2554 -

738 2616 843 2670 que
873 2617 977 2655 non
1010 2617 1040 2656 a
1073 2615 1360 2656 numeroso
1409 2599 1570 2655 boum
1601 2615 1763 2670 grege
1787 2639 1802 2665 ,
1837 2615 2012 2670 neque
2043 2601 2111 2656 ab
2140 2603 2298 2658 ovili-

735 2695 837 2747 bus
867 2693 1232 2761 congregatis,
1282 2690 1375 2744 sed
1403 2704 1468 2744 ex
1497 2690 1688 2744 ovibus
1717 2694 2038 2761 quibusdam
2078 2702 2134 2748 et
2177 2696 2295 2748 ani-

735 2780 963 2836 malibus
991 2778 1219 2835 miseris.
1247 2777 1378 2834 Nam
1406 2780 1542 2833 alius
1573 2794 1639 2834 ex
1669 2797 1772 2835 una
1801 2781 1992 2836 bucula
2013 2821 2031 2845 ,
2061 2782 2199 2837 alius
2229 2800 2293 2837 ex

734 2872 941 2927 duabus
968 2872 1157 2927 ovibus
1182 2872 1232 2926 id
1269 2872 1617 2926 mutuabitur.

804 3077 965 3133 Vsus.
994 3078 1084 3134 25.
1137 3096 1155 3130 ι
1216 3077 1281 3133 Et
1308 3077 1486 3132 omnis
1525 3091 1679 3133 mons
1723 3085 1905 3134 aratus
1928 3079 2196 3148 arabitur,
2237 3092 2291 3135 et

2414 574 2640 644 δάμαλιν
2667 574 2804 642 βοῶν
2846 575 2940 626 καὶ
2984 573 3077 626 δύο
3124 572 3392 644 πρόϐατα.
3428 573 3537 626 Καὶ
3565 573 3714 626 ἐσται
3748 573 3858 626 ἀπὸ
3887 573 3998 626 τοῦ

2415 667 2660 718 πλεῖστον
2691 669 2863 719 ποιεῖν
2897 666 3055 732 γάλα,
3094 664 3352 734 βούτυρον
3379 665 3474 718 καὶ
3509 664 3844 735 μέλιλφαγεῖν
3871 667 3997 727 πᾶς

2412 758 2441 806 ό
2470 756 2845 822 καταλειφθεὶς
2871 756 2961 808 ἐπὶ
2991 755 3087 826 τὴν
3117 756 3240 824 γῆν.
3289 775 3307 806 ›
3363 755 3643 826 Πτωχείαν
3665 773 3721 808 τε
3756 756 3852 809 καὶ
3879 773 3994 808 πε-

2414 849 2532 902 νίαν
2561 847 3004 918 ὑπερϐάλλουσαν
3031 846 3326 899 αἰνίττεται
3347 847 3433 899 διὰ
3452 847 3656 899 τούτων
3680 863 3692 876 ο
3724 846 3861 900 ἀλλὰ
3882 848 3992 900 καὶ

2413 937 2614 990 ἔνδειαν
2650 938 2742 989 καὶ
2771 936 2963 988 σπάνιν
2987 936 3085 1006 τῆς
3101 932 3206 988 ἀπὸ
3231 935 3324 988 τοῦ
3358 936 3502 988 σίτου
3532 937 3756 1007 τροφῆς⁶
3785 939 3846 990 τὸ
3868 940 3991 1011 γὰρ

2417 1029 2490 1098 μὴ
2522 1028 2654 1096 βοῶν
2680 1028 2900 1094 ἀγέλας,
2952 1028 3080 1089 μίαν
3109 1026 3164 1080 δὲ
3206 1027 3373 1098 ,ιόνην
3411 1027 3637 1098 δάμαλιν
3680 1029 3988 1100 κεκτῆσθαι

2413 1117 2715 1188 ἄνθρωπον,
2770 1118 2864 1170 καὶ
2906 1118 2966 1169 τὸ
3016 1117 3090 1188 μή
3136 1116 3385 1186 ποίμνιον
3436 1116 3742 1187 προϐάτων,
3791 1117 3885 1170 δύο
3918 1119 3994 1170 δὲ

2412 1208 2656 1280 πρόϐατα
2689 1209 2827 1277 μόνα
2853 1208 3095 1278 τρέφειν,
3122 1206 3222 1276 τῆς
3246 1207 3479 1276 έσχάτης
3509 1207 3574 1260 ἂν
3604 1209 3808 1274 γένοιτο
3835 1210 3990 1262 ἀπο-

2415 1302 2530 1370 ρίας
2559 1299 2823 1369 σύμϐολον
2852 1316 2865 1328 ⁸
2901 1298 3037 1352 ἀλλὰ
3065 1297 3160 1350 καὶ
3186 1297 3246 1349 τὸ
3276 1297 3519 1367 βουτύρῳ
3549 1299 3841 1369 τρέφεσθαι
3877 1300 3986 1351 καὶ

2414 1387 2586 1456 μέλιτι
2614 1387 2788 1440 πάντα
2828 1387 2919 1440 τὸν
2970 1385 3396 1454 καταλειφθέντα
3430 1386 3525 1437 ἐπὶ
3556 1388 3652 1456 τῆς
3683 1387 3785 1456 γῆς
3823 1388 3986 1450 λαὸν,

2409 1477 2563 1546 λιμὸν
2595 1477 2758 1546 ἄρτου
2791 1476 3137 1547 παρίστησιν.
3187 1471 3352 1538 Οὗτος
3374 1474 3432 1528 δὲ
3457 1470 3524 1546 ἦν
3565 1477 3593 1527 ό
3626 1477 3717 1529 ἐπὶ
3743 1471 3844 1529 ’τοῦ
3877 1478 3919 1529 Γ
3919 1495 3990 1531 o-

2408 1566 2576 1618 δολίου
2600 1567 2746 1630 λαὸς,
2777 1568 2835 1621 ὃν
2861 1568 2948 1620 διά
2977 1565 3207 1637 ἀπορίαν
3229 1566 3328 1636 τῆς
3347 1565 3454 1619 ἀπὸ
3482 1566 3630 1618 σίτου
3663 1568 3871 1639 τροφῆς
3913 1571 3985 1622 έν

2411 1656 2729 1728 βραχυτάτῳ
2774 1658 3103 1729 θρεμμάτων
3150 1657 3380 1726 γάλακτι
3432 1658 3525 1710 καὶ
3566 1657 3806 1731 βουτύρῳ
3836 1678 3983 1732 τρα-

2409 1750 2674 1819 φήσεσθαι
2750 1748 3155 1818 προαγορεύει,
3212 1750 3310 1818 τῆς
3365 1747 3548 1822 χώρας
3608 1753 3821 1821 ἀπάσης
3890 1755 3986 1816 εἰς

2332 1831 2372 1884 Β
2404 1841 2592 1910 χέρσον
2627 1843 2720 1892 καὶ
2759 1841 2997 1893 ἄκανθαν
3035 1840 3124 1893 διὰ
3169 1840 3377 1910 ἀνδρῶν
3422 1841 3660 1912 ἐρημίαν
3701 1842 3982 1915 μεταϐλη-

2403 1932 2608 2002 θείσης.

2473 2066 2491 2097 ‹
2534 2047 2641 2099 Καὶ
2662 2045 2812 2098 ἔσται
2835 2046 2892 2099 έν
2919 2046 2986 2116 τῇ
3015 2044 3197 2115 ἡμέρᾳ
3223 2045 3425 2116 ἐκείνῃ,
3455 2046 3562 2110 πᾶς
3587 2046 3750 2111 τόπος
3778 2040 3840 2101 οὗ
3872 2047 3981 2101 ἐὰν

2400 2131 2499 2190 ὦσι
2527 2138 2694 2207 χίλιαι
2724 2137 2979 2206 ἄμπελοι,
3021 2136 3206 2206 χιλίων
3234 2137 3453 2201 σίκλων,
3489 2140 3566 2201 είς
3603 2139 3794 2208 χέρσον
3819 2138 3981 2192 ἔσον-

2398 2246 2486 2282 ται
2520 2230 2612 2281 καὶ
2640 2229 2719 2291 είς
2760 2228 3019 2282 ἄκανθαν.
3077 2247 3095 2278 ι
3153 2229 3358 2282 Οὐκοῦν
3387 2230 3474 2282 διὰ
3518 2231 3579 2283 τὸ
3614 2231 3804 2303 χέρσον
3827 2227 3977 2287 εἶναι

2398 2320 2494 2388 τὴν
2521 2319 2625 2388 γῆν
2668 2320 2758 2372 καὶ
2782 2318 3033 2372 ἀκανθῶν
3089 2318 3293 2390 πλήρη,
3339 2323 3482 2374 σῖτον
3509 2321 3606 2392 οὐχ
3635 2321 3745 2386 ἕξει
3775 2339 3791 2353 °
3840 2322 3974 2378 οὐδὲ

2397 2412 2733 2483 τραφήσεται
2765 2412 2830 2480 τῇ
2881 2409 3021 2464 κατὰ
3051 2411 3212 2480 φύσιν
3250 2412 3534 2483 ἄνθρωπος
3579 2417 3752 2484 τροφῇ
3805 2431 3976 2487 περι-

2396 2504 2658 2574 λειφθεὶς,
2709 2503 2825 2558 ἀλλ’
2849 2503 2974 2556 οὐδὲ
3008 2503 3134 2574 οῐνῳ
3178 2505 3436 2575 χρήσεται
3464 2545 3478 2569 ,
3525 2504 3755 2574 γάλακτι
3781 2506 3837 2559 δὲ
3870 2507 3977 2560 καὶ

2398 2596 2664 2668 βουτύρῳ,
2699 2598 2793 2649 καὶ
2825 2595 3039 2666 μέλιτι·
3076 2595 3170 2648 καὶ⁵
3206 2595 3437 2660 τούτοις,
3469 2597 3566 2650 οὐκ
3592 2598 3700 2652 ἀπὸ
3725 2598 3975 2670 πλήθους

2395 2688 2592 2759 ἀγέλης
2625 2686 2780 2757 βοῶν,
2827 2687 2935 2740 οὐδ’
2960 2687 3067 2740 ἀπὸ
3113 2685 3377 2757 ποιμνίων
3410 2687 3696 2759 προϐάτων
3735 2707 3976 2758 συναγο-

2397 2781 2600 2852 μένοις,
2643 2780 2758 2833 ἀλλ’
2781 2779 2840 2843 ἐξ
2871 2778 3104 2832 εὐτελῶν
3141 2778 3236 2831 καὶ
3272 2778 3507 2850 οικτρῶν
3541 2779 3715 2845 ζώων.
3770 2782 3829 2836 '0
3860 2783 3974 2852 μὲν

2395 2874 2501 2944 γάρ
2532 2889 2615 2937 τις
2646 2873 2752 2926 ἀπὸ
2783 2873 2911 2942 μιᾶς
2942 2869 3246 2941 δαμάλεως,
3272 2872 3300 2925 6
3337 2871 3394 2925 δὲ
3419 2872 3526 2926 ἀπὸ
3553 2872 3646 2927 δύο
3674 2872 3974 2944 προϐάτων

2395 2967 2676 3036 ¹ποιήσεται
2702 2962 2896 3018 ταῦτα.

2473 3097 2491 3130 ι
2532 3077 2644 3131 Καὶ
2691 3077 2798 3130 πᾶν
2847 3076 2973 3147 ὅρος
3021 3073 3421 3149 ήροτριωμένον
3471 3076 3968 3148 ἀροτριωθήσεται,

734 3186 841 3224 non
872 3171 1047 3225 veniet
1074 3167 1199 3226 illuc
1232 3170 1394 3224 timor
1420 3188 1433 3224 :
1465 3171 1572 3226 erit
1612 3169 1754 3224 enim
1800 3183 1831 3224 a
1863 3169 2076 3227 deserto
2102 3181 2158 3226 et
2184 3173 2287 3242 spi-

2392 3172 2488 3225 καὶ
2534 3171 2593 3223 ού
2659 3169 2733 3241 μὴ
2791 3167 2994 3240 ἐπέλθῃ
3050 3171 3168 3223 ἐκεῖ
3215 3168 3378 3238 φόϐος
3418 3186 3432 3199 ο
3491 3169 3645 3224 ἔσται
3693 3169 3802 3244 γὰρ
3849 3170 3973 3225 ἀπὸ

732 3260 817 3314 nis
849 3259 900 3314 in
931 3272 1128 3329 pascua
1162 3258 1292 3315 ovis.
1331 3277 1350 3310 ι

1309 3365 1536 3424 CAPUT
1569 3365 1702 3421 Vlll.

798 3482 965 3538 Vsus.
998 3485 1048 3538 1.
1085 3501 1102 3536 ι
1145 3481 1213 3537 Ει
1233 3482 1367 3537 dixit
1398 3481 1654 3538 Dominus
1692 3483 1759 3537 ad
1805 3497 1925 3548 me,
1972 3480 2138 3540 Sume
2187 3482 2284 3537 tibi

727 3575 924 3630 librum
953 3589 1150 3630 novum
1177 3575 1434 3642 grandem
1469 3592 1483 3628 :
1507 3583 1562 3628 et
1609 3574 1786 3630 scribe
1814 3575 1866 3628 in
1908 3574 1999 3629 illo
2025 3576 2161 3645 stylo
2186 3573 2282 3628 bo-

727 3666 907 3720 minis.
945 3682 963 3716 ι
993 3663 1283 3734 Postquam
1315 3662 1472 3716 linem
1521 3664 1775 3716 narrandi
1817 3661 1944 3716 fecit
1984 3676 2046 3716 ea
2085 3676 2203 3730 quae
2229 3661 2279 3714 in

725 3756 1035 3813 memoratis
1056 3756 1244 3812 diebus
1268 3753 1450 3809 futura
1481 3762 1628 3820 sunt,
1662 3754 2036 3808 narrationem
2071 3754 2137 3809 de
2159 3766 2278 3807 ortu

725 3845 1093 3902 Emmanuelis
1123 3844 1364 3899 resumit.
1389 3842 1561 3912 Super
1583 3856 1688 3911 quo
1725 3843 1906 3897 domui
1937 3841 2105 3895 David
2141 3857 2279 3909 prae-

724 3951 935 4008 ceptum
968 3947 1084 3994 erat
1109 3979 1124 4003 ,
1152 3945 1211 3992 ut
1244 3935 1622 3991 incantationis
1658 3934 1775 3990 loco
1797 3934 2156 3989 Emmanuetis
2183 3947 2278 3987 uo-

725 4046 846 4084 men
896 4031 1205 4092 invocaret;
1249 4029 1406 4095 idque
1447 4041 1569 4082 cum
1620 4041 1713 4096 spe
1761 4041 1824 4081 ac
1873 4025 2105 4089 ﬁducia,
2136 4025 2278 4094 quod

722 4121 840 4192 ejus
867 4132 967 4190 ope
1002 4119 1068 4173 ab
1101 4119 1506 4174 imminentibus
1537 4119 1745 4174 duobus
1777 4118 1997 4188 regibus
2036 4116 2276 4172 liberan-

721 4212 788 4266 da
817 4211 906 4266 sit.
935 4209 1068 4276 Quia
1111 4223 1238 4264 vero
1278 4210 1458 4265 docuit
1488 4210 1888 4265 Emmanuelem
1933 4209 2085 4262 illum
2113 4247 2129 4272 ,
2161 4217 2277 4262 stu-

720 4302 949 4371 pendam
971 4310 1027 4355 et
1052 4299 1120 4354 ab
1142 4301 1375 4354 humana
1402 4309 1593 4354 natura
1621 4301 1849 4355 alienam
1875 4301 2274 4372 generationem

720 4393 1027 4448 habiturum
1063 4405 1182 4446 esse
1213 4407 1227 4444 :
1261 4405 1384 4444 nam
1412 4406 1476 4446 ex
1504 4392 1814 4459 incorrupta
1840 4391 2012 4460 puella
2043 4430 2059 4455 ,
2087 4401 2145 4444 et
2168 4393 2272 4443 vir-

723 4481 847 4548 gine
872 4478 1072 4548 nuptiis
1097 4489 1314 4549 experte
1342 4480 1653 4534 nasciturus
1690 4487 1802 4535 erat
1825 4497 1841 4546 ;
1864 4480 2149 4534 admodum
2182 4495 2276 4535 ne-

2386 3265 2484 3335 τῆς
2522 3263 2717 3335 χέρσου
2747 3263 2840 3315 καὶ
2872 3261 3114 3333 ἀκάνθης
3143 3263 3222 3326 εἰς
3255 3261 3505 3334 βόσκημα
3531 3261 3822 3334 προϐάτου.
3863 3282 3883 3314 ι

2904 3375 3296 3430 ΚΕΦΔΛΛΙΟΝ
3347 3377 3430 3431 Η’.

2459 3507 2476 3538 ι
2512 3488 2619 3540 Καὶ
2669 3483 2790 3540 εἷπε
2823 3486 3025 3558 Κύριος
3057 3489 3192 3559 πρὸς
3226 3488 3316 3560 μὲ,
3362 3489 3511 3543 Λάϐε
3553 3490 3762 3563 σεαυτῷ
3793 3492 3971 3564 τόμον

2381 3580 2563 3632 καινὸν
2593 3579 2786 3648 μέγαν,
2816 3579 2909 3631 καὶ
2931 3578 3137 3648 γράψον
3175 3581 3256 3642 εἰς
3297 3579 3457 3633 αὐτὸν
3487 3581 3711 3651 γραφίδι
3747 3581 3972 3653 ἀνθρώ-

2382 3689 2503 3726 mu.
2538 3691 2555 3722 ι
2583 3670 2908 3734 Συντελέσας
2933 3671 2961 3723 6
2985 3670 3141 3739 λόγος
3171 3671 3240 3724 τὰ
3263 3673 3600 3742 γενησόμενα
3624 3675 3683 3727 έν
3717 3671 3836 3739 ταῖς
3857 3692 3968 3729 κα-

2379 3759 2748 3829 ταλεχθείσαις
2786 3761 3051 3831 ἡμέραις,
3094 3760 3536 3832 ὲπαναλαμϐἀνει
3566 3763 3664 3835 τὴν
3703 3764 3969 3836 διήγησιν

2379 3850 2475 3921 τὴν
2503 3850 2630 3920 περὶ
2652 3849 2753 3919 τῆς
2779 3850 3081 3919 γεννήσεως
3107 3848 3202 3903 τοῦ
3242 3850 3605 3924 Ἐμμανουήλ·
3632 3852 3759 3924 περὶ
3787 3845 3848 3906 οὗ
3871 3855 3971 3927 τῷ

2379 3943 2511 4012 οῐκῳ
2561 3939 2724 3993 Δαυτδ
2766 3940 3160 4012 παρεκελεύετο
3186 3942 3308 3994 ἀντὶ
3345 3942 3560 4014 ἐπῳδῆς
3590 3943 3651 3996 τὸ
3686 3943 3779 3997 τοῦ
3825 3945 3966 4017 Ἐμ-

2382 4033 2617 4104 μανουὴλ
2669 4032 3041 4087 ἐπικαλεῖσθαι
3083 4034 3253 4104 ὄνομα
3275 4073 3290 4093 ,
3335 4032 3666 4104 θαρσοῦντος
3709 4035 3802 4089 καὶ
3857 4053 3964 4090 πι-

2380 4123 2654 4188 στεύοντος
2677 4124 2742 4177 δι’
2767 4123 2931 4178 αὑτοῦ
2961 4123 3299 4195 σωθήσεσθαι
3328 4125 3436 4178 ἀπὸ
3457 4126 3567 4179 τῶν
3591 4127 3961 4198 ἐπικειμένων

2377 4217 2557 4281 αὐτοῖς
2580 4216 2672 4271 δύο
2713 4216 2992 4287 βασιλέων.
3049 4217 3263 4288 Ἐπειδὴ
3291 4217 3347 4271 δὲ
3371 4218 3576 4284 ἐδίδαξε
3613 4219 3702 4275 τὸν
3741 4220 3962 4292 Ἐμμα-

2376 4308 2537 4379 νουήλ
2563 4308 2722 4377 ξένην
2753 4309 2875 4363 τινά
2907 4309 3000 4362 καὶ
3047 4309 3331 4381 ἀλλοτρίαν
3374 4311 3472 4381 τῆς
3505 4310 3702 4382 θνητῆς
3734 4311 3953 4380 φύσεως
4048 4359 4049 4362 η

2375 4398 2515 4463 ἕξειν
2539 4401 2810 4471 γέννησιν’
2859 4400 2920 4465 ἐξ
2955 4401 3282 4473 ἀδιαφθόρου
3328 4402 3437 4473 γὰρ
3480 4402 3715 4467 νεάνιδος
3759 4404 3852 4458 καὶ
3886 4404 3954 4470 ἐξ

2375 4492 2743 4563 ἀπειρογάμου
2793 4491 3059 4562 παρθένου
3102 4492 3476 4565 τεχθήσεσθαι,
3520 4494 3722 4564 σφόδρα
3778 4496 3949 4564 ἀναγ-

721 4572 960 4626 r~es<ario
989 4571 1244 4627 Dominus
1265 4612 1280 4637 ,
1325 4573 1414 4626 hic
1439 4613 1454 4638 ,
1498 4587 1602 4626 nor.
1635 4574 1813 4628 Achaz
1838 4613 1854 4640 ,
1890 4587 2063 4643 neque
2091 4575 2268 4627 domui

2388 4584 2544 4648 καίως
2579 4587 2635 4637 ὲν
2659 4585 2866 4647 τούτοις
2898 4585 3077 4648 αὐτοῖς
3102 4586 3131 4637 6
3157 4585 3378 4656 Κύριος,
3404 4585 3503 4639 οὐκ
3536 4585 3614 4638 ἔτι
3636 4584 3713 4656 τῷ
3755 4587 3944 4658 Ἀχὰζ,

718 4661 887 4729 ludas,
911 4663 1006 4717 sed
1043 4662 1141 4730 ipsi
1169 4661 1265 4716 soli
1296 4664 1586 4733 prophetae,
1621 4663 1936 4733 mysterium
1973 4665 2152 4716 arcani
2179 4678 2271 4717 or-

718 4764 802 4809 tus
825 4753 1189 4808 Emmanuelis
1217 4754 1416 4809 revelat
1452 4770 1468 4808 :
1502 4754 1768 4822 quomodo
1795 4752 1999 4808 scilicet
2033 4752 2267 4807 futurum

718 4847 790 4900 sit
823 4853 882 4898 ut
911 4845 1060 4915 virgo
1117 4845 1170 4898 in
1209 4853 1360 4900 utero
1403 4846 1673 4914 concipiat
1702 4853 1756 4899 et
1786 4845 1958 4913 pariat
1984 4843 2167 4897 lilium.
2205 4845 2263 4899 Ut

717 4934 895 5003 itaque
926 4949 986 4988 ea
1015 4949 1133 5004 qua:
1165 4935 1230 4988 ad
1262 4933 1658 4989 Emmanuelem
1691 4935 2031 5003 spectabant,
2063 4950 2165 4988 non
2198 4936 2262 4989 ad

714 5026 951 5080 omnium
987 5040 1145 5081 aures
1189 5034 1588 5096 spargerentur,
1638 5026 1730 5080 sed
1767 5025 1944 5095 potius
1985 5028 2035 5079 in
2071 5040 2268 5081 arcana

716 5117 946 5188 quadam
997 5119 1258 5188 scriptura
1311 5127 1697 5182 servarentur,
1749 5118 1903 5187 jubet
1953 5119 2265 5188 prophetam

717 5209 816 5263 sibi
847 5223 1059 5265 sumere
1087 5218 1289 5264 tomum
1322 5224 1521 5264 novum
1558 5216 1613 5263 et
1641 5225 1889 5280 magnum
1919 5248 1935 5275 ,
1967 5211 2079 5264 sive
2099 5249 2115 5274 ,
2158 5228 2176 5261 ι
2213 5211 2269 5264 li-

716 5301 871 5355 brum
895 5343 911 5366 ,
971 5321 989 5354 ι
1023 5317 1116 5357 seu
1141 5344 1156 5367 ,
1193 5321 1212 5354 ι
1264 5302 1630 5356 membranam
1658 5341 1674 5365 ,
1714 5319 1733 5354 ι
1766 5317 1861 5357 seu
1895 5319 1916 5354 ι
1958 5302 2204 5357 volumen
2244 5320 2262 5353 ι

717 5392 1008 5446 secundum
1058 5393 1337 5462 reliquos,
1388 5411 1407 5444 ι
1466 5393 1610 5464 stylo
1646 5394 1920 5461 hominis,
1972 5413 1990 5448 ι
2045 5395 2097 5449 id
2141 5404 2262 5460 est,

717 5495 966 5538 consueta
1013 5493 1066 5538 et
1116 5493 1240 5539 nota
1289 5485 1596 5540 hominibus
1641 5485 1948 5554 scriptura:
1981 5497 2062 5540 est
2105 5487 2262 5554 quip-

717 5589 782 5641 pe
813 5573 915 5628 alia
948 5575 1039 5629 Dei
1085 5576 1359 5646 Scriptura
1407 5593 1512 5633 non
1561 5577 1702 5648 stylo
1725 5576 1960 5633 hominis
2001 5588 2220 5634 exarata
2246 5618 2261 5642 ,

717 5665 812 5719 sed
843 5667 1037 5725 virtute
1067 5669 1156 5726 Dei
1188 5670 1370 5736 Verbi,
1405 5686 1508 5741 qua
1541 5670 1731 5742 dignos
1762 5670 1817 5728 in
1856 5671 1993 5729 libro
2021 5673 2142 5728 vita:
2172 5673 2263 5728 de-

721 5757 924 5812 scribit.

2375 4675 2497 4728 ούδὲ
2529 4675 2606 4745 τῷ
2632 4675 2766 4744 οἴκῳ
2821 4675 3008 4739 Ἰούδα,
3067 4675 3182 4729 ἀλλ’
3222 4675 3370 4746 αὐτῷ
3398 4675 3541 4746 μόνῳ
3568 4676 3645 4745 τῷ
3690 4679 3946 4753 προφήτῃ
4041 4721 4043 4723 ,

2371 4768 2431 4820 τὸ
2456 4769 2747 4839 μυστήριον
2774 4768 3144 4822 ἀποκαλύπτει
3170 4767 3268 4839 τῆς
3300 4768 3609 4841 ἀπορρήτου
3637 4771 3946 4840 γεννήσεως

2371 4855 2460 4908 τοῦ
2494 4857 2853 4928 Ἐμμανουήλ·
2876 4859 3023 4921 ὅπως
3045 4859 3077 4928 ἠ
3103 4857 3369 4927 παρθένος
3391 4861 3448 4912 ὲν
3473 4861 3668 4932 γαστρὶ
3693 4860 3941 4931 λήψεται,
4037 4903 4039 4910 ι

2367 4949 2461 5002 καὶ
2489 4948 2697 5015 τέξεται
2719 4951 2853 5002 υἱόν.
2889 4949 2981 5002 Ἴν⁹
3011 4947 3105 5005 οὖν
3126 4950 3196 5004 τὰ
3223 4951 3350 5022 περὶ
3378 4950 3472 5004 τοῦ
3489 4951 3828 5023 Ἐμμανουήλ
3860 4953 3940 5025 μὴ
4037 4945 4039 4949 ’

2366 5039 2574 5103 εἰςτὰς
2608 5040 2822 5094 πάντων
2863 5038 3030 5103 ἀκοὰς
3066 5038 3172 5093 τῶν
3204 5057 3336 5094 ποτε
3368 5042 3611 5114 χωρήσῃ,
3643 5040 3936 5113 φυλαχθείη
4035 5049 4037 5054 “

2365 5128 2421 5182 δὲ
2458 5131 2656 5200 μᾶλλον
2700 5132 2759 5185 ἐν
2802 5133 3094 5204 ἀπορρήτῳ
3142 5135 3346 5205 γραφῇ·
3397 5131 3936 5204 παρακελεύεταιτῴ
4033 5147 4035 5175 ι

2368 5223 2618 5293 προφήτῃ
2647 5221 2829 5275 λαϐεῖν
2855 5223 3030 5293 ἑαυτῷ
3071 5223 3232 5294 τόμον
3275 5223 3760 5293 καινὸν,ιμέγαν,ᾒ
3785 5224 3936 5276 ιτεῦ-
4031 5259 4033 5287 ί

2368 5327 2478 5379 χος,
2493 5311 2552 5381 »ἢ
2575 5311 2936 5384 ιδιφθέρωμα,
2951 5333 2968 5365 ι
2987 5313 3019 5384 ἢ
3039 5313 3349 5384 «κεφαλίδα,
3364 5333 3381 5364 ι
3402 5313 3675 5377 κατάτοὺς
3693 5313 3930 5379 λοιπούςθ
4029 5355 4031 5401 Ι

2373 5422 2391 5452 ι
2420 5404 2640 5474 γραφίδι
2666 5404 2969 5476 ἀνθρώπου,
2997 5425 3015 5457 ι
3041 5405 3306 5470 τουτέστι,
3337 5408 3402 5475 τῇ
3434 5403 3648 5476 συνήθει
3681 5407 3773 5458 καὶ
3793 5423 3934 5474 -γνω-
4028 5457 4029 5468 η

2369 5493 2621 5567 ριξομένῖὶ
2671 5495 2973 5566 ἀνθρώποις
3014 5499 3217 5570 γραφῇ·
3248 5492 3384 5552 εἶναι
3435 5496 3540 5570 γὰρ
3591 5497 3756 5570 ἄλλην
3796 5498 3930 5554 Θεοῦ
4028 5479 4029 5513 ‘

2366 5585 2604 5658 Γραφὴν,
2660 5589 2721 5641 οὐ
2765 5591 2983 5660 γραφίδι
3036 5587 3322 5663 ἀνθρώπου
3377 5590 3748 5662 γραφομένην,
3795 5592 3932 5648 ἀλλά

2365 5676 2587 5749 δυνάμει
2615 5679 2751 5733 Θεοῦ
2778 5681 2966 5749 Λόγου,
3008 5684 3130 5746 τοὺς
3173 5682 3352 5750 ἀξίους
3391 5684 3845 5758 ἀπογραφομένην
3873 5688 3929 5738 έν

2371 5771 2533 5834 ϐίϐλῳ
2559 5771 2788 5835 ζώντων.
