4100 6286
188 393 274 447 lu
1105 385 1602 442 COMMENTARIA
1639 384 1704 439 IN
1736 384 1999 441 ISAIAM.
2036 420 2106 429 —-
2141 388 2293 443 CAP.
2339 388 2472 444 VIII.

3336 391 3440 446 ΗΞ

251 524 269 555 ι
314 503 432 555 Καὶ
462 500 764 573 προσῆλθον
812 498 953 571 πρὸς
996 500 1094 564 τὴν
1128 500 1416 571 προφῆτιν,
1450 500 1543 551 καὶ
1584 498 1735 549 ἔτεκε

1942 497 2105 555 Vsus.
2134 502 2187 555 3.
2236 521 2254 551 ι
2295 500 2359 555 Et
2384 501 2589 555 accessi
2632 502 2700 556 ad
2730 502 3126 572 prophetissam
3154 541 3170 566 ,
3202 512 3255 557 et
3281 518 3441 572 pepe-

185 594 308 648 Je'v.
346 595 462 646 Kal.
494 588 614 644 εἶπέ
662 609 751 661 μοι
791 590 1027 661 Κύριος·
1060 591 1304 643 Κάλεσον
1350 590 1411 642 τὸ
1460 589 1632 659 ὄνομα
1672 590 1769 642 αῦ-

173 688 287 750 τοῦ,
322 686 548 756 ταχέως
570 683 887 747 σκύλευσον,
912 684 1075 747 ὀξέως
1101 682 1486 753 προνόμευσον.
1526 701 1544 732 ι
1591 682 1768 735 Ἐπεί-

172 796 278 852 περ
308 782 539 849 εἴρηται
569 776 854 847 ἀνωτέρω,
899 795 918 827 r
968 776 1098 828 Ἰδοὺ
1128 776 1159 845 ἡ
1198 774 1463 845 παρθένος
1486 775 1544 825 ὲν
1570 774 1766 843 γαστρὶ

170 876 431 945 λήψεται,
450 872 547 924 καὶ
572 868 784 934 τέξεται
807 870 944 930 υἱὸν,
972 886 990 919 ι
1031 868 1341 935 ἀναγκαίως
1373 868 1466 919 ἐπὶ
1491 866 1584 919 τοῦ
1621 883 1763 937 παρ-

168 968 348 1027 όντος,
414 963 537 1026 πῶς
583 962 651 1014 ἂν
687 961 896 1030 γένοιτο
941 959 1098 1013 τοῦτο
1128 958 1377 1027 διασαφεί
1403 958 1567 1020 αὐτὸς
1601 961 1630 1011 ό
1659 959 1765 1010 Κύ-

169 1074 284 1126 ριος
315 1056 504 1122 λέγων
526 1070 542 1085 ·
578 1073 597 1104 ι
634 1054 742 1106 Καὶ
773 1052 1075 1122 προσῆλθον
1118 1052 1253 1121 πρὸς
1288 1050 1386 1119 τὴν
1417 1049 1706 1119 προφῆτιν·
1737 1067 1755 1099 ι

165 1149 288 1201 ἀντὶ
324 1146 463 1209 τοῦ,
507 1144 649 1214 Ἐγὼ
670 1145 828 1207 αὐτὸς
869 1142 1300 1213 προσελεύσομαι
1337 1144 1404 1213 τῇ
1450 1141 1755 1213 προφήτιδι.

166 1240 458 1310 ngam-712w
493 1237 605 1309 γὰρ
634 1236 887 1307 ὀνομάζει
937 1234 1035 1305 τὴν
1073 1234 1164 1287 τὸν
1216 1232 1565 1304 Ἐμμανουὴλ
1612 1234 1759 1297 τεξο-

166 1334 370 1400 μένην,
409 1330 507 1382 διὰ
533 1328 595 1382 τὸ
629 1329 947 1398 Πνεῦματος
981 1326 1133 1393 ἁγίου
1184 1328 1471 1396 μετασχεῖν
1497 1325 1637 1378 κατά
1668 1326 1757 1376 τὸν

164 1424 427 1491 φήσαντα
453 1420 594 1490 πρὸς
641 1420 809 1488 αὑτήν
844 1436 856 1448 ·
894 1439 911 1470 ι
959 1419 1181 1488 Πνεῦμα
1220 1417 1375 1485 ἀγιον
1409 1417 1755 1469 ἐπελεύσεται

162 1514 251 1564 ἐπὶ
294 1513 387 1573 σὲ,
419 1512 518 1564 καὶ
544 1510 770 1582 δύναμις
809 1512 1061 1580 Ὑψίστου
1088 1508 1397 1563 ἐπισκιάσει
1424 1525 1526 1561 σοι.
1558 1529 1575 1560 ι
1606 1510 1751 1579 Αὕτη

161 1605 342 1657 τοίνυν
393 1607 428 1673 ἡ
482 1604 844 1675 δύναμις.τοῦ
892 1602 1168 1670 Ὑψίστου,
1211 1602 1245 1670 ἡ
1288 1600 1375 1652 διὰ
1416 1600 1513 1668 τῆς
1544 1618 1753 1671 προφη-

158 1696 307 1758 τείας
330 1697 602 1763 λέγουσα,
630 1715 649 1747 r
675 1696 769 1747 καὶ
796 1693 1099 1765 προσῆλθον
1121 1692 1256 1763 πρὸς
1281 1693 1379 1762 τὴν
1407 1695 1694 1763 προφῆτιν,
1726 1712 1745 1742 ι

157 1789 224 1841 τά
254 1790 537 1859 μέλλοντα
568 1790 644 1851 ὡς
676 1788 776 1859 ἤδη
812 1787 1071 1856 γεγονότα
1099 1784 1432 1857 διεξέρχεται
1464 1784 1604 1837 κατά
1632 1803 1749 1838 τινα

1872 591 1943 645 rit
1965 592 2153 646 ﬁlium.
2180 593 2246 648 Et
2281 595 2416 649 dixit
2440 595 2570 648 mihi
2601 594 2881 658 Dominus,
2907 596 3045 650 Voca
3076 613 3271 663 anen
3297 600 3437 667 ejus,

1868 683 1974 738 cito
2003 684 2170 752 spolia
2202 686 2431 739 detrahe
2455 725 2471 749 .
2504 689 2782 754 prrdare,
2812 686 3075 741 velociter
3110 690 3368 754 praeclare.
3414 710 3433 741 ι

1867 772 2001 839 Quia
2049 777 2251 831 dictum
2304 787 2387 833 est
2434 779 2683 845 superius
2710 820 2727 843 ,
2762 797 2782 829 ι
2821 779 2961 835 Ecce
3004 782 3153 837 virgo
3194 781 3247 833 in
3281 794 3441 837 utero

1865 864 2140 932 concipiet
2164 875 2217 919 et
2243 866 2418 933 pariet
2451 867 2642 927 ﬁlium,
2684 886 2701 919 ι
2739 869 3050 923 necessario
3077 873 3126 921 in
3157 872 3437 935 presenti,

1865 956 2133 1021 quomodo
2164 957 2215 1009 id
2264 956 2465 1012 factum
2517 959 2587 1011 sit
2630 960 2867 1015 declarat
2910 962 3025 1028 ipse
3059 962 3313 1014 Dominus
3354 964 3439 1020 his

1865 1047 2046 1101 verbis
2068 1086 2084 1111 ,
2122 1066 2140 1099 ι
2169 1048 2237 1101 Ει
2263 1050 2467 1105 accessi
2499 1050 2565 1104 ad
2592 1053 3027 1121 prophetissam;
3071 1074 3089 1106 ι
3124 1068 3189 1108 ac
3215 1057 3259 1109 si
3289 1058 3437 1112 dice-

1865 1146 1964 1202 ret,
1994 1152 2094 1207 ego
2124 1138 2239 1208 ipse
2269 1141 2323 1194 in
2350 1144 2751 1211 prophetissam
2780 1147 3177 1214 superveniam.
3204 1146 3439 1217 Prophe-

1866 1230 2047 1283 lissam
2076 1232 2272 1301 quippe
2308 1244 2465 1288 vocat
2492 1250 2610 1290 eam
2637 1276 2651 1301 ,
2687 1252 2810 1307 qua
2841 1238 3250 1295 Emmanuelem
3287 1242 3436 1309 pari-

1864 1330 1981 1377 tura
2007 1333 2110 1388 est,
2136 1326 2262 1392 quia
2299 1326 2533 1394 Spiritus
2562 1330 2737 1384 sancti
2765 1331 3038 1401 particeps
3064 1334 3207 1398 erit,
3239 1350 3436 1387 secun-

1859 1415 1984 1469 dum
2021 1415 2230 1469 dictum
2263 1417 2389 1495 illud
2421 1460 2435 1481 ,
2489 1438 2507 1470 ι
2558 1421 2795 1491 Spiritus
2821 1434 3042 1479 sanctus
3088 1429 3436 1495 superveniet

1859 1504 1909 1557 in
1946 1514 2017 1569 te,
2046 1513 2101 1559 et
2127 1507 2301 1563 virtus
2333 1486 2615 1564 ‘Altissimi
2638 1513 2986 1569 obumbrabit
3016 1516 3111 1571 tibi
3146 1486 3211 1571 '3.
3250 1536 3267 1567 ι
3310 1518 3434 1574 Hrec

1857 1596 2020 1666 igitur
2052 1596 2220 1653 virtus
2242 1599 2529 1669 Altissimi,
2558 1619 2679 1673 quae
2704 1620 2801 1674 per
2827 1609 3165 1676 prophetiam
3198 1611 3296 1671 ait,
3315 1630 3333 1661 ι
3370 1611 3434 1666 Et

1855 1688 2061 1743 accessi
2083 1691 2148 1742 ad
2166 1692 2584 1761 prophetissam,
2610 1714 2629 1747 ι
2657 1696 2835 1752 futura
2859 1701 3011 1769 quasi
3024 1702 3136 1769 jam
3158 1706 3431 1771 praeterita

1855 1790 2100 1835 recenset
2154 1782 2449 1837 secundum
2483 1786 2765 1853 quamdam
2800 1791 3169 1859 propheticam
3201 1810 3432 1850 consue-

157 1842 516 1952 upolp'qttxﬁv
550 1842 851 1951 συνήθειᾈ.
938 1879 1157 1950 Ταχέως
1189 1842 1500 1931 esuriendo»).
1538 1895 1556 1927 ι
1578 1877 1738 1941 Αὐτὸς

1855 1872 2117 1927 tudinem.
2156 1892 2176 1925 ι
2219 1874 2339 1929 Cito
2365 1842 2541 1946 spolia
2575 1842 2819 1935 detrahe:
2858 1842 3045 1951 .1...
3060 1842 3402 1953 £5.15;
3410 1927 3425 1949 .

154 1972 260 2041 ἄρα
313 1966 408 2041 ἦν,
446 1972 478 2024 ὁ
512 1971 610 2023 καὶ
647 1969 739 2021 τὸν
780 1968 947 2023 πάλαι
986 1966 1203 2037 ἰσχυρὸν
1249 1965 1340 2018 τὸν
1382 1961 1625 2015 διάϐολον
1657 1980 1752 2015 κα-

151 2063 419 2133 ταδήσας,
461 2063 557 2113 καὶ
586 2060 653 2112 τὰ
694 2060 865 2113 σκῦλα
893 2056 1059 2111 αὑτοῦ
1090 2057 1416 2127 διαρπάσας.

226 2173 245 2204 ι
275 2155 392 2207 Καὶ
438 2153 737 2224 προσέθετο
779 2150 983 2223 Κύριος
1030 2148 1261 2219 λαλῆσαί
1311 2166 1401 2220 μοι
1432 2150 1513 2203 ἔτι
1554 2149 1746 2219 λέγων,

151 2244 237 2295 itit
257 2244 324 2295 τὸ
346 2244 426 2313 μὴ
467 2241 752 2312 βούλεσθαι
788 2240 881 2292 τὸν
920 2238 1045 2291 λαὸν
1075 2236 1263 2289 τοῦτον
1291 2237 1351 2289 τὸ
1376 2234 1521 2307 ὕδωρ
1540 2236 1633 2289 τοῦ
1663 2237 1749 2288 Σι-

153 2334 331 2405 λωὰμ,
362 2335 426 2387 τὸ
484 2333 848 2404 πορευόμενον
890 2330 1085 2402 ἔλσυχῆ·
1130 2329 1264 2383 ἀλλά
1297 2328 1579 2398 βούλεσθαι
1606 2329 1747 2399 ἔχειν

151 2428 237 2479 τὸν
274 2426 564 2491 Ῥαασσὶν,
606 2426 698 2477 καὶ
715 2424 807 2478 τὸν
841 2422 955 2476 υίδν
994 2420 1289 2491 Ῥωμελίου
1320 2420 1542 2490 βασιλέα
1570 2423 1654 2489 ἐφ’
1688 2422 1748 2474 ὑ-

154 2520 291 2588 μῶν,
320 2538 339 2569 ι
381 2518 452 2570 Τί
474 2518 533 2571 δὲ
558 2516 715 2571 τοῦτο
752 2511 822 2587 ἦν
848 2516 911 2569 τὸ
938 2514 1081 2586 ὕδωρ
1100 2513 1193 2566 τοῦ
1209 2513 1465 2584 Σιλωάμς
1500 2514 1556 2566 Ὀ
1578 2516 1746 2582 ὲπηγ-

152 2611 413 2681 γελμὸος
446 2611 634 2673 αὐτοῖς
677 2607 1041 2679 Ἑμμανουὴλ,
1080 2626 1099 2659 ι
1124 2605 1281 2677 Πηγὴ
1312 2604 1593 2676 τυγχάνων
1620 2605 1747 2660 ὓδα-

151 2722 235 2768 τος
259 2702 571 2773 ἁλλομένου
606 2704 686 2765 εἰς
713 2700 857 2771 ζωὴν
890 2698 1128 2762 αἰώνιον,
1157 2717 1176 2751 s
1232 2699 1327 2752 καὶ
1354 2698 1505 2769 πηγὴ
1557 2698 1745 2761 ὕδατος

152 2796 525 2869 πορευομένου
580 2797 660 2859 είς
692 2794 837 2865 ζωὴν
879 2792 1079 2865 ἡσυχῆ.
1116 2792 1238 2846 Ἔτι
1269 2792 1375 2863 γάρ
1400 2791 1520 2844 τότε
1549 2790 1742 2846 λανθα-

152 2890 342 2952 νόντως
386 2888 487 2941 καὶ
522 2884 744 2957 ἡσύχως
783 2882 1171 2954 συνεπορεύετο
1196 2880 1275 2953 τῷ
1321 2882 1455 2952 λαῷ,
1496 2880 1742 2954 ἀρδεύειν

152 2980 304 3031 αὐτὸν
330 2979 433 3031 κα)⁸
467 2976 787 3029 ἐπισκοπεῖν
813 2972 1132 3044 βουλόμενος
1158 2972 1260 3035 τὰς
1293 2971 1492 3041 ψυχάς,
1520 2972 1610 3025 καὶ
1641 2990 1744 3043 μη-

148 3072 288 3123 ἆέτεω
318 3068 733 3141 κηρυττόμενος
765 3069 844 3129 είς
868 3066 1045 3119 πάντα
1079 3065 1147 3116 τὰ
1181 3063 1327 3134 ἔθνη.
1363 3063 1454 3116 Διὸ
1480 3063 1741 3135 κέκληται

150 3162 445 3233 προσφυῶς
471 3161 536 3214 τὸ
580 3158 747 3231 ὕδωρ,
781 3158 1145 3229 πορευόμενον
1202 3155 1401 3227 ἡσυχῆ,
1437 3157 1532 3210 καὶ
1587 3156 1739 3227 πηγὴ
1768 3184 1813 3248 ο

146 3256 229 3308 τοῦ
256 3254 505 3325 Σιλωὰμ,
537 3254 567 3306 ὅ
622 3254 768 3305 ἐστιν
812 3269 831 3301 ι
857 3248 1281 3319 ἀπεσταλμένος.
1309 3267 1329 3299 ι
1374 3248 1432 3301 '0
1465 3248 1521 3301 δὲ
1546 3248 1736 3302 ἐνταῦ-

144 3347 205 3398 θα
228 3342 715 3417 κατηγορούμενος
751 3341 857 3393 ὑπὸ
899 3338 993 3393 τοῦ
1025 3339 1231 3408 Κυρίου
1253 3338 1400 3402 λαὸς,
1434 3340 1493 3392 οὺ
1548 3339 1737 3409 βουλη-

144 3437 249 3499 θεὶς
272 3437 576 3489 πιστεῦσαι
602 3434 681 3504 τῷ
709 3432 1114 3504 προστάγματι,
1144 3433 1239 3484 καὶ
1262 3431 1353 3484 τὸν
1388 3430 1737 3501 Ἐμμανουὴλ

143 3528 337 3591 καλεῖν,
368 3526 433 3589 ὃς
452 3522 525 3595 ἦν
559 3524 703 3594 ῦδωρ
729 3522 790 3575 τὸ
812 3521 1170 3593 πορευόμενον
1194 3520 1390 3591 ἡσυχῆ,
1417 3518 1620 3591 ἔρημος
1644 3520 1734 3571 αὑο

141 3618 226 3671 τοῦ
246 3620 481 3687 γίνεται.
532 3616 686 3669 Ἐπεὶ
710 3614 888 3668 τοίνυν
916 3614 1133 3667 ἄπιστοι
1158 3611 1329 3677 ὄντες,
1360 3611 1591 3680 ἠγάπων

138 3710 221 3763 λιν
247 3709 586 3764 ὑποτάττειν
615 3708 841 3769 ἑαυτοὺς
870 3703 950 3775 τῷ
980 3703 1191 3774 βασιλεῖ
1232 3702 1547 3774 Δαμασκοῦ,
1573 3703 1607 3773 ἢ
1640 3701 1734 3771 βα-

143 3802 267 3855 σιλεῖ
296 3803 403 3873 τῆς
428 3800 773 3872 Σαμαρείας,
798 3798 1076 3868 πολεμίοις
1096 3792 1265 3861 οῦσιν,
1297 3796 1331 3866 ἢ
1375 3796 1633 3866 πράττειν
1666 3794 1731 3847 τά

1850 1964 1942 2031 qui
1974 1964 2124 2019 illum
2158 1967 2290 2021 olim
2327 1978 2599 2039 potentem
2634 1971 2903 2027 diabolum
2934 1974 3194 2046 alligavit,
3222 1991 3283 2030 ac
3305 1993 3428 2048 spo-

1851 2055 1919 2109 lia
1950 2056 2067 2123 ejus
2095 2059 2339 2129 diripuit.

1924 2146 2083 2203 Vsus.
2135 2150 2189 2216 5,
2240 2150 2295 2205 6.
2332 2169 2349 2202 ι
2390 2151 2459 2206 Et
2506 2154 2702 2223 adjecit
2753 2154 3006 2213 Dominus
3067 2158 3213 2228 loqui
3242 2161 3310 2216 ad
3342 2178 3429 2219 me

1849 2238 2044 2305 adhuc,
2093 2241 2326 2299 dicens:
2361 2244 2497 2310 Quia
2538 2260 2645 2299 non
2698 2248 2811 2301 vult
2836 2249 3070 2318 populus
3117 2251 3205 2307 hic
3227 2268 3424 2323 aquam

1851 2330 2075 2401 Siloam,
2104 2350 2227 2405 quae,
2258 2336 2443 2406 quiete
2470 2336 2623 2403 ﬂuit;
2658 2340 2752 2395 sed
2800 2344 2913 2396 vult
2962 2342 3164 2399 habere
3194 2345 3423 2403 Raassin

1848 2433 1903 2478 et
1933 2424 2099 2479 illium
2129 2426 2385 2483 Romeliae
2423 2428 2475 2482 in
2520 2445 2699 2501 regem
2745 2447 2912 2503 super
2949 2448 3065 2489 vos.
3107 2454 3127 2489 ι
3164 2435 3422 2503 Quanam

1849 2514 1935 2569 illa
1982 2528 2127 2597 erat.
2146 2534 2285 2589 aqua
2321 2520 2567 2576 Siloam?
2612 2522 2931 2581 Emmanuel
2984 2526 3077 2583 ille
3125 2530 3425 2599 promissus

1848 2607 2001 2677 ipsis,
2029 2604 2237 2680 quiest
2289 2630 2307 2664 ι
2346 2614 2467 2669 fons
2506 2630 2660 2685 aqua:
2690 2617 2933 2673 salientis
2964 2618 3019 2673 in
3056 2621 3223 2674 vitam
3274 2629 3426 2675 aeter-

1849 2713 1996 2763 nam,
2036 2718 2056 2753 ›
2090 2709 2145 2756 et
2171 2702 2293 2758 fons
2323 2719 2480 2773 aqum
2507 2704 2723 2761 liuentis
2746 2708 2814 2761 ad
2846 2710 3011 2763 vitam
3049 2711 3257 2781 quiete.
3273 2708 3426 2767 Tunc

1845 2792 1985 2844 enim
2012 2793 2178 2847 etiam
2202 2794 2437 2851 latenter
2456 2805 2511 2851 et
2535 2800 2717 2867 quiete
2746 2800 3028 2857 incedebat
3047 2818 3169 2858 cum
3200 2805 3426 2873 populo,

1846 2890 1905 2937 ut
1936 2882 2083 2938 illum
2114 2885 2387 2958 irrigaret,
2428 2898 2483 2944 et
2514 2890 2802 2949 animabus
2843 2908 3031 2950 eorum
3062 2898 3424 2969 prospiceret,

1844 2990 1968 3029 cum
1999 2977 2240 3033 nondum
2288 2981 2614 3050 praedicatus
2660 2983 2856 3041 fuisset
2887 2985 2942 3041 iu
2984 3002 3173 3044 omnes
3210 2998 3421 3059 gentes.

1845 3064 2208 3132 Quamobrem
2251 3069 2498 3140 apposite
2524 3086 2749 3143 vocatur
2776 3090 2914 3145 aqua
2960 3076 3145 3146 quiete
3172 3091 3426 3141 manans.

1844 3165 1897 3211 et
1921 3156 2041 3212 fons
2076 3158 2303 3227 Siloam,
2326 3162 2469 3230 quod
2504 3164 2791 3235 significat,
2825 3184 2844 3219 ι
2875 3169 3093 3224 missus.
3138 3190 3157 3222 ι
3188 3170 3426 3241 Populus

1843 3257 2025 3303 autem
2055 3249 2145 3305 hic
2176 3265 2206 3305 a
2244 3253 2473 3309 Domino
2514 3266 2821 3323 accusatus,
2862 3274 2984 3314 cum
3030 3261 3203 3330 jussui
3233 3277 3425 3332 parere

1844 3345 1897 3391 et
1926 3337 2334 3397 Ernmanuelem
2389 3358 2585 3402 vocare
2612 3348 2797 3411 nollet,
2848 3350 2939 3417 qui
2992 3362 3111 3407 erat
3156 3368 3298 3423 aqua
3331 3354 3427 3411 illa

1843 3429 2026 3497 quiete
2061 3446 2309 3499 manans,
2337 3434 2407 3489 ab
2434 3450 2501 3491 eo
2525 3439 2776 3494 desertus
2804 3449 2909 3496 est.
2941 3442 3079 3509 Quia
3118 3445 3301 3514 igitur,
3335 3447 3421 3501 in-

1846 3519 2032 3577 ﬁdeles
2077 3538 2201 3578 cum
2233 3538 2434 3593 essent,
2468 3530 2579 3600 regi
2628 3528 2877 3590 Damasd
2906 3543 2962 3589 et
3011 3536 3123 3606 regi
3155 3535 3422 3593 Samaria)

1844 3611 2079 3669 inimicis
2108 3615 2222 3671 suis
2253 3632 2375 3673 sese
2422 3620 2695 3690 subjicere
2732 3621 3043 3691 malebant,
3077 3642 3237 3697 quam
3265 3643 3418 3696 Jussa

1839 3707 2095 3776 exsequi;
2145 3708 2267 3765 ideo
2293 3713 2657 3768 comminatur
2696 3713 3005 3787 Scriptura,
3037 3718 3183 3789 ipsos
3206 3736 3311 3774 non
3352 3722 3420 3777 iis

1838 3796 2081 3851 subditos
2106 3797 2246 3865 fore,
2278 3801 2373 3857 sed
2402 3802 2517 3873 regi
2540 3803 2911 3875 Assyriorum.

136 3899 543 3970 καελευσμένα
562 3915 575 3928 ·
604 3896 793 3950 τούτου
824 3895 984 3968 χάριν
1010 3893 1223 3948 ἀπειλεῖ
1247 3895 1276 3947 ὁ
1322 3892 1480 3962 λόγος
1541 3891 1614 3963 μὴ
1654 3890 1881 3956 ἐκείνοις
1934 3894 2131 3960 αὐτοὺς
2182 3899 2525 3970 ὑποχειρίους
2550 3899 2790 3967 ἔσεσθαι,
2823 3903 2959 3957 ἀλλά
2982 3903 3061 3976 τῷ
3086 3904 3195 3960 τῶν
3224 3907 3416 3962 Ἀσσυ-

136 3994 258 4065 ρίων
290 3995 533 4065 βασιλεῖ.

200 4110 221 4142 r
241 4092 342 4145 Διά
376 4091 544 4144 τοῦτο
578 4089 688 4143 ἰδοὺ
713 4089 904 4157 ἀνάγει
950 4086 1155 4159 Κύριος
1183 4084 1448 4157 ἔφ’νὺμᾶς
1482 4084 1544 4137 τὸ
1576 4082 1719 4155 ὕδωρ

130 4181 213 4236 τσῦ
244 4181 527 4253 ποταμοῦ,
559 4182 621 4234 τὸ
657 4182 873 4252 ἰσχυρὸν
920 4181 1014 4239 καὶ
1064 4180 1126 4234 τὸ
1156 4177 1313 4244 πολὺ,
1358 4178 1448 4231 τὸν
1494 4177 1718 4247 βασιλέα

128 4274 228 4327 τῶν
265 4274 603 4346 Ἀσσυρίων,
646 4275 740 4327 καὶ
766 4273 863 4345 τὴν
892 4272 1049 4339 δόξαν
1076 4270 1242 4326 αὐτοῦ
1260 4287 1274 4301 ·
1326 4271 1419 4323 καὶ
1446 4268 1715 4341 ἀναϐήσε-

126 4385 207 4421 ται
233 4370 333 4421 ἐπὶ
366 4369 559 4420 πᾶσαν
591 4364 845 4435 φάραγγα
872 4364 1048 4435 ὑμῶν,
1085 4364 1181 4417 καὶ¹
1213 4361 1576 4433 περιπατίρει
1622 4360 1717 4413 ἐπὶ

126 4463 227 4513 πᾶν
253 4463 446 4529 τεῖχος
470 4458 650 4529 ὑμῶν,
686 4458 781 4511 καὶ
811 4458 1001 4527 ἀφελεῖ
1032 4457 1139 4509 ἀπὸ
1182 4456 1283 4525 τῆς
1330 4453 1587 4517 Ἰουδαίας
1620 4452 1714 4506 ἀν-

125 4551 359 4623 θρωπον.
386 4569 405 4601 ι
438 4548 589 4619 Πρὸς
615 4546 1016 4617 ἀντιδιαστολὴν
1034 4544 1143 4617 γὰρ
1167 4544 1260 4598 τοῦ
1297 4542 1490 4606 ὕδατος
1520 4542 1613 4596 τοῦ
1639 4544 1722 4596 Σι-

124 4641 271 4713 λωὰμ
298 4639 403 4694 τοῦ
436 4639 805 4711 πορευομένου
840 4637 1037 4709 ἡσυχῆ,
1071 4636 1132 4689 τὸ
1159 4636 1305 4707 ὕδωρ
1334 4634 1598 4705 ἀντέθηκε
1623 4634 1716 4688 τοῦ

128 4735 389 4806 ποταμοῦ,
423 4734 490 4787 τὸ
518 4733 731 4805 ἰσχυρὸν
758 4732 852 4785 καὶ⁵
869 4730 931 4785 τὸ
959 4727 1122 4783 πολύ·
1150 4724 1219 4799 ἦν
1245 4728 1305 4782 δὲ
1330 4721 1482 4790 οὗτος
1508 4729 1537 4780 ὁ
1572 4726 1718 4797 βασι-

126 4829 234 4892 λεὺς
262 4828 378 4881 τῶν
421 4826 747 4897 Ἀσσυρίων.
777 4823 1039 4878 Τοσοῦτον
1068 4822 1177 4893 γὰρ
1200 4819 1402 4892 πλῆθος
1427 4819 1577 4891 ἥξειν
1605 4819 1715 4873 τῶν

129 4923 391 4992 πολεμίων
422 4916 697 4984 θεσπίζει,
727 4918 801 4983 ὡς
836 4919 944 4971 πᾶν
959 4917 1020 4970 τὸ
1051 4915 1249 4979 πλάτος
1280 4914 1381 4985 τῆς
1420 4912 1712 4983 Ἰουδαῐκῆς

132 5015 291 5090 χώρας
322 5014 662 5088 πληρώσειν,
686 5007 1051 5082 ἀφαιρεθῆναι
1078 5007 1135 5061 δὲ
1171 5006 1259 5061 ἀπ’
1296 5006 1465 5076 αὐτῆς
1496 5003 1709 5075 ἀνθρω-

138 5125 236 5171 τον,
268 5109 326 5172 ὃς
354 5108 663 5179 δυνήσεται,
694 5103 932 5174 κεφαλὴν
964 5098 1115 5172 ἆραι,
1144 5099 1177 5171 ἢ
1210 5097 1433 5152 δυνατὸν
1461 5096 1707 5149 συντελὲ-

142 5201 306 5255 saxea!
332 5208 415 5269 τιξ’
460 5199 539 5265 ὡς
568 5195 775 5271 μηκέτι
804 5192 1041 5264 κεφαλὴν
1077 5191 1273 5253 αὐτοὺς
1294 5190 1438 5259 ἔχειν
1472 5187 1565 5241 τοῦ
1600 5186 1708 5240 λοι-

1900 4083 2063 4140 Vens.
2096 4086 2149 4151 7,
2179 4086 2235 4143 8.
2266 4086 2388 4143 Ideo
2409 4102 2536 4144 ecce
2565 4089 2789 4145 reducet
2824 4090 3086 4149 Dominus
3112 4106 3278 4164 super
3315 4110 3413 4150 vos

1824 4190 2021 4246 aquam
2075 4175 2336 4245 ﬂuminis,
2386 4179 2583 4236 fortem
2626 4190 2683 4237 et
2720 4182 2969 4250 multam,
3025 4200 3208 4255 regem
3245 4188 3409 4256 Assy-

1824 4268 2029 4323 riorum
2059 4280 2117 4325 et
2149 4270 2377 4339 gloriam
2408 4275 2529 4343 ejus
2558 4291 2572 4329 :
2602 4284 2659 4330 et
2684 4276 2942 4332 ascendet
2986 4292 3151 4347 super
3183 4293 3405 4333 omnem

1822 4363 2015 4418 vallem
2046 4375 2306 4431 vestram,
2340 4376 2396 4421 et
2422 4367 2726 4424 ambulabit
2746 4383 2911 4439 super
2935 4385 3151 4425 omnem
3188 4385 3403 4426 murum

1821 4462 2085 4520 vestrum,
2114 4464 2170 4509 et
2198 4454 2409 4511 auferet
2443 4473 2470 4511 a
2497 4456 2683 4513 Judzea
2716 4460 3014 4515 hominem.
3046 4480 3066 4513 ι
3099 4462 3181 4516 Ad
3209 4460 3402 4516 discri-

1822 4560 1944 4601 men
1976 4560 2134 4616 aqute
2171 4528 2399 4613 Siloam,
2433 4549 2619 4619 quiete
2645 4551 2940 4616 manantis,
2978 4566 3177 4621 aquam
3216 4551 3397 4606 flumi-

1819 4638 1905 4693 nis
1933 4638 2125 4694 fortem
2159 4650 2215 4694 et
2261 4642 2483 4695 multam
2512 4644 2764 4712 opposuit
2797 4660 2811 4694 :
2845 4659 2968 4714 qua:
3017 4654 3136 4699 erat
3175 4658 3272 4700 rex
3297 4645 3400 4699 As-

1817 4731 2110 4801 syriorum.
2139 4730 2369 4786 Tantam
2395 4732 2541 4787 enim
2571 4734 2805 4789 hostium
2832 4735 3235 4791 multitudinem
3260 4752 3392 4791 ven-

1819 4831 1992 4877 turam
2025 4824 2379 4889 vaticinatur,
2419 4834 2475 4877 ut
2504 4838 2723 4881 omnem
2757 4824 3000 4883 Iudaica:
3029 4827 3267 4899 regionis
3316 4828 3395 4881 la-

1818 4917 2097 4972 titudinem
2151 4918 2395 4988 impleat,
2445 4928 2501 4974 et
2539 4920 2607 4975 ab
2659 4936 2722 4975 ea
2768 4913 3051 4977 auferatur
3080 4922 3265 4989 homo,
3300 4924 3392 4992 qui

1812 5009 1983 5078 possit
2008 5016 2172 5078 caput
2197 5009 2483 5074 extollere,
2523 5020 2618 5067 aut
2644 5012 2921 5081 quidpiam
2970 5012 3234 5082 perlicere
3272 5031 3284 5067 :
3319 5014 3389 5067 ita

1814 5106 1869 5149 ut
1907 5096 2161 5167 deinceps
2191 5098 2265 5151 illi
2301 5110 2465 5169 caput
2490 5115 2597 5157 non
2625 5102 2882 5168 habeant,
2914 5102 2965 5157 id
3001 5113 3089 5157 est
3116 5103 3391 5172 principes

1809 5197 1865 5242 et
1894 5202 2065 5274 reges.
2098 5188 2231 5255 Quae
2270 5192 2447 5261 reipsa
2484 5203 2783 5248 evenerunt
2814 5192 3061 5250 Jeremiae
3113 5190 3390 5265 prepbetaé

147 5291 240 5353 τοῦ,
270 5293 559 5355 τουτέστιν,
590 5290 871 5360 ἀρχοντας
892 5284 983 5335 καὶ
1014 5281 1286 5352 βασιλέας.
1315 5282 1492 5349 "Amp
1521 5278 1588 5331 δι’
1610 5276 1700 5348 ἔρ-

1843 5293 2071 5349 :mpore,
2103 5296 2213 5351 quo
2254 5283 2566 5352 irrumpens
2598 5282 3101 5343 Nabuchodonosor
3151 5301 3243 5342 rex
3290 5289 3390 5341 Asc

149 5396 227 5447 ’των
246 5382 421 5457 ἐχώρει
453 5384 551 5440 ἐπὶ
585 5379 707 5435 τῶν
748 5373 1013 5447 Ἰερεμίου
1046 5372 1137 5426 τοῦ
1164 5371 1443 5445 προφήτου
1467 5369 1695 5441 χρόνων,

142 5476 225 5533 746'
250 5479 331 5548 οὓς
353 5478 601 5542 ἐπιστάς
644 5464 1134 5537 Ναόουχοδονόσορ
1174 5466 1203 5517 ὁ
1241 5463 1347 5518 τῶν
1397 5461 1699 5533 Ἀσσυρίων

120 5572 328 5650 Ws.
354 5578 522 5642 τέλος
552 5567 759 5639 ἐπῆγε
794 5557 1371 5659 τοξς-ῖτροξιρῃμέξοις-
1448 5650 1464 5659 ι
1563 5647 1589 5659 η

151 5681 266 5739 ιΚιὶ
313 5680 481 5737 ἐσται
521 5672 561 5748 ἡ
625 5652 980 5735 παρεμβολὴ
1009 5650 1195 5719 αὐτοῦ,
1237 5651 1376 5705 ὥστε
1407 5650 1697 5721 πληρῶσαι

78 5882 211 5942 "an
242 5898 277 5955 ι,
303 5878 398 5936 55-

1803 5370 2103 5441 syriorum,
2136 5374 2518 5443 praenuntiatis
2548 5374 2710 5431 finem
2745 5375 3023 5444 imposuit.

1882 5664 1900 5697 ι
1938 5646 2003 5705 Et
2029 5648 2139 5707 erit
2180 5648 2459 5707 exercitus
2486 5649 2632 5720 ejus,
2677 5658 2737 5706 ut
2775 5650 2999 5719 impleat
3043 5650 3382 5708 latitudinem
