4100 6286
746 367 851 426 14⁸5

1405 360 1665 420 EUSEBII
1702 360 2174 419 CIESARIENSIS
2212 361 2362 418 OPP.
2404 359 2584 416 PARS
2620 360 2711 415 lll.
2751 389 2818 402 —
2857 357 3271 416 EXEGETICA.

3864 353 3980 409 144

747 483 980 554 regionis
1028 491 1163 545 tute,
1215 481 1498 538 Nobiscum
1567 484 1726 540 Deus.
1767 505 1786 537 ι
1839 483 1962 540 [huc
2001 499 2215 554 quoque
2247 485 2286 538 it

2402 484 2462 536 τὸ
2489 483 2688 552 πλάτος
2718 481 2816 552 τῆς
2843 479 3023 553 χώρας
3069 497 3185 542 σου,
3220 477 3356 533 Μεθ’
3378 475 3530 548 ἡμῶν
3569 476 3599 527 6
3631 474 3779 535 Θεὸς.
3804 493 3822 526 ι
3856 474 3979 525 Καὶ

744 576 929 629 eodem
964 572 1324 628 Emmanuelis
1353 584 1669 644 argumento
1706 575 1996 629 insistunt:
2031 574 2286 642 incipiunt

2392 573 2563 627 ταῦτα
2592 572 2690 641 τῆς
2744 572 2872 644 περὶ
2900 571 2990 624 τοῦ
3037 568 3382 640 Ἐμμανουήλ
3419 568 3598 638 ἔχεται
3625 565 3935 626 ὑποθέσεως
3957 580 3971 592 ⁸

742 666 885 718 enim
935 664 1003 718 ab
1049 665 1427 728 Emmanuele,
1498 666 1639 734 quod
1681 666 1976 735 signiﬁcat,
2024 665 2291 718 nobiscum

745 757 902 821 Deus,
945 759 1227 828 cognoscite
1253 765 1460 826 gentes;
1505 771 1570 812 ac
1616 772 1828 812 rursum
1859 757 1911 812 in
1943 756 2046 811 ﬁne
2072 766 2291 812 senten-

742 847 862 900 tiae:
897 865 915 898 ο
958 847 1022 900 Ει
1067 859 1243 900 sermo
1287 862 1443 915 quem
1493 847 1782 917 loquemini
1837 863 1944 903 non
1980 857 2195 904 maneat
2235 849 2288 902 in

741 937 912 1002 vobis,
965 937 1086 1005 quia
1128 938 1405 992 nobiscum
1450 937 1635 994 Deus:
1676 958 1695 992 ι
1730 941 1924 996 iterum
1980 939 2290 994 Emmanuel

741 1029 916 1084 dictus
940 1038 1043 1086 est.
1075 1028 1365 1099 Postquam
1405 1045 1535 1100 ergo
1561 1031 1816 1099 prOpheta
1847 1038 2172 1085 memoratos
2196 1031 2288 1086 bo-

741 1124 912 1177 mines
952 1132 1282 1193 coarguerat,
1326 1126 1464 1194 quod
1501 1125 1816 1187 noluissent,
1865 1125 2112 1180 invocato
2158 1123 2288 1177 Em-

740 1217 1001 1278 manuele,
1039 1218 1273 1274 inimicis
1306 1220 1608 1290 superiores
1648 1219 1899 1285 evadere,
1942 1219 2057 1290 ipse
2096 1233 2162 1273 ex
2191 1232 2286 1273 sua

735 1317 792 1364 et
819 1311 899 1363 sui
931 1309 1183 1365 similium
1236 1326 1460 1382 persona
1515 1311 1912 1367 Emmanuelem
1962 1311 2180 1367 invocat
2208 1312 2286 1366 di-

735 1409 861 1450 cens
882 1414 894 1450 Σ

803 1484 969 1540 Vens.
998 1486 1052 1552 9,
1089 1486 1174 1541 10.
1205 1507 1224 1540 ι
1248 1487 1534 1544 Nobiscum
1560 1488 1720 1544 Deus.
1751 1487 2072 1561 Cognoscite
2101 1503 2287 1561 gentes

735 1583 784 1626 et
816 1574 1110 1640 vincimini,
1153 1585 1207 1629 et
1255 1574 1436 1630 audite
1471 1591 1642 1648 usque
1668 1578 1733 1632 ad
1755 1586 2053 1633 extremum
2085 1587 2241 1633 terrae
2268 1595 2283 1630 :

734 1665 822 1733 qui
852 1664 1024 1720 fortes
1053 1665 1251 1730 fuistis,
1275 1666 1547 1721 vincimini
1584 1685 1598 1720 :
1634 1683 1756 1722 nam
1800 1669 1843 1724 si
1881 1669 2076 1725 iterum
2121 1670 2286 1725 fortes

735 1756 873 1820 sitis,
900 1756 1091 1810 iterum
1118 1756 1401 1812 vincemini
1431 1773 1444 1810 :
1500 1769 1553 1814 et
1587 1761 1630 1814 si
1666 1759 1951 1814 consilium
1979 1761 2198 1826 ineatis,
2233 1761 2283 1816 id

735 1847 1014 1917 dissipabit
1059 1847 1313 1903 Dominus
1361 1868 1376 1904 :
1429 1858 1480 1902 et
1539 1853 1755 1905 verbum
1803 1851 1942 1920 quod
1989 1851 2279 1921 loquemini
2317 1827 2354 1880 Β

731 1953 838 1993 non
867 1938 1102 1994 manebit
1131 1940 1182 1993 in
1213 1940 1383 2005 vobis,
1412 1941 1534 2011 quia
1570 1941 1844 1997 nobiscum
1875 1941 2036 1999 Deus.
2067 1963 2086 1996 ι
2108 1943 2277 2012 Quem
2323 1973 2343 1994 κ

731 2043 860 2087 vero
897 2032 1268 2103 cognoscetis?
1308 2032 1482 2102 Ipsum
1526 2032 1929 2090 Emmanuelem
1965 2053 1982 2091 :
2014 2051 2138 2090 nam
2187 2052 2281 2106 po-

729 2123 888 2192 pulus
914 2138 980 2178 ex
1016 2122 1429 2178 circumcisione
1467 2133 1638 2194 neque
1669 2125 1923 2195 cognovit
1961 2126 2156 2195 ipsum.
2187 2141 2280 2180 ne-

727 2228 833 2281 que
881 2213 1183 2283 intellexit,
1225 2227 1394 2279 neque
1447 2215 1744 2284 pr0pbetiae
1791 2213 2013 2270 credere
2064 2215 2276 2270 voluit:

732 2306 826 2358 sed
857 2319 953 2358 nec
995 2304 1162 2359 victus
1189 2314 1294 2368 est,
1321 2320 1420 2358 nec
1448 2313 1714 2376 praecepto
1759 2320 1818 2359 se
1864 2305 2125 2360 subdidit.
2175 2305 2280 2362 Vos

729 2405 906 2449 autem
932 2403 1136 2466 gentes,
1176 2397 1426 2450 notitiam
1462 2397 1599 2465 ejus,
1639 2398 1727 2465 qui
1765 2398 1816 2450 in
1857 2397 2137 2465 prophetia
2173 2397 2281 2451 fer-

723 2493 838 2546 tur,
877 2485 1132 2555 accipite,
1160 2493 1320 2555 atque
1359 2486 1474 2542 bac
1521 2486 1895 2557 intelligentes,
1937 2488 2101 2543 nolite
2140 2488 2282 2543 relu-

727 2579 897 2641 ctari;
947 2578 1041 2632 sed
1092 2577 1366 2633 vincimiui
1409 2579 1668 2646 superati.
1710 2576 1905 2634 Audite
1955 2589 2278 2648 praeceptum

729 2685 824 2724 vos
858 2683 1066 2733 omnes,
1114 2669 1201 2738 qui
1247 2683 1416 2739 usque
1445 2668 1510 2723 ad
1541 2678 1842 2724 extremum
1876 2680 2032 2726 terras
2070 2672 2282 2727 habita-

728 2761 794 2816 tis
826 2776 924 2815 :ac
949 2761 992 2815 si
1022 2761 1110 2828 qui
1140 2761 1192 2813 in
1221 2760 1371 2815 vobis
1399 2759 1566 2815 fortes
1592 2775 1657 2814 ac
1696 2768 1962 2830 potentes,
1994 2761 2162 2816 verbo
2193 2777 2282 2817 ce-

724 2852 838 2907 dite
869 2851 996 2906 victi
1029 2858 1083 2905 et
1115 2851 1385 2919 superati;
1439 2849 1600 2920 idque
1628 2849 1884 2906 alacriter
1930 2853 2094 2923 agite,
2128 2853 2280 2922 gnari

724 2945 825 2997 etsi
849 2942 1145 3008 nolueritis,
1178 2940 1261 2994 vel
1288 2941 1492 2996 invitos
1517 2942 1843 3009 superandos
1873 2951 2030 2998 esse.i
2055 2944 2204 3010 Quod
2237 2946 2282 2999 si

725 3034 820 3089 Dei
849 3034 1074 3089 consilio
1097 3042 1473 3104 repugnantes,
1510 3037 1786 3090 machinas
1818 3036 2072 3104 quasdam
2101 3047 2154 3091 et
2202 3037 2284 3091 in-

719 3127 892 3179 sidias
921 3122 1223 3178 struxeritis
1243 3132 1430 3178 contra
1461 3125 1678 3177 verbum
1702 3137 1732 3177 a
1763 3138 1868 3192 quo
1892 3125 2191 3191 vocamini;
2225 3133 2286 3178 ut

726 3215 908 3268 inania
943 3214 1176 3282 aggressi
1199 3212 1513 3282 arguemiui.
1543 3211 1666 3266 Haec
1705 3227 1862 3282 porro
1883 3213 2131 3280 dicimus,
2157 3213 2280 3284 quia

726 3306 1002 3358 nobiscum
1034 3303 1367 3356 Emmanuel.

797 3393 960 3448 Vens.
990 3394 1076 3447 Η.
1116 3411 1133 3443 ι
1175 3392 1265 3448 Sic
1296 3393 1427 3446 dicit
1457 3391 1712 3446 Dominus
1744 3392 1921 3446 manui
1957 3391 2080 3447 forti
2115 3409 2129 3444 :
2169 3392 2282 3448 Non

725 3488 1093 3556 obsequuntur
1118 3485 1352 3539 iucessui
1392 3485 1442 3537 iu
1483 3485 1566 3537 via
1599 3484 1774 3552 p0pu|i
1808 3485 1986 3553 hujus.
2027 3503 2046 3534 ι
2069 3484 2286 3539 Transit

727 3592 853 3647 ergo
886 3579 954 3632 ad
978 3576 1253 3631 Iudaicum
1281 3576 1530 3646 papulum
1552 3616 1568 3641 ,
1606 3576 1886 3644 ipsumque
1924 3587 1980 3630 ut
2004 3576 2125 3631 l‘orti
2172 3591 2285 3630 ma-

727 3669 817 3723 nui
846 3669 1248 3737 immorigerum
1275 3667 1537 3736 coarguit.
1572 3664 1704 3720 Nam
1732 3666 1799 3719 ab
1829 3666 1914 3719 illa
1942 3669 2133 3731 vocati,
2161 3682 2283 3721 cum

725 3758 947 3828 obsequi
981 3757 1324 3827 oportuisset,
1361 3756 1432 3809 illi
1466 3764 1652 3810 contra
1703 3771 1808 3811 nun
1841 3756 2286 3826 obtemperabant

727 3865 791 3904 ac
820 3848 1277 3906 contradicebaut.
1321 3845 1398 3902 Ne
1438 3847 1648 3912 dicatis,
1697 3847 1890 3916 inquit,
1942 3847 2132 3902 durum
2167 3861 2285 3902 esse

728 3953 1050 4018 8ermonem,
1101 3937 1243 4007 quod
1287 3946 1530 4007 oporteat
1571 3937 1863 4017 abscedere
1908 3951 1937 3992 a
1989 3937 2072 3990 via
2104 3936 2281 4006 populi

730 4033 926 4103 hujus:
966 4046 1087 4084 nam
1116 4030 1201 4084 hic
1227 4029 1436 4098 quidem
1465 4027 1687 4097 populus
1722 4028 1910 4082 durum
1957 4027 2104 4081 illum
2133 4028 2284 4082 msti-

732 4136 879 4192 mat;
906 4139 1003 4178 vos
1046 4138 1173 4176 vero
1214 4122 1305 4192 qui
1340 4121 1672 4175 abscessistis
1720 4139 1749 4174 a
1784 4121 1868 4173 via
1898 4121 2076 4190 populi
2105 4119 2281 4186 hujus,

730 4232 799 4271 ne
830 4214 1022 4269 dicatis
1049 4214 1189 4267 hunc
1222 4225 1340 4266 esse
1370 4210 1562 4265 durum
1595 4226 1608 4261 :
1649 4210 1790 4278 quod
1820 4210 1862 4264 si
1899 4209 1934 4263 ii
1966 4225 2030 4264 ex
2063 4209 2164 4264 isto
2193 4224 2286 4276 po-

729 4306 856 4377 pulo
897 4305 988 4373 qui
1026 4301 1287 4357 increduli
1328 4309 1479 4364 sunt,
1513 4300 1734 4354 insidias
1776 4298 1927 4354 vobis
1967 4302 2282 4364 struxeriut,

729 4403 912 4465 utpote
954 4393 1046 4464 qui
1079 4390 1403 4456 defeceritis,
1451 4399 1504 4446 at
1555 4404 1650 4443 vos
1700 4390 1942 4444 timorem
1990 4403 2172 4444 eorum
2221 4404 2285 4443 ne

735 4485 989 4546 timeatis,
1021 4497 1118 4538 nec
1155 4483 1222 4536 ab
1252 4481 1354 4537 illis
1377 4480 1514 4550 pulsi
1535 4479 1928 4536 conturbemini
1961 4496 1975 4531 :
2007 4477 2284 4545 solumque

735 4579 1017 4633 Dominum
1045 4577 1298 4628 virtutum
1327 4581 1510 4627 sancte
1552 4571 1810 4637 colentes,
1836 4585 1954 4624 eum
1991 4570 2280 4624 timendum

734 4672 888 4724 vobis
934 4666 1185 4721 ascribite
1245 4681 1258 4716 :
1301 4680 1423 4718 nam
1478 4683 1495 4715 ι
1540 4665 1750 4718 initium
1804 4661 2078 4731 sapientiai
2127 4663 2287 4715 timor

738 4762 942 4817 Domini
973 4760 1048 4824 ⁸³,
1087 4778 1106 4809 ›
1141 4773 1234 4826 per
1265 4772 1419 4826 quem
1469 4755 1742 4811 hominum
1771 4764 1944 4810 metus
1973 4756 2145 4809 omnis
2191 4757 2288 4809 eli—

738 4854 987 4907 minatur.

803 4943 967 4998 Vsus.
1002 4943 1139 4996 12.1
1183 4940 1466 4995 Dominum
1497 4940 1668 5008 ipsum
1701 4937 2054 5000 sanctilicate,
2100 4945 2154 4992 et
2177 4935 2290 5005 ipse

735 5031 839 5084 erit
884 5031 1042 5082 timor
1093 5037 1213 5082 tuus
1251 5042 1264 5078 :
1315 5036 1369 5082 et
1418 5027 1462 5080 si
1500 5027 1553 5079 iu
1589 5028 1701 5095 ipso
1735 5027 1993 5089 conﬁdas,
2043 5027 2146 5080 erit
2197 5027 2288 5080 tibi

736 5121 1112 5176 sanctiﬁcatio.
1150 5138 1168 5171 ι
1200 5119 1254 5173 Si
1291 5135 1439 5190 ergo.
1487 5118 1595 5183 ait,
1626 5118 1678 5173 in
1736 5119 1852 5188 ipso
1887 5118 2152 5185 conﬁdas,
2188 5118 2290 5171 erit

738 5216 833 5269 tibi
864 5215 914 5266 in
966 5213 1467 5277 sanctiﬁcationem,
1500 5214 1568 5266 ita
1615 5222 1672 5265 ut
1703 5226 1962 5282 corporeo
1992 5214 2288 5267 sanctilicio

740 5325 843 5361 non
878 5307 1017 5360 ultra
1042 5321 1220 5378 egeas.
1252 5307 1618 5361 Sanctiﬁcium
1653 5315 1830 5362 autem
1865 5309 2004 5377 apud
2034 5306 2286 5363 Hebraeos

738 5399 1026 5452 vocabatur
1062 5397 1311 5466 templum
1343 5398 1465 5452 olim
1494 5399 1634 5466 apud
1661 5398 1780 5452 illos
1809 5400 2128 5462 consistens,
2147 5398 2287 5467 ejus-

736 5501 839 5556 que
870 5488 1140 5542 interiora.
1175 5489 1290 5544 Tibi
1320 5491 1495 5559 itaque
1530 5491 1596 5545 ab
1622 5489 1731 5545 illis
1756 5492 1926 5560 pulso,
1959 5489 2050 5545 sed
2094 5491 2146 5545 in
2179 5490 2284 5545 Do-

738 5579 880 5633 mino
912 5579 1219 5640 confidenti,
1269 5581 1618 5636 sanctiﬂcium
1649 5581 1772 5641 erit.
1818 5597 1922 5638 non
1957 5596 2276 5652 corporeum

805 5776 850 5809 "
880 5775 1013 5832 l’sal.
1046 5793 1134 5840 cs,
1170 5779 1254 5830 10.

2390 666 2614 736 ἄρχεται
2639 664 2767 733 γοῦν
2800 665 2908 718 ἀπὸ
2937 663 3028 717 τοῦ
3071 661 3435 734 Ἐμμανουήλ,
3469 662 3605 732 ὅπερ
3633 659 3766 722 ἐστὶ,
3805 677 3823 710 ‹
3845 656 3975 729 μεθ’

2391 755 2545 825 ἡμῶν
2564 758 2593 809 6
2623 755 2754 817 Θεός
2777 771 2789 782 ·
2812 753 2984 822 γνῶτε
3017 753 3143 822 ἔθνη
3162 772 3174 783 ·
3203 771 3221 803 ι
3255 751 3348 805 καὶ
3372 748 3525 814 αὖθις
3550 750 3683 822 πρὸς
3713 749 3791 819 τῷ
3823 747 3975 802 τέλει

2389 847 2467 916 τῷ
2493 845 2743 913 λέγεσθαι
2764 861 2779 876 ο
2821 863 2838 895 ι
2863 845 2971 898 Καὶ
2991 844 3147 912 λόγον
3166 844 3224 896 ὃν
3261 843 3326 897 ἂν
3361 842 3648 914 λαλήσητε,
3678 841 3736 894 οὑ
3767 840 3839 912 μὴ
3865 842 3976 910 ἐμ-

2392 937 2547 1009 μείνῃ
2581 940 2637 989 ἐν
2668 937 2815 1007 ὑμῖν,
2850 937 2931 990 ὅτι
2982 937 3101 1006 μεθ’
3124 934 3278 1006 ἡμῶν
3310 937 3338 989 6
3373 934 3536 998 Θεός⁶
3559 954 3578 987 ι
3622 931 3975 1005 Ἐμμανουήλ

2389 1026 2548 1078 πάλιν
2568 1026 2798 1098 εἴρηται.
2836 1024 3120 1093 Διελέγξας
3139 1024 3316 1078 τοίνυν
3355 1025 3383 1076 6
3407 1025 3692 1095 προφήτης
3720 1025 3842 1086 τοὺς
3870 1021 3974 1091 δη-

2387 1116 2675 1182 λωθέντας,
2718 1117 2799 1170 ὅτι
2842 1117 2914 1187 μὴ
2951 1115 3335 1186 ἐϐουλήθησαν,
3369 1115 3821 1185 ἐπικαλεσάμενοι
3869 1114 3973 1166 τὸν

2401 1209 2760 1280 Ἐμμανουήλ,
2796 1210 3076 1278 κρείττους
3115 1207 3362 1276 γενέσθαι
3405 1207 3514 1260 τῶν
3545 1207 3833 1279 πολεμίων,
3867 1205 3974 1259 αὑ-

2385 1300 2476 1364 τὸς
2507 1299 2841 1354 ἐπικαλεῖται
2873 1301 2963 1353 τὸν
3000 1301 3342 1371 Ἐμμανουήλ
3392 1299 3451 1364 ἐξ
3504 1299 3630 1352 ἰδίου
3670 1296 3968 1370 προσώπου

2387 1390 2478 1444 καὶ
2501 1389 2608 1442 τῶν
2633 1389 2781 1459 αὑτῷ
2807 1390 3220 1461 παραπλησίων,
3255 1390 3426 1458 λέγων
3442 1407 3456 1420 ·

2462 1501 2484 1530 ‹
2505 1480 2639 1534 Μεθ’
2673 1479 2827 1552 ήμῶν
2856 1483 2884 1533 ὁ
2926 1480 3077 1544 Θεός.
3107 1481 3284 1534 Γνῶτε
3312 1481 3439 1550 ἔθνη
3472 1480 3565 1533 καὶ
3589 1477 3835 1549 ἡττᾶσθε,
3867 1477 3970 1531 καὶ

2387 1571 2724 1625 ἐπακούσατε
2755 1573 2860 1636 ἕως
2892 1574 3119 1643 ἐσχάτου
3133 1577 3232 1641 τῆς
3261 1574 3382 1642 γῆς,
3407 1572 3682 1642 ἰσχυκότες
3707 1570 3964 1641 ἡττᾶσθε,

2386 1659 2480 1712 ἐὰν
2511 1660 2619 1731 γὰρ
2639 1660 2799 1714 πάλιν
2836 1662 3108 1732 ἰσχύσητε,
3144 1663 3304 1716 πάλιν
3332 1659 3700 1731 ἡττηθήσεσθε
3720 1677 3733 1689 ·
3771 1659 3861 1712 καὶ
3895 1659 3968 1729 ἡν

2387 1752 2452 1805 ἂν
2481 1751 2837 1822 βουλεύσησθε
2871 1752 3080 1824 βουλὴν,
3110 1753 3448 1807 διασκεδάσει
3482 1752 3686 1823 Κύριος
3705 1768 3718 1780 ·
3748 1752 3839 1804 καὶ
3869 1749 3967 1803 λό-

2384 1859 2476 1908 γον
2507 1841 2564 1894 ὃν
2586 1841 2680 1896 ἐὰν
2711 1843 2999 1914 λαλήσητε,
3027 1843 3088 1896 οὑ
3120 1843 3194 1914 μὴ
3221 1841 3454 1913 ἐμμείνη
3478 1844 3535 1895 ἐν
3557 1842 3704 1911 ὑμῖν,
3735 1841 3814 1894 ὅτι
3842 1838 3966 1909 μεθ’

2384 1933 2539 2004 ἡμῶν
2570 1935 2598 1986 6
2643 1933 2794 1997 Θεός.
2825 1953 2843 1986 ι
2887 1935 3021 1988 Τίνα
3067 1934 3123 1987 δὲ
3167 1934 3378 2002 γνῶτε;
3412 1932 3582 1986 Αὑτὸν
3620 1931 3710 1985 τὸν
3747 1931 3965 2000 Ἐμμα-

2383 2026 2573 2096 νουήλ·
2600 2026 2632 2077 6
2663 2025 2770 2096 γὰρ
2821 2026 2885 2079 ἐκ
2930 2025 3231 2098 περιτομῆς
3283 2024 3408 2089 λαὸς
3434 2023 3556 2078 οὕτε
3593 2022 3733 2092 ἔγνω
3777 2020 3965 2083 αὑτὸν,

2383 2115 2505 2169 οὗτε
2554 2117 2804 2187 συνῆκεν,
2839 2116 2961 2170 οὕτε
2994 2115 3279 2170 πιστεῦσαι
3318 2114 3588 2188 ήϐουλήθη
3641 2117 3708 2186 τῇ
3750 2132 3969 2189 προφη-

2383 2209 2531 2279 τείᾳ’
2553 2206 2667 2261 ἀλλ’
2703 2208 2824 2261 οὑδὲ
2855 2207 3060 2279 ἡττήθη
3087 2206 3207 2260 ούδέ
3237 2207 3480 2277 ὑπετάγη
3501 2207 3579 2278 τῷ
3609 2210 3968 2282 προστάγμαδ

2383 2316 2454 2351 τι.
2495 2299 2679 2368 Ὑμεῖς
2708 2297 2766 2351 δέ
2816 2299 2881 2351 τὰ
2903 2298 3052 2369 ἔθνη,
3077 2297 3276 2367 γνῶσιν
3298 2299 3591 2353 ἀναλάϐετε
3621 2299 3714 2353 τοῦ
3746 2317 3966 2372 προφη-

2384 2392 2692 2463 τευομένου,
2724 2391 2819 2443 καὶ
2870 2390 3114 2453 συνέντες
3147 2389 3307 2457 αὐτὰ,
3337 2391 3416 2462 μὴ
3452 2390 3682 2462 τολμᾶτε
3711 2392 3964 2446 ἀνθίαταο

2386 2483 2538 2537 σθαι·
2568 2482 2787 2536 νικᾶσθε
2818 2481 2875 2535 δὲ
2912 2480 3226 2553 ἡττώμενοι.
3265 2483 3630 2536 Ἐπακούσατε
3658 2483 3715 2536 δέ
3739 2484 3834 2537 καὶ
3863 2481 3966 2536 τοῦ

2387 2575 2804 2647 προστάγματος
2853 2575 3009 2644 ὑμεῖς
3066 2574 3262 2637 πάντες
3287 2575 3336 2627 οί
3371 2574 3563 2645 μέχρις
3606 2574 3830 2646 ἐσχάτου
3857 2574 3968 2645 τῆς

2385 2665 2487 2736 γῆς
2537 2665 2847 2728 οἰκοῦντεςο
2888 2665 3029 2717 οἵτε
3063 2667 3120 2718 ἐν
3164 2665 3292 2735 ὑμῖν
3329 2665 3539 2736 ἰσχυροὶ
3586 2667 3681 2719 καὶ⁹
3721 2665 3961 2729 δυνατοὶ,

2387 2763 2764 2832 παραχωρεῖτε
2784 2761 2863 2830 τῷ
2887 2760 3049 2832 λόγῳ,
3082 2761 3368 2832 νικώμενοι
3397 2762 3490 2816 καὶ
3509 2761 3828 2834 ἡττώμενοι,
3865 2765 3967 2819 καὶ

2386 2849 2542 2904 τοῦτο
2572 2850 2804 2922 πράξετε
2831 2851 3144 2922 προθύμως,
3178 2853 3396 2917 εἰδότες,
3427 2854 3528 2917 ὅτι,
3564 2855 3665 2908 κᾶν
3697 2854 3769 2926 μὴ
3797 2854 3965 2926 θέλη-

2387 2958 2469 3004 τε,
2493 2942 2718 3005 ᾶκοντες
2764 2942 3150 3014 ἡττηθήσεσθε.
3181 2944 3243 2997 Εἰ
3272 2944 3328 2997 δέ
3357 2944 3735 3016 ἀνθιστάμενοι
3764 2949 3829 3018 τῇ
3859 2947 3962 3000 τοῦ

2388 3029 2520 3084 Θεοῦ
2547 3030 2814 3102 βουλήσει,
2846 3031 3094 3102 μηχανάς
3119 3049 3292 3097 τινας,
3326 3033 3419 3086 καὶ
3445 3034 3735 3098 ἐπιϐουλὰς
3761 3036 3964 3106 τυρεύδ

2389 3137 2476 3174 ετε
2517 3124 2656 3175 κατὰ
2687 3122 2780 3174 τοῦ
2815 3122 3105 3186 καλοῦντος
3142 3124 3284 3194 ὑμᾶς
3326 3125 3504 3194 λόγου,
3543 3125 3967 3196 ματαιοπονοῦν.

2310 3178 2351 3232 C
2383 3231 2475 3276 τες
2513 3214 2916 3286 ἐλεγχθήσεσθε.
2963 3178 3146 3269 Ταῦτα
3176 3178 3233 3270 δέ
3265 3178 3460 3288 φαμεν,
3649 3218 3768 3290 μεθ’
3799 3219 3965 3291 ἡμῶν

2383 3304 2529 3356 ἐστιν
2571 3308 2598 3358 6
2641 3306 2985 3376 Ἐμμανουήλ

2458 3412 2477 3445 ι
2501 3394 2656 3448 (ιὺτω
2680 3394 2826 3463 λέγει
2851 3396 3054 3466 Κύριος
3078 3399 3141 3467 τῇ
3167 3399 3361 3468 ἰσχυρᾷ
3388 3399 3550 3470 χειρὶ,
3581 3399 3864 3454 ἀπειθοῦσι
3885 3402 3962 3474 τῇ

2382 3487 2578 3558 πορείᾳ
2611 3488 2710 3556 τῆς
2737 3486 2858 3540 ὁδοῦ
2901 3486 2995 3540 τοῦ
3028 3486 3154 3540 λαοῦ
3204 3487 3413 3541 τούτου.
3440 3507 3459 3540 ι
3499 3490 3829 3545 Μεταϐαίνει
3862 3488 3967 3547 οὖν

2382 3577 2473 3629 ἐπὶ
2497 3578 2588 3630 τὸν
2611 3577 2720 3629 τῶν
2756 3578 3021 3631 Ἰουδαίων
3065 3577 3211 3642 λαὸν,
3250 3579 3484 3649 ἐλέγχων
3515 3581 3674 3634 αὑτὺν
3698 3581 3773 3644 ὡς
3800 3583 3969 3635 ἀπει-

2384 3667 2577 3720 θοῦντα
2607 3670 2671 3738 τῇ
2708 3669 2902 3739 ἰσχυρᾷ
2927 3668 3066 3739 χειρί
3089 3686 3104 3699 ο
3150 3671 3468 3740 καλούμενοι
3501 3671 3609 3743 γὰρ
3645 3673 3736 3725 ὑπ’
3764 3673 3962 3744 αὐτῆς,

2382 3758 2498 3811 δέον
2519 3760 2830 3823 ὑπακούειν,
2854 3761 2902 3812 οί
2936 3760 2993 3812 δέ
3019 3760 3272 3830 ήπείθουν
3306 3762 3399 3814 καὶ
3424 3762 3727 3831 ἀντέλεγον.
3763 3764 3853 3834 Μὴ
3883 3765 3969 3817 εἷ-

2384 3849 2726 3951 πητε,αφησὶ,
2772 3849 3004 3920 σκληρὸν
3051 3846 3188 3904 εἶναι
3239 3852 3329 3902 τὸν
3361 3849 3535 3919 λόγον,
3585 3852 3677 3906 τὸν
3706 3852 3829 3922 περὶ
3857 3852 3962 3905 τοῦ

2385 3940 2684 4008 ἀποστῆναι
2711 3940 2822 3994 δεῖν
2862 3941 2962 4010 τῆς
2989 3942 3210 4013 πορείας
3239 3941 3333 3994 τοῦ
3372 3942 3499 3995 λαοῦ
3529 3943 3716 3997 τούτου
3735 3962 3750 3974 ·
3780 3945 3808 3997 6
3845 3944 3965 4016 γὰρ

2384 4032 2509 4094 λαὸς
2541 4025 2692 4094 οὗτος
2720 4031 2951 4102 σκληρὸν
2975 4033 3133 4086 αὑτὸν
3174 4032 3381 4103 νομίζει
3405 4050 3418 4063 ·
3453 4034 3606 4105 ὑμεῖς
3634 4035 3710 4098 δὲ,
3744 4037 3792 4087 οἰ
3817 4036 3967 4089 ἀπο-

2386 4123 2606 4186 στάντες
2632 4123 2729 4194 τῆς
2760 4123 2985 4194 πορείας
3011 4123 3103 4177 τοῦ
3126 4123 3255 4177 λαοῦ
3279 4123 3489 4189 τούτου,
3521 4125 3594 4195 μὴ
3625 4125 3816 4197 λέγητε
3841 4125 3968 4180 τοῦ-

2383 4228 2472 4264 τον
2505 4208 2641 4265 εἶναι
2673 4212 2905 4284 σκληρόν
2924 4230 2936 4242 °
2972 4216 3018 4266 εἰ
3047 4214 3102 4267 δὲ
3131 4214 3527 4267 ἐπιϐουλεύοιεν
3553 4216 3684 4286 ὑμῖν
3710 4216 3786 4280 ὡς
3814 4218 3962 4270 ἀπο-

2387 4306 2592 4367 στᾶσιν,
2623 4305 2672 4356 οἰ
2705 4304 2798 4358 τοῦ
2823 4304 2950 4358 λαοῦ
2979 4305 3139 4357 αὑτοῦ
3160 4305 3398 4369 ἄπιστοι,
3427 4305 3540 4359 ἀλλ’
3560 4308 3715 4376 ὑμεῖς
3737 4307 3826 4360 τὸν
3859 4309 3967 4377 φό-

2385 4392 2476 4447 ϐον
2498 4393 2675 4448 αὑτῶν
2709 4394 2782 4465 μὴ
2812 4393 3104 4464 φοϐηθῆτε,
3123 4394 3256 4465 μηδὲ
3289 4395 3627 4466 ταράσσεσθε
3656 4396 3746 4448 ὑπ’
3779 4397 3965 4450 αὐτῶν

2320 4519 2360 4572 υ
2386 4485 2744 4556 ἐλαυνόμενοι,
2773 4486 2929 4555 μόνον
2955 4486 3011 4537 δέ
3039 4487 3128 4538 τὸν
3152 4485 3354 4557 Κύριον
3375 4487 3482 4540 τῶν
3507 4487 3784 4558 δυνάμεων
3799 4488 3968 4556 ἁγιά-

2387 4573 2568 4638 ζοντες
2590 4575 2956 4647 ἐπιγράφεσθε
2985 4575 3192 4639 ἐαυτοῖς
3213 4576 3375 4645 φόϐον
3394 4593 3408 4608 ·
3447 4596 3466 4629 ι
3487 4577 3627 4649 ἀρχὴ
3652 4595 3671 4628 ι
3703 4576 3809 4648 γὰρ
3834 4597 3852 4628 ι
3874 4594 3945 4630 σο

2389 4665 2515 4732 φίας
2545 4664 2705 4733 φόϐος
2732 4665 2938 4735 Κυρίου
2959 4682 2972 4694 ’
2999 4685 3016 4715 ι
3074 4667 3169 4717 καὶ
3200 4665 3287 4719 διὰ
3340 4665 3525 4719 τούτου
3561 4668 3668 4731 πᾶς
3709 4668 3738 4719 6
3770 4665 3829 4729 ἐξ
3857 4668 3963 4719 ἁν-

2392 4756 2619 4826 θρὼπων
2651 4757 3009 4810 ἀπελαύνεται
3044 4755 3226 4825 φόϐος.

2469 4955 2486 4987 ι
2508 4937 2709 5009 Κύριον
2738 4937 2899 4990 αὑτὸν
2931 4937 3211 5005 ἁγιάσατε,
3240 4938 3333 4990 καὶ
3365 4937 3525 5000 αὑτὸς
3558 4936 3706 4990 ἔσται
3739 4954 3829 4989 σου
3862 4938 3968 5005 φό-

2395 5027 2485 5092 ϐος
2508 5047 2520 5058 ·
2552 5031 2644 5082 καὶ
2668 5029 2762 5082 ἐὰν
2795 5029 2879 5081 ἐπ’
2909 5028 3055 5098 αὑτῷ
3089 5028 3359 5092 πεποιθὼς
3383 5026 3466 5101 ᾗς,
3506 5021 3656 5082 ἐσται
3684 5046 3763 5081 σοι
3790 5030 3872 5092 εἰς
3897 5032 3968 5082 ἁ-

2395 5120 2619 5191 γίασμα.
2653 5139 2671 5172 ι
2731 5120 2854 5174 Ἐὰν
2886 5115 2977 5174 οὖν
3009 5121 3094 5174 ἐπ’
3142 5121 3309 5190 αὑτῷ,
3359 5123 3510 5192 φησὶ,
3553 5120 3822 5184 πεποιθὼς
3865 5117 3964 5195 ᾖς,

2387 5213 2545 5276 αὐτὸς
2585 5213 2737 5267 ἔσται
2779 5230 2859 5266 σοι
2900 5215 2980 5276 εἰς
3002 5214 3250 5284 ἁγίασμα
3278 5215 3352 5282 ὡς
3382 5214 3580 5285 μηκέτι
3629 5213 3833 5266 δεῖσθαι
3858 5217 3966 5268 τεῦ

2388 5304 2696 5376 σωματικοῦ
2755 5305 3108 5376 ἁγιάσματος.
3157 5307 3424 5377 Ἀγίασμα
3463 5306 3519 5359 δὲ
3555 5306 3797 5359 ἐκαλεῖτο
3823 5309 3964 5375 παρ’

2397 5397 2664 5467 Ἑϐραίοις
2703 5398 2731 5449 6
2766 5396 2931 5449 πάλαι
2967 5395 3237 5461 συνεστὼς
3287 5400 3410 5468 παρ’
3439 5397 3620 5460 αὑτοῖς
3673 5396 3826 5461 νεὼς,
3861 5399 3969 5452 καὶ

2382 5489 2569 5543 τούτου
2598 5489 2666 5543 τὰ
2687 5489 2969 5543 ἐνδοτάτω.
3016 5490 3208 5543 Ἔσται
3247 5508 3329 5543 σοι
3361 5491 3541 5544 τοίνυν
3564 5488 3641 5560 τῷ
3668 5490 3969 5558 ἐλαυνομέ-

2382 5601 2454 5634 νω
2479 5583 2568 5635 ὑπ’
2598 5583 2837 5648 ἐκείνων,
2874 5582 3151 5637 πεποιθότι
3195 5583 3250 5637 δὲ
3295 5584 3386 5636 ἐπὶ
3415 5580 3636 5653 Κύριον,
3689 5580 3965 5650 ἁγίασμα,
