4100 6286
182 321 256 376 “5
997 309 1500 374 COPﬂlENTARlA
1539 306 1604 362 IN
1638 302 1894 362 ISAIAI.
1932 334 1976 347 ~
2019 300 2188 358 ὈΔΡ.
2224 298 2359 358 Vlll.

3286 305 3384 362 με

182 407 258 503 oili
264 436 287 486 6
312 434 595 505 σωματικδς
635 432 796 497 νεὼς,
820 431 939 485 ἀλλ’
973 432 1134 494 αὐτὸς
1166 430 1195 482 6
1228 426 1430 497 Κύριος
1465 423 1705 492 ἁγιάζων
1735 428 1781 481 Α

1765 416 2102 488 ιιεηιριιιηις
2159 431 2346 471 verum
2397 415 2511 485 ipse
2557 414 2838 483 Dominus,
2884 419 2976 488 qui
3026 427 3078 474 te
3132 431 3384 478 sanctum

184 544 237 588 σί,
258 527 336 580 ἐὰν
360 523 624 588 πεποιθὼς
660 521 730 597 ᾖς
755 527 843 578 ἐπ’
874 525 1054 578 αὐτόν.
1099 522 1192 575 Διὸ
1236 518 1402 591 μηδὲν
1436 513 1702 585 φοϐούμε-

181 636 242 680 νος
260 619 333 672 τὸν
357 618 474 670 ναὸν
497 617 707 681 τοῦτον,
737 615 1009 686 ἀναχώρει
1034 611 1201 668 αὑτοῦ
1221 628 1248 644 ὐ
1272 609 1491 663 πίστευε
1523 605 1580 659 δὲ
1610 610 1702 661 καὶ

180 710 319 781 θάρσει
345 709 416 779 τῷ
446 707 527 778 σῷ
549 707 698 778 φόϐῳ
717 723 731 737 °
772 706 916 774 ἔξεις
935 705 1043 775 γὰρ
1061 701 1222 756 αὑτὸν
1251 699 1518 770 ἀγίασμα.
1553 714 1569 745 ι
1589 695 1701 749 Καὶ

179 808 247 876 aiax
266 806 327 868 ὡς
357 802 500 858 λίθου
530 803 920 874 προσκόμματι
956 794 1350 870 συναντήσεσθε
1384 791 1552 862 αὐτῷ,
1581 789 1702 843 οὐδὲ

177 902 229 962 ὡς
251 898 422 968 deos;
447 896 759 967 πτώματος.
789 915 806 948 ι
851 895 1010 966 Ὁρᾷς
1035 893 1181 954 ὅπως
1200 888 1362 944 αὐτὸν
1379 885 1470 940 τὸν
1499 884 1701 956 Κύριον

177 991 282 1043 λίθον
304 990 716 1061 προσκόμματος
746 989 838 1042 καὶ
865 987 1069 1058 πέτραν
1097 982 1394 1038 σκανδάλου
1417 977 1698 1051 όνομάζει;

178 1084 243 1134 καὶ
267 1079 476 1134 τοιοῦτον
516 1081 618 1151 μὲν
645 1081 861 1134 ισεσθαι
894 1078 1054 1133 αὐτόν
1088 1095 1219 1147 φησι
1238 1078 1350 1140 τοῖς
1372 1072 1702 1144 καθημένοις

177 1175 216 1224 ὲν
248 1171 593 1242 Ἰερουσαλὴμ,
637 1172 730 1225 καὶ
786 1174 900 1235 τοῖς
919 1171 1083 1228 δυσὶν,
1104 1171 1274 1233 οίκοις
1305 1167 1521 1238 Ἰσραήλ
1541 1184 1554 1197 ·
1588 1169 1701 1229 τοῖς

178 1264 214 1315 ἃ
238 1264 301 1328 είς
319 1263 466 1316 αὑτὸν
491 1263 918 1317 πεπιστευκόσιν
940 1263 1184 1332 ἀγίασμα
1210 1259 1426 1314 ἔσεσθαι
1443 1258 1698 1313 διδάσκει.

178 1355 266 1416 Πῶς
283 1351 360 1408 οὖν
379 1355 598 1422 ἐγένετο
622 1353 765 1417 λίθος
788 1353 1206 1426 προσκόμματος
1230 1352 1324 1404 καὶ
1347 1350 1525 1422 πέτρα
1548 1365 1704 1402 σκαν-

177 1445 293 1499 δάλου
312 1449 414 1510 τοῖς
439 1445 754 1518 εἰρημένοις
797 1445 1178 1516 Ἐμμανουήλ;
1207 1442 1296 1496 διά
1328 1442 1426 1513 τῆς
1459 1443 1522 1494 ὲκ
1558 1440 1703 1511 Παρ-

179 1536 290 1589 θένου
317 1539 572 1609 κυήσεως.
611 1538 766 1592 Ὅθεν
812 1539 906 1590 καὶ
935 1539 963 1591 6
995 1537 1134 1599 θεῖος
1169 1533 1490 1597 Ἀπόστολος
1531 1531 1704 1586 ταῦτα

177 1628 384 1683 ίιδάσκων
405 1630 616 1699 ἔλεγεν,
652 1649 671 1680 ι
695 1630 966 1694 Ἰουδαίοις
999 1630 1093 1700 μὲν
1124 1628 1440 1689 σκάνδαλον,
1479 1626 1703 1695 Ἕλλησι

179 1717 216 1768 δὲ
237 1721 402 1790 μωρία.
433 1741 451 1772 ι
509 1723 578 1774 Οἱ
613 1720 790 1774 τοίνυν
836 1719 1186 1784 ἀπειθοῦντες
1217 1722 1282 1790 τῇ
1318 1719 1514 1790 ισχυρᾷ
1560 1718 1703 1787 χειρὶ

1807 509 1986 574 etiicit,
2053 507 2095 564 si
2149 517 2329 561 tamen
2372 506 2448 561 illi
2478 506 2742 563 confidas.
2802 508 2928 565 Ideo
2972 509 3077 566 hoc
3127 514 3385 583 templum

1810 601 1944 656 nihil
1989 599 2402 673 pertimescens,
2443 599 2674 656 abscede
2707 602 2774 656 ab
2822 601 2914 659 illo
2950 622 2963 658 :
3009 605 3202 671 crede,
3252 606 3386 661 etin

1809 692 2003 748 timore
2035 702 2127 748 tuo
2160 691 2372 747 conﬁde
2418 708 2433 745 :
2477 692 2654 763 ipsum
2699 693 2901 764 quippe
2937 693 2992 748 in
3025 695 3386 750 satictiﬂcium

1809 783 2054 840 habebis.
2097 801 2117 838 ι
2154 783 2342 853 Neque
2369 785 2436 838 ad
2465 799 2588 839 eum
2621 785 2777 855 quasi
2809 785 2874 840 ad
2907 795 3115 854 petram
3147 787 3386 843 scutulali

1807 878 2108 944 accedetis,
2165 894 2338 952 neque
2361 878 2515 950 quasi
2540 879 2608 933 ad
2655 890 2862 948 petram
2890 880 3079 934 ruina.
3120 899 3140 932 ι
3176 877 3385 946 Viden‘,

1806 974 2075 1043 quomodo
2105 977 2279 1044 ipsum
2313 973 2601 1029 Dominum
2638 972 2872 1042 lapidem
2921 974 3164 1029 scandali
3207 985 3261 1027 et
3290 989 3386 1042 pe-

1810 1075 1949 1120 tram
1977 1066 2221 1121 scandali
2266 1065 2580 1135 nuncupet?
2624 1066 2788 1136 Atqui
2843 1066 3000 1122 illum
3041 1067 3206 1123 talem
3244 1067 3390 1122 futu-

1810 1174 1926 1214 rum
1959 1160 2283 1228 praenuntiat
2317 1160 2402 1225 iis,
2436 1159 2529 1230 qui
2565 1159 2617 1214 in
2647 1157 2972 1229 Jerusalem,
3017 1170 3071 1216 et
3099 1162 3150 1215 in
3183 1161 3393 1217 duabus

1809 1251 2026 1307 Israelis
2063 1252 2317 1308 domibus
2373 1253 2705 1320 considunt;
2755 1262 2810 1306 at
2857 1264 3052 1309 contra
3089 1255 3143 1308 in
3189 1268 3247 1311 se
3278 1269 3394 1311 cre-

1809 1345 2063 1400 dentibus
2096 1343 2455 1400 sanctiﬁcium
2507 1343 2622 1400 fore
2669 1345 2846 1401 docet.
2895 1345 3179 1414 Quomodo
3224 1349 3392 1416 igitur

1810 1435 2130 1491 Emmanuel
2159 1435 2248 1491 ille
2279 1435 2599 1489 memoratis
2643 1435 2961 1493 hominibus
2994 1436 3283 1493 factusest
3317 1440 3393 1494 la-

1809 1529 1892 1597 pis
1915 1527 2159 1584 scandali
2186 1537 2241 1582 et
2264 1539 2418 1599 petra
2454 1528 2692 1583 scandali
2716 1529 2740 1583 i
2765 1545 2862 1598 per
2892 1529 3129 1602 Virginis
3155 1544 3389 1601 partum.

1810 1620 1992 1687 Quare
2029 1620 2244 1676 divinus
2271 1620 2564 1691 Apostolus
2601 1619 2720 1676 haec
2754 1622 2961 1679 docens
2996 1624 3198 1690 aiebat,
3253 1643 3272 1676 ι
3303 1623 3397 1680 Ju-

1813 1715 1943 1769 daeis
1996 1714 2220 1786 quidem
2269 1716 2610 1781 scandalum,
2674 1717 2932 1786 gentibus
2978 1730 3162 1774 autem
3216 1721 3397 1776 stulti-

181 1811 332 1882 Κυρίου
355 1813 503 1884 ἔσχον
535 1814 705 1867 αὐτὸν
742 1813 890 1867 λίθον
924 1813 1348 1885 προσκόμματος
1377 1812 1472 1865 καὶ
1500 1811 1706 1882 πέτραν
1737 1799 1780 1852 Β

1776 1807 1780 1845 ι
1815 1807 1885 1861 tia
1922 1807 1988 1860 ⁸⁵.
2022 1825 2042 1859 ι
2085 1805 2186 1874 Qui
2234 1822 2362 1877 ergo
2395 1807 2522 1865 forti
2575 1812 2757 1866 manui
2803 1813 3014 1867 Domini
3060 1813 3395 1884 immorigeri

181 1905 396 1971 πτώσεως,
433 1909 505 1980 μὴ
541 1909 678 1961 ὄντα
709 1911 774 1980 τῇ
827 1907 986 1977 φύσει
1018 1907 1255 1961 τοιοῦτον
1278 1923 1290 1936 ·
1323 1907 1436 1969 τοῖς
1463 1904 1570 1975 γὰρ
1616 1921 1705 1957 πι-

183 1995 400 2052 στεύουσιν
428 2001 505 2063 είς
535 2000 705 2053 αὐτὸν
731 2000 978 2068 άγίασμα
1009 1999 1286 2069 τυγχάνει.
1333 1998 1492 2060 Τίνες
1516 1996 1606 2063 δέ;
1643 1999 1703 2050 Οἱ

180 2083 293 2150 οἶκοι,
329 2085 486 2154 εἶπεν,
529 2089 753 2153 Ἰακὼϐ,
781 2089 876 2143 καὶ
903 2089 1022 2158 οὐχὶ
1054 2089 1082 2141 6
1109 2085 1274 2150 οἶκος.
1310 2087 1414 2140 Δύο
1431 2087 1538 2159 γὰρ
1568 2082 1705 2158 ἦσαν

181 2173 278 2232 οἶκοι
308 2181 525 2252 Ἰσραὴλ,
580 2176 665 2244 εἷς
696 2182 794 2252 μὲν
823 2183 850 2234 6
888 2179 995 2234 τῶν
1024 2181 1081 2233 ἐν
1105 2182 1289 2244 αὐτοῖς
1322 2180 1617 2252 ἀρχόντων,
1652 2180 1707 2231 ἒ-

181 2273 357 2339 τιροςδὲ
397 2277 424 2328 6
455 2275 568 2328 τῶν
609 2275 947 2346 ἀρχομένων.
976 2275 1195 2337 Τούτοις
1227 2274 1283 2326 δὲ
1307 2277 1420 2337 τοῖς
1454 2273 1603 2326 δυσὶν
1631 2272 1706 2325 οτ-

182 2380 276 2428 ηις,
497 2366 719 2438 ἀθρόως
743 2366 820 2438 τῷ
841 2367 946 2438 ὅλῳ
975 2366 1116 2421 ἔθνει
1142 2368 1366 2438 ἄρχουσί
1400 2383 1460 2419 τε
1494 2367 1587 2419 καὶ
1616 2366 1708 2437 ἀρ’

184 2458 388 2525 χημένοις,
432 2460 519 2512 τὸν
581 2460 790 2531 Κύριον
821 2463 900 2524 εἰς
946 2461 1149 2529 παγίδα
1182 2461 1278 2514 καὶ⁸
1305 2463 1385 2524 είς
1416 2458 1706 2544 σκάνδαλον

183 2547 341 2604 bulla!
365 2569 542 2621 φησιν.

234 2735 375 2790 ire:
399 2740 620 2811 φανεροὶ
651 2739 868 2793 ἔσονται
895 2740 943 2792 οι
976 2741 1395 2812 σφραγιζόμενοι
1430 2741 1522 2796 τὸν
1546 2742 1708 2812 νόμον

185 2825 249 2879 τοῦ
276 2831 336 2900 μὴ
364 2830 566 2900 μαθεῖν.
601 2852 620 2882 ι
655 2834 721 2886 Οἱ
744 2834 853 2904 γάρ
889 2834 950 2886 τὸ
974 2833 1303 2902 Εὑαγγέλιον
1331 2835 1709 2906 παραδεξάμε-

185 2918 346 2976 vat,on
375 2919 466 2992 ζῇν
493 2921 872 2992 δεδιδαγμένοι
897 2924 1034 2977 κατὰ
1066 2925 1164 2995 τὴν
1190 2926 1382 2996 καινὴν
1413 2925 1706 2999 Διαθήκην,

185 3005 325 3080 ὥσπερ
349 3015 608 3083 σφραγῖδα
633 3015 917 3079 ἐπιθέντες
937 3015 1014 3087 τῷ
1043 3017 1211 3089 νόμῳ,
1239 3018 1584 3074 ἀποτίθενται
1614 3022 1710 3074 αὑ-

185 3097 262 3161 τὲν,
284 3099 362 3155 άτε
382 3104 558 3158 οὐκέτι
587 3105 722 3158 ὄντα
749 3108 1015 3178 χρήσιμον
1044 3108 1133 3165 ,διὰ
1156 3108 1252 3180 τὴν
1279 3110 1373 3164 τοῦ
1403 3113 1708 3182 κρείττονος

184 3192 419 3261 πρόθεσιν
438 3212 452 3226 ·
483 3199 531 3250 οί
561 3199 742 3262 αὐτοὶ,
773 3198 1012 3269 δηλονότι
1034 3202 1081 3253 oi
1108 3201 1168 3253 τὸ
1197 3203 1522 3272 Εὐαγγὲλιον
1539 3221 1714 3276 παρα-

183 3278 421 3353 ὲξάμενοι,
449 3288 547 3360 τὴν
589 3288 688 3343 διὰ
734 3290 968 3362 Χριστοῦ
1019 3296 1403 3364 περιμένοντες
1452 3299 1630 3369 χάριν,
1661 3301 1713 3352 ὲ-

188 3387 313 3440 μουσι-

237 3467 405 3522 «Μενῶ
428 3471 636 3545 Κύριον
657 3474 750 3528 τὸν
778 3476 1194 3548 ἀποστρέψαντα
1221 3479 1282 3532 τὸ
1302 3481 1595 3552 ¹ιιιρόσωπον
1627 3484 1714 3537 αῦο

186 3554 249 3608 τοῦ
284 3561 374 3614 ἀπὸ
410 3564 504 3618 τοῦ
532 3565 693 3620 οίκου
735 3566 952 3636 Ἰακὼϐ,
981 3571 1073 3623 καὶ
1107 3570 1380 3636 πεποιθὼς
1407 3573 1600 3645 ἔσομαι
1627 3577 1712 3628 ἐπ’

187 3662 307 3719 αυτφ,
331 3671 348 3704 ι

237 3740 376 3796 (Ἰδοὺ
407 3745 513 3814 ἐγὼ
540 3749 640 3802 καί
685 3749 753 3803 τά
783 3751 992 3814 παιδία,
1023 3753 1059 3807 ἆ
1092 3771 1181 3825 μοι
1209 3755 1408 3810 ἔδωκεν
1446 3759 1475 3810 6
1512 3760 1661 3824 Θεὸς.
1690 3780 1708 3812 ι

186 3826 240 3880 Τὰ
259 3833 336 3900 μὲν
361 3831 446 3891 οὖν
487 3840 762 3894 Ἰουδαῖκά
793 3843 978 3897 παιδία
1014 3845 1301 3916 σωματικὰ
1323 3846 1381 3911 ἐξ
1407 3848 1597 3919 ἀνδρὸς
1621 3851 1716 3903 καὶ

187 3926 412 3990 γυναικός·
436 3929 503 3982 τὰ
529 3929 588 3982 δὲ
613 3931 758 3984 αὐτὰ
803 3932 896 3985 τοῦ
928 3933 1098 3987 ταῦτα
1141 3937 1568 4006 χρηματίζοντος
1605 3942 1715 3992 Κυ-

187 4010 267 4102 ρίου
295 4018 419 4071 «οὐκ
440 4019 497 4086 ἐξ
526 4023 766 4093 αἳματος
785 4024 904 4078 οὐδὲ
935 4029 997 4079 ὲκ
1021 4026 1320 4097 Θελήματος
1347 4031 1564 4102 σαρκὸς,
1600 4033 1714 4086 ἀλλ’

183 4100 353 4195 ξκθεοῦ
383 4113 774 4186 ἐγεννήθησαν,
800 4135 818 4166 ι
850 4117 944 4169 τοῦ
971 4119 1183 4192 Πατρδς
1215 4100 1439 4176 τοιαῦτα
1463 4125 1608 4195 αὐτῷ
1631 4126 1714 4179 δε-

182 4190 435 4290 δωρημὲνου
461 4205 630 4259 τέκνα
651 4223 664 4235 ·
701 4207 898 4277 μηκέτι
917 4209 994 4280 τῷ
1015 4190 1104 4264 διά
1129 4213 1405 4279 Μωῦσὲως
1426 4190 1717 4290 προσέχον-

183 4288 389 4379 τενόμῳ,
433 4295 546 4349 ἀλλ’
574 4296 758 4351 εἰδότα
789 4301 1101 4379 περιμένειν
1134 4305 1224 4359 τὸν
1257 4288 1718 4379 Κύριονίκαὶηεὶς

183 4377 302 4476 αᾋν
329 4388 659 4443 πεποιθέναι.
697 4410 716 4443 ι
738 4393 847 4445 Καὶ
875 4377 1022 4448 ἔσται
1051 4398 1130 4462 είς
1161 4377 1359 4470 σημεῖα
1390 4404 1485 4456 καὶ
1515 4405 1716 4476 τέρατα

1813 1898 2053 1966 fuerunt,
2091 1899 2241 1953 illum
2276 1901 2328 1954 in
2357 1901 2586 1971 lapidem
2618 1905 2862 1959 scandali
2892 1913 2946 1960 et
2979 1915 3189 1974 petram
3226 1907 3397 1962 ruina

1812 1991 2141 2056 habuerunt,
2195 2007 2319 2048 cum
2372 2004 2569 2054 natura
2613 1997 2740 2052 talis
2794 1998 3020 2053 minime
3050 2009 3234 2054 esset:
3270 2015 3395 2054 nam

1812 2081 1866 2136 in
1915 2095 1977 2138 se
2023 2084 2376 2141 credentibus
2420 2087 2788 2142 sanetiticium
2826 2098 2928 2144 est.
2973 2090 3207 2155 Quinam
3267 2105 3397 2146 vero

1814 2173 2180 2238 illi?Domus,
2228 2176 2428 2247 inquit,
2479 2178 2583 2233 illa:
2611 2177 2812 2246 Iacob,
2866 2195 2976 2235 non
3028 2179 3224 2236 domus
3282 2181 3394 2236 illa.

1816 2267 1942 2319 Duas
1975 2266 2177 2336 quippe
2207 2270 2401 2324 domus
2430 2268 2651 2326 lsraelis
2698 2281 2890 2339 erant;
2928 2273 3031 2328 alia
3066 2273 3396 2345 principum.

1813 2357 2154 2413 subditorum
2184 2358 2312 2413 alia.
2365 2359 2583 2417 Duabus
2627 2378 2792 2432 porro
2830 2364 2981 2420 hisce
3024 2365 3300 2433 domibus,
3343 2367 3398 2421 id

1813 2459 1919 2514 est,
1950 2451 2221 2506 universa:
2256 2453 2418 2507 simul
2446 2456 2615 2524 genti,
2656 2465 2762 2509 tam
2805 2458 3180 2526 principibus,
3231 2474 3397 2528 quam

1813 2541 2069 2607 subditis,
2099 2542 2387 2600 Dominum
2413 2546 2466 2601 in
2493 2547 2746 2617 laqueum
2777 2558 2831 2603 et
2855 2549 2907 2603 in
2937 2550 3258 2609 scandalum
3283 2549 3399 2606 lore

1816 2633 2108 2702 signiticet.

1888 2745 2052 2805 Vsus.
2093 2748 2181 2805 l6.
2230 2751 2424 2808 «Tunc
2463 2753 2736 2810 manifesti
2772 2765 2934 2809 erunt
2984 2756 3076 2826 qui
3110 2757 3400 2827 obsignant

1816 2835 2016 2906 legem,
2044 2854 2112 2893 ne
2152 2840 2383 2896 discant.
2409 2859 2430 2894 ι
2487 2841 2622 2897 Nam
2666 2846 2756 2912 qui
2804 2843 3164 2913 Evangelium
3214 2861 3402 2901 susce-

1817 2936 2034 2998 perunt,
2066 2939 2119 2987 et
2144 2930 2236 3000 qui
2283 2933 2582 2988 secundum
2621 2932 2830 2989 Novum
2867 2935 3280 2991 Testamentum
3318 2938 3400 2991 vi-

1818 3034 1946 3076 vere
1980 3021 2325 3088 didicerunt,
2372 3025 2526 3094 quasi
2584 3026 2822 3097 sigillum
2873 3028 3216 3097 itnponentes
3269 3029 3398 3099 legi,

1821 3112 1994 3180 ipsam
2038 3115 2339 3185 deponunt,
2363 3119 2489 3186 quia
2531 3118 2601 3174 ob
2633 3120 2916 3176 meliorem
2952 3122 3246 3187 invectam,
3289 3137 3400 3177 non

1817 3204 2052 3273 amplius
2107 3206 2266 3262 utilis
2296 3219 2380 3262 est
2434 3210 2649 3266 :iidem
2701 3212 2825 3281 ipsi,
2878 3213 3132 3269 videlicet
3191 3215 3253 3277 ii,
3307 3215 3402 3284 qui

1820 3293 2172 3363 Evangelium
2229 3309 2628 3370 susceperunt,
2680 3305 2911 3372 gratiam
2962 3319 3060 3373 per
3119 3305 3400 3362 Christum

1817 3385 2097 3443 ferendam
2127 3400 2507 3459 exspectantes
2537 3394 2750 3450 dicent:

1888 3477 2058 3538 Vens.
2100 3482 2192 3536 l7.
2257 3503 2273 3535 ι
2303 3481 2648 3553 Exspectabo
2678 3487 2967 3544 Dominum
2993 3532 3007 3556 ,
3053 3494 3147 3562 qui
3203 3494 3404 3548 avertit

1818 3569 2016 3636 faciem
2047 3588 2204 3629 suam
2242 3591 2270 3630 a
2297 3577 2458 3632 domo
2483 3578 2674 3648 Jacob,
2708 3592 2767 3637 et
2794 3583 3062 3639 conﬁdam
3088 3586 3141 3640 in
3170 3600 3256 3640 eo.
3281 3607 3304 3671 ⁷ι

1890 3757 2053 3814 Vens.
2098 3759 2187 3815 l8.
2236 3780 2254 3811 ι
2284 3759 2425 3818 Ecce
2477 3780 2577 3833 ego
2603 3775 2656 3820 et
2700 3767 2851 3836 pueri
2900 3768 3029 3837 mei,
3069 3785 3212 3840 quos
3253 3770 3402 3826 dedit

1819 3853 1947 3906 mibi
2000 3852 2166 3909 Deus.
2197 3871 2214 3906 ι
2270 3853 2477 3910 Iudaici
2514 3858 2732 3926 quidem
2771 3860 2926 3928 pueri
2961 3862 3211 3930 corporei
3247 3873 3397 3930 sunt,

1817 3957 1885 3997 ex
1915 3945 2032 3998 viro
2055 3956 2110 3999 et
2135 3945 2403 4013 muliere;
2429 3951 2581 4018 pueri
2619 3965 2750 4005 vero
2778 3951 2989 4005 Domini
3013 3953 3105 4022 qui
3132 3956 3248 4008 haec
3275 3970 3400 4009 ora-

1818 4037 1937 4091 cula
1967 4038 2164 4104 fundit,
2196 4058 2215 4091 ι
2241 4056 2348 4094 non
2389 4057 2457 4096 ex
2493 4045 2872 4112 sanguinibus,
2909 4060 3087 4115 neque
3116 4064 3182 4102 ex
3209 4048 3401 4102 volun-

1820 4139 1929 4182 tate
1959 4132 2162 4198 carnis,
2205 4133 2300 4188 sed
2347 4148 2413 4188 ex
2461 4134 2569 4188 Deo
2620 4136 2730 4190 nati
2774 4146 2900 4192 sunt
2932 4137 2979 4169 "
3008 4154 3022 4190 :
3055 4157 3072 4189 ι
3108 4137 3270 4194 Patre
3299 4141 3400 4210 ipsi

1819 4223 1955 4278 tales
1989 4227 2152 4280 dante
2177 4225 2337 4292 ﬁlios,
2366 4228 2458 4296 qui
2485 4243 2592 4282 non
2622 4230 2766 4283 ultra
2809 4231 3007 4302 Moysis
3057 4233 3164 4303 legi
3219 4243 3401 4289 atteri-

1820 4315 1971 4382 dant,
2023 4317 2121 4372 sed
2171 4317 2351 4372 sciant
2394 4329 2720 4390 exspectare
2764 4320 3054 4378 Dominum
3096 4335 3152 4379 et
3184 4325 3235 4378 in
3282 4327 3402 4394 ipso

1819 4408 2119 4464 conlidere.
2186 4409 2298 4464 (Et
2335 4420 2497 4464 erunt
2542 4411 2594 4465 in
2631 4412 2784 4484 signa
2835 4423 2891 4469 et
2939 4417 3181 4487 prodigia
3233 4418 3402 4472 multa

183 4469 308 4526 πολλά
335 4479 386 4531 ὲν
408 4479 481 4550 τῷ
504 4481 644 4553 οἴκῳ
686 4484 902 4555 Ἰσραὴλ
935 4488 1085 4559 παρὰ
1129 4469 1334 4562 Κυρίου
1363 4469 1612 4560 Σαὸαὼθ,
1658 4497 1715 4560 ὃς
1750 4511 1792 4564 θ

1782 4501 1877 4560 .in
1908 4501 2070 4555 domo
2097 4499 2268 4556 Israel
2315 4517 2345 4557 a
2395 4503 2624 4559 Domino
2667 4469 3068 4576 gabaoth,lqui
3097 4469 3401 4564 Egnatii;

185 4570 376 4657 κατοικεῖ
401 4572 457 4625 ὲν
485 4574 562 4646 τῷ
585 4574 708 4646 ὄρει
740 4575 896 4631 Σιών.
925 4598 943 4629 ι
981 4581 1052 4633 ’Ἠ
1087 4583 1180 4635 καὶ
1216 4583 1410 4648 ἄλλως,
1449 4587 1522 4640 Οὐ
1556 4588 1715 4657 μόνον

184 4653 232 4704 τὰ
253 4661 408 4714 παιδία
431 4666 627 4732 ταῦτα,
657 4669 813 4739 φησὶ,
843 4672 907 4723 ὲκ
931 4669 1065 4725 Θεοῦ
1095 4691 1184 4744 μοι
1219 4676 1535 4749 παραδόξως
1558 4653 1717 4735 ’δέδο-

185 4759 264 4808 ται,
287 4752 405 4807 ἀλλὰ
427 4758 519 4810 καὶ
548 4759 689 4813 ἄλλα
721 4761 943 4817 πλεῖστα
974 4769 1176 4836 σημεῖα
1214 4769 1306 4821 καὶ
1335 4769 1391 4821 τέ
1402 4787 1536 4841 ρατα
1557 4774 1716 4844 γενή-

187 4850 296 4892 ςεται
334 4846 385 4899 ὲν
424 4849 502 4918 τῷ
528 4851 674 4922 οἴκῳ
722 4853 936 4926 Ἰσραὴλ
980 4857 1122 4911 κατὰ
1149 4860 1275 4923 τοὺς
1304 4865 1714 4935 προφητεύομε-

186 4942 274 4993 ’ως
292 4937 514 5006 χρόνους.

239 5021 366 5078 (Καὶ
397 5028 488 5082 ἐὰν
517 5032 720 5086 εἴπωσι
750 5035 884 5105 πρὸς
914 5038 1078 5108 ὑμᾶς,
1112 5041 1397 5111 Φωνήσατε
1451 5043 1576 5106 τοὺς
1608 5045 1714 5119 ἀπὸ

188 5106 258 5204 τῇς
275 5115 362 5186 τῆς
387 5123 723 5199 φωνοῦντας,
771 5127 864 5179 καὶ
890 5106 1015 5193 τοῦς
1056 5106 1524 5204 ἐγγαστριμύθους
1571 5137 1619 5190 οἳ
1636 5109 1714 5191 ’ὲκ

190 5199 257 5293 ξῆς
282 5210 463 5276 κοιλίας
492 5216 757 5284 φωνοῦσι,
801 5218 900 5271 ούκ
925 5219 1072 5285 ἔθνος
1101 5199 1238 5293 πρὸς
1266 5199 1406 5278 θεὸν
1435 5227 1599 5281 αὑτοῦ
1621 5230 1714 5282 ὲκ-

190 5287 424 5392 itﬁuium
453 5307 580 5378 περὶ
607 5305 722 5359 τῶν
754 5306 968 5372 ζώντων
995 5313 1120 5377 τοὺς
1139 5287 1364 5386 νεκρούς
1383 5333 1396 5347 ’
1429 5318 1590 5389 νόμον
1608 5321 1715 5392 γὰρ

192 5383 246 5444 εἷς
261 5384 479 5480 Mearm:
511 5395 741 5461 ἔδωκεν,
768 5397 855 5451 ἵνα
895 5400 1138 5468 εἴπωσιν,
1168 5383 1280 5476 Ούγ
1310 5408 1384 5471 ὼς
1408 5383 1560 5480 ῥῆμα
1590 5383 1715 5465 τοῦζ

193 5485 246 5530 τ’).
404 5477 463 5537 οὗ
490 5488 592 5540 οὐκ
622 5489 743 5542 ἐστι
767 5489 916 5560 δῶρα
939 5491 1114 5547 δοῦναι
1151 5500 1278 5569 περὶ
1305 5477 1495 5556 αὐτοῦ-ξ
1521 5522 1538 5554 ι
1573 5505 1715 5577 Προ-

195 5566 317 5621 “ﬁla!
332 5569 414 5628 οὖν
441 5579 469 5630 6
497 5577 660 5648 λόγος
693 5581 762 5634 τὰ
788 5582 917 5652 περὶ
955 5583 1061 5638 τῶν
1089 5591 1312 5648 παιδίων
1341 5594 1433 5648 τοῦ
1460 5566 1712 5668 Χριστοῦ,

199 5739 228 5770 ιι
257 5745 268 5797 ι
295 5752 398 5808 εον.
429 5759 554 5818 L93
655 5762 704 5800 ιι
743 5758 905 5814 Joalt.
944 5778 978 5825 ι,
1010 5766 1093 5824 1⁷5.

1822 4602 2006 4645 monte
2036 4589 2188 4646 Sion.
2221 4613 2237 4642 ι
2285 4593 2414 4648 Sive
2443 4594 2549 4651 alio
2575 4597 2756 4661 modo,
2785 4613 2888 4652 non
2923 4599 2974 4652 hi
3006 4608 3213 4654 tantum
3247 4603 3403 4671 pueri

1821 4700 1849 4736 a
1882 4684 1991 4738 Deo
2027 4685 2159 4740 mihi
2202 4687 2534 4742 mirabiliter
2575 4690 2683 4743 dati
2727 4701 2886 4756 sunt;
2939 4693 3034 4746 sed
3081 4693 3248 4746 etiam
3293 4695 3403 4759 alia

1821 4781 2050 4846 plurima
2077 4782 2230 4852 signa
2264 4792 2318 4835 et
2352 4786 2601 4856 prodigia
2644 4787 2774 4842 fient
2813 4790 2864 4842 in
2904 4790 3064 4844 domo
3087 4788 3254 4845 Israel
3293 4807 3403 4861 quo

1827 4881 2071 4944 tempore
2101 4875 2153 4929 in
2185 4877 2472 4945 prophetia
2507 4880 2825 4934 enuntiatur

1892 5055 2060 5113 Vens.
2096 5059 2185 5126 l9,
2227 5060 2319 5116 20.
2369 5081 2387 5113 ι
2419 5061 2483 5116 Ει
2515 5078 2636 5117 cum
2667 5064 2906 5119 dixerint
2939 5067 3004 5120 ad
3032 5083 3128 5122 vos
3161 5087 3173 5122 :
3206 5067 3405 5126 Vocate

1823 5163 1937 5216 eos,
1967 5152 2059 5222 qui
2091 5166 2158 5206 ex
2205 5163 2350 5209 terra
2394 5157 2792 5226 vociferantur,
2846 5170 2900 5216 et
2941 5164 3405 5234 engastrimythos

1825 5243 1915 5308 qui
1962 5257 2030 5294 ex
2073 5251 2263 5299 ventre
2305 5244 2601 5313 loquuntur
2635 5266 2650 5304 :
2679 5264 2784 5304 non
2837 5250 3070 5321 pepulus
3113 5255 3179 5313 ad
3231 5255 3402 5310 Deum

1823 5348 1980 5386 suum
2016 5335 2310 5404 exquirent
2345 5338 2416 5392 de
2445 5339 2585 5410 vivis
2625 5356 2654 5392 a
2701 5344 2932 5398 mortuis
2961 5363 2975 5399 :
3001 5344 3173 5414 legem
3206 5349 3406 5416 quippe

1826 5421 1880 5474 in
1935 5422 2196 5478 auxilium
2239 5425 2408 5492 dedit,
2448 5437 2506 5481 ut
2548 5428 2767 5493 dicant,
2806 5431 2921 5486 Non
2966 5434 3109 5488 sicut
3150 5435 3252 5489 hoc
3283 5452 3408 5491 vcr-

1825 5513 1981 5577 bum,
2043 5515 2110 5569 de
2168 5531 2275 5586 quo
2341 5534 2449 5572 non
2501 5519 2630 5574 licet
2674 5522 2814 5577 dona
2855 5525 3054 5581 daren
3109 5525 3404 5597 Postquam

1825 5604 1989 5673 igitur
2030 5606 2096 5664 de
2144 5608 2326 5678 pueris
2359 5609 2564 5670 Christi
2599 5613 2810 5669 locutus
2856 5615 3068 5688 fuerat,
3113 5635 3306 5690 nempe
3340 5621 3411 5680 ἀς,
