4100 6286
696 318 795 372 M7

1356 310 1623 367 EUSEBII
1659 310 2130 368 CASSABIENSIS
2166 311 2316 368 OPP.
2355 310 2534 367 PARS
2575 309 2662 364 Ill.
2703 338 2771 347 -—
2809 305 3220 364 EXEGETICA.

3823 308 3941 363 “8

696 433 950 507 apostolis
991 441 1046 487 et
1084 429 1361 500 discipulis
1416 430 1552 500 ejus,
1609 444 1820 484 necnon
1874 435 1941 484 de
1984 432 2151 498 signis
2190 441 2245 484 et

2359 429 2490 498 λέγω
2509 429 2572 499 δὴ
2603 427 2711 480 τῶν
2741 427 3054 480 ἀποστόλων
3082 425 3176 478 καὶ
3208 425 3461 496 μαθητῶν
3495 426 3678 490 αὑτοῦ,
3713 427 3840 497 περί
3868 445 3937 480 τε

697 525 975 598 prodigiis,
1009 536 1128 588 qua:
1168 536 1262 590 per
1287 533 1382 574 eos
1411 519 1554 574 edita
1602 529 1750 583 sunt,
1799 521 1954 590 queis
2005 521 2246 590 gentium

2359 519 2460 573 τῶν
2487 517 2726 590 σημείων
2751 517 2976 571 καὶτῶν
3003 518 3243 587 τεράτων
3261 518 3368 570 τῶν
3390 519 3834 572 ἐπιτελεσθέντων
3861 521 3940 574 δι’

695 618 906 671 vocatio
928 613 1069 668 facta
1102 623 1216 675 est;
1252 613 1364 667 haec
1398 620 1795 680 consequenter
1817 614 1972 668 docet
1998 613 2247 682 populum

695 723 892 760 novum
913 717 966 760 et
998 715 1264 761 recentem
1299 720 1364 759 ex
1393 705 1647 774 gentibus
1674 721 1701 760 a
1740 704 1954 760 Christo
1984 705 2247 760 constitu-

693 807 829 862 tum,
848 812 1008 867 quem
1028 797 1098 850 ita
1126 795 1240 850 fere
1263 795 1586 864 alloquitur:
1619 795 1741 850 llaec
1767 795 1974 860 audite,
2006 795 2247 865 discipuli

696 891 840 953 mei,
899 890 990 959 qui
1060 902 1091 942 a
1145 886 1425 957 gentilium
1507 887 1788 955 multiplici
1869 887 2250 956 superstitione

699 981 943 1036 translati
983 980 1136 1035 estis.
1193 977 1250 1033 Si
1293 979 1383 1047 qui
1415 993 1480 1033 ex
1510 977 1573 1032 iis
1607 977 1696 1047 qui
1728 977 1879 1033 vobis
1903 977 2029 1031 olim
2059 976 2170 1031 noti
2197 988 2251 1031 et

694 1073 990 1127 familiares
1020 1078 1176 1125 erant
1201 1110 1216 1134 ,
1251 1070 1371 1124 sive
1395 1078 1596 1138 patres,
1625 1069 1741 1123 sive
1767 1069 1981 1144 cognati
2006 1108 2020 1132 ,
2061 1083 2154 1123 vos
2183 1069 2249 1122 ad

692 1164 978 1233 pristinum
1004 1163 1354 1228 repetendum
1382 1173 1621 1214 errorem
1658 1158 1904 1223 invitent,
1954 1170 2014 1215 ut
2045 1159 2113 1213 ab
2147 1159 2252 1214 illis

693 1255 962 1309 adltibitas
999 1252 1381 1317 divinationes,
1427 1250 1642 1306 oracula
1675 1266 1738 1304 ac
1768 1251 1965 1306 similia
1995 1253 2047 1306 in
2081 1252 2252 1308 admi—

694 1345 906 1399 ratione
929 1343 1175 1398 habeatis
1196 1382 1213 1407 ,
1253 1357 1321 1397 ne
1357 1357 1541 1397 eorum
1570 1341 1795 1397 consilio
1820 1342 2204 1413 obtemperetis
2235 1365 2248 1400 :

693 1452 763 1491 ne
790 1436 1059 1491 miremini
1092 1435 1364 1490 daemonas
1395 1448 1462 1489 ex
1493 1444 1685 1490 ventre
1720 1433 1992 1488 hominum
2026 1432 2250 1504 loquen-

697 1540 797 1592 tes,
827 1542 965 1598 quos
998 1534 1191 1581 vocant
1219 1524 1515 1598 Pythonas,
1540 1541 1717 1597 neque
1738 1540 1831 1582 eos
1847 1525 1937 1596 qui
1954 1542 2021 1582 ex
2049 1526 2254 1595 prasti-

696 1621 797 1688 giis
849 1619 1162 1689 quibusdam
1207 1619 1273 1672 de
1317 1627 1461 1674 terra
1501 1607 1798 1674 ascendere
1845 1628 2129 1689 putantur;
2159 1619 2252 1673 sed

696 1715 866 1769 solum
903 1712 1183 1784 Dominum
1210 1719 1447 1766 vestrum
1471 1710 1654 1766 colite.
1683 1709 1816 1765 Nam
1842 1711 1886 1764 si
1925 1720 2114 1778 gentes
2144 1712 2256 1764 sin-

2353 610 2557 664 αὐτῶν·
2583 611 2649 664 δι’
2673 603 2748 662 ὧν
2771 610 2865 664 καὶ
2906 613 2939 679 ή
2974 610 3165 680 κλῆσις
3192 611 3480 679 γεγένηται
3515 612 3620 663 τῶν
3645 609 3832 674 ἐθνῶν,
3867 612 3936 663 ὰ-

2356 703 2623 765 κολούθως
2651 700 2744 755 τὸν
2771 700 2889 754 νέον
2921 701 3015 754 καὶ
3042 701 3226 754 καινὸν
3257 701 3401 763 λαὸν,
3428 703 3517 756 τὸν
3553 704 3609 770 ἐξ
3648 704 3812 769 ἐθνῶν
3839 705 3942 758 διὰ

2353 793 2589 867 Χριστοῦ
2622 793 2890 847 συστάντα
2927 793 3164 847 διδάσκει
3191 793 3260 848 τὰ
3299 796 3650 865 προκείμενα.
3686 797 3760 859 ὡς
3790 795 3941 868 πρὸς

2354 888 2552 950 αὐτοὺς
2580 886 2782 954 λέγων’
2824 884 3111 939 Ἀκούσατε
3144 885 3335 947 ταῦτα,
3367 889 3414 939 οἱ
3445 886 3568 956 ἐμοὶ
3597 888 3850 950 διδακτοὶ,
3877 889 3938 940 οἱ

2353 980 2452 1050 τῆς
2478 978 2588 1041 τῶν
2625 977 2792 1031 ἐθνῶν
2825 976 3084 1030 πολυθέου
3117 977 3326 1047 πλάνης
3359 978 3745 1048 μεταθέμενοι·
3773 978 3828 1031 εί
3844 995 3937 1030 τι-

2354 1087 2443 1134 νες
2473 1069 2582 1123 τῶν
2613 1069 2779 1123 πάλαι
2811 1068 3101 1139 γνωρίμων
3137 1069 3262 1138 ὑμῖν
3289 1070 3379 1120 καὶ
3411 1069 3672 1140 συνήθων,
3703 1070 3734 1139 ἢ
3759 1069 3936 1123 πατέ-

2357 1179 2470 1234 ρες,
2504 1161 2538 1230 ἢ
2582 1162 2884 1228 συγγενεῐς,
2932 1159 3297 1230 παρακαλοίεν
3325 1161 3466 1230 ὑμᾶς
3519 1162 3790 1215 ἐπανιέναι
3836 1163 3940 1215 ἰπὶ

2355 1256 2454 1326 τὴν
2486 1255 2758 1327 προτέραν
2799 1253 3028 1325 πλάνην,
3071 1251 3369 1324 θαυμάζειν
3396 1271 3453 1306 τε
3481 1254 3580 1316 τὰς
3604 1255 3710 1308 ἀπὸ
3743 1253 3942 1324 δαιμό-

2356 1365 2461 1402 νων
2494 1348 2624 1420 παρ’
2666 1347 2848 1410 αὐτοῖς
2881 1345 3304 1416 ἐπιτελουμένας
3356 1345 3614 1416 μαντείας
3658 1347 3751 1400 καὶ
3793 1363 3939 1416 χρη-

2359 1439 2547 1508 σμοὺς,
2575 1438 2669 1493 καὶ
2699 1437 2769 1492 τά
2799 1437 3051 1491 τοιαῦτα·
3085 1436 3161 1509 μὴ
3195 1437 3443 1491 πείθεσθε
3471 1442 3536 1510 τῇ
3571 1439 3770 1493 τούτων
3791 1457 3943 1508 συμ-

2357 1529 2520 1601 ϐουλῇ
2545 1546 2558 1559 ο
2594 1528 2669 1600 μὴ
2701 1525 3010 1600 θαυμάζετε
3051 1528 3311 1599 δαίμονας
3350 1529 3457 1583 ἀπὸ
3497 1530 3699 1593 κοιλίας
3726 1529 3942 1602 ἀνθρὼ-

2359 1639 2475 1675 πων
2503 1622 2835 1689 φωνοῦντας,
2865 1620 2991 1684 τοὺς
3026 1620 3452 1690 ὀνομαζομένους
3481 1620 3754 1684 Πύθωνας,
3797 1620 3943 1692 μηδὲ

2359 1714 2483 1778 τοὺς
2502 1713 2610 1768 ἀπὸ
2633 1713 2737 1784 γῆς
2759 1713 2902 1766 κατά
2924 1729 3074 1776 τινας
3099 1713 3360 1782 γοητικὰς
3389 1713 3581 1783 τέχνας
3608 1713 3811 1767 ἀνιέναι
3845 1731 3944 1766 νο-

696 1801 853 1872 gulae,
901 1802 1002 1856 etsi
1035 1813 1223 1855 errore
1247 1800 1441 1866 ductae,
1469 1814 1566 1855 suo
1595 1810 1777 1854 tamen
1807 1800 1915 1854 Deo
1940 1799 2250 1862 adhaerent,

2359 1807 2681 1880 μιζομένους
2704 1824 2716 1837 ·
2750 1807 2841 1860 τὸν
2870 1806 2928 1860 δὲ
2969 1804 3150 1860 αὐτῶν
3182 1804 3384 1876 Κύριον
3420 1807 3578 1876 μόνον
3621 1805 3938 1876 περιέπετε.

697 1896 824 1967 quid
863 1894 1005 1951 aliud
1036 1895 1102 1951 iis
1126 1896 1408 1964 agendum.
1457 1895 1546 1964 qui
1589 1909 1769 1950 veram
1798 1894 2048 1949 notitiam
2078 1907 2241 1948 acce-

2359 1901 2415 1955 El
2438 1900 2547 1971 γάρ
2571 1898 2800 1953 ἕκαστον
2825 1897 2994 1963 ἔθνος,
3022 1897 3200 1951 καίτοι
3235 1897 3684 1968 πεπλανημένως,
3708 1899 3855 1966 ὅμως
3879 1897 3935 1950 δ’

695 1993 912 2055 perunt,
963 1999 1124 2054 quam
1176 1993 1235 2039 ut
1276 1985 1442 2040 Deum
1474 2000 1627 2038 suum
1679 1993 1948 2054 quaerant,
2000 1999 2176 2054 neque
2224 1999 2253 2036 a

2359 1986 2445 2044 οὖν
2471 1987 2566 2042 τοῦ
2591 1988 2724 2042 ίδίου
2753 1987 2888 2042 Θεοῦ
2911 1986 3224 2059 περιέχεται
3241 2002 3257 2020 ο
3288 1987 3414 2050 τοὺς
3436 1988 3533 2055 τὴν
3561 1987 3772 2057 ἀπλανῆ
3799 1985 3942 2054 γνῶ-

699 2078 951 2142 mortuis,
984 2078 1092 2132 vita
1123 2078 1336 2148 penitus
1363 2078 1530 2142 orbis,
1562 2077 1828 2134 curiosius
1860 2079 2160 2148 inquirant,
2203 2091 2254 2134 et

2359 2105 2439 2141 σιν
2470 2085 2774 2158 εἰληφότας,
2809 2084 2863 2137 τί
2895 2084 2999 2156 χρὴ
3031 2083 3309 2154 πράττειν,
3342 2083 3374 2153 ἢ
3431 2083 3521 2136 τὸν
3566 2083 3771 2135 ἑαυτῶν
3797 2081 3945 2136 Θεὸν

697 2169 1042 2225 sciscitentur
1083 2170 1152 2226 de
1193 2170 1360 2225 rebus
1403 2170 1469 2225 ad
1511 2170 1665 2224 vivos
1707 2169 2113 2238 spectantibus?
2161 2169 2254 2226 Dei

2359 2178 2652 2250 ἐπιζητεῖν,
2687 2177 2780 2231 καὶ
2816 2175 2890 2248 μὴ
2920 2176 3048 2239 τοὺς
3077 2176 3302 2246 νεκροὺς
3323 2175 3806 2244 πολυπραγμονεῖν,
3835 2186 3942 2244 μη·

702 2262 889 2332 itaque
929 2264 1153 2318 verbum
1183 2271 1239 2317 et
1274 2262 1444 2333 legem
1475 2263 1840 2333 evangelicam
1888 2263 2066 2316 datam
2105 2265 2254 2317 vobis

2359 2270 2416 2325 δὲ
2467 2270 2678 2340 ἐρωτᾷν
2731 2267 2858 2338 περὶ
2912 2267 3252 2338 πραγμάτων
3303 2265 3538 2330 ζώντων,
3582 2265 3707 2329 τοὺς
3751 2265 3942 2335 πάσης

697 2353 752 2408 in
782 2352 1040 2409 auxilium
1071 2355 1238 2417 nacti,
1272 2369 1338 2410 ex
1385 2355 1496 2423 ipsa
1539 2354 1735 2408 discite
1778 2368 2112 2424 quaecunque
2142 2355 2257 2407 vul-

699 2446 790 2511 tis,
829 2453 887 2500 et
930 2446 1072 2502 hanc
1117 2446 1400 2502 sectemini
1432 2464 1448 2500 :
1479 2446 1602 2516 quia
1643 2446 1760 2500 ﬁeri
1809 2446 2016 2517 nequit,
2057 2457 2115 2502 ut
2169 2447 2257 2502 ille

697 2537 855 2592 donis
874 2552 905 2592 a
930 2552 1060 2593 vero
1092 2539 1450 2593 dimoveatur.

2360 2360 2507 2430 ζωῆς
2535 2357 2960 2430 ὲστερημένουςς
2997 2357 3250 2428 Ἔχοντες
3273 2354 3364 2411 οὖν
3389 2358 3478 2410 τὸν
3503 2357 3596 2411 τοῦ
3623 2357 3754 2412 Θεοῦ
3775 2357 3945 2426 λόγον

2359 2454 2454 2508 καὶ
2485 2455 2646 2524 νόμον
2664 2454 2755 2507 τὸν
2779 2451 3149 2520 εὐαγγελικὸν,
3181 2453 3260 2515 εἰς
3288 2450 3531 2522 βοήθειαν
3564 2453 3690 2522 ὑμῖν
3719 2451 3946 2520 δεδομέ-

2359 2558 2467 2606 νον,
2502 2541 2563 2606 ὲξ
2580 2541 2742 2595 αὑτοῦ
2769 2541 3062 2612 μανθάνετε
3086 2541 3212 2612 περὶ
3238 2535 3312 2594 ὧν
3331 2541 3395 2594 ἂν
3417 2540 3669 2605 ἐθέλοιτε,
3692 2542 3783 2594 καὶ
3810 2539 3945 2593 τού-

693 2646 774 2701 τῳ
803 2635 1083 2704 ποιχεῖτε,
1113 2633 1232 2687 ἐπὶ
1256 2631 1332 2704 μὴ
1371 2627 1482 2686 οἷόν
1505 2633 1562 2686 τέ
1586 2634 1732 2688 ἐστιν
1777 2633 1932 2688 αὐτὸν
1959 2633 2148 2707 δώροις
2175 2633 2431 2706 ἐκστῆναι
2453 2635 2548 2689 τοῦ
2583 2635 2832 2706 ἀληθοῦς.

769 2725 931 2780 Vens.
971 2724 1060 2779 21.
1106 2743 1126 2777 ι
1154 2725 1220 2779 Et
1262 2726 1436 2779 veniet
1463 2741 1627 2796 super
1662 2742 1758 2781 vos
1790 2727 1908 2782 dira
1954 2728 2168 2784 fames:
2199 2742 2257 2784 et

695 2817 803 2873 erit
837 2826 896 2870 ut
919 2817 1208 2882 esurietis,
1248 2817 1520 2879 dolebitis.
1557 2827 1613 2873 et
1655 2819 1988 2876 maledicetis
2025 2819 2256 2891 principi

695 2917 750 2960 et
780 2906 968 2976 patriis
997 2906 1201 2977 legibus
1232 2923 1248 2961 :
1282 2917 1335 2962 et
1374 2910 1657 2976 respicient
1700 2909 1753 2964 in
1792 2910 1989 2966 caelum
2015 2924 2201 2980 supra.
2235 2928 2255 2963 ι

695 2995 831 3052 Cum
889 3010 1020 3066 ergo
1063 2996 1184 3066 quis
1207 2997 1403 3051 divinae
1441 2995 1574 3067 legis
1599 3007 1966 3066 transgressor
1993 3013 2057 3054 ac
2085 3000 2262 3057 deser-

699 3099 783 3143 tor
846 3087 1069 3144 eﬂ’eetus
1136 3089 1271 3154 erit,
1332 3089 1382 3142 in
1431 3086 1810 3144 oil'endiculum
1866 3090 2128 3147 deductus
2191 3092 2259 3147 ab

700 3183 769 3238 iis
801 3183 891 3251 qui
915 3181 1134 3238 oracula
1164 3190 1222 3236 et
1243 3181 1606 3236 daemoniacas
1627 3182 1992 3239 divinationes
2019 3195 2256 3253 praeten-

699 3274 850 3338 dunt,
877 3273 1019 3327 hunc
1048 3272 1216 3328 {antes
1250 3273 1648 3330 rationabilium
1671 3273 1913 3328 ciborum
1947 3277 2255 3344 occupabit,

697 3379 907 3419 necnon
961 3379 1214 3420 excessus
1271 3365 1468 3419 mentis
1518 3372 1574 3419 et
1625 3364 1907 3420 iracundia
1942 3383 1953 3417 :
1988 3377 2151 3436 atque
2205 3368 2256 3420 in

699 3455 1042 3526 blasphemas
1086 3455 1442 3526 cogitationes
1508 3454 1752 3519 incidet,
1806 3456 2133 3512 maledicens
2181 3457 2254 3511 illi

703 3548 832 3600 olim
872 3547 982 3615 regi
1040 3561 1179 3608 suo,
1215 3560 1376 3615 quem
1430 3545 1588 3599 deum
1638 3560 1794 3600 suum
1839 3549 2087 3602 vocabat.
2145 3567 2162 3598 α
2194 3548 2260 3602 Et

700 3656 805 3694 non
847 3638 1128 3708 perplexus
1175 3639 1281 3692 erit
1322 3639 1411 3709 qui
1461 3638 1515 3692 in
1558 3639 1801 3708 angustia
1849 3649 1930 3694 est
1973 3655 2143 3710 usque
2183 3633 2256 3696 ’ad

702 3741 933 3799 tempus.
964 3749 982 3781 ο

1294 3818 1522 3876 CAPUT
1573 3818 1663 3874 IX.

766 3911 930 3968 Vens.
977 3915 1030 3968 l.
1083 3933 1102 3966 ι
1131 3913 1244 3967 Hoc
1291 3914 1520 3979 primum
1579 3905 1745 3968 bibe:
1783 3913 1890 3968 cito
1939 3912 2062 3978 fac,
2112 3916 2258 3984 regio

698 4005 938 4061 Zabulon
956 4016 1009 4060 et
1035 4016 1174 4060 terra
1199 4003 1630 4074 Nephthalim,et
1660 4005 1837 4060 caeteri
1867 4005 1956 4078 qui
1991 4006 2256 4061 maritima

698 4107 754 4153 et
787 4107 937 4152 trans
968 4095 1276 4159 Jordanem,
1303 4095 1520 4151 Galilzea
1545 4098 1802 4166 gentium.
1834 4117 1853 4149 ι
1891 4099 2171 4152 Vultenitn
2204 4110 2260 4152 ut

701 4194 755 4253 ii.
792 4192 883 4263 qui
917 4206 1114 4260 magna
1154 4189 1407 4244 salutans
1455 4190 1547 4242 Dei
1597 4189 1860 4246 adventus
1898 4192 2015 4246 luce
2053 4194 2256 4262 dignati

700 4294 844 4351 sunt,
870 4284 1106 4341 fructum
1137 4283 1476 4340 rationabilis
1521 4294 1678 4354 potus
1707 4285 1958 4352 operibus
2012 4287 2256 4342 reddant.

700 4379 880 4433 Primo
938 4378 1117 4446 itaque
1169 4375 1406 4432 Galilais
1454 4376 1654 4430 bonum
1697 4377 1943 4431 nuntium
1993 4377 2255 4434 declarat.

2439 2749 2455 2780 ι
2478 2731 2588 2782 Καὶ
2614 2728 2734 2799 ἥξει
2789 2731 2873 2798 ἐφ’
2899 2728 3041 2798 ὑμᾶς
3073 2725 3285 2798 σκληρά
3332 2725 3514 2797 λιμός·
3556 2728 3649 2779 καὶ
3681 2724 3831 2778 ἔσται
3855 2725 3942 2790 ὡς

2364 2821 2429 2876 ἂν
2460 2821 2776 2892 πεινάσητε,
2828 2819 3200 2890 λυπηθήσεσθε
3241 2818 3362 2880 καὶ,
3410 2817 3592 2882 κακῶς
3621 2817 3789 2887 ἐρεῖτε
3841 2815 3945 2870 τὸν

2363 2913 2618 2985 ἄρχοντα,
2657 2911 2753 2965 καὶ
2791 2911 2858 2965 τὰ
2891 2912 3095 2983 πάτρια
3118 2927 3130 2940 ·
3163 2910 3259 2963 καὶ
3311 2908 3694 2978 άνασλέψονται
3727 2910 3805 2970 είς
3840 2907 3945 2963 τὸν

2365 3007 2591 3076 οὐρανὸν
2620 3005 2750 3059 ἄνω.
2782 3023 2801 3056 ι
2835 3005 3002 3058 Ὅταν
3028 2999 3119 3057 οὖν
3142 3002 3462 3073 παραϐάτης
3493 3001 3698 3071 γένοιτό
3724 3018 3806 3064 τις
3837 3001 3946 3054 τοῦ

2367 3094 2509 3148 θείου
2551 3094 2737 3164 νόμου,
2791 3094 2884 3147 καὶ
2931 3094 3241 3164 ἀποστάτης
3290 3091 3474 3156 αὑτοῦ,
3533 3091 3946 3155 σκανδαλισθεὶς

2362 3187 2468 3240 ὑπὸ
2492 3187 2600 3240 τῶν
2633 3189 2758 3250 τοὺς
2790 3187 3071 3258 χρησμοὺς
3097 3186 3190 3240 καὶ
3218 3186 3314 3250 τὰς
3349 3186 3602 3256 μαντείας
3626 3184 3722 3249 τὰς
3748 3184 3944 3254 δαιμο-

2358 3277 2517 3340 νικὰς
2554 3277 2984 3352 προϊσχομένων,
3033 3277 3189 3346 λιμὸς
3214 3276 3430 3345 τροφῶν
3476 3274 3705 3343 λογικῶν
3743 3273 3943 3327 τοῦτον

2358 3368 2679 3434 διαδέξεται,
2717 3370 2813 3423 καὶ
2860 3368 3136 3433 ἔκστασις,
3183 3368 3278 3420 καὶ
3307 3367 3680 3439 παροξυσμός·
3727 3366 3817 3419 καὶ
3850 3366 3945 3430 είς

2361 3462 2709 3532 βλασφήμους
2735 3462 3054 3531 ὲμπεσεῐται
3089 3460 3399 3532 λογισμοὺς,
3431 3458 3812 3531 καταρώμενος
3838 3457 3950 3512 τὸν

2360 3552 2524 3606 πάλαι
2553 3551 2775 3622 βασιλέα
2823 3550 3006 3615 αὐτοῦ,
3045 3551 3104 3604 ὃν
3148 3551 3242 3604 καὶ
3271 3549 3389 3604 θεὸν
3425 3549 3616 3603 ἑαυτοῦ
3661 3548 3938 3620 ὠνόμαζε.

2364 3666 2382 3697 ι
2410 3648 2519 3699 Καὶ
2550 3647 2651 3700 οὐκ
2677 3644 3082 3717 ἅπορηθήσεται
3102 3645 3131 3697 6
3155 3645 3214 3697 ὲν
3247 3643 3573 3715 στενοχωρία
3595 3642 3668 3696 ὢν
3689 3644 3791 3705 ἓως
3812 3660 3943 3696 και-

2363 3754 2477 3807 ρου.
2505 3757 2522 3788 ι

2892 3825 3071 3878 ΚΕΦΑ
3081 3823 3288 3882 ΔΑΙοΝ
3319 3821 3394 3876 8’.

2435 3939 2451 3970 ‹
2475 3918 2644 3971 Τοῦτο
2669 3916 2882 3988 πρῶτον
2917 3917 3006 3970 πίε
3026 3934 3039 3946 ·
3068 3918 3202 3986 ταχὺ
3231 3917 3393 3980 ποίει,
3443 3913 3595 3987 χώρα
3625 3911 3942 3978 Ζαὸουλὼν,

2361 4015 2394 4083 ἡ
2443 4011 2514 4081 γῆ
2549 4009 2887 4079 Νεφθαλεὶμ,
2922 4008 3016 4061 καὶ
3042 4011 3089 4060 οἱ
3118 4007 3292 4060 λοιποὶ
3334 4008 3384 4061 οἱ
3408 4008 3506 4078 τὴν
3538 4007 3802 4077 παραλίαν
3835 4007 3946 4061 καὶ

2360 4104 2534 4174 πέραν
2583 4101 2674 4155 τοῦ
2716 4101 2998 4171 Ἰορδάνου,
3030 4099 3285 4153 Γαλιλαία
3327 4099 3433 4158 τῶν
3464 4099 3650 4152 ἐθνῶν.
3678 4117 3697 4149 ι
3738 4098 3945 4150 Βούλε-

2360 4211 2448 4247 ται
2469 4192 2576 4264 γὰρ
2605 4191 2672 4244 δι’
2715 4190 2890 4262 ἔργων
2923 4191 3011 4244 τὸν
3066 4189 3273 4262 καρπὸν
3299 4188 3392 4243 τοῦ
3426 4186 3642 4257 λογικοῦ
3693 4188 3944 4258 πόματος

2362 4285 2664 4339 ἀποδιδόναι
2698 4285 2823 4348 τοὺς
2855 4281 3289 4347 καταξιωθέντας
3338 4281 3431 4335 τοῦ
3468 4279 3703 4353 μεγάλου
3757 4278 3942 4347 φωτὸς

2361 4378 2458 4447 τῆς
2488 4377 2753 4448 σωτηρίου
2800 4375 3133 4446 θεοφανείας.
3169 4373 3388 4446 Πρῶτον
3435 4370 3527 4428 οὖν
3557 4376 3669 4435 τοίς
3699 4372 3788 4424 ἐπὶ
3831 4371 3942 4442 τῆς

701 4472 802 4526 Par
839 4470 1037 4540 quippe
1071 4479 1187 4522 erat
1221 4468 1495 4538 regionem
1533 4468 1678 4522 illam
1711 4483 1817 4522 non
1861 4469 2073 4524 silentio
2119 4488 2254 4540 pra:-

2366 4469 2647 4532 Γαλιλαίας
2680 4467 3106 4537 εὐαγγελίζεται.
3140 4467 3288 4520 Ἔδει
3315 4466 3424 4537 γὰρ
3471 4465 3604 4537 μηδὲ
3623 4465 3719 4536 τὴν
3746 4462 3942 4534 χώραν

702 4569 885 4622 tertre,
949 4558 1002 4612 in
1065 4571 1170 4626 qua
1237 4555 1554 4612 Emmanuel
1615 4558 1668 4612 in
1735 4572 1832 4611 suo
1894 4559 1959 4611 ad
2016 4559 2254 4616 homines

2364 4561 2766 4630 ἀποσιωπῆσαι,
2805 4559 2924 4613 καθ’
2944 4560 3010 4628 ἣν
3032 4560 3130 4621 τὰς
3169 4557 3447 4628 διατριϐὰς
3476 4554 3737 4610 ποιεῖσθαι
3762 4555 3941 4626 ἠμελ-

701 4651 928 4705 adventu
982 4665 1162 4703 moras
1213 4649 1455 4703 facturus
1513 4659 1654 4703 erat.
1709 4649 1873 4720 Regio
1917 4661 2096 4705 autem
2144 4664 2254 4707 erat

2365 4653 2454 4705 λεν
2477 4650 2782 4721 ἀνθρώποις
2818 4651 3102 4720 ἐπιφανεὶς
3129 4652 3157 4703 6
3198 4647 3558 4721 Ἐμμανουήλ.
3607 4648 3670 4700 Ἡ
3694 4646 3750 4698 δὲ
3779 4644 3941 4717 χώρα

699 4741 920 4796 Galilzea
945 4781 961 4807 ,
995 4742 1102 4796 imo
1129 4742 1292 4796 etiam
1327 4751 1472 4795 trans
1504 4740 1793 4796 Iordanem
1824 4753 1942 4795 erat
1970 4743 2085 4797 hare
2113 4744 2254 4798 Gali-

2362 4740 2429 4814 ἦν
2455 4743 2705 4796 Γαλιλαία
2725 4760 2737 4772 ·
2766 4742 2900 4795 ἀλλὰ
2931 4742 3023 4796 καὶ
3056 4741 3225 4813 πέραν
3251 4740 3343 4794 τοῦ
3385 4739 3644 4811 Ἰορδάνου
3675 4736 3939 4807 τυγχάνει

701 4835 820 4898 Iaca,
871 4834 924 4888 in
977 4849 1082 4903 qua
1126 4834 1468 4903 frequentius
1521 4845 1768 4889 versatus
1822 4836 2071 4892 Christus
2125 4848 2252 4891 est:

2365 4838 2396 4907 ἡ
2433 4835 2685 4888 Γαλιλαία
2718 4834 2878 4902 αῦτη,
2913 4835 2970 4886 έν
3001 4827 3158 4906 ᾖτὰς
3199 4832 3452 4895 πλείστας
3484 4831 3772 4901 ἐποιήσατο
3812 4827 3934 4882 διαο

699 4941 870 4996 quare
897 4927 1186 4980 salutarem
1219 4937 1401 4996 potum
1431 4938 1486 4982 et
1515 4927 1684 4980 lucem
1711 4928 1825 4995 ejus
1859 4927 2051 4982 incolis
2087 4929 2254 4998 primo

2360 4929 2548 4999 τριϐὰς
2581 4929 2608 4980 6
2639 4925 2872 4998 Χριστός
2894 4944 2906 4956 ι
2933 4926 3012 4979 διὸ
3036 4927 3194 4980 ποτὸν
3235 4927 3519 4996 σωτήριον,
3563 4924 3654 4977 καὶ
3683 4923 3796 4992 φῶς
3833 4922 3936 4992 μέ-

701 5017 1004 5073 annuntiat.
1065 5015 1232 5085 Hujus
1284 5033 1447 5087 porro
1505 5018 1703 5073 viviﬁci
1750 5031 1909 5087 potus
1969 5020 2254 5090 imaginem

2360 5036 2429 5086 γα
2460 5021 2571 5082 τοῖς
2599 5019 2656 5070 ἐν
2685 5019 2819 5086 αὐτῇ
2853 5015 3256 5084 εὐαγγελίζεται
3288 5015 3542 5086 πρώτοις.
3571 5012 3677 5066 Τοῦ
3700 5011 3756 5065 δὲ
3791 5011 3935 5074 Cmo-

701 5110 1028 5165 sensibiliter
1071 5111 1316 5166 exhibuit
1360 5109 1639 5175 Servator,
1683 5115 1919 5180 quando,
1970 5113 2173 5183 nuptiis
2205 5113 2254 5166 in

2359 5110 2508 5162 ποιοῦ
2535 5109 2726 5162 τούτου
2758 5107 2923 5160 ποτοῦ
2957 5107 3139 5160 είκόνα
3170 5109 3425 5176 παρεῖχεν
3453 5107 3480 5157 6
3519 5103 3708 5173 Σωτὴρ
3740 5104 3930 5176 αἰσθη-

700 5204 842 5259 Cana
873 5202 1108 5258 Galilaeae
1143 5203 1449 5264 celebratis.
1473 5202 1701 5271 primum
1726 5203 2039 5258 miraculum
2070 5204 2254 5268 edidit,

2359 5202 2480 5264 τῶς,
2508 5200 2742 5272 ὁπηνίκα
2775 5200 2953 5270 γάμου
2985 5196 3402 5266 συντελουμένου
3430 5199 3488 5249 ὲν
3525 5197 3677 5248 Κανᾶ
3699 5195 3794 5263 τῆς
3822 5196 3862 5244 Γ
3867 5214 3929 5247 α-

700 5312 849 5369 aquae
874 5296 1080 5352 scilicet
1109 5297 1160 5350 in
1194 5297 1372 5350 viuum
1398 5296 1768 5352 mutationem.

2359 5294 2584 5357 λιλαίας,
2633 5293 2857 5363 πρῶτον,
2874 5291 3170 5363 παράδοξον
3203 5291 3515 5362 εἰργάσατο,
3551 5289 3648 5359 τὴν
3679 5287 3770 5340 τοῦ
3804 5285 3934 5342 ὓδα-

2357 5401 2445 5446 τος
2468 5387 2547 5446 εἰς
2565 5379 2704 5436 οἶνον
2736 5382 3050 5454 μεταϐολήν.

774 5478 935 5534 Vens.
968 5478 1024 5532 2.
1067 5497 1085 5529 ‹
1122 5477 1386 5546 Populus,
1424 5479 1514 5547 qui
1547 5476 1857 5531 ambulabat
1903 5477 1956 5531 in
2003 5477 2254 5544 tenebris,

2442 5495 2460 5527 ι
2483 5476 2538 5528 '0
2553 5476 2677 5538 λαὸς
2695 5477 2721 5526 ὁ
2739 5475 3040 5545 καθήμενος
3079 5479 3136 5527 ἐν
3167 5475 3347 5526 σκότει
3380 5468 3484 5525 εἶδε
3512 5470 3626 5540 φῶς
3675 5471 3816 5542 μέγα
3837 5487 3850 5498 ·
3878 5471 3930 5522 οἱ

702 5573 836 5626 vidit
894 5574 1064 5625 lucem
1119 5587 1408 5642 magnam:
1466 5572 1778 5626 habitantes
1835 5571 1888 5624 in
1943 5570 2162 5640 regione
2209 5579 2254 5623 et

2369 5566 2740 5628 κατοικοῦντες
2771 5566 2828 5616 ἐν
2856 5565 3007 5636 χώρα
3027 5566 3120 5617 καὶ
3155 5566 3284 5634 σκιᾷ
3300 5564 3548 5626 θανάτου,
3580 5561 3694 5630 φῶς
3725 5560 3929 5630 λάμψει

702 5666 892 5717 umbra
962 5665 1170 5727 tnortis,
1228 5665 1317 5717 lux
1370 5664 1668 5734 splendebit
1730 5678 1889 5732 super
1943 5677 2054 5716 vos.
2118 5680 2135 5710 ι
2195 5661 2254 5714 ΕΙ

2365 5661 2450 5726 ἐφ’
2483 5659 2642 5728 ὑμᾶς.
2681 5678 2697 5708 ι
2737 5657 2844 5710 Καὶ
2873 5657 3044 5720 ἄλλως
3069 5656 3125 5708 δὲ
3146 5658 3201 5708 ἐν
3233 5657 3410 5708 σκότει
3439 5654 3727 5723 ἐτύγχανον
3758 5656 3803 5706 οἱ
3825 5656 3930 5724 πρὸ

701 5758 834 5811 alias
879 5757 1095 5826 qutdem
1148 5758 1200 5810 in
1247 5757 1478 5813 tenebtis
1527 5757 1775 5826 agebant,
1827 5755 1915 5823 qui
1971 5764 2254 5822 antequam

2363 5753 2456 5823 τῆς
2494 5750 2835 5820 ἒπιὶρμῷ-(ιις
2877 5750 2964 5801 τεῦ
3002 5747 3233 5819 Χριητοῦ
3275 5751 3330 5801 ἐν
3359 5749 3594 5815 ἀγνωσία
3629 5748 3777 5808 War;
3836 5749 3926 5798 τν-’ἷι
