4100 6286
178 306 267 359 HS

1102 293 1613 350 COMMENTARIA
1656 293 1722 346 ΙΝ
1763 291 2016 375 ISAIAM.
2059 324 2117 335 --
2167 292 2318 345 CAI’.
2362 290 2454 346 ιχ.

3335 288 3437 344 150

174 428 340 481 emo;
368 411 459 465 τοῦ
492 411 741 484 ἀληθινοῦ
771 427 785 438 ·
820 411 881 462 ἐν
916 411 1048 481 σκιᾷ
1083 410 1137 462 δὲ
1170 411 1398 464 θανάτου
1433 410 1572 483 ἦσαν
1600 414 1649 464 οἱ
1693 414 1753 464 τά

1864 414 2115 469 Christus
2189 413 2565 475 illucesceret,
2624 411 2676 465 in
2742 426 2881 465 verae
2940 410 3077 464 lucis
3132 408 3433 480 ignorantia

180 508 295 573 πρὸς
325 503 562 557 θάνατον
591 501 1021 571 ἁμαρτάνοντες,
1050 502 1193 561 κατά
1215 503 1549 574 τὸ,ιΨυχὴή
1579 506 1758 573 ἀμαρ-

175 597 420 657 inausa,
449 594 589 664 αὐτὴ
619 593 992 645 ἀποθανεῖται.
1031 610 1052 643 ι
1110 593 1248 644 Ἀλλ’
1274 595 1377 657 ἐως
1414 596 1511 663 μὲν
1564 596 1622 646 ἐν
1680 595 1757 664 τῷ

172 688 393 757 ⁴εαρόντι
427 686 533 755 βίῳ
560 684 814 754 τυγχάνει
851 684 878 736 ἑ
942 682 1081 753 πρὸς
1132 683 1357 737 θάνατον
1405 685 1752 754 ἁμαρτάνων,

174 781 255 847 ῖιχ
288 777 438 829 οὕτω
470 776 652 844 πάντη
686 774 1065 829 καταπέποται
1100 776 1203 827 ὑπὸ
1252 774 1345 827 τοῦ
1398 774 1647 835 θανάτου.
1680 776 1755 839 ὡς

172 874 235 941 μὴ
268 868 545 923 δύνασθαι
584 866 903 936 μεταϐαλὼν
956 866 1209 937 σωθῆναι.
1267 867 1382 920 ἀλλ’
1423 866 1541 920 οὐδὲ
1584 868 1756 938 ἀπήλ-

166 963 358 1013 λακται
385 958 559 1011 αὐτοῦ
592 957 890 1019 παντελῶς,
924 956 1005 1008 διὸ
1038 957 1251 1024 λέγεται
1305 954 1443 1010 εἶναι
1510 959 1567 1009 ἐν
1629 959 1755 1027 σκιᾷ

168 1053 415 1107 θανάτου.
452 1050 605 1120 Πλὴν
641 1050 952 1119 ἐπιλάμψας
1002 1049 1207 1113 τούτοις
1242 1051 1497 1121 πρώτοις,
1531 1052 1628 1121 τήν
1657 1053 1753 1121 χά-

172 1162 245 1211 ριν
272 1142 371 1195 τοῦ
410 1142 661 1212 μεγάλου
694 1140 871 1210 φωτὸς
893 1141 1200 1213 ἐδωρήσατο
1227 1144 1255 1195 ό
1310 1142 1397 1195 διά
1452 1142 1561 1194 τῶν
1622 1159 1753 1213 προ-

168 1235 429 1305 κειμένοιν
466 1233 877 1303 θεσπιξόμενος.
921 1233 1010 1286 Ἐν
1039 1233 1210 1307 ταύτῃ
1238 1249 1298 1285 τε
1330 1236 1397 1303 τῇ
1426 1233 1577 1303 χώρα
1611 1232 1754 1303 ττρὼ-

168 1345 231 1398 τη
269 1328 531 1381 πλεῖστον
576 1328 704 1380 λαὸν
743 1327 1009 1397 ἐκτήσατο
1037 1367 1053 1391 ,
1108 1324 1183 1389 ὡς
1207 1326 1420 1379 καὶτὸν
1469 1325 1754 1379 ἀποστολι-

168 1422 251 1471 κδν
276 1420 441 1489 χορὸν
479 1419 540 1483 ἐξ
570 1418 751 1472 αὐτῶν
776 1418 1117 1481 ἐκλέξασθαι.
1144 1418 1300 1479 Τίνες
1328 1413 1422 1471 οὖν
1449 1413 1587 1487 ἦσαν
1620 1419 1667 1469 οἱ
1696 1419 1755 1471 ἐν

173 1513 344 1564 σκότει
371 1512 470 1564 καὶ
500 1514 632 1581 σκιᾷ
654 1510 885 1564 Θανάτου
917 1510 949 1581 ἢ
1001 1511 1051 1562 oi
1092 1512 1148 1562 ἐν
1174 1508 1416 1580 ἀγνωσία
1465 1507 1557 1561 τοῦ
1618 1508 1753 1562 Θεοῦ

170 1604 221 1653 τὸ
246 1601 376 1670 πρὶν
410 1600 839 1670 κατεσχημένοι,
872 1600 967 1653 καὶ
998 1602 1045 1652 οἱ
1075 1598 1151 1669 τῷ
1180 1598 1395 1669 Θανάτῳ
1443 1599 1541 1669 τῆς
1575 1594 1753 1668 ψυχῆς

171 1692 550 1764 δεδουλωμένοι
573 1709 589 1757 ;

232 1895 251 1927 ι
284 1874 357 1929 Τδ
382 1875 645 1928 πλεῖστον
672 1874 764 1929 τοῦ
794 1874 924 1928 λαοῦ
953 1876 981 1929 δ
1014 1876 1323 1944 κατήγαγες
1346 1876 1406 1926 ἐν
1440 1876 1749 1947 εὐφροσύνῃ

174 1984 272 2029 σω,
308 1969 401 2022 καὶ
424 1968 903 2039 εὐφρανθήσονται
928 1966 1156 2021 ἐνώπιόν
1190 1983 1303 2034 σου,
1336 1968 1413 2029 ὡς
1446 1969 1495 2021 oi
1524 1968 1751 2039 εὐφραι-

173 2060 367 2129 νόμενοι
398 2062 463 2113 ἐν
503 2061 702 2132 ἀμήτῳ
726 2100 741 2123 ,
771 2061 864 2113 καὶ
894 2059 952 2113 δν
984 2059 1181 2131 τρόπον
1209 2058 1667 2132 εὐφρανθήσονται
1701 2061 1749 2112 οἱ

566 2153 771 2207 σκῦλα·
808 2154 940 2207 διότι
968 2153 1395 2226 ἀφαιρεθήσεται
1421 2155 1450 2207 ό
1483 2152 1646 2222 ζυγὸς
1664 2155 1749 2206 ἐπ’

174 2246 333 2298 αὐτῶν
352 2246 637 2316 κείμενος.
664 2266 685 2299 ι
728 2248 799 2300 Ἦ
842 2247 1025 2318 ἐπειδὴ
1056 2248 1295 2301 πλεῖστοι
1348 2249 1447 2319 μὲν
1497 2248 1749 2301 ἐπίστευ-

176 2355 278 2402 σαν,
315 2338 543 2402 τελείους
571 2339 629 2393 δέ
658 2342 725 2410 τῇ
764 2341 995 2412 ἀπιστία
1024 2342 1405 2413 ἐναπέμειναν,
1439 2342 1665 2405 εἰκότως
1690 2343 1751 2395 τὸ

172 2431 407 2485 πλεῖστον
466 2429 561 2484 τοῦ
593 2430 724 2485 λαοῦ
758 2431 1007 2488 λέλεκται
1044 2434 1141 2505 τῆς
1171 2434 1442 2505 σωτηρίου
1503 2433 1753 2504 μετειλη-

173 2524 310 2589 φέναι
338 2524 714 2595 εὐφροσύνης.
749 2526 1012 2597 Σημαίνει
1032 2526 1088 2579 δέ
1114 2524 1202 2580 διά
1220 2526 1445 2590 τούτων,
1481 2527 1618 2598 πρὸς
1653 2527 1751 2597 τὴν

174 2616 455 2688 πρόχειρον
478 2616 662 2683 λέξινο
708 2618 797 2671 Ἐν
836 2612 1029 2691 ᾖποτὲ
1064 2618 1162 2688 μὲν
1205 2619 1517 2672 ἀπὸίπέντε
1572 2620 1752 2691 ἀρτων

177 2707 359 2777 πλῆθος
373 2708 597 2778 ἀνδρῶν
621 2709 1069 2779 πεντακισχιλίων
1095 2709 1359 2781 ἐθρέψατο
1391 2711 1449 2762 ἐν
1477 2712 1543 2780 τῇ
1564 2710 1751 2779 δηλου-

176 2799 292 2870 μένῃ
320 2798 503 2871 χώρᾳ,
560 2798 693 2853 ποτὲ
724 2798 785 2864 ἐξ
845 2800 985 2854 ἐτιτά
1036 2801 1501 2872 τετρακισχιλίους
1554 2801 1752 2872 ἄνδρας

172 2896 323 2963 χωρὶς
356 2892 648 2962 γυναικῶν
679 2893 775 2947 καὶ
802 2892 1043 2946 παιδίων.
1079 2894 1169 2947 Διὸ
1200 2894 1446 2948 λέλεκται
1482 2893 1623 2947 κατά
1660 2892 1753 2945 τὸν

171 2983 460 3055 Σύμμαχον
499 3005 519 3035 ι
574 2985 895 3057 Εὐφροσύνῃ
926 2984 1309 3056 εὐφράνθησαν
1339 2984 1569 3042 ἐνώπιόν
1633 3002 1749 3050 σου,

1860 516 2053 560 erant:
2104 506 2157 558 in
2214 504 2407 557 umbra
2465 514 2641 556 autem
2694 502 2885 557 mortis
2928 510 3114 564 erant,
3171 509 3437 568 quotquot

1861 596 2165 650 mortaliter
2213 602 2612 663 peccaverant,
2663 594 2962 647 secundum
2993 590 3153 645 illud:
3190 609 3208 641 ι
3244 590 3434 644 Anima

1858 705 1976 758 quze
2011 688 2349 758 peccaverit,
2398 686 2514 756 ipsa
2568 686 2829 739 morietur
2862 685 2929 738 “.
2966 702 2985 736 ι
3036 684 3141 737 Sed
3190 684 3432 753 quandiu

1859 779 1903 831 is
1946 778 2035 847 qui
2086 786 2275 847 peccat
2329 776 2395 829 ad
2430 786 2679 838 mortem,
2716 774 2768 828 in
2812 775 3067 843 praesenti
3104 773 3207 827 vita
3247 773 3429 841 degit,

1858 886 1962 923 non
2000 871 2071 923 ita
2121 885 2343 938 prorsus
2386 870 2713 923 absorbetur
2746 882 2775 921 a
2817 878 3011 934 morte,
3050 877 3108 920 ut
3153 862 3261 921 non
3306 881 3432 934 pos-

1856 962 1927 1013 sit
1963 960 2329 1029 resipiscendo
2365 960 2597 1015 salutem
2637 958 2877 1013 nancisci
2907 976 2921 1017 :
2962 958 3055 1015 sed
3105 972 3204 1014 nec
3244 972 3310 1011 ex
3346 958 3433 1010 illa

1856 1057 2070 1123 penitus
2123 1053 2422 1116 liberatur,
2477 1066 2650 1121 quare
2709 1052 2913 1106 dicitur
2962 1065 3085 1106 ease
3138 1051 3191 1104 in
3238 1049 3433 1103 umbra

1859 1148 2069 1201 mortis.
2107 1146 2377 1201 Castorum
2432 1146 2516 1199 bis
2544 1144 2819 1215 prioribus
2852 1144 3208 1207 illucescens,
3250 1142 3432 1211 magni

1858 1236 2078 1291 luminis
2117 1237 2351 1305 gratiam
2382 1236 2653 1305 elargitus
2676 1245 2758 1291 est
2790 1235 2855 1299 is,
2896 1236 2986 1303 qui
3022 1234 3074 1288 in
3105 1233 3207 1287 hoc
3238 1231 3432 1285 vatici-

1856 1328 1948 1382 nio
1986 1327 2180 1383 fertur.
2238 1328 2295 1382 In
2334 1329 2436 1384 hac
2477 1341 2642 1397 porro
2696 1329 2916 1398 regione
2962 1326 3138 1395 primo
3180 1338 3431 1393 magnam

1856 1417 2039 1486 populi
2076 1418 2479 1474 multitudinem
2515 1419 2827 1487 acquisivit,
2884 1419 2956 1471 ita
2994 1426 3053 1470 ut
3095 1415 3259 1469 etiam
3304 1428 3435 1484 apo-

1856 1510 2111 1566 stolicum
2159 1512 2389 1567 cborum
2440 1527 2507 1567 ex
2550 1527 2618 1566 ea
2683 1511 2966 1581 deligeret.
3017 1507 3249 1574 Quinam
3303 1520 3436 1575 ergo

1855 1612 2015 1657 erant
2048 1602 2120 1655 illi
2172 1603 2224 1656 in
2273 1602 2515 1657 tenebris
2551 1612 2606 1656 et
2646 1602 2837 1656 umbra
2890 1602 3082 1657 mortis
3112 1607 3431 1663 versantes,

1858 1694 1961 1749 nisi
1992 1695 2083 1763 qui
2114 1694 2268 1764 prius
2300 1694 2609 1763 ignorantia
2643 1693 2736 1748 Dei
2772 1694 3178 1755 detinebantur,
3204 1702 3260 1745 et
3288 1706 3435 1745 mor-

1784 1761 1824 1815 Β
1859 1789 1926 1843 tis
1958 1761 2155 1841 animi:
2188 1761 2439 1841 servi—tuti
2495 1786 2701 1841 addicti
2751 1786 2940 1841 erant?

1928 1880 2096 1935 Vens.
2124 1880 2244 1934 3-4.
2299 1898 2317 1931 ι
2366 1878 2653 1934 Multitudo
2698 1880 2919 1949 populi,
2960 1894 3123 1949 quam
3158 1877 3434 1932 deduxisti

1852 1974 1907 2027 in
1949 1972 2137 2027 laetitia
2188 1982 2302 2037 tua,
2356 1979 2412 2026 et
2453 1971 2781 2027 laetabuntur
2817 1986 3004 2027 coram
3046 1980 3119 2035 te,
3166 1970 3305 2024 sicut
3340 1970 3433 2038 qui

1854 2064 2106 2119 lzetantur
2153 2064 2209 2119 iu
2243 2078 2445 2128 messe,
2488 2073 2541 2118 et
2588 2062 3047 2133 quemadmodum
3105 2061 3436 2115 laetabuntur

1852 2156 1943 2224 qui
1977 2155 2223 2210 dividunt
2262 2154 2485 2225 spolia:
2538 2154 2665 2225 quia
2724 2154 3005 2209 auferetur
3050 2151 3243 2224 jugum
3298 2152 3435 2219 ipsis

1852 2248 2191 2318 impositum.
2246 2266 2265 2300 ι
2325 2248 2493 2312 Sive,
2547 2248 2674 2316 quia
2724 2246 2879 2301 multi
2933 2246 3144 2317 luidem
3190 2245 3438 2301 credide-

1856 2348 2022 2401 runt.
2074 2338 2169 2393 sed
2222 2338 2393 2394 multo
2447 2337 2634 2408 plures
2683 2338 2735 2391 in
2787 2336 3167 2392 incredulitate
3219 2351 3435 2391 manse-

1854 2441 2001 2497 rant,
2045 2431 2169 2499 jure
2194 2432 2397 2488 dicitur
2444 2430 2641 2483 multos
2672 2445 2736 2483 ex
2772 2429 2968 2501 populo
3004 2429 3267 2485 salutaris
3300 2429 3439 2483 lati—

1856 2524 1944 2579 tiae
1976 2535 2261 2579 consortes
2312 2522 2501 2577 fuisse.
2560 2520 2655 2577 His
2695 2537 2857 2591 porro
2909 2520 3205 2591 signiﬁcat,
3256 2520 3441 2588 quoad

1852 2616 2072 2670 obvium
2116 2616 2311 2671 littera:
2362 2628 2623 2681 sensum,
2664 2614 2939 2685 regionem
2994 2613 3164 2678 illam,
3211 2613 3301 2667 ubi
3336 2612 3442 2666 ali-

1852 2709 2072 2781 quando
2103 2724 2169 2765 ex
2203 2708 2444 2779 quinque
2475 2708 2706 2777 panibus
2752 2708 2965 2760 turbam
3000 2706 3242 2760 virorum
3272 2706 3434 2773 quiu-

1853 2818 1958 2873 que
1994 2800 2220 2856 millium
2257 2803 2551 2869 enutrivit;
2578 2799 2871 2867 aliquando
2908 2808 3090 2853 autem
3120 2811 3189 2851 ex
3222 2806 3433 2866 septem

1855 2890 2101 2961 panibus,
2148 2900 2385 2958 quatuor
2431 2888 2599 2943 millia
2645 2887 2910 2952 virorum,
2942 2895 3140 2956 praeter
3174 2885 3433 2940 mulieres

1855 2994 1910 3038 et
1969 2982 2250 3052 parvulos.
2296 2981 2665 3049 Quamobrem
2726 2980 2933 3034 dictum
2993 2984 3079 3033 est
3130 2977 3431 3033 secundum

170 3076 235 3140 ὡς
264 3076 615 3149 εὐφροσύνην
662 3080 718 3130 ἐν
748 3076 1012 3147 θερισμῷ.
1058 3095 1076 3127 ι
1128 3077 1282 3131 Οὕτω
1319 3076 1452 3146 γοῦν
1485 3078 1537 3131 oi
1574 3080 1632 3132 ἐν
1661 3077 1751 3130 θε-

1857 3075 2270 3148 Symmachum,
2307 3092 2327 3125 ι
2379 3073 2593 3129 Laetitia
2637 3070 2802 3127 laetati
2859 3079 2987 3125 sunt
3037 3071 3091 3125 in
3140 3081 3432 3141 conspectu

174 3168 344 3238 ρισμῷ
365 3168 701 3239 τρεφόμενοι
733 3166 1109 3238 ήθῳισμένως
1133 3168 1273 3223 κατά
1299 3168 1361 3221 τὸ
1388 3168 1520 3223 αὐτὸ
1552 3185 1755 3239 συμπο-

174 3258 367 3323 τιάζειν
424 3258 675 3312 εἰώθασι.
706 3258 863 3312 Κατά
912 3259 1147 3313 διάνοιαν
1181 3260 1305 3313 δέοί
1344 3260 1630 3314 ἀπόστολοι
1658 3260 1751 3313 τοῦ

170 3350 415 3422 Σωτῆρος
444 3350 605 3421 ήμῶν
642 3354 733 3405 καὶ
755 3353 804 3403 οἱ
834 3350 1036 3405 τούτων
1063 3351 1296 3422 διάδοχοι
1316 3392 1330 3409 .
1363 3352 1417 3405 οἵ
1437 3370 1494 3404 τε
1532 3354 1609 3415 είς
1636 3352 1754 3405 δεῦ-

173 3460 227 3513 ρο
253 3444 363 3497 τῶν
386 3444 703 3514 ἐκκλησιῶν
746 3443 909 3498 αὐτοῦ
937 3444 1299 3515 προεστῶτες,
1323 3445 1421 3515 τῆς
1445 3444 1629 3503 ἐνθέου
1660 3445 1753 3498 εὐ-

172 3536 437 3607 φροσύνης
468 3533 879 3607 μετελάμϐανον
910 3532 1141 3589 ἐνώπιον
1171 3535 1266 3588 τοῦ
1299 3535 1550 3607 Σωτῆρος
1571 3537 1751 3607 ἡμῶν,

170 3627 313 3697 δίκην
340 3626 619 3698 ἀμώντων
646 3627 1034 3698 ἐργαζόμενοι·
1078 3628 1308 3699 ἐπείπερ
1340 3629 1570 3699 ἐργάται
1613 3624 1753 3699 ἦσαν

171 3719 255 3773 τοῦ
283 3721 557 3793 θερισμοῦ
583 3723 691 3775 τῶν
727 3722 919 3787 ἐθνῶν,
976 3726 1381 3798 ἐμπιπλάμενοι
1415 3726 1754 3799 εὐφροσύνης

172 3814 259 3866 ἐπὶ
291 3814 372 3885 τῷ
404 3815 603 3886 πλήθει
639 3814 748 3869 τῶν
777 3816 899 3869 καθ’
941 3817 1178 3890 ἑκάστην
1211 3819 1510 3890 ἐκκλησίαν
1562 3819 1750 3889 ληῖων.

179 3924 195 3953 ι
222 3907 364 3959 Διότι
384 3908 672 3978 ἀφῄρηται
698 3909 728 3961 ό
767 3905 927 3977 ζυγὸς
954 3910 983 3962 ό
1010 3910 1097 3963 ἐπ’
1118 3911 1298 3963 αὐτῶν
1322 3911 1572 3981 κείμενος
1589 3953 1603 3975 ,
1659 3910 1753 3963 καὶ

173 3996 201 4065 ή
233 3996 557 4075 ράϐὼςοέπὶ
584 3998 681 4067 τοῦ
728 3998 996 4069 τραχήλου
1055 4000 1255 4055 αὐτῶν.
1298 4019 1317 4052 ι
1371 4001 1754 4054 Ἀπεσείσαντο

174 4086 255 4139 τὸν
278 4088 456 4159 βαρὺν
488 4086 657 4156 ζυγὸν
680 4088 774 4142 τοῦ
806 4091 872 4159 τῇ
917 4088 1128 4161 δουλείᾳ¹
1181 4091 1279 4162 τῆς
1332 4090 1607 4162 ἁμαρτίας
1655 4089 1753 4143 αὐ-

173 4168 289 4243 τοὺς
326 4171 752 4246 ὑποζεύξαντος,
786 4184 881 4238 καὶ
920 4182 1099 4254 ῥάϐδῳ
1138 4182 1228 4235 τὸν
1255 4181 1523 4255 τράχηλον
1576 4180 1754 4235 αὐτῶν

172 4271 695 4341 κατακάμπτοντος·
730 4271 815 4325 ἵνα
851 4273 912 4326 τὸ
959 4273 1311 4326 ἀποστολικδν
1354 4274 1615 4344 κήρυγμα
1655 4272 1754 4342 τῆς

170 4362 345 4431 ψυχῆς
373 4362 807 4428 καταϐάλλοντες
837 4365 912 4436 μὴ
941 4366 1258 4435 ὑποκύψωσι
1305 4370 1371 4437 τῇ
1407 4364 1618 4437 δουλείᾳ
1653 4365 1753 4435 τῆς

1860 3182 1972 3235 ιιιο,
2020 3171 2161 3224 sicut
2199 3168 2386 3223 latitia
2443 3167 2499 3221 in
2556 3181 2754 3222 messe.
2796 3183 2815 3217 ι
2874 3165 2967 3221 Sic
3013 3166 3196 3235 itaque
3239 3167 3330 3234 qui
3383 3166 3435 3219 in

1857 3279 2036 3319 messe
2076 3263 2415 3327 nutriuntur,
2462 3260 2754 3315 confertim
2795 3268 2851 3313 et
2897 3259 3057 3314 simul
3094 3259 3301 3330 epulari
3344 3274 3436 3313 εο-

1857 3356 1987 3410 lent.
2033 3353 2349 3409 Secundum
2385 3351 2725 3421 intelligendi
2776 3353 3045 3407 rationem
3093 3368 3261 3417 vero,
3307 3366 3438 3419 apo-

1854 3446 1977 3501 stuli
2008 3445 2311 3501 Salvatoris
2336 3445 2554 3509 nostri,
2587 3458 2802 3499 necnon
2835 3458 3025 3499 eorum
3062 3457 3433 3504 successores,

1855 3536 2011 3602 acii,
2044 3538 2134 3607 qui
2181 3538 2249 3590 ad
2291 3537 2397 3592 hoc
2440 3550 2611 3605 usque
2654 3545 2868 3605 tempus
2917 3534 3275 3591 ecclesiarum
3319 3534 3439 3601 ejus

1854 3628 2112 3697 praesules
2142 3628 2389 3691 fuerunt,
2438 3628 2634 3682 divinae
2660 3626 2862 3682 laetitiae
2892 3627 2945 3681 in
2982 3637 3277 3696 conspectu
3315 3628 3436 3683 Sal-

1857 3720 2063 3776 vatoris
2101 3721 2278 3776 nostri
2334 3722 2628 3792 participes
2664 3732 2844 3786 erant,
2891 3722 3209 3777 metentium
3264 3722 3437 3775 instar

1853 3822 2164 3885 operantes,
2205 3814 2333 3883 quia
2389 3816 2585 3871 messis
2633 3816 2914 3886 gentilium
2974 3816 3213 3884 operarii
3252 3825 3435 3873 erant.

1855 3908 2061 3979 perfusi
2100 3908 2299 3974 gaudio
2346 3909 2415 3962 ob
2466 3909 2740 3963 fructuum
2794 3909 2852 3963 in
2905 3907 3137 3978 singulis
3186 3907 3438 3963 ecclesiis

1854 3998 2258 4055 abundantiam.
2297 4017 2315 4050 t
2342 3999 2477 4066 Quia
2502 3999 2742 4055 ablatum
2772 4009 2855 4054 est
2879 4000 3069 4070 iugum
3101 4000 3233 4067 ipsis
3259 4000 3436 4068 impo-

1853 4092 2039 4157 situm,
2080 4100 2135 4145 et
2168 4093 2321 4161 virga
2360 4107 2523 4161 supra
2565 4091 2763 4147 collum
2810 4107 3021 4146 eorum.
3076 4111 3095 4144 ι
3131 4090 3309 4147 Grave
3345 4092 3433 4161 ju-

1854 4199 1980 4254 gum
2010 4183 2139 4239 illud
2191 4195 2577 4247 excusserunt,
2628 4184 2747 4254 ejus
2794 4183 2886 4253 qui
2932 4183 3141 4253 peccati
3181 4183 3435 4238 servituti

1856 4290 1914 4331 se
1966 4275 2282 4347 colligabat,
2336 4277 2539 4346 quique
2570 4277 2720 4346 virga
2771 4286 2935 4348 caput
2982 4276 3223 4345 ipsorum
3255 4276 3439 4346 depri-

1859 4364 2073 4430 mebat;
2129 4374 2188 4419 ut
2240 4365 2596 4434 apostolicam
2652 4366 3098 4434 praedicationem
3148 4366 3204 4420 in
3253 4366 3439 4420 anima

171 4455 473 4526 ἁμαρτίας.
500 4457 572 4509 Ἦ
587 4456 724 4527 τάχα
742 4459 771 4511 ό
792 4458 961 4513 πάλαι
986 4462 1099 4523 τοῖς
1148 4458 1363 4521 σκύλοις
1385 4458 1750 4529 ἐπικείμενος,

1858 4455 2189 4521 fundantes,
2243 4470 2306 4511 se
2350 4457 2557 4525 peccati
2616 4457 2867 4511 servituti
2909 4472 3016 4513 non
3072 4455 3436 4511 inflecterent.

172 4548 355 4616 φησιν,
388 4547 675 4619 ἀφῄρηται
698 4548 875 4620 ζυγὸς,
899 4551 995 4605 καὶ
1024 4552 1059 4621 ή
1081 4548 1273 4622 ῥάϐδος
1298 4550 1332 4620 ή
1365 4550 1458 4602 ἐπὶ
1489 4548 1581 4602 τοῦ
1625 4566 1757 4621 τρα-

171 4639 332 4709 χήλου
367 4639 483 4692 τῶν
516 4640 692 4695 αὐτῶν
722 4642 948 4697 σκύλων.
982 4642 1151 4712 Ζυγὸς
1180 4641 1290 4711 γὰρ
1312 4637 1380 4713 ἦν
1420 4640 1591 4713 βαρὺς
1636 4644 1756 4705 ταῖς

174 4730 246 4800 τῷ
267 4732 512 4803 διαϐόλῳ
538 4733 733 4804 ψυχαῖς
761 4734 1181 4807 δεδουλωμέναις
1230 4735 1579 4806 ἐπικείμενος
1600 4748 1615 4763 ⁸
1663 4735 1760 4787 καὶ

180 4821 368 4891 ῥάϐδος
389 4822 656 4895 θανατικὴ
682 4825 771 4879 τὸν
795 4826 1064 4897 τράχηλον
1093 4824 1271 4879 αὐτῶν
1293 4825 1764 4896 κατακάμπτουσα

179 4916 268 4967 καὶ
298 4917 453 4970 κάτω
480 4916 655 4970 νεύειν
698 4918 924 4972 ποιοῦσα
944 4936 958 4949 ο
994 4911 1068 4972 ὧν
1095 4917 1463 4990 ἀφῃρημένων
1535 4916 1756 4980 εἰκότως

182 5005 391 5076 ἔχαιρον
415 5008 468 5060 οἱ
496 5005 858 5079 διαιρούμενοι
886 5009 954 5063 τά
984 5009 1153 5063 σκῦλα
1178 5007 1369 5070 ταῦτα,

254 5205 272 5237 ι
308 5187 420 5259 Τὴν
464 5189 573 5262 γάρ
617 5190 815 5263 ῥάϐδον
869 5191 977 5244 τῶν
1024 5191 1400 5247 ἀπαιτούντων
1443 5191 1753 5244 διεσκέδασε

193 5278 400 5350 Κύριος,
446 5283 521 5347 ὡς
548 5288 611 5357 τῇ
648 5284 841 5356 ήμέρᾳ
871 5285 937 5353 τῇ
993 5285 1083 5336 ἐπὶ
1110 5285 1356 5356 Μαδιάμ.
1400 5304 1418 5335 ι
1462 5282 1753 5335 Θεοδοτίων

198 5371 379 5439 μέντοι,
403 5374 493 5429 τοῦ
543 5374 994 5445 «ἀπαιτοῦντοςέρ
1035 5379 1397 5449 ήρμήνευσεν,
1436 5375 1630 5438 ἐνικῶς
1664 5376 1754 5428 τὸν

195 5460 484 5522 ἀπαιτοῦντα
533 5469 631 5524 καὶ
664 5464 1063 5535 ἐκπράσσοντα
1099 5467 1372 5536 σημήνας·
1403 5464 1644 5533 δηλονότι
1664 5464 1754 5519 τὸν

190 5550 404 5628 διάϐολον,
433 5561 493 5628 ὃς
510 5556 876 5631 ἐκπράσσων
900 5551 1120 5607 διετέλει
1148 5554 1244 5619 τὰς
1294 5554 1401 5608 τῶν
1454 5552 1754 5623 ἀνθρώπων

210 5777 246 5809 ⁸⁸
275 5775 475 5834 Ezech.
515 5776 706 5826 xvm,
748 5753 809 5809 «ὗ.

1855 4547 1982 4603 Sive
2021 4547 2282 4613 fortasse,
2316 4548 2660 4617 jugumLait,
2708 4548 2897 4618 spoliis
2938 4547 3067 4602 olim
3100 4548 3437 4617 impositum,

1856 4639 2098 4694 ablatum
2145 4650 2267 4705 est,
2310 4655 2520 4695 necnon
2567 4641 2714 4711 virga
2766 4641 3082 4695 eorumdem
3140 4639 3437 4709 spoliorum

1856 4733 1997 4787 collo
2033 4732 2303 4803 imposita.
2336 4731 2515 4788 Grave
2545 4734 2747 4802 quippe
2770 4732 2962 4802 jugum
3007 4741 3123 4786 erat
3154 4732 3445 4787 animabus

1861 4825 2061 4879 diaboli
2106 4825 2359 4880 servituti
2406 4824 2668 4893 subjectis
2706 4826 3050 4894 impositum,
3092 4840 3157 4879 ac
3194 4826 3443 4887 mortalis

1864 4914 2035 4984 virga,
2078 4929 2199 4984 quae
2248 4914 2445 4969 collum
2477 4916 2831 4983 deprimeret,
2868 4931 2934 4969 ac
2986 4917 3239 4970 deorsum
3283 4915 3441 4968 incli-

1864 5006 1984 5060 nari
2028 5015 2292 5076 cogeret:
2325 5009 2525 5078 quibus
2563 5009 2760 5063 ablatis
2804 5008 2999 5063 merito
3025 5009 3336 5079 gaudebant
3381 5008 3442 5075 ii,

1863 5098 1961 5166 qui-
1984 5097 2100 5152 basc
2132 5098 2304 5166 spolia
2338 5099 2675 5153 dividebant.

1937 5186 2103 5241 Vens.
2138 5189 2193 5242 5.
2244 5206 2262 5239 ι
2323 5188 2537 5259 Virgam
2587 5188 2732 5243 enim
2776 5200 3095 5244 exacturum
3150 5188 3443 5259 dissipavit

1866 5281 2123 5334 Dominus
2175 5280 2318 5335 sicut
2370 5282 2423 5334 in
2471 5281 2558 5334 die
2603 5281 2836 5336 Madian.
2883 5302 2901 5334 ι
2956 5281 3257 5337 Tlieodotio
3306 5298 3439 5338 sane

1863 5372 2123 5426 exactam
2162 5372 2548 5442 interpretatus
2582 5383 2685 5434 est,
2736 5383 3081 5443 expctentem
3118 5383 3174 5428 et
3216 5384 3438 5429 exacto-

1864 5476 1975 5516 rem
2016 5460 2364 5531 singulariter
2413 5462 2768 5529 exprimens,
2824 5463 3076 5517 videlicet
3121 5463 3438 5530 diabolum,

1862 5555 1954 5624 qui
1987 5556 2261 5612 exactoris
2295 5556 2655 5613 humanarum
2690 5557 2992 5612 animarum
3021 5557 3195 5614 vicem
3225 5557 3430 5627 agebat
