4100 6286
683 340 784 402 151
1350 336 1439 395 EU
1448 334 1614 392 SEBII
1654 332 2123 391 CESARIENSIS
2159 333 2302 391 OPP.

2296 376 2309 390 .
2350 331 2528 388 PARS
2562 329 2650 387 ιιι.
2689 362 2759 375 --
2794 327 3204 387 EXEGETICA.
3798 318 3915 376 ηις

685 468 740 515 ει
783 459 936 531 quasi
985 455 1265 527 vectigalia
1317 457 1672 526 exposcebat,
1723 457 1973 512 nimirum
2020 465 2235 523 peccata
2266 463 2304 518 Α

2301 491 2312 516 ι
2337 453 2539 524 ψυχάςθ
2567 453 2661 507 καὶ
2686 452 2883 522 φόρους
2915 451 3100 521 ῶσπερ
3123 447 3386 510 ἀπαιτῶν,
3422 445 3521 510 τὰς
3570 445 3920 516 χορηγουμέ-

686 566 804 620 qua
861 549 932 604 illi
985 547 1358 602 admittebant.
1409 547 1641 602 Historia
1691 563 1817 602 vero
1867 545 2076 601 Madian
2118 561 2240 614 spe-

2339 561 2432 608 νας
2457 543 2633 597 αὐτῶν
2658 543 2946 614 ἁμαρτίας.
2979 544 3171 596 Κεῖται
3194 541 3248 593 δὲ
3271 542 3304 610 ὴ
3353 540 3479 611 περὶ
3531 538 3632 606 τῆς
3680 537 3920 603 Μαδιάμ

687 650 841 694 etans
868 646 1046 693 exstat
1079 638 1129 691 in
1175 636 1311 691 libro
1341 635 1588 690 Judicum
1623 654 1635 688 :
1679 649 1965 706 narratque
2001 652 2242 706 tempore

2342 635 2548 706 ἱστορία
2573 637 2630 687 ἐν
2661 638 2774 698 τοῖς
2809 637 3055 707 Κριταῖς,
3087 636 3412 708 περιέχουσα
3441 633 3516 697 ὡς
3545 631 3638 685 ἐπὶ
3672 627 3764 681 τοῦ
3806 627 3919 678 Γε-

686 727 973 794 Gedeonis,
1005 728 1248 783 inimicos
1271 742 1377 783 non
1408 727 1670 782 instructa
1709 743 1975 782 armorum
2004 729 2120 783 acie
2157 743 2241 783 δυο

2337 725 2473 778 δεὼν
2495 725 2591 795 οὐχ
2614 723 2796 776 ὅπλων
2845 725 3145 796 παρατάξει
3192 715 3497 795 νενίκηνται
3539 725 3585 775 οἰ
3637 720 3917 788 πολέμιοι,

686 830 903 900 peratos
951 818 1153 884 fuisse,
1203 818 1297 872 sed
1371 819 1577 873 occulta
1606 858 1621 882 ,
1669 818 1920 873 invisibili
1968 828 2022 873 et
2062 821 2239 874 divina

2339 815 2454 900 ἀλλ’
2485 816 2679 883 ἀφανεῖ
2692 817 2784 868 καὶ
2814 816 3049 888 ἀοράτῳ,
3082 817 3175 870 καὶ
3227 816 3377 889 θεῖκῇ
3418 816 3661 886 δυνάμει.
3719 809 3923 900 Οὕτως

685 897 908 963 virtute.
955 907 1043 963 Sic
1076 909 1275 975 itaque,
1311 907 1535 977 perinde
1567 916 1728 975 atque
1759 906 2065 959 Madianitis
2093 905 2240 960 acci-

2339 897 2431 955 or'w
2456 901 2530 965 ὡς
2552 903 2645 956 ἐπὶ
2676 906 2787 966 τοῖς
2819 905 3042 975 Μαῶάμ
3065 906 3390 976 ἐνικήθησαν
3416 907 3465 957 οἰ
3497 903 3737 973 πολέμιοι
3761 898 3921 971 χειρὶ

686 1001 787 1063 dit,
819 1000 1002 1054 hostes
1033 1000 1243 1054 occulta
1275 1013 1436 1053 manu
1465 999 1698 1068 superati
1730 1008 1884 1058 sunt;
1917 1008 2077 1066 alque
2103 1011 2243 1051 nunc

2340 991 2604 1061 κρυφαία,
2636 993 2728 1045 καὶ
2760 992 2854 1045 νῦν
2887 1010 3018 1063 φησι
3046 994 3416 1058 διεσκεδάσθαι
3445 994 3542 1064 τὴν
3585 992 3772 1064 ῥάϐδον
3808 987 3923 1043 τοῦ

686 1095 763 1148 ait
790 1092 1099 1162 dissipatam
1131 1091 1300 1147 fuisse
1323 1093 1530 1162 virgam
1561 1089 1834 1147 exacto'ris
1876 1090 2108 1158 diaboli,
2143 1104 2244 1146 nec

2340 1082 2695 1146 ἀπαιτοῦντος
2720 1083 2984 1152 διαϐόλου,
3023 1086 3244 1140 καὶτῶν
3273 1087 3369 1139 σὺν
3399 1085 3546 1156 αύτῷ
3574 1084 3672 1146 τὰς
3727 1080 3932 1154 ψυχὰς

689 1201 795 1241 non
832 1185 1059 1239 aliorum
1096 1185 1188 1255 qui
1227 1199 1348 1239 cum
1383 1199 1448 1240 eo
1493 1185 1698 1238 animas
1743 1182 2021 1238 hominum
2057 1182 2242 1252 exige-

2340 1172 2447 1226 τῶν
2473 1173 2771 1247 ἀνθρώπων
2819 1177 3262 1248 ἐκπρασσόντων.
3306 1178 3528 1250 Ἕτερος
3552 1177 3608 1229 δὲ
3633 1176 3691 1229 οὑ
3745 1194 3762 1226 ι
3797 1173 3927 1227 τῶν

688 1276 842 1330 bant.
871 1274 1021 1329 Alius
1048 1288 1175 1329 vero
1208 1289 1314 1328 non
1343 1275 1657 1344 exigentium
1676 1313 1692 1338 ,
1739 1274 1855 1338 sed,
1901 1273 2245 1342 inobsequen-

2342 1266 2710 1320 ἀπαιτούντων
2739 1288 2757 1320 ι
2807 1268 2931 1341 ἐφη,
2979 1269 3116 1324 ἀλλά
3177 1290 3195 1322 ι
3233 1270 3340 1323 τῶν
3393 1269 3756 1324 ἀπειθούντων
3779 1287 3797 1322 ι
3833 1261 3933 1322 εἷ-

688 1367 840 1428 ιίιιηι,
889 1365 1046 1421 dixit.
2343 1374 2463 1411 πεν.

764 1475 782 1508 ε
817 1455 949 1522 Quia
1007 1471 1218 1511 omnem
1267 1454 1520 1509 amictum
1558 1453 1681 1509 dolo
1711 1453 2018 1519 collectum,
2052 1461 2110 1509 et
2153 1467 2245 1509 ve-

2417 1449 2570 1503 «Ὃτι
2594 1453 2772 1505 πᾶσαν
2806 1454 2996 1522 στολὴν
3027 1454 3460 1526 ἐπισυνηγμένην
3485 1454 3637 1524 δόλῳ,
3662 1453 3755 1506 καὶ
3785 1450 3931 1523 ἰμά-

688 1549 1000 1602 stimentum
1041 1563 1164 1602 cum
1222 1547 1645 1602 commutatione
1695 1547 1987 1601 restituent
2035 1553 2090 1601 et
2153 1560 2245 1599 cu-

2339 1559 2451 1595 τιον
2483 1543 2619 1614 μετά
2645 1545 2986 1617 καταλλαγῆς
3014 1546 3346 1609 ἀποτίσουσι,
3377 1548 3469 1600 καὶ
3501 1546 3834 1616 θελήσουσιν,
3869 1547 3937 1601 εί.

684 1642 868 1708 pient,
903 1641 947 1696 si
983 1641 1114 1694 ﬂant
1161 1640 1287 1707 igne
1326 1640 1612 1694 combusti.
1656 1657 1675 1690 ι
1710 1637 1845 1704 Quia
1889 1653 2007 1694 cum
2057 1637 2243 1692 diabo-

2342 1633 2587 1700 ἐγένοντο
2653 1637 3028 1706 πυρίκαυστοι.
3075 1656 3092 1688 ι
3171 1637 3386 1707 Ἐπειδὴ
3437 1637 3528 1690 τὸν
3585 1637 3782 1707 κόσμον
3807 1634 3932 1704 τῆς

689 1731 772 1786 lus
802 1741 1048 1787 ornatum
1089 1735 1281 1789 animm
1314 1742 1369 1789 et
1414 1733 1668 1786 amictum
1717 1731 1864 1799 ejus,
1911 1741 2071 1796 atque
2103 1730 2245 1782 tuni-

2343 1723 2518 1796 ψυχῆς
2576 1727 2670 1779 καὶ
2731 1727 2829 1799 τὴν
2874 1730 3064 1802 στολὴν
3121 1730 3314 1800 αὐτῆς,
3354 1729 3444 1782 τόν
3499 1745 3558 1781 τε
3594 1729 3690 1799 τῆς
3738 1726 3933 1798 ἀρχῆς

686 1839 803 1878 cam
832 1825 1198 1894 principatus,
1245 1840 1351 1894 qua
1398 1824 1741 1888 induebatur,
1781 1821 1927 1876 illam
1972 1822 2239 1891 captivam
2277 1809 2305 1862 Ε

2315 1842 2316 1850 ι
2344 1816 2564 1886 χιτῶνα,
2589 1817 2648 1871 ὃν
2679 1820 3048 1890 περιεϐάλετο,
3100 1823 3334 1893 συλήσας
3364 1824 3392 1874 ὁ
3417 1820 3677 1884 διάὸολος,
3705 1821 3790 1873 ὅτε
3816 1820 3934 1872 αὑ-

689 1913 912 1977 ducens,
946 1912 1280 1982 diripuisset,
1325 1914 1520 1968 nudam
1569 1911 1714 1964 illam
1766 1925 1829 1965 ac
1872 1911 2070 1964 foedam
2115 1910 2241 1964 reli-

2347 1905 2442 1976 τήν
2476 1907 2782 1979 ὑποχείριον
2820 1910 3012 1978 ελαὸε,
3061 1913 3273 1982 γυμνὴν
3328 1911 3495 1984 αὑτήν
3540 1912 3634 1964 καὶ
3682 1908 3937 1981 αἰσχρὰν

687 2007 836 2075 quit:
873 2006 989 2074 ejus
1027 2009 1152 2060 item
1201 2006 1460 2071 comites,
1501 1996 1823 2060 adversariae
1847 2011 2138 2070 putestates
2176 2001 2244 2056 ab

2349 1997 2711 2068 κατέστησενο
2749 2001 2891 2054 αἵτε
2927 2004 3021 2056 σὺν
3068 2001 3216 2072 αύτῷ
3247 2002 3502 2072 δυνάμεις
3543 2003 3936 2071 ἀντικείμεναι

687 2111 752 2150 ea
801 2098 1058 2153 tributum
1092 2097 1397 2166 exigebant,
1438 2095 1563 2150 dolo
1613 2104 1666 2150 et
1695 2093 1908 2148 fallacia
1952 2103 2139 2148 contra
2183 2093 2244 2146 il-

2349 2087 2673 2160 ἐξέπραττον
2699 2093 2887 2164 αὐτὴν,
2920 2093 3054 2164 δόλῳ
3086 2095 3176 2147 καὶ
3207 2096 3389 2168 ἀπάτῃ
3423 2097 3542 2149 κατ’
3568 2094 3731 2162 αὐτῆς
3773 2091 3944 2164 χρώε

688 2191 794 2246 lam
825 2199 1075 2254 utentes;
1114 2191 1236 2260 jure
1281 2201 1560 2244 exactores
1608 2189 1727 2243 illos
1776 2188 1952 2240 omnia
2003 2188 2244 2256 persolu-

2354 2202 2508 2255 μεναι
2534 2205 2546 2216 ·
2602 2184 2777 2238 πάντα
2819 2185 3040 2249 εἰκότως
3099 2187 3374 2240 ἀποτίσειν
3422 2185 3638 2253 λέγεται
3674 2181 3778 2235 ὑπὸ
3819 2179 3929 2233 τοῦ

688 2291 841 2337 turos
868 2295 989 2338 esse
1016 2283 1147 2337 dicit
1196 2282 1432 2352 Spiritus
1487 2281 1862 2351 propheticus,
1917 2278 2000 2333 his
2041 2278 2241 2341 verbis,

2351 2276 2684 2346 προφητικοῦ
2734 2275 3060 2345 πνεύματος,
3096 2279 3385 2349 φήσαντος,
3435 2277 3516 2329 ὃτι
3566 2273 3628 2343 δὴ
3687 2292 3705 2323 ι
3729 2273 3925 2325 Πᾶσα»

693 2392 713 2427 ι
752 2373 977 2430 Omnem
1023 2376 1276 2430 amictum
1331 2373 1450 2429 dolo
1501 2373 1808 2436 collectum,
1855 2385 1908 2427 et
1949 2371 2243 2427 vestimen-

2353 2365 2538 2436 στολήν
2562 2367 2998 2439 ἐπισυνηγμένην
3023 2367 3176 2437 δόλῳ,
3200 2369 3292 2421 καὶ
3327 2369 3538 2439 ἱμάτιον
3563 2379 3697 2435 μετα
3721 2362 3929 2417 καταλ-

690 2476 799 2520 tum
848 2482 969 2520 cum
1022 2468 1469 2522 commutatione.
1497 2465 1798 2520 restituent.
1846 2484 1866 2517 ι
1916 2464 2078 2519 Iidem
2115 2477 2243 2516 vero

2348 2458 2517 2531 λαγῆς
2540 2461 2900 2514 ἀποτίσουσιν.
2935 2481 2951 2512 ι
2991 2464 3052 2514 Ol
3086 2462 3238 2515 αὐτοὶ
3264 2462 3320 2514 δέ
3342 2454 3488 2514 οὗτοι
3518 2462 3568 2514 οἰ
3618 2461 3781 2514 πάλαι
3817 2459 3932 2523 τὰς

667 2553 791 2626 'ipsi
825 2558 916 2627 qui
951 2558 1078 2611 olim
1110 2559 1180 2612 ab
1213 2558 1494 2612 animabus
1522 2556 1796 2611 hominum
1828 2555 2108 2626 vectigalia
2148 2569 2244 2609 e-x-

2348 2551 2457 2604 τῶν
2535 2551 2832 2622 ἀνθρώπιον
2900 2553 3077 2623 ψυχὰς
3133 2554 3532 2624 ὲκπράσσοντες
3582 2551 3918 2606 ἀποτιννύεικ

689 2660 996 2718 poscerent,
1041 2650 1221 2703 omnia
1270 2650 1322 2703 in
1382 2657 1678 2704 memorato
1723 2659 1961 2718 tempore
2015 2647 2244 2702 soluturi

1921 2663 1961 2702 ἐ
2015 2647 2244 2702 soluturi
2350 2642 2590 2711 λέγονται
2613 2642 2787 2697 πάντα
2820 2645 2877 2698 ἐν
2908 2644 2985 2714 τῷ
3009 2644 3317 2716 δηλουμένῳ
3349 2642 3540 2716 καιρῷ.

688 2754 809 2794 esse
835 2740 1109 2795 dicuntur.
2232 2736 2241 2744 ’

761 2829 921 2886 Vnns.
951 2830 1003 2886 6.
1042 2850 1060 2881 ι
1101 2830 1235 2898 Quia
1272 2831 1524 2902 parvulus
1571 2842 1729 2886 natus
1761 2841 1836 2887 est
1874 2830 2053 2894 nobis,
2097 2838 2152 2884 et
2184 2830 2247 2883 [l-

2427 2847 2445 2879 ι
2476 2828 2598 2881 Ὅτι
2627 2827 2834 2882 παιδίον
2869 2828 3126 2898 ἐγεννήθη
3160 2828 3308 2898 ἡμῖν,
3336 2828 3450 2891 υἰδς
3470 2828 3562 2881 καὶ
3590 2827 3739 2898 ἐδόθη
3764 2827 3929 2897 ἡμῖν,

689 2922 793 2976 lius
821 2922 978 2976 datus
1013 2933 1096 2977 est
1139 2924 1332 2978 nobis:
1381 2923 1532 2989 cujus
1576 2924 1911 2992 principatus
1949 2922 2124 2977 factus
2165 2931 2247 2974 est

2353 2915 2413 2974 ού
2439 2924 2471 2990 ή
2505 2919 2647 2992 ἀρχὴ
2677 2919 2906 2991 ἐγενήθη
2938 2920 3029 2973 ἐπὶ
3059 2917 3152 2972 τοῦ
3170 2919 3319 2990 ῶμου
3349 2919 3535 2972 αὑτοῦ·
3563 2920 3658 2974 καὶ
3675 2918 3929 2973 καλεῙται

689 3028 848 3082 super
898 3017 1180 3069 humerum
1231 3015 1363 3083 ejus.
1426 3015 1489 3070 Et
1541 3016 1825 3069 vocabitur
1862 3030 2056 3070 nomen
2108 3015 2244 3084 cjus,

2353 3014 2413 3066 τὸ
2438 3014 2605 3082 ὄνομα
2635 3012 2798 3066 αὑτοῦ
2837 3012 3076 3083 μεγάλης
3106 3012 3298 3082 βουλῆς
3335 3011 3584 3081 ἄγγελος.
3631 3009 3777 3076 Ἀξω
3807 3010 3929 3083 τὰρ

690 3105 871 3173 magni
896 3105 1128 3160 consilii
1168 3101 1410 3176 angelus.
1444 3107 1718 3160 Adducam
1749 3107 1890 3160 enim
1926 3121 2111 3175 pacem
2155 3122 2247 3160 sn-
2279 3165 2309 3177 Α

2311 3166 2316 3177 Ι
2354 3107 2576 3177 εἰρήνην
2601 3107 2691 3158 ἐπὶ⁸
2729 3107 2853 3168 τοὺς
2875 3106 3155 3174 ἄρχοντας,
3190 3105 3410 3175 εἰρήνην
3444 3106 3538 3157 καὶ
3563 3104 3770 3171 ὑγίειαν
3820 3104 3930 3156 αὐ-

691 3165 811 3270 per-
825 3201 1118 3269 principes,
1145 3165 1327 3269 pacem
1357 3211 1412 3254 et
1439 3203 1722 3256 sanitatem
1756 3201 1875 3269 ipsi.
1913 3165 1940 3252 »-
1973 3200 2244 3266 Quosnam
2273 3165 2310 3225 Ε

2307 3165 2508 3267 ⁵τῶ..)
2533 3165 2735 3259 ’Ποίους
2760 3196 2815 3248 δέ
2833 3165 3002 3266 ⁷φησιν
3041 3165 3324 3266 ἄρξοντας,
3451 3199 3576 3259 τοὺς
3608 3165 3705 3249 ’ὑπ’
3753 3195 3926 3250 αὑτοῦ

689 3292 964 3361 principes
1002 3301 1283 3355 memorat,
1325 3293 1429 3346 nisi
1473 3306 1566 3347 eos
1610 3293 1803 3361 quiab
1837 3292 1952 3361 ipso
1995 3292 2060 3345 ad
2103 3294 2248 3361 prin-

2348 3289 2534 3358 ᾶρχειν
2563 3287 2660 3355 τῆς
2704 3286 3025 3356 Ἐκκλησίας
3056 3284 3218 3337 αὐτοῦ
3255 3284 3723 3354 καθεσταμένους;
3762 3286 3931 3355 Λέγω

690 3385 928 3453 cipatum
977 3385 1031 3439 in
1083 3384 1322 3440 Ecclesia
1391 3386 1687 3455 gerendum
1743 3386 2022 3440 constituti
2081 3384 2249 3438 sunt?

2345 3378 2407 3448 δὴ
2440 3377 2682 3448 μαθητὰς
2730 3376 2892 3430 αὑτοῦ
2927 3377 3021 3428 καὶ
3054 3375 3403 3447 ἀποστόλους,
3437 3375 3561 3439 τούς
3580 3393 3640 3429 τε
3675 3375 3771 3447 τὴν
3798 3375 3934 3430 τούς

690 3474 994 3543 Discipulos
1023 3476 1142 3530 dico
1170 3487 1222 3530 et
1250 3476 1528 3546 apostolos
1560 3477 1751 3545 ipsius,
1801 3491 2011 3530 necnon
2061 3489 2246 3530 eorum

2345 3484 2452 3520 των
2476 3466 2719 3536 διαδοχήν
2745 3465 3173 3536 ὑποδεξαμένους
3203 3465 3323 3519 καθ’
3356 3467 3483 3538 ὅλης
3525 3469 3624 3539 τῆς
3665 3467 3929 3536 obtestat-

693 3580 789 3635 per
839 3575 1007 3620 totum
1042 3567 1229 3622 orbem
1283 3582 1644 3632 successores,
1696 3568 1895 3636 quibus
1937 3567 2116 3619 datum
2167 3575 2248 3619 est

2347 3575 2463 3629 νης,
2498 3553 2579 3620 οἷς
2611 3557 2786 3629 ψυχῆς
2811 3559 3019 3626 ὑγίειαν
3050 3559 3142 3611 καὶ
3170 3559 3390 3629 εἰρήνην
3424 3557 3564 3628 ἔχειν
3592 3557 3726 3629 πρὸς
3751 3551 3923 3628 ἀλλή-

691 3665 754 3708 ut
792 3670 922 3709 sana
953 3667 1132 3709 mente
1173 3667 1375 3732 essent.
1426 3666 1479 3710 et
1532 3673 1716 3725 pacem
1763 3665 1948 3710 mutuo
1987 3655 2243 3717 colerent,

2347 3650 2469 3713 λους
2497 3649 2766 3719 ἐδωρεῖτο,
2804 3651 2860 3702 ἐν
2893 3647 2972 3712 οἷς
3006 3650 3140 3720 πρὸς
3169 3652 3363 3714 αὐτοὺς
3383 3650 3597 3718 ἔλεγεν·
3633 3669 3653 3702 ι
3683 3650 3933 3720 Εἰρήνην

691 3763 814 3804 cum
866 3748 995 3816 ipsis
1027 3748 1249 3812 diceret,
1289 3767 1308 3800 ι
1343 3748 1537 3802 Pacem
1586 3763 1759 3802 meam
1813 3752 1881 3802 do
1923 3750 2099 3814 vobis,
2149 3762 2246 3816 pa-

2348 3740 2445 3810 τήν
2472 3738 2608 3810 ἐμὴν
2665 3738 2857 3810 δίδωμι
2909 3741 3071 3808 ὑμῖν,
3118 3741 3338 3811 εἰρήνην
3383 3740 3480 3812 τὴν
3534 3741 3670 3811 ἐμὴν
3717 3739 3925 3810 ἀφίημι

691 3852 808 3895 cem
862 3854 1034 3894 meam
1094 3839 1339 3909 relinquo
1396 3839 1570 3894 vobis.
1641 3838 1864 3908 magnus
1916 3838 2248 3908 principatus

2350 3831 2495 3900 ὑμῖν.
2522 3831 2745 3900 Μεγάλη
2781 3833 2813 3902 ή
2842 3832 2983 3902 ἀρχή
3019 3829 3205 3896 αὐτοῦ,
3238 3831 3453 3901 καὶτῆς
3498 3833 3719 3903 εἰρήνης
3752 3831 3925 3886 αὐτοῦ

691 3925 831 3992 ejus,
862 3936 917 3979 et
954 3927 1102 3994 pacis
1133 3927 1251 3997 ejus
1301 3942 1406 3981 non
1458 3929 1564 3981 erit
1613 3928 1734 3981 linis
1764 3928 1829 3981 ἰ.
1864 3947 1883 3980 ι
1939 3926 2245 3984 Secundum

2348 3922 2447 3974 ούκ
2483 3920 2631 3974 ἔσται
2659 3921 2827 3984 τέλος.
2857 3941 2874 3974 ι
2909 3922 3065 3975 Κατά
3096 3921 3226 3990 γοῦν
3249 3923 3341 3975 τὸν
3368 3922 3719 3987 Θεοδοτίωνα,
3750 3941 3767 3972 ι
3804 3922 3921 3994 Τῆ,

694 4015 1116 4073 Τὴεοόοιίοηειη
1165 4035 1324 4084 vero,
1360 4039 1378 4071 ι
1410 4020 1564 4076 Pacis
1595 4021 1711 4090 ejus
1763 4035 1870 4076 non
1914 4021 2022 4076 erit
2061 4021 2247 4075 termi-

2349 4013 2569 4084 εἰρήνης
2598 4013 2758 4065 αὑτοῦ
2789 4013 2888 4065 οὐκ
2914 4013 3063 4066 ἔσται
3095 4014 3283 4084 πέρας.
3323 4033 3341 4066 ι
3400 4014 3631 4084 Νοήσεις
3650 4015 3714 4086 δὲ
3770 4015 3927 4077 ὅπως

694 4125 814 4164 nus.
865 4130 884 4161 ι
921 4107 1165 4175 Quantus
1197 4125 1360 4176 porro
1405 4110 1566 4164 luerit
1598 4111 1738 4180 ejus,
1782 4111 1872 4180 qui
1914 4111 1966 4165 in
2013 4113 2248 4179 prophe-

2354 4105 2559 4174 μεγάλη
2586 4105 2772 4174 γέγονε
2805 4105 2899 4158 τοῦ
2932 4107 3405 4176 προφητευομένου
3437 4108 3468 4176 ή
3495 4107 3655 4178 ἀρχὴ,
3674 4107 3771 4175 τὴν
3796 4106 3927 4159 καθ’

697 4200 770 4252 tia
808 4198 1000 4264 Fertur,
1031 4200 1367 4268 principatus
1400 4201 1686 4270 intelligas,
1728 4202 1771 4256 si
1811 4202 2102 4256 Ecclesiam
2133 4202 2250 4269 ejus

2349 4197 2476 4266 ὅλης
2499 4197 2595 4266 τῆς
2622 4198 2942 4268 οἰκουμένης
2986 4198 3308 4268 Ἐκκλησίαν
3344 4199 3508 4251 αὑτοῦ
3539 4198 3754 4270 θεωρῶν
3778 4216 3791 4228 ·
3824 4201 3926 4254 καὶ

693 4290 749 4345 in
797 4298 914 4345 toto
964 4290 1099 4344 orbe
1150 4291 1504 4344 constitutam
1557 4293 1901 4359 consideres;
1951 4294 2044 4349 sed
2080 4294 2250 4348 multo

2351 4285 2429 4338 ἐτι
2462 4287 2655 4355 μᾶλλον
2689 4290 2988 4358 ἐπιστήσας
3013 4291 3132 4352 ταῖς
3160 4289 3254 4340 τοῦ
3301 4289 3619 4343 Ἀποστόλου
3647 4291 3773 4362 περί
3817 4291 3923 4344 αὐ-

693 4379 864 4447 magis
902 4377 946 4432 si
995 4379 1078 4431 his
1117 4379 1182 4432 de
1231 4378 1322 4433 illo
1349 4378 1593 4447 Apostoli
1641 4381 1961 4436 testimoniis
2009 4384 2247 4435 animum

2351 4377 2442 4431 τοῦ
2471 4380 2813 4450 μαρτυρίαις,
2841 4381 2905 4432 δι’
2933 4375 3004 4433 ὧν
3037 4397 3187 4450 φησι,
3244 4398 3260 4430 ι
3315 4380 3471 4433 Κατὰ
3503 4379 3599 4451 τὴν
3645 4381 3925 4452 ἐνέργειαν

695 4469 984 4535 adhibeas,
1028 4468 1223 4540 quibus
1275 4469 1385 4533 ait,
1444 4488 1462 4520 ι
1525 4469 1833 4524 Secundum
1878 4474 2246 4540 operationem
2280 4501 2314 4556 Β

2310 4504 2325 4552 )
2353 4470 2446 4522 τοῦ
2473 4471 2704 4542 κράτους
2735 4473 2832 4543 τῆς
2869 4473 3048 4543 ἰσχύος
3078 4473 3275 4536 αὑτοῦ,
3305 4474 3370 4544 ἢν
3401 4475 3698 4545 ἐνήργησεν
3728 4477 3785 4527 ἐν
3842 4474 3929 4546 τῷ

693 4564 949 4630 potentia:
980 4562 1196 4615 virtutis
1235 4563 1375 4632 ejus,
1406 4577 1566 4631 quam
1599 4573 1853 4633 Operatus
1894 4575 1976 4617 est
2006 4563 2058 4618 in
2087 4565 2249 4619 Chri-

2351 4562 2587 4632 Χριστῷ,
2621 4563 2837 4634 ἐγείρας
2855 4565 3016 4617 αὐτὸν
3050 4567 3113 4617 ἐκ
3142 4565 3348 4636 νεκρῶν
3377 4567 3471 4620 καὶ
3494 4566 3719 4630 καθίσας
3759 4567 3926 4621 αὐτὸν

693 4663 799 4716 sto,
833 4652 1100 4707 suscitans
1129 4652 1277 4705 illum
1307 4669 1335 4706 a
1373 4655 1622 4718 mortuis,
1653 4666 1707 4708 et
1739 4655 2072 4709 constituens
2104 4655 2250 4710 illum

2353 4653 2410 4703 ὲν
2437 4651 2583 4722 δεξιᾷ
2613 4652 2774 4705 αὑτοῦ
2804 4654 2860 4704 ἐν
2886 4655 2997 4717 τοῖς
3021 4655 3380 4724 ἐπουρανίοις,
3435 4655 3688 4727 ὑπεράνω
3742 4655 3929 4725 πάσης

692 4743 746 4798 in
776 4743 999 4798 dextera
1044 4759 1139 4798 sua
1177 4743 1232 4798 iu
1269 4743 1604 4809 caelestibus,
1647 4761 1808 4814 supra
1853 4761 2066 4800 omnem
2101 4747 2252 4816 prin-

2353 4744 2523 4816 ἀρχῆς
2556 4745 2648 4798 καὶ
2692 4744 2936 4808 ἐξουσίας
2962 4785 2977 4807 ,
3013 4747 3105 4798 καὶ
3141 4746 3419 4816 δυνάμεως
3447 4747 3540 4800 καί⁵
3583 4747 3925 4819 κυριότητος,

691 4837 924 4905 cipatum
967 4843 1022 4890 et
1060 4845 1386 4904 potestatem
1434 4847 1488 4891 et
1529 4839 1782 4892 virtutem
1832 4846 1890 4890 et
1929 4838 2254 4892 dominatio-

2355 4838 2446 4888 καὶ
2479 4837 2678 4899 παντὸς
2699 4837 2957 4906 ὀνόματος
2991 4837 3412 4908 ὀνομαζομένου.
3454 4858 3471 4889 ι
3511 4838 3667 4892 Οὕτω
3713 4839 3923 4914 μεγίιὶιη

692 4942 835 4991 nem,
880 4937 932 4982 et
974 4943 1133 4996 supra
1171 4944 1329 4983 omne
1367 4945 1560 4984 nomen
1605 4931 1744 4993 quod
1786 4931 2097 4984 nominatur
2119 4929 2184 4984 ⁸⁸.
2226 4949 2245 4982 ι

2356 4927 2506 4996 ήτοῠ
2546 4929 2796 4998 Σωτῆρος
2826 4929 2980 4999 ήμῶν
3006 4929 3166 5001 ἀρχὴ,
3201 4932 3294 4985 καὶ
3334 4933 3435 5003 τῆς
3487 4933 3706 5005 εἰρήνης
3759 4935 3925 4990 αὑτοῦ

691 5017 768 5071 Ita
817 5032 1044 5087 magnus
1094 5029 1177 5072 est
1224 5018 1525 5074 Salvatoris
1573 5019 1740 5073 nostri
1785 5019 2154 5089 principatus,
2196 5029 2251 5073 et

2351 5022 2449 5074 οὐκ
2481 5022 2593 5076 ἐστι
2622 5023 2805 5086 τέλος·
2843 5022 3194 5094 ἀτελεύτητος
3241 5023 3348 5095 γὰρ
3400 5024 3495 5077 καὶ
3547 5026 3768 5097 ἀγήρως
3829 5029 3927 5083 καὶ

691 5110 838 5179 pacis
876 5109 991 5178 ejus
1038 5125 1143 5164 non
1179 5120 1262 5164 est
1315 5111 1472 5171 linis;
1515 5126 1634 5164 nam
1681 5109 2117 5176 interminabilis,
2161 5126 2250 5164 se-

2353 5116 2726 5188 ἀπερίγραφος
2757 5116 2894 5187 αὕτη
2922 5117 3207 5187 τυγχάνει·
3233 5118 3314 5170 διὸ
3343 5117 3617 5171 λέλεκταιο
3659 5139 3676 5169 ι
3716 5120 3931 5174 Ἀνατε-

692 5202 926 5258 nectutis
952 5216 1147 5272 expers
1178 5212 1231 5256 et
1261 5203 1763 5271 incircumscriptus
1799 5202 1888 5257 ille
1925 5213 2049 5258 est:
2079 5218 2249 5272 quare

2351 5209 2433 5262 λεῖ
2465 5211 2520 5262 ἐν
2556 5213 2674 5273 ταῖς
2697 5209 2930 5282 ἡμέραις
2988 5208 3154 5263 αὐτοῦ
3210 5209 3518 5281 δικαιοσύνη
3572 5210 3667 5264 καὶ
3722 5210 3929 5282 πλῆθος

691 5294 892 5347 dictum
929 5303 1033 5359 est,
1077 5314 1095 5346 ι
1145 5293 1363 5350 Orietur
1401 5297 1455 5351 in
1508 5297 1695 5352 diebus
1744 5296 1911 5365 ipsius
1951 5296 2159 5365 justitia
2195 5307 2250 5352 et
2355 5303 2594 5373 εἰρήνης.
2630 5322 2648 5353 ι

690 5385 1022 5438 abundantia
1059 5387 1209 5455 pacis
1242 5389 1309 5443 ”.
1342 5406 1361 5440 ι

2421 5409 2439 5441 ι
2494 5391 2615 5443 Ἐπί
2640 5391 2732 5445 τὸν
2766 5391 2952 5462 θρόνον
2979 5393 3142 5447 Δαυῒδ
3170 5392 3260 5446 καὶ
3297 5393 3393 5464 τὴν
3434 5395 3706 5465 βασιλείαν
3736 5395 3924 5462 αὐτοῦ,

766 5475 927 5530 Vens.
959 5477 1012 5529 7.
1044 5495 1063 5528 ι
1095 5477 1270 5549 Super
1296 5481 1545 5535 thronum
1577 5482 1743 5536 David
1772 5478 1826 5536 ει
1852 5497 2075 5553 regnum
2107 5483 2246 5553 ejus,
2357 5504 2385 5538 κ

2357 5486 2697 5557 κατορθῶσαι
2719 5485 2907 5557 αὐτὴν,
2941 5489 3034 5540 καὶ
3065 5488 3446 5543 ἀντιλαδέσθαι
3476 5490 3534 5542 ἐν
3571 5488 3798 5560 κρίματι
3833 5491 3928 5546 καὶ

687 5569 754 5624 ad
797 5569 1134 5638 dirigendum
1171 5571 1333 5639 illud,
1389 5583 1442 5627 et
1484 5573 1932 5644 patrocinandum
1979 5575 2028 5629 ei
2075 5575 2127 5629 in
2160 5573 2249 5642 ju-

2355 5579 2412 5630 ἐν
2440 5577 2776 5652 δικαιοσύνη·
2819 5579 2950 5632 Ἀπὸ
2989 5578 3081 5633 τοῦ
3127 5579 3222 5635 νῦν
3279 5581 3372 5634 καὶ
3415 5581 3492 5645 εἰς
3540 5579 3633 5636 τὸν
3686 5582 3857 5638 αἰῶνα
3899 5586 3927 5637 ό

751 5776 790 5809 ³⁷
831 5769 984 5827 Joan.
1020 5771 1232 5840 xn',%7.
1310 5775 1354 5808 ⁸⁸
1382 5771 1834 5846 Ephes.T,'l9—‘2l.
1862 5777 1905 5809 "
1937 5775 2076 5834 Psal.
2115 5794 2263 5840 uxr,
2299 5779 2360 5836 7..
2418 5747 2422 5750 ἰ
