4100 6286
1165 242 1675 300 ΟΟΜΜΕΝΤΔΗΙΑ
1715 244 1783 300 ΙΝ
1823 244 2083 302 ιεΑιΑιι.
2125 277 2193 288 -—-
2230 241 2386 300 CAP.
2428 241 2520 297 IX.

3395 240 3508 295 {5"

218 358 367 428 ζῆλος
400 359 608 431 Κυρίου
641 356 876 411 Σαϐαὼθ
929 359 1146 429 ποιήσει
1210 359 1405 414 ταῦτα.
1446 378 1463 411 ι
1529 361 1699 431 Τήρει
1754 360 1807 413 δὲ

1917 362 2061 417 dicio
2112 367 2168 415 et
2211 359 2266 413 in
2297 354 2534 426 iustitia.
2584 355 2797 409 Amodo
2826 362 2881 408 et
2940 352 2993 408 in
3036 351 3296 407 saeculum
3350 353 3500 407 zelus

219 450 457 521 ἀκριϐῶς
488 452 638 513 ὅπως
678 451 780 503 οὐκ
830 450 1047 522 εἴρηται
1095 450 1527 523 καθεσθήσεσθαι
1572 453 1664 505 ιιιι
1714 452 1805 506 τὸν

219 544 399 613 θεένον
434 542 603 596 Δαυτδ
636 542 998 606 άπλῶς,άλλά
1024 544 1118 596 καὶ
1145 544 1238 596 ἐπὶ
1271 544 1371 615 τὴν
1404 544 1677 614 βασιλείαν
1710 546 1807 598 αὑ-

219 628 324 690 τοῦ,
355 629 712 699 κατορθῶσαι
740 632 908 702 αὐτήν
930 650 941 660 ·
978 632 1134 701 ἡμῶν
1170 635 1696 703 προσυπακουόντιοιν
1746 636 1807 688 τὸ

219 722 360 788 ἥξειν
389 722 564 775 αὐτὸν
594 726 687 775 ἐπὶ
716 723 791 792 τῷ
825 724 1167 795 κατορθῶσαι
1196 724 1287 776 τὸν
1309 724 1495 795 θρόνον
1524 726 1688 779 Δαυῒδ
1712 728 1807 780 καὶ

221 814 542 886 τὴνσκηνὴν
560 820 930 869 ⁴ιιιτεπτιιωιιυίαν.
949 816 1166 886 Ἐπειδὴ
1186 816 1297 887 γὰρ
1318 817 1691 888 κατέστραπτο
1715 819 1807 871 καὶ

220 905 500 976 καθῄρητο
536 910 567 977 ἠ
597 906 844 976 βασιλεία
874 906 1035 960 Δαυτδ
1061 908 1169 964 ἀπὸ
1199 908 1308 960 τῶν
1342 908 1549 978 χρόνων
1592 908 1695 978 τῆς
1727 910 1807 971 εἰς

222 998 520 1051 Βαϐυλῶνα
562 1001 935 1071 αἰχμαλωσίας
969 1000 1061 1054 τοῦ
1094 1000 1223 1054 λαοῦ
1249 1019 1262 1031 ·
1308 997 1445 1072 ἦσαν
1489 1002 1544 1054 δὲ
1591 1018 1805 1073 προφη-

221 1091 355 1141 τεῖαι
390 1090 752 1155 θεσπίζουσαι
777 1092 867 1143 τὸν
902 1091 1091 1161 θρόνον
1131 1091 1293 1145 Δαυῒδ
1322 1092 1643 1163 διαλάμψειν
1690 1112 1804 1164 φω-

223 1180 305 1243 τὸς
337 1179 576 1249 ἡλιακοῦ
604 1180 761 1250 δίκην
789 1180 909 1233 καθ’
940 1180 1068 1249 ὅλης
1112 1180 1212 1249 τῆς
1263 1182 1584 1251 οἰκουμένης
1611 1199 1623 1210 ·
1675 1164 1809 1234 ταύ-

222 1272 519 1342 mvan
554 1271 780 1343 ἐλήλυθε
835 1272 931 1343 τὴν
988 1273 1319 1341 ἐπαγγελίαν
1374 1272 1693 1345 πληρῶσαι·
1742 1275 1806 1326 ὲκ

226 1363 543 1433 στέρξαι-ος
572 1366 673 1434 μὲν
694 1364 856 1417 Δαυῖδ
882 1364 1021 1418 κατὰ
1048 1367 1224 1437 σάρκα
1248 1365 1603 1435 γεννώμενος,
1635 1384 1804 1419 κατα-

224 1452 451 1522 λάμπων
472 1455 533 1507 δὲ
564 1457 663 1519 τὰς
686 1456 795 1510 τῶν
826 1457 1128 1529 ἀνθρώπων
1154 1458 1360 1527 ψυχάς·
1409 1460 1501 1512 καὶ
1530 1458 1626 1528 τὴν
1657 1457 1807 1527 βασι-

223 1545 364 1599 λείαν
389 1547 561 1600 αὐτοῦ
594 1549 876 1619 κρατύνων
909 1549 998 1602 διὰ
1024 1549 1238 1603 πάντων
1266 1550 1373 1602 τῶν
1407 1550 1528 1601 καθ’
1556 1549 1805 1621 ὅληντὴν

223 1642 551 1711 θξκουμὲνην
579 1641 767 1693 ὲθνῶν.
819 1642 905 1694 Ἐν
927 1640 1134 1705 τούτοις
1161 1643 1271 1713 γὰρ
1300 1643 1390 1695 τὸν
1430 1641 1617 1712 θρόνον
1642 1642 1807 1695 Δαυῖδ

223 1730 573 1801 διωρθώσατο
608 1772 622 1796 ,

223 1823 371 1876 τοῦτο
411 1824 653 1894 ἔπραξεν
676 1825 782 1876 άπὸ
810 1824 903 1877 τοῦ
935 1825 1028 1879 νιῖιν
1058 1826 1151 1879 καὶ
1209 1826 1290 1889 εἰς
1337 1825 1425 1877 τὸν
1447 1825 1620 1878 αἰῶνα
1646 1842 1659 1854 ·
1713 1824 1805 1876 τοῦ

227 1914 336 1981 μὲν,
371 1914 514 1967 (ἀπὸ
534 1914 630 1966 τοῦ
660 1915 809 1978 vim,»
842 1916 1198 1987 σημαίνοντος
1226 1916 1399 1987 ἀρχὴν
1428 1917 1623 1988 χρόνου
1678 1917 1809 1987 ὠρι-

225 2008 443 2077 σμένην,
462 2007 531 2059 δι’
562 2002 633 2077 ἦς
655 2010 683 2060 ὁ
712 2008 899 2079 καιρὸς
930 2008 1180 2079 ἐδηλοῦτο
1205 2010 1302 2080 τῆς
1361 2011 1440 2072 εἰς
1488 2007 1808 2080 ἀνθρώπους

223 2097 516 2168 ἐπιδημίας
555 2100 721 2152 αὑτοῦ
752 2118 767 2130 ·
824 2102 920 2153 τοῦ
967 2100 1044 2163 δὲ,
1104 2120 1123 2152 ι
1167 2102 1247 2164 εἰς
1298 2101 1390 2153 τὸν
1432 2100 1622 2164 αἰῶνα,
1654 2120 1673 2152 ι
1710 2101 1807 2171 τὴν

224 2191 441 2253 ἄπειρον
472 2193 568 2245 καὶ
620 2192 817 2262 διαρκῆ
860 2193 1135 2263 βασιλείαν
1184 2193 1347 2247 αὑτοῦ
1404 2194 1804 2265 παριστῶντος.

224 2280 499 2352 Τηρητὼν
540 2284 621 2343 δὲ,
686 2283 760 2347 ὡς
796 2286 829 2353 ή
893 2284 993 2353 μὲν
1044 2284 1233 2355 πρώτη
1284 2286 1411 2355 περὶ
1461 2278 1563 2337 τοῦ
1596 2300 1811 2355 προφη-

226 2375 511 2443 τευομένου
539 2375 843 2446 πρόρρησις
878 2377 943 2428 ὲκ
977 2374 1253 2446 Παρθένου
1297 2375 1657 2447 τεχθήσεσθαι
1713 2376 1811 2428 αὐ-

226 2466 308 2519 τὸν
336 2468 562 2539 ἐδήλου*
615 2470 647 2539 ἡ
692 2467 747 2520 δὲ
781 2468 1030 2539 δευτέρα,
1069 2468 1269 2521 ὠσανεί
1305 2468 1657 2538 ζητουμένου,
1694 2467 1810 2530 πῶς

230 2558 369 2611 [aut
404 2559 587 2620 τοῦτο,
619 2560 709 2612 τὸν
732 2560 936 2631 Κύριον
957 2560 1142 2630 εἰσῆγε
1164 2558 1407 2627 λέγοντα,
1445 2579 1463 2609 ι
1494 2559 1604 2611 Καὶ
1643 2576 1813 2630 προσ-

228 2649 383 2718 ῆλθον
454 2650 594 2721 πρὸς
626 2651 726 2721 τὴν
768 2650 1038 2721 προφῆτιν
1065 2668 1077 2680 ·
1133 2651 1228 2703 καὶ
1279 2652 1337 2704 ὲν
1386 2652 1587 2721 γαστρὶ
1631 2650 1810 2715 ἔλαϐε,

230 2742 311 2793 καὶ
338 2744 526 2795 ἔτεκεν
551 2742 685 2794 υἰόν·
722 2761 740 2793 ι
766 2744 798 2812 ἡ
824 2743 881 2796 δὲ
920 2744 1077 2813 τρίτη
1115 2742 1301 2795 οὐκέτι
1330 2744 1656 2814 μνημονεύει
1680 2744 1815 2815 κυή-

230 2850 357 2898 σεως
404 2834 767 2905 παρθενικῆς,
802 2833 924 2887 οὐδὲ
966 2833 1061 2886 τοῦ
1099 2834 1300 2905 τρόπου
1357 2834 1458 2903 τῆς
1498 2834 1641 2887 κατὰ
1681 2834 1813 2887 Θεὸν

227 2925 522 2995 παραδόξου
589 2925 907 2995 συλλήψεως
936 2941 949 2954 ·
1009 2924 1103 2977 ἅτε
1169 2924 1233 2996 δὴ
1308 2924 1815 2997 προμεμαθηκότων

226 3015 373 3083 ἡμῶν
421 3012 632 3077 ταῦτα,
666 3014 793 3084 περὶ
844 3012 941 3066 τοῦ
996 3013 1184 3077 παιδὸς
1235 3013 1407 3067 αὐτοῦ
1458 3014 1811 3087 διεξέρχεται,

230 3106 551 3159 παιδεύουσα
580 3108 729 3177 ἡμᾶς
765 3105 835 3159 τὰ
856 3106 1141 3180 ἀπόρρητα
1173 3109 1272 3178 τῆς
1304 3107 1433 3179 περὶ
1486 3085 1652 3161 αὑτοῦ
1688 3109 1808 3162 θεο-
1835 3085 1877 3141 C

230 3197 424 3267 λογίας·
454 3200 628 3253 ταῦτα
680 3198 739 3252 δὲ
766 3200 944 3254 πάντα
983 3200 1111 3270 περὶ
1147 3199 1243 3253 τοῦ
1286 3201 1541 3271 τυχόντος
1594 3201 1804 3255 παιδίου

230 3290 491 3359 λέγεσθαι,
522 3292 625 3344 οὐκ
664 3284 779 3344 οἶδα
812 3282 931 3355 πῶς
961 3294 1283 3363 συστήσαιεν
1310 3295 1359 3345 οἰ
1384 3295 1449 3347 ὲκ
1483 3298 1803 3365 περιτομῆς.

233 3382 297 3452 μὴ
327 3382 644 3453 βουλόμενοι
679 3383 1083 3453 παραδέξασθαι
1110 3385 1200 3438 τὸν
1244 3387 1509 3457 ἡμέτερον
1556 3388 1803 3458 Σωτῆρα,

231 3466 269 3541 ᾧ
292 3478 358 3528 τὰ
381 3476 520 3546 ἔργα
550 3479 837 3547 μαρτυρεῖ,
872 3478 966 3529 καί⁵
996 3478 1105 3531 τῶν
1148 3480 1486 3551 πραγμάτων
1508 3483 1541 3550 ἡ
1585 3480 1806 3543 ἔκϐασις

233 3569 341 3630 τοὺς
368 3568 567 3633 λόγους
603 3567 1078 3640 ὲπισφραγίζεται.
1134 3590 1151 3621 ι
1218 3572 1385 3643 Ζῆλος
1434 3573 1641 3643 Κυρίου
1701 3574 1807 3625 Σα-

232 3655 366 3711 6αὼθ
398 3660 619 3729 ποιήσει
654 3659 849 3712 ταῦτα.
893 3680 911 3710 ›
944 3661 1101 3725 Ποίος
1129 3662 1321 3735 ζῆλος,
1358 3663 1390 3734 ἢ
1422 3664 1483 3717 δν
1534 3665 1807 3735 ἐζήλωσεν

232 3749 422 3816 ἀγαθὸν
456 3751 554 3802 καί
606 3750 754 3821 αὐτῷ
794 3750 1093 3823 πρέποντα,
1133 3756 1214 3816 εἰς
1256 3754 1316 3806 τὸ
1373 3754 1540 3808 σῶσαι
1599 3757 1806 3820 πάντας

230 3840 344 3903 τεὺς
375 3841 484 3894 ὑπὸ
537 3841 633 3894 τοῦ
666 3842 913 3897 διαϐόλου
958 3845 1589 3913 καταδυναστευθέντας,
1613 3850 1705 3903 καὶ
1729 3852 1808 3913 εἰς

230 3930 487 4002 ἀθεότητα
519 3950 724 3986 κατασυ
734 3935 957 4005 ρένταςς

295 4211 590 4265 ιΘάνατον
652 4212 935 4265 ἀπέστειλε
1007 4214 1211 4284 Κύριος
1264 4217 1354 4271 ἐπὶ
1431 4216 1659 4281 Ἰακὼϐ,
1714 4219 1807 4271 καὶ

227 4298 381 4372 ἦλθεν
411 4305 509 4357 ἐπὶ
546 4306 797 4374 Ἰσραήλ·
849 4307 944 4360 καὶ
991 4309 1290 4375 γνώσονται
1330 4312 1437 4372 πᾶς
1466 4312 1493 4363 ὁ
1541 4309 1669 4373 λαὸς
1711 4311 1804 4363 τοῦ

238 4395 495 4466 Ἑφραῖμ,
554 4397 648 4449 καί
685 4399 732 4449 οἱ
767 4398 1060 4470 καθήμενοι
1096 4404 1151 4453 ἐν
1200 4402 1482 4473 Σαμαρείᾳ
1513 4404 1595 4471 ἐφ’
1654 4404 1803 4475 ὕϐρει

229 4491 313 4542 καὶ
346 4490 527 4561 ὑψηλῇ
555 4490 771 4561 καρδίᾳ,
826 4492 1099 4560 λέγοντες·
1138 4495 1355 4549 Πλίνθοι
1414 4498 1798 4551 πεπτώκασιν·

228 4580 355 4633 ἀλλὰ
377 4582 535 4635 δεῦτε
566 4582 910 4653 λαξεύσωμεν
942 4584 1121 4650 λίθους
1155 4628 1168 4649 ,
1202 4590 1296 4640 καὶ
1329 4588 1582 4659 κόψωμεν
1634 4607 1801 4643 συκα-

232 4672 434 4741 μίνους,
476 4674 569 4725 καὶ
589 4674 831 4745 κέδρους,
864 4676 958 4728 καὶ
976 4677 1417 4749 οἰκοδομησωμεν
1444 4681 1651 4742 ἑαυτοῖς
1669 4680 1805 4752 πύρ-

226 4781 379 4832 γον.»
428 4766 588 4818 Ἤτοι
629 4769 677 4819 οἰ
726 4768 824 4837 τὴν
882 4770 1192 4843 Σαμάρειαν
1250 4773 1544 4837 οἰκοῦντες,
1593 4774 1805 4847 Ἰσραὴλ

227 4855 673 4927 χρηματίζοντες,
697 4859 791 4911 καὶ
825 4859 951 4924 λαός
988 4862 1080 4914 τοῦ
1119 4863 1361 4935 Ἐφραῖμ
1393 4865 1801 4937 ὀνομαζόμενοι,

226 4947 304 5001 διὰ
330 4948 391 5000 τό
422 4948 804 5020 βασιλευθῆναι
831 4952 936 5005 ὑπὸ
954 4954 1063 5007 τῶν
1088 4956 1153 5007 ὲκ
1179 4956 1353 5025 φυλῆς
1402 4958 1495 5010 τοῦ
1543 4959 1802 5030 Ἐφραῒμ,

227 5039 576 5107 χλευάζοντες
624 5042 717 5094 καὶ
778 5043 1198 5110 ὲξευτελίζοντες
1253 5047 1353 5118 τὴν
1418 5049 1803 5121 Ἰερουσαλὴμ,

227 5130 462 5195 πλίνθοις
520 5132 725 5202 ταύτην
777 5134 1009 5201 ἔφασκον
1065 5139 1502 5210 οἰκοδομεῖσθαι,
1561 5144 1655 5195 καὶ
1705 5143 1804 5208 τὰς

229 5225 420 5291 στέγας
469 5226 613 5296 ἔχειν
663 5246 681 5277 ι
722 5227 829 5280 ἀπὸ
862 5232 1175 5299 συκαμίνων
1208 5253 1226 5283 ι
1283 5232 1315 5304 ἢ
1382 5253 1399 5282 ι
1428 5235 1746 5305 συκομόρων
1780 5254 1797 5286 ι

227 5319 362 5373 κατὰ
389 5321 515 5384 τοὺς
537 5321 759 5385 λοιποὺς
785 5323 1147 5392 ὲρμηνευτάς.
1176 5323 1289 5378 Εἶθ’
1322 5326 1394 5389 ὡς
1430 5327 1583 5379 αὐτοὶ
1604 5325 1807 5395 βελτίο-

226 5429 287 5467 να
318 5413 467 5467 πόλιν
499 5413 1007 5477 κατασκευάσοντες
1032 5457 1045 5482 ,
1081 5416 1480 5487 ἐπηγγέλλοντο
1518 5417 1606 5469 διὰ
1644 5418 1806 5472 λίθων

228 5505 423 5568 ξυττῶν
462 5507 558 5560 καὶ
588 5508 797 5577 κέδρων
835 5507 1227 5578 οἰκοδομήσειν,
1269 5510 1363 5561 καὶ
1385 5511 1505 5563 ἀντὶ
1548 5510 1643 5563 τοῦ
1677 5511 1805 5563 ναοῦ

227 5596 311 5649 τοῦ
357 5598 413 5651 ἐν
464 5598 830 5670 Ἰερουσαλὴμ
878 5599 1085 5670 πύργον
1132 5601 1345 5664 ἑαυτοῖς
1379 5602 1703 5674 ἀναστήσειν
1748 5604 1806 5655 ὲν

230 5686 533 5759 Σὶιμαρεία-
590 5692 672 5747 διὸ
723 5693 818 5747 καί
889 5690 1072 5756 ἐπειδὴ
1130 5692 1353 5748 τοιαῦτα
1408 5695 1805 5763 τετολμήκασιν

693 1732 843 1803 παρὰ
912 1733 1179 1797 Ἰουδαίοις
1240 1733 1643 1806 καθῃρημένον.
1698 1733 1807 1785 Καὶ
1839 1713 1879 1766 Β

1911 454 2125 510 Domini
2167 451 2409 507 Sabaoth
2466 448 2633 504 faciet
2681 448 2815 501 bare.
2854 465 2872 499 ι
2907 446 3177 501 Observes
3221 456 3499 506 accurate.

1912 562 2018 601 non
2051 543 2377 613 simpliciter
2410 541 2617 595 dictum
2659 538 2825 594 fuisse
2867 540 3041 607 ipsum
3078 539 3130 591 in
3163 538 3359 590 throno
3398 534 3503 589 Da-

1909 642 1997 695 vid
2029 652 2305 695 sessurum
2347 650 2509 698 esse,
2554 634 2646 688 sed
2680 632 2843 686 etiam
2898 645 3060 698 super
3111 644 3335 697 regnum
3382 630 3499 697 ejus

1911 733 1977 785 ad
2017 729 2315 801 regendum
2347 726 2512 788 illud;
2547 724 2704 779 nobis
2732 722 3184 777 subaudientibus
3211 730 3497 773 venturum

1910 823 2061 877 illum
2097 836 2219 877 esse
2271 821 2337 874 ad
2376 819 2795 873 restaurandum
2844 814 3099 869 thronum
3154 812 3402 876 Davidis,
3444 822 3499 864 et

1911 914 2325 970 tabernaculum
2363 914 2500 980 ejus,
2526 913 2670 980 quod
2709 912 2917 981 lapsum
2957 908 3154 961 fuerat.
3187 905 3321 971 Quia
3353 906 3497 959 enim

1909 1024 1939 1062 a
1977 1008 2314 1078 temporibus
2361 1005 2707 1077 Babylonica:
2762 1000 3101 1071 captivitatis
3137 1012 3388 1053 eversum
3444 1004 3501 1048 et

1909 1100 2180 1155 sublatum
2234 1098 2413 1153 fuerat
2466 1112 2695 1167 regnum
2754 1093 3017 1157 Davidis,
3084 1106 3147 1145 ac
3202 1089 3501 1158 prophetiae

1908 1194 2161 1255 aderant,
2193 1207 2312 1261 qum
2364 1192 2806 1244 vaticinabantur
2845 1187 3103 1240 thronum
3152 1182 3372 1236 Davidis
3413 1194 3503 1234 so-

1908 1283 2037 1337 laris
2073 1282 2293 1335 luminis
2341 1282 2515 1336 instar
2566 1280 2965 1334 illustraturum
3013 1288 3136 1328 esse
3190 1282 3361 1326 totum
3409 1286 3503 1325 or—

1909 1376 2070 1439 bem;
2106 1375 2247 1428 hanc
2298 1373 2388 1428 ille
2431 1372 2849 1441 promissionem
2885 1366 3167 1437 impletum
3214 1365 3396 1431 venit,
3432 1378 3501 1417 ex

1909 1468 2119 1522 semine
2166 1468 2384 1537 quidem
2446 1466 2615 1520 David
2668 1462 2966 1518 secundum
3030 1472 3253 1513 carnem
3299 1468 3451 1510 natus
3481 1494 3498 1517 ,

1910 1558 2119 1611 animas
2160 1565 2337 1610 autem
2392 1556 2673 1609 hominum
2737 1551 3092 1612 illuminans,
3159 1564 3223 1602 ac
3274 1562 3498 1614 regnum

1910 1649 2027 1715 ejus
2061 1648 2199 1715 apud
2257 1661 2449 1700 omnes
2506 1646 2673 1698 totius
2711 1644 2860 1696 orbis
2910 1651 3098 1711 gentes
3144 1638 3498 1694 confirmans.

1909 1740 1965 1792 In
2020 1740 2103 1793 his
2155 1738 2357 1807 quippe
2409 1752 2638 1806 regnum
2701 1732 2920 1787 Dnvidis
2962 1731 3172 1793 erexit,
3226 1744 3254 1781 a
3296 1726 3503 1782 Judmis

1908 1831 2200 1887 sublatum.
2247 1829 2312 1883 Et
2340 1830 2443 1883 hoc
2479 1827 2734 1897 praestitit
2765 1826 2834 1880 ab
2886 1826 2989 1878 hoc
3036 1833 3280 1892 tempore
3323 1834 3498 1888 usque

1908 1925 1962 1977 in
2002 1921 2291 1985 saeculum;
2328 1921 2399 1973 ita
2435 1932 2491 1971 ut
2526 1919 2678 1983 illud,
2716 1935 2736 1968 ι
2770 1916 3000 1977 amodo,
3049 1933 3067 1965 ι
3103 1913 3317 1966 initium
3361 1920 3502 1963 tem-

1909 2015 2054 2083 poris
2085 2014 2366 2068 definitum
2408 2011 2701 2081 signiticet,
2746 2023 2856 2076 quo
2888 2016 3104 2077 tempus
3131 2006 3247 2074 ejus
3294 2005 3359 2058 ad
3405 2004 3503 2057 ho-

1910 2111 2081 2162 mines
2115 2111 2380 2161 adventus
2416 2104 2766 2167 declaratur;
2798 2101 2928 2155 illud
2964 2110 3170 2162 autem,
3213 2117 3231 2149 ι
3268 2100 3321 2151 in
3354 2112 3501 2150 sem-

1909 2204 2212 2271 piternum,
2262 2217 2281 2251 ι
2315 2197 2585 2263 infinitum
2629 2211 2693 2249 ac
2744 2204 3069 2265 perpetuum
3120 2205 3347 2258 regnum
3386 2188 3502 2255 ejus

1910 2295 2172 2349 declarat.
2214 2292 2627 2346 Observandum
2668 2297 2849 2340 autem
2889 2294 2996 2347 est,
3051 2284 3280 2353 primam
3323 2282 3391 2335 de
3437 2295 3502 2335 eo

1910 2386 2000 2452 qui
2046 2386 2098 2438 in
2150 2385 2432 2454 prophetia
2482 2382 2685 2445 fertur,
2736 2377 3184 2448 praedictionem,
3234 2373 3381 2427 illum
3434 2387 3501 2425 ex

1912 2476 2133 2546 Virgine
2182 2476 2512 2529 nasciturum
2558 2486 2681 2527 esse
2724 2470 3041 2535 declarare;
3074 2464 3369 2521 secundam
3411 2479 3505 2518 ve-

1914 2584 1994 2631 ro,
2044 2584 2105 2622 ac
2147 2570 2191 2622 si
2246 2576 2556 2637 quaeratur,
2612 2579 2721 2633 quo
2766 2573 2928 2631 pacto
2984 2560 3035 2614 id
3086 2559 3329 2613 futurum
3393 2558 3500 2622 sit,

1915 2664 2087 2732 ipsum
2133 2660 2418 2713 Dominum
2491 2658 2573 2712 sic
2626 2658 2939 2725 loquentem
3018 2654 3299 2713 inducere,
3371 2668 3389 2700 ι
3437 2647 3504 2702 Et

1916 2752 2121 2807 accessi
2159 2751 2223 2803 ad
2277 2750 2721 2819 prophetissam:
2765 2756 2820 2802 et
2851 2748 2902 2800 in
2945 2758 3099 2801 utero
3150 2741 3395 2812 accepit,
3450 2749 3505 2795 et

1914 2840 2379 2914 peperitFilium;
2424 2858 2442 2891 ι
2491 2840 2707 2892 tertiam
2756 2847 2970 2900 autem,
3016 2836 3319 2904 virgineum
3372 2848 3502 2901 par-

1919 2947 2031 2989 tum
2070 2950 2174 2988 non
2214 2933 2358 2987 ultra
2394 2946 2722 2998 memorare,
2756 2943 2933 2999 neque
2965 2928 3183 2983 modum
3222 2931 3507 2996 stupenda

1920 3026 2067 3080 illius
2100 3024 2395 3079 secundum
2444 3020 2615 3075 Deum
2673 3019 3071 3089 eoneeptionis,
3107 3026 3294 3087 utpote
3348 3018 3504 3072 nobis

1913 3119 2054 3172 hanc
2103 3132 2215 3171 rem
2261 3115 2373 3183 jam
2405 3114 2649 3179 edoctis;
2705 3114 2799 3167 sed
2833 3114 2899 3165 de
2952 3109 3093 3164 Filio
3135 3109 3303 3177 ipsius
3337 3108 3503 3162 verba

1915 3212 2136 3270 facere,
2194 3221 2402 3275 nosque
2456 3206 2504 3259 in
2567 3204 2852 3272 theologia
2908 3202 3025 3268 ejus
3076 3202 3296 3255 arcanis
3347 3200 3503 3254 insti-

1913 3311 2087 3353 tuere.
2139 3298 2412 3352 Caaterum
2459 3298 2647 3349 nescio
2692 3309 2802 3363 quo
2850 3305 3011 3363 pacto
3054 3293 3089 3347 ii
3140 3293 3229 3360 qui
3281 3307 3346 3345 ex
3399 3292 3505 3347 cir-

1910 3392 2249 3448 cumcisione
2282 3399 2424 3454 sunt,
2474 3388 2589 3443 haec
2641 3387 2706 3441 de
2757 3386 2966 3455 vulgari
3017 3398 3184 3455 puero
3238 3385 3342 3437 dici
3392 3393 3507 3440 sta-

1912 3494 2094 3547 luant,
2129 3484 2377 3537 nolentes
2406 3482 2699 3535 admittere
2732 3479 3077 3533 Salvatorem
3107 3486 3384 3539 nostrum,
3413 3475 3503 3531 cui

1911 3581 2027 3648 ipsa
2052 3592 2216 3647 opera
2258 3575 2633 3629 testimonium
2671 3573 2937 3636 afferunt,
2990 3587 3110 3625 cum
3150 3581 3381 3624 eventus
3417 3584 3506 3623 re-

1912 3686 2031 3725 rum
2080 3682 2362 3724 sermones
2429 3666 2697 3732 obsignet.
2743 3682 2761 3715 ι
2800 3664 2959 3718 Zelus
3004 3663 3217 3717 Domini
3262 3661 3503 3716 Sabaoth

1912 3764 2075 3819 faciet
2110 3764 2245 3817 haec.
2294 3780 2311 3809 ι
2357 3760 2489 3826 Quis
2524 3760 2673 3813 zelus
2716 3759 2817 3813 nisi
2857 3758 2945 3812 ille
2985 3758 3159 3811 bonus
3200 3766 3255 3810 et
3304 3755 3505 3811 conde-

1910 3872 2061 3920 cens,
2107 3871 2217 3923 quo
2252 3855 2343 3909 ille
2382 3855 2641 3907 incensos
2676 3859 2779 3913 est,
2823 3851 2887 3903 ad
2939 3850 3169 3902 salutem
3219 3848 3287 3901 iis
3328 3847 3507 3900 omni-

1911 3951 2013 4005 bus
2044 3950 2366 4019 parandam,
2416 3950 2508 4016 qui
2546 3946 2646 4001 sub
2695 3944 2935 3999 dominio
2986 3942 3186 3997 diaboli
3227 3950 3418 4005 erant,
3449 3949 3505 3994 et

1913 4042 1966 4097 in
2001 4042 2336 4111 impietatem
2394 4037 2657 4110 pertracti
2706 4035 2969 4091 fuerant?

1987 4225 2148 4281 Vsus.
2198 4224 2355 4282 8-l0.
2388 4243 2406 4277 ι
2444 4223 2671 4278 Mortem
2708 4223 2858 4277 misit
2887 4222 3149 4277 Dominus
3192 4232 3353 4289 super
3408 4214 3503 4274 Ja-

1913 4319 2037 4385 cob,
2086 4327 2140 4372 et
2194 4319 2346 4372 venit
2402 4330 2568 4385 super
2612 4314 2825 4370 Israel:
2875 4324 2930 4368 et
2979 4320 3273 4383 cognoscet
3326 4310 3502 4365 omnis

1912 4412 2144 4483 p0pulus
2194 4411 2497 4480 Ephraiin,
2562 4416 2618 4461 et
2669 4407 2761 4476 qui
2816 4406 3007 4460 sedent
3051 4404 3105 4457 in
3152 4404 3401 4458 Samaria
3450 4403 3501 4455 in

1914 4500 2243 4556 contumelia
2276 4508 2331 4555 et
2376 4498 2487 4553 alto
2520 4497 2706 4561 corde,
2757 4498 3040 4551 dicentes:
3090 4494 3314 4547 Lateres
3361 4494 3504 4547 ceci-

1914 4596 2147 4658 derunt;
2193 4595 2287 4649 sed
2334 4594 2539 4659 venite,
2573 4593 2819 4647 dolemus
2849 4590 3073 4659 lapides,
3129 4598 3182 4642 et
3229 4588 3502 4640 caadamus

1916 4690 2227 4760 sycaminos
2258 4698 2312 4743 et
2345 4688 2560 4749 cedros,
2592 4694 2646 4739 et
2672 4684 3007 4739 aedificemus
3038 4682 3194 4736 nobis
3226 4680 3441 4735 turrim.
3476 4698 3496 4731 ι

1915 4783 1970 4837 Id
2010 4792 2115 4848 est,
2156 4782 2192 4835 ii
2246 4780 2336 4850 qui
2392 4780 2695 4835 Samariam
2759 4776 3029 4839 incolunt,
3083 4773 3248 4829 Israel
3276 4788 3500 4843 _nut.cu-

1911 4877 2046 4945 pati,
2090 4885 2144 4928 et
2173 4874 2404 4945 pepulits
2438 4872 2695 4943 Ephraim
2728 4869 2932 4933 vocati,
2974 4867 3101 4938 quia
3149 4865 3369 4936 regibus
3401 4866 3499 4919 tri-

1911 4972 2011 5024 bus
2063 4968 2319 5038 Ephraitn
2365 4968 2567 5022 subditi
2611 4974 2799 5029 erant,
2844 4964 3131 5017 irridentes
3166 4969 3221 5013 et
3267 4956 3501 5025 vilipen-

1912 5062 2103 5115 dentes
2133 5060 2460 5122 Jerusalem,
2495 5059 2665 5127 ipsam
2704 5072 2771 5110 ex
2806 5055 3068 5109 lateribus
3111 5059 3379 5105 structam
3418 5046 3501 5101 di-

1908 5151 2139 5212 cebant,
2192 5163 2255 5203 ac
2298 5149 2505 5217 tegulas
2558 5147 2759 5201 habere
2803 5162 2867 5199 ex
2904 5143 3214 5214 sycaminis,
3254 5141 3370 5195 sive
3412 5154 3499 5193 se-

1908 5238 2144 5293 cundum
2184 5239 2421 5307 reliquos
2456 5239 2801 5305 interpretes,
2840 5250 2901 5289 ea:
2937 5232 3265 5305 sycomoris,
3303 5230 3497 5284 factas.

1911 5329 2112 5385 Deinde
2142 5346 2298 5396 vero,
2334 5346 2398 5385 ac
2445 5332 2488 5385 si
2532 5331 2607 5385 illi
2655 5329 3092 5399 prazstantiorem
3130 5324 3319 5379 urbem
3353 5334 3501 5377 stru-

1912 5422 2055 5476 cturi
2088 5432 2305 5488 essent,
2349 5438 2469 5477 eam
2503 5438 2570 5477 ex
2602 5423 2791 5477 incisis
2820 5419 3092 5489 lapidibus
3121 5426 3176 5472 et
3210 5431 3276 5470 ex
3319 5416 3499 5469 cedris

1913 5529 1974 5569 se
2020 5514 2386 5569 :edillcaturos
2437 5530 2561 5570 esse
2611 5514 3050 5585 pollicebantur:
3098 5522 3152 5564 et
3208 5505 3392 5575 templi
3443 5508 3497 5559 in

1912 5603 2212 5659 Jerusalem
2248 5607 2444 5659 stantis
2483 5607 2629 5671 loco,
2685 5608 2878 5658 turrim
2930 5604 3033 5658 sibi
3068 5602 3409 5656 excitaturus
3443 5599 3496 5649 in

1914 5693 2196 5763 Samaria;
2237 5696 2360 5752 ideo
2394 5696 2521 5766 quia
2554 5697 2629 5752 illi
2671 5698 2724 5752 in
2763 5704 2968 5751 tantam
3006 5691 3376 5761 arrogantiam
3408 5704 3498 5743 ve-
