4100 6286
643 339 748 394 153

1342 325 1612 385 EUSEBll
1649 323 2126 383 CESARIENSIS
2161 321 2311 379 OPP.
2352 320 2531 378 PARS
2571 321 2658 380 Ill.
2696 350 2765 362 —-
2801 316 3213 375 EXEGETICA.

3767 314 3875 370 l56

643 454 762 506 nire
810 446 925 502 ausi
987 444 1238 509 fuerant,
1281 443 1535 512 deinceps
1581 442 1946 496 comminatur
1989 439 2067 495 eis
2114 440 2198 494 his

2306 436 2828 495 ἀπαυθαδιάσασθαι,
2853 431 3064 486 ἀπειλεί
3101 431 3282 492 αὐτοῖς
3334 426 3456 500 ἑξῆς
3500 429 3528 482 6
3564 425 3716 494 λόγος
3763 429 3876 498 φὰρί

641 542 959 686 "32:912.
1006 647 1023 680 ι
1059 628 1122 682 Ει
1168 627 1375 696 franget
1414 627 1553 680 Deus
1601 640 1717 688 eos,
1777 625 1868 695 qui
1906 624 2195 695 insurgunt

639 737 800 791 super
845 729 1081 773 montem
1124 717 1276 779 Sion,
1308 725 1364 770 et
1407 716 1657 770 inimicos
1700 715 1998 784 dissipabit.
2049 733 2069 767 ι
2102 714 2200 767 Se-

639 814 874 869 cundum
921 810 1200 866 historiam
1233 807 1411 871 enim,
1443 808 1589 878 quia,
1629 808 1837 877 inquit,
1881 808 1916 861 ii
1969 806 2060 876 qui
2100 805 2198 861 Sa-

639 907 867 959 mariam
923 901 1228 956 incolebant
1276 899 1405 953 talia
1443 898 1561 953 ausi
1618 909 1764 962 sunt,
1807 910 1860 953 et
1897 899 2200 967 petulanter

637 997 876 1066 agebant
902 1001 1086 1062 contra
1125 1001 1362 1046 montem
1394 989 1548 1056 Sion,
1589 999 1646 1044 et
1682 1003 1871 1046 contra
1911 989 2072 1043 Deum
2101 988 2199 1042 ibi-

638 1098 763 1150 dem
801 1094 1036 1157 cultum;
1084 1107 1178 1147 eos
1236 1105 1328 1155 se,
1378 1089 1533 1159 quasi
1579 1105 1648 1145 ex
1699 1105 1894 1160 magna
1935 1091 2201 1159 superbiae

637 1181 956 1240 celsitudine
1012 1182 1393 1249 depressurum
1447 1188 1502 1234 et
1552 1179 1852 1234 tracturum
1898 1181 2201 1236 commina-

640 1287 748 1332 tur.
794 1275 830 1328 li
871 1274 1071 1344 quippe
1116 1273 1208 1342 qui
1250 1281 1438 1326 contra
1496 1281 1733 1326 montem
1784 1273 1914 1328 Sion
1967 1274 2202 1331 insurre-

638 1378 862 1434 xerunt,
906 1371 1070 1424 etiam
1124 1369 1180 1422 in
1240 1368 1414 1437 ipsum
1476 1367 1647 1422 Deum
1711 1367 1873 1438 impie
1928 1370 2199 1440 agebant:

637 1477 776 1530 quos
811 1477 872 1517 se
899 1460 1307 1532 humiliatarum
1350 1467 1407 1512 et
1446 1456 1848 1513 contracturum
1887 1473 2008 1514 esse
2037 1460 2201 1526 dicit;

639 1566 740 1606 nec
771 1551 920 1621 ipsos
961 1550 1137 1614 solos,
1183 1549 1278 1604 sed
1325 1548 1493 1603 etiam
1543 1547 1792 1604 inimicos
1828 1549 1944 1617 ejus
1974 1549 2205 1621 dissipa-

639 1652 818 1695 turum
856 1656 1010 1697 esse:
1041 1639 1354 1710 signiﬁcans
1379 1652 1474 1694 eos
1499 1653 1566 1693 ex
1601 1638 1885 1703 Damasco,
1918 1641 2006 1709 qui
2035 1641 2204 1696 Israe-

2301 544 2465 583 σκων·

2377 643 2394 674 ι
2426 621 2533 675 Ka't
2570 619 2719 691 ῥάξει
2743 620 2771 672 6
2804 619 2936 681 Θεὸς
2965 619 3092 681 τοὺς
3135 613 3603 691 ἐπανισταμένους
3657 612 3748 665 ἐπὶ
3806 613 3874 669 τὸ

2298 717 2422 786 ὅρος
2450 716 2608 777 Σιὼν,
2640 713 2735 765 καὶ
2787 713 2912 774 τοὺς
2963 710 3190 780 ἐχθροὺς
3238 705 3591 760 διασκεδάσει.
3641 723 3659 755 ι
3710 705 3874 758 Κατὰ

2297 807 2427 876 γοῦν
2454 806 2551 877 τὴν
2578 804 2836 876 ιστορίαν,
2862 801 3068 873 ἐπειδὴ,
3099 800 3283 870 φησὶν,
3319 801 3369 853 oi
3411 799 3509 869 τὴν
3561 797 3876 867 Σαμάρειαν

2299 898 2573 960 οἰκοῦντες
2604 896 2825 950 τοιαῦτα
2847 894 3232 966 τετολμήκασι,
3261 892 3355 948 καὶ
3408 889 3878 962 κατεθρασύνοντο

2300 993 2440 1045 κατὰ
2469 990 2563 1043 τοῦ
2597 988 2752 1060 ὅρους
2780 986 2937 1052 Σιὼν,
2972 986 3065 1039 καὶ
3095 984 3239 1045 κατά
3286 982 3380 1036 τοῦ
3428 985 3485 1035 ὲν
3529 981 3676 1051 αὐτῷ
3704 999 3879 1052 τιμω-

2303 1081 2464 1150 μένου
2491 1076 2648 1141 Θεοῦ,
2681 1076 2758 1139 ὡς
2798 1076 2906 1129 ἀπὸ
2942 1076 3174 1146 μεγάλου
3233 1072 3400 1143 ὕψους
3454 1071 3552 1142 τῆς
3593 1073 3880 1141 ὑπερηφα-

2300 1173 2447 1236 νείας
2480 1171 2658 1226 αὐτῶν
2706 1167 3059 1222 ταπεινώσειν
3122 1165 3214 1221 καὶ
3261 1164 3622 1239 καταρράξειν
3677 1163 3878 1226 αὐτοὺς

2300 1264 2534 1318 ἀπειλεῖ.
2564 1263 2702 1325 Τοὺς
2733 1260 2842 1332 γὰρ
2869 1261 2960 1313 ἐπὶ
2995 1259 3053 1316 τὸ
3078 1259 3203 1330 ὅρος
3228 1255 3366 1312 Σιὼν
3414 1253 3879 1325 ἐπανισταμένους

2301 1358 2386 1409 ἐπ’
2421 1356 2582 1410 αὐτὸν
2614 1356 2703 1408 τὸν
2736 1353 2868 1407 Θεὸν
2899 1351 3116 1407 ἀσεϐεῖν
3170 1348 3478 1403 συνέσαινεν
3499 1366 3511 1378 ’
3545 1346 3634 1411 οῦς
3683 1362 3878 1400 ταπει-

2301 1448 2494 1502 νώσειν
2515 1448 2607 1501 καὶ
2634 1445 2816 1517 ράξειν
2845 1443 3030 1514 φησὶν,
3057 1441 3118 1494 οὐ
3151 1439 3364 1510 μόνους,
3391 1436 3524 1490 ἀλλά
3550 1437 3644 1489 καὶ
3671 1435 3881 1496 πάντας

2301 1541 2425 1604 τοὺς
2453 1540 2679 1611 ἐχθροὺς
2707 1534 2872 1591 αὑτοῦ
2903 1531 3303 1594 διασκεδάσειν·
3341 1529 3620 1600 σημαίνων
3668 1528 3793 1590 τοὺς
3820 1528 3881 1578 ὲν

2303 1631 2579 1704 Δαμασκῷ
2649 1625 3071 1700 συμμαχοῦντας
3139 1621 3217 1693 τῷ
3282 1621 3496 1694 Ἰσραὴλ
3532 1660 3547 1684 ,
3602 1618 3743 1673 κατά
3810 1617 3884 1670 τὰ

637 1739 704 1792 lis
739 1737 1133 1793 commilitones
1173 1743 1365 1799 erant,
1420 1743 1480 1788 ut
1518 1734 1665 1804 prius
1701 1735 1954 1790 traditum
1989 1746 2091 1790 est.
2128 1737 2205 1790 Ac

2307 1723 2615 1793 ἔμπροσθεν
2648 1717 3035 1787 ἀποδεδομένα.
3056 1715 3166 1769 Καὶ
3196 1713 3403 1778 πάντας
3423 1713 3479 1768 δὲ
3507 1716 3635 1777 τοὺς
3666 1715 3730 1766 ὲκ
3770 1711 3882 1766 τῶν

641 1828 877 1890 reliquos
906 1842 1096 1883 omnes
1123 1827 1216 1896 qni
1252 1837 1438 1881 contra
1486 1800 1722 1879 montem
1763 1825 1894 1881 Sion
1932 1837 1987 1881 et
2019 1836 2205 1880 contra

2308 1811 2513 1865 λοιπῶν
2533 1807 2995 1878 ἐπανισταμένους
3025 1806 3105 1877 τῷ
3147 1805 3262 1877 ὄρει
3290 1804 3448 1866 Σιὼν,
3506 1804 3600 1859 καὶ⁹
3624 1802 3704 1874 τῷ
3760 1801 3888 1874 Θεῷ

639 1911 804 1968 Deum
849 1913 1045 1968 ibidem
1089 1915 1292 1967 cultum
1343 1912 1772 1978 insurrexerunt,
1829 1927 1888 1968 se
1917 1913 2208 1983 dissipatu-

641 2019 757 2057 rum
802 2018 922 2060 esse
967 2003 1287 2073 pollicetur:
1339 2018 1405 2058 ex
1443 2017 1671 2073 quorum
1723 2017 1950 2061 numero
1987 2005 2078 2060 alii
2141 2021 2208 2058 ex

639 2097 848 2151 oriente
891 2107 1067 2163 erant,
1095 2097 1186 2152 alii
1218 2111 1284 2152 ex
1312 2111 1504 2152 occasu
1535 2097 1686 2162 solis,
1715 2097 1877 2153 medii
1910 2107 2089 2152 autem
2116 2112 2207 2152 eu-

642 2202 758 2242 rum
792 2187 966 2244 Graeci
1012 2196 1189 2244 erant.
1243 2186 1306 2243 Hi
1354 2187 1555 2244 etenim
1609 2202 1799 2244 omnes
1849 2198 2205 2244 memoratum

641 2280 893 2335 Israelem
928 2280 1087 2351 pleno
1114 2295 1210 2336 ore
1249 2282 1595 2346 devorantes,
1627 2290 1788 2351 atque
1815 2280 1869 2334 in
1899 2294 2052 2335 suum
2094 2280 2208 2335 ido-

641 2372 868 2430 lolatria:
891 2386 1131 2428 errorem
1150 2373 1488 2442 deﬁcientes,
1520 2390 1578 2430 se
1599 2375 1687 2442 iis,
1716 2374 1808 2444 qui
1838 2382 2024 2429 contra
2051 2390 2208 2429 mon-

641 2475 749 2519 tem
803 2463 935 2519 Sion
973 2464 1344 2536 insurgebant,
1396 2465 1750 2522 auxiliaturos
1777 2479 1843 2520 ac
1888 2466 2207 2523 commilito-

640 2570 738 2611 nes
766 2569 952 2610 eorum
981 2553 1195 2612 futuros
1220 2570 1344 2613 esse
1369 2556 1775 2631 promittebant.

712 2647 876 2704 Vsus.
909 2647 1093 2704 16-15.
1134 2666 1154 2700 ι
1190 2646 1257 2701 Ει
1285 2648 1504 2712 abstulit
1541 2649 1800 2704 Dominus
1825 2648 1892 2703 ab
1918 2648 2084 2713 Israel
2115 2665 2206 2704 ca-

643 2747 826 2806 putet
879 2738 1132 2804 caudam,
1181 2753 1432 2809 magnum
1479 2749 1537 2796 et
1571 2755 1794 2810 parvum
1845 2741 1898 2795 in
1934 2755 2041 2795 una
2084 2742 2206 2806 die,

640 2844 797 2884 senes
821 2838 876 2885 et
907 2845 1000 2885 eos
1026 2829 1117 2901 qui
1155 2833 1361 2885 vultum
1405 2831 1763 2898 admirantur,
1809 2833 1912 2888 hoc
1936 2841 2022 2887 est
2067 2835 2212 2901 prin-

639 2921 877 2989 cipium;
912 2930 966 2977 et
1019 2922 1339 2992 prophetam
1392 2925 1672 2979 docentem
1724 2923 1936 2993 iniqua,
1994 2923 2086 2980 hic
2129 2935 2208 2979 est

641 3011 834 3066 cauda.
871 3030 898 3087 _r
933 3013 1040 3067 Pro
1071 3013 1199 3078 illo,
1239 3032 1258 3064 ι
1292 3014 1527 3068 Abstulit
1560 3015 1820 3071 Dominus
1855 3017 1924 3071 ab
1953 3013 2147 3082 Israel,
2187 3036 2206 3068 ι

642 3104 859 3174 Aquila,
896 3121 917 3157 t
958 3105 1024 3159 Et
1054 3106 1242 3174 perdet
1280 3106 1571 3172 Dominus;
1609 3124 1628 3157 ι
1666 3105 2024 3177 Symmachus
2055 3123 2205 3166 vero.
2235 3136 2277 3192 ο

649 3212 668 3245 ι
710 3193 775 3248 Ει
809 3193 1082 3262 disperdet
1122 3194 1415 3260 Dominus;
1463 3213 1481 3246 ι
1519 3194 1854 3263 Theodotio,
1899 3215 1919 3249 ι
1959 3197 2024 3252 Et
2058 3197 2208 3252 aure-

645 3296 765 3352 ret,
818 3301 838 3337 r
899 3284 953 3339 in
996 3283 1179 3339 futuro
1231 3285 1514 3351 dixerunt;
1570 3287 1726 3358 quasi
1772 3288 1913 3344 Deus
1960 3289 2073 3343 haec
2122 3289 2206 3342 fa-

641 3386 827 3429 cturus
865 3374 966 3428 sit:
1017 3389 1138 3442 qua:
1173 3383 1298 3427 ante
1345 3387 1596 3431 eventum
1643 3377 1928 3446 praedicit,
1966 3387 2024 3432 ut
2057 3377 2209 3432 audi~

647 3475 791 3519 tores
819 3465 885 3519 ad
923 3465 1298 3535 penitentiam
1333 3476 1608 3536 provocet,
1652 3483 1720 3524 ne
1765 3485 1886 3538 qua
1915 3469 2209 3525 commina-

645 3565 731 3611 tur
771 3556 901 3626 ipsis
932 3558 1204 3612 eveniant.
1231 3558 1352 3614 Una
1398 3575 1559 3628 porro
1589 3559 1675 3615 die
1713 3575 1772 3616 se
1814 3562 2067 3631 praedicta
2095 3576 2208 3614 om-

645 3645 756 3711 nia,
795 3659 915 3715 quae
944 3646 1160 3715 quidem
1210 3647 1495 3717 perspicua
1555 3660 1721 3715 sunt,
1771 3650 2041 3705 iacturum
2091 3667 2211 3705 esse

643 3733 795 3801 dicit,
844 3735 896 3789 id
949 3743 1052 3799 est,
1085 3750 1192 3790 uno
1227 3738 1531 3806 eodemque
1568 3749 1828 3809 tempore.
1870 3739 2005 3795 Cum
2032 3751 2207 3795 autem

644 3825 773 3879 dicit
814 3835 973 3895 caput
1019 3837 1074 3881 et
1111 3827 1338 3882 caudam
1363 3868 1379 3895 ,
1426 3829 1645 3902 brutum
1677 3830 1883 3884 animal
1913 3831 2206 3902 signiﬁcat;

644 3916 697 3971 id
727 3917 924 3986 quippe
959 3933 1065 3973 non
1107 3918 1388 3974 hominum
1418 3899 1697 3990 proprium
1745 3931 1849 3988 est,
1898 3899 2039 3991 quod
2082 3939 2210 3978 cau-

647 4008 768 4061 dam
825 4009 1079 4074 habeant,
1129 4011 1224 4066 sed
1276 4012 1557 4067 hrutorum
1605 4012 1960 4067 animalium:
2011 4013 2211 4083 quibus

647 4098 900 4168 populum
949 4101 1179 4156 similem
1232 4117 1352 4158 esse
1397 4103 1567 4156 dicit:
1628 4105 1712 4159 vel
1770 4115 1934 4175 caput
1980 4115 2034 4160 et
2079 4121 2210 4160 cau-

647 4191 799 4253 dam,
837 4189 1216 4247 rationabilem
1258 4202 1313 4246 et
1368 4192 1829 4260 irrationabilem;
1879 4195 2207 4265 principem,

646 4281 919 4336 subditum
966 4290 1022 4337 et
1056 4282 1302 4337 ultimum
1341 4292 1535 4339 vocat:
1578 4285 1723 4354 quod
1771 4286 1932 4341 etiam
1989 4287 2071 4343 sic
2113 4287 2210 4343 de-

647 4371 880 4425 claravit
915 4373 1122 4439 dicens,
1165 4390 1186 4424 t
1222 4388 1478 4443 magnum
1525 4384 1579 4430 et
1618 4391 1863 4446 parvum.
1900 4396 1919 4430 ι
1957 4377 2062 4433 Pro
2094 4381 2207 4443 illo,

2307 1901 2385 1973 τῷ
2417 1900 2652 1955 ἐνταῦθα
2683 1897 2980 1970 τιμωμένῳ
3004 1937 3020 1962 ,
3045 1895 3420 1953 διασκεδάσειν
3451 1894 3846 1964 ἐπαγγέλλεται
3867 1911 3878 1922 ο

2307 1988 2381 2047 ὧν
2435 1994 2487 2046 oi
2547 1991 2647 2063 μὲν
2692 1986 2833 2062 ἦσαν
2885 1986 3192 2045 ἀνατολικοί
3219 2004 3384 2052 τινες,
3419 1990 3467 2044 οι
3501 1987 3558 2040 δὲ
3609 1986 3700 2055 ἀφ’
3730 1985 3894 2056 ἡλίου,

2310 2085 2552 2157 δυσμῶν,
2589 2084 2747 2154 μέσοι
2771 2082 2829 2136 δὲ
2853 2079 3060 2134 τούτων
3098 2081 3149 2134 οἱ
3183 2079 3462 2151 Ἕλληνες.
3527 2079 3734 2142 Πάντες
3773 2077 3904 2148 γὰρ.

2306 2172 2580 2242 οὗτοι,τδν
2613 2173 2978 2246 προλεχθέντα
3005 2171 3224 2245 Ἰσραὴλ
3250 2171 3358 2242 ὅλῳ
3400 2170 3478 2242 τῷ
3502 2171 3729 2242 στόματι
3755 2187 3888 2223 κατ-

2310 2270 2584 2333 εσθίοντες
2617 2268 2714 2321 καὶ
2743 2265 3175 2330 καταϐάλλοντες
3200 2265 3294 2318 ἐπὶ
3325 2264 3424 2334 τὴν
3475 2263 3576 2333 τῆς
3603 2261 3889 2316 εἰδωλολα-

2306 2381 2401 2435 τρε
2411 2363 2494 2426 ίας
2521 2360 2730 2417 ἑαυτῶν
2756 2361 2986 2432 πλάνην.
3021 2359 3235 2431 βοηθεῖν
3263 2358 3361 2412 καὶ
3387 2359 3693 2430 συμμαχεῖν
3715 2358 3890 2429 ἐπηγ-

2306 2453 2556 2522 γέλλοντο
2637 2454 2750 2516 τοῖς
2823 2448 3278 2520 ὲπανισταμένοις
3341 2447 3485 2503 κατά
3557 2445 3653 2501 τοῦ
3726 2446 3894 2519 δρους

2306 2544 2463 2599 Σιών.

2385 2655 2402 2687 ι
2441 2636 2552 2691 Καὶ
2601 2635 2789 2705 ἀφεῖλε
2819 2631 3025 2705 Κύριος
3066 2631 3174 2685 ἀπὸ
3219 2630 3436 2703 Ἰσραὴλ
3489 2629 3730 2702 κεφαλὴν
3787 2629 3895 2691 καὶ

2309 2729 2496 2800 οὐρὰν,
2543 2727 2716 2798 μέγαν
2739 2726 2832 2779 καὶ
2868 2725 3062 2797 μικρὸν
3096 2728 3154 2777 ὲν
3181 2725 3280 2794 μιᾷ
3311 2724 3516 2796 ἡμέρᾳ,
3575 2722 3890 2794 πρεσϐύτην

2310 2821 2557 2883 καὶτοὺς
2609 2818 2679 2872 τά
2725 2817 2995 2889 πρόσωπα
3036 2814 3434 2886 θαυμάζοντας,
3480 2813 3617 2887 αὕτη
3654 2814 3885 2886 ήάρχήο

2311 2911 2404 2963 καὶ
2447 2909 2732 2980 προφήτην
2779 2906 3092 2983 διδάσκοντα
3145 2905 3355 2977 ἄνομα,
3390 2898 3546 2970 οὗτος
3591 2908 3625 2978 ἡ
3667 2906 3822 2978 οὐρά.
3861 2925 3885 2959 ο

2325 3003 2467 3056 Ἀντί
2517 3000 2700 3071 μέντοι
2745 2998 2862 3066 τοῦ,
2903 3016 2922 3050 ι
2945 2997 3154 3074 ’ᾼφεῐλε
3187 2997 3391 3070 Κύριος
3432 2997 3541 3052 ἀπὸ
3583 2997 3831 3069 Ἰσραὴλ,
3862 3016 3884 3050 ι

2310 3097 2338 3147 6
2367 3095 2464 3164 μὲν
2509 3093 2760 3155 Ἀκύλας,
2797 3112 2814 3143 ι
2836 3092 2932 3147 xa't
2956 3090 3264 3164 όλοθρεύσει
3288 3090 3524 3160 Κύριοςο
3551 3110 3569 3142 ι
3604 3093 3632 3145 6
3661 3090 3718 3143 δὲ
3750 3089 3892 3162 Σύμ-

2313 3204 2505 3257 μαχος,
2561 3203 2579 3235 ι
2621 3185 2731 3240 Καὶ
2789 3182 3158 3256 ὲξολοθρεύσει
3207 3181 3442 3254 Κύριον
3483 3202 3504 3236 ι
3559 3183 3588 3235 6
3617 3181 3890 3237 δὲΘεοδο-

2307 3278 2456 3341 τίων,
2481 3297 2499 3329 t
2525 3278 2635 3330 Καὶ
2658 3276 2870 3346 ἀφελεῖ,
2899 3295 2918 3328 ι
2956 3274 3291 3348 μελλητικῶς
3307 3277 3619 3346 εἰρήκασινι·
3647 3274 3728 3338 ῶς
3761 3273 3890 3345 μέλ-

2306 3368 2490 3432 λοντος
2526 3367 2699 3422 ταῦτα
2749 3368 2996 3439 ποιήσειν
3028 3367 3120 3421 τοῦ
3165 3366 3300 3420 Θεοῦ
3324 3384 3337 3397 ·
3372 3367 3409 3421 ἃ.
3459 3368 3589 3439 πρὶν
3633 3365 3894 3435 γενέσθαι,

2308 3460 2582 3530 προλέγει,
2609 3460 2958 3529 ἐπιστρέφων
2987 3462 3067 3524 είς
3101 3461 3386 3532 μετάνοιαν
3415 3461 3541 3524 τοὺς
3594 3460 3887 3532 ἀκροωμέ-

2306 3571 2447 3619 νους,
2473 3553 2547 3617 ὡς
2576 3553 2643 3610 ἂν
2689 3553 2763 3628 μὴ
2791 3553 3017 3607 πάθοιεν
3039 3554 3107 3607 τὰ
3131 3554 3497 3625 ἀπειλούμενα
3577 3553 3666 3606 Ἐν
3699 3553 3889 3625 ἡμέρᾳ

2306 3645 2363 3697 δὲ
2397 3646 2494 3715 μιᾷ
2528 3662 2659 3717 φησι
2708 3645 2885 3700 πάντα
2943 3646 3193 3714 ποιήσειν
3232 3645 3304 3700 τὰ
3337 3645 3704 3718 προλεχθέντα
3734 3646 3889 3717 σαφῆ

2306 3734 2641 3802 τυγχάνοντα
2661 3751 2674 3765 ·
2704 3735 2979 3790 τουτέστιν
3006 3734 3093 3804 ὑφ’
3124 3735 3218 3788 ἕνα
3244 3737 3337 3788 καὶ
3364 3736 3454 3790 τὸν
3474 3734 3636 3789 αὐτὸν
3671 3736 3886 3805 καιρόν.

2307 3827 2563 3896 Κεφαλήν
2591 3826 2647 3880 δὲ
2674 3828 2766 3880 καὶ
2807 3829 2971 3898 οὐρὰν
3003 3828 3173 3883 εἰπὼν
3191 3867 3206 3890 ,
3235 3828 3453 3899 ᾐνίξατο
3485 3828 3623 3894 ζῶον
3649 3830 3841 3898 ἄλογον
3868 3845 3882 3860 ·

2307 3919 2368 3970 ού
2399 3919 2506 3986 γάρ
2531 3918 2831 3990 ἀνθρώπων
2864 3919 3011 3983 ἴδιον,
3041 3919 3179 3974 ἀλλά
3206 3921 3359 3986 ζώων
3387 3921 3593 3990 ἀλόγων
3624 3923 3683 3974 τὸ
3713 3921 3890 3992 οὐρὰν

2306 4009 2448 4078 ἔχειν
2474 4028 2487 4040 ο
2517 4005 2599 4074 οἷς
2645 4011 2735 4086 τὸν
2785 4010 2912 4065 λαὸν
2960 4013 3352 4082 ἀφωμοίωσενο
3409 4013 3442 4083 ἢ
3498 4012 3737 4086 κεφαλὴν
3785 4013 3891 4072 καὶ

2306 4103 2493 4172 οὐρὰν,
2515 4103 2607 4156 τὸν
2636 4080 2850 4172 λογικὸν
2887 4105 3064 4158 καὶτὸ
3088 4080 3304 4174 ἀλογον,
3333 4105 3367 4177 ἢ
3402 4080 3492 4160 τον
3517 4080 3749 4178 ἄρχοντα
3783 4107 3885 4161 καὶ

2305 4194 2397 4247 τὸν
2442 4195 2759 4267 ἀρχόμενον,
2791 4195 2886 4249 καὶ
2919 4195 3179 4265 ἔσχατον⁸
3204 4195 3233 4249 ὃ
3292 4196 3356 4268 δὴ
3415 4199 3508 4252 καὶ
3557 4197 3890 4269 διεσάφησεν

2307 4285 2494 4350 εἰπὼν,
2535 4305 2554 4337 t
2593 4288 2765 4360 μέγαν
2813 4289 2907 4340 καὶ
2945 4288 3160 4359 μικρόν.
3194 4307 3212 4340 ι
3278 4288 3408 4343 Ani.
3439 4288 3496 4340 δὲ
3523 4288 3642 4353 τοῦ,
3704 4307 3723 4339 ι
3749 4289 3882 4354 τοὺς

2306 4377 2373 4432 τά
2391 4378 2654 4451 πρόσωπα
2689 4378 3088 4450 θαυμάζοντας,
3124 4399 3143 4432 ι
3185 4381 3214 4434 6
3247 4380 3561 4451 Σύμμαχος,
3599 4400 3618 4432 t
3651 4381 3744 4434 καὶ
3786 4382 3880 4433 αἱ-

650 4481 671 4514 (
715 4463 805 4531 qui
845 4463 1024 4519 vultus
1078 4465 1444 4531 admirantur,
1485 4485 1504 4517 ι
1540 4467 1918 4538 Symmachus,
1966 4486 1984 4520 t
2027 4477 2080 4523 et
2117 4485 2206 4524 ve-

2306 4469 2542 4540 δέσιμον,
2570 4489 2588 4522 ι
2619 4471 2946 4542 ἡρμήνευσε.
2973 4473 3083 4525 Καὶ
3110 4466 3262 4534 οὗτος
3287 4468 3380 4525 οὖν
3409 4474 3439 4525 6
3476 4472 3753 4544 αἰδέσιμος
3781 4475 3880 4527 καὶ

652 4554 980 4619 nerahilem,
1027 4573 1047 4611 ι
1087 4555 1480 4626 interpretatus
1516 4568 1619 4612 est.
1674 4558 1773 4612 llic
1811 4574 1939 4629 ergo
1986 4575 2208 4616 venera-

651 4643 775 4698 bilis
805 4653 857 4698 et
885 4659 1072 4711 senex,
1104 4657 1264 4715 caput
1300 4661 1423 4703 esse
1463 4656 1671 4716 potest;
1705 4650 1874 4702 cauda
1928 4663 2057 4704 vero
2085 4666 2210 4720 pro-

649 4733 807 4802 pheta
843 4734 936 4804 qui
986 4734 1173 4806 iniqua
1221 4735 1400 4803 docet,
1444 4738 1537 4808 qui
1571 4737 1724 4807 quasi
1779 4739 1924 4793 bruti
1962 4740 2212 4796 animalis

650 4828 894 4882 ultimum
932 4831 1233 4887 membrum
1284 4841 1383 4888 est.
1423 4831 1530 4887 Hos
1575 4834 1740 4901 igitur
1776 4835 1845 4889 de
1899 4837 2076 4891 medio
2121 4838 2214 4891 tol-

649 4915 865 4982 lendos,
921 4927 1085 4988 atque
1152 4933 1260 4974 uno
1325 4927 1566 4987 tempore
1609 4923 2052 4979 exterminandos
2092 4939 2212 4983 esse

650 5007 1043 5064 interminatur.

722 5096 884 5154 Vsns.
908 5100 994 5156 l8.
1032 5120 1050 5152 t
1091 5100 1158 5156 Et
1184 5107 1541 5162 succendetur
1566 5106 1718 5176 quasi
1741 5107 1879 5176 ignis
1903 5107 2162 5178 iniquitas
2191 5128 2206 5163 :-

648 5199 702 5243 ct
729 5193 882 5259 quasi
931 5208 1152 5263 gramen
1199 5195 1402 5251 siccum
1458 5198 1806 5253 devorabitur
1847 5200 1914 5255 ab
1967 5201 2108 5268 igne.
2143 5199 2208 5253 Et

649 5279 1001 5337 succendetur
1017 5284 1069 5337 in
1090 5284 1237 5341 densi
1246 5287 1440 5344 tatibus
1462 5288 1652 5354 saltus,
1665 5297 1718 5343 et
1733 5289 2010 5345 devorabit
2025 5290 2205 5344 omnia

652 5387 770 5438 qua
802 5371 1004 5428 circum
1028 5374 1190 5430 colles
1215 5387 1360 5433 sunt.
1404 5397 1424 5432 ι
1462 5381 1533 5435 Se
1575 5389 1633 5433 ut
1665 5382 1863 5436 bonum
1896 5382 2201 5436 animarum

653 5462 961 5533 agricolam,
986 5467 1100 5522 haec
1125 5467 1390 5525 facturum
1409 5487 1530 5528 esse
1547 5474 1902 5530 comminatur
1923 5475 2201 5539 Dominus;

657 5571 714 5608 ιιι
738 5555 991 5620 iniquitas
1021 5574 1207 5616 eorum
1248 5562 1488 5618 deleatur
1525 5565 1696 5618 instar
1723 5565 1902 5622 herba:
1939 5566 2205 5621 silvestris

653 5647 718 5700 ab
744 5646 862 5713 igne
887 5647 1195 5720 absumptae.

732 5737 892 5797 Vatis.
933 5740 1116 5800 lii-‘2].
1157 5761 1174 5796 t
1201 5743 1422 5816 Propter
1447 5747 1678 5803 furorem
1705 5748 1794 5804 ira:
1825 5747 2028 5806 Domini
2059 5766 2206 5806 com-

2301 4562 2330 4613 6
2353 4560 2662 4631 πρεσὸύτης
2688 4562 2910 4616 δύναται
2938 4559 3075 4616 εἶναι.
3113 4565 3147 4634 ἠ
3191 4563 3434 4632 κεφαλή·
3482 4565 3516 4634 ή
3571 4565 3629 4618 δὲ
3665 4564 3798 4635 ούρά
3843 4565 3877 4618 6

2302 4648 2565 4708 διδάσκων
2593 4654 2768 4726 ἄνομα
2798 4656 3103 4726 προφήτης,
3143 4656 3307 4708 οἱονεὶ⁸
3340 4656 3532 4725 ἀλόγου
3555 4654 3692 4720 ζώου
3716 4657 3882 4728 ἐσχα-

2305 4760 2395 4796 τον
2427 4742 2583 4814 μέλος
2612 4744 2891 4816 ὑπάρχων.
2927 4745 3407 4816 ’Δφαιρεθήσεσθαι
3428 4747 3606 4801 τοίνυν
3633 4749 3879 4815 τούτους,

2303 4835 2399 4888 κα)⁸
2430 4835 2974 4908 ὲξολοθρευθήσεσθαι
3001 4839 3090 4909 ὑφ’
3127 4839 3219 4892 ἕνα
3254 4839 3442 4912 καιρὸν
3473 4842 3501 4894 6
3524 4840 3681 4909 λόγος
3713 4841 3878 4895 ἀπει-

2305 4925 2404 4980 λεῖ.
2681 4937 2684 4941 ’

2387 5129 2406 5161 t
2448 5111 2554 5164 Καὶ
2575 5110 2909 5180 καυθήσεται
2938 5109 3013 5173 ὡς
3042 5109 3152 5180 πῦρ
3177 5113 3208 5181 ἠ
3231 5111 3452 5182 ἀνομία,
3482 5113 3573 5164 καὶ
3597 5112 3672 5175 ὠς
3699 5113 3876 5183 ἀγρω-

2312 5218 2428 5264 στις
2466 5201 2604 5274 ξηρά
2644 5201 2979 5272 βρωθήσεται
3019 5203 3124 5255 ὑπὸ
3161 5205 3352 5274 πυρός.
3387 5205 3498 5258 Καὶ
3539 5205 3873 5274 καυθήσεται

2310 5295 2368 5348 ὲν
2397 5299 2509 5360 τοῖς
2537 5295 2723 5357 δάσεσι
2749 5295 2842 5348 τοῦ
2872 5295 3098 5367 δρυμοῦ,
3138 5298 3231 5350 καὶ
3279 5297 3756 5366 συγκαταφάγεται
3803 5299 3876 5354 τὰ

2311 5387 2491 5457 κύκλῳ
2520 5386 2626 5440 τῶν
2665 5385 2865 5456 βουνῶν
2895 5388 3090 5444 πάντα.
3131 5408 3148 5438 ι
3183 5390 3434 5460 Ποιήσειν
3465 5389 3524 5442 δὲ
3570 5388 3760 5452 ταῦτα,
3795 5390 3876 5454 ὡς

2308 5479 2510 5545 ἀγαθὸς
2536 5477 2720 5548 ψυχῶν
2758 5480 3018 5549 γεωργὸς,
3053 5481 3082 5532 6
3113 5479 3315 5551 Κύριος
3347 5479 3588 5533 ἀπειλεῖ·
3630 5481 3715 5534 ἵνα
3744 5484 3777 5552 ή
3813 5482 3874 5536 ὲν

2309 5573 2488 5634 αὐτοῖς
2538 5572 2733 5642 ἀνομία
2777 5571 3047 5644 ἀφανισθῇ
3094 5573 3247 5644 δίκην
3297 5572 3594 5645 ύλομανοῦς
3644 5574 3872 5645 βοτάνης

2311 5661 2412 5713 ὑπὸ
2449 5660 2614 5731 πυρὸς
2649 5660 3097 5731 ἀναλισκομένης.

2387 5766 2404 5799 t
2447 5747 2542 5801 Διὰ
2573 5749 2738 5820 θυμὸν
2770 5750 2934 5820 ὀργῆς
2964 5751 3163 5822 Κυρίου
3197 5752 3616 5822 συγκέκαυταιὴ
3651 5751 3721 5821 γῆ
3752 5751 3876 5822 ὅλη,
