4100 6286
204 319 298 371 157
1169 304 1673 365 COMMENTARIA
1715 301 1778 357 IN
1821 296 2078 354 lSAIAM.
2123 323 2191 335 ——
2228 286 2380 344 CAP.
2426 282 2491 337 Χ.

198 437 284 488 καὶ
335 432 482 485 ἔσται
526 433 554 484 ὁ
601 431 731 492 λαὸς
775 430 851 492 ὼς
902 428 1384 496 κατακεκαυμένος
1433 427 1537 477 ὑπὸ
1581 422 1772 494 πυρός,
1806 425 1852 480 Α
1881 417 2038 467 busta
2075 425 2136 464 cs

201 524 511 596 Ἄνθρωπος
545 523 634 577 τὸν
666 522 897 590 ἀδελφὸν
932 520 1096 573 αὑτοῦ
1130 521 1226 572 οὐκ
1254 519 1483 588 ἐλεήσει·
1519 517 1653 570 ἀλλὰ
1681 517 1774 567 ὲκ-

199 619 362 669 xli-nsi
391 618 472 679 εἰς
499 615 571 668 τὰ
599 613 768 677 δεξιὰ,
799 614 882 665 ὃτι
918 611 1161 665 πεινάσει
1188 613 1280 663 καὶ
1310 611 1542 678 φάγεται
1575 609 1638 660 ἐκ
1668 607 1775 658 τῶν

196 709 518 779 ἀριστερῶν,
572 708 666 759 καὶ
716 708 779 758 ού
829 706 904 776 μὴ
951 703 1236 774 ἐμπλησθῇ
1271 702 1558 772 ἄνθρωπος
1605 699 1776 752 ἔσθων

195 802 288 863 τὰς
321 800 529 870 σάρκας
561 797 655 850 τοῦ
702 797 986 868 βραχίονος
1019 794 1204 847 αὑτοῦ.
1241 795 1478 862 Φάγεται
1511 793 1620 864 γὰρ
1654 793 1775 845 Μα-

197 887 397 955 νασσῆς
429 885 524 938 τοῦ
574 885 832 957 Ἐφραῒμ,
862 885 956 937 καὶ
990 883 1226 954 Ἐφραῒμ
1254 884 1346 936 τοῦ
1375 883 1664 952 Μανασσῆ,
1695 886 1776 936 ὅτι

199 979 312 1047 ᾰμα
339 976 762 1047 πολιορκήσουσι
792 976 882 1028 τὸν
917 974 1138 1027 Ἰούδαν.
1189 975 1311 1027 Ἐπὶ
1351 975 1562 1037 τούτοις
1613 977 1778 1028 πᾶσιν

196 1072 292 1121 οὐκ
326 1070 654 1140 ἀπεστράφη
699 1072 726 1121 ὁ
771 1067 963 1138 θυμὸς,
997 1067 1109 1120 ἀλλ’
1145 1068 1225 1119 ἐτι
1275 1070 1306 1136 η
1349 1069 1468 1138 χεὶρ
1509 1067 1708 1138 ὑψηλή.
1757 1086 1773 1118 ι

206 1163 296 1222 Ὦς
326 1160 698 1229 έπαναστῆναι
738 1159 966 1227 ἀδελφὸν
1012 1156 1253 1228 ἀδελφῷ,
1290 1159 1383 1210 καὶ
1431 1157 1636 1227 μηδένα
1684 1157 1778 1210 τοῦ

199 1253 365 1315 πέλας
397 1251 692 1319 φείσασθαι
718 1269 731 1280 ·
767 1252 977 1313 πάντας
1008 1249 1062 1302 δὲ
1092 1249 1340 1321 ἀλλήλοις
1375 1250 1682 1322 χρήσασθαι
1707 1250 1782 1314 ὡς

197 1346 513 1416 ¹πολεμίους·
561 1344 746 1407 ὼςέίς
786 1340 1040 1396 τοσοῦτον
1085 1343 1298 1396 ἐλάσειν
1337 1343 1782 1414 ἀναφλεγομένην

198 1439 380 1501 αὺτοῖς
427 1437 524 1508 τὴν
565 1436 700 1507 πρὸς
733 1435 984 1504 ἀλλήλοις
1019 1436 1226 1500 στάσιν,
1260 1437 1355 1490 καὶ
1385 1437 1478 1488 τὸν
1516 1437 1783 1507 ἐμφύλιον

199 1530 454 1598 πόλεμον,
483 1529 560 1591 ὡς
587 1529 678 1582 καὶ
711 1529 808 1589 τὰς
830 1527 924 1580 δύο
951 1527 1141 1595 φυλὰς,
1164 1528 1262 1598 τὴν
1288 1527 1383 1581 τοῦ
1421 1529 1659 1600 Ἑφραῒμ
1689 1528 1786 1582 καὶ

198 1619 293 1690 τὴν
313 1617 407 1672 τοῦ
433 1619 723 1689 Μανασσῆ,
751 1616 812 1683 ἐξ
846 1618 963 1680 ἑνὸς
994 1618 1196 1689 πατρὸς
1220 1620 1516 1691 γενομένας
1539 1621 1633 1673 τοῦ
1675 1622 1787 1675 Ἰω-

3361 262 3466 321 158

2141 420 2159 464 ι
2189 407 2443 461 universa
2481 408 2646 456 terra,
2667 401 2721 445 et
2749 389 2857 443 erit
2898 383 3126 455 populus
3155 379 3309 450 quasi
3343 391 3467 432 suc-

1879 520 2074 560 census
2097 504 2163 554 ab
2194 501 2335 568 igne.
2374 493 2544 546 llnmo
2569 484 2756 540 fratris
2783 482 2867 535 sui
2911 492 3018 531 non
3071 471 3419 527 miserebitur
3451 484 3467 522 :

1879 599 1974 652 sed
2009 590 2305 649 declinabit
2335 587 2401 639 ad
2431 585 2737 639 dexteram,
2775 572 2900 642 quia
2935 569 3158 630 esuriet,
3194 574 3249 618 et
3281 575 3464 618 come-

1878 688 1966 740 det
1991 701 2019 740 a
2061 680 2319 742 sinistris,
2354 684 2540 729 etnon
2579 665 2918 723 saturabitur
2965 661 3125 714 homo
3171 653 3466 709 comedens

1879 790 2073 835 carnes
2150 768 2356 826 brachii
2434 764 2537 817 sui.
2613 753 2911 812 Devorabit
2965 751 3113 803 enim
3187 743 3466 800 Manasses

1880 866 2159 939 Epliraim,
2196 875 2252 916 et
2280 856 2540 929 Ephraim
2590 851 2904 909 Manassen,
2945 841 3073 912 quia
3108 835 3268 891 simul
3321 833 3467 888 obsi-

1881 927 2082 1017 debunt
2106 927 2337 1010 ludam.
2369 953 2426 1005 tu
2459 948 2542 1001 liis
2574 941 2827 1000 omnibus
2860 953 2968 991 non
3002 945 3196 988 aversa
3235 938 3319 983 est
3346 927 3426 980 ira
3448 963 3468 988 ,

1882 1055 1973 1107 sed
2008 1053 2184 1104 adhuc
2221 1058 2415 1099 manus
2445 1039 2686 1094 excelsa.
2733 1053 2752 1086 ι
2789 1034 2866 1086 Ita
2907 1039 2966 1084 ut
2998 1027 3246 1094 insurgat
3298 1021 3468 1074 frater

1884 1147 1936 1199 iu
1962 1146 2206 1203 fratrem,
2243 1151 2309 1190 ac
2347 1147 2506 1188 uento
2540 1129 2788 1198 proximo
2820 1138 2919 1179 suo
2969 1127 3160 1188 parcat
3193 1132 3206 1168 :
3243 1125 3468 1167 omnes-

1883 1252 1990 1307 que
2021 1243 2204 1289 mutuo
2237 1235 2403 1298 agant
2426 1234 2484 1279 ut
2520 1220 2758 1282 inimici,
2787 1219 2860 1272 ita
2889 1223 2947 1268 ut
2973 1220 3162 1269 coorta
3191 1217 3246 1262 et
3273 1205 3474 1259 ardens

1888 1303 2030 1381 inter
2082 1331 2343 1389 utrosque
2401 1315 2623 1378 seditio,
2664 1322 2718 1364 et
2751 1307 2914 1364 civile
2975 1303 3176 1360 bellum
3204 1313 3271 1352 eo
3300 1308 3475 1365 usque

1883 1419 2082 1482 veniat,
2112 1425 2172 1468 ut
2193 1415 2311 1467 duae
2339 1409 2443 1463 illze
2483 1405 2655 1460 tribus
2681 1400 2937 1470 prraim
2968 1406 3023 1449 et
3055 1391 3362 1451 Manasses,
3403 1398 3473 1439 ex

1887 1525 1993 1566 uno
2022 1480 2174 1579 patre
2195 1503 2397 1573 Joseph
2419 1492 2676 1562 ortaz,‘§c
2725 1491 2826 1548 sub
2851 1489 3042 1544 eodem
3070 1495 3238 1552 regno
3268 1480 3473 1579 degen-

1890 1615 1990 1664 tes,
2018 1567 2182 1669 atque
2213 1611 2378 1652 unam
2405 1591 2769 1657 eamdemque
2799 1582 2990 1637 urbem
3047 1573 3350 1631 incolentes
3373 1567 3476 1622 Sa-

201 1667 324 1782 σὶἑφ,
369 1713 478 1764 ὑπὸ
511 1710 611 1780 τὴν
653 1661 824 1781 ain-l1;
873 1711 1032 1775 ὂντας
1067 1661 1388 1782 βάσῖλέίανῗ
1416 1661 1544 1783 μίαν
1582 1713 1638 1767 δὲ
1690 1661 1786 1768 Et

1894 1692 2143 1754 inariam,
2169 1699 2358 1744 contra
2395 1700 2455 1738 se
2491 1691 2676 1736 mutuo
2716 1677 3023 1744 insurgaut,
3052 1684 3116 1724 ac
3146 1663 3371 1722 brachia
3393 1661 3477 1715 iu-

2108 1782 2112 1783 ν
2408 1780 2416 1783 -
2477 1776 2508 1783 --
2685 1781 2694 1783 -
2801 1766 2819 1783 ι
2885 1769 2896 1783 ι
2953 1780 2982 1783 κ-
3049 1759 3329 1783 ε..ο.........ι,.
3412 1767 3477 1783 ευ.

200 1806 292 1872 τὴν
320 1804 492 1873 αὐτὴν
542 1802 697 1855 πόλιν
733 1804 1014 1867 οἰκοῦντας
1037 1759 1371 1875 Σῑιμάρειαν,
1399 1759 1786 1876 άλλήλαιςὲπ-

1894 1787 2060 1840 vicem
2089 1782 2372 1845 devorent,
2407 1776 2547 1831 bello
2573 1781 2765 1828 contra
2794 1766 2990 1823 ludam
3049 1759 3353 1822 inierendo,
3411 1767 3480 1808 ae

2418 1868 2428 1876 .
2786 1861 2817 1876 ,_
2862 1874 2875 1876 ᾼ
2906 1865 3163 1876 ,πη-,η
3215 1848 3311 1876 ΜΛ
3341 1862 3477 1876 ML

201 1894 519 1966 αναστῆναι,
549 1896 644 1947 καὶ
669 1896 793 1957 τοὺς
827 1893 1068 1962 ἀλλήλων
1097 1894 1385 1966 βραχίονας
1415 1899 1750 1965 καταφαγεῖν
1769 1915 1781 1925 ·

206 1989 397 2058 μηκέτι
448 1988 550 2058 μὲν
604 1986 960 2057 σχολάζοντας
999 1987 1077 2057 τῷ
1121 1988 1259 2041 κατὰ
1327 1987 1490 2042 Ἰούδα
1544 1990 1782 2059 πολέμῳ,

208 2079 331 2149 μηδὲ
364 2082 434 2150 τῇ
465 2078 756 2149 πολιορκίᾳ⁵
785 2079 886 2148 τῆς
923 2078 1298 2158 Ἰερουσαλὴμ,
1336 2078 1456 2132 καθ’
1492 2080 1698 2132 ἑαυτῶν
1729 2079 1786 2132 δὲ

203 2172 572 2242 ἁκονήσαντας
591 2171 658 2222 τὰ
683 2170 889 2223 ἑαυτῶν
907 2170 1056 2241 ξίφη,
1079 2172 1304 2234 ἑαυτοὺς
1325 2171 1784 2244 διαχειρίσασθαι,

205 2265 291 2317 καὶ
318 2263 380 2328 se
410 2262 718 2334 ἀνθρώπων
744 2263 1024 2329 ἀφανίσαι.

747 2357 1142 2410 ΚΕΦΑΛΑΙΟΝ
1183 2359 1238 2412 l'.

273 2469 291 2500 ι
331 2449 472 2503 Οὐαὶ
511 2451 630 2511 τοῖς
681 2448 954 2519 γράφουσι
994 2449 1278 2519 πονηρίαν·
1328 2449 1632 2519 γράφοντες
1680 2448 1789 2522 γὰρ

207 2543 468 2612 πονηρίαν
532 2540 857 2612 γράφουσινο
907 2539 1248 2604 ἐκκλίνοντες
1295 2542 1475 2612 κρίσιν
1534 2541 1785 2612 πτωχῶν,

209 2631 544 2703 ἁρπάζοντες
575 2631 752 2700 κρῖμα
777 2629 1023 2707 πενήτων
1043 2628 1139 2682 τοῦ
1167 2629 1300 2684 λαοῦ
1333 2647 1456 2700 μου’
1482 2630 1622 2684 ὥστε
1650 2627 1789 2685 εἶναι

207 2722 387 2784 αὐτοῖς
419 2723 600 2792 χήραν
627 2720 707 2783 είς
735 2719 1064 2792 διαρπαγὴν,
1100 2721 1194 2775 καί
1220 2721 1456 2794 ὀρφανὸν
1488 2724 1568 2786 είς
1597 2741 1790 2794 προνος

213 2815 331 2886 μήν.
376 2832 395 2864 ι
443 2812 555 2866 Τοῦ
603 2811 936 2883 καλουμένου
967 2808 1062 2866 οῦν
1117 2814 1352 2887 Ἰσραὴλ,
1386 2816 1530 2885 λέγω
1577 2818 1642 2889 δὴ
1694 2818 1790 2871 τοῦ

212 2905 333 2960 λαοῦ
355 2905 469 2958 τῶν
516 2904 782 2958 Ἰουδαίων
817 2906 874 2957 ὲν
910 2905 1194 2978 Σαμαρείᾳ
1222 2906 1662 2979 βασιλευομένου,
1699 2913 1792 2964 καὶ

208 2997 374 3051 ταῦτα
398 2996 540 3069 πρὸς
563 2999 678 3059 τοῖς
701 2995 989 3067 προτέροις
1019 2999 1047 3049 ό
1068 2997 1260 3069 παρὼν
1282 2998 1437 3068 λόγος
1471 3005 1789 3073 κατηγορεῖ,

209 3091 430 3148 φάσκων
469 3088 667 3150 αὐτοὺς
698 3087 838 3158 πρὸς
871 3085 985 3158 ἔριν
1015 3089 1110 3141 καὶ
1157 3089 1492 3156 φιλονεικίαν
1533 3089 1642 3142 τῶν
1692 3091 1790 3154 τὰς

209 3182 424 3256 άληθείς
466 3179 565 3233 τοῦ
610 3180 746 3234 Θεοῦ
794 3178 1130 3250 προφητείας
1177 3181 1647 3251 παραγραφόντων
1695 3181 1793 3244 τὰς

211 3271 713 3343 ψευδοπροφητείας
735 3269 1066 3323 συντάττειν.
1091 3265 1272 3324 Ἦσαν
1300 3271 1452 3339 γοῦν,
1484 3267 1626 3344 ἦσαν
1660 3273 1793 3344 ψευ-

212 3366 547 3436 δοπροφῆται
593 3364 855 3430 πλεῖστοι,
903 3365 1016 3417 ὅσοι
1063 3365 1122 3417 ὲν
1173 3364 1252 3435 τῷ
1315 3365 1533 3437 Ἰσραὴλ
1576 3368 1794 3422 ἐναντία

214 3458 595 3529 φθεγγόμενοι,
626 3457 718 3510 καὶ
743 3457 962 3510 ἐναντία
991 3456 1294 3528 γράφοντες
1320 3461 1431 3519 τοῖς
1455 3460 1679 3531 ἀληθέσι
1699 3459 1795 3515 τοῦ

213 3549 340 3603 θεοῦ
363 3549 695 3620 προφήταις.
726 3550 790 3601 υἱ
811 3547 866 3601 δὲ
883 3548 1037 3601 αὐτοὶ
1054 3550 1149 3602 καὶ
1170 3550 1493 3620 συγγραφὰς
1517 3551 1798 3610 ἐποιοῦντο

217 3643 581 3715 παρανόμους,
621 3643 718 3696 καὶ
761 3641 943 3713 πάσης
988 3643 1253 3712 πονηρίας
1289 3645 1521 3714 μεστάς’
1561 3645 1798 3718 πένητας

214 3735 459 3806 οἰκτροὺς
485 3733 966 3797 κατεδυνάστευον,
992 3734 1297 3806 βιαζόμενοὶ
1325 3753 1383 3788 τε
1413 3737 1798 3793 ἐπλεονέκτουν

215 3826 612 3897 ἁπεριστάτους
653 3827 922 3897 ὀρφανοὺς
953 3827 1046 3878 καὶ
1090 3827 1286 3896 χήρας.
1333 3827 1620 3892 Τοιούτους
1660 3828 1702 3881 δ’
1733 3829 1798 3883 ἂν

215 3916 384 3982 εἴποις
410 3918 508 3972 καὶ
537 3917 668 3980 τοὺς
694 3917 783 3970 διὰ
826 3916 1114 3988 μοχθηρῶν
1148 3918 1601 3990 συγγραμμάτων
1632 3919 1800 3973 εἰσέτι

218 4011 305 4064 καὶ
329 4010 428 4064 νῦν
451 4008 879 4080 διαστρέφοντας
907 4009 1016 4062 τῶν
1041 4010 1445 4083 ἁκεραιοτέρων
1466 4011 1565 4075 τὰς
1598 4011 1796 4082 ψυχάς.

288 4122 307 4155 ι
352 4102 466 4156 Καὶ
487 4102 544 4153 τί
576 4102 892 4172 ποιήσουσιν
917 4103 976 4155 ὲν
1015 4104 1080 4172 τῇ
1115 4103 1300 4174 ἡμέρᾳ
1327 4103 1426 4175 τῆς
1457 4105 1797 4175 ὲπισκοπῆς;

220 4197 252 4264 ἠ
277 4195 386 4266 γὰρ
417 4194 600 4264 θλίψις
627 4195 757 4264 ὑμῖν
786 4195 1068 4266 πόρρωθεν
1091 4194 1231 4266 ἥξει.
1265 4197 1375 4251 Καὶ
1400 4198 1536 4268 πρὸς
1558 4199 1675 4252 τίνα
1709 4215 1803 4252 κα-

217 4287 552 4356 ταφεύξεσθε
568 4287 664 4340 τοῦ
691 4286 1052 4358 βοηθηθῆναι;
1083 4289 1178 4342 καὶ
1203 4287 1306 4342 ποῦ
1329 4290 1681 4360 καταλείψετε
1704 4289 1802 4363 τὴν

217 4377 369 4444 δόξαν
387 4381 417 4432 ὁ
427 4379 566 4450 μῶν,
588 4378 683 4432 τοῦ
708 4380 782 4450 μὴ
799 4382 1059 4452 ἐμπεσεῖν
1085 4383 1166 4445 είς
1191 4382 1526 4455 ἀπαγωγήν;
1561 4403 1579 4435 ι
1622 4385 1802 4442 Ἀπει-

1886 1876 2154 1932 obsidioni
2183 1868 2593 1937 Hierosolyma,
2613 1879 2718 1917 non
2746 1861 2885 1916 ultra
2905 1865 3186 1916 vacantes,
3215 1848 3312 1906 sed
3338 1862 3479 1902 con-

1890 1982 1973 2025 tra
2004 1986 2063 2024 se
2094 1978 2282 2022 mutuo
2303 1964 2512 2035 gladios
2538 1968 2822 2021 acuentes,
2847 1963 2906 2010 ut
2925 1968 2986 2009 se
3009 1949 3322 2006 vulneribus
3346 1937 3482 1999 c'on~

1887 2063 2074 2118 ﬁciant
2096 2075 2160 2114 ac
2177 2057 2414 2113 deleaut.

2505 2345 2739 2404 CAPUT
2777 2343 2849 2402 X.

1885 2467 1890 2470 '
1965 2462 2128 2515 Vens.
2168 2456 2289 2514 {-2.
2349 2473 2368 2508 ι
2409 2454 2502 2510 Va:
2556 2447 2928 2508 scribentibus
2977 2442 3292 2499 malitiam:
3351 2451 3481 2493 nam

1890 2554 2215 2615 scribentes,
2249 2547 2514 2603 malitiam
2534 2543 2783 2599 scribunt
2810 2558 2823 2594 :
2854 2537 3190 2594 declinantes
3215 2532 3483 2604 judicium

1893 2658 2214 2714 pauperum,
2252 2640 2527 2709 rapientes
2555 2635 2819 2704 judicium
2857 2630 3081 2700 inopum
3115 2624 3300 2696 populi
3326 2622 3480 2689 mei;

1892 2737 1966 2789 ita
1999 2746 2059 2789 ut
2086 2733 2156 2789 sit
2193 2731 2299 2787 illis
2337 2730 2504 2786 vidua
2529 2729 2585 2783 in
2628 2727 2896 2797 rapinam,
2921 2730 2977 2776 et
2997 2719 3279 2788 orphanus
3310 2717 3363 2771 in
3393 2716 3481 2770 di-

1895 2827 2220 2894 reptionem.
2257 2843 2275 2875 ι
2313 2822 2468 2876 lllum
2499 2820 2760 2875 lsraelem
2795 2816 3029 2879 dictum,
3074 2809 3330 2865 videlicet
3383 2803 3482 2862 Ju-

1895 2919 2109 2974 daicum
2137 2915 2392 2987 p0pulum
2441 2926 2608 2983 regno
2652 2905 2923 2964 Samarize
2960 2903 3260 2965 subditum,
3291 2902 3359 2956 de
3398 2900 3489 2955 bis

1895 3013 2046 3074 item,
2087 3018 2282 3080 praeter
2313 3021 2377 3061 ea
2405 3019 2526 3075 quae
2553 3000 2805 3072 superius
2857 3005 3158 3054 memorata
3182 3001 3331 3058 sunt,
3385 3005 3484 3046 ac-

1896 3112 2049 3159 cusat
2081 3101 2389 3169 Scriptura,
2421 3097 2631 3159 dicens,
2658 3108 2753 3147 eos
2776 3093 2845 3147 ob
2861 3088 3263 3146 contentionem
3280 3094 3337 3141 et
3365 3083 3485 3139 dis-

1896 3193 2258 3263 ceptationem
2308 3203 2521 3252 eorum,
2549 3185 2643 3255 qui
2674 3197 2833 3239 veras
2863 3181 2956 3237 Dei
2983 3177 3296 3251 prophetias
3330 3175 3488 3230 adul-

1899 3285 2171 3348 terabant,
2209 3279 2347 3334 falsa
2382 3277 2642 3332 vaticinia
2673 3272 3040 3330 comminisci.
3080 3269 3248 3323 Erant
3274 3269 3482 3336 itaque,

1897 3386 2056 3432 erant
2101 3372 2596 3444 pseudoproplietae
2643 3367 2820 3433 multi,
2871 3368 2924 3419 in
2960 3363 3160 3420 lsraele
3207 3359 3484 3416 contraria

1897 3468 2180 3538 loquentes
2213 3475 2266 3520 et
2289 3463 2565 3519 contraria
2619 3461 2925 3515 scribentes
2975 3457 3063 3521 iis,
3099 3471 3218 3524 qua:
3247 3453 3357 3508 veri
3389 3450 3485 3506 Dei

1899 3559 2175 3629 prophetae
2213 3556 2520 3609 tradebant.
2548 3551 2717 3606 Iidem
2750 3563 2881 3604 vero
2913 3548 3014 3616 ipsi
3039 3545 3242 3614 scripta
3275 3541 3487 3597 nefaria

1899 3651 2154 3714 edebant,
2183 3656 2238 3703 et
2261 3646 2413 3702 omni
2459 3643 2816 3714 improbitate
2857 3639 3061 3697 referta
3100 3654 3114 3692 :
3149 3637 3203 3690 in
3253 3637 3491 3690 miseros

1899 3757 2168 3813 pauperes
2203 3739 2538 3794 dominatum
2575 3736 2929 3798 exercebant,
2983 3747 3046 3786 ac
3095 3729 3365 3786 violenter
3390 3743 3487 3783 su-

1902 3832 2178 3902 perbeque
2208 3831 2443 3899 agebant
2471 3829 2522 3881 in
2552 3829 2828 3896 orpliauos
2857 3834 2912 3878 et
2941 3823 3136 3876 viduas
3185 3819 3489 3891 patrocinio

1901 3935 2173 3981 carentes.
2212 3922 2372 3978 Tales
2395 3924 2521 3977 item
2554 3923 2764 3978 dixeris
2787 3936 2900 3986 eos,
2942 3919 3035 3988 qui
3069 3919 3233 3973 hodie
3269 3931 3492 3987 perver-

1902 4020 1977 4074 sis
2007 4017 2226 4086 scriptis
2259 4014 2650 4085 simpliciorum
2682 4013 2894 4066 auimas
2927 4021 3199 4065 evertunt.

1974 4108 2136 4162 Vsus.
2172 4107 2292 4160 5-4.
2334 4123 2354 4157 ι
2393 4104 2458 4160 Et
2478 4105 2606 4174 quid
2632 4104 2837 4158 t‘acieut
2869 4103 2921 4156 in
2977 4103 3064 4156 die
3106 4096 3487 4154 visitationis!

1901 4217 2028 4256 nam
2053 4201 2326 4255 tribulatio
2366 4199 2518 4254 vobis
2550 4213 2579 4252 e
2604 4197 2898 4267 longinquo
2929 4195 3128 4250 veniet.
3156 4193 3221 4247 Et
3243 4193 3309 4247 ad
3335 4192 3489 4263 cujus

1903 4294 2162 4348 auxilium
2215 4291 2580 4361 conl'ugietis?
2613 4288 2671 4344 Et
2732 4288 2822 4342 ubi
2885 4286 3205 4356 relinquetis
3255 4283 3485 4356 gloriam

1901 4399 2159 4452 vestram,
2196 4400 2262 4440 ne
2284 4386 2494 4439 cadatis
2525 4385 2576 4438 in
2601 4378 3020 4437 abiluctionem?
3053 4399 3069 4431 ι
3109 4377 3489 4432 Cumminatur

219 4470 298 4525 λεῖ
320 4469 500 4526 τοίνυν
526 4472 756 4535 ἐκείνοις
780 4473 806 4524 ὁ
829 4473 1168 4544 προφητικὸς
1189 4474 1346 4543 λόγος
1373 4475 1614 4545 φάσκων
1643 4500 1661 4528 ι
1687 4477 1791 4531 Καὶ

1904 4495 2034 4551 ergo
2070 4479 2138 4532 iis
2165 4478 2515 4548 propheticus
2561 4490 2743 4531 sermo
2793 4475 3024 4528 dicens:
3065 4489 3082 4521 ι
3125 4469 3191 4522 Ει
3218 4468 3348 4537 quid
3403 4466 3487 4521 fa-

218 4564 266 4617 τί
296 4564 614 4635 ποιήσουσιν
646 4563 704 4616 ὲν
732 4567 798 4636 τῇ
830 4565 1014 4636 ἡμέρᾳ
1027 4565 1126 4635 τῆς
1146 4566 1504 4638 ἐπισκοπῆς,›
1526 4568 1648 4622 καθ’
1675 4570 1740 4640 ἢν
1770 4571 1804 4643 η

222 4655 396 4725 θλίψις
425 4657 522 4710 καὶ
552 4656 585 4725 ή
617 4656 758 4709 κατὰ
784 4657 991 4711 τούτοιν
1020 4658 1158 4731 ὀργὴ
1185 4659 1468 4732 πόρρωθεν
1493 4660 1647 4731 seu;
1681 4664 1804 4718 Μα-

224 4748 360 4818 κρὰν
386 4749 502 4820 γὰρ
533 4743 700 4802 οὖσαν
736 4749 904 4821 αὐτην
926 4767 1080 4820 φησι,
1109 4750 1198 4805 διὰ
1229 4752 1292 4803 τὸ
1322 4751 1718 4808 ἀπελαύνεσθαι
1747 4755 1806 4823 ἐξ

222 4839 351 4910 ὲμοῦ
369 4839 467 4893 τοῦ
486 4839 642 4894 Θεοῦ·
657 4841 831 4912 ὑμεῖς,
850 4835 894 4895 ὦ
925 4838 1090 4906 οὗτοι,
1107 4843 1241 4914 πρὸς
1258 4843 1352 4906 οὓς
1369 4845 1538 4900 ταῦτα
1569 4846 1804 4916 λέγεται,

223 4931 408 5002 ὥσπερ
446 4931 754 5003 βιαζόμενοι
796 4934 917 4987 καθ’
951 4935 1159 4988 ἑαυτῶν
1191 4937 1360 5008 αὐτὴν
1393 4939 1798 4993 ὲπεσπάσασθεο

221 5019 286 5094 ἦς
315 5022 672 5096 ἐπελθούσης,
703 5025 792 5078 ἐπὶ
820 5027 940 5081 τίνα
973 5028 1379 5096 καταφεύξεσθε
1399 5029 1494 5084 τοῦ
1528 5031 1800 5103 βοηθηθῆ-

225 5133 338 5180 ut;
395 5134 416 5167 ι
459 5117 583 5169 Ἐπὶ
611 5119 747 5170 πᾶσι
789 5119 1002 5184 τούτοις
1041 5121 1140 5174 οὐκ
1188 5122 1515 5192 ἀπεστράφη
1552 5126 1584 5195 ἡ
1629 5127 1796 5198 ὀργή·

225 5210 334 5262 ἀλλ’
362 5209 448 5261 ἔτι
479 5211 511 5279 ἠ
540 5208 661 5280 χεὶρ
692 5209 894 5282 ὑψηλή.
930 5232 948 5264 ι
993 5213 1389 5285 Ἐπιμενόντων
1416 5215 1524 5288 γὰρ
1555 5220 1666 5281 τοῖς
1700 5221 1800 5272 αὑ-

224 5304 332 5363 τοῖς
368 5301 688 5371 ἀτοπήμασι
714 5301 825 5355 τῶν
857 5303 945 5356 διὰ
974 5305 1067 5357 τοῦ
1099 5306 1256 5374 λόγου
1287 5311 1799 5379 κατηγορουμένων,

227 5388 514 5444 ἀκόλουθον
541 5387 608 5462 ἦν
638 5392 734 5446 καὶ
753 5392 853 5462 τὴν
876 5395 993 5447 κατ’
1018 5396 1199 5451 αὐτῶν
1225 5398 1540 5469 παράμονον
1557 5400 1802 5466 γίνεσθαι

229 5486 410 5558 ὀργήν.

303 5601 320 5632 ι
353 5584 484 5637 Οὐαὶ
529 5584 860 5655 Ἀσσυρίοις,
895 5586 928 5653 ἡ
967 5583 1157 5654 ῥάϐδος
1197 5585 1292 5638 τοῦ
1341 5585 1514 5656 θυμοῦ
1549 5604 1668 5658 μου·
1706 5589 1801 5641 καὶ

234 5675 358 5747 ὀργή
393 5680 540 5732 ἐστιν
566 5681 625 5732 ἐν
652 5681 778 5741 ταῖς
807 5679 993 5747 χερσὶν
1017 5678 1216 5732 αὐτῶν.
1249 5681 1360 5751 Τὴν
1389 5681 1558 5750 ὀργήν
1589 5699 1687 5750 μου
1723 5685 1802 5745 είς

235 5765 368 5832 ἴθ’]’ρς
415 5771 615 5840 ἄνομον
665 5768 974 5831 ἀποστελῶ,
1020 5772 1106 5823 καὶ
1150 5770 1224 5832 Tr?)
1268 5769 1380 5841 λαῷ
1417 5771 1531 5840 Ξίιῷ
1566 5771 1802 5836 συντάξι»

1902 4575 2048 4629 cient
2085 4572 2139 4626 in
2172 4572 2260 4626 die
2286 4570 2638 4636 visitationis,
2675 4588 2693 4622 ι
2723 4584 2830 4639 qua
2863 4565 3142 4621 tribulatio
3173 4574 3227 4617 et
3262 4565 3341 4616 ira
3371 4577 3490 4631 pro-

1904 4665 1989 4720 cul
2025 4665 2154 4735 ipsis
2177 4663 2394 4717 veniet?
2424 4663 2558 4717 Nam
2585 4677 2707 4716 cum
2738 4675 2801 4715 ea
2847 4658 3036 4729 procul
3067 4656 3319 4720 exsistat,
3363 4654 3488 4722 quia

1906 4759 2021 4825 ipsa
2056 4773 2086 4811 a
2116 4773 2202 4811 me
2231 4756 2342 4811 Deo
2371 4757 2649 4810 eliminata
2683 4762 2804 4819 est;
2831 4768 2929 4807 vos
2963 4765 3115 4817 sane,
3149 4748 3350 4820 quibus
3374 4748 3492 4802 haec

1906 4852 2183 4916 tlicttnlur,
2213 4849 2367 4920 quasi
2407 4850 2454 4902 vi
2497 4857 2716 4902 utentes
2758 4854 2953 4901 contra
2985 4858 3080 4898 vos
3139 4845 3308 4910 ipsos,
3366 4855 3488 4892 eam

1907 4944 2246 4998 attraxistis:
2287 4957 2393 5012 qua
2428 4939 2871 5012 superveniente,
2917 4936 2986 4992 ad
3031 4935 3190 5006 cujus
3227 4932 3491 4991 auxilium

1907 5035 2278 5107 confugiens?
2312 5053 2331 5087 ι
2366 5035 2541 5104 Super
2592 5035 2676 5090 his
2724 5031 2976 5086 omnibus
3012 5044 3118 5085 non
3155 5040 3353 5082 aversa
3406 5031 3493 5077 est

1908 5130 2027 5192 ira;
2056 5130 2150 5184 sed
2178 5129 2356 5183 adhuc
2381 5142 2571 5182 manus
2603 5126 2837 5182 excelsa.
2865 5145 2882 5176 ι
2903 5124 3037 5179 Nam
3068 5122 3134 5176 iis
3151 5120 3242 5189 qui
3267 5121 3318 5172 in
3350 5132 3491 5187 prm-

1909 5221 2047 5275 scuti
2078 5230 2429 5283 accusantur,
2460 5222 2647 5275 eadem
2674 5219 2727 5273 in
2759 5217 3099 5273 absurditate
3127 5211 3492 5285 permanenti-

1915 5313 2035 5378 bus,
2056 5327 2400 5383 consequens
2421 5321 2561 5374 erat,
2599 5321 2658 5364 ut
2689 5312 2769 5366 ira
2796 5323 3013 5381 quoque
3050 5315 3417 5379 permaneret.

1981 5585 2146 5640 Vens.
2172 5585 2288 5642 5-6.
2320 5606 2338 5638 ι
2375 5587 2467 5642 Vae
2492 5587 2757 5657 Assyriis,
2795 5585 2960 5655 virgae
3013 5583 3214 5638 furoris
3250 5581 3352 5636 mei
3389 5600 3401 5635 :
3435 5591 3490 5635 et

1913 5682 1994 5735 ira
2031 5692 2116 5734 cst
2152 5682 2203 5735 in
2238 5680 2484 5736 manibus
2517 5695 2726 5734 corum.
2763 5678 2902 5730 Iram
2959 5691 3133 5730 meam
3169 5675 3221 5728 in
3271 5684 3487 5743 gentem

1918 5771 2155 5841 iniquam
2185 5771 2414 5836 mittam,
2443 5779 2488 5826 et
2523 5769 2715 5837 populo
2755 5783 2873 5824 lIICO
2903 5767 3212 5835 praecipiam
3244 5774 3300 5819 ut
3326 5763 3488 5819 faciat
