4100 6286
659 333 758 392 ίὸθ

1314 326 1583 386 EUSEBII
1619 326 2099 386 cmsamensxs
2133 327 2283 386 opp.
2325 289 2506 385 PARS
2543 327 2633 384 Ill.
2674 359 2742 371 -
2781 320 3190 381 ειεοετιολ.

3789 310 3905 368 100

653 455 823 526 spolia
855 465 911 508 et
933 453 1425 523 depopulationem,
1455 464 1508 508 et
1537 455 1823 510 conculcet
1862 455 2130 520 civitates,
2157 462 2214 510 et

2318 455 2543 525 ποιῆσαι
2587 451 2759 508 σκῦλα
2799 451 2892 504 καὶ
2930 444 3228 519 προνομὴν,
3278 440 3372 495 καὶ
3411 437 3749 493 καταπατεῖν
3791 435 3904 498 τὰς

652 555 923 614 ponateas
950 544 1002 598 in
1028 548 1324 612 pulverem.
1357 562 1375 594 ι
1408 545 1484 596 Ad
1511 545 1624 597 haec
1649 559 1816 613 usque
1850 544 2218 613 perseveravit

652 635 928 689 accusatio
951 622 1169 704 populi;
1207 645 1537 705 postquam,
1583 645 1978 704 consequenter
2009 636 2076 689 ad
2117 635 2218 689 mi-

652 741 748 778 nas
782 741 810 778 a
844 727 1127 796 prophetia
1162 727 1488 790 enuntialas,
1525 741 1628 780 non
1661 726 1754 780 diu
1781 727 1985 797 Assyrii
2013 727 2213 780 irrum-

652 825 842 884 pentes
875 815 1171 872 Samariam
1197 817 1463 879 obsident,
1489 827 1542 871 et
1572 827 1738 872 totam
1775 819 2008 886 ipsorum
2041 819 2218 887 regio-

655 922 776 960 nem
805 907 1220 976 depopulantur,
1256 923 1558 978 novemqne
1580 908 1816 964 Judaicm
1839 910 2016 978 gentis
2044 910 2218 965 tribus

656 998 710 1052 in
743 997 1082 1069 Assyriorum
1103 1006 1301 1052 terram
1327 1001 1565 1067 captivas
1588 1000 1881 1054 abducunt.
1909 1000 2037 1055 Post
2059 1014 2218 1054 enar—

656 1099 824 1145 ratam
854 1106 980 1159 ergo
1006 1091 1187 1159 populi
1219 1092 1382 1145 Israel
1419 1092 1545 1146 dicti
1590 1091 1978 1160 captivitatem,
2022 1093 2088 1145 ad
2123 1107 2217 1146 eos

654 1182 746 1249 qui
770 1181 822 1236 in
845 1180 1208 1250 captivitatem
1223 1181 1556 1236 abduxerant
1578 1197 1754 1238 sermo
1778 1182 2125 1238 transfertur.
2151 1183 2216 1238 Hi

654 1287 823 1342 porro.
842 1283 999 1326 erant
1025 1274 1254 1344 Assyrii,
1296 1273 1491 1342 quibus
1524 1274 1638 1328 haec
1676 1276 1958 1344 prasentia
1987 1277 2217 1331 commi-

654 1371 833 1418 natur.
859 1363 1010 1430 Quod
1041 1376 1240 1428 autem,
1275 1379 1396 1418 cum
1437 1365 1550 1419 haec
1607 1366 1941 1430 dicerentur,
1972 1368 2084 1437 jam
2128 1383 2220 1437 po-

652 1455 809 1524 pulus
837 1455 904 1510 ab
926 1457 1165 1528 Assyriis
1186 1456 1477 1540 translatus
1493 1466 1545 1512 et
1573 1457 1821 1512 Samaria
1846 1460 2067 1514 obsessa
2088 1459 2218 1514 fuis-

653 1554 757 1608 set,
805 1545 929 1600 hinc
970 1546 1152 1617 palam
1193 1553 1296 1612 est,
1346 1545 1488 1616 quod
1517 1548 1713 1602 ibidem
1746 1564 1811 1602 ex
1867 1550 2213 1620 Assyriorum

564 1622 565 1625 A
652 1639 796 1706 regis
824 1653 1055 1706 persona
1102 1638 1330 1704 dicatur,
1378 1656 1397 1690 ι
1427 1637 1556 1708 Cepi
1595 1639 1878 1704 Arabiam,
1919 1652 1974 1694 et
2023 1640 2216 1695 Dama-

660 1741 815 1782 scum
865 1736 917 1782 et
971 1727 1794 1799 Samariamzquemadmodum
1850 1731 1989 1798 illas,
2038 1733 2118 1787 sic
2163 1741 2217 1787 et

2319 547 2525 611 πόλεις,
2555 539 2648 598 καὶ
2676 543 2847 597 θεῖναι
2879 539 3050 601 αὐτὰς
3081 538 3160 599 εἰς
3194 533 3484 604 κονιορτόν.
3519 550 3538 581 ι
3575 529 3752 599 Μέχρι
3783 528 3907 599 γὰρ

2317 635 2424 689 τῶν
2454 635 2866 707 προειρημένων
2893 631 3022 699 ἐστη
3044 627 3111 681 τά
3139 622 3238 696 τῆς
3259 623 3352 678 τοῦ
3374 619 3503 675 λαοῦ
3525 619 3862 693 κατηγορίας
3881 657 3904 685 ,

2321 725 2439 794 μεθ’
2479 725 2545 797 ἠν
2575 722 2884 785 ἀκολούθως
2909 723 3022 783 τοῖς
3054 717 3144 771 διὰ
3169 717 3267 786 τῆς
3301 712 3634 786 προφητείας
3662 708 3904 782 ἠπειληο

2322 817 2522 888 μένοις,
2557 818 2658 872 οῦκ
2685 818 2764 881 είς
2792 813 3009 887 μακρὰν
3038 807 3318 882 πόρρωθεν
3340 805 3656 879 ἐπιστάντες
3701 801 3905 855 Ἀσσύ-

2323 923 2447 977 ριοι,
2483 906 2830 978 πολιορκοῦσι
2855 905 2954 976 τὴν
2981 903 3312 973 Σαμάρειαν,
3342 898 3436 952 καλ⁸
3467 899 3645 950 πᾶσαν
3671 895 3769 964 τὴν
3792 892 3906 964 χὼ-

2323 1014 2434 1070 ραν,
2463 996 2641 1050 αὐτῶν
2673 995 2910 1071 δῃοῦσιν,
2951 993 3077 1056 ὅλας
3111 1009 3169 1044 τε
3213 989 3370 1044 ἐννέα
3414 988 3586 1060 φυλὰς
3619 986 3712 1040 τοῦ
3756 988 3901 1040 ’1ου-

2317 1087 2480 1141 δαίων
2525 1088 2708 1149 ἐθνους
2758 1083 3133 1157 αἰχμαλώτους
3180 1082 3260 1144 είς
3297 1080 3397 1150 τὴν
3454 1077 3749 1149 Ἀσσυρίων
3785 1079 3904 1130 άπ-

2320 1179 2529 1248 άγουσι.
2555 1177 2708 1232 Μετὰ
2729 1175 2821 1231 οὖν
2845 1177 2944 1248 τὴν
2963 1174 3056 1228 τοῦ
3072 1172 3201 1226 λαοῦ
3221 1169 3315 1226 τοῦ
3332 1171 3663 1242 καλουμένου
3680 1167 3903 1241 Ἰσραὴλ

2317 1269 2690 1340 αἰχμαλωσίαν
2737 1269 2765 1321 ό
2796 1268 2951 1336 λόγος
2985 1263 3295 1336 μεταϐαίνει
3337 1263 3432 1315 ἐπὶ
3462 1262 3588 1324 τοὺς
3617 1261 3905 1331 αἰχμαλω-

2317 1364 2633 1426 τεύσαντας.
2663 1357 2844 1415 Ἦσαν
2866 1360 2923 1414 δὲ
2946 1353 3089 1414 οὗτοι
3135 1357 3431 1428 Ἀσσύριοι,
3472 1350 3553 1418 οἷς
3572 1353 3640 1407 τὰ
3669 1350 3904 1425 προκεί-

2321 1471 2456 1523 μενα
2487 1453 2716 1508 ἀπειλεῖ.
2749 1453 2871 1506 Ὅτι
2900 1451 2956 1504 δὲ
2983 1451 3199 1521 άπῆκτο
3221 1448 3326 1502 ὑπὸ
3366 1447 3666 1518 Ἀσσυρίων
3694 1446 3722 1498 ό
3742 1442 3898 1507 λαδς.

2318 1547 2412 1599 καὶ
2443 1545 2843 1618 πεπολίορκητο
2876 1545 2908 1615 ή
2954 1542 3257 1614 Σαμάρεια,
3289 1540 3380 1593 ὅτε
3407 1536 3478 1591 τά
3522 1537 3658 1598 μειά
3703 1537 3902 1606 χεῖρας

2318 1637 2553 1707 ἐλέγετο,
2582 1638 2738 1709 δῆλον
2775 1636 3031 1707 τυγχάνει
3075 1637 3140 1688 ἐκ
3180 1631 3275 1686 τοῦ
3320 1630 3575 1699 λέγεσθαι
3605 1631 3662 1682 ἐν
3709 1627 3915 1691 αὐτοῖς¹

2317 1730 2382 1783 ἐκ
2416 1727 2707 1801 προσώπου
2745 1728 2837 1781 τοῦ
2868 1727 2976 1782 τῶν
3019 1724 3315 1796 Ἀσσυρίων
3345 1721 3639 1792 βασιλέως·
3673 1737 3692 1771 ί
3729 1718 3913 1772 Ἔλα-

650 1831 840 1873 omnes
889 1819 1220 1888 principatus
1266 1821 1508 1888 capiam;
1550 1838 1570 1873 ι
1596 1835 1664 1876 ac
1700 1836 1930 1887 rursum,
1960 1840 1980 1874 ι
2019 1822 2214 1889 Quem-

2320 1821 2412 1875 ϐον
2450 1821 2710 1893 Ἀραϐίαν
2738 1823 2832 1878 καὶ
2868 1817 3155 1891 Δαμασκὸν
3184 1817 3278 1870 καὶ
3302 1815 3612 1888 Σαμάρειαν
3635 1831 3649 1844 ο
3679 1813 3737 1866 ὃν
3767 1812 3905 1883 τρό-

649 1906 938 1962 adntodum
1002 1906 1105 1963 feci
1166 1909 1444 1971 Samaria),
1489 1919 1544 1964 et
1590 1910 1842 1966 omnibus
1889 1915 2215 1986 manufactis

649 1987 792 2065 ejus,
820 1999 897 2053 sic
920 1999 1111 2054 faciam
1144 1999 1514 2072 Jerosolymae.
1559 2021 1578 2054 ι
1611 2001 1780 2056 Docet
1804 2012 1987 2059 autem
2043 2006 2216 2061 histo-

653 2089 733 2142 ria
766 2089 818 2142 in
850 2090 1038 2144 diebus
1065 2092 1245 2145 Achaz
1278 2093 1589 2148 ascendisse
1641 2108 1825 2164 regem
1869 2095 2211 2166 Assyriorum

651 2181 976 2244 Samariam,
1005 2193 1058 2238 et
1085 2182 1360 2238 obsedisse
1392 2184 1537 2238 illam
1561 2203 1573 2238 :
1602 2200 1665 2240 ac
1691 2196 1820 2240 tunc
1849 2187 2066 2254 quidem
2091 2203 2216 2257 par-

646 2277 756 2325 tem
795 2272 973 2341 populi
1000 2267 1264 2343 captivam
1297 2275 1555 2331 duxisse:
1605 2278 1704 2333 sub
1748 2277 1980 2333 Ezechia
2032 2289 2213 2334 autem

645 2361 847 2420 Acbazi
871 2379 1189 2421 successore
1223 2365 1536 2422 universum
1570 2366 1826 2440 pepulum
1869 2368 2214 2426 transtulisse

647 2453 703 2514 in
732 2453 1004 2529 Assyrios.

715 2725 884 2785 Vna.
927 2728 1043 2784 7-9.
1079 2745 1098 2781 ι
1132 2728 1453 2798 lpse'autem
1499 2743 1604 2783 non
1654 2729 1734 2783 sic
1762 2732 2047 2800 cogitavit,
2077 2741 2131 2788 et
2159 2732 2212 2787 in

646 2822 824 2876 anima
853 2835 958 2874 non
993 2820 1072 2874 sic
1096 2818 1391 2874 arbitratus
1420 2828 1504 2874 est
1527 2836 1542 2885 ;
1566 2821 1659 2874 sed
1687 2832 1892 2877 avertet
1915 2837 2069 2880 mens
2097 2823 2214 2891 ejus

651 2912 719 2968 ad
752 2920 939 2983 gentes
972 2910 1414 2966 exterminandas
1468 2927 1572 2966 non
1623 2927 1846 2982 paucas.
1876 2915 1940 2969 Et
1970 2915 2012 2970 si
2056 2917 2212 2970 dixe-

646 3004 759 3059 rint
791 3003 863 3067 ei,
900 3001 978 3058 Tu
1022 3004 1171 3058 solus
1203 3020 1261 3058 es
1291 3007 1546 3078 princeps
1583 3027 1597 3062 :
1627 3006 1995 3078 respondebit,
2023 3009 2211 3064 Annon

643 3100 760 3167 cepi
785 3098 1060 3168 regionem
1096 3113 1255 3168 supra
1279 3099 1605 3172 Babylonem
1637 3111 1692 3158 et
1711 3101 2029 3170 Chalanem,
2063 3103 2215 3172 cujus

648 3190 812 3245 turris
840 3188 1100 3253 aedificata
1122 3197 1206 3243 est
1231 3209 1244 3248 :
1270 3200 1324 3244 et
1343 3195 1460 3261 cepi
1484 3193 1763 3259 Arabiam,
1793 3204 1848 3248 et
1871 3171 2211 3262 Damascum,
2243 3171 2285 3229 θ

645 3288 702 3336 et
727 3278 1066 3334 Samariam?
1086 3297 1106 3331 ι
1137 3279 1271 3334 Cum
1303 3298 1500 3351 meam,
1544 3287 1740 3356 inquit,
1774 3296 2094 3356 potestatem
2123 3303 2214 3344 ac-

647 3371 868 3440 ceperit,
899 3383 1003 3424 non
1027 3372 1106 3425 sic
1133 3369 1219 3426 ille
1246 3373 1541 3429 arbitratus
1564 3385 1677 3441 est,
1709 3377 1802 3431 sed
1838 3377 2013 3432 elatus
2034 3387 2215 3435 mente

645 3463 768 3527 fuit,
801 3477 865 3517 ac
896 3463 939 3516 si
976 3463 1229 3531 populum
1263 3480 1441 3519 meum
1471 3469 1684 3536 propria
1727 3470 1924 3524 virtute
1952 3470 2215 3525 debellas-

646 3564 749 3611 set.
778 3554 888 3608 Nec
915 3553 1005 3608 illo
1032 3563 1323 3609 contentus
1370 3558 1603 3623 excidio,
1641 3560 1881 3615 inﬁnitas
1920 3562 2056 3616 alias
2084 3576 2216 3630 gen~

647 3655 730 3701 tes
754 3661 812 3701 se
863 3647 1172 3701 invasurum
1212 3649 1491 3704 minatur:
1527 3652 1654 3720 quia
1698 3653 1842 3707 illam
1872 3655 2216 3722 praestantio-

648 3751 762 3790 rem
780 3747 852 3791 'ac
889 3737 986 3790 sub
1016 3735 1110 3790 Dei
1146 3740 1307 3792 tutela
1331 3739 1562 3806 positam
1600 3742 1989 3801 debellaverat.
2015 3743 2215 3810 Quam-

643 3828 831 3881 obrem
856 3827 922 3881 iis
951 3828 1042 3896 qui
1073 3826 1302 3896 subjecti
1331 3829 1582 3897 fuerant,
1617 3833 1942 3890 mirantibus
1969 3851 2116 3902 eum,
2150 3852 2215 3893 ac

643 3916 971 3982 dicentibus,
1005 3937 1023 3970 ι
1056 3917 1136 3973 Tu
1162 3920 1312 3975 solus
1345 3937 1404 3976 es
1434 3923 1710 3994 princeps,
1743 3944 1762 3976 ›
1799 3927 2093 3995 respondet
2126 3927 2215 3983 ille

643 4010 731 4064 his
758 4010 941 4066 verbis
970 4028 983 4064 :
1017 4011 1099 4065 Me
1149 4013 1448 4084 principem
1499 4018 1733 4072 nondum
1767 4021 1974 4074 vocetis
2036 4034 2214 4089 neque

645 4103 948 4166 dominum,
980 4104 1421 4174 quandoquidem
1456 4121 1646 4163 omnes
1683 4109 1918 4179 undique
1964 4111 2213 4181 regiones

645 4195 880 4251 nondum
907 4197 1020 4265 cepi
1053 4213 1065 4247 :
1093 4207 1368 4263 cteterum,

722 4287 882 4343 Vnus.
929 4287 1019 4344 i0.
1064 4305 1083 4338 ι
1137 4288 1602 4354 Quemadmodum
1655 4292 1756 4347 bas
1803 4294 1962 4364 cepi,
2023 4295 2104 4350 sic
2158 4305 2215 4352 et

645 4393 836 4434 omnes
879 4378 1216 4448 principatus
1272 4380 1503 4449 capiam.
1561 4381 1796 4450 Ululate,
1829 4386 2097 4456 sculptilis
2156 4388 2210 4442 in

644 4469 941 4526 Jerusalem
973 4479 1025 4524 et
1060 4469 1335 4526 Samaria.
1376 4490 1394 4522 ι
1423 4473 1505 4527 Ad
1529 4473 1673 4542 ipsos
1696 4475 1951 4546 Assyrios
1989 4492 2204 4534 eorum-

646 4576 751 4630 que
778 4561 1090 4630 principem,
1122 4560 1212 4629 qui
1250 4561 1364 4616 hazc
1397 4575 1504 4617 tam
1530 4575 1847 4633 arroganter
1872 4568 2204 4637 proferebat,

648 4664 951 4706 sermonem
1004 4650 1203 4719 dirigit.
1231 4649 1323 4704 Vae
1373 4654 1633 4724 Assyriis,
1678 4656 1776 4720 ait,
1805 4660 1931 4725 quia
1980 4675 2084 4713 non
2126 4663 2208 4714 in~

647 4741 968 4796 tellexerunt
991 4739 1123 4794 iram
1157 4756 1351 4806 meam,
1379 4753 1567 4798 contra
1604 4745 1940 4803 facinorosos
1967 4749 2087 4805 illos
2108 4765 2202 4804 ex-

647 4834 891 4898 citatam,
927 4831 1088 4887 talem
1123 4832 1256 4902 ipsis
1299 4832 1592 4890 inl‘erendze
1616 4836 1838 4893 ultionis
1883 4849 2206 4909 potestatem

647 4925 908 4983 indidisse
937 4943 949 4978 :
989 4926 1081 4979 sed
1115 4924 1481 4995 opinabantur
1508 4941 1566 4982 se
1619 4939 1806 5002 suapte
1850 4931 2048 4989 virtute
2072 4948 2208 5004 gen-

647 5023 727 5070 tes
753 5014 1066 5071 debellasse.

719 5108 880 5163 Vens.
908 5107 994 5162 11.
1025 5125 1044 5159 ι
1074 5107 1540 5175 Quemadmodum
1564 5111 1707 5165 enim
1746 5111 1846 5168 feci
1877 5111 2137 5170 Samarize
2155 5125 2209 5172 et

648 5202 976 5257 manufactis
996 5202 1145 5271 ejus:
1181 5203 1260 5258 sic
1310 5204 1502 5259 faciam
1530 5205 1914 5279 Hierosolyma;
1941 5221 1996 5266 et
2053 5212 2208 5267 idolis

646 5294 783 5363 ejus.
810 5313 829 5347 ι
853 5293 1278 5365 Hierosolymam
1315 5297 1500 5365 itaque
1529 5298 1784 5353 Samarizc
1814 5303 1958 5368 paria
1984 5317 2208 5372 perpes-

647 5401 827 5441 suram
853 5386 1251 5442 interminatur.
1284 5385 1409 5442 Haec
1441 5403 1605 5457 porro
1630 5391 1899 5459 praedicit,
1928 5395 2208 5450 auditores

650 5479 716 5531 ad
741 5478 1150 5533 conversionem
1183 5486 1238 5533 et
1270 5480 1647 5548 paenitentiam
1690 5497 2012 5552 provocans,
2044 5495 2208 5555 atque

649 5567 878 5637 exempli
906 5567 1194 5623 formidine
1221 5570 1285 5623 ad
1314 5568 1744 5639 resipiscentiam
1784 5574 2035 5630 invitans.
2090 5576 2206 5632 Non

650 5657 792 5711 enim
813 5657 1089 5728 Assyrius,
1121 5660 1316 5728 inquit,
1338 5660 1453 5715 [uec
1478 5673 1664 5716 contra
1699 5661 1999 5720 Samariam
2024 5680 2207 5738 patra-

651 5749 764 5819 vit;
794 5750 885 5806 sed
912 5765 1012 5824 ego
1055 5752 1216 5822 Deus,
1252 5754 1416 5830 idque
1441 5756 1507 5812 ob
1545 5757 1840 5815 incolarum
1870 5759 1985 5833 ejus
2014 5761 2204 5834 impie-

2321 1931 2420 1968 πον
2445 1913 2648 1978 ταύτας
2681 1914 2892 1978 ἔλαϐον,
2911 1912 3006 1966 καὶ
3038 1913 3214 1976 πάσας
3243 1911 3342 1974 τὰς
3369 1909 3542 1981 ἀρχὰς
3573 1907 3896 1978 λήψομαιοει

2320 2007 2414 2060 καὶ
2448 2004 2626 2059 πάλιν-
2661 2024 2679 2056 ι
2710 2005 2807 2057 Ὃν
2834 2004 3034 2074 τρόπον
3066 2004 3299 2073 ἐποίησα
3331 2000 3615 2072 Σαμαρείᾳ
3644 2000 3736 2052 καὶ
3759 1999 3904 2053 πᾶσι

2318 2100 2430 2161 τοῖς
2450 2100 2849 2169 χειροποιήτοις
2867 2095 3445 2167 αὑτῆς,,οῦτω“ποιήσω
3470 2091 3847 2163 Ἰερουσαλήμ.
3874 2109 3898 2143 ι

2319 2189 2429 2242 Καὶ
2451 2191 2484 2259 ή
2522 2188 2730 2260 ἱστορία
2754 2187 2811 2242 δέ
2836 2187 3099 2249 διδάσκει,
3127 2186 3206 2238 ὅτι
3233 2187 3290 2239 ἐν
3311 2187 3432 2255 ταῖς
3459 2184 3694 2254 ἡμέραις
3729 2179 3904 2252 Ἀχάζ

2318 2280 2484 2352 ἀνέϐη
2508 2282 2536 2333 ό
2570 2281 2820 2351 βασιλεὺς
2859 2279 3157 2350 Ἀσσυρίων
3180 2280 3259 2341 είς
3292 2277 3622 2348 Σαμάρειαν,
3654 2276 3748 2328 καὶ
3768 2277 3905 2328 seco-

2317 2371 2602 2444 λιόρκησεν
2634 2373 2803 2443 αὑτήν
2827 2388 2840 2400 ·
2884 2372 2976 2423 καὶ
3016 2371 3158 2434 τέως
3189 2370 3288 2439 μὲν
3325 2369 3446 2422 τότε
3497 2369 3661 2440 μέρος
3696 2385 3750 2421 τι
3797 2365 3902 2420 τοῦ

2318 2465 2446 2518 λαοῦ
2471 2463 2924 2536 ᾐχμαλώτευσεν·
2960 2463 3052 2516 ἐπὶ
3086 2462 3144 2515 δὲ
3193 2460 3434 2525 Ἐζεκίου
3476 2460 3570 2515 τοῦ
3595 2461 3684 2515 τὸν
3727 2459 3904 2530 Ἀχάζ

2316 2557 2727 2628 διαδεδεγμένου
2761 2557 2940 2611 πάντα
2981 2555 3071 2609 τὸν
3095 2553 3221 2608 λαὸν
3248 2553 3526 2624 ἀπῴκισεν
3575 2556 3652 2616 εἰς
3701 2553 3901 2605 Ἀσσυ-

2321 2647 2488 2718 ρίους.

2394 2757 2413 2790 ι
2446 2738 2614 2801 Αὐτὸς
2638 2738 2696 2791 δέ
2722 2738 2820 2810 οὐχ
2849 2738 3021 2801 οὕτως
3049 2735 3376 2808 ἐνεθυμήθη,
3407 2737 3500 2790 καὶ
3531 2738 3596 2808 τῇ
3630 2735 3771 2806 ψυχῇ
3795 2734 3902 2805 οὐχ

2319 2832 2489 2896 οὕτως
2517 2832 2843 2898 λελόγισται,
2875 2831 3009 2884 ἀλλά
3051 2829 3346 2894 ἀπαλλάξει
3378 2833 3406 2883 ό
3447 2829 3570 2894 νοῦς
3608 2829 3771 2882 αὐτοῦ
3799 2829 3902 2881 καὶ

2318 2921 2413 2976 τοῦ
2447 2922 2573 2991 ἔθνη
2615 2921 2994 2991 ἐξολοθρεῦσαι
3024 2923 3123 2974 οῦκ
3151 2923 3326 2988 ὀλίγα.
3373 2922 3484 2975 Καὶ
3528 2920 3622 2975 ἐὰν
3669 2919 3901 2973 εἴπωσιν

2319 3013 2470 3083 αὐτῷ
2489 3031 2502 3043 ο
2537 3013 2608 3066 Σὺ
2639 3013 2797 3083 μόνος
2825 3006 2877 3064 εἴ
2897 3011 3077 3084 ἄρχων
3098 3028 3112 3038 ⁸
3144 3012 3239 3064 καλ¹
3259 3015 3401 3083 ἐρεῖ·
3438 3013 3552 3066 Οὐκ
3580 3009 3766 3066 ἔλαϐον
3793 3010 3902 3084 τὴν

2320 3104 2504 3177 χώραν
2524 3106 2626 3178 ,τὴν
2651 3105 2837 3160 ἐπάνω
2867 3103 3184 3168 Βαϐυλῶνος
3207 3105 3299 3158 καὶ
3329 3103 3600 3176 Χαλάνης,
3623 3088 3738 3158 cbo
3764 3103 3904 3175 πύρ-

2319 3211 2415 3264 γος
2448 3193 2795 3266 ᾠκοδομήθη,
2825 3195 2919 3248 καὶ
2950 3193 3139 3248 ἔλαϐον
3184 3194 3463 3266 Ἀραϐίαν,
3489 3197 3583 3250 καὶ⁸
3607 3193 3903 3266 Δαμασκὸν

2319 3288 2414 3340 καὶ
2457 3288 2812 3360 Σαμάρειαν;
2863 3306 2881 3338 ι
2931 3287 3040 3358 Τὴν
3084 3289 3223 3359 ἐμὴν
3265 3288 3462 3351 τοίνυν,
3513 3290 3666 3360 φησι,
3717 3286 3902 3345 λαϐὼν

2317 3377 2584 3441 ἐξουσίαν,
2622 3378 2722 3448 οὐχ
2749 3378 2922 3441 οὕτως
2966 3377 3294 3449 ενεθυμήθη,
3337 3378 3452 3432 ἀλλ’
3497 3378 3779 3451 ὑπερήρθη
3813 3377 3903 3451 τῷ

2317 3468 2584 3541 λογισμῷ,
2615 3470 2691 3534 ὡς
2718 3470 2896 3539 οἰκείᾳ
2922 3469 3152 3540 δυνάμει
3187 3469 3281 3522 τοῦ
3313 3470 3445 3540 ἐμοῦ
3477 3472 3904 3542 περιγενόμενος

2315 3559 2469 3619 λαοῦ.
2503 3559 2657 3626 Εἶτα,
2695 3561 2770 3634 μὴ
2812 3561 3100 3633 ἀρκεσθεὶς
3136 3565 3202 3632 τῇ
3233 3561 3438 3614 τούτων
3466 3562 3766 3634 πολιορκίᾳ,
3793 3580 3901 3633 μυ-

2321 3653 2412 3723 ρία
2452 3651 2586 3706 ἄλλα
2614 3651 2740 3724 ἐθνη
2781 3650 3140 3723 μετέρχεσθαι
3164 3652 3395 3716 ἀπειλεῖ,
3427 3651 3502 3716 ὡς
3526 3652 3618 3707 τοῦ
3651 3655 3902 3726 κρείττο-

2316 3761 2408 3808 τος
2437 3744 2530 3797 καὶ
2554 3742 2672 3813 Θεῷ
2697 3741 3054 3813 ἀνακειμένου
3086 3745 3387 3814 κρατήσας.
3415 3746 3506 3798 Διὸ
3527 3745 3590 3817 δὴ
3626 3745 3734 3800 τῶν
3760 3747 3901 3801 ὑπο-

2318 3837 2538 3907 χειρίων
2585 3834 2732 3906 αὐτῷ
2776 3837 3083 3906 γενομένων
3122 3835 3521 3907 θαυμαζόντων
3568 3838 3752 3898 αὑτὸν.
3797 3841 3902 3896 καὶ

2317 3927 2606 3996 λεγόντων,
2633 3947 2652 3979 ι
2687 3928 2759 3979 Σὺ
2797 3927 2956 3998 μόνος
2989 3923 3038 3979 εἴ
3080 3927 3284 3999 ἄρχων,
3321 3945 3340 3979 ›
3376 3929 3728 4002 ἀποκρίνεται
3756 3932 3900 4006 πρὸς

2317 4021 2515 4084 αὐτοὺς
2563 4020 2658 4074 καὶ
2701 4019 2877 4089 λέγει·
2927 4021 3152 4091 Μήποτε
3196 4019 3410 4074 καλεῖτε
3454 4021 3709 4093 ἄρχοντα.
3757 4026 3899 4096 μηδὲ

2321 4111 2527 4182 κύριοψ
2555 4111 2677 4164 ἐπεὶ
2709 4110 2933 4181 μηδέπω
2973 4112 3150 4176 πάσας
3180 4112 3419 4184 εἰλήφειν
3455 4114 3553 4179 τὰς
3581 4117 3895 4189 ἁπανταχοῦ

2316 4201 2498 4274 χώρας
2517 4220 2530 4233 ο
2568 4201 2727 4273 πλὴν,

2391 4313 2410 4345 ι
2445 4295 2538 4347 Ὃν
2567 4294 2766 4366 τρόπον
2791 4292 2995 4357 ταύτας
3025 4294 3237 4360 ἔλαϐον,
3266 4293 3407 4349 οὕτω
3447 4300 3542 4352 καὶ
3589 4300 3766 4364 πάσας
3793 4301 3897 4366 τὰς

2315 4385 2486 4458 ἀρχὰς
2518 4384 2780 4456 λήψομαι.
2827 4385 3146 4450 Ὀλολύξατε
3184 4387 3255 4441 τά
3285 4391 3497 4459 γλυπτά
3523 4394 3580 4445 ἐν
3619 4394 3894 4465 Ἰερουσα-

2317 4478 2428 4549 λὴμ
2455 4477 2549 4531 καὶ
2572 4478 2629 4530 ἐν
2660 4478 2963 4549 Σαμαρείᾳ.
3003 4497 3020 4529 ι
3050 4479 3194 4550 Πρὸς
3218 4482 3416 4546 αὐτούς
3448 4500 3508 4537 τε
3541 4486 3665 4549 τοὺς
3707 4485 3896 4539 Ἀσσυο

2321 4570 2461 4642 ρίους
2491 4570 2582 4622 καὶ
2605 4569 2694 4622 τὸν
2720 4569 2954 4640 ἄρχοντα
2980 4571 3177 4630 αὐτῶν.
3205 4573 3427 4627 τοιαῦτα
3467 4576 3897 4641 καταλαζονευοσ-

2318 4661 2509 4732 μένους
2537 4643 2883 4715 ἀποτείνεται
2921 4661 3122 4728 λέγων·
3166 4663 3301 4716 Οὐαὶ
3344 4665 3664 4736 Ἀσσυρίοις,
3705 4668 3786 4720 ὃτι
3815 4667 3900 4742 μὴ

2316 4754 2554 4825 συνῆκαν
2592 4753 2666 4818 ὼς
2706 4753 2814 4820 ἄρα
2842 4755 2874 4823 ἡ
2906 4753 3014 4824 ἐμὴ
3043 4755 3179 4826 ὀργὴ
3208 4758 3260 4827 ιή
3305 4757 3444 4811 κατὰ
3487 4759 3594 4812 τῶν
3636 4760 3897 4832 πλημμε-

2316 4843 2547 4897 λούντων
2576 4843 2675 4914 τὴν
2704 4844 2950 4910 ἐξουσίαν
2974 4844 3155 4909 αὐτοῖς
3183 4847 3281 4918 τῆς
3305 4849 3570 4920 τοσαύτης
3606 4852 3775 4924 ὀργῆς
3801 4853 3894 4910 δέέρ

2315 4937 2515 4989 δωκεν*
2553 4935 2688 4989 ἀλλὰ
2730 4938 2796 5007 τῇ
2827 4935 3036 4989 ἑαυτῶν
3068 4936 3295 5009 δυνάμει
3340 4944 3737 5013 κεκρατηκέναι
3782 4945 3895 4999 τῶν

2316 5025 2486 5079 ὲθνῶν
2515 5025 2802 5080 ὑπέλαϐον.

2390 5136 2407 5168 ι
2451 5120 2544 5172 “Ov
2572 5119 2770 5188 τρόπον
2797 5116 2905 5189 γάρ
2934 5118 3166 5190 ἐποίησα
3201 5120 3485 5196 Σαμαρείᾳ
3522 5126 3614 5179 καὶ
3637 5130 3749 5191 τοῖς
3777 5145 3894 5198 χει-

2321 5214 2622 5282 ροποιήτοις
2646 5210 2835 5280 αὐτῆς,
2871 5209 3012 5264 οὕτω
3043 5214 3252 5284 ποιήσω
3286 5215 3380 5267 καὶ
3419 5215 3769 5292 Ἰερουσαλὴμ
3795 5225 3894 5276 καὶ

2316 5305 2426 5365 τοῖς
2451 5301 2687 5366 εἰδώλοις
2721 5303 2908 5373 αὐτῆς.
2957 5322 2976 5355 ι
3021 5304 3100 5358 Τά
3145 5306 3234 5358 ἶσα
3263 5307 3444 5362 τοίνυν
3489 5312 3554 5381 τῇ
3604 5311 3892 5385 Σαμαρείᾳ

2317 5395 2406 5447 καὶ
2451 5395 2547 5466 τὴν
2585 5395 2939 5466 Ἰερουσαλὴμ
2969 5395 3250 5450 πείσεσθαι
3281 5399 3510 5454 ἀπειλεῖ.
3545 5403 3803 5475 Προλέγει
3828 5404 3892 5459 δὲ

2313 5485 2485 5539 ταῦτα
2513 5485 2951 5558 προκαλούμενος
2987 5489 3065 5552 εἰς
3094 5488 3431 5563 ἐπιστροφὴν
3465 5494 3559 5546 καὶ
3598 5495 3889 5564 μετάνοιαν

2306 5581 2433 5642 τοὺς
2465 5579 2782 5644 ἀκούοντας,
2812 5579 2959 5651 φόϐῳ
2982 5598 3040 5633 τε
3081 5580 3175 5634 τοῦ
3206 5583 3641 5656 παραδείγματος
3669 5604 3889 5659 σωφρο-

2311 5669 2469 5733 νίζων
2504 5672 2718 5735 αὐτούς.
2748 5673 2823 5726 Οὐ
2854 5671 2962 5744 γὰρ
3002 5676 3031 5726 ὀ
3085 5674 3386 5746 Ἀσσύριος,
3433 5678 3616 5748 φησιν,
3661 5679 3893 5753 ἐποίησε

2310 5763 2378 5818 τὰ
2407 5765 2545 5820 κατὰ
2569 5767 2667 5837 τῆς
2698 5766 3028 5838 Σαμαρείας,
3056 5765 3166 5822 ἀλλ’
3195 5767 3306 5838 ἐγὼ
3327 5769 3355 5823 ό
3379 5770 3509 5834 θεὸς
3533 5771 3619 5833 διὰ
3647 5774 3746 5838 τὰς
3776 5775 3892 5832 τῶνΔ
