4100 6286
209 348 295 405 ίϐι

1168 340 1669 399 COMMENTARIA
1716 342 1779 395 IN
1821 340 2072 396 ISAIAH.
2115 370 2184 381 —
2220 338 2375 395 CAP.
2415 340 2481 398 Χ.

3391 345 3496 399 162

205 465 494 536 οίκητόρων
522 464 811 527 ἀσεϐείας.
838 462 1053 517 Οὐκοῦν
1078 463 1220 517 κατὰ
1244 464 1336 517 τὸν
1359 464 1453 516 τοῦ
1474 464 1686 516 δικαίου
1718 462 1803 515 λό-

1911 471 2069 515 tates.
2097 460 2265 528 Igitur
2290 462 2589 515 secundum
2622 462 2898 529 aequitatis
2937 462 3106 529 leges,
3150 477 3249 532 par
3271 474 3356 518 est
3398 479 3496 520 eos

205 581 289 629 γον
327 565 421 615 καὶ
457 565 585 625 τοὺς
636 562 695 613 ἐν
729 565 796 632 τῇ
842 562 1196 633 Ἰερουσαλὴμ
1231 562 1377 625 είκὸς
1427 562 1799 632 παραδοθήσε-

208 654 322 706 σθαι
352 658 417 724 τῇ
447 654 537 724 ἴσῃ
567 653 883 723 πολιορκίᾳ,
918 652 993 715 ὡς
1018 652 1085 705 τὰ
1123 652 1326 721 ἀδελφά
1354 648 1799 722 μεταχειριζομέ-

204 763 321 809 νους
352 748 465 808 τοῖς
496 745 564 798 τά
602 744 973 814 προλεχθέντα
1002 744 1311 797 πεπονθόσι.

273 857 291 887 ι
335 838 447 890 Καὶ
479 837 655 899 ἔσται,
691 836 820 889 ὅταν
856 836 1145 907 συντελέσῃ
1179 837 1384 907 Κύριος
1426 837 1602 890 πάντα
1630 835 1800 888 ποιῶν

208 932 257 981 ἐν
295 927 379 997 τῷ
421 929 541 997 δρει
572 925 711 979 Σιὼν
743 928 834 979 καὶ
877 926 1251 998 Ἰερουσαλὴμ,
1292 927 1661 996 ἐπισκέψομαι
1708 928 1801 979 ἐπὶ

206 1022 288 1072 τὸν
312 1018 441 1071 νοῦν
468 1018 561 1070 τδν
590 1019 785 1087 μέγαν,
823 1021 915 1071 ἐπὶ
951 1020 1040 1071 τὸν
1064 1019 1297 1089 ἄρχοντα
1322 1018 1432 1070 τῶν
1475 1019 1798 1089 ’Δσσυρίων,

208 1114 297 1163 καὶ
332 1113 426 1163 ἐπὶ
469 1112 531 1163 τὸ
574 1110 705 1179 ὕψος
745 1112 844 1181 τῆς
886 1111 1041 1182 δόξης
1079 1112 1187 1164 τῶν
1222 1111 1519 1182 ὀφθαλμῶν
1549 1111 1735 1165 αὑτοῦ.
1778 1132 1794 1156 ι

219 1202 556 1265 ’Δκολούθως
578 1201 667 1254 διὰ
691 1202 798 1253 τῶν
824 1203 1199 1273 προκειμένων
1228 1202 1515 1266 διδάσκων,
1545 1204 1625 1255 ὃτι
1662 1203 1800 1266 τέως

210 1297 304 1365 μὲν
363 1293 645 1364 Ἀσσύριοι
676 1295 822 1347 καὶὸ
851 1292 1054 1347 τούτων
1090 1296 1294 1367 ἄρχων,
1347 1298 1396 1348 εί
1436 1297 1531 1349 καὶ
1573 1296 1801 1349 τοιαῦτα

208 1389 362 1438 ὁποῖα
408 1385 706 1455 δεδήλωται
768 1385 1264 1456 ἀπηυθαδιάσαντο,
1321 1387 1419 1457 τήν
1487 1388 1801 1459 Σαμάρειαν

210 1478 524 1548 ὑποχείριον
584 1478 938 1547 πεποιημένοι
994 1480 1085 1531 καὶ
1130 1479 1228 1548 τὴν
1286 1479 1596 1549 Δαμασκὸν,
1655 1480 1803 1549 ὅμως

208 1570 383 1633 ἱξουσι
414 1569 477 1620 τὸ
508 1569 787 1638 ἐνδόσιμον
825 1570 921 1622 τοῦ
954 1570 1147 1641 Χρόνου
1183 1570 1573 1641 μέχρι’καιροῦ
1615 1588 1797 1632 τιν⁰ς’

212 1660 326 1729 μεθ’
358 1661 419 1712 ὃν
452 1660 553 1712 οὐκ
582 1660 659 1712 ἔτι
707 1663 1032 1732 συστήσεται
1071 1662 1249 1714 αὐτῶν
1287 1664 1319 1733 ή
1356 1662 1521 1733 ἁρχὴ,
1572 1661 1670 1731 τῆς
1703 1680 1805 1731 μα-

211 1754 345 1822 κρᾶς
373 1753 473 1805 καὶ
499 1752 822 1816 πολυτελοῦς
866 1753 1140 1823 βασιλείας
1175 1755 1255 1818 είς
1298 1756 1360 1807 τὸ
1393 1754 1657 1817 παντελὲς
1698 1772 1799 1806 κα-

210 1844 409 1913 ταλυθη
420 1861 481 1895 σο
487 1845 677 1915 μένης.

281 1951 301 1984 ε
345 1930 486 1986 Eius
511 1933 642 2004 γὰρ,
675 1936 732 1986 ἐν
774 1936 839 2004 τῇ
873 1932 1016 2002 ίσχύῖ
1049 1934 1280 2003 ποιήσω,
1313 1934 1408 1985 καὶ
1454 1935 1511 1985 ἐν
1542 1936 1609 2003 τῇ
1643 1932 1805 2002 σοφία

209 2024 305 2095 τῆς
334 2026 606 2089 συνέσεως
630 2026 813 2094 ἀφελῶ
835 2027 959 2097 ὅρια
986 2024 1177 2089 ἐθνῶν,
1202 2025 1295 2078 καὶ
1320 2025 1417 2094 τὴν
1449 2028 1600 2095 ἰσχὺν
1627 2024 1805 2078 αὐτῶν

212 2118 589 2188 προνομεύσω.
625 2138 645 2169 ι
700 2119 792 2190 Μὴ
838 2118 962 2181 δοὺς
998 2117 1104 2188 γὰρ
1156 2116 1313 2182 δόξαν
1358 2116 1437 2187 τῷ
1483 2116 1623 2187 Θεῷ,
1668 2116 1804 2187 μηδέ

210 2212 587 2281 λογισάμενος,
620 2213 699 2264 ὅτι
729 2213 757 2263 6
789 2210 897 2263 τῶν
928 2209 1063 2262 ὅλων
1107 2209 1238 2271 Θεὸς
1270 2209 1434 2273 αὐτὸς
1463 2204 1531 2279 ἦν
1573 2212 1601 2261 6
1628 2225 1806 2278 παρα-

210 2304 327 2366 δοὺς
349 2303 503 2375 αὐτῷ
534 2306 625 2356 καὶ
648 2304 736 2355 τὸν
776 2301 992 2373 Ἰσραὴλ
1023 2303 1116 2355 καὶ
1149 2301 1241 2354 τὸν
1280 2301 1506 2364 Ἰούδαν,
1538 2301 1632 2353 καὶ
1666 2300 1803 2352 πάν-

211 2414 302 2457 τας
333 2399 463 2459 τοὺς
506 2396 777 2467 τιμωρίας
823 2393 1028 2458 ἀξίους,
1069 2394 1212 2464 μέγα
1247 2392 1537 2464 ἐφρόνησε,
1588 2393 1803 2463 διανοη-

213 2486 321 2549 θεὶς
352 2488 453 2539 καὶ
498 2486 635 2557 πρὸς
683 2484 873 2537 ἑαυτὸν
928 2481 1117 2548 εἰπὼν,
1167 2485 1309 2538 κατά
1348 2483 1438 2538 τὸν
1484 2483 1801 2554 Σύμμαχον,

220 2577 238 2629 ι
282 2578 369 2630 Ἐν
402 2581 470 2647 τῇ
497 2578 726 2647 δυνάμει
756 2578 856 2647 τῆς
888 2578 1067 2648 χειρὸς
1094 2578 1348 2648 ἐποίησα,
1382 2596 1400 2627 ι
1437 2577 1624 2629 καὶτὰ
1652 2576 1799 2645 ἑξῆς.

282 2688 302 2720 ε
345 2672 458 2723 Καὶ
491 2670 656 2722 σείσω
686 2670 869 2733 πόλεις
896 2668 1344 2740 κατοικουμένας,
1379 2671 1474 2723 καὶ
1498 2670 1595 2741 τήν
1624 2672 1807 2722 οίκου-

217 2764 377 2833 μένην
411 2762 543 2833 ὅλην
572 2763 958 2833 καταλήψομαι
999 2766 1066 2833 τῇ
1102 2763 1246 2835 χειρὶ
1287 2762 1363 2825 ὡς
1414 2764 1657 2827 νοσσιὰν,
1708 2764 1803 2815 καὶ¹

210 2855 783 2925 ὡςκαταλελειμμένα
816 2856 897 2908 ibi
927 2855 1075 2925 ἀρῶ’
1116 2856 1211 2907 καὶ
1254 2856 1351 2906 οὐκ
1392 2856 1537 2907 ἐστιν
1580 2854 1640 2917 ὃς
1683 2855 1801 2907 δια-

214 2945 465 3013 φεύξεται
503 2964 594 3016 με,
628 2947 659 3017 ἢ
694 2948 925 3020 ἀντείπῃ
960 2964 1071 3018 μοι.
1103 2946 1195 3017 Μὴ
1223 2944 1616 3016 δοξασθήσεται
1648 2946 1803 3019 ἀξίνη

213 3041 331 3093 ἄνευ
363 3039 459 3092 τοῦ
508 3041 836 3103 κόπτοντοςς
870 3040 903 3110 ἢ
938 3040 1287 3110 ὑψωθήσεται
1319 3039 1496 3109 πρίων
1543 3039 1671 3092 ἄνευ
1706 3038 1802 3090 τοῦ

208 3131 458 3195 ’ἕλκοντος
493 3131 676 3193 αὐτόν,
713 3132 789 3194 ὡς
816 3131 880 3184 ἄν
912 3149 995 3194 τις
1026 3132 1134 3202 ἄρῃ
1176 3130 1369 3201 ῥάϐδον
1402 3130 1434 3199 ἢ
1473 3129 1658 3195 ξύλον;
1694 3131 1806 3183 Καὶ
1833 3168 1877 3228 C

212 3224 303 3294 οὔχ
317 3224 517 3289 οὓτως,
539 3223 653 3276 ἀλλ’
676 3222 966 3275 ἀποστελεί
990 3222 1194 3291 Κύριος
1211 3220 1439 3275 Σαϐαὼθ
1462 3224 1543 3284 είς
1574 3220 1674 3290 τὴν
1704 3220 1803 3291 σὴν
1831 3293 1836 3299 _

212 3319 376 3388 τιμὴν
422 3316 673 3385 ἀτιμίαν,
705 3316 802 3368 καὶ
840 3317 920 3378 είς
954 3316 1052 3384 τὴν
1100 3314 1197 3385 σὴν
1244 3315 1399 3381 δόξαν
1434 3313 1547 3385 πῦρ
1578 3316 1806 3384 καιόμε-

215 3426 295 3460 νον
330 3408 691 3477 καυθήσεται.
737 3427 754 3458 ι
795 3406 939 3477 Πρὸς
969 3406 1159 3459 τοῦτον
1209 3405 1301 3458 τὸν
1343 3406 1694 3477 ὑπερήφανον
1722 3407 1811 3461 λο-

213 3498 428 3567 γισμὸν,
488 3497 600 3549 εἴτε
654 3513 740 3559 τις
808 3496 1160 3565 ἀντικειμένη
1208 3494 1434 3566 δύναμις
1490 3495 1805 3565 ἐτύγχανεν,

213 3586 397 3660 ὥσπερ
429 3592 459 3642 6
485 3587 668 3659 ἄρχων
700 3587 980 3657 βασιλείας
1009 3586 1257 3658 Περσῶν,
1294 3588 1387 3640 καὶ
1418 3589 1446 3640 6
1480 3587 1665 3659 ἄρχων
1709 3588 1808 3658 βα-

216 3678 415 3741 σιλείας
464 3680 687 3747 Μήδων,
741 3679 838 3731 καὶ
886 3680 913 3730 6
958 3679 1142 3749 ἅρχων
1176 3677 1454 3747 βασιλείας
1503 3680 1767 3750 Ἐλλήνων
1792 3698 1804 3711 ο

215 3768 351 3822 οὕτω
373 3769 485 3838 γὰρ
509 3769 650 3819 είποι
683 3768 748 3820 ἄν
777 3784 862 3829 τις
891 3770 983 3821 καὶ
1008 3768 1248 3839 ἄρχοντα
1278 3768 1559 3839 βασιλείας
1606 3772 1803 3825 Ἀσσυ-

217 3860 343 3930 ρίων
372 3860 655 3927 γεγονέναι
676 3858 800 3910 τινὰ
820 3859 910 3910 τὸν
937 3859 1393 3929 ἀλαζονευόμενον
1435 3860 1647 3924 καὶτὰς
1678 3880 1812 3934 προ-

220 3952 476 4021 κειμένας
499 3952 684 4019 φωνάς
710 3950 1083 4020 φθεγξάμενον
1107 3966 1119 3978 ·
1164 3950 1279 4002 εἴτε
1306 3945 1398 4004 οὖν
1430 3952 1566 4023 πρὸς
1598 3953 1809 4021 τοῦτον,

222 4044 322 4094 εἶτε
341 4043 484 4114 πρὸς
504 4043 596 4093 τὸν
622 4042 982 4095 Βαϐυλωνίων
1002 4042 1229 4112 βασιλέα
1252 4044 1341 4095 τὸν
1368 4043 1814 4117 πολιορκήσαντα

221 4136 311 4205 τὴν
326 4135 810 4207 ἰερουσαλὴμ,κα“ι
825 4135 915 4187 τὸν
932 4131 1056 4189 ναὸν
1074 4137 1457 4207 ἐμπρήσαντα,
1481 4138 1654 4191 πάντα
1670 4156 1729 4190 τε
1745 4138 1813 4192 τὰ

222 4228 362 4298 αὺτῷ
412 4227 586 4296 σκεύη
633 4227 755 4297 ἱερὰ
800 4231 896 4280 καὶ
940 4227 1266 4299 ἀναθήματα
1292 4229 1518 4299 ρέλόντα,
1568 4231 1662 4282 καὶ
1700 4233 1812 4294 τοῖς

224 4319 378 4372 αὑτοῦ
418 4317 662 4380 είδὼλοις
689 4318 954 4370 ἀναθέντα
988 4322 1045 4371 ἐν
1088 4320 1226 4389 αὑτῇ
1279 4320 1581 4385 Βαϐυλῶνι,
1621 4322 1815 4393 ὥσπερ

223 4408 360 4461 δεινά
394 4410 493 4461 καὶ
526 4408 935 4478 ἀπονενοημένα
964 4408 1311 4481 τολμήσαντα
1343 4413 1538 4477 είπεῖν,
1574 4414 1809 4485 ἀποκρί-

1902 552 1995 621 qui
2031 551 2083 605 in
2109 549 2508 623 Hierosolymis
2538 554 2737 622 degunt
2766 555 2879 621 pari
2905 555 3175 609 obsidioni
3204 565 3259 609 et
3285 558 3498 610 excidio

1906 644 2065 707 tradi,
2095 645 2223 713 quia
2260 645 2357 713 ipsi
2398 646 2547 713 paria
2580 644 2669 712 iis,
2706 645 2795 713 qui
2832 644 2948 713 jam
2997 657 3298 701 memorata
3350 648 3497 718 passi

1903 745 2050 795 sunt,
2094 746 2504 803 perpetrarunt.

1974 824 2141 879 Vens.
2173 826 2260 879 12.
2316 846 2333 878 ε
2368 828 2435 881 Ει
2474 828 2615 891 erit,
2677 842 2803 882 cum
2860 830 3168 898 impleverit
3225 831 3494 887 Dominus

1902 919 2083 973 omnia
2127 919 2305 973 facere
2336 919 2387 972 in
2441 931 2624 974 monte
2666 920 2795 975 Sion
2828 931 2883 975 et
2921 923 2973 975 in
3010 922 3334 987 Jerusalem,
3364 924 3497 977 visi-

1906 1014 2031 1066 tabo
2056 1023 2293 1067 mentem
2327 1028 2606 1083 magnam,
2655 1015 2957 1084 principem
3010 1018 3382 1087 Assyriorum,
3440 1027 3496 1073 et

1903 1104 2290 1159 celsitudinem
2344 1106 2533 1174 gloria:
2570 1106 2853 1161 oculorum
2909 1106 3050 1175 ejus.
3088 1128 3105 1159 ι
3146 1108 3241 1162 His
3295 1124 3495 1165 conse-

1903 1207 2135 1264 quenter
2158 1198 2337 1261 docet,
2356 1200 2609 1266 Assyrios
2637 1200 2853 1253 tandem
2876 1210 2930 1253 et
2953 1216 3139 1255 eorum
3167 1203 3495 1271 principem,

1903 1287 2002 1340 etsi
2035 1302 2154 1340 cum
2196 1286 2309 1350 tali,
2336 1288 2480 1355 quali
2502 1289 2611 1357 jam
2657 1289 2993 1344 declaratum
3027 1302 3133 1355 est,
3184 1295 3496 1363 arrogantia

1903 1379 2133 1449 egerint,
2175 1378 2484 1434 Samariam
2519 1387 2572 1434 et
2620 1382 2947 1436 Damascum
3004 1386 3362 1455 subegerint,
3416 1397 3497 1441 ta.

1907 1486 2027 1525 men
2064 1474 2129 1525 ad
2162 1482 2373 1526 certum
2430 1488 2601 1541 usque
2646 1474 2939 1526 terminum
2975 1491 3194 1530 usuram
3231 1480 3497 1548 temporis

1906 1565 2225 1630 habituros;
2282 1581 2387 1633 quo
2419 1565 2627 1635 elapso,
2662 1568 2951 1636 imperium
2987 1586 3175 1623 eorum
3213 1586 3317 1625 non
3353 1572 3493 1625 ultra

1908 1655 2190 1718 consistet,
2226 1656 2481 1709 diuturno
2524 1658 2617 1711 illo
2662 1674 2725 1713 ac
2753 1658 2969 1714 ﬂorenti
2998 1662 3225 1729 imperio
3253 1660 3499 1718 funditus

1907 1758 2119 1799 ονεῐεο.

1978 1926 2147 1983 Vens.
2190 1928 2277 1982 15.
2319 1947 2337 1980 ι
2380 1929 2523 1983 Dixit
2550 1932 2718 1998 enim,
2751 1933 2805 1987 ln
2842 1934 3168 1993 fortitudine
3194 1935 3499 2003 faciam,et

1908 2020 1960 2070 in
1998 2021 2268 2088 sapientia
2306 2022 2609 2089 prudentiae
2636 2039 2770 2079 mea:
2804 2025 3051 2080 auferam
3085 2032 3347 2084 terminos
3367 2046 3501 2101 gen-

1908 2111 2063 2174 tium,
2090 2121 2141 2164 et
2159 2112 2534 2167 fortitudinem
2555 2129 2748 2169 earum
2774 2118 3088 2173 devastabo.
3116 2140 3135 2172 ι
3165 2121 3272 2175 Deo
3297 2124 3501 2191 quippe

1908 2203 2132 2271 gloriam
2166 2220 2273 2257 non
2308 2204 2580 2273 tribuens,
2609 2223 2785 2277 neque
2830 2224 3015 2265 secum
3056 2221 3316 2283 reputans
3370 2216 3497 2269 uni-

1905 2314 2190 2353 versorum
2218 2298 2386 2354 Deum
2412 2316 2554 2365 esse,
2585 2305 2679 2373 qui
2712 2288 2809 2373 ipsi
2838 2315 2893 2360 et
2916 2306 3173 2362 lsraelem
3204 2317 3259 2364 et
3279 2306 3501 2377 ludam,

1906 2400 1960 2443 et
1990 2404 2181 2444 omnes
2211 2390 2345 2443 alios
2392 2392 2661 2462 supplicio
2714 2397 2906 2465 dignos
2948 2400 3289 2467 tradiderat;
3328 2402 3500 2457 aliun-

1907 2480 2177 2547 sapiebat,
2199 2481 2472 2550 cogitans,
2502 2492 2558 2536 et
2590 2484 2656 2538 ad
2695 2486 2938 2554 seipsum
2964 2488 3171 2553 dicens,
3197 2493 3496 2547 secundum

1908 2569 2319 2637 Symmachum,
2364 2589 2381 2622 ι
2416 2569 2473 2624 In
2500 2574 2703 2629 virtute
2738 2590 2932 2631 manus
2960 2576 3084 2643 feci,
3127 2598 3147 2631 ι
3183 2589 3295 2635 etc.

1979 2660 2142 2716 Vens.
2175 2662 2362 2716 14-16.
2413 2682 2432 2714 ‹
2472 2664 2534 2717 Ει
2584 2669 2945 2722 commovebo
2979 2670 3143 2725 urbes
3179 2671 3453 2729 habitatas
3483 2716 3501 2738 ,

1906 2764 1961 2807 et
1986 2756 2308 2808 universum
2337 2758 2523 2811 orbem
2548 2759 3010 2826 comprehendam
3045 2778 3206 2818 manu
3239 2766 3393 2834 quasi
3421 2768 3502 2820 ni-

1909 2844 2057 2905 dum,
2083 2845 2309 2912 etquasi
2339 2860 2440 2900 ova
2471 2847 2731 2902 derelicta
2756 2849 3000 2904 auferam
3034 2867 3047 2903 :
3082 2862 3137 2906 et
3167 2869 3273 2908 non
3302 2862 3388 2909 est
3408 2858 3504 2925 qui

1910 2935 2133 3005 cﬂ‘ugiat
2162 2953 2271 2999 me,
2304 2947 2398 2991 aut
2421 2940 2765 2994 contradicat
2822 2942 2976 2997 mihi.
3012 2942 3267 3014 Nunquid
3301 2946 3505 3017 gloria-

1909 3028 2053 3081 bitur
2083 3030 2295 3083 securis
2336 3030 2456 3084 sine
2485 3031 2767 3087 cadente?
2810 3022 2904 3088 aut
2948 3036 3277 3091 exaltabitur
3326 3055 3504 3107 serra,

1910 3121 2028 3174 sine
2058 3120 2309 3175 trahente
2338 3121 2506 3188 illam,
2543 3133 2602 3176 ut
2654 3127 2776 3194 quis
2806 3124 3000 3181 efferat
3056 3130 3266 3198 virgam
3300 3142 3393 3185 aut
3435 3133 3504 3187 li-

1911 3211 2123 3280 gnum?
2162 3213 2231 3265 At
2262 3228 2367 3266 non
2408 3214 2508 3280 sic,
2540 3215 2633 3269 sed
2665 3216 2845 3271 mittet
2885 3218 3147 3274 Dominus
3182 3220 3425 3277 SabaOth
3452 3226 3506 3279 in

1914 3305 2174 3359 honorem
2202 3315 2351 3358 tuam
2381 3306 2757 3375 ignominiam,
2782 3318 2838 3362 et
2860 3310 2912 3364 in
2937 3311 3166 3381 gloriam
3188 3323 3337 3367 tuum
3368 3316 3510 3385 ignis

1912 3397 2237 3450 comburens
2267 3397 2615 3451 accendetur.
2654 3417 2673 3450 ι
2706 3401 2785 3452 Ad
2820 3401 2960 3457 hanc
2987 3404 3276 3471 superbam
3297 3411 3510 3475 cogita-

1912 3486 2150 3550 tionem;
2206 3487 2320 3540 sive
2372 3502 2435 3541 ea
2495 3488 2780 3556 cujusdam
2827 3492 3158 3547 adversariae
3220 3501 3509 3562 potestatis

1913 3574 2099 3641 fuerit,
2120 3577 2299 3646 quaiis
2322 3586 2442 3632 erat
2472 3581 2726 3649 princeps
2750 3584 2901 3651 regni
2934 3582 3250 3648 Persarum,
3280 3596 3335 3639 et
3358 3590 3508 3656 prin-

1912 3682 2044 3737 ceps
2072 3670 2223 3738 regni
2257 3669 2561 3737 Medorum,
2593 3684 2647 3725 et
2677 3675 2931 3740 princeps
2954 3675 3107 3745 regni
3136 3674 3451 3731 Graecorum
3480 3696 3495 3733 :

1913 3760 1991 3814 sic
2026 3762 2172 3814 enim
2233 3763 2507 3831 quispiam
2570 3766 2773 3819 dixerit
2838 3780 2963 3821 esse
3015 3769 3317 3837 principem
3354 3773 3505 3841 regni

1912 3850 2285 3920 Assyriorum,
2322 3864 2646 3921 arroganter
2676 3867 2950 3926 agentem,
3000 3868 3162 3926 atque
3208 3860 3308 3915 lias
3338 3874 3502 3919 voces

1913 3945 2251 3998 emittentem
2283 3960 2297 4009 ;
2343 3946 2461 4000 sive
2494 3948 2559 3999 ad
2592 3948 2757 4011 hunc,
2787 3949 3031 4016 inquam,
3066 3951 3185 4005 sive
3221 3953 3287 4005 ad
3320 3969 3503 4025 regem

1913 4033 2358 4106 Babyloniorum,
2400 4039 2491 4107 qui
2530 4039 2964 4110 Hierosolymam
3008 4044 3243 4107 obsedit,
3274 4054 3329 4099 et
3372 4056 3504 4101 tem-

1914 4129 2063 4197 plum
2102 4129 2366 4195 incendit,
2397 4140 2452 4185 et
2480 4134 2663 4186 omnia
2698 4148 2854 4187 sacra
2884 4149 3008 4188 vasa
3042 4136 3158 4205 ejus
3190 4146 3244 4191 et
3278 4138 3507 4195 donaria

1917 4221 2164 4287 abstulit,
2199 4239 2263 4277 ac
2306 4224 2358 4276 in
2417 4225 2528 4293 ipsa
2561 4224 2836 4295 Babylone
2870 4227 3024 4281 idolis
3065 4229 3178 4282 suis
3214 4244 3510 4287 consecra-

1918 4312 2031 4376 vit;
2071 4322 2261 4382 utpote
2292 4316 2383 4383 qui
2408 4316 2593 4385 gravia
2629 4326 2683 4370 et
2723 4318 2910 4371 insana
2944 4318 3192 4387 proferre
3224 4336 3389 4376 ausus
3413 4338 3506 4378 cs-

1918 4417 2021 4469 set,
2039 4412 2334 4477 respondet
2352 4409 2708 4477 praplieticus
2724 4424 2939 4464 sermo:
2969 4410 3193 4477 Deinde,
3219 4415 3510 4469 oomnium

230 4518 361 4553 θεται
394 4500 665 4568 φάσκωνὸ
688 4501 1021 4570 προφητικὸς
1043 4500 1221 4569 λόγος·
1244 4497 1512 4574 Εἷτα,(16)
1538 4499 1581 4557 ὧ
1608 4506 1807 4558 πάντωε

1932 4499 2278 4565 stultissime,
2310 4516 2415 4554 non
2440 4500 2593 4556 vides
2612 4517 2718 4555 non
2733 4516 2896 4571 posse
2919 4504 3177 4570 securim,
3212 4506 3364 4561 nullo
3382 4523 3514 4577 ope-

223 4594 611 4661 ἀφρονέστατε,
637 4592 698 4643 οὐ
725 4593 976 4661 συνορᾷς,
1006 4593 1087 4644 ὅτι
1117 4592 1242 4645 οὗτε
1274 4594 1442 4661 πέλυξ
1465 4597 1657 4649 ἑαυτόν
1680 4615 1811 4650 ποτε

223 4687 495 4754 κινήσειεν
530 4685 624 4735 ἐπὶ
658 4683 834 4754 κοπήν
874 4682 1053 4748 ξύλου,
1093 4685 1167 4755 μὴ
1212 4686 1400 4755 ἐτέρου
1436 4687 1810 4759 ἐνεργοῦντος,

224 4776 337 4828 οὒτε
370 4777 554 4845 πρίων
585 4775 746 4828 διέλοι
774 4776 839 4828 ἂν
865 4776 932 4828 τὰ
964 4776 1097 4846 πρὸς
1128 4777 1293 4829 αὑτοῦ
1335 4780 1662 4851 πριζόμινα,
1704 4800 1810 4853 μη-

224 4865 362 4931 δενὸς
403 4870 676 4932 ἕλκοντος,
730 4868 849 4921 οὐδὲ
892 4869 1086 4939 ῥάϐδος
1134 4868 1353 4938 τύψειεν
1394 4873 1459 4925 ἄν
1503 4891 1641 4939 τινα,
1689 4874 1809 4926 οὐδὲ

228 4961 373 5027 ξύλον
403 4962 659 5033 πλήξειεν
687 4960 1006 5031 αὐτομάτως
1041 4964 1392 5033 κινούμενον;
1423 4965 1542 5035 Χρὴ
1575 4966 1629 5018 δὲ
1660 4966 1808 5034 λογί-

228 5058 441 5120 σασθαι,
470 5058 555 5109 ὅτι
579 5056 702 5111 οὔτε
735 5076 815 5112 σοι
836 5060 1066 5130 διακόνῳ
1088 5060 1202 5114 δντι
1228 5061 1327 5130 τῆς
1354 5058 1449 5111 τοῦ
1474 5060 1609 5112 Θεοῦ
1641 5060 1811 5132 ὀργῆς

226 5148 455 5215 τοσαύτη
488 5149 671 5218 παρῆν
701 5148 947 5219 δύναμις,
982 5154 1055 5214 ὡς
1095 5152 1303 5223 μυρίων
1332 5149 1499 5203 ἐθνῶν
1533 5167 1812 5219 κατακρα-

228 5241 406 5309 τῆσαι,
444 5243 540 5294 καὶ
586 5241 777 5294 τούσδε
820 5243 916 5311 μὲν
962 5244 1203 5305 κόπτειν,
1256 5244 1474 5312 ἐτέρους
1500 5242 1555 5293 δὲ
1603 5244 1807 5305 παίειν,

230 5334 405 5397 ιπόλεις
432 5353 493 5387 τε
554 5334 681 5397 ὅλας
712 5332 1275 5407 ἐξανδραποδίζεσθαι,
1305 5335 1399 5388 καὶ
1434 5335 1599 5405 μυρία
1629 5334 1807 5404 πλήθη

232 5435 729 5500 καταστρωννυναι,
766 5427 964 5489 παντὸς
996 5427 1233 5497 πρίονος,
1270 5427 1363 5480 καὶ
1397 5425 1679 5487 πελέκυος,
1715 5426 1811 5477 καὶ

233 5522 417 5590 ῥάϐδου
449 5522 656 5593 χείρονι
683 5519 979 5589 γενομένῳ,
1008 5522 1055 5573 εί
1083 5519 1155 5591 μὴ
1181 5518 1311 5582 Θεὸς
1339 5515 1406 5589 ἦν
1430 5520 1457 5570 6
1481 5520 1543 5587 τῇ
1574 5520 1639 5588 σῇ
1664 5519 1806 5588 χειρὶ

296 5664 401 5733 (l6)
444 5663 544 5720 Hic
575 5660 807 5733 Eusebii
844 5662 1189 5733 interpretem
1228 5660 1341 5733 fere
1386 5662 1497 5731 agit
1548 5662 1809 5730 Hierony-

296 5678 401 5733 (ιο)
444 5678 544 5720 mc
575 5678 807 5716 Lusemt
844 5678 977 5715 inter
1020 5678 1189 5717 retem
1228 5678 1341 5715 tere
1386 5678 1497 5731 agit
1548 5678 1804 5730 merony-

234 5750 377 5793 mus:
418 5752 543 5791 nam
571 5737 657 5789 sic
693 5730 879 5795 habet,
913 5752 930 5782 ι
966 5678 1013 5787 ὃ
1048 5732 1367 5785 stultissime
1399 5733 1804 5786 mortalium....

229 5813 483 5871 Quomodo
517 5806 561 5862 si
590 5800 819 5860 securis
855 5801 1114 5869 glorietur
1150 5811 1339 5857 contra
1368 5818 1488 5855 cum
1525 5803 1616 5872 qui
1650 5817 1810 5859 θυι-υς

1915 4606 2089 4659 rante,
2120 4596 2186 4650 ad
2224 4596 2429 4667 lignum
2466 4598 2781 4651 caedendum
2811 4613 2869 4653 se
2898 4614 3153 4665 movere;
3185 4617 3362 4671 neque
3392 4618 3512 4657 ser-

1916 4705 2030 4743 ram
2066 4689 2209 4759 ligna
2265 4690 2444 4757 posita
2494 4704 2703 4751 secare.
2738 4690 2953 4745 nemine
3000 4692 3291 4759 trahente;
3333 4709 3511 4762 neque

1916 4780 2125 4849 virgam
2162 4780 2466 4848 quempiam
2498 4788 2807 4848 percutere,
2838 4794 3011 4849 neque
3044 4780 3253 4851 lignum
3309 4793 3506 4851 suopte

1920 4882 2064 4925 motu
2091 4872 2338 4941 quemvis
2374 4871 2621 4927 caedere?
2644 4870 3003 4942 Cogitandum
3018 4887 3149 4927 sane
3169 4882 3308 4937 erat,
3332 4890 3510 4943 neque

1920 4963 2038 5027 tibi,
2076 4964 2169 5017 ira:
2198 4964 2289 5018 Dei
2324 4964 2594 5027 ministro,
2640 4964 2799 5018 talem
2836 4964 3078 5020 adfuisse
3134 4972 3459 5033 potestatem
3487 5010 3503 5032 ,

1921 5064 1979 5107 ut
2004 5054 2245 5107 infinitas
2281 5064 2469 5124 gentes
2500 5058 2770 5117 domares,
2816 5069 2991 5123 neque
3033 5064 3091 5109 ut
3121 5054 3254 5109 alios
3284 5056 3504 5125 quidem

1920 5146 2178 5208 caederes,
2205 5145 2340 5199 alios
2364 5156 2696 5215 percuteres,
2718 5145 2967 5200 civitates
2992 5144 3230 5215 integras
3261 5147 3507 5215 captivas

1916 5243 2163 5305 duceres,
2199 5258 2263 5296 ac
2300 5244 2645 5295 innumeram
2699 5242 3104 5297 multitudinem
3147 5253 3457 5313 protereres
3486 5286 3504 5311 ,

1916 5336 2107 5404 quavis
2130 5335 2498 5399 serra,securi
2525 5342 2579 5386 et
2612 5334 2762 5404 virga
2797 5336 3080 5389 acerbior:
3112 5337 3215 5389 nisi
3244 5335 3387 5390 Deus
3421 5338 3506 5391 liis

1918 5424 2197 5503 suppliciis
2225 5424 2417 5494 dignos
2448 5423 2541 5477 tibi
2576 5424 2914 5479 tradidisset.
2950 5424 3103 5478 Nunc
3157 5439 3321 5494 porro
3368 5426 3505 5480 nihil

1917 5532 2104 5570 eorum
2149 5517 2417 5584 cogitans,
2454 5515 2591 5569 altos
2620 5514 2844 5583 spiritus
2876 5516 3097 5585 cepisti;
3130 5515 3202 5568 ita
3230 5524 3285 5566 ut
3316 5524 3366 5568 te
3397 5533 3507 5569 ma-

1920 5661 2023 5784 sim
2056 5667 2224 5720 tenet,
2248 5670 2303 5711 et
2341 5672 2491 5712 serra
2530 5666 2714 5713 contra
2742 5658 2887 5713 illum
2928 5674 2956 5712 a
2986 5674 3093 5728 quo
3126 5659 3361 5713 trahitur
3393 5674 3407 5711 :
3447 5666 3506 5713 et

1958 5741 2121 5784 icant.
2155 5749 2172 5781 ι
2206 5740 2310 5784 etc.

1958 5741 2121 5794 icant,
2155 5749 2172 5781 ι
2206 5740 2310 5784 etc.
