4100 6286
667 384 768 438 163

1301 372 1562 432 EUSEBII
1600 368 2076 428 CESARIENSIS
2113 365 2265 423 OPP.
2307 365 2484 422 PARS
2523 365 2609 419 Ill.
2649 393 2718 403 -ο
2755 358 3163 417 EXEGETICA.

3773 348 3889 409 ’164

662 516 821 571 gnam
851 498 995 552 illam
1019 507 1253 560 mentem
1275 508 1401 549 esse
1426 501 1666 561 putares.
1700 488 1816 544 Non
1854 487 1995 542 enim
2031 501 2210 554 pacem

2318 481 2594 554 παραδοὺς
2621 481 2746 542 τοὺς
2776 478 2980 532 τούτων
3005 477 3208 542 ἀξίους.
3239 476 3374 528 Νυνὶ
3395 473 3452 527 δὲ
3483 473 3686 528 τούτων
3716 473 3888 544 μηδὲν

661 591 809 646 illam
843 590 956 654 Dei,
991 602 1110 656 qua
1133 594 1366 640 mentem
1390 597 1602 636 omnem
1630 588 1917 647 exsuperat
1942 578 2013 632 ob
2036 577 2219 632 oculos

658 679 936 749 ponebas:
984 677 1080 732 sed
1106 688 1157 731 te
1180 674 1417 727 omnium
1464 671 1755 724 maximum
1790 682 1909 722 esse
1949 676 2122 732 ratus,
2154 679 2218 720 ac

657 770 910 840 superbis
942 768 1114 824 oculis
1166 774 1355 819 contra
1391 765 1558 817 Deum
1604 762 1798 825 elatus,
1839 759 2076 829 gentium
2110 768 2218 812 ter-

660 861 838 914 minos
863 858 1188 916 confundere
1217 855 1486 922 cogitasti,
1529 867 1665 922 quos
1711 851 1950 906 definivit
1983 849 2123 904 Deus
2164 856 2219 903 et

660 949 883 1018 pulchre
936 945 1225 1008 ordinavit,
1265 961 1283 995 ι
1313 944 1539 1010 Quando
1572 946 1862 1012 separabat
1909 941 2219 996 Altissimus

656 1051 868 1110 gentes,
898 1047 953 1092 ut
977 1037 1361 1096 disseminabat
1386 1035 1524 1091 filios
1551 1036 1759 1100 Adam;
1794 1034 2075 1090 constituit
2106 1043 2217 1088 ter-

660 1129 834 1182 minos
891 1129 1130 1198 gentium
1189 1125 1480 1179 secundum
1540 1139 1822 1178 numerum
1901 1123 2214 1192 angelorum

660 1216 754 1273 Dei
787 1221 851 1273 ‘°.
899 1236 918 1270 ι
966 1216 1044 1271 Tu
1089 1230 1215 1270 vero
1258 1214 1517 1281 sapientia
1577 1225 1631 1268 et
1677 1214 1877 1268 erranti
1936 1214 2216 1283 prudentia

659 1321 749 1365 tua
783 1310 1077 1364 arbitratus
1113 1323 1174 1363 es
1197 1320 1354 1377 posse
1388 1316 1440 1361 te
1469 1321 1497 1360 a
1535 1307 1645 1360 Deo
1675 1308 1840 1374 probe
1891 1306 2216 1361 constitutos

658 1402 918 1454 terminos
953 1398 1055 1452 alio
1096 1396 1410 1458 transferre,
1436 1404 1598 1465 atque
1627 1405 1793 1450 totum
1817 1397 2001 1451 orbem
2024 1396 2213 1451 ditioni

658 1502 762 1546 tute
795 1491 1058 1560 subigere.
1098 1488 1228 1542 Nam
1272 1487 1567 1552 aestimasti,
1600 1487 1871 1540 neminem
1916 1487 1979 1539 iis
2005 1486 2215 1556 prospi-

656 1598 782 1638 cere
807 1583 890 1637 vel
937 1578 1285 1651 patrocinari,
1348 1577 1627 1647 Deumque
1676 1577 1920 1632 homines
1960 1579 2051 1646 qui
2090 1587 2214 1632 sunt

655 1692 820 1744 super
849 1686 1043 1729 terram
1078 1670 1206 1726 nihil
1242 1683 1431 1724 curare
1461 1686 1475 1722 :
1522 1670 1870 1736 quamobrem
1903 1681 2092 1738 gentes
2123 1684 2213 1722 οτ-

656 1770 739 1823 bis
771 1765 1028 1828 universi,
1062 1763 1211 1832 quasi
1240 1762 1412 1829 pullos
1453 1761 1717 1824 desertos.
1771 1772 1861 1814 aut
1889 1777 1989 1816 ova
2019 1761 2210 1816 dereli-

650 1866 762 1920 cla,
789 1867 840 1911 te
863 1866 1143 1924 capturum
1173 1853 1425 1921 opinatus
1462 1865 1540 1904 es.
1590 1851 1817 1919 Oportet
1847 1853 2011 1921 igitur
2060 1863 2207 1907 recta
2242 1838 2280 1891 Β

653 1946 979 2014 cogitatione
1024 1953 1235 2012 putare,
1300 1950 1350 1994 te
1388 1954 1456 1994 ne
1499 1955 1592 1994 eos
1623 1942 1839 2010 quidem
1886 1958 2023 2013 quos
2085 1945 2209 1998 sub-

647 2037 828 2105 egisti,
861 2036 978 2089 sine
1007 2043 1135 2089 nutu
1182 2032 1276 2086 Dei
1314 2031 1603 2088 domuisse.
1653 2031 1807 2088 Unde
1834 2048 2066 2102 namque
2115 2035 2208 2089 tibi

654 2128 774 2181 talis
802 2135 1039 2196 potestas
1084 2124 1363 2186 adfuisset,
1405 2125 1507 2179 nisi
1544 2127 1684 2179 Deus
1737 2125 1790 2179 id
1829 2127 2207 2195 permisisset,

627 2235 824 2288 neque
845 2231 896 2273 te
925 2227 982 2273 ut
1010 2220 1367 2274 instrumento
1419 2220 1484 2274 ad
1536 2218 1947 2288 castigationem
1991 2227 2046 2272 et
2081 2233 2211 2288 sup-

645 2310 867 2380 plicium
895 2323 1101 2374 eorum,
1136 2309 1226 2378 qui
1249 2311 1589 2378 correptione
1616 2318 1671 2364 et
1694 2307 2048 2363 conversione
2077 2324 2211 2380 opus

646 2399 939 2462 habebant,
959 2414 1086 2453 usus
1115 2399 1347 2453 fuisset?

721 2489 884 2544 Vens.
919 2489 1008 2554 i7,
1054 2489 1138 2543 l8.
1172 2506 1192 2540 ι
1224 2489 1289 2542 Ει
1311 2490 1414 2543 erit
1441 2488 1618 2544 lumen
1644 2488 1808 2544 Israel
1843 2488 1897 2544 in
1926 2490 2124 2560 ignem,
2153 2499 2210 2546 et

648 2578 1012 2635 sanctificabit
1033 2578 1182 2633 illum
1201 2580 1253 2634 in
1275 2580 1397 2650 igne
1428 2589 1616 2637 urente
1640 2598 1656 2636 :
1677 2591 1728 2636 et
1755 2582 2031 2637 devorabit
2052 2584 2205 2652 quasi

650 2671 830 2725 fenum
863 2671 1072 2725 silvam.
1099 2670 1155 2725 in
1190 2670 1280 2726 illa
1321 2673 1406 2727 die
1435 2669 1846 2739 exstinguentur
1880 2683 2112 2738 montes,
2154 2682 2209 2726 et

646 2759 816 2814 colles
853 2769 908 2814 et
941 2761 1112 2815 silvze.
1144 2778 1163 2811 ι
1201 2760 1319 2830 Ipse
1353 2761 1443 2830 qui
1476 2760 1606 2817 olim
1628 2761 1883 2831 populum
1909 2776 2064 2817 suum
2091 2762 2210 2817 illu~

648 2851 888 2906 minabat
910 2853 1048 2907 Deus
1072 2893 1088 2918 ,
1132 2862 1186 2908 et
1229 2852 1605 2908 sanetiiicabat
1632 2853 1779 2908 illum
1803 2894 1822 2921 ,
1851 2854 1950 2909 tibi
1978 2855 2209 2925 superbo

649 2943 788 3014 ignis
815 2942 1041 2999 elfectus
1069 2951 1173 2999 est.
1225 2941 1330 2998 Pro
1367 2942 1460 2998 illo
1493 2952 1668 2998 autem
1696 2982 1714 3009 ,
1752 2962 1771 2996 t
1808 2945 1874 2999 Et
1902 2944 2208 2999 sanctiﬁca-

646 3033 727 3087 bit
759 3031 904 3086 illum
937 3032 989 3086 in
1018 3033 1140 3102 igne
1177 3039 1389 3094 urente,
1423 3049 1444 3085 ι
1485 3030 1843 3102 Symmachus
1868 3073 1883 3098 .
1924 3053 1942 3086 ι
1973 3033 2040 3088 Ει
2085 3049 2209 3089 san-

648 3131 767 3176 ctus
801 3123 916 3193 ejus
944 3123 995 3175 in
1030 3121 1320 3184 ﬂammam.
1361 3142 1382 3175 ι
1425 3122 1558 3178 Nam
1589 3124 1711 3190 tibi,
1740 3124 1939 3194 inquit,
1960 3125 2205 3196 Assyrio,

643 3212 741 3282 qui
777 3213 939 3283 impie
966 3222 1020 3268 et
1059 3213 1266 3273 tumide
1291 3209 1529 3284 cogitare
1561 3229 1726 3269 ausus
1752 3228 1831 3279 es,
1863 3223 2084 3270 sanctus
2128 3215 2209 3271 ls-

649 3305 784 3371 rael,
806 3314 859 3360 et
876 3304 968 3375 qui
999 3304 1126 3359 olim
1153 3303 1266 3372 ejus
1302 3305 1393 3358 lux
1422 3303 1543 3371 fuit,
1581 3305 1632 3358 in
1656 3303 1927 3360 ﬂammam
1956 3313 2012 3362 et
2034 3305 2210 3377 ignem

647 3395 859 3449 evadet.
877 3390 1115 3449 Collibus
1145 3407 1291 3461 vero,
1323 3394 1599 3450 montibus
1629 3403 1683 3449 et
1719 3394 1892 3458 silvis,
1921 3409 1951 3450 e
1984 3409 2045 3450 re
2070 3410 2212 3450 com-

646 3492 805 3553 parat
831 3484 976 3538 illam
1003 3484 1348 3554 Assyriorum
1382 3481 1816 3552 multitudinem;
1841 3483 2006 3541 duces
2031 3493 2209 3540 autem

649 3591 854 3637 eorum,
879 3585 934 3630 et
959 3575 1049 3644 qni
1087 3575 1210 3630 aliis
1237 3582 1522 3644 prmerant,
1554 3576 1708 3645 quasi
1724 3576 1890 3632 colles
1915 3586 1972 3633 et
1998 3587 2210 3633 montes

650 3665 800 3720 dicit.
840 3664 947 3720 Sed
998 3665 1074 3720 illi
1114 3665 1332 3736 quidem
1373 3668 1825 3738 exstinguentur;
1873 3668 1928 3724 id
1961 3678 2090 3734 est,
2133 3668 2211 3725 illi

647 3753 783 3809 olim
808 3769 1002 3826 graves
1030 3766 1086 3812 et
1113 3755 1396 3822 ardentes,
1427 3757 1512 3814 vel
1542 3759 1717 3823 inviti,
1750 3757 1931 3829 frigidi
1955 3761 2205 3816 evadent.

650 3843 795 3902 Mors
821 3847 1021 3917 quippe
1046 3845 1166 3902 illos
1195 3848 1480 3904 devorabit
1501 3887 1517 3914 ,
1549 3857 1757 3905 tantum
1783 3865 1888 3906 non
1916 3861 1973 3906 et
1999 3853 2210 3907 animas

649 3953 775 3994 cum
801 3939 1117 4009 corporibus
1140 3940 1457 3996 absumens.
1483 3939 1636 4008 Quod
1651 3950 1848 3998 “autern
1883 3943 2077 4000 animat
2097 3960 2208 4000 non

653 4044 760 4085 una
803 4045 929 4085 cum
960 4031 1274 4100 corporibus
1306 4030 1583 4102 tollantur,
1617 4036 1813 4105 cuique
1862 4035 2207 4092 manifestum

649 4131 735 4178 est
769 4123 952 4192 :quod
990 4124 1182 4176 annua:
1213 4123 1522 4180 firmitatem
1557 4125 1881 4182 subindicat.
1929 4126 2064 4182 Cum
2111 4128 2208 4184 sil-

651 4228 772 4266 vam
809 4213 977 4278 dicit,
1028 4213 1420 4290 multitudinem
1466 4230 1586 4285 quas
1627 4230 1750 4271 cum
1794 4231 1921 4288 rege
1951 4217 2203 4289 Assyrio-

650 4316 769 4356 rum
804 4311 921 4357 erat
944 4302 1164 4357 denotat
1200 4321 1214 4357 :
1246 4304 1551 4375 carmeium
1578 4321 1744 4370 vero.
1768 4317 1828 4363 ut
1848 4308 1926 4362 ait
1960 4307 2208 4378 Symma-

650 4393 783 4448 chus
804 4433 821 4460 ,
865 4393 979 4462 ejus
1012 4395 1226 4450 divitias
1262 4405 1574 4465 nuncupat,
1623 4411 1829 4452 necnon
1859 4397 2156 4468 voluptates
2185 4415 2201 4454 :

2315 572 2690 643 λογισάμενος,
2726 571 2935 641 ὲπῆρας
2961 567 3208 630 σεαυτὸν,
3251 567 3326 629 ὼς
3366 564 3653 618 ὑπολαϐεῖν
3689 564 3890 617 σαυτὸν

2315 663 2453 721 εἶναι
2485 667 2575 718 τὸν
2622 664 2796 734 μέγαν
2827 661 2972 714 νοῦν.
3023 662 3098 713 Οὐ
3131 659 3240 731 γὰρ
3273 658 3395 712 ἔθου
3437 657 3542 729 πρὸ
3587 655 3889 727 ὀφθαλμῶν

2315 761 2412 831 τὴν
2443 759 2665 830 είρήνην
2695 756 2789 809 τοῦ
2817 754 2951 809 Θεοῦ
2982 754 3079 824 τὴν
3109 753 3480 824 ὑπερέχουσαν
3512 751 3691 804 πάντα
3720 750 3849 805 νοῦν
3869 767 3885 782 ·

2318 852 2408 903 καὶ
2447 850 2663 903 πάντων
2709 847 2963 918 μέγιστον
3014 843 3242 913 νομίσας
3290 838 3429 896 εἶναι
3465 841 3674 905 ἑαυτὸν,
3708 839 3889 911 ὑπερ-

2317 939 2540 1010 ηφάνοις
2555 937 2610 989 δὲ
2639 935 2933 1005 ὀφθαλμοῖς
2966 931 3328 1002 κατεπαρθεὶς
3358 931 3452 984 τοῦ
3485 929 3643 994 Θεοῦ,
3675 931 3892 1002 διενοή-

2315 1028 2414 1098 θης
2456 1028 2523 1081 τὰ
2554 1029 2678 1097 ὅρια
2712 1026 2820 1079 τῶν
2852 1025 3020 1078 ἐθνῶν
3054 1025 3320 1095 συγχέειν,
3362 1025 3397 1077 ἃ.
3433 1027 3470 1089 ό,
3491 1023 3623 1087 Θεὸς
3664 1021 3892 1094 διώρισε

2315 1122 2409 1175 καὶ
2434 1119 2641 1185 διέταξε
2674 1118 2871 1183 καλῶς,
2896 1120 3052 1171 «Ὅτε
3072 1115 3372 1188 διεμέριζεν
3387 1118 3512 1188 ἔθνη
3540 1119 3569 1170 6
3602 1116 3893 1186 ”Υψιστος,

2313 1213 2388 1275 ὡς
2415 1213 2717 1282 διέσπειρεν
2746 1211 2894 1272 υἱοὺς
2930 1209 3116 1279 Ἀδάμ·
3151 1211 3375 1280 ἔστησεν
3395 1210 3516 1280 ὅρια
3546 1209 3711 1262 ὲθνῶν
3741 1206 3899 1261 κατὰ

2315 1303 2546 1374 ἀριθμὸν
2575 1302 2817 1371 ἀγγέλων
2847 1301 3001 1354 Θεοῦ.
3026 1321 3042 1352 ι
3074 1303 3145 1354 Σὺ
3169 1301 3224 1353 δὲ
3253 1303 3318 1370 τῇ
3354 1301 3578 1354 σεαυτοῦ
3606 1299 3762 1369 σοφίᾳ
3785 1299 3899 1351 καὶ

2310 1399 2378 1465 ’τῇ
2406 1394 2790 1465 πεπλανημένη
2827 1394 3036 1446 συνέσει
3070 1392 3250 1464 ᾠήθης
3282 1391 3540 1445 δύνασθαι
3573 1392 3895 1463 μεταθεῖναι

2317 1487 2414 1553 μὲν
2465 1488 2588 1548 τοὺς
2623 1484 2726 1538 ὑπὸ
2776 1484 2870 1537 τοῦ
2917 1484 3050 1537 Θεοῦ
3098 1479 3158 1537 εὖ
3204 1483 3652 1553 διατεταγμένους
3698 1484 3891 1553 ὄρους,

2314 1577 2619 1646 ὑποχείριον
2665 1576 2723 1629 δὲ
2791 1575 2969 1646 σαυτῷ
3016 1575 3114 1647 τὴν
3161 1575 3482 1646 οἰκουμένην
3529 1573 3892 1644 ποιήσασθαι.

2312 1669 2529 1735 Μηδένα
2578 1669 2684 1739 γὰρ
2736 1670 2937 1739 ὲφορᾷν
2992 1668 3123 1739 μηδὲ
3175 1667 3677 1737 ἀντιλαμϐάνεσθαι,
3744 1666 3894 1737 μηδὲ

2313 1757 2430 1826 Θεῷ
2461 1757 2672 1826 μέλλειν
2703 1757 2810 1810 τῶν
2859 1759 2950 1809 ἐπὶ
2990 1759 3092 1828 γῆς
3131 1756 3430 1828 ἀνθρώπων
3482 1757 3756 1827 ἐνόμισας·
3795 1755 3894 1810 διὸ

2309 1849 2495 1919 ὥσπερ
2548 1848 2776 1901 νεοττῶν
2828 1850 3066 1919 ἐρήμων,
3115 1849 3306 1921 ήὼῶν
3349 1848 3888 1919 καταλελειμμένων,

2309 1939 2576 2002 ὑπέλαϐες
2609 1942 2900 2012 κρατήσειν
2930 1941 3037 1993 τῶν
3063 1941 3156 1993 ἐπὶ
3186 1942 3286 2010 τῆς
3326 1941 3648 2011 οἰκουμένης
3681 1941 3883 1995 ἐθνῶν.

2307 2033 2397 2084 Δεῖ
2419 2027 2510 2084 οῦν
2543 2031 2688 2102 ὀρθῷ
2712 2031 2954 2102 λογισμῷ
2984 2031 3350 2102 διανοηθῆναι,
3372 2033 3455 2085 ὅτι
3479 2032 3571 2085 καὶ
3594 2031 3771 2087 αὑτῶν
3798 2025 3892 2086 ὧν

2308 2120 2637 2190 ἐκράτησας,
2686 2121 2786 2173 οὐκ
2841 2122 2968 2175 ἄνευ
3031 2120 3166 2174 Θεοῦ
3217 2121 3484 2193 νεύματος
3539 2124 3886 2195 περιεγένου.

2309 2213 2477 2268 Πόθεν
2507 2214 2614 2284 γάρ
2649 2229 2730 2266 σοι
2764 2212 2946 2284 παρῆν
2971 2213 3195 2285 τοιαύτη
3228 2215 3464 2281 ἐξουσία,
3503 2217 3576 2288 μὴ
3613 2216 3708 2270 τοῦ
3737 2215 3886 2270 Θεοῦ

2309 2303 2811 2373 συγκεχωρηκότος,
2843 2303 2938 2356 καὶ
2967 2301 3156 2375 ῶσπερ
3186 2305 3398 2376 ὀργάνῳ
3424 2307 3768 2380 χρησαμένου
3793 2324 3890 2360 σοι

2305 2391 2400 2444 ἐπὶ
2423 2390 2688 2463 τιμωρίαν
2717 2391 2812 2445 καὶ
2833 2391 3050 2446 κόλασιν
3076 2394 3184 2448 τῶν
3210 2397 3538 2467 ἐπιστροφῆς
3578 2397 3846 2468 δεομένων
3867 2412 3889 2463 ;

2386 2502 2406 2536 ι
2439 2484 2550 2537 Καὶ
2574 2483 2726 2538 ἔσται
2749 2483 2811 2538 τὸ
2835 2483 2950 2554 φῶς
2975 2484 3069 2538 τοῦ
3105 2486 3319 2559 Ἰσραὴλ
3345 2490 3425 2552 εις
3453 2489 3583 2560 πῦρ,
3603 2492 3697 2543 καὶ
3723 2491 3891 2559 ἁγιά-

2309 2592 2391 2630 σει
2416 2576 2577 2629 αὑτὸν
2615 2577 2673 2629 ὲν
2704 2577 2838 2647 πυρὶ
2871 2578 3142 2648 καιομένῳ
3161 2595 3175 2608 ·
3205 2580 3299 2633 καὶ
3341 2581 3710 2650 καταφάγεται
3745 2582 3891 2636 ὡσεὶ

2308 2669 2501 2740 χόρτον
2535 2667 2632 2740 τὴν
2667 2668 2819 2740 ὓλην.
2850 2670 2929 2741 Τῇ
2970 2671 3151 2741 ἡμέρᾳ
3180 2671 3362 2744 ἐκείνῃ
3411 2673 3889 2746 ἁποσϐεσθήσεται

2306 2758 2375 2811 τὰ
2400 2759 2500 2830 ὀρη
2527 2760 2623 2813 καὶ
2641 2761 2689 2812 οἱ
2715 2758 2912 2830 βουνοὶ,
2946 2761 3039 2814 καὶ
3068 2763 3117 2814 οἱ
3140 2762 3356 2833 δρυμοί.
3386 2781 3405 2815 ι
3441 2765 3610 2829 Αὐτὸς
3644 2767 3676 2818 ὀ
3710 2765 3890 2821 πάλαι

2308 2850 2558 2918 φωτίζων
2583 2849 2675 2904 τὸν
2699 2851 2894 2904 ἑαυτοῦ
2927 2845 3052 2906 λαὸν
3079 2852 3228 2920 Θεὸς,
3264 2856 3359 2908 καὶ
3398 2858 3640 2925 ἁγιάζων
3675 2859 3841 2913 αὑτὸν
3866 2901 3885 2926 ,

2309 2941 2394 2993 σοι
2435 2940 2515 3011 τῷ
2556 2941 2888 3014 ὑπερηφάνῳ
2927 2946 3206 3016 γινόμενος
3252 2946 3385 3018 πῦρ.
3455 2950 3599 3003 ’Λντὶ
3644 2951 3702 3004 δὲ
3744 2952 3841 3005 τοῦ
3865 2992 3885 3018 ,

2316 3046 2334 3081 t
2370 3030 2479 3083 Καὶ
2508 3029 2728 3099 ἁγιάσει
2757 3031 2919 3085 αὑτὸν
2953 3035 3011 3087 ἐν
3043 3035 3176 3106 πυρὶ
3222 3037 3514 3110 καιομένῳ,
3545 3057 3564 3090 ι
3594 3041 3623 3093 6
3654 3040 3888 3112 Σύμμα-

2313 3136 2440 3189 χος,
2492 3138 2512 3172 ι
2552 3122 2663 3176 Καὶ
2705 3124 2736 3176 6
2774 3123 2929 3194 άγιος
2971 3125 3133 3180 αὑτοῦ
3185 3129 3261 3191 είς
3313 3128 3505 3198 φλόγα.
3551 3149 3569 3182 ι
3601 3130 3694 3184 Σοὶ
3735 3131 3886 3203 γὰρ,

2313 3212 2468 3282 φησὶ,
2501 3213 2580 3285 τῷ
2624 3215 2909 3287 Ἀσσυρίῳ,
2939 3215 3108 3289 ἀσεϐῆ
3138 3220 3231 3272 καὶ
3255 3221 3536 3292 ὑπέρογκα
3559 3221 3887 3292 λογίσασθαι

2310 3303 2685 3377 τετολμηκότι,
2707 3308 2736 3358 ὁ
2755 3307 2910 3376 ἅγιος
2945 3307 3176 3382 Ἰσραὴλ,
3206 3312 3300 3365 καὶ
3324 3313 3354 3365 6
3385 3313 3551 3367 πάλαι
3574 3314 3687 3384 φῶς
3711 3315 3884 3375 αὐτοῦ

2313 3393 2570 3462 γεγονὼς,
2603 3398 2684 3461 είς
2714 3398 2887 3468 φλόγα
2931 3401 3023 3454 καὶ¹
3055 3403 3134 3465 είς
3175 3401 3285 3475 πῦρ
3312 3406 3612 3476 γενήσεται.
3657 3407 3887 3473 Βουνοῖς

2309 3487 2368 3540 δὲ
2398 3488 2492 3542 καὶ
2522 3489 2669 3560 ὄρεσι
2696 3492 2788 3544 καὶ
2811 3493 3032 3564 δρυμοῖς
3060 3495 3379 3568 παρεικάζει
3399 3497 3596 3563 καλῶς,
3626 3500 3792 3571 αὐτήν
3810 3517 3884 3554 τε

2311 3576 2419 3630 τῶν
2461 3579 2761 3650 ’Λσσυρίων
2798 3582 3028 3653 πληθὺν,
3063 3584 3158 3637 καὶ
3187 3587 3311 3648 τοὺς
3336 3587 3666 3658 ἡγουμένους
3704 3589 3884 3661 αὐτῆς

2311 3668 2406 3720 καὶ
2431 3668 2538 3722 τῶν
2569 3670 2741 3726 ἄλλων
2761 3672 3145 3744 ὑπερέχοντας,
3169 3675 3417 3748 καθάπερ
3447 3677 3666 3748 βουνοὺς
3687 3680 3719 3751 ἢ
3748 3679 3883 3752 ὄρη.

2325 3757 2463 3810 Ἀλλ’
2487 3754 2633 3815 οῦτοι
2655 3761 2754 3833 μὲν
2781 3764 3299 3837 άποσϐεσθήσονται,
3323 3772 3614 3836 τουτέστιν,
3636 3773 3685 3825 oi
3706 3772 3884 3826 πάλαι

2303 3840 2474 3904 δεινοὶ
2502 3853 2596 3906 καὶ
2631 3853 2842 3926 θερμοὶ,
2887 3858 2982 3910 καὶ
3011 3858 3110 3930 οὐχ
3136 3859 3350 3925 ἑκόντες
3377 3861 3878 3935 καταψυγήσονται.

2310 3941 2699 4013 Καταφάγεται
2734 3945 2843 4019 γὰρ
2875 3950 3074 4013 αὐτοὺς
3099 3951 3131 4004 6
3167 3951 3421 4016 θάνατος,
3467 3954 3743 4025 μονονουχὶ
3777 3958 3882 4009 καὶ

2308 4032 2487 4104 ψυχὰς
2515 4035 2768 4092 δαπανῶν
2799 4040 2895 4093 καὶ
2921 4042 3100 4112 σῶμα.
3134 4043 3255 4098 Ὅτι
3290 4043 3388 4115 μὲν
3413 4044 3523 4116 γὰρ
3573 4046 3636 4098 οὑ
3683 4063 3881 4100 συναν-

2308 4123 2540 4195 ῄρηνται
2566 4129 2678 4192 τοῖς
2701 4128 2946 4201 σώμασιν
2963 4134 3223 4205 αίψυχαὶ,
3249 4137 3409 4191 παντί
3435 4155 3513 4209 τῳ
3541 4140 3708 4208 σαφές
3732 4140 3876 4195 ἐστι’

2310 4215 2641 4287 ὑπεμφαίνει
2668 4219 2724 4273 δὲ
2749 4221 2920 4294 δήπου
2947 4225 3009 4278 τὸ
3030 4226 3130 4297 τῆς
3151 4227 3331 4298 ψυχῆς
3355 4229 3625 4293 εὑσθενές.
3658 4232 3879 4303 Δρυμὸν

2305 4307 2364 4361 δὲ
2406 4309 2598 4379 λέγων,
2647 4313 2715 4367 τὰ
2757 4314 2934 4388 πλήθη
2965 4319 3032 4373 τὰ
3080 4320 3176 4372 σὺν
3205 4320 3285 4391 τῷ
3333 4320 3541 4392 βασιλεῖ
3576 4323 3879 4398 Ἀσσυρίων

2305 4397 2480 4471 δηλοῖ·
2516 4402 2810 4475 Κάρμηλον
2835 4406 2914 4473 δὲ,
2944 4409 3020 4472 ὡς
3041 4411 3070 4462 6
3098 4409 3390 4483 Σύμμαχος
3411 4429 3562 4486 φησι,
3589 4416 3679 4471 τὸν
3707 4397 3877 4474 πλοῦ-

650 4498 770 4553 qua:
799 4484 1123 4541 absumenda
1163 4484 1295 4541 dicit
1326 4487 1396 4541 ab
1427 4486 1618 4542 ultrice
1652 4488 1895 4558 praedicti
1924 4488 2064 4558 ignis
2089 4489 2204 4546 vio-

2310 4503 2396 4541 τον
2436 4490 2601 4544 αὑτοῦ
2641 4494 2734 4548 καὶ
2765 4495 2866 4566 τὴν
2915 4498 3142 4570 τρυφὴν,
3185 4501 3329 4573 άπερ
3369 4484 3543 4558 πάντα
3587 4507 3876 4575 ἀναλωθή-

651 4572 832 4628 lentia.

725 4753 886 4810 Vens.
925 4756 1011 4812 i9.
1049 4776 1070 4809 ‹
1105 4757 1168 4812 Ει
1192 4758 1470 4816 devorabit
1499 4760 1568 4816 ab
1593 4762 1770 4816 anima
1797 4776 1968 4832 usque
1998 4765 2064 4819 ad
2091 4778 2206 4820 car-

651 4862 745 4902 nes
777 4866 790 4902 :
829 4859 884 4901 et
908 4848 1012 4902 erit
1043 4849 1131 4917 qui
1159 4848 1325 4920 fugiet
1345 4853 1498 4920 quasi
1533 4851 1740 4922 fugiens
1768 4853 2030 4909 aflamma
2053 4871 2206 4911 uren-

648 4945 719 4991 te.
761 4937 828 4991 Et
858 4938 948 5007 qui
977 4939 1348 5008 relinquentur
1383 4955 1449 4995 ex
1483 4942 1612 5009 ipsis
1639 4959 1893 4999 numerus
1925 4955 2120 5010 erunt,
2151 4957 2207 5001 et

653 5042 785 5096 puer
806 5028 1003 5084 scribet
1033 5045 1146 5084 eos.
1189 5048 1207 5082 ι
1247 5029 1380 5085 Cum
1415 5032 1559 5096 hac,
1589 5031 1781 5103 inquit,
1817 5033 2041 5107 Assyrio
2070 5052 2202 5092 con-

652 5119 894 5188 tigerint,
928 5118 1016 5174 ille
1036 5120 1161 5189 fuga
1186 5135 1244 5176 se
1266 5121 1544 5192 proripiet,
1572 5133 1729 5192 atque
1753 5139 1942 5180 omnes
1969 5126 2202 5195 quicum

651 5209 743 5262 illo
770 5220 970 5274 erunt,
1016 5211 1242 5280 idipsum
1284 5222 1465 5282 agent.
1513 5213 1666 5280 Quod
1713 5214 1758 5268 si
1797 5214 2012 5284 quidam
2047 5216 2202 5285 pauci

650 5298 1045 5368 relinquantur,
1096 5310 1174 5354 tot
1200 5312 1400 5369 erunt,
1447 5313 1506 5357 ut
1539 5304 1709 5372 possit
1749 5307 1922 5373 quivis
1948 5307 2204 5376 puerulus

653 5389 862 5443 illorum
899 5405 1177 5445 numerum
1213 5393 1471 5464 assequi,
1514 5409 1578 5450 ac
1607 5394 1810 5465 scripto
1843 5398 2162 5468 consignare
2184 5439 2201 5463 ,

653 5479 855 5548 reliqua
901 5481 1240 5547 multitudine
1282 5483 1350 5539 de
1386 5486 1562 5540 medio
1608 5485 1836 5542 sublata.
1871 5486 1996 5544 Haec
2024 5498 2080 5544 et
2117 5503 2205 5545 se-

651 5567 882 5622 cundum
922 5569 1153 5626 litteram
1191 5582 1247 5628 et
1271 5574 1562 5631 secundum
1595 5583 1831 5637 mentem
1860 5577 2001 5635 dicta
2033 5587 2202 5646 sunt;

723 5744 768 5778 “
799 5748 952 5804 Deut.
992 5764 1160 5816 xuii,
1205 5751 1257 5807 8.

2310 4581 2495 4635 σεσθαί
2543 4602 2705 4656 φησιν
2756 4589 2862 4642 ὑπὸ
2918 4593 3017 4664 τῆς
3060 4591 3386 4665 κολαπικῆς
3431 4597 3713 4669 δυνάμεως
3770 4603 3872 4657 τοῦ

2308 4672 2689 4746 προλεχθέντος
2708 4681 2895 4752 πυρός.

2382 4785 2401 4816 ι
2437 4768 2543 4821 Καὶ
2581 4771 2956 4840 καταφάγεται
2990 4773 3099 4827 άπὸ
3141 4773 3318 4847 ψυχῆς
3345 4775 3448 4842 ἕως
3491 4780 3730 4852 σαρκῶν,
3775 4784 3872 4837 καὶ

2305 4857 2454 4910 ἔσται
2480 4861 2508 4912 6
2533 4860 2765 4929 φεύγων,
2802 4863 2878 4926 ὡς
2896 4867 2926 4917 6
2950 4865 3161 4936 φεύγων
3185 4870 3294 4924 ἀπὸ
3336 4871 3528 4940 φλογὸς
3553 4873 3868 4944 καιομένης.

2306 4949 2414 5002 Καὶ
2462 4953 2509 5004 οἱ
2559 4953 3007 5025 καταλειφθέντες
3031 4960 3127 5013 ἀπ’
3155 4961 3335 5016 αὐτῶν
3360 4963 3588 5036 ἀριθμὸς
3632 4965 3870 5030 ἔσονται,

2309 5041 2399 5092 καὶ
2426 5041 2631 5096 παιδίον
2652 5045 2850 5114 γράψει
2884 5047 3098 5114 αὐτούς.
3131 5070 3151 5103 ι
3193 5053 3461 5118 Ἐπειδὰν,
3504 5059 3656 5127 φησι,
3695 5056 3870 5111 ταῦτα

2308 5128 2385 5200 τῷ
2422 5130 2687 5205 Ἀσσυρίῳ
2717 5137 2917 5207 συμϐῇ,
2948 5137 3174 5212 δρασμῷ
3214 5144 3555 5216 χρησάμενος
3593 5148 3868 5216 φεύξεται,

2308 5219 2439 5273 οἵτε
2482 5223 2579 5276 σὺν
2619 5225 2769 5296 αύτῷ
2814 5228 3011 5293 πάντες
3042 5231 3199 5287 τοῦτο
3225 5236 3540 5308 πράξουσιν.
3582 5239 3644 5294 Ei
3675 5240 3732 5293 δέ
3764 5259 3867 5296 που

2307 5307 2530 5380 βραχεῖς
2556 5331 2698 5378 τινες
2721 5317 3146 5390 καταλειφθεῖεν,
3185 5307 3425 5385 τοσοῦτοι
3457 5327 3688 5395 ἔσονται,
3725 5333 3866 5388 ὥστε

2307 5398 2563 5457 δύνασθαι
2589 5407 2682 5458 καὶ
2709 5407 2772 5460 τὸ
2791 5410 2952 5481 τυχὸν
2981 5414 3185 5470 παιδίον
3212 5416 3302 5470 τὸν
3318 5417 3547 5490 ἀριθμὸν
3567 5423 3748 5477 αὑτῶν
3774 5443 3868 5480 πι-

2309 5491 2569 5588 ριλασεῖν,
2604 5498 2699 5551 καὶ
2719 5505 2903 5576 γραφῇ
2938 5507 3290 5578 παραδοῦναι,
3312 5509 3405 5565 τοῦ
3424 5509 3610 5569 λοιποῦ
3632 5515 3870 5588 πλήθους

2308 5583 2663 5654 ἀπολωλότος.
2696 5591 2880 5648 Ταῦτα
2907 5599 3001 5652 καὶ
3025 5600 3158 5671 πρὸς
3190 5601 3334 5669 λέξιν
3358 5603 3573 5676 εἴρηται
3611 5608 3707 5664 καὶ
3727 5583 3872 5683 ⁷πρὸς
