4100 6286
170 363 253 416 165
1119 351 1613 411 COMMENTARM
1654 349 1719 404 1N
1758 348 2012 405 ISAIAM.
2053 378 2117 389 ——
2151 346 2301 403 CAP.
2346 347 2412 401 Χ.

3332 346 3437 399 168

169 482 411 535 διανοιαν·
455 476 593 549 πρὸς
648 474 753 544 μὲν
788 475 971 538 λεςιν,
1017 472 1358 543 ἀνηνεγμένα
1386 470 1477 521 ἐπὶ
1514 471 1605 521 τὸν
1636 468 1750 521 Να-

1863 467 2151 521 secundum
2185 464 2420 519 litteram
2460 462 2705 532 quidem,
2753 463 2798 515 si
2840 462 2906 515 ad
2938 459 3437 518 Nabuchodonoso-

173 571 533 641 Gaaxoéavéoop
556 607 570 629 ,
624 568 722 619 τὸν
776 567 1147 635 ἐμπρήσαντα
1190 562 1283 616 τὸν
1338 562 1464 614 ναὸν
1508 560 1604 613 καὶ
1654 559 1752 629 τὴν

175 666 314 719 πόλιν
335 682 348 694 ·
387 660 596 731 πρδςδὲ
624 659 900 724 διάνοιαν,
936 657 1031 710 ἐπὶ
1056 658 1152 727 τὴν
1180 653 1565 723 ἀντικειμένην
1592 651 1751 704 δύνα-

176 776 280 829 μεν,
313 751 380 825 ἧς
419 754 489 807 τὰ
527 750 837 822 λελεγμένα
894 752 955 803 ὲν
998 751 1063 819 τῇ
1108 747 1412 818 προφητείᾳ
1452 745 1750 813 παθούσης,

176 844 447 919 καθῃρέθη
492 843 691 896 αὐτίκα
724 843 760 911 ἡ
792 840 905 893 τῶν
950 838 1207 892 ἐναντίων
1244 834 1546 905 Ἀσσυρίων
1589 833 1753 887 δυνα-

178 953 346 989 στεια.

247 1048 265 1079 ι
294 1028 405 1080 Καὶ
440 1024 595 1077 ἐσται
624 1026 683 1075 ὲν
712 1025 777 1092 τῇ
813 1020 1001 1091 ἡμέρᾳ
1056 1018 1271 1092 ὲκείνῃ,
1303 1016 1485 1070 οὐκέτι
1524 1030 1755 1087 προστε-

174 1122 389 1189 θήσεται
420 1118 485 1169 τὸ
539 1113 905 1179 καταλειφθὲν
969 1110 1204 1183 Ἰσραὴλ,
1251 1109 1345 1163 καὶ
1393 1109 1443 1161 oi
1491 1106 1756 1169 σωθέντες

174 1210 259 1262 τοῦ
298 1206 501 1261 Ἰακὼὸ
530 1205 715 1257 οὐκέτι
742 1203 814 1271 μὴ
846 1200 1163 1263 πεποιθότες
1194 1194 1326 1253 ὦσιν
1364 1200 1457 1251 ἐπὶ
1480 1200 1605 1260 τοὺς
1638 1196 1754 1249 ἀδι-

174 1304 446 1370 κήσαντας
495 1297 715 1359 αὐτοὺς,
761 1293 898 1348 ἀλλὰ
932 1294 1143 1345 ἔσονται
1173 1291 1493 1354 πεποιθότες
1536 1291 1627 1342 ἐπὶ
1664 1287 1756 1341 τὸν

175 1392 297 1443 Θεὸν
317 1390 411 1441 τὸν
450 1389 606 1453 ἆγιον
632 1384 723 1438 τοῦ
758 1382 971 1454 Ἰσραὴλ
998 1384 1063 1452 τῇ
1090 1381 1335 1451 ἀληθείᾳ.
1371 1380 1479 1433 Καὶ
1516 1379 1663 1431 ἔσται
1696 1377 1757 1429 τὸ

175 1478 533 1547 καταλειφθὲν
576 1475 667 1529 τοῦ
717 1473 910 1527 Ἰακὼϐ
945 1474 1033 1526 ἐπὶ
1070 1472 1199 1525 Θεὸν
1253 1474 1525 1542 ἰσχύοντα.
1566 1490 1582 1521 ›
1620 1472 1756 1539 Φησὶ

517 1569 640 1621 καθ’
674 1567 732 1619 ὃν
763 1567 939 1619 πάντα
977 1565 1047 1616 τὰ
1082 1562 1446 1634 προλεχθέντα
1482 1563 1622 1615 κατὰ
1661 1562 1755 1614 τοῦ

170 1662 503 1731 δηλωθέντος
520 1659 780 1729 ἄρχοντος
802 1656 909 1709 τῶν
945 1656 1240 1725 Ἀσσυρίων
1272 1654 1338 1705 δι’
1366 1653 1542 1725 ἔργων
1579 1654 1757 1723 χωρή-

177 1772 329 1814 σειεν,
384 1754 436 1804 οἱ
475 1749 917 1821 περιλειφθέντες
949 1745 1043 1800 τοῦ
1076 1744 1754 1816 αίχμαλωτισθέντοςςλαοῦ

1853 573 1967 613 rem
2014 554 2341 620 referantur,
2370 554 2462 625 qui
2500 552 2759 621 templum
2810 552 3051 607 incendit
3102 563 3156 607 et
3203 553 3431 618 urbem;

1857 648 2150 703 secundum
2193 656 2427 701 mentem
2475 660 2627 709 vero,
2659 646 2703 699 si
2734 644 2800 698 ad
2828 654 3153 713 potestatem
3178 646 3434 701 adversa-

1858 739 2014 802 riam,
2047 752 2168 807 quse
2203 752 2322 790 cum
2355 751 2441 799 ea,
2472 751 2593 807 qua
2626 736 2678 789 in
2715 735 2997 805 prophetia
3032 735 3440 805 feruntur,per-

1856 843 2014 896 pessa
2065 838 2235 891 esset,
2289 826 2728 881 adversariorum
2778 825 3130 897 Assyriorum
3189 828 3435 895 potentia

1856 919 2143 976 confestim
2169 918 2379 985 sublata
2413 928 2518 971 est.

1927 1010 2090 1064 Vens.
2116 1008 2207 1071 20,
2233 1008 2323 1062 2|.
2356 1027 2373 1058 ι
2406 1007 2471 1061 Et
2504 1006 2609 1061 erit
2640 1006 2694 1061 in
2731 1006 2817 1060 die
2846 1004 2957 1070 illa,
2992 1020 3098 1061 non
3127 1006 3266 1061 ultra
3299 1007 3440 1077 adji-

1854 1102 2029 1157 cietur
2061 1101 2331 1155 residuum
2360 1096 2542 1160 Israel,
2571 1107 2630 1151 et
2661 1098 2750 1166 qui
2786 1097 2922 1152 salvi
2944 1097 3141 1152 fuerint
3168 1113 3235 1153 ex
3268 1096 3439 1155 Iacob

1858 1210 1964 1247 non
1997 1194 2136 1247 ultra
2193 1194 2446 1247 fiduciam
2476 1193 2752 1247 habebunt
2783 1193 2833 1245 in
2866 1192 2987 1246 illos
3027 1192 3119 1258 qui
3153 1206 3212 1245 se
3240 1193 3438 1261 injuria

1859 1285 2187 1351 aﬂ'ecerunt;
2236 1288 2329 1340 sed
2382 1286 2630 1339 ﬁduciam
2671 1286 2947 1339 habebunt
2999 1284 3051 1337 in
3104 1285 3215 1339 Deo
3246 1295 3441 1341 sancto

1859 1378 2023 1434 Israel
2054 1380 2104 1432 in
2135 1379 2390 1436 veritate.
2434 1379 2498 1431 Et
2528 1380 2632 1433 erit
2668 1378 2943 1433 residuum
2974 1377 3139 1433 Jacob
3173 1380 3225 1433 in
3268 1379 3436 1434 Deum

1859 1469 2073 1525 fortem.
2137 1490 2155 1523 ι
2218 1470 2335 1536 Quo
2386 1453 2650 1540 tempore,
2694 1472 2909 1539 inquit,
2953 1472 3212 1539 praedicta
3258 1473 3438 1526 omnia

1858 1573 2045 1616 contra
2096 1572 2454 1617 memoratum
2503 1563 2804 1633 principem
2846 1564 3192 1634 Assyriorum
3222 1604 3237 1629 ,
3278 1579 3443 1634 opere

1852 1653 2311 1722 complebuntur;
2362 1654 2453 1722 qui
2505 1669 2569 1706 ex
2600 1650 2908 1707 Iudaeorum
2955 1654 3154 1724 popqu
3188 1657 3239 1709 in
3272 1656 3442 1724 capti-

1858 1747 2080 1799 vitatem
2116 1746 2351 1799 abducto
2402 1746 2602 1800 residui
2640 1755 2822 1810 erunt,
2852 1747 2921 1800 ab
2967 1748 3184 1800 inimica
3225 1746 3445 1813 regione

171 1846 271 1897 ’τῶν
306 1843 608 1905 Ἰουδαίων,
640 1842 741 1911 τῆς
776 1840 1041 1909 πολεμίας
1083 1838 1266 1908 χώρας
1297 1836 1569 1908 ἐλεύθεροι
1600 1837 1752 1905 γενό-

1863 1838 2013 1893 liberi
2048 1840 2359 1900 evadentes,
2407 1847 2461 1892 et
2491 1840 2543 1893 in
2582 1842 2853 1909 propriam
2892 1846 3117 1903 reversi,
3163 1855 3269 1893 non
3301 1842 3443 1892 ultra

176 1954 340 2006 μενοι,
368 1937 469 1989 καὶ
500 1937 583 1997 είς
600 1934 701 2005 τὴν
723 1932 928 1986 οἰκείαν
953 1930 1354 1993 ἐπανελθόντες,
1372 1929 1555 1981 οὐκέτι
1584 1946 1756 2000 προσ-

177 2029 382 2094 έξουσιν
430 2022 515 2092 οἷς
557 2026 724 2079 πάλαι
750 2028 1036 2096 προσεῖχον
1077 2024 1295 2093 δαίμοσι
1339 2027 1617 2095 πονηροῖς.
1645 2027 1757 2087 τοῖς

178 2121 263 2184 τὰς
282 2120 471 2191 ψυχὰς
498 2120 677 2172 αὐτῶν
698 2099 1001 2189 ἠδικηκόσι,
1021 2118 1113 2169 καὶ
1136 2117 1350 2169 πάντων
1372 2117 1553 2177 αὐτοῖς
1572 2116 1755 2169 κακῶν

174 2215 363 2277 litim;
403 2211 721 2282 γενομένοις
742 2228 755 2240 ·
784 2211 921 2264 ἀλλὰ
948 2210 1027 2279 τῷ
1052 2209 1171 2280 Θεῷ
1208 2209 1393 2261 λοιπὸν
1432 2208 1754 2277 προσέξουσι

179 2307 336 2373 μόνῳ,
375 2304 477 2357 ἅτε
528 2302 775 2372 λυτρωτῇ
825 2300 919 2352 καί
966 2298 1178 2369 Σωτῆρι
1230 2295 1410 2350 αὐτῶν
1462 2295 1754 2364 γενομένῳ.

190 2392 524 2464 Ἐπληρσῦτο
546 2393 603 2445 δὲ
626 2393 720 2445 καὶ
742 2390 914 2443 ταῦτα
940 2388 1076 2459 πρὸς
1114 2387 1259 2453 λέξιν
1290 2386 1431 2441 κατὰ
1464 2386 1643 2456 Κῦρον
1668 2386 1759 2437 τὸν

179 2486 397 2557 [legerim
432 2484 679 2555 βασιλέα,
710 2482 768 2546 ὃς
802 2483 1009 2544 πάντας
1045 2481 1214 2549 ἀνῆκε
1236 2481 1360 2541 τοὺς
1384 2480 1440 2530 ὲν
1466 2481 1531 2547 τῇ
1558 2480 1759 2547 αἰχμα-

180 2577 338 2648 λωσίᾳ
389 2576 681 2638 Ἰουδαίους
702 2593 716 2605 ⁸
758 2574 879 2627 καθ’
903 2574 962 2627 ὃν
1012 2573 1201 2644 καιρὸν
1234 2574 1284 2625 οἱ
1316 2571 1445 2641 περὶ
1473 2571 1565 2623 τὸν
1599 2572 1761 2640 Ζορο-

178 2668 354 2730 εάὁελ,
405 2669 505 2721 καὶ
550 2665 757 2736 Ἰησοῦν
780 2665 873 2719 τὸν
916 2664 1009 2718 τοῦ
1050 2664 1300 2717 Ἰωσεδὲκ
1346 2664 1438 2715 τὸν
1478 2664 1628 2734 ίερέα
1670 2664 1761 2716 τὸν

184 2758 373 2827 μέγαν,
400 2759 454 2810 οἰ
482 2774 545 2810 τε
578 2758 696 2827 ἅμα
720 2756 799 2828 τῷ
825 2755 1049 2826 Ἐσδρᾳ,
1078 2756 1172 2808 καὶ
1196 2754 1428 2824 Νεεμίᾳ,
1451 2754 1549 2824 τῆς
1587 2753 1758 2806 Βαϐυ-

179 2850 337 2912 Fuso;
379 2843 795 2913 ἐπανελθόντες,
825 2848 916 2900 τὸν
947 2848 1071 2901 ναὸν
1103 2847 1353 2918 ἡγειραν,
1377 2846 1470 2897 καὶ
1484 2844 1582 2917 τὴν
1607 2846 1762 2899 πόλιν

182 2941 340 3009 a’aﬁgv
365 2939 745 2993 ἀνεκτίσαντο.

248 3049 266 3081 ι
303 3030 415 3083 Καὶ
442 3030 542 3082 ἐὰν
582 3030 806 3099 γένηται
827 3030 855 3081 6
887 3028 1012 3091 λαὸς
1056 3029 1270 3100 Ἰσραὴλ
1289 3029 1365 3093 ὡς
1390 3030 1424 3100 ἡ
1460 3029 1643 3098 ἄμμος
1664 3028 1762 3098 τῆς

182 3119 471 3191 θαλάσσης,
522 3119 584 3171 τὸ
612 3119 963 3189 κατάλειμμα
1012 3118 1192 3172 αὐτῶν
1221 3119 1547 3189 σωθήσεται.
1596 3137 1614 3169 ι
1651 3118 1761 3188 Τὴν

1861 1932 2141 1985 atlendent
2194 1931 2302 1995 iis,
2347 1931 2543 1999 quibus
2587 1943 2748 1985 antea
2798 1932 3037 1987 animum
3089 1933 3444 1995 adhibebant,

1860 2024 2198 2079 daemonibus
2228 2025 2503 2092 malignis,
2533 2027 2627 2096 qui
2673 2028 2885 2081 animas
2922 2042 3051 2083 suas
3085 2026 3359 2095 laaserant,
3391 2038 3446 2081 et

1860 2118 2101 2170 omnium
2141 2117 2245 2170 sibi
2274 2117 2539 2171 malorum
2563 2132 2726 2173 causa
2760 2119 3009 2186 fuerant;
3042 2120 3135 2173 sed
3182 2120 3294 2174 Deo
3330 2128 3447 2173 tan-

1862 2209 1980 2263 dem
2016 2208 2117 2262 soli
2157 2208 2597 2277 applicabuntur,
2630 2220 2816 2277 utpote
2861 2210 2955 2278 qui
2999 2210 3311 2280 redemptor
3344 2212 3446 2265 sibi

1860 2308 1914 2351 et
1951 2296 2211 2353 Servator
2252 2297 2479 2362 effectus
2525 2298 2618 2352 sit.
2653 2297 2776 2353 Haec
2806 2313 2936 2351 vero
2964 2298 3143 2368 reipsa
3177 2298 3445 2367 completa

1862 2400 1982 2445 sunt
2031 2390 2158 2462 Cyri
2219 2390 2509 2445 Persarum
2562 2392 2705 2461 regis
2759 2401 3024 2459 tempore,
3088 2390 3180 2459 qui
3232 2388 3449 2444 Judams

1861 2498 2049 2538 omnes
2080 2482 2133 2536 in
2160 2482 2478 2551 captivitate
2507 2493 2731 2553 agentes
2762 2483 2993 2549 remisit,
3045 2498 3169 2537 cum
3211 2482 3448 2536 Zoroba-

1865 2576 1970 2640 bel,
2002 2574 2161 2631 Jesus
2208 2577 2349 2630 ﬁlius
2386 2576 2615 2630 Josetlec
2654 2574 2927 2628 Sacerdos
2964 2589 3216 2643 magum,
3251 2584 3306 2626 et
3355 2572 3448 2642 qui

1863 2684 1984 2723 cum
2010 2668 2178 2723 Esdra
2207 2679 2263 2723 et
2285 2667 2546 2721 Nehemia
2577 2674 2757 2731 erant,
2791 2680 2860 2719 ex
2890 2664 3167 2735 Babylone
3203 2664 3449 2729 reversi,

1863 2744 2501 2830 templum'excitarunt,
2549 2759 2851 2829 urbemque
2884 2759 3058 2828 ipsam
3101 2768 3452 2811 restaurare-

1868 2863 2015 2909 runt.

1936 3036 2103 3094 Vens.
2132 3035 2225 3091 22.
2264 3053 2283 3089 ι
2316 3034 2383 3090 Et
2412 3035 2459 3091 si
2496 3033 2663 3089 fuerit
2692 3031 2925 3103 populus
2954 3030 3123 3087 Israel
3155 3031 3298 3087 sicut
3326 3046 3455 3085 are-

1866 3146 1933 3182 na
1967 3128 2154 3195 maris,
2188 3127 2465 3182 residuum
2494 3123 2614 3194 ejus
2644 3124 2967 3180 salvabitur.
3002 3141 3021 3175 ι
3072 3121 3449 3179 Pr'omiscuam

186 3214 448 3284 ἀχρηστον
485 3211 696 3282 πληθὺν
732 3212 761 3262 6
789 3210 944 3280 λόγος
969 3210 1223 3281 σημαίνει
1270 3211 1364 3264 τοῦ
1409 3210 1617 3274 ἔθνους,
1655 3210 1759 3263 τῶν

1867 3234 1922 3277 et
1946 3221 2193 3276 inutilem
2226 3219 2402 3289 gentis
2432 3216 2833 3271 multitudinem
2860 3255 2877 3281 ,
2912 3202 3186 3284 quae’post
3217 3214 3451 3270 reditum

188 3306 314 3373 μετὰ
364 3303 463 3374 τὴν
508 3302 767 3356 ἐπάνοδον
800 3302 898 3372 τὴν
935 3301 1044 3355 ἀπὸ
1072 3299 1393 3363 Βαϐυλῶνος
1426 3300 1762 3370 οἰκησάντων

185 3396 271 3466 τὴν
302 3395 492 3467 χώραν
523 3394 684 3465 μέχρι
707 3393 817 3447 τῶν
857 3390 1176 3463 Ῥωμαϊκῶν
1208 3391 1443 3462 χρόνων·
1478 3385 1622 3443 οὗτοι
1656 3389 1764 3458 γὰρ

185 3483 310 3557 ἦσαν
336 3488 410 3551 ὡς
434 3489 472 3557 ἡ
496 3486 677 3557 ἄμμος
706 3484 806 3555 τῆς
828 3483 1123 3555 Θαλάσσης,
1143 3482 1204 3550 εξ
1234 3474 1309 3536 ὧν
1335 3482 1509 3552 μόνων
1532 3478 1761 3549 διεσώθη

188 3579 239 3630 τὸ
268 3579 654 3649 κατάλειμμαθ
687 3578 738 3630 οἱ
778 3576 838 3643 ἐξ
874 3575 1052 3629 αὐτῶν
1081 3576 1160 3639 είς
1200 3574 1295 3629 τὸν
1326 3573 1561 3645 Χριστὸν
1602 3589 1765 3624 πεπι-

191 3670 465 3732 στευκότες
496 3667 738 3740 μαθηταὶ
763 3668 931 3721 αὐτοῦ
957 3668 1051 3720 καὶ
1078 3665 1388 3731 ἀπόστολοι,
1421 3665 1516 3718 καὶ
1545 3665 1767 3733 εὐαγγε-

192 3763 319 3815 οταί.
337 3762 586 3833 Ψάμμιος
604 3760 713 3832 γὰρ
728 3760 1005 3830 θαλάσσης
1023 3759 1085 3812 τὸ
1108 3758 1206 3829 μὲν
1223 3756 1427 3829 πλῆθος
1448 3757 1765 3829 ἀναρίθμη-

189 3870 269 3903 τον
290 3852 400 3923 ἔχει
424 3869 439 3882 ·
470 3852 644 3916 ἄλλως
669 3850 725 3904 δὲ
741 3851 1011 3923 ἄχρηστος
1045 3850 1278 3922 ὑπάρχει
1304 3849 1440 3920 πρὸς
1468 3849 1761 3920 γεωργίαν.

204 3946 441 4001 Ἐπειδὰν
487 3941 581 3999 οὖν
607 3947 635 3998 6
666 3944 815 4007 λαὸς,
842 3944 1027 4014 φησὶν,
1066 3942 1282 4014 Ἰσραὴλ
1331 3943 1406 4003 είς
1438 3940 1642 4011 πλῆθος
1672 3942 1765 3994 ἀν·

194 4039 303 4107 αρίθ
313 4055 483 4109 μητον
505 4035 665 4107 χυθῇ.
686 4036 959 4106 ἄχρηστον
974 4034 1031 4087 δὲ
1050 4033 1277 4105 γένηται
1297 4035 1353 4085 ὲν
1382 4035 1448 4103 τῇ
1467 4031 1610 4086 κατὰ
1633 4032 1765 4085 Θεὸν

196 4128 552 4201 καρποφορίᾳ,
588 4126 887 4197 τηνικαῦτα
924 4127 985 4179 τὸ
1030 4126 1129 4197 μὲν
1177 4124 1380 4194 πλῆθος
1432 4124 1613 4177 αὐτῶν
1658 4124 1764 4176 ἁπ-

195 4218 415 4272 ολείται’
484 4220 641 4290 μόνον
701 4217 765 4288 δὴ
818 4217 880 4270 τὸ
933 4217 1284 4287 κατάλειμμα
1345 4215 1526 4269 αὐτῶν
1590 4214 1765 4285 σωθή-

196 4326 356 4363 σεται.

261 4422 281 4456 ‹
330 4405 452 4455 Ὀτι
482 4403 640 4471 λόγον
671 4403 1108 4473 συντετμημένον
1130 4404 1334 4477 Κύριος
1361 4405 1576 4476 ποιήσει
1605 4405 1662 4456 ὲν
1695 4407 1761 4475 τῇ

195 4497 478 4569 οἰκουμένῃ
500 4496 620 4569 ὅλῃ.
660 4516 679 4548 ι
708 4497 901 4567 Σαφῶς
922 4497 1031 4569 ἄρα
1055 4497 1116 4550 τὸ
1142 4497 1475 4566 Εὐαγγιλιον
1506 4496 1606 4567 τῆς
1627 4498 1763 4549 Καιο

195 4587 282 4654 ’ἕης
308 4586 530 4655 ᾐνίξατο
553 4585 920 4657 Διαθήκης,ὲν
942 4585 1036 4655 ὅλῃ
1057 4589 1123 4656 τῇ
1151 4586 1443 4657 οἰκουμένῃ
1470 4585 1761 4656 κηρυχθέν.

195 4675 634 4745 Συντετμημένος
668 4676 777 4747 γὰρ
798 4672 867 4747 ἦν
889 4678 919 4729 6
948 4676 1104 4745 λόγος
1128 4677 1157 4727 6
1187 4667 1558 4743 GOGTTE‘bC,
1586 4674 1664 4745 τῷ
1689 4676 1762 4746 μὴ

195 4766 458 4836 περιέχειν
493 4767 671 4820 πάντα
694 4767 761 4821 τὰ
791 4766 942 4839 παρὰ
959 4767 1038 4838 τῷ
1067 4767 1273 4838 Μωῦσῇ
1304 4765 1759 4837 παραγγέλματα.

198 4854 305 4906 Τῶν
328 4858 381 4909 δὲ
407 4858 788 4928 προκειμένων
821 4857 1001 4929 ῥητῶν
1033 4857 1305 4929 μέμνηται
1338 4858 1430 4909 καὶ
1456 4858 1485 4909 6
1518 4857 1764 4909 Ἀπόστο-

195 4944 295 5011 λος,
329 4946 521 5000 τοῦτον
557 4949 728 5017 λέγων
759 4949 849 5003 τὸν
869 4949 1069 5021 τρόπον
1090 4966 1103 4978 ·
1130 4969 1147 4999 ι
1185 4950 1243 5002 '0
1279 4950 1503 5011 Ἡσαΐας
1531 4947 1587 5000 δὲ
1612 4948 1760 5015 λέγει

198 5039 323 5109 ὑπὲρ
361 5024 457 5092 τοῦ
505 5041 751 5113 Ἰσραήλ·
807 5041 934 5094 Ἐὰν
1037 5041 1066 5093 6
1093 5040 1328 5111 ἀριθμὸς
1364 5041 1469 5093 τῶν
1497 5039 1629 5091 υἱῶν
1666 5038 1761 5092 τοῦ

207 5128 409 5202 Ἰσραὴλ
448 5131 525 5195 ὡς
564 5133 596 5202 ἡ
643 5133 825 5203 ἄμμος
860 5132 962 5203 τῆς
1004 5133 1301 5203 θαλάσσης,
1345 5132 1406 5185 τὸ
1449 5131 1762 5201 ὑπόλειμμα

202 5222 511 5294 σωθήσεται.
574 5221 749 5289 Λόγον
816 5222 926 5293 γὰρ
990 5222 1256 5278 συντελῶν
1307 5224 1400 5276 καὶ
1467 5223 1760 5293 συντέμνον

198 5317 399 5383 ποιήσει
436 5314 643 5387 Κύριος
672 5316 766 5368 ἐπὶ
790 5316 891 5386 τῆς
920 5317 1040 5386 γῆς.
1077 5335 1095 5368 ι

265 5425 283 5457 ι
327 5408 422 5461 Διὰ
454 5407 614 5462 τοῦτο
644 5408 773 5461 τάδε
807 5408 953 5476 λέγει
984 5408 1184 5479 Κύριος
1229 5407 1457 5462 Σαῦαώθ
1478 5424 1490 5436 ’
1527 5407 1621 5479 Μὴ
1662 5425 1758 5475 φο-

201 5501 304 5563 ϐοῦ,
333 5504 361 5554 ὁ
392 5502 517 5567 λαός
544 5519 670 5575 μου,
707 5503 757 5555 οί
792 5499 1175 5565 κατοικοῦντες
1212 5502 1271 5555 ὲν
1302 5500 1462 5565 Σιὼν,
1489 5499 1597 5553 ἀπὸ
1637 5501 1755 5553 Ἀσ-

205 5594 398 5665 σλρίων,
417 5596 493 5649 ὅτι
521 5600 580 5649 ὲν
609 5594 793 5666 ρἀδῳ
838 5592 1069 5659 πατάξει
1090 5610 1169 5649 σε·
1199 5593 1410 5666 πληγὴν
1435 5593 1546 5664 γὰρ
1574 5594 1764 5662 ἐπάγω

254 5806 289 5837 ⁸⁸
319 5809 464 5866 Rom.
504 5824 561 5865 rx
619 5807 712 5861 27.

1868 3329 1932 3369 ex
1962 3312 2238 3382 Babylone
2271 3323 2446 3379 usque
2475 3308 2541 3363 ad
2579 3307 2824 3361 Romana
2876 3314 3119 3376 tempora
3170 3306 3451 3377 regionem

1870 3405 2136 3470 incoluit,
2198 3403 2403 3458 indicat
2458 3400 2817 3474 propheticus
2864 3412 3049 3455 sermo
3094 3416 3108 3453 :
3153 3398 3207 3454 hi
3256 3399 3457 3469 quippe

1865 3500 2023 3547 erant
2044 3491 2190 3545 sicut
2222 3503 2388 3544 arena
2420 3491 2590 3544 maris
2612 3528 2627 3553 ,
2657 3502 2890 3557 quorum
2928 3488 3207 3542 residuum
3241 3501 3451 3544 tantum

1865 3581 2093 3636 salutem
2155 3589 2505 3635 consecutum
2558 3590 2663 3633 est.
2717 3578 2782 3632 Hi
2816 3593 2980 3647 porro
3030 3594 3099 3633 ex
3145 3578 3253 3633 illis
3295 3590 3456 3634 erant

1864 3672 1958 3741 qui
1992 3658 2044 3725 in
2076 3671 2356 3726 Christum
2387 3670 2765 3736 crediderunt,
2829 3670 3083 3740 discipuli
3129 3669 3268 3739 ejus,
3322 3685 3452 3740 apo-

1868 3762 1994 3819 stoli
2036 3772 2091 3818 et
2126 3761 2497 3832 evangelista.
2535 3760 2670 3815 Nam
2703 3776 2870 3817 arena
2904 3762 3073 3817 maris
3102 3763 3456 3819 multitudine

1866 3850 2085 3919 quidem
2126 3848 2562 3913 innumerabilis,
2596 3864 2780 3902 verum
2840 3851 3051 3906 inutilis
3084 3860 3170 3906 est
3201 3852 3271 3906 ad
3305 3856 3452 3924 agri-

1866 3941 2156 3997 culturam.
2185 3940 2318 3996 Cum
2362 3956 2494 4011 ergo
2522 3941 2751 4011 populus
2786 3941 2974 4006 Israel,
3010 3943 3207 4013 inquit,
3232 3945 3286 3999 iu
3316 3947 3455 4001 mul-

1870 4033 2155 4090 titudinem
2200 4035 2547 4088 innumeram
2580 4030 2809 4088 diffusus
2852 4034 3037 4095 fuerit,
3075 4036 3151 4089 ita
3181 4046 3358 4092 tamen
3397 4047 3457 4093 ut

1867 4126 2070 4181 inutilis
2107 4126 2179 4181 sit
2209 4126 2275 4179 ad
2304 4123 2539 4181 fructum
2584 4128 2882 4181 secundum
2920 4129 3087 4181 Deum
3118 4126 3447 4194 ferendum;

1867 4229 1993 4273 tunc
2020 4218 2309 4273 multitudo
2334 4218 2551 4288 quidem
2578 4233 2768 4271 eorum
2802 4218 3025 4288 peribit,
3078 4232 3144 4273 ac
3178 4219 3308 4273 sola:
3336 4218 3455 4289 ejus

1867 4310 2107 4377 reliquia:
2133 4308 2361 4362 salutem
2397 4320 2826 4377 consequentur.

1934 4400 2099 4456 Vsus.
2153 4401 2242 4457 23.
2304 4419 2323 4453 ι
2382 4401 2518 4467 Quia
2570 4404 2799 4457 verbum
2852 4402 3232 4459 abbreviatum
3288 4405 3454 4462 faciet

1870 4495 2130 4548 Dominus
2160 4495 2212 4548 in
2245 4496 2497 4549 universa
2544 4506 2709 4548 terra.
2742 4514 2761 4545 ι
2793 4495 3146 4565 Evangelium
3183 4496 3314 4553 Novi
3347 4499 3452 4553 Te-

1870 4583 2124 4637 stamenti
2159 4583 2304 4638 clare
2350 4585 2662 4639 subindicat
2690 4626 2703 4648 ,
2739 4586 2881 4654 quod
2903 4588 2968 4641 .in
3015 4586 3267 4642 universa
3305 4598 3448 4643 terra

1872 4678 2221 4746 praedicatum
2261 4687 2363 4733 est.
2398 4679 2787 4733 Abbreviatum
2823 4681 3020 4749 quippe
3064 4688 3183 4735 erat
3226 4681 3447 4735 verbum

1872 4766 2242 4835 evangelicum
2271 4808 2285 4831 ,
2335 4768 2478 4835 quod
2534 4768 2724 4850 omnia
2775 4768 2978 4840 Moysis
3027 4782 3299 4840 praecepta
3342 4786 3448 4826 nou

1868 4858 2346 4927 complecteretur.
2383 4857 2509 4913 Haec
2540 4859 2685 4913 dicta
2737 4869 3133 4914 commemorat
3178 4863 3451 4929 apostolus

1869 4951 1954 5022 his
1996 4953 2176 5004 verbis
2207 4952 2274 5017 ⁶¹,
2310 4969 2330 5013 ι
2367 4950 2566 5006 lesaias
2625 4962 2803 5006 autem
2850 4952 2981 5006 dicit
3035 4956 3101 5007 de
3147 4953 3309 5008 Israel
3348 4956 3453 5009 :Si

1866 5039 2031 5095 fuerit
2090 5057 2349 5095 numerus
2413 5042 2645 5096 ﬁliorum
2710 5043 2878 5096 Israel
2938 5056 3195 5111 tanquam
3276 5058 3447 5098 arena

1868 5134 2075 5197 maris,
2126 5132 2369 5199 reliquiae
2418 5131 2581 5186 salva:
2637 5131 2791 5190 ﬁent.
2841 5131 3079 5188 Verbum
3118 5134 3266 5189 enim
3312 5150 3447 5189 cou-

1866 5238 2164 5290 summans,
2200 5234 2253 5277 et
2300 5225 2623 5279 abbrevians
2663 5225 2923 5280 Dominus
2954 5226 3119 5281 faciet
3152 5241 3313 5294 super
3345 5238 3450 5281 ter-

1867 5330 2003 5370 ram.
2043 5333 2061 5365 θ

1940 5406 2102 5461 Vens.
2137 5406 2230 5460 24.
2274 5405 2611 5475 «Propterea
2675 5406 2789 5461 haac
2839 5407 2971 5461 dicit
3034 5408 3293 5463 Dominus
3338 5409 3441 5465 Sa-

1867 5498 2049 5564 baoth,
2082 5498 2201 5552 Noli
2241 5498 2455 5563 timere,
2486 5500 2681 5568 p0puie
2728 5515 2902 5567 meus,
2929 5501 3021 5569 qui
3078 5501 3337 5555 habitatis
3388 5503 3443 5556 in

1870 5592 2023 5658 Sion,
2066 5593 2133 5648 ab
2166 5590 2428 5660 ASSyriis,
2456 5592 2582 5661 quia
2633 5594 2685 5647 in
2722 5594 2869 5663 virga
2899 5593 3169 5664 percutiet
3196 5601 3289 5648 te:
3318 5594 3439 5667 pla-
