4100 6286
651 361 757 418 ἑϐῚ

1313 347 1581 407 EUSEBII
1617 342 2090 404 CESARIENSIS
2127 339 2276 399 OPP.
2318 337 2496 394 PARS
2531 333 2619 391 Ill.
2661 363 2729 374 —
2769 327 3187 387 EXEGETICA.

3783 324 3897 382 {68

653 491 775 546 gam
805 475 948 528 enim
981 470 1230 525 inducam
1275 482 1436 536 super
1463 476 1538 527 te,
1565 474 1621 518 ut
1660 464 1845 516 videas
1873 461 2014 513 viam
2045 457 2212 528 Egy-

2334 455 2409 506 ιπὶ
2444 452 2534 516 at,
2569 447 2664 502 τοῦ
2703 449 2832 502 ἰδεῖν
2868 444 2983 499 ὁδὸν
3016 442 3314 511 Αἰγύπτου.
3360 458 3378 490 t
3420 434 3684 508 Παραιιρεῖ
3711 437 3906 491 τοίνυν

652 567 750 634 pti.
778 583 796 615 ι
835 561 1092 616 Hortatur
1147 561 1330 626 itaque
1379 570 1444 610 ne
1500 554 1685 608 timeat
1728 551 1986 623 Assyrios
2030 567 2044 603 :
2092 561 2217 603 nam

653 662 936 708 venturum
985 648 1199 718 quidem
1252 647 1329 701 ait
1367 656 1556 698 eorum
1593 651 1772 710 regem
1822 650 1877 693 et
1917 637 2218 692 Jerusalem

653 753 1086 810 oppugnaturum
1114 751 1252 800 esse,
1280 743 1337 788 nt
1367 733 1484 800 ejus
1517 731 1704 786 incola:
1742 731 1959 784 brevem
2006 728 2217 798 plagam

654 832 1023 901 experiantur,
1056 844 1151 882 ceu
1188 826 1334 894 virga
1379 822 1652 892 percussi;
1701 830 1754 872 at
1795 819 1943 872 illum
1991 833 2050 872 re
2086 814 2221 871 infe-

656 935 742 978 cta
773 922 1061 994 fugientem
1090 931 1432 971 reversurum
1460 927 1602 968 esse.
1641 911 1771 990 Qum
1801 925 1931 964 sane
1956 906 2220 977 completa

658 1025 803 1078 sunt,
836 1011 1060 1067 Ezechia
1094 1008 1204 1062 filio
1252 1007 1433 1060 Achaz
1478 1005 1528 1057 in
1572 1001 1866 1066 Jerusalem
1912 1006 2210 1069 regnante:

658 1109 747 1176 qui
777 1112 862 1160 vir
896 1105 994 1158 fuit
1024 1118 1128 1156 non
1169 1101 1308 1168 patri
1346 1097 1572 1161 similis,
1606 1101 1699 1149 sed
1727 1095 1905 1160 justus
1946 1101 2001 1146 et
2041 1092 2221 1145 omnl-

660 1199 815 1252 mode
841 1196 1146 1265 religiosus.
1180 1192 1290 1246 Etsi
1329 1190 1509 1261 igitur,
1541 1200 1626 1239 me
1656 1187 1707 1239 id
1739 1184 2102 1253 permittente,
2126 1197 2221 1236 rex

649 1305 848 1346 eorum
879 1289 931 1342 in
970 1298 1022 1342 te
1072 1287 1370 1352 irrumpat,
1439 1287 1674 1333 attamen
1722 1277 1788 1331 ad
1829 1275 2223 1344 correptioncm

661 1389 870 1433 tantum
904 1379 1055 1446 virga
1085 1377 1351 1445 percutiet
1384 1381 1455 1435 te,
1504 1384 1608 1423 non
1658 1383 1781 1421 cum
1825 1366 2019 1436 gladiis
2047 1376 2102 1418 et
2129 1364 2224 1417 lia-

661 1457 760 1521 stis
789 1466 986 1522 bellico
1017 1479 1165 1518 more
1198 1463 1372 1515 victor
1425 1451 1599 1511 irru'et
1649 1455 1702 1508 in
1759 1463 1829 1508 te.
1882 1453 2009 1508 Haec
2064 1464 2224 1522 porro

659 1555 831 1627 virgis
864 1553 1062 1608 inflicta
1093 1552 1186 1605 tibi
1222 1550 1374 1619 plaga
1411 1562 1518 1599 non
1559 1552 1755 1613 praeter
1791 1541 2053 1596 ratiOnem
2089 1540 2222 1594 erit:

659 1661 884 1703 causam
907 1645 1104 1716 quippe
1125 1657 1222 1698 cur
1254 1640 1479 1710 Assyrio
1506 1651 1820 1692 concessum
1851 1634 1921 1688 sit
1955 1641 2012 1685 ut
2042 1632 2223 1685 mode-

2323 543 2398 615 μὴ
2440 539 2721 610 φοϐεῖσθαι
2768 537 2894 599 τοὺς
2933 533 3281 605 Ἀσσυρίους·
3316 528 3599 601 ἦξεινιμέν
3641 526 3746 598 γὰρ
3796 527 3906 582 καὶ

2320 632 2767 705 ἐπιστρατεύσειν
2814 627 2955 682 κατὰ
2996 627 3097 696 τῆς
3137 623 3492 694 Ἰερουσαλὴμ
3548 621 3638 675 τὸν
3689 618 3906 673 τούτων

2323 727 2566 800 βασιλέα,
2597 725 2732 796 πρὸς
2762 723 2824 774 τὸ
2863 717 3118 792 βραχείας
3153 715 3480 787 πειραθῆναι
3511 711 3724 784 πληγῆς
3763 712 3900 775 τοὺς

2321 817 2380 869 tv
2421 817 2558 886 αὑτῇ
2601 810 3020 873 κατοικοῦντας,
3069 806 3258 878 ὥσπερ
3307 804 3487 877 ῥάϐδῳ
3528 802 3854 874 παιομένους
3879 815 3896 828 ·

2322 910 2601 980 ἄπρακτον
2633 904 2690 957 δέ
2724 904 2885 958 αὐτὸν
2918 899 3306 972 ὑποστρέψειν,
3356 899 3498 968 φυγῇ
3533 888 3897 966 χρησάμενον.

2337 997 2666 1071 Ἐπληροῦτο
2708 997 2765 1050 δέ
2817 997 2910 1050 καὶ
2955 993 3128 1048 ταῦτα
3154 992 3245 1045 ἐπὶ
3283 990 3526 1054 Ἐζεκίου
3573 985 3690 1040 υίοῦ
3729 982 3904 1053 ’Δχὰζ

2327 1088 2707 1160 βασιλεύοντος.
2731 1091 2789 1140 ἐν
2829 1083 3201 1157 Ἰερουσαλὴμ,
3241 1081 3433 1152 ἀνδρὸς
3482 1076 3802 1148 γενομένου,
3833 1073 3901 1160 οὐ

2326 1158 2470 1232 κατὰ
2518 1178 2609 1231 τὸν
2649 1175 2884 1245 πατέρα,
2924 1173 3131 1226 δικαίου
3171 1170 3226 1223 δὲ
3260 1163 3453 1232 ἄλλως,
3481 1168 3576 1220 καὶ
3619 1158 3906 1232 θεοφιλοῦς

2325 1275 2468 1328 κατὰ
2499 1274 2675 1328 πάντα
2699 1272 2919 1343 τρόπον.
2955 1270 3019 1322 Εἰ
3045 1268 3137 1322 καὶ
3167 1267 3235 1319 τὰ
3271 1263 3506 1334 μάλιστα
3542 1255 3663 1324 οὖν,
3708 1256 3901 1329 φησὶν,

2325 1365 2460 1436 ἐμοῦ
2498 1363 2900 1434 ἐπιτρέποντος,
2937 1361 3031 1414 καὶ
3058 1361 3132 1413 ἐνί
3151 1359 3232 1412 σοὶ
3254 1353 3601 1410 ἐπελεύσεται
3631 1351 3660 1404 6
3691 1349 3906 1404 τούτων

2329 1463 2604 1534 βασιλεὺς,
2627 1464 2775 1533 ὅμως
2800 1461 2857 1515 tv
2904 1459 3084 1532 ῥάϐδῳ
3113 1456 3506 1527 ἐπιστρεπτικῇ
3553 1449 3782 1517 ικατάξει
3811 1464 3903 1513 σε,

2330 1555 2444 1610 ἀλλ’
2477 1557 2538 1609 οὺ
2571 1553 2800 1625 ξίφεσιν,
2827 1551 2946 1605 ούδέ
2969 1551 3159 1621 δόρασι
3179 1547 3416 1617 πολέμου
3446 1544 3596 1614 νόμῳ
3619 1541 3905 1614 κρατήσας

2328 1646 2738 1712 ἐπεξελεύσεται
2779 1662 2879 1701 σοι.
2922 1642 3031 1697 Καὶ
3069 1640 3207 1710 αὕτη
3241 1640 3297 1692 δέ
3331 1641 3364 1710 ἡ
3399 1636 3488 1690 διὰ
3519 1634 3714 1709 ῥάϐδου
3751 1630 3908 1686 κατὰ

659 1750 778 1793 rata
821 1749 872 1792 te
925 1737 1079 1806 plaga
1136 1732 1362 1796 alliciat,
1406 1747 1510 1785 non
1561 1733 1776 1799 ignores
1817 1720 2223 1794 oportetzquia

2334 1737 2425 1790 σού
2457 1735 2639 1806 πληγὴ
2671 1735 2770 1786 οὐκ
2798 1732 2950 1785 ἐσται
2981 1729 3320 1800 παράλογος·
3361 1726 3424 1780 τὸ
3453 1726 3560 1797 γὰρ
3595 1725 3765 1778 αἴτιον
3800 1721 3904 1771 τοῦ

660 1829 804 1882 enim
848 1799 949 1881 viae
984 1799 1042 1878 in
1067 1821 1360 1892 Egyptum
1398 1821 1572 1873 denuo
1602 1830 1652 1872 te
1685 1813 2024 1876 commisisti,
2054 1810 2225 1865 idolo-

2334 1799 2748 1898 auvxwp'qoiivat
2805 1824 2894 1877 τὸν
2959 1799 3242 1892 ’Δσσύριον
3311 1816 3653 1888 πεπεισμένη
3715 1813 3904 1884 πληγῇ

658 1919 829 1973 {atria
877 1915 1077 1971 Achazi
1135 1923 1375 1982 tempore
1418 1911 1663 1971 deditus;
1698 1909 1817 1961 ideo
1872 1919 1968 1958 vos
2017 1902 2224 1974 Assyrii

660 2007 823 2077 virga:
853 2005 1071 2068 tradidi,
1103 2012 1161 2056 ut
1210 2005 1276 2056 ad
1317 2014 1503 2057 sanam
1551 2007 1787 2053 mentem
1829 2005 1885 2050 et
1916 1997 2200 2048 conversio

662 2110 784 2150 nent
815 2097 1142 2149 reducerem.

733 2402 896 2457 Vens.
924 2403 1014 2468 25,
1048 2400 1139 2456 26.
1180 2420 1198 2452 ι
1224 2401 1415 2455 Adhuc
1443 2400 1586 2454 enim
1646 2394 1943 2467 paululum.
1964 2402 2020 2449 et
2043 2408 2227 2449 cessa-

663 2495 746 2551 bit
776 2496 854 2548 ira
884 2511 898 2547 :
928 2493 1082 2547 furor
1121 2501 1299 2546 autem
1337 2506 1488 2545 meus
1514 2490 1674 2558 super
1703 2486 1984 2542 consilium
2017 2499 2223 2539 eorum.

660 2584 732 2643 Et
780 2587 1062 2641 suscitabit
1114 2585 1254 2639 Deus
1309 2599 1471 2652 super
1517 2595 1612 2636 eos
1666 2579 1959 2634 secundum
2015 2576 2226 2646 plagam

665 2681 897 2737 Mediam
935 2684 987 2735 in
1013 2681 1131 2734 loco
1166 2678 1523 2736 tribulationis
1552 2693 1566 2728 :
1593 2686 1646 2730 et
1679 2673 1829 2729 furor
1855 2673 1971 2744 ejus
1996 2672 2050 2727 in
2086 2672 2227 2726 viam

662 2774 731 2827 ad
769 2785 939 2835 mare,
973 2773 1024 2826 in
1063 2772 1203 2824 viain
1256 2767 1492 2839 Egypti.
1525 2786 1543 2818 ι
1582 2766 1637 2821 Si
1673 2765 1892 2834 quidem
1923 2763 2077 2817 vobis
2104 2777 2226 2816 cum

667 2877 794 2932 rege
827 2871 1008 2916 vestro
1033 2857 1360 2914 Ezccliia'ad
1400 2857 1676 2911 meliorem
1710 2852 1920 2924 frugem
1953 2861 2231 2907 reverten-

671 2953 838 3017 tibus,
865 2967 930 3007 ac
962 2951 1128 3004 Deum
1159 2947 1595 3018 agnoscentibus,
1622 2943 1918 3012 indignatio
1955 2956 2074 2996 mea
2100 2955 2231 2997 con-

669 3055 753 3098 tra
785 3057 887 3096 vos
920 3054 1146 3094 accensa
1194 3035 1467 3092 cessabit:
1497 3050 1579 3089 me
1608 3043 1786 3088 autem
1825 3041 2022 3087 vestrae
2067 3030 2229 3086 saluti

671 3131 1069 3203 patrocinante,
1105 3129 1360 3198 Assyrius
1398 3125 1626 3194 turpiter
1655 3138 1754 3194 per
1782 3131 2018 3178 vestram
2051 3124 2230 3194 regio-
2259 3156 2304 3218 ε

669 3238 818 3286 nem,
847 3233 1051 3290 perque
1089 3229 1299 3272 vestras
1341 3217 1503 3272 urbes
1533 3215 1723 3285 fugiet,
1762 3230 1792 3269 a
1823 3214 1943 3269 loco
1973 3216 2027 3268 in
2054 3213 2231 3270 locum

664 3327 790 3370 sese
815 3313 943 3381 fuga
978 3311 1301 3366 subduceris.

738 3427 904 3484 Vsus.
931 3421 1234 3480 27-33.:Et
1265 3425 1370 3479 erit
1393 3422 1445 3476 in
1477 3423 1562 3476 die
1591 3421 1681 3475 illa
1712 3439 1725 3473 :
1751 3420 2022 3478 auferetur
2043 3419 2232 3491 jngum

664 3525 785 3593 ejus
809 3524 878 3578 ab
915 3523 1140 3576 humero
1164 3529 1276 3585 tuo,
1301 3528 1357 3572 et
1380 3518 1550 3572 timor
1579 3516 1696 3587 ejus
1719 3531 1881 3586 super
1916 3525 1987 3582 te,
2023 3525 2078 3568 et
2111 3529 2236 3568 cor-

669 3626 952 3684 rumpetur
990 3613 1174 3682 iugum
1224 3611 1293 3664 ab
1332 3610 1576 3665 humeris
1617 3610 1838 3663 vestris.
1870 3605 2064 3661 Veniet
2089 3605 2234 3660 enim

671 3710 727 3763 in
764 3707 1034 3762 civitatem
1064 3705 1253 3774 Anga,
1304 3711 1360 3756 et
1394 3700 1649 3755 transibit
1688 3701 1742 3752 in
1791 3698 2072 3769 Maggedo,
2100 3707 2155 3752 et
2181 3698 2237 3752 in

667 3798 948 3855 Machmas
983 3803 1146 3865 ponet
1186 3807 1315 3847 vasa
1362 3806 1478 3846 sua.
1517 3789 1587 3843 Et
1640 3791 1890 3844 transibit
1935 3789 2152 3854 vallem,
2183 3797 2239 3842 et

551 3895 563 3904 '
668 3891 850 3945 veniet
894 3890 950 3942 in
999 3888 1181 3958 Angze.
1215 3883 1404 3939 Timor
1433 3882 1806 3952 apprehendet
1832 3881 1998 3934 llama
2037 3881 2238 3934 civita-

671 3991 780 4037 tem
821 3979 975 4034 Saul.
1018 3976 1215 4047 Fugiet
1259 3976 1370 4029 lilia
1413 3973 1634 4040 Gallim,
1666 3972 1916 4026 audietur
1940 3972 1991 4024 in
2024 3965 2235 4027 Lsisa:

672 4073 923 4129 audietur
957 4071 1010 4124 in
1057 4067 1353 4122 Anathoth.
1401 4065 1468 4120 Et
1500 4063 1778 4132 obstupuit
1817 4060 2136 4128 Madebena,
2181 4072 2238 4115 et

671 4164 1008 4221 habitatores
1036 4159 1244 4214 Gibbir.
1279 4155 1645 4212 Consolamini
1664 4154 1829 4210 hodie
1849 4156 1901 4209 in
1929 4155 2014 4209 via
2038 4164 2094 4208 ut
2124 4171 2241 4207 ma-

673 4268 820 4315 neat.
861 4253 1226 4310 Consolamini
1275 4266 1435 4305 manu
1480 4261 1739 4314 montem,
1774 4250 1941 4303 tiliam
1988 4246 2144 4314 Sion,
2177 4257 2233 4302 et

672 4349 841 4404 colles
878 4349 933 4401 in
980 4344 1300 4401 Jerusalem.
1340 4343 1479 4397 Ecce
1522 4340 1830 4396 dominator
1861 4340 2120 4395 Dominus
2142 4337 2236 4394 Sa-

673 4438 839 4495 baoth
889 4435 1242 4491 conturbabit
1294 4433 1556 4503 gloriosos
1609 4446 1730 4485 cum
1785 4429 2125 4494 fortitudine,
2185 4440 2241 4484 et

2327 1915 2649 1987 χρήσασθαι·
2672 1913 2812 1968 κατὰ
2839 1911 2933 1966 σού
2964 1912 3039 1983 μὴ
3068 1910 3254 1979 ἀγνόει
3274 1926 3286 1938 ·
3331 1906 3520 1978 ἐπειδὴ
3553 1905 3662 1976 γὰρ
3691 1905 3758 1975 τῇ
3792 1901 3908 1972 6δῷ

2327 2008 2599 2078 Αἰγύπτου
2633 2008 2794 2061 πάλιν
2837 2003 3062 2059 σεαυτὸν
3108 2003 3434 2065 ἐκδέδωκας,
3488 1994 3910 2067 είδωλολατρείᾳ

2327 2096 2718 2172 προσεσχηκὼς
2742 2096 2884 2151 κατὰ
2901 2097 3028 2161 τοὺς
3063 2094 3289 2167 χρόνους
3324 2090 3509 2162 Ἄχας,
3528 2088 3719 2143 τούτου
3738 2088 3909 2159 χάριν

2329 2191 2472 2262 ὑμᾶς
2501 2193 2570 2260 τῇ
2595 2188 2776 2261 ῥάϐδῳ
2806 2185 2900 2240 τοῦ
2944 2184 3228 2257 Ἀσσυρίου
3272 2179 3630 2253 παραδέδωκα
3669 2178 3750 2241 εὶς
3791 2193 3907 2232 σω-

2329 2280 2625 2353 φρονισμὸν
2655 2279 2748 2332 καὶ
2767 2277 3122 2347 ἐπιστροφήν.

2402 2392 2422 2424 ι
2463 2374 2584 2426 Ἔτι
2616 2371 2725 2442 γὰρ
2753 2368 2948 2441 μικρὸν
2979 2370 3074 2422 καὶ
3095 2366 3366 2420 παύσεται
3394 2366 3428 2436 ἡ
3458 2363 3631 2435 ὀργή·
3666 2361 3695 2414 6
3714 2359 3771 2414 δέ
3805 2357 3914 2414 θυ-

2331 2467 2429 2538 μός
2464 2482 2566 2535 μου
2599 2463 2693 2516 ἐπὶ
2720 2461 2820 2535 τὴν
2866 2459 3058 2532 βουλήν
3085 2457 3286 2514 αὐτῶν.
3333 2459 3445 2511 Καὶ
3478 2458 3662 2528 ἐγερεῖ
3697 2456 3726 2509 6
3771 2451 3916 2516 Θεὸς

2329 2559 2413 2610 ἐπ’
2430 2555 2626 2619 αὐτοὺς
2640 2553 2779 2609 κατὰ
2793 2552 2890 2625 τὴν
2921 2549 3134 2622 πληγήν
3155 2548 3383 2620 Μαδιάμ
3399 2550 3456 2602 ἐν
3477 2547 3631 2618 τόπῳ
3652 2544 3910 2616 θλίψεως·

2328 2647 2424 2702 καὶ
2454 2648 2483 2701 6
2515 2645 2684 2716 θυμὸς
2706 2643 2871 2698 αὑτοῦ
2904 2643 2971 2712 τῇ
3131 2643 3198 2712 τῇ
3223 2639 3368 2694 κατὰ
3389 2639 3689 2706 θάλασσαν,
3713 2638 3793 2700 είς
3808 2634 3916 2706 τὴν

2325 2738 2446 2793 ὁδὸν
2494 2738 2593 2810 τήν
2642 2739 2766 2791 κατ’
2791 2737 3088 2806 Αἴγυπτον.
3127 2755 3144 2787 ι
3196 2727 3630 2791 Μεταϐαλόντων
3660 2729 3760 2800 μὲν
3788 2726 3908 2799 γὰρ

2326 2829 2486 2901 ὑμῶν
2518 2831 2612 2883 ἐπὶ
2639 2828 2708 2882 τὰ
2735 2829 2988 2900 κρείττω,
3037 2828 3131 2881 καὶ
3182 2826 3275 2881 τὸν
3319 2824 3452 2879 Θεὸν
3494 2819 3913 2890 ³ιπεγνωκότιυν,

2332 2921 2448 2992 ἄμα
2471 2918 2549 2991 τῷ
2566 2920 2816 2992 ὑμετέρῳ
2841 2918 3050 2990 βασιλεῖ
3088 2917 3324 2989 Ἐζεκίᾳ,
3349 2917 3443 2971 καὶ
3473 2918 3506 2988 ή
3536 2913 3918 2985 ἀγανάκτησις

2337 3032 2437 3086 μου
2471 3015 2505 3085 ἡ
2549 3013 2670 3068 καθ’
2704 3013 2856 3085 ὑμῶν
2895 3012 3193 3066 παύσεται·
3227 3009 3361 3083 ἐμοῦ
3401 3010 3459 3064 δέ
3494 3009 3596 3080 τῆς
3637 3007 3917 3080 ὑμετέρας

2335 3105 2608 3178 σωτηρίας
2671 3101 3170 3176 ὑπερασπίζοντος,
3229 3098 3483 3170 φεύξεται
3538 3100 3567 3151 6
3626 3095 3920 3168 ’Δσσύριος

2335 3195 2679 3267 ἀσχημόνως,
2726 3194 2814 3248 διὰ
2849 3194 2951 3264 τῆς
2989 3192 3260 3264 ὑμετέρας
3293 3190 3476 3260 χώρας
3520 3187 3614 3242 καὶ
3664 3184 3756 3240 διὰ
3801 3183 3922 3241 τῶν

2335 3289 2616 3359 ὑμετέρων
2641 3287 2846 3341 πόλεων
2870 3285 3033 3339 τόπον
3063 3287 3129 3338 ἐκ
3148 3283 3316 3336 τόπου
3345 3279 3737 3352 διαδιδράσκων

2410 3435 2430 3468 ι
2467 3417 2578 3470 Καὶ
2613 3416 2762 3470 ἔσται
2804 3416 2862 3470 ἐν
2905 3417 2972 3487 τῇ
3007 3414 3195 3487 ἡμέρᾳ
3245 3412 3451 3484 ἐκείνῃ,
3480 3408 3920 3481 ἀφαιρεθήσεται

2335 3507 2545 3577 δζυγὸς
2574 3507 2740 3562 αὐτοῦ
2773 3508 2881 3561 ἀπὸ
2907 3508 3003 3560 τοῦ
3041 3498 3191 3577 ὤμου
3227 3521 3344 3569 σου,
3375 3503 3468 3558 καὶ
3491 3503 3524 3555 6
3547 3502 3710 3571 φδϐος
3746 3498 3919 3555 αὑτοῦ

2336 3599 2429 3651 ἐπὶ
2453 3597 2569 3662 σοῦ,
2604 3599 2698 3651 καὶ
2729 3596 3259 3669 καταφθαρήσεταιό
3286 3594 3451 3663 ζυγὸς
3479 3593 3587 3648 ἀπὸ
3617 3592 3726 3646 τῶν
3747 3589 3922 3662 ὤμων

2339 3689 2514 3761 ὖμῶν.
2543 3688 2699 3753 Ἥξει
2730 3689 2840 3761 γὰρ
2864 3690 2945 3752 είς
2965 3687 3065 3760 τὴν
3090 3687 3246 3741 πόλιν
3285 3686 3497 3756 ’Δγγαὶ,
3533 3685 3628 3738 καὶ
3652 3682 3924 3756 παρελεύ-

2341 3797 2496 3834 σεται
2520 3781 2601 3844 είς
2637 3777 2928 3848 Μαγγεδὼ,
2960 3778 3055 3832 καὶ
3083 3780 3142 3831 tv
3165 3777 3406 3849 Μαχμὰς
3450 3775 3606 3848 θήσει
3631 3774 3700 3830 τὰ
3744 3773 3921 3848 σκεύη

2339 3872 2526 3929 αὐτοῦ.
2585 3871 2697 3925 Καὶ
2730 3870 3124 3942 παρελεύσεται
3161 3871 3456 3942 φάραγγα,
3512 3867 3608 3921 καὶ
3650 3865 3772 3938 ήξει
3835 3869 3925 3931 εις

2351 3960 2566 4030 Ἀγγαί.
2586 3959 2752 4024 Φόϐος
2781 3960 3011 4032 λήψεται
3056 3958 3235 4031 Ῥαμὰ
3258 3959 3414 4012 πόλιν
3433 3957 3627 4012 Σαούλ.
3654 3957 3923 4023 Φεύξιται

2331 4052 2586 4127 θυγάτηρ
2616 4049 2853 4121 Γαλλείμ
2872 4068 2886 4082 ·
2923 4049 3289 4106 ἐπακούσεται
3336 4051 3396 4104 ἐν
3438 4050 3639 4118 Λαῖσὰ,
3670 4048 3920 4103 ἐπακού-

2341 4169 2501 4207 σεται,
2523 4152 2581 4204 ἐν
2609 4149 2866 4206 Ἀναθὼθ.
2898 4150 3008 4204 Καὶ
3027 4149 3220 4221 ἐξέστη
3247 4148 3560 4221 Μαδεϐηνὰ,
3584 4150 3679 4203 καὶ
3708 4151 3758 4202 οἱ
3779 4166 3922 4215 κατ-

2339 4242 2615 4307 οικοῦντες
2655 4238 2896 4313 Γιϐϐείρ.
2926 4240 3299 4313 Παρακαλεῖτε
3335 4242 3572 4313 σήμερον
3601 4242 3657 4294 tv
3685 4239 3792 4312 ὁδῷ
3818 4239 3921 4295 τοῦ

2345 4336 2542 4404 μεῖναι.
2583 4333 2962 4406 Παρακαλεῖτε
2993 4335 3061 4404 τῇ
3089 4333 3235 4405 χειρὶ
3263 4333 3325 4387 τὸ
3354 4333 3480 4406 ὅρος
3502 4333 3600 4405 τὴν
3639 4334 3922 4406 θυγατέρα

2339 4423 2498 4488 Σιὼν,
2531 4425 2627 4478 καὶ
2656 4426 2706 4478 οἱ
2739 4424 2917 4496 βουνοὶ
2945 4427 2993 4478 oi
3019 4426 3076 4477 tv
3105 4424 3474 4497 Ἰερουσαλήμ.
3511 4426 3640 4478 Ἰδοὺ
3671 4427 3700 4479 6
3725 4425 3927 4480 δεσπό-

675 4526 878 4583 excelsi
918 4524 1112 4592 injuria
1140 4502 1512 4587 conterentur,
1542 4529 1597 4574 et
1627 4519 2074 4574 bumiliabttntur.
2100 4538 2119 4570 ι
2156 4519 2231 4572 Tn

2340 4532 2438 4586 της
2458 4515 2659 4587 Κύριος
2691 4514 2917 4570 Σαϐαὼθ
2946 4516 3306 4587 συνταράσσει
3329 4517 3456 4580 τοὺς
3485 4516 3728 4581 ἐνδόξως
3779 4517 3922 4589 μετὰ

681 4619 898 4688 quippe,
929 4615 1004 4668 ait
1042 4614 1132 4668 ille
1172 4615 1424 4684 populum
1470 4627 1629 4666 suum
1682 4610 1983 4679 alloquens,
2020 4610 2158 4666 liber
2182 4621 2239 4663 et

679 4707 824 4762 omni
865 4713 1009 4758 metu
1059 4717 1257 4756 vacuus
1291 4705 1436 4756 eris:
1471 4701 1565 4770 qui
1617 4715 1746 4755 vero
1784 4695 2046 4769 fugiebat,
2091 4699 2240 4769 prius

678 4799 854 4854 veniet
885 4797 939 4850 in
984 4795 1260 4850 civitatem
1303 4793 1498 4862 Angte;
1545 4793 1670 4846 inde
1698 4805 1829 4846 vero
1860 4791 2025 4846 alium
2073 4791 2127 4845 in
2168 4789 2242 4845 lo-

677 4906 801 4947 cum
848 4886 1258 4958 commigrabit;
1311 4885 1488 4952 ibique
1558 4882 1929 4956 defatigatus,
1991 4883 2240 4939 sarcinas

680 4991 841 5051 ponet
868 4994 995 5035 suas
1025 4995 1039 5031 :
1074 4977 1268 5040 deinde
1302 4976 1466 5030 istinc
1506 4975 1610 5029 alio
1662 4975 1935 5040 transibit,
1970 4975 2112 5028 unde
2145 4989 2241 5028 ve-

680 5075 792 5128 niet
821 5073 874 5125 in
904 5071 1090 5126 urbem
1114 5084 1275 5139 quam
1314 5078 1514 5122 vocant
1545 5065 1724 5121 Saulis
1755 5085 1768 5120 :
1801 5077 1979 5136 postea
2011 5080 2144 5119 vero
2185 5067 2236 5120 in

686 5167 848 5219 alium
875 5167 1048 5222 locum
1081 5183 1096 5220 :
1125 5177 1288 5236 atque
1318 5167 1397 5220 sic
1425 5165 1654 5234 turpiter
1675 5164 1739 5219 de
1771 5163 1947 5218 medio
1986 5160 2237 5225 tolletur;

684 5269 780 5309 vos
807 5268 982 5310 autem
1008 5253 1441 5321 consolabimini,
1461 5262 1512 5307 et
1534 5253 1780 5308 solatium
1803 5252 2102 5321 accipietis,
2135 5265 2237 5304 non

684 5347 911 5416 amplius
954 5347 1296 5418 Assyriorum
1340 5347 1472 5416 jugo
1501 5344 1720 5400 subditi.
1751 5343 1823 5399 Ut
1867 5346 2011 5400 enim
2063 5345 2130 5398 ab
2158 5343 2242 5397 in-

683 5448 908 5508 gruente
940 5439 1134 5508 illaque
1178 5439 1327 5492 brevi
1363 5437 1710 5507 correptione
1751 5451 1856 5490 non
1891 5435 2118 5506 fugiant,
2145 5434 2237 5488 sed

683 5541 1055 5598 permaneant,
1108 5548 1127 5581 ι
1152 5529 1538 5595 Consolamini,
1568 5549 1586 5582 ι
1629 5529 1727 5594 ait,
1777 5546 1796 5578 ι
1830 5527 1993 5581 tiliam
2025 5526 2183 5594 Sion,
2217 5543 2235 5576 ι

683 5620 932 5676 νὶάεῒίοει
966 5621 1293 5677 habitatores
1325 5621 1648 5678 Jerusaiem.

2347 4607 2552 4678 ἰσχύος·
2582 4608 2690 4680 ω
2720 4608 2769 4661 οἱ
2797 4607 2991 4678 ὑψηλοὶ
3017 4609 3084 4678 τῇ
3113 4606 3272 4679 ὕϐρει
3317 4608 3784 4680 συντριϐήσονται,
3819 4609 3922 4663 καὶ

2343 4694 2858 4771 ταπεινΜνται.
2890 4717 2908 4749 t
2938 4699 3009 4752 Σὺ
3046 4699 3145 4770 μὲν
3169 4694 3284 4766 οὖν,
3324 4700 3488 4772 φησὶν
3512 4699 3646 4771 πρὸς
3677 4698 3767 4753 τὸν
3787 4698 3922 4754 λαὸν

2343 4789 2528 4854 αὐτοῦ,
2569 4790 2668 4862 ἐσῃ
2700 4789 2985 4862 ἐλεύθερος
3014 4791 3107 4844 καὶ
3133 4791 3332 4855 παντὸς
3360 4790 3778 4864 ἀπηλλαγμένος
3822 4791 3925 4861 φό-

2343 4882 2470 4936 ϐου·
2504 4885 2533 4936 6
2566 4883 2624 4936 δέ
2663 4883 2902 4953 φεύγων,
2938 4881 3201 4954 πρότερον
3237 4882 3338 4954 μὲν
3365 4882 3488 4952 ἥξει
3521 4885 3601 4945 εἰς
3631 4883 3732 4954 τὴν
3763 4881 3920 4936 πόλιν

2354 4972 2545 5042 Ἀγγαί
2563 4991 2577 5003 ·
2618 4969 2737 5026 εἶτα
2767 4972 2975 5026 ἐκεῖθεν
2999 4973 3390 5045 παρελεύσεται
3411 4974 3491 5037 εἰς
3518 4974 3704 5044 ἕτερον
3729 4972 3917 5039 τόπον,

2343 5068 2436 5120 καὶ
2457 5065 2760 5136 ἀποκαμὼν
2808 5065 3040 5119 ἐνταῦθα
3072 5066 3140 5120 τὰ
3164 5065 3333 5137 σκεύη
3352 5063 3518 5119 αὑτοῦ
3549 5065 3881 5136 ἀποϐήσεται
3899 5082 3914 5096 ·

2343 5157 2530 5212 ἔπειτα
2563 5158 2878 5228 διαϐήσεται
2933 5157 3179 5212 ἐντεῦθεν
3222 5157 3485 5228 ἀλλαχοῦ·
3537 5155 3788 5210 κάκεῖθεν
3834 5161 3920 5223 είς

2343 5250 2441 5321 τὴν
2485 5250 2822 5320 καλουμένην
2880 5251 3032 5304 πόλιν
3076 5250 3276 5303 Σαούλ·
3316 5246 3434 5303 εἶτα
3475 5252 3555 5313 είς
3608 5251 3792 5322 ἕτερον
3825 5252 3918 5306 τό·

2346 5360 2477 5396 πον·
2535 5345 2628 5396 καὶ
2687 5341 2859 5405 οὕτως
2913 5341 3263 5414 ἀσχημονῶν,
3323 5342 3537 5413 ἀφανὴς
3593 5343 3918 5413 γενήσεται·

2346 5435 2498 5503 ὑμεῖς
2523 5436 2579 5489 δὲ
2600 5433 3147 5507 παρακαληθήσεσθε,
3167 5436 3261 5488 καὶ⁹
3276 5433 3627 5506 παραμυθίας
3641 5434 3918 5501 τεύξεσθε,

2349 5529 2541 5599 μηκέτι
2584 5530 2932 5599 ὑποκείμενοι
2967 5527 3046 5599 τῷ
3066 5527 3214 5597 ζυγῷ
3244 5527 3351 5580 τῶν
3392 5526 3710 5598 Ἀσσυρίων.
3749 5526 3920 5600 Ὑπὲρ

2346 5619 2450 5692 γὰρ
2477 5620 2572 5674 τοῦ
2607 5622 2682 5693 μὴ
2717 5621 2940 5691 φεύγειν
2973 5622 3065 5674 καὶ
3099 5623 3386 5694 καρτερεῖν
3416 5620 3516 5691 τὴν
3553 5619 3690 5691 πρὸς
3736 5617 3920 5687 ὀλίγον

681 5711 1108 5784 ἐπελευσομένην
1159 5712 1422 5778 παιδείαν,
1473 5731 1491 5764 ι
1542 5709 1948 5782 Παρακαλείτε,
1997 5727 2015 5757 t
2065 5709 2230 5779 φησὶ,
2278 5725 2298 5760 ι
2332 5707 2433 5780 τὴν
2467 5710 2737 5782 θυγατέρα
2801 5712 2959 5775 Σιὼν,
2991 5729 3009 5764 ι
3077 5711 3276 5783 δηλαδὴ
3308 5710 3434 5774 τοὺς
3473 5709 3813 5776 ἐνοικοῦντας
3850 5713 3918 5784 τῇ

711 5801 1062 5876 Ιερουσαλήμ.
