4100 6286
198 290 295 348 ὶϐθ

1140 287 1638 347 ΟΟΜἊΕΝΤΑΒΙΑ
1683 285 1753 343 ΙΝ
1792 284 2044 342 ISAIAM.
2089 317 2154 327 -—
2194 282 2346 339 CAP.
2392 281 2484 339 XI.

3370 279 3473 335 I70

270 424 288 457 ι
322 404 431 459 Καὶ
460 404 763 463 πεσοῦνται
797 408 847 461 oi
890 408 1085 480 ὑψηλοὶ
1126 406 1398 480 μαχαίρᾳ·
1437 409 1467 461 6
1498 406 1555 460 at
1605 404 1774 460 Λίϐα-

1953 399 2115 457 Vns.
2147 400 2237 455 34.
2276 416 2294 450 ι
2325 398 2387 453 Et
2448 396 2641 452 cadent
2687 398 2886 451 excelsi
2937 395 3111 466 gladio
3193 434 3206 449 .
3234 392 3473 453 Libanus

198 516 280 565 va;
302 500 401 554 σῦν
435 501 537 564 τοῖς
574 499 807 572 ὑψηλοῖς
848 502 1116 555 πεσεῖται.
1154 519 1172 553 s
1207 500 1349 573 ὐρα
1381 498 1439 553 δέ
1470 515 1590 571 μοι,
1621 500 1782 561 ὅσους

199 590 287 645 καὶ
310 589 504 655 ὁσάκις
544 590 788 661 ὑψηλοὺς
815 590 1135 662 ὠνόμασεν·
1167 583 1243 643 ῶν
1287 590 1348 643 τὸ
1386 588 1645 659 σύστημα
1700 586 1781 656 τῷ

196 680 432 753 Λιϐάνῳ,
469 682 565 736 καὶ
594 682 718 746 ταῖς
750 682 808 735 ὲν
833 681 985 752 αὐτῷ
1010 680 1373 752 ὑψηλοτάταις
1397 680 1614 752 κέδροις
1671 679 1779 747 ἀφ-

194 778 386 845 ομοιοῖ.
405 774 500 828 Διὸ
527 774 743 847 εἴρηται
764 773 1028 845 ἀλλαχοῦ·
1067 792 1086 825 ι
1119 769 1381 827 Εἷδοντδν
1409 772 1581 843 ἀσεϐῆ
1612 772 1784 843 ὑπερ-

196 868 498 940 υψούμενον
573 866 669 921 καὶ
740 866 1097 937 ἐπαιρόμενον
1135 866 1212 931 ὡς
1264 865 1366 928 τὰς
1423 864 1645 934 κίδρους
1686 862 1782 917 τοῦ

194 958 465 1013 Λιϐάνου·
519 975 541 1011 ι
574 957 670 1011 καὶ
721 959 781 1011 ὲν
826 958 997 1029 ἑτέρῳ
1042 957 1242 1011 πάλιν
1285 976 1305 1008 t
1360 955 1516 1027 Φωνὴ
1571 953 1781 1029 Κυρίου

196 1048 576 1121 συντρίϐοντος
630 1048 879 1119 κέδρους,
932 1049 1026 1102 καὶ
1080 1046 1356 1116 συντρίϐει
1405 1046 1613 1118 Κύριος
1682 1044 1784 1109 τὰς

195 1140 419 1212 μύδρους
466 1138 563 1193 τοῦ
607 1139 873 1194 Λιϐάνου·
926 1141 1021 1195 καὶ
1050 1141 1304 1194 λεπτυνεῐ
1346 1138 1517 1204 αύτάς
1560 1137 1638 1203 ὡς
1688 1137 1782 1192 τὸν

197 1234 399 1305 μόσχον
423 1232 521 1287 τὸν
546 1230 794 1286 Λίϐανον.
838 1251 859 1285 r

720 1323 1119 1378 ΚΕΦΔΔΔΙΟΝ
1157 1324 1260 1377 IA’.

271 1437 291 1469 ε
328 1417 446 1471 Καὶ
498 1415 841 1483 εξελεύσεται
885 1415 1078 1487 ῥάϐδος
1107 1415 1172 1468 εκ
1214 1414 1314 1487 τῆς
1348 1413 1507 1487 ῥίζης
1550 1410 1778 1477 Ἰεσσαὶ,

197 1508 286 1563 καὶ
341 1507 510 1572 ἄνθος
569 1508 637 1561 εκ
685 1508 784 1577 τῆς
836 1505 994 1579 ῥίζης
1043 1505 1395 1577 ἀναϐήσεται.
1444 1524 1463 1557 ι
1510 1504 1636 1568 Πῶς
1671 1504 1782 1557 τῶν

198 1599 618 1672 προειρημένων
653 1598 909 1651 ἀπάντων
942 1597 1095 1650 ἔσται
1134 1596 1393 1667 συντριϐὴ
1425 1594 1521 1649 καὶ
1549 1595 1778 1659 πτῶσις,

198 1691 532 1763 παρίστησιν
576 1689 736 1759 ἑξῆς,
783 1691 848 1742 ὲκ
895 1687 1052 1761 ῥίζης
1106 1689 1305 1743 Ἰεσσαὶ
1354 1684 1779 1760 προελεύσεσθαι

200 1781 391 1836 ὸάϐδον
416 1780 699 1846 θεσπίζων
718 1798 731 1811 ο
765 1781 889 1851 ήτις
913 1780 1126 1851 ῥάϐδος,
1156 1779 1365 1843 πάντας
1388 1779 1513 1843 τοὺς
1547 1777 1785 1849 ὑψηλοὺς

199 1871 557 1943 συντρίψασα,
622 1870 974 1925 ταπεινώσει.
1026 1870 1117 1924 Διὸ
1174 1869 1573 1939 ὲπισυνῆπται·
1615 1871 1645 1921 ι’
1676 1868 1786 1921 Καὶ

200 1961 543 2031 ἐξελεύσεται
580 1963 781 2036 ῥάϐδος
807 1964 871 2015 εκ
902 1962 1002 2032 τῆς
1043 1961 1198 2033 ῥίζης
1239 1962 1457 2015 Ἰεσσαί.
1494 1980 1513 2014 ι
1561 1960 1785 2015 ’Δντὶδὲ

197 2054 307 2119 τοῦ,
351 2074 371 2107 ε
406 2058 479 2110 εκ
507 2055 610 2126 τῆς
638 2054 818 2127 ῥίζης,
850 2073 869 2107 s
897 2083 967 2093 —
999 2071 1017 2105 ι
1056 2054 1167 2107 ἀπὸ
1191 2053 1399 2125 κορμοῦ
1420 2074 1438 2105 ι
1479 2053 1786 2125 συμφώνως

198 2146 554 2216 ήρμήνευσαν
601 2148 649 2199 0i
680 2145 877 2198 λοιποί.
924 2144 1035 2198 Καὶ
1079 2143 1190 2216 γάρ
1237 2138 1306 2214 ἦν
1339 2145 1373 2215 ή
1422 2144 1564 2215 φυλὴ
1617 2144 1713 2197 καὶ
1752 2145 1786 2216 ή

200 2236 403 2304 πατριὰ
434 2236 496 2303 ιε
518 2232 587 2308 ἧς
610 2235 882 2308 προῆλθεν
905 2236 935 2289 ὁ
964 2235 1175 2306 Σωτὴρ,
1211 2234 1397 2304 ὥσπερ
1428 2252 1515 2298 τις
1547 2234 1784 2306 κορμδς,

200 2331 398 2402 μηκέτι
441 2330 674 2395 κλάδους
716 2330 878 2401 ἔχων,
915 2329 1003 2384 διά
1042 2330 1104 2383 τὸ
1136 2329 1508 2384 ἐκλελοιπέναι
1544 2330 1671 2393 τοὺς
1722 2330 1787 2382 ἐκ

198 2423 453 2493 διαδοχῆς
508 2422 673 2477 Δαυτδ
706 2423 961 2493 βασιλέας
1012 2422 1147 2494 μετά
1196 2423 1296 2495 τήν
1350 2424 1431 2487 είς
1480 2420 1777 2475 Βαϐυλῶνα

200 2514 610 2585 αίχμαλωσίαν·
656 2514 737 2567 διό
788 2532 877 2586 μοι
931 2514 1077 2567 δοκεῖ
1106 2514 1312 2585 κορμὸς
1357 2512 1672 2584 ὠνομάσθαι
1728 2511 1791 2565 τὸ

199 2608 338 2660 κατά
370 2606 554 2677 σάρκα
586 2606 744 2675 γένος
758 2606 853 2660 τοῦ
871 2605 1055 2669 Δαυτδ,
1082 2599 1143 2659 οὗ
1162 2604 1389 2676 ὀπατὴρ
1415 2601 1482 2677 ἦν
1510 2607 1538 2659 ὁ
1570 2603 1787 2657 Ἰεσσαί.

201 2698 303 2759 Τὸν
350 2700 548 2770 χρόνον
591 2700 772 2753 τοίνυν
828 2698 949 2753 καθ’
979 2698 1051 2751 δν,
1086 2698 1153 2753 τὰ
1205 2697 1584 2770 προειρημένα
1612 2696 1787 2761 ἔσται,

200 2789 490 2859 παριστὰς,
544 2791 803 2845 συνάπτει
837 2789 932 2861 τὴν
959 2792 1038 2854 είς
1064 2789 1386 2862 ἀνθρώπους
1421 2789 1653 2860 πάροδον
1692 2789 1788 2842 τοῦ

199 2879 435 2952 Χριστοῦ
474 2880 684 2952 σφόδρα
722 2880 1014 2952 εὐκαίρως.
1075 2880 1291 2952 Ἐπειδὴ
1331 2879 1442 2951 γὰρ
1476 2879 1792 2951 προεδίδαξε

197 2970 282 3025 διὰ
313 2970 426 3025 τῶν
460 2970 772 3043 ιμπροσθεν
809 2971 877 3025 τὰ
911 2972 1169 3045 περὶτῆς
1202 2973 1266 3024 εκ
1288 2971 1565 3044 Παρθένου
1601 2972 1794 3040 γεννή-

201 3078 352 3126 σεως.
376 3063 481 3126 τάς
504 3080 565 3116 τε
589 3063 913 3135 ἐπωνύμους
936 3063 1305 3135 προσηγορίας
1338 3062 1447 3116 τῶν
1471 3063 1684 3116 ὲπινοου
1693 3062 1792 3133 91-
1819 3099 1861 3158 c

201 3172 303 3208 νων
332 3157 391 3207 ἐν
408 3154 563 3226 αὐτῷ
588 3155 892 3226 δυνάμεων,
923 3154 1235 3219 ἀκολούθως
1271 3156 1363 3208 ἐπὶ
1384 3154 1476 3208 τοῦ
1499 3154 1787 3224 παρόντος,

202 3243 261 3310 ἐξ
296 3245 488 3299 ὁποίου
523 3245 733 3314 γένους,
779 3247 875 3300 καὶ
928 3247 1089 3310 ποίας
1137 3246 1315 3316 φυλῆς
1373 3247 1787 3319 προελεύσεται,

200 3335 359 3389 ὁποῖά
390 3352 453 3388 τε
483 3336 822 3407 κατορθώσει
857 3338 889 3409 ἡ
929 3339 1010 3401 είς
1060 3336 1386 3409 ἀνθρώπους
1441 3338 1606 3393 αὑτοῦ
1648 3340 1791 3410 πάρα

201 3426 339 3491 οδες,
371 3430 785 3499 προαναφωνεῖ.

275 3540 296 3574 ε
341 3522 457 3576 Καὶ
494 3521 870 3576 ἀναπαύσεται
902 3522 990 3576 ἐπ’
1015 3522 1181 3577 αὐτὸν
1222 3521 1451 3596 Πνεῦμα
1489 3522 1584 3577 τοῦ
1629 3522 1787 3587 Θεοῦ,

204 3614 425 3686 πνεῦμα
474 3614 669 3684 σοφίας
718 3614 812 3668 καὶ
864 3614 1151 3679 συνέσεως,
1204 3614 1427 3684 πνεῦμα
1468 3614 1662 3687 βουλῆς
1696 3616 1792 3669 καὶ

207 3707 409 3779 ἰσχύος,
456 3707 678 3779 πνεῦμα
708 3705 966 3775 γνώσεως
1009 3708 1105 3760 καὶ
1149 3708 1464 3772 εὐσεϐείας·
1517 3709 1793 3780 ἐμπλήσει

204 3800 364 3853 αὑτὸν
383 3798 609 3868 πνεῦμα
638 3797 805 3867 φόϐου
831 3796 988 3852 Θεοῦ.
1008 3799 1083 3852 Οὐ
1102 3800 1244 3853 κατά
1268 3798 1366 3871 τὴν
1394 3799 1551 3866 δόξαν
1578 3800 1788 3873 κρινεῖ,

202 3891 320 3944 οὐδὲ
346 3892 493 3945 κατά
531 3892 633 3961 τήν
676 3888 866 3943 λαλιὰν
901 3889 1127 3957 ἐλέγξει.
1170 3910 1188 3942 ι
1218 3889 1447 3962 Εῦροιεν
1487 3892 1598 3965 γὰρ
1632 3892 1699 3945 ἂν
1739 3892 1791 3945 οι

203 3979 450 4045 θέλοντες
466 3982 619 4044 ὅπως
636 3982 665 4034 ὁ
690 3981 881 4054 Σωτὴρ
902 3980 1062 4051 ήμῶν
1090 3982 1185 4034 καὶ
1211 3981 1415 4054 Κύριος
1441 3982 1502 4035 οὐ
1529 3982 1671 4036 κατά
1693 3983 1791 4055 τὴν

202 4071 356 4137 δόξαν
383 4072 593 4144 ἔκρινε.
619 4071 864 4143 Μηδενὸς
884 4071 994 4143 γὰρ
1011 4070 1301 4143 πρόσωπον
1327 4071 1621 4143 λαμϐάνων
1652 4072 1787 4144 (16),

203 4162 402 4236 ήλεγχε
430 4165 529 4217 σὺν
552 4164 838 4236 παρῥησίᾳ
867 4163 1035 4234 πολλῇ
1069 4162 1199 4217 ποτὲ
1236 4163 1337 4234 μὲν
1367 4164 1495 4227 τοὺς
1518 4180 1757 4235 γραμμα

200 4259 310 4319 τεῐς
334 4258 433 4310 καὶ
456 4256 808 4327 Φαρισαίους,
843 4256 973 4309 ποτὲ
1005 4255 1063 4310 δὲ
1087 4256 1215 4320 τοὺς
1249 4257 1527 4330 ἀρχιερεῖς
1546 4257 1692 4310 ἔνδον
1729 4259 1789 4313 ἂν

198 4348 279 4419 τῷ
311 4347 449 4419 ναῷ,
474 4342 559 4411 οἷς
605 4349 699 4402 καὶ
752 4348 968 4417 ἔλεγεν·
1003 4367 1022 4401 t
1070 4347 1393 4421 Ἀρθήσεται
1434 4350 1527 4418 ἀφ’
1550 4350 1707 4422 ὑμῶν
1754 4353 1787 4423 ὴ

202 4440 474 4511 βασιλεία,
503 4441 600 4494 καὶ
623 4439 905 4513 δοθήσεται
933 4440 1073 4494 tam
1111 4440 1355 4494 ποιοῦντι
1382 4442 1507 4506 τοὺς
1538 4443 1787 4513 καρποὺς
1824 4467 1864 4521 ο

199 4533 391 4605 αὐτῆς.
435 4552 456 4584 s
505 4532 644 4585 Ἀλλ’
659 4532 780 4586 οὐδὲ
800 4532 940 4586 κατά
965 4532 1065 4603 τὴν
1093 4532 1283 4587 λαλιὰν
1311 4533 1542 4604 ήλεγχεν
1561 4549 1576 4564 ’
1604 4534 1655 4587 οἱ
1690 4534 1790 4604 μὲν

198 4622 308 4693 γὰρ
341 4624 654 4694 προσῄεσαν
671 4623 823 4695 αὐτῷ
850 4623 1100 4695 λέγοντες
1120 4642 1134 4655 -
1168 4643 1186 4675 t
1216 4623 1535 4689 Διδάσκαλε,
1558 4624 1781 4696 οἴδαμεν

198 4712 281 4767 ὅτι
318 4713 532 4784 ἀληθὴς
564 4710 635 4775 εί,
670 4733 688 4765 s
728 4713 822 4766 καὶ
846 4714 913 4767 τά
937 4712 1081 4785 ἑξῆς.
1124 4714 1185 4768 Ὀ
1209 4713 1266 4768 δὲ
1298 4716 1358 4767 οὐ
1391 4715 1534 4768 κατὰ
1562 4714 1661 4785 τὴν
1688 4714 1785 4768 λα-

198 4802 318 4858 λιὰν
347 4804 533 4857 αὐτῶν
561 4804 760 4877 ήλεῑχε
781 4822 795 4836 ’
827 4804 907 4859 διδ
944 4805 1103 4870 εἰδὼς
1135 4805 1235 4870 τὰς
1269 4807 1533 4879 πονηρίας
1578 4807 1780 4873 αὐτῶν,

199 4895 382 4966 ελετε·
415 4916 433 4948 ι
473 4896 539 4950 Τί
575 4914 642 4968 με
673 4896 980 4969 πειράζετε,
1015 4897 1341 4971 ὑποκριταί;
1373 4918 1391 4950 ι

275 5094 294 5127 s
335 5074 505 5129 ’Δλλά
538 5078 716 5149 κρινεῖ
758 5076 1002 5148 ταπεινῷ
1030 5077 1233 5148 κρίσιν,
1275 5078 1368 5133 καὶ
1400 5077 1611 5147 ἐλέγξει
1662 5080 1789 5144 τοὺς

200 5169 489 5231 ταπεινοὺς
512 5167 611 5237 τῆς
633 5166 759 5238 γῆς,
783 5169 875 5222 καὶ
904 5165 1138 5233 πατάεει
1167 5168 1266 5240 τήν
1290 5169 1395 5239 γῆν
1428 5168 1506 5240 τῷ
1532 5170 1675 5241 λόγῳ
1696 5170 1790 5223 τοῦ

203 5258 472 5327 στόματος
500 5257 687 5311 αὐτοῦ.
736 5276 757 5309 ›
800 5257 1033 5329 Νοήσιις
1060 5259 1117 5311 δὲ
1147 5259 1230 5322 τὸ,
1268 5278 1286 5310 ι
1322 5259 1559 5325 Πατάξει
1580 5263 1683 5332 γῆν
1715 5262 1795 5334 τῷ

199 5344 343 5417 λόγῳ
382 5347 477 5400 τοῦ
511 5348 781 5417 στόματος
813 5346 1000 5412 αὑτοῦ,
1051 5366 1070 5400 ι
1118 5349 1213 5401 καὶ
1243 5348 1439 5413 ἄλλως,
1486 5351 1795 5415 ἐπακούσας

1887 500 2069 546 autem
2106 504 2226 545 cum
2258 488 2487 546 excelsis
2521 489 2701 543 cadet.
2733 508 2754 539 s
2796 486 2929 541 Vide
2955 486 3089 540 mibi
3136 499 3300 557 quam
3326 501 3473 555 sepe

1883 594 1935 637 et
1970 580 2183 651 quoties
2209 580 2460 637 excelsos
2492 579 2758 643 nominet,
2787 592 3019 649 quorum
3052 588 3257 637 costum
3301 576 3471 632 Libs-

1886 690 1957 728 no
1978 682 2033 729 et
2058 672 2177 740 ejus
2199 670 2478 725 altissimis
2505 670 2686 726 cedrls
2712 669 2949 724 similem
2980 667 3133 724 dicit.
3175 666 3359 735 Quare
3386 667 3473 722 di-

1885 776 2031 821 ctum
2084 772 2168 820 est
2220 762 2347 818 alibi
2374 764 2461 818 “z
2497 780 2516 814 ι
2548 760 2669 816 Vidi
2708 760 2931 831 impium
2966 759 3470 831 superexaltatum,

1882 866 1939 913 et
1984 856 2252 911 elevatum
2303 855 2445 911 sicut
2492 854 2687 909 eedros
2736 850 2966 918 Libani;
2995 869 3014 904 ι
3078 858 3136 906 et
3180 848 3315 905 alias
3369 849 3475 905 ite-

1885 963 2003 1005 rum
2025 948 2071 980 “
2102 962 2117 999 :
2152 965 2171 999 ι
2211 944 2329 1001 Vox
2355 944 2563 1001 Domini
2594 942 2992 1016 confringentis
3022 942 3239 1009 cedros,
3265 950 3321 996 et
3351 954 3480 997 con-

1886 1038 2076 1110 fringit
2130 1036 2386 1091 Dominus
2418 1036 2613 1091 cedrus
2647 1033 2838 1090 Libani
2870 1050 2884 1087 :
2916 1040 2972 1089 et
3003 1031 3341 1089 comminuet
3378 1042 3477 1086 eas

1885 1138 2143 1201 tanquam
2169 1129 2393 1184 vitulum
2422 1126 2708 1185 Libanum.
2738 1145 2759 1180 ι

2502 1310 2737 1369 CAPUT
2775 1310 2868 1369 XI.

1958 1406 2197 1463 VsasJ.
2240 1425 2259 1459 ι
2291 1405 2359 1463 Et
2382 1406 2696 1476 egredietur
2717 1405 2865 1476 virga
2892 1404 2961 1461 de
2996 1404 3184 1461 radice
3203 1404 3394 1474 testas,
3423 1416 3483 1466 et

1884 1496 1982 1555 nos
2029 1501 2096 1555 de
2142 1501 2329 1555 radice
2380 1500 2663 1553 ascendet.
2688 1516 2706 1550 ι
2744 1496 2865 1564 Quo
2890 1507 3049 1567 pacto
3082 1498 3477 1568 praedictorum

1885 1594 2130 1648 omnium
2160 1592 2421 1647 contritio
2452 1599 2507 1645 et
2540 1590 2694 1644 ruina
2736 1588 2915 1644 futura
2956 1589 3028 1645 sit
3070 1589 3271 1645 deinde
3308 1589 3484 1645 deciso

1888 1693 2013 1747 rat;
2044 1697 2107 1736 ex
2143 1682 2335 1736 radice
2382 1680 2549 1735 Jessaa
2585 1680 2921 1750 proditurum
2951 1681 3158 1751 virgam
3191 1695 3315 1736 esse
3345 1680 3483 1736 vati-

1820 1749 1862 1806 Β
1892 1774 2085 1829 cinans
2116 1794 2128 1830 :
2160 1789 2280 1844 qua:
2304 1773 2453 1844 virga
2491 1749 2685 1829 omnes
2726 1772 2987 1829 sublimes
3023 1749 3271 1829 conteret
3300 1784 3356 1830 et
3382 1776 3482 1829 hu-

1892 1865 2145 1921 miliabit.
2199 1864 2379 1931 Quare
2434 1862 2663 1919 subdit:
2700 1881 2717 1915 I
2752 1863 2815 1919 Et
2868 1866 3185 1937 egredietur
3217 1866 3372 1937 virga
3415 1866 3482 1921 de

1892 1957 2072 2013 radice
2106 1956 2294 2013 Jessae.
2331 1976 2349 2013 ι
2390 1956 2495 2011 Pro
2531 1956 2625 2013 illo
2668 1966 2868 2021 autem,
2905 1976 2923 2009 ι
2981 1958 3049 2014 de
3105 1959 3312 2024 radice,
3337 1978 3357 2013 ι
3392 1974 3481 2015 re-

1890 2050 2024 2121 liqui
2088 2064 2281 2105 omnes
2339 2050 2690 2121 interpretes,
2746 2064 2822 2103 ta
2861 2061 3106 2106 truncos
3174 2061 3481 2108 verterunt.

1890 2142 2109 2199 Etenim
2161 2143 2336 2197 tribus
2382 2152 2437 2197 et
2484 2142 2711 2207 familia,
2747 2158 2813 2197 ex
2839 2157 2944 2213 qua
2978 2143 3231 2199 Salvator
3252 2144 3480 2215 prodiit,

1893 2248 1991 2289 ceu
2027 2234 2249 2303 quidam
2288 2245 2512 2289 truncus
2540 2243 2659 2289 erat
2721 2235 2807 2303 qui
2840 2236 3076 2289 nondum
3121 2249 3304 2291 ramos
3346 2237 3483 2290 emi.

1895 2336 2066 2390 serat,
2100 2325 2226 2395 quia
2255 2335 2376 2395 post
2428 2326 2806 2396 captivitatem
2838 2326 2889 2380 in
2915 2326 3217 2397 Babylone,
3247 2342 3316 2383 ex
3350 2342 3482 2384 suc.-

1892 2417 2144 2472 cessione
2201 2417 2420 2473 Davidia
2469 2432 2629 2488 reges
2682 2416 3037 2483 defecerant;
3098 2416 3224 2473 ideo
3266 2416 3484 2473 videtur

1895 2506 2029 2562 mihi
2069 2518 2295 2563 truncus
2324 2509 2509 2563 vocari
2558 2524 2731 2578 genus
2783 2506 3005 2563 Davidis
3033 2508 3339 2564 secundum
3367 2523 3484 2564 car-

1893 2614 2039 2662 nem,
2071 2599 2227 2669 cujus
2268 2609 2424 2669 pater
2453 2609 2572 2654 erat
2614 2598 2806 2655 Jesste.
2857 2598 3094 2669 Tempus
3151 2599 3338 2671 itaque
3374 2614 3485 2669 quo

1900 2690 1988 2744 illa
2020 2691 2175 2761 prius
2208 2700 2511 2746 memorata
2570 2690 2747 2746 futura
2786 2700 2918 2747 sunt
2951 2691 3260 2757 declarans,
3293 2693 3486 2747 admo-

1901 2782 2029 2835 dum
2058 2791 2365 2852 opportune
2394 2782 2596 2837 Christi
2626 2783 2693 2837 ad
2736 2783 2985 2838 homines
3019 2784 3313 2839 adventum
3354 2782 3484 2838 sub-

1891 2874 2094 2946 jungit.
2123 2873 2259 2941 Quia
2306 2875 2451 2930 enim
2510 2875 2563 2929 iu
2594 2876 3025 2944 pmcedentibus
3053 2890 3117 2931 ea
3144 2890 3265 2945 qua:
3291 2876 3359 2930 ad
3391 2891 3483 2931 or-

1899 2976 2009 3021 tum
2037 2981 2118 3023 ex.
2141 2966 2363 3037 Virgine
2408 2965 2732 3039 spectabant
2776 2967 3098 3033 edocuerat,
3128 2975 3295 3039 atque
3321 2982 3481 3025 vocao

1899 3060 2027 3114 bula
2064 3059 2434 3131 intelligibilcs
2479 3059 2600 3130 ejus
2648 3060 2880 3115 virtutes
2909 3059 3207 3115 indicantia
3250 3062 3484 3133 promic-

1898 3160 2014 3219 rat;
2046 3160 2444 3223 consequenter
2472 3152 2526 3206 in
2558 3152 2812 3223 praesenti
2842 3167 2950 3222 quo
2980 3166 3045 3208 ex
3093 3166 3293 3222 genere
3322 3162 3377 3209 et
3411 3168 3485 3208 ex,

1896 3258 2001 3313 qua
2036 3245 2204 3308 tribu,
2241 3260 2363 3313 qua:
2418 3259 2585 3315 opera
2648 3246 2765 3314 ejus
2814 3246 2883 3299 ad
2937 3244 3190 3301 homines
3217 3248 3485 3302 adventus

1894 3338 2141 3392 editurus
2172 3340 2265 3404 sit,
2291 3340 2642 3408 praenuntiat.

1964 3520 2130 3576 Vens.
2163 3522 2219 3587 2,
2246 3522 2305 3578 5.
2347 3542 2364 3575 ι
2396 3522 2458 3579 Et
2505 3525 2809 3593 requiescet
2865 3536 3027 3595 super
3071 3538 3198 3580 eum
3245 3523 3485 3596 Spiritus

1896 3613 2017 3681 Dei,
2071 3615 2296 3685 spiritus
2357 3617 2641 3683 sapientiae
2681 3627 2737 3672 et
2792 3617 3193 3688 intelligentiae,
3247 3616 3480 3687 spiritus

1895 3706 2111 3762 consilii
2139 3716 2193 3763 et
2228 3705 2587 3767 fortitudinis.
2617 3709 2842 3779 Spiritus
2869 3709 3113 3765 scientia:
3149 3718 3206 3765 et
3239 3711 3485 3780 pietatis.

1895 3799 2146 3869 Replebit
2174 3814 2299 3854 cum
2350 3799 2577 3870 spiritus
2632 3801 2843 3858 timoris
2873 3799 2993 3856 Dei.
3032 3799 3150 3855 Non
3183 3801 3404 3857 secundi
3429 3817 3471 3854 η

1893 3891 2207 3961 Opinionem
2257 3890 2561 3955 judicabit,
2616 3905 2793 3959 neque
2859 3892 3157 3946 secundum
3212 3890 3482 3961 loquelam

1892 3989 2153 4049 arguet.)
2206 3979 2392 4035 Cuivis
2450 3980 2652 4036 volenti
2712 3980 2875 4036 facile
2922 3990 3007 4037 est
3066 3982 3484 4052 deprehendere

1892 4087 2002 4140 quo
2030 4081 2190 4141 pacto
2215 4071 2474 4126 Salvator
2500 4082 2557 4127 et
2592 4071 2859 4127 Dominus
2893 4083 3101 4137 noster,
3140 4088 3249 4129 non
3282 4088 3485 4129 secun-

1892 4164 2017 4218 dum
2048 4163 2362 4234 opinionem
2396 4163 2713 4233 judicabat:
2753 4163 2961 4221 Nullius
3012 4166 3157 4219 enim
3193 4181 3481 4237 personam

1891 4255 2190 4326 accipiens.
2225 4260 2385 4311 modo
2435 4255 2660 4312 Scribas
2701 4266 2755 4311 et
2807 4256 3140 4323 Pharisaeos,
3172 4273 3297 4313 mox
3333 4267 3483 4314 sum-

1894 4361 2011 4401 mos
2037 4346 2324 4417 pontiliccs
2373 4348 2427 4402 is
2478 4349 2677 4418 templo
2712 4347 2945 4403 fidenter
2974 4351 3260 4419 arguebat,
3284 4351 3484 4420 quibus

1892 4440 2056 4494 etiam
2118 4443 2232 4495 haec
2291 4442 2507 4495 dieebat
2542 4456 2555 4493 :
2594 4461 2611 4493 ε
2635 4442 2929 4497 Auferetur
2957 4459 2986 4497 a
3024 4442 3178 4498 vobis
3232 4459 3481 4515 regnum,

1898 4540 1953 4586 et
1988 4531 2207 4586 dabitur
2239 4533 2387 4603 genti
2426 4534 2648 4588 facienti
2708 4534 2923 4589 fructus
2950 4534 3067 4603 ejus
3085 4534 3151 4587 “.
3179 4554 3197 4587 ι
3232 4534 3340 4590 Sed
3380 4552 3480 4590 nec

1896 4626 2193 4678 secundum
2220 4624 2490 4693 loquelam
2522 4627 2787 4696 arguebat
2816 4643 2830 4681 :
2862 4642 2988 4681 nam
3028 4627 3121 4682 alii
3155 4628 3330 4698 ipsum
3366 4629 3483 4681 adi-

1893 4717 2023 4769 bant
2071 4716 2313 4772 dicentes
2371 4734 2386 4769 :
2450 4734 2469 4769 ι
2503 4716 2805 4786 Magister,
2858 4720 3066 4773 scimus
3118 4721 3247 4789 quia
3318 4734 3483 4773 verax

1893 4820 1953 4862 es
1992 4805 2063 4869 ",
2096 4824 2115 4859 ι
2149 4817 2258 4861 etc.
2294 4807 2387 4862 llle
2421 4822 2549 4862 vero
2600 4824 2705 4879 non
2759 4812 3059 4864 secundum
3090 4809 3362 4879 loquelam
3390 4825 3483 4865 eo-

1895 4909 2013 4948 rum
2041 4897 2303 4965 arguebat
2330 4911 2344 4947 :
2378 4908 2550 4965 quare
2580 4912 2785 4967 gnarus
2840 4898 3063 4953 malitia:
3116 4914 3307 4955 eorum
3338 4899 3484 4954 dicc-

1898 4987 2034 5042 bat:
2070 5005 2089 5038 ι
2129 4987 2267 5054 Quid
2292 5003 2379 5043 me
2417 4992 2663 5054 tentatis,
2697 4991 3031 5060 hypocrith
3061 5011 3080 5043 s

1960 5076 2127 5133 Vens.
2160 5078 2219 5133 4.
2256 5098 2275 5132 ι
2306 5078 2415 5135 Sed
2451 5078 2719 5149 judicabit
2751 5080 2939 5135 humili
2978 5080 3275 5148 judicium,
3306 5090 3362 5137 et
3392 5097 3481 5134 nr-

1888 5180 2015 5241 guet
2049 5170 2282 5227 humiles
2316 5182 2493 5236 terrae,
2529 5182 2587 5227 et
2616 5175 2891 5242 percutiet
2917 5184 3121 5231 terram
3158 5173 3325 5227 verbo
3368 5174 3483 5227 oris

1890 5263 1999 5317 sui.
2029 5282 2048 5316 ι
2093 5263 2224 5318 Illud
2264 5274 2471 5333 autem,
2536 5285 2555 5314 ι
2589 5264 2869 5323 Percutiet
2918 5276 3123 5323 terrain
3169 5267 3333 5321 verbo
3368 5266 3481 5319 oris

1893 5356 1997 5415 sui.
2049 5375 2068 5409 ι
2127 5356 2415 5425 intelliges,
2463 5357 2509 5412 si
2567 5359 2761 5415 audias
2810 5374 2936 5415 eum
2981 5360 3110 5415 alibi
3177 5361 3478 5422 dicentem.

274 5460 319 5493 "
341 5458 485 5515 Psal.
544 5475 734 5525 xxxvi,
771 5458 861 5515 35.
936 5460 983 5492 ⁸³
1016 5458 1159 5516 Psal.
1205 5476 1400 5520 xxvut.
1438 5462 1493 5516 5.
1569 5464 1617 5494 “
1648 5464 1837 5521 Matth.
1870 5480 1988 5531 ιιι,
2023 5467 2112 5522 45.
2194 5470 2238 5501 ⁸⁸
2269 5468 2465 5524 Matth.
2500 5486 2639 5539 uti,
2670 5470 2753 5526 16.

274 5580 384 5653 (i6)
418 5579 786 5653 Hieronymus
811 5581 878 5635 ad
904 5582 1047 5637 hunc
1064 5582 1241 5637 locum
1264 5585 1343 5639 sic
1371 5582 1565 5641 Latine
1588 5586 1775 5643 Graeca

208 5655 496 5718 transtulit,
536 5670 574 5725 ιΔ
603 5652 822 5725 Nullius
860 5660 1002 5725 enim
1032 5668 1330 5725 personam
1378 5656 1577 5724 accipit
1606 5659 1656 5711 in
1681 5658 1777 5725 ju-

208 5726 344 5781 dicio
369 5742 382 5780 :
408 5728 503 5780 sed
540 5720 769 5778 Scribis
802 5730 857 5774 et
886 5721 1173 5777 Pharisteis
1206 5739 1271 5781 ac
1305 5720 1643 5797 principibus
1681 5720 1774 5785 ἰο-

470 5820 765 5882 Panos“
794 5816 913 5876 Gs.
946 5818 1183 5883 XXIV.

1885 5592 2141 5659 quitur...
2214 5592 2494 5659 Auferen"
2548 5610 2581 5646 a
2636 5590 2803 5656 vobis,
2860 5607 2880 5643 ι
2942 5600 2997 5647 et
3060 5599 3296 5655 caetera,
3356 5598 3481 5657 qua

1886 5677 2024 5732 pene
2057 5665 2122 5719 ad
2154 5667 2382 5719 verbum
2413 5664 2504 5721 ille
2530 5662 2902 5729 proseuuitur.

3110 5830 3145 5887 6
