4100 6286
1275 303 1543 362 EUSEBII
1582 301 2056 362 CESABIENSIS
2092 301 2240 357 OPP.
2285 301 2465 358 PARS
2502 300 2589 359 ΙΙΙ.
2630 333 2700 346 -
2737 298 3147 358 EXEGETICA.
3759 301 3869 357 ιη

614 312 710 366 171

615 453 633 486 ι
671 431 847 486 Nolite
880 436 1069 496 putare
1093 425 1235 496 quod
1263 425 1506 480 venerim
1538 438 1723 494 pacem
1768 424 1980 476 mittere
2011 436 2164 487 super

2275 422 2440 476 αὐτοῦ
2471 421 2741 491 λέγοντος,
2777 439 2796 472 ι
2825 421 2918 493 Μή
2950 421 3231 492 νομίσητε,
3269 421 3352 474 δτι
3384 415 3549 492 ἦλθον
3576 420 3756 493 βαλεῖν
3781 427 3867 478 el-

611 535 842 578 terram.
875 536 981 576 non
1018 518 1136 572 veni
1168 531 1354 586 pacem
1384 517 1618 580 mittere,
1650 517 1743 571 sed
1779 516 2013 586 gladium
2047 515 2115 570 ⁶⁶.
2147 533 2164 568 t

2283 515 2450 586 ρήνην
2499 515 2591 568 ἐπὶ
2620 513 2718 585 τήν
2746 513 2869 584 γῆνο
2903 517 3004 567 οὐκ
3034 509 3197 584 ἦλθον
3231 512 3410 584 βαλεῖν
3441 516 3686 588 είρήνην,
3723 517 3868 574 ἀλλά

609 617 828 672 Gladius
855 623 1034 669 autem
1066 621 1188 668 erat
1213 611 1436 667 verbum
1469 611 1581 665 oris
1637 609 1773 678 ejus.
1823 624 1930 678 quo
1974 618 2164 662 terram

2282 605 2576 676 μάχαιραν.
2614 623 2632 655 ι
2657 604 2914 675 Μάχαιρα
2937 603 2993 656 δὲ
3021 599 3089 675 ἦν
3116 605 3145 657 ό
3164 602 3320 673 λόγος
3341 602 3437 658 τοῦ
3468 605 3731 676 στόματος
3763 610 3868 664 αὑ-

607 717 661 761 et
687 717 930 760 terrenos
978 718 1186 766 eorum,
1231 701 1324 772 qui
1355 702 1408 756 in
1435 701 1606 769 ipsum
1654 699 2020 763 crediderant,
2047 713 2172 754 sen-

607 813 702 854 sus
733 798 798 854 de
831 797 1006 851 medio
1039 795 1278 850 tollebat.
1331 812 1350 844 ‹
1381 791 1452 847 Ει
1482 793 1534 846 in
1567 791 1758 860 spiritu
1787 807 1882 856 per
1920 791 2059 847 labia
2090 791 2173 845 in-

607 890 836 944 terliciet
886 889 1127 955 impium.
1169 903 1188 936 ι
1234 881 1524 937 lnterliciet
1573 882 1822 950 impium,
1870 881 2060 935 atheos
2109 895 2176 936 ac

607 981 798 1052 impios
827 980 1094 1034 daemones
1119 976 1172 1030 in
1202 973 1393 1044 spiritu
1431 973 1717 1042 increpans
1737 983 1793 1028 et
1825 972 2016 1044 procul
2049 973 2170 1028 abi-

606 1090 738 1145 gens
768 1074 933 1129 verbo
964 1087 1059 1141 per
1085 1070 1224 1123 labia
1258 1068 1426 1136 ipsius
1452 1065 1702 1135 prolato;
1750 1066 1823 1119 ita
1861 1075 1920 1120 ut
1950 1067 2022 1119 illi
2053 1065 2171 1120 cla-

606 1177 752 1223 tueut
784 1177 838 1221 et
861 1165 1077 1225 .dicaut,
1118 1181 1136 1215 t
1168 1160 1305 1230 Quid
1330 1157 1482 1213 nobis
1524 1167 1580 1214 et
1618 1160 1738 1222 tibi,
1767 1158 1866 1213 Fili
1899 1157 2037 1212 Dei?
2081 1173 2172 1212 ve-

605 1259 733 1314 nisti
780 1267 906 1312 ante
964 1266 1174 1322 tempus
1204 1266 1455 1325 torquere
1509 1266 1625 1306 nos.
1683 1249 1940 1304 Novimus
1969 1258 2022 1302 te
2047 1248 2169 1318 quis

601 1356 697 1419 sis,
728 1361 949 1408 sanctus
973 1350 1066 1404 Dei
1097 1349 1162 1402 ".
1194 1368 1212 1400 ι

672 1444 838 1500 Vsus.
869 1443 923 1498 5.
965 1460 984 1494 ι
1010 1442 1074 1496 Ι·;ι
1115 1440 1219 1495 erit
1253 1438 1463 1509 justitia
1513 1438 1729 1492 cinctus
1761 1435 1972 1489 lumbos
2017 1447 2163 1497 suos,

600 1546 656 1593 et
689 1537 919 1592 veritate
949 1531 1368 1591 circutnvolutus
1398 1531 1566 1585 latera
1596 1544 1712 1584 sua.
1749 1549 1766 1581 ι
1796 1526 2163 1593 Quemadmo-

601 1630 728 1683 dum
774 1625 916 1682 enim
961 1639 1052 1680 res
1084 1639 1218 1678 zona
1258 1637 1444 1688 aurea,
1491 1631 1548 1677 et
1590 1621 1860 1690 lapidibus
1913 1617 2165 1687 pretiosis

601 1718 978 1789 praecingitur,
1009 1716 1085 1771 sic
1127 1724 1179 1770 et
1217 1715 1265 1769 ei
1299 1716 1390 1783 qui
1443 1714 1494 1767 in
1538 1712 1814 1783 prophetia
1855 1710 2029 1765 fertur
2067 1725 2162 1762 zo-

2277 695 2394 760 τοῦ,
2422 694 2487 748 δι’
2511 687 2573 748 οῦ
2601 694 2699 766 τήν
2731 694 2835 764 γῆν
2867 693 2962 748 καὶ
2985 692 3053 746 τά
3083 689 3258 766 γεώδη
3300 697 3625 768 φρονήματα
3649 698 3756 752 τῶν
3779 702 3869 764 είς

2277 786 2438 838 αὐτὸν
2476 785 2914 838 πεπιστευκότων
2943 784 3154 856 ἀνῄρει.
3193 802 3213 836 t
3260 786 3369 839 Kal
3400 787 3458 840 ὲν
3487 787 3866 858 πνεύματιδιά

2277 878 2498 949 χειλέων
2551 877 2728 932 ἀνελεῖ
2769 877 2959 948 ἀσεϐῆ.
3005 896 3023 929 ι
3051 863 3274 931 ’Ἁνελεῖ
3296 879 3475 933 τοίνυν
3508 880 3700 950 ἀσεϐῆ,
3745 885 3865 945 τοῖς

2277 968 2458 1033 ἀθέοις
2492 969 2583 1022 καὶ
2608 967 2828 1022 ἀσεϐέσι
2856 967 3103 1046 δαίμοσιν
3135 969 3406 1039 ἐπιτιμῶν
3451 969 3532 1041 τῷ
3566 970 3860 1042 πνεύματι,

2277 1061 2371 1115 καὶ
2399 1058 2616 1132 μακρὰν
2635 1058 2833 1123 αὐτοὺς
2855 1057 3095 1113 ἐλαύνων
3119 1057 3196 1128 τῷ
3215 1056 3306 1112 διὰ
3320 1059 3429 1112 τῶν
3447 1060 3669 1131 χειλέων
3693 1061 3864 1114 αὐτοῦ

2277 1152 2666 1224 προφερομένῳ
2695 1151 2856 1221 λόγῳ·
2893 1151 2972 1221 ὡς¹
2997 1149 3126 1221 βοᾷν
3162 1150 3359 1213 αὐτοὺς
3384 1152 3478 1204 καὶ
3509 1151 3704 1220 λέγειν’
3734 1169 3753 1202 ι
3793 1151 3863 1210 Τί

2275 1244 2406 1316 ἡμῖν
2439 1247 2534 1300 καὶ
2584 1246 2687 1312 σοὶ,
2723 1243 2820 1298 Υίὶ
2846 1243 2941 1297 τοῦ
2967 1243 3135 1308 Θεοῦ;
3183 1238 3347 1314 ἦλθες
3387 1243 3493 1314 πρὸ
3526 1243 3718 1316 καιροῦ
3761 1242 3864 1314 βα-

2277 1337 2488 1392 σανίσαι
2515 1338 2680 1418 ἡμᾶς.
2705 1336 2939 1408 Οῖδαμέν
2965 1352 3024 1389 σε
3050 1336 3136 1399 τίς
3167 1330 3236 1400 εἳ,
3271 1336 3299 1388 ό
3327 1334 3481 1403 ἅγιος
3511 1335 3605 1408 τοῦ
3634 1335 3795 1390 Θεοῦ.
3832 1353 3854 1388 s

2350 1445 2369 1479 ι
2393 1429 2503 1483 Καὶ
2521 1428 2671 1482 ἔσται
2693 1427 3005 1500 δικαιοσύνῃ
3028 1427 3334 1499 ἐζωσμένος
3347 1427 3446 1500 τὴν
3474 1429 3646 1498 ὀσφὺν
3665 1427 3857 1516 ἀετοῦ,

2272 1518 2366 1574 καὶ
2399 1519 2626 1592 ἀληθείᾳ
2650 1519 2934 1592 είλημένος
2959 1519 3058 1584 τάς
3098 1518 3338 1590 πλευρὰς
3377 1518 3566 1576 αὑτοῦ.
3596 1540 3616 1572 ι
3645 1520 3861 1591 Ὥσπερ

2271 1611 2380 1683 γάρ
2413 1611 2666 1683 βασιλεὺς
2697 1611 2839 1685 ζώνῃ
2861 1614 3036 1683 χρυσῇ
3067 1612 3160 1664 καὶ
3180 1611 3345 1675 λίθοις
3380 1610 3692 1667 πολυτελέσι
3716 1610 3860 1678 ζώνη

2271 1720 2448 1767 νυται,
2464 1704 2556 1758 τὸν
2579 1704 2740 1758 αὐτὸν
2756 1704 2956 1777 τρόπον
2984 1704 3080 1757 καὶ
3101 1702 3180 1774 τῷ
3199 1703 3661 1777 προφητεύομένῳ
3676 1702 3859 1777 ζώνην

603 1783 726 1867 nam
760 1783 1284 1877 assignatjustitiam
1317 1816 1372 1860 et
1393 1806 1701 1859 veritatem.
1724 1799 1819 1857 His
1839 1803 1965 1857 item
2000 1801 2162 1857 Verbi

2265 1795 2514 1867 ἀφορίζει
2543 1796 2641 1876 τήν
2665 1794 3013 1868 δκαιοσύνην
3054 1795 3149 1849 καὶ
3186 1795 3284 1868 τὴν
3308 1794 3584 1866 ἀλήθειαν.
3619 1795 3856 1849 Δυνατδν

599 1903 772 1959 deitas
805 1901 1024 1972 intelligi
1064 1897 1261 1970 potest.
1307 1899 1425 1969 Ipse
1451 1897 1646 1968 quippe
1685 1904 1804 1949 erat
1831 1893 2069 1962 justitia,
2103 1901 2163 1947 ut

599 1997 759 2053 docet
785 1993 1072 2064 Apostolus
1122 1993 1206 2048 his
1253 1991 1452 2055 verbis,
1500 2010 1518 2042 ι
1547 1989 1646 2056 Qui
1680 1987 1854 2042 factus
1883 1997 1969 2041 est
2008 1986 2162 2041 uobis

599 2089 864 2158 sapientia
893 2103 923 2140 a
965 2085 1094 2146 Deo.
1129 2085 1334 2154 iustitia
1365 2095 1584 2152 quoque
1613 2088 1666 2134 et
1695 2077 2078 2139 sanctiﬁcatio,
2109 2085 2163 2129 et

599 2177 900 2247 redemptio
921 2175 986 2230 ⁸⁸.
1017 2193 1035 2226 ι
1075 2173 1192 2242 Ipse
1223 2185 1436 2241 quoque
1473 2167 1733 2223 Servator
1757 2167 1810 2222 in
1849 2165 2164 2236 Evangeliis

598 2266 800 2320 dixisse
816 2265 1091 2327 scribitur,
1116 2282 1135 2316 ι
1166 2261 1276 2332 Ego
1302 2276 1421 2314 sum
1442 2260 1555 2324 lus,
1573 2258 1843 2313 et'veritas
1860 2266 1914 2311 et
1931 2259 2036 2309 vita
2059 2257 2157 2309 ⁸⁸.»

599 2357 723 2413 Haec
770 2357 954 2428 igitur,
991 2355 1191 2410 veritas
1220 2353 1429 2409 scilicet
1463 2361 1519 2405 et
1554 2349 1767 2418 iustitia
1802 2349 1940 2418 ejus,
1971 2349 2062 2418 qui
2095 2364 2160 2402 ex

597 2450 780 2504 radice
824 2448 994 2504 Jesste
1033 2446 1333 2518 prodierat,
1393 2442 1838 2512 constringebant
1888 2441 2061 2494 latera
2108 2449 2163 2495 et

597 2541 808 2597 lumbos
833 2543 889 2594 in
926 2539 1072 2609 regio
1110 2546 1164 2591 et
1210 2534 1431 2590 militari
1473 2534 1657 2589 habitu
1685 2574 1700 2600 ,
1738 2545 1987 2586 sermone
2047 2531 2162 2598 ejus

596 2645 785 2689 contra
813 2631 1051 2689 occultos
1072 2639 1124 2686 et
1165 2625 1462 2684 invisibiles
1499 2627 1680 2682 hostes
1713 2631 2031 2696 apparatum
2064 2622 2161 2677 de-

596 2728 857 2784 olarante.

667 2902 829 2959 Vsus.
863 2903 916 2958 ϐ.
965 2922 983 2955 ‹
1013 2901 1081 2956 Et
1117 2901 1276 2957 simul
1330 2906 1513 2970 pascet
1561 2897 1718 2968 lupus
1742 2912 1866 2953 cum
1903 2910 2066 2967 agno,
2106 2906 2161 2951 et

595 2995 795 3066 pardus
823 3009 946 3050 cum
975 2994 1128 3047 haedo
1164 2993 1487 3048 accubabit:
1515 3000 1569 3046 et
1599 2991 1820 3054 vitulus,
1853 2999 1908 3044 et
1947 2999 2161 3055 taurus,

2263 1886 2321 1940 δὲ
2349 1887 2436 1940 διὰ
2471 1886 2674 1940 τούτων
2704 1887 2798 1942 καὶ
2835 1886 2934 1958 τήν
2983 1886 3210 1957 θεότητα
3249 1886 3346 1940 τοῦ
3379 1887 3554 1955 Λόγου
3592 1886 3852 1940 νοεῖσθαιο

2264 1979 2426 2042 αὐτὸς
2442 1978 2551 2050 γάρ
2578 1974 2646 2050 ἦν
2674 1981 2708 2052 ή
2735 1977 3071 2050 δικαιοσύνη,
3090 1978 3166 2042 ὡς
3189 1978 3429 2032 διδάσκει
3457 1978 3631 2049 λέγων
3651 1982 3679 2033 ὁ
3696 1979 3856 2034 Ἀπό-

2266 2071 2469 2135 στολοςο
2507 2090 2525 2123 ι
2549 2068 2664 2135 ’⁸ος
2694 2071 2925 2144 ἐγενήθη
2959 2072 3091 2142 ήμῖν
3125 2072 3288 2141 σοφία
3315 2071 3424 2125 ἀπὺ
3448 2070 3607 2135 Θεοῦ,
3640 2071 3853 2126 δικαιο⁴

2267 2163 2399 2232 σύνη
2427 2179 2487 2216 τε
2528 2165 2622 2216 καὶ
2651 2164 2936 2235 ἁγιασμὸς,
2964 2165 3056 2218 καὶ
3074 2162 3466 2236 ἀπολύτρωσις.
3502 2183 3521 2215 ι
3560 2164 3668 2217 Καὶ
3689 2163 3854 2229 αὐτὸς

2264 2253 2321 2306 δὲ
2348 2257 2376 2306 ὁ
2399 2253 2588 2326 Σωτήρ
2621 2257 2679 2309 ἐν
2723 2254 3077 2324 Εὑαγγελίοις
3127 2255 3368 2327 εἰρηκὼς
3411 2257 3849 2329 ἀναγέγραπται,

2271 2364 2289 2397 ι
2332 2346 2472 2416 Ἐγὼ
2510 2350 2623 2418 είμι
2651 2347 2713 2400 τὸ
2741 2347 2874 2417 φῶς,
2897 2349 2993 2402 καὶ
3019 2351 3051 2419 ή
3078 2348 3324 2420 ἀλήθεια,
3349 2349 3444 2403 καὶ
3464 2350 3496 2419 ή
3520 2348 3653 2422 ζωή.
3693 2369 3713 2402 ι
3740 2342 3852 2402 Ab-

2263 2453 2353 2489 ται
2387 2438 2565 2492 τοίνυν
2595 2440 2626 2510 ή
2653 2437 2880 2510 ἀλήθεια
2920 2440 3014 2493 καὶ
3042 2441 3076 2510 ὴ
3118 2438 3435 2514 δικαιοσύνη
3476 2440 3567 2494 τὸν
3596 2443 3659 2494 ὲκ
3691 2441 3854 2514 ῥίζης

2277 2529 2472 2584 Ἰεσσαὶ
2503 2548 2893 2603 περιεσφιγγον
2915 2532 3276 2604 πλευράςξκαὶ
3309 2535 3479 2604 ὀσφὺν
3510 2536 3568 2589 ὲν
3585 2534 3855 2608 βασιλικῷ

2263 2622 2356 2675 καὶ
2403 2623 2462 2675 tv
2511 2622 2886 2695 στρατιωτικῷ
2936 2626 3196 2696 σχήματι,
3220 2625 3282 2679 τὸ
3310 2625 3450 2679 κατὰ
3485 2626 3596 2680 τῶν
3625 2627 3854 2696 ἀφανῶν

2263 2713 2356 2766 καὶ
2387 2713 2634 2784 ἀοράτων
2673 2713 2948 2768 πολεμίων
2989 2714 3323 2787 παράστημα
3349 2715 3516 2769 αὑτοῦ
3553 2717 3853 2788 ἐμφαίνον-

2262 2819 2354 2865 τος
2376 2802 2470 2855 τοῦ
2505 2802 2689 2871 λόγου.

2341 2913 2359 2946 ι
2396 2896 2504 2947 Kat
2555 2895 3070 2968 συμϐοσκηθήσεται
3117 2895 3282 2961 λύκος
3331 2899 3469 2968 μετά
3512 2899 3695 2971 ἀρνὸς,
3748 2901 3852 2956 καὶ

2264 2987 2530 3060 πάρδαλις
2560 2991 3032 3043 συναναπαύσεται
3073 2991 3266 3062 ἐρίφῳ·
3299 2993 3394 3046 καὶ
3431 2995 3720 3065 μοσχάριον
3749 2997 3852 3048 καὶ

595 3097 649 3142 et
677 3090 759 3143 leo
787 3087 948 3143 simul
977 3095 1226 3155 pascent,
1256 3093 1311 3139 et
1349 3099 1480 3155 puer
1507 3084 1765 3154 parvulus
1795 3091 1920 3153 aget
1949 3097 2076 3139 eos:
2106 3089 2161 3136 et

2265 3081 2462 3152 ταῦρος
2509 3082 2603 3134 καὶ
2652 3081 2786 3136 λέων
2821 3083 2937 3152 ἅμα
2989 3082 3437 3156 βοσκηθήσονται,
3487 3086 3582 3139 καὶ
3634 3086 3852 3140 παιδίον

595 3181 692 3235 bos
718 3189 772 3235 et
801 3193 961 3233 ursus
990 3193 1092 3232 una
1128 3188 1441 3248 pascentur,
1474 3184 1529 3231 et
1564 3174 1724 3230 catuli
1755 3189 1942 3228 eorum
2000 3173 2159 3228 simul

2265 3147 2457 3246 μικρὸν
2487 3174 2603 3240 ἄξει
2628 3174 2842 3239 αὐτούς·
2863 3147 2961 3229 καὶ
2983 3147 3109 3247 βοῦς
3130 3147 3226 3230 καί
3270 3176 3471 3249 ἄρκτος
3499 3179 3614 3250 ἅμα
3648 3179 3852 3252 βοσκησι

595 3281 777 3334 erunt,
829 3279 887 3325 et
929 3269 1012 3324 leo
1060 3268 1212 3337 quasi
1270 3268 1366 3321 hos
1406 3267 1657 3320 comedet
1704 3264 1907 3336 paleas.
1955 3282 1975 3317 ι
2022 3262 2157 3332 Lupi

592 3365 809 3433 quidem
833 3364 978 3417 inter‘
1001 3361 1246 3416 homines
1283 3368 1407 3414 sunt
1433 3357 1536 3412 viri
1565 3372 1786 3428 rapaces
1813 3375 1826 3413 :
1858 3373 1886 3410 a
1918 3357 2158 3428 nequitia

591 3468 723 3508 vero
756 3466 852 3509 sua
877 3450 1215 3520 resipiscent,
1265 3449 1339 3503 ita
1383 3457 1444 3502 ut
1487 3462 1608 3503 cum
1665 3448 1817 3518 agnis
1845 3445 2063 3502 mitibus
2107 3457 2162 3500 et

592 3543 889 3602 mansuetis
917 3556 1106 3598 eorum
1135 3540 1329 3593 animae
1362 3538 1463 3595 sub
1493 3553 1599 3594 uno
1623 3538 1874 3594 Ecclesia:
1903 3538 2030 3594 ovili
2063 3537 2160 3592 de-

591 3648 740 3712 gant.
773 3637 878 3694 Alii
906 3653 1038 3693 vero
1071 3638 1227 3707 longe
1255 3636 1623 3700 immaniores,
1654 3645 1816 3707 atque
1863 3635 2158 3689 vehemen-

594 3742 680 3786 ter
711 3729 918 3786 eﬂ‘erati
949 3729 1068 3792 viri,
1095 3727 1227 3783 nihil
1253 3743 1282 3782 a
1322 3726 1508 3798 pardis
1533 3727 1927 3795 discrepantes,
1967 3724 2159 3780 belluas

595 3822 926 3878 ferocitatem
957 3821 1308 3888 deponentes,
1337 3831 1447 3871 una
1474 3831 1592 3871 cum
1621 3815 1787 3870 haedis
1811 3815 2160 3884 simpliciori-

590 3915 690 3970 bus
716 3930 780 3971 ac
811 3912 1112 3968 mitioribus
1134 3907 1898 3965 accubabunt.Aliiveroleoui
1918 3906 2159 3962 moribus

588 4022 851 4081 perquam
885 4006 1112 4066 similes.
1140 4003 1512 4059 crudelitatem
1541 4011 1594 4058 et
1620 4001 1971 4055 voracitatem
2000 4015 2155 4056 suam

587 4108 888 4163 mutantes,
916 4112 1019 4152 una
1051 4111 1172 4151 cum
1207 4095 1509 4150 infantibus
1551 4093 1806 4148 Ecclesia:
1838 4107 2030 4147 recens
2068 4107 2158 4147 or-

588 4191 681 4255 tis,
713 4193 866 4259 quasi
904 4199 1090 4243 taurus
1119 4197 1174 4242 et
1201 4187 1401 4242 vitulus
1441 4196 1687 4255 pasceut,
1719 4186 1907 4240 eodem
1938 4187 2058 4241 cibo
2087 4201 2153 4241 ex

590 4283 788 4337 divinis
836 4280 1128 4350 Scripturis
1173 4279 1340 4347 petito
1386 4287 1616 4332 utentes.
1677 4276 1830 4344 Quod
1885 4280 1928 4332 si
1967 4279 2156 4334 videas

589 4376 767 4446 regios
797 4375 941 4428 viros
971 4372 1228 4441 dignitate
1257 4379 1309 4425 et
1340 4370 1656 4438 prtestantia
1696 4369 1749 4422 in
1786 4371 1891 4424 hac
1925 4370 2030 4424 vita
2055 4385 2149 4425 or-

2261 3267 2540 3340 θήσονται,
2599 3269 2694 3322 καὶ
2727 3270 2846 3341 ἅμα
2899 3269 2968 3325 τὰ
3015 3271 3203 3324 παιδία
3257 3272 3435 3325 αὐτῶν
3473 3272 3704 3339 ἔσονται,
3749 3275 3851 3330 καὶ

2257 3359 2395 3413 λέων
2425 3361 2500 3424 ὡς
2526 3360 2652 3430 βοῦς
2691 3363 2925 3431 φάγεται
2964 3362 3164 3434 ἀχυρα.
3210 3382 3229 3416 ι
3267 3364 3434 3418 Λύκοι
3465 3365 3563 3435 μὲν
3591 3361 3757 3419 οῦνόἱ
3785 3367 3850 3419 ὲν

2257 3452 2561 3526 ἀνθρώποις
2578 3455 2926 3526 ἀρπακτικοί’
2950 3455 3252 3526 μεταϐαλοῦ
3261 3473 3311 3509 σι
3333 3457 3390 3510 δὲ
3403 3458 3501 3529 τῆς
3519 3457 3846 3532 μοχθηρίας,

2255 3543 2330 3606 ὡς
2378 3545 2515 3615 μετά
2567 3545 2747 3617 ἀρνῶν
2792 3545 3014 3617 ήμέρων
3048 3545 3140 3598 καὶ
3170 3547 3361 3618 πράων
3388 3547 3487 3610 τάς
3512 3548 3688 3618 ψυχάς
3735 3548 3847 3601 ὑπὸ

2259 3635 2387 3706 μίαν
2424 3635 2749 3708 Ἐκκλησίαν
2779 3635 3160 3707 ἀγελάζεσθαι.
3184 3637 3366 3690 Ἀλλοι
3381 3637 3437 3690 δὲ
3464 3638 3848 3712 ὼμότεροικαὶ

2258 3727 2460 3798 σφόδρα
2499 3728 2909 3800 ἀπηγριωμένα
2942 3729 3154 3800 ἀνδρες,
3203 3729 3357 3783 οὐδὲν
3386 3731 3700 3803 παρδάλεων
3726 3731 3848 3786 δια-

2257 3819 2530 3891 φέροντες,
2569 3821 2629 3873 τὸ
2658 3819 2750 3872 τοῦ
2785 3819 2950 3892 θηρὸς
2982 3819 3211 3891 φοϐερὸν
3244 3819 3600 3892 ἀποθέμενοι,
3631 3820 3848 3894 ἐρίφοις

2256 3909 2372 3980 ἅμα
2404 3913 2514 3972 τοῖς
2538 3910 2922 3984 ἁπλουστέροις
2939 3911 3034 3965 καὶ
3059 3913 3462 3989 ἀκεραιοτὲροις
3495 3914 3844 3968 συναναπαύ-

2258 4020 2462 4057 σονται.
2505 4004 2614 4056 Καὶ
2662 4004 2835 4058 λέοντι
2867 4005 2923 4059 δὲ
2971 4007 3098 4072 τοὺς
3138 4008 3375 4079 τρόπους
3407 4007 3844 4079 παρεικασμένοι

2254 4094 2421 4159 ἄλλοι,
2449 4095 2509 4147 τὸ
2537 4095 2828 4167 ὠμόθυμον
2858 4101 2953 4153 καὶ
2989 4101 3322 4174 σαρκοϐόρον
3357 4098 3488 4171 ἦθος
3510 4081 3844 4166 ἐναλλάξαν-

2253 4205 2363 4255 τες,
2390 4187 2524 4258 όμοῦ
2553 4193 2664 4254 τοῖς
2691 4192 2749 4244 ὲν
2781 4196 2845 4264 τῇ
2880 4193 3176 4266 Ἐκκλησία
3204 4196 3464 4262 νεογνοῖς,
3488 4193 3679 4266 ῶσπερ
3705 4191 3844 4246 ταῦ-

2258 4295 2348 4350 ρος
2389 4281 2483 4333 καὶ
2525 4281 2741 4352 μόσχος,
2780 4283 3360 4355 βοσκηθήσονται,κτῆς
3403 4285 3575 4356 αὐτῆς
3610 4286 3676 4337 ὲκ
3725 4283 3843 4337 τῶν

2255 4371 2412 4427 θείων
2440 4372 2612 4442 λόγων
2657 4376 3086 4448 μεταληψόμενοι
3117 4377 3321 4449 τροφῆς
3374 4377 3507 4447 (l7).
3559 4377 3623 4430 El
3651 4375 3707 4430 δὲ
3737 4377 3842 4430 καὶ

589 4479 765 4534 natos,
794 4468 848 4521 iu
899 4463 1134 4521 Ecclesia
1186 4462 1278 4517 Dei
1328 4477 1450 4516 cum
1512 4463 1838 4531 pauperibus
1868 4477 1931 4517 ex
1968 4463 2149 4516 intima

2265 4462 2564 4532 βασιλικούς
2590 4484 2716 4520 ποτε
2740 4468 2954 4538 ἄνδρας,
2985 4467 3253 4539 ἀξιώματι
3281 4469 3374 4521 καὶ
3403 4469 3694 4540 ὑπεροχαῖς
3713 4469 3844 4532 ταῖς

588 4563 743 4632 plebe
777 4568 1152 4628 congregatos,
1199 4571 1265 4611 ue
1307 4557 1574 4609 cuucteris
1622 4555 1806 4610 dicere
1850 4556 2012 4609 etiam
2049 4555 2153 4610 hac

2265 4557 2500 4611 κατὰτὸν
2531 4559 2642 4630 βίον
2663 4563 3078 4632 τετιμημένους,
3108 4561 3321 4614 θεάσοιο
3346 4562 3403 4622 ὲν
3429 4564 3496 4631 τῇ
3542 4560 3841 4632 Ἐκκλησία

590 4654 802 4709 ratione
859 4649 1132 4718 impletam
1186 4662 1305 4702 esse
1333 4647 1700 4717 Scripturam.
1730 4645 1932 4702 Omnes
1971 4649 2156 4716 itaque

2265 4649 2352 4702 τοῦ
2379 4650 2533 4716 Θεοῦ,
2569 4653 2705 4722 μετὰ
2734 4655 2979 4724 πενήτων
3013 4652 3106 4706 καὶ
3142 4652 3375 4706 εὐτελῶν
3412 4653 3838 4723 συναγομένους,

585 4748 694 4816 iam
723 4753 1046 4800 memoratos
1073 4742 1246 4810 lupos,
1273 4754 1465 4809 agnos,
1517 4739 1734 4808 pardos,
1787 4738 1989 4803 haedos,
2041 4739 2154 4792 leo-

2266 4741 2340 4810 μὴ
2361 4741 2505 4794 δκνει
2530 4743 2710 4810 λέγειν
2744 4744 2836 4796 καὶ
2863 4743 3005 4797 οὕτω
3036 4744 3424 4816 πεπληρῶσθαι
3459 4744 3556 4816 τὴν
3585 4744 3835 4818 Γραφήν.

590 4854 706 4904 nes,
764 4836 959 4890 vitulos
1012 4847 1067 4889 et
1125 4843 1336 4896 tauros,
1400 4844 1456 4884 ut
1516 4831 1733 4895 dicitur,
1784 4845 1917 4900 puer
1979 4829 2158 4886 iulans

2265 4831 2476 4895 Πάντας
2521 4832 2700 4908 τοίνυν
2743 4831 2878 4904 ὁμοῦ
2912 4835 3038 4897 τοὺς
3085 4834 3445 4897 ἀποδοθέντας
3491 4834 3689 4898 λύκους
3737 4837 3842 4890 καὶ

589 4940 729 5000 aget.
774 4929 906 4984 Illud
940 4938 1116 4982 autem
1173 4942 1193 4976 ι
1224 4933 1364 4993 aget,
1398 4943 1418 4976 ι
1468 4923 1625 4992 quasi
1675 4940 1694 4974 ι
1727 4923 2097 4993 congregabit,
2131 4941 2150 4974 ι

2265 4923 2448 4995 ἄρνας,
2480 4925 2575 4979 καὶ
2598 4924 2914 4997 παρδάλεις,
2946 4926 3039 4978 καὶ
3071 4925 3311 4997 ἐρίφους,
3341 4927 3435 4979 καί
3475 4925 3712 4992 λέοντας,
3737 4929 3840 4981 καὶ

588 5025 787 5079 dictum
808 5032 909 5077 est.
957 5019 1112 5088 Quod
1168 5019 1282 5088 ipsa
1328 5031 1387 5070 re
1436 5024 1644 5085 gestum
1693 5017 2002 5085 perspicere
2033 5014 2158 5070 licet

2265 5016 2510 5087 μόσχους,
2535 5017 2629 5072 καὶ
2656 5017 2907 5090 ταύρους,
2942 5019 3151 5072 παιδίον
3171 5021 3364 5091 νήπιον
3390 5019 3539 5085 ἄξειν
3561 5019 3840 5076 λέλεκταιε

589 5118 675 5180 iis,
698 5116 789 5186 qui
817 5112 1104 5184 prtesulum
1133 5109 1329 5165 multos
1355 5108 1541 5161 vident
1574 5107 1626 5160 in
1661 5106 1900 5161 Ecclesia
1927 5107 2149 5172 Christi,

2265 5108 2330 5160 Τὸ
2350 5110 2426 5174 δὲ,
2468 5128 2486 5162 ι
2518 5108 2657 5176 ἄξει,
2700 5131 2719 5163 ι
2749 5113 2869 5164 ἀντὶ
2899 5111 3013 5174 τοῦ,
3043 5112 3336 5178 ‹,συνάξει,
3374 5132 3393 5164 s
3432 5112 3668 5181 λέγεται.
3703 5112 3841 5183 Ἔρ-

585 5209 654 5261 ob
708 5206 871 5262 animi
922 5203 1324 5271 simplicitatem
1370 5208 1424 5253 et
1471 5200 1863 5264 innocentiam,
1909 5197 2040 5251 nihil
2084 5198 2151 5251 ab

2265 5217 2337 5272 γῳ
2369 5203 2424 5256 δὲ
2476 5203 2591 5257 ἐστι
2650 5204 2984 5276 παραλαϐεῖν
3036 5207 3129 5259 καὶ
3170 5205 3346 5268 τοῦτο,
3395 5205 3635 5277 ὁρῶντας
3661 5206 3720 5257 tv
3762 5209 3841 5278 τῇ

585 5299 880 5356 infantibus
909 5297 1216 5364 discrepare
1245 5313 1260 5349 :
1289 5292 1392 5348 etsi
1427 5301 1606 5345 tamen
1639 5289 1878 5360 praefecti
1921 5291 2030 5344 sint
2057 5305 2150 5345 eo-

2270 5291 2563 5365 Ἐκκλησίᾳ
2594 5294 2827 5366 Χριστοῦ
2866 5296 2991 5358 τοὺς
3031 5295 3313 5357 πλείστους
3339 5294 3446 5347 τῶν
3476 5294 3842 5366 προεστώτων

587 5407 724 5455 rum,
764 5391 854 5458 qui
895 5389 959 5442 ab
988 5388 1133 5441 omni
1164 5401 1366 5456 genere
1423 5387 1476 5439 in
1517 5400 1680 5437 unum
1728 5390 2147 5452 congregantur.

2265 5383 2325 5437 δι’
2350 5385 2627 5458 ἁπλότητα
2652 5387 2828 5457 ψυχῆς
2850 5388 2943 5440 καὶ
2976 5389 3210 5441 ἀκακίαν
3234 5386 3384 5440 οὐδὲν
3410 5388 3616 5458 νηπίων
3642 5387 3840 5456 διαφέα

585 5484 715 5537 Cum
739 5498 898 5552 porro
929 5482 1025 5548 ait,
1083 5499 1102 5532 ι
1131 5481 1198 5534 Ει
1225 5483 1323 5535 bos
1359 5492 1415 5534 et
1445 5494 1602 5533 ursus
1642 5486 1930 5548 pascentur
1990 5475 2151 5528 simul

2265 5493 2468 5550 ροντας·
2497 5480 2646 5549 ὅμως
2671 5480 2714 5532 δ’
2743 5475 2836 5533 οὖν
2872 5480 3209 5550 ἡγουμένους
3242 5478 3349 5532 τῶν
3375 5479 3482 5532 ἀπὸ
3510 5478 3708 5543 παντὸς
3737 5481 3840 5548 γέ-

656 5600 700 5632 ⁶⁶
731 5597 918 5653 lllattb.
945 5615 1004 5665 ι,
1030 5599 1120 5653 54.
1193 5597 1236 5628 ⁸⁷
1270 5594 1462 5652 Matth.
1493 5608 1615 5660 vttt,
1653 5592 1738 5648 29.
1827 5591 1874 5621 “
1906 5591 2072 5644 lCor.
2108 5589 2243 5656 1,30.

615 5716 762 5840 Im)
804 5713 954 5839 [Inlue
1002 5715 1134 5771 item
1191 5712 1390 5778 locum,
1442 5710 1629 5782 paucis
1689 5710 2009 5778 immutatis,
2050 5708 2303 5780 exprimit
2357 5710 2738 5780 llierouvmus,
2797 5731 2826 5765 ,ι
2857 5712 3011 5781 Quod
3039 5710 3284 5782 quotidie
3330 5711 3609 5769 cernimus
3640 5710 3695 5765 in
3730 5708 3833 5767 Ec-

630 5804 766 5840 eam.
793 5805 811 5838 ι
847 5801 877 5840 e
905 5800 953 5840 Β.

578 5800 740 5843 ClCSlil
751 5826 766 5844 ο
793 5805 811 5838 ι
847 5800 953 5841 εις.

2322 5591 2366 5622 ⁶⁹
2391 5590 2548 5647 Joan.
2577 5608 2688 5661 atv,
2713 5592 2744 5647 6
