  <div class='ocr_page' id='page_1' title='image "/cluster/home/n/w/nwhite01/storage/ocr_20150623/24/pst.000005712083/105.png"; bbox 0 0 4120 6294; ppageno 0'>
   <div class='ocr_carea' id='block_1_1' title="bbox 691 337 794 394">
    <p class='ocr_par' dir='ltr' id='par_1_1' title="bbox 691 337 794 394">
     <span class='ocr_line' id='line_1_1' title="bbox 691 337 794 394; baseline 0 0"><span class='ocrx_word' id='word_1_1' title='bbox 691 337 794 394; x_wconf 73' lang='lat' dir='ltr'><strong>I15</strong></span> 
     </span>
    </p>
   </div>
   <div class='ocr_carea' id='block_1_2' title="bbox 1320 326 3207 392">
    <p class='ocr_par' dir='ltr' id='par_1_2' title="bbox 1320 326 3207 392">
     <span class='ocr_line' id='line_1_2' title="bbox 1320 326 3207 392; baseline -0.001 -2"><span class='ocrx_word' id='word_1_2' title='bbox 1320 331 1592 390; x_wconf 77' lang='lat' dir='ltr'><strong>EUSEBII</strong></span> <span class='ocrx_word' id='word_1_3' title='bbox 1629 331 2111 392; x_wconf 58' lang='lat' dir='ltr'><strong>CESABIENSIS</strong></span> <span class='ocrx_word' id='word_1_4' title='bbox 2144 331 2296 391; x_wconf 79' lang='lat' dir='ltr'><strong>OPP.</strong></span> <span class='ocrx_word' id='word_1_5' title='bbox 2339 332 2518 392; x_wconf 71' lang='lat' dir='ltr'><strong>PARS</strong></span> <span class='ocrx_word' id='word_1_6' title='bbox 2552 326 2644 390; x_wconf 82' lang='grc' dir='ltr'><strong>ιιι.</strong></span> <span class='ocrx_word' id='word_1_7' title='bbox 2679 362 2751 379; x_wconf 80' lang='lat'><strong>-</strong></span> <span class='ocrx_word' id='word_1_8' title='bbox 2789 330 3207 390; x_wconf 66' lang='lat' dir='ltr'><strong>EXKGETICA.</strong></span> 
     </span>
    </p>
   </div>
   <div class='ocr_carea' id='block_1_3' title="bbox 3836 340 3947 396">
    <p class='ocr_par' dir='ltr' id='par_1_3' title="bbox 3836 340 3947 396">
     <span class='ocr_line' id='line_1_3' title="bbox 3836 340 3947 396; baseline 0 -1"><span class='ocrx_word' id='word_1_9' title='bbox 3836 340 3947 396; x_wconf 74' lang='grc' dir='ltr'><strong>ιτι</strong></span> 
     </span>
    </p>
   </div>
   <div class='ocr_carea' id='block_1_4' title="bbox 689 437 2259 526">
    <p class='ocr_par' dir='ltr' id='par_1_4' title="bbox 689 445 2257 521">
     <span class='ocr_line' id='line_1_4' title="bbox 689 445 2257 521; baseline -0.003 -15"><span class='ocrx_word' id='word_1_10' title='bbox 689 465 777 507; x_wconf 86' lang='lat' dir='ltr'><strong>me</strong></span> <span class='ocrx_word' id='word_1_11' title='bbox 819 447 997 521; x_wconf 29' lang='lat' dir='ltr'><strong>gloria,</strong></span> <span class='ocrx_word' id='word_1_12' title='bbox 1037 460 1200 518; x_wconf 87' lang='lat' dir='ltr'><strong>quam</strong></span> <span class='ocrx_word' id='word_1_13' title='bbox 1251 445 1452 512; x_wconf 93' lang='lat' dir='ltr'><strong>habui,</strong></span> <span class='ocrx_word' id='word_1_14' title='bbox 1496 454 1788 518; x_wconf 84' lang='lat' dir='ltr'><strong>antequam</strong></span> <span class='ocrx_word' id='word_1_15' title='bbox 1838 447 2068 503; x_wconf 85' lang='lat' dir='ltr'><strong>mundus</strong></span> <span class='ocrx_word' id='word_1_16' title='bbox 2116 454 2257 504; x_wconf 86' lang='lat' dir='ltr'><strong>esset</strong></span> 
     </span>
    </p>
   </div>
   <div class='ocr_carea' id='block_1_5' title="bbox 2356 437 3945 526">
    <p class='ocr_par' dir='ltr' id='par_1_5' title="bbox 2359 437 3945 526">
     <span class='ocr_line' id='line_1_5' title="bbox 2359 437 3945 526; baseline 0.005 -30"><span class='ocrx_word' id='word_1_17' title='bbox 2359 463 2426 519; x_wconf 78' lang='grc' dir='ltr'><strong>με</strong></span> <span class='ocrx_word' id='word_1_18' title='bbox 2455 448 2522 521; x_wconf 69' lang='grc' dir='ltr'><strong>τῇ</strong></span> <span class='ocrx_word' id='word_1_19' title='bbox 2551 444 2681 521; x_wconf 75' lang='grc' dir='ltr'><strong>δόξῃ</strong></span> <span class='ocrx_word' id='word_1_20' title='bbox 2711 437 2914 521; x_wconf 75' lang='grc' dir='ltr'><strong>ᾖεϊχον</strong></span> <span class='ocrx_word' id='word_1_21' title='bbox 2944 446 3053 516; x_wconf 77' lang='grc' dir='ltr'><strong>πρὸ</strong></span> <span class='ocrx_word' id='word_1_22' title='bbox 3093 445 3188 500; x_wconf 83' lang='grc' dir='ltr'><strong>τοῦ</strong></span> <span class='ocrx_word' id='word_1_23' title='bbox 3220 443 3313 500; x_wconf 77' lang='grc' dir='ltr'><strong>τὸν</strong></span> <span class='ocrx_word' id='word_1_24' title='bbox 3355 445 3563 517; x_wconf 84' lang='grc' dir='ltr'><strong>κόσμον</strong></span> <span class='ocrx_word' id='word_1_25' title='bbox 3585 441 3753 518; x_wconf 74' lang='grc' dir='ltr'><strong>εἶναι,</strong></span> <span class='ocrx_word' id='word_1_26' title='bbox 3789 453 3945 526; x_wconf 70' lang='grc' dir='ltr'><strong>παρὰ</strong></span> 
     </span>
    </p>
   </div>
   <div class='ocr_carea' id='block_1_6' title="bbox 690 543 990 613">
    <p class='ocr_par' dir='ltr' id='par_1_6' title="bbox 690 543 990 613">
     <span class='ocr_line' id='line_1_6' title="bbox 690 543 990 613; baseline -0.01 -15"><span class='ocrx_word' id='word_1_27' title='bbox 690 543 830 613; x_wconf 83' lang='lat' dir='ltr'><strong>apud</strong></span> <span class='ocrx_word' id='word_1_28' title='bbox 869 551 942 597; x_wconf 89' lang='lat' dir='ltr'><strong>te.</strong></span> <span class='ocrx_word' id='word_1_29' title='bbox 968 560 990 595; x_wconf 83' lang='lat' dir='ltr'><strong>s</strong></span> 
     </span>
    </p>
   </div>
   <div class='ocr_carea' id='block_1_7' title="bbox 755 628 2256 698">
    <p class='ocr_par' dir='ltr' id='par_1_7' title="bbox 755 628 2256 698">
     <span class='ocr_line' id='line_1_7' title="bbox 755 628 2256 698; baseline 0 -12"><span class='ocrx_word' id='word_1_30' title='bbox 755 634 919 690; x_wconf 77' lang='lat' dir='ltr'><strong>Vna.</strong></span> <span class='ocrx_word' id='word_1_31' title='bbox 951 630 1040 690; x_wconf 78' lang='lat' dir='ltr'><strong>H.</strong></span> <span class='ocrx_word' id='word_1_32' title='bbox 1075 651 1095 685; x_wconf 77' lang='grc' dir='ltr'><strong>ι</strong></span> <span class='ocrx_word' id='word_1_33' title='bbox 1122 631 1192 688; x_wconf 81' lang='lat' dir='ltr'><strong>Et</strong></span> <span class='ocrx_word' id='word_1_34' title='bbox 1225 630 1334 688; x_wconf 90' lang='lat' dir='ltr'><strong>erit</strong></span> <span class='ocrx_word' id='word_1_35' title='bbox 1360 630 1415 684; x_wconf 91' lang='lat' dir='ltr'><strong>in</strong></span> <span class='ocrx_word' id='word_1_36' title='bbox 1444 629 1530 686; x_wconf 81' lang='lat' dir='ltr'><strong>die</strong></span> <span class='ocrx_word' id='word_1_37' title='bbox 1571 629 1694 694; x_wconf 81' lang='lat' dir='ltr'><strong>illa,</strong></span> <span class='ocrx_word' id='word_1_38' title='bbox 1726 629 1943 698; x_wconf 67' lang='lat' dir='ltr'><strong>adiiciet</strong></span> <span class='ocrx_word' id='word_1_39' title='bbox 1993 628 2256 686; x_wconf 77' lang='lat' dir='ltr'><strong>Dominus</strong></span> 
     </span>
    </p>
   </div>
   <div class='ocr_carea' id='block_1_8' title="bbox 686 721 2256 784">
    <p class='ocr_par' dir='ltr' id='par_1_8' title="bbox 686 721 2256 784">
     <span class='ocr_line' id='line_1_8' title="bbox 686 721 2256 784; baseline -0.004 0"><span class='ocrx_word' id='word_1_40' title='bbox 686 729 969 784; x_wconf 82' lang='lat' dir='ltr'><strong>ostendere</strong></span> <span class='ocrx_word' id='word_1_41' title='bbox 1017 729 1233 781; x_wconf 85' lang='lat' dir='ltr'><strong>nianum</strong></span> <span class='ocrx_word' id='word_1_42' title='bbox 1279 735 1464 784; x_wconf 91' lang='lat' dir='ltr'><strong>suam.</strong></span> <span class='ocrx_word' id='word_1_43' title='bbox 1508 721 1577 777; x_wconf 89' lang='lat' dir='ltr'><strong>ad</strong></span> <span class='ocrx_word' id='word_1_44' title='bbox 1637 723 1916 778; x_wconf 81' lang='lat' dir='ltr'><strong>selandum</strong></span> <span class='ocrx_word' id='word_1_45' title='bbox 1981 722 2256 778; x_wconf 88' lang='lat' dir='ltr'><strong>residuum</strong></span> 
     </span>
    </p>
   </div>
   <div class='ocr_carea' id='block_1_9' title="bbox 686 812 2258 890">
    <p class='ocr_par' dir='ltr' id='par_1_9' title="bbox 686 812 2258 890">
     <span class='ocr_line' id='line_1_9' title="bbox 686 812 2258 890; baseline -0.003 -17"><span class='ocrx_word' id='word_1_46' title='bbox 686 819 903 890; x_wconf 85' lang='lat' dir='ltr'><strong>populi,</strong></span> <span class='ocrx_word' id='word_1_47' title='bbox 954 817 1096 890; x_wconf 89' lang='lat' dir='ltr'><strong>quod</strong></span> <span class='ocrx_word' id='word_1_48' title='bbox 1147 816 1394 871; x_wconf 84' lang='lat' dir='ltr'><strong>relictum</strong></span> <span class='ocrx_word' id='word_1_49' title='bbox 1454 813 1616 869; x_wconf 75' lang='lat' dir='ltr'><strong>fuerit</strong></span> <span class='ocrx_word' id='word_1_50' title='bbox 1661 816 1730 868; x_wconf 89' lang='lat' dir='ltr'><strong>ab</strong></span> <span class='ocrx_word' id='word_1_51' title='bbox 1766 812 2041 884; x_wconf 80' lang='lat' dir='ltr'><strong>Assyriis,</strong></span> <span class='ocrx_word' id='word_1_52' title='bbox 2087 823 2141 868; x_wconf 91' lang='lat' dir='ltr'><strong>et</strong></span> <span class='ocrx_word' id='word_1_53' title='bbox 2189 813 2258 870; x_wconf 88' lang='lat' dir='ltr'><strong>ab</strong></span> 
     </span>
    </p>
   </div>
   <div class='ocr_carea' id='block_1_10' title="bbox 684 903 2260 983">
    <p class='ocr_par' dir='ltr' id='par_1_10' title="bbox 684 903 2260 983">
     <span class='ocr_line' id='line_1_10' title="bbox 684 903 2260 983; baseline -0.007 -14"><span class='ocrx_word' id='word_1_54' title='bbox 684 909 917 983; x_wconf 67' lang='lat' dir='ltr'><strong>Egypto</strong></span> <span class='ocrx_word' id='word_1_55' title='bbox 939 920 992 966; x_wconf 92' lang='lat' dir='ltr'><strong>et</strong></span> <span class='ocrx_word' id='word_1_56' title='bbox 1017 924 1048 964; x_wconf 88' lang='lat' dir='ltr'><strong>a</strong></span> <span class='ocrx_word' id='word_1_57' title='bbox 1080 906 1397 979; x_wconf 81' lang='lat' dir='ltr'><strong>Babylonia,</strong></span> <span class='ocrx_word' id='word_1_58' title='bbox 1425 915 1482 960; x_wconf 90' lang='lat' dir='ltr'><strong>et</strong></span> <span class='ocrx_word' id='word_1_59' title='bbox 1520 904 1589 960; x_wconf 91' lang='lat' dir='ltr'><strong>ab</strong></span> <span class='ocrx_word' id='word_1_60' title='bbox 1623 903 1925 973; x_wconf 65' lang='lat' dir='ltr'><strong>Ethiopian,</strong></span> <span class='ocrx_word' id='word_1_61' title='bbox 1953 913 2011 959; x_wconf 90' lang='lat' dir='ltr'><strong>et</strong></span> <span class='ocrx_word' id='word_1_62' title='bbox 2037 903 2107 958; x_wconf 89' lang='lat' dir='ltr'><strong>ab</strong></span> <span class='ocrx_word' id='word_1_63' title='bbox 2135 904 2260 960; x_wconf 83' lang='lat' dir='ltr'><strong>Ela-</strong></span> 
     </span>
    </p>
   </div>
   <div class='ocr_carea' id='block_1_11' title="bbox 685 986 2260 1067">
    <p class='ocr_par' dir='ltr' id='par_1_11' title="bbox 685 986 2260 1067">
     <span class='ocr_line' id='line_1_11' title="bbox 685 986 2260 1067; baseline -0.006 -8"><span class='ocrx_word' id='word_1_64' title='bbox 685 986 855 1067; x_wconf 78' lang='lat' dir='ltr'><strong>tnitis,</strong></span> <span class='ocrx_word' id='word_1_65' title='bbox 894 1001 1042 1057; x_wconf 91' lang='lat' dir='ltr'><strong>etab</strong></span> <span class='ocrx_word' id='word_1_66' title='bbox 1083 1010 1207 1054; x_wconf 88' lang='lat' dir='ltr'><strong>ortu</strong></span> <span class='ocrx_word' id='word_1_67' title='bbox 1249 998 1399 1064; x_wconf 87' lang='lat' dir='ltr'><strong>solis,</strong></span> <span class='ocrx_word' id='word_1_68' title='bbox 1439 1007 1492 1052; x_wconf 85' lang='lat' dir='ltr'><strong>et</strong></span> <span class='ocrx_word' id='word_1_69' title='bbox 1526 1010 1594 1052; x_wconf 83' lang='lat' dir='ltr'><strong>es</strong></span> <span class='ocrx_word' id='word_1_70' title='bbox 1639 996 1860 1052; x_wconf 76' lang='lat' dir='ltr'><strong>Arabia.</strong></span> <span class='ocrx_word' id='word_1_71' title='bbox 1903 994 2042 1062; x_wconf 84' lang='lat' dir='ltr'><strong>Quia</strong></span> <span class='ocrx_word' id='word_1_72' title='bbox 2094 995 2260 1063; x_wconf 87' lang='lat' dir='ltr'><strong>igitur</strong></span> 
     </span>
    </p>
   </div>
   <div class='ocr_carea' id='block_1_12' title="bbox 683 1085 2261 1167">
    <p class='ocr_par' dir='ltr' id='par_1_12' title="bbox 683 1085 2261 1167">
     <span class='ocr_line' id='line_1_12' title="bbox 683 1085 2261 1167; baseline -0.005 -17"><span class='ocrx_word' id='word_1_73' title='bbox 683 1096 944 1167; x_wconf 85' lang='lat' dir='ltr'><strong>propheta</strong></span> <span class='ocrx_word' id='word_1_74' title='bbox 984 1106 1132 1157; x_wconf 90' lang='lat' dir='ltr'><strong>eum,</strong></span> <span class='ocrx_word' id='word_1_75' title='bbox 1157 1091 1342 1161; x_wconf 86' lang='lat' dir='ltr'><strong>quies</strong></span> <span class='ocrx_word' id='word_1_76' title='bbox 1380 1090 1559 1146; x_wconf 83' lang='lat' dir='ltr'><strong>radice</strong></span> <span class='ocrx_word' id='word_1_77' title='bbox 1599 1085 1768 1144; x_wconf 70' lang='lat' dir='ltr'><strong>Jessa:</strong></span> <span class='ocrx_word' id='word_1_78' title='bbox 1816 1097 2003 1158; x_wconf 83' lang='lat' dir='ltr'><strong>surget</strong></span> <span class='ocrx_word' id='word_1_79' title='bbox 2039 1089 2109 1143; x_wconf 88' lang='lat' dir='ltr'><strong>ad</strong></span> <span class='ocrx_word' id='word_1_80' title='bbox 2156 1089 2261 1142; x_wconf 81' lang='lat' dir='ltr'><strong>im-</strong></span> 
     </span>
    </p>
   </div>
   <div class='ocr_carea' id='block_1_13' title="bbox 686 1180 2256 1256">
    <p class='ocr_par' dir='ltr' id='par_1_13' title="bbox 686 1180 2256 1256">
     <span class='ocr_line' id='line_1_13' title="bbox 686 1180 2256 1256; baseline -0.004 -15"><span class='ocrx_word' id='word_1_81' title='bbox 686 1188 979 1256; x_wconf 81' lang='lat' dir='ltr'><strong>perandum</strong></span> <span class='ocrx_word' id='word_1_82' title='bbox 1008 1185 1277 1255; x_wconf 84' lang='lat' dir='ltr'><strong>gentibus,</strong></span> <span class='ocrx_word' id='word_1_83' title='bbox 1308 1181 1632 1239; x_wconf 69' lang='lat' dir='ltr'><strong>vaticinatus</strong></span> <span class='ocrx_word' id='word_1_84' title='bbox 1657 1189 1764 1246; x_wconf 90' lang='lat' dir='ltr'><strong>est,</strong></span> <span class='ocrx_word' id='word_1_85' title='bbox 1794 1180 2123 1250; x_wconf 72' lang='lat' dir='ltr'><strong>adiecitque,</strong></span> <span class='ocrx_word' id='word_1_86' title='bbox 2152 1197 2171 1232; x_wconf 77' lang='grc' dir='ltr'><strong>ι</strong></span> <span class='ocrx_word' id='word_1_87' title='bbox 2204 1181 2256 1235; x_wconf 89' lang='lat' dir='ltr'><strong>in</strong></span> 
     </span>
    </p>
   </div>
   <div class='ocr_carea' id='block_1_14' title="bbox 683 1272 2261 1350">
    <p class='ocr_par' dir='ltr' id='par_1_14' title="bbox 683 1272 2261 1350">
     <span class='ocr_line' id='line_1_14' title="bbox 683 1272 2261 1350; baseline -0.004 -16"><span class='ocrx_word' id='word_1_88' title='bbox 683 1294 809 1335; x_wconf 84' lang='lat' dir='ltr'><strong>eum</strong></span> <span class='ocrx_word' id='word_1_89' title='bbox 848 1286 1034 1350; x_wconf 78' lang='lat' dir='ltr'><strong>gentes</strong></span> <span class='ocrx_word' id='word_1_90' title='bbox 1062 1277 1383 1348; x_wconf 80' lang='lat' dir='ltr'><strong>sperabunt;</strong></span> <span class='ocrx_word' id='word_1_91' title='bbox 1413 1292 1435 1328; x_wconf 73' lang='grc' dir='ltr'><strong>ι</strong></span> <span class='ocrx_word' id='word_1_92' title='bbox 1474 1272 1757 1330; x_wconf 69' lang='lat' dir='ltr'><strong>Iudaicum</strong></span> <span class='ocrx_word' id='word_1_93' title='bbox 1794 1273 1922 1328; x_wconf 89' lang='lat' dir='ltr'><strong>item</strong></span> <span class='ocrx_word' id='word_1_94' title='bbox 1958 1285 2131 1340; x_wconf 78' lang='lat' dir='ltr'><strong>genus</strong></span> <span class='ocrx_word' id='word_1_95' title='bbox 2165 1286 2261 1327; x_wconf 84' lang='lat' dir='ltr'><strong>ne-</strong></span> 
     </span>
    </p>
   </div>
   <div class='ocr_carea' id='block_1_15' title="bbox 684 1365 2259 1439">
    <p class='ocr_par' dir='ltr' id='par_1_15' title="bbox 684 1365 2259 1439">
     <span class='ocr_line' id='line_1_15' title="bbox 684 1365 2259 1439; baseline -0.007 -9"><span class='ocrx_word' id='word_1_96' title='bbox 684 1371 924 1430; x_wconf 84' lang='lat' dir='ltr'><strong>cessario</strong></span> <span class='ocrx_word' id='word_1_97' title='bbox 963 1379 1229 1428; x_wconf 83' lang='lat' dir='ltr'><strong>memorat</strong></span> <span class='ocrx_word' id='word_1_98' title='bbox 1275 1374 1337 1426; x_wconf 74' lang='lat' dir='ltr'><strong>iur</strong></span> <span class='ocrx_word' id='word_1_99' title='bbox 1374 1368 1661 1439; x_wconf 69' lang='lat' dir='ltr'><strong>presenti;</strong></span> <span class='ocrx_word' id='word_1_100' title='bbox 1716 1380 1788 1423; x_wconf 83' lang='lat' dir='ltr'><strong>ne</strong></span> <span class='ocrx_word' id='word_1_101' title='bbox 1836 1365 1958 1436; x_wconf 89' lang='lat' dir='ltr'><strong>quis</strong></span> <span class='ocrx_word' id='word_1_102' title='bbox 2012 1365 2259 1436; x_wconf 87' lang='lat' dir='ltr'><strong>suspica-</strong></span> 
     </span>
    </p>
   </div>
   <div class='ocr_carea' id='block_1_16' title="bbox 688 1458 2258 1538">
    <p class='ocr_par' dir='ltr' id='par_1_16' title="bbox 688 1458 2258 1538">
     <span class='ocr_line' id='line_1_16' title="bbox 688 1458 2258 1538; baseline -0.006 -14"><span class='ocrx_word' id='word_1_103' title='bbox 688 1477 840 1524; x_wconf 80' lang='lat' dir='ltr'><strong>retur</strong></span> <span class='ocrx_word' id='word_1_104' title='bbox 863 1481 1013 1532; x_wconf 90' lang='lat' dir='ltr'><strong>eum,</strong></span> <span class='ocrx_word' id='word_1_105' title='bbox 1044 1466 1136 1538; x_wconf 88' lang='lat' dir='ltr'><strong>qui</strong></span> <span class='ocrx_word' id='word_1_106' title='bbox 1168 1464 1222 1521; x_wconf 90' lang='lat' dir='ltr'><strong>in</strong></span> <span class='ocrx_word' id='word_1_107' title='bbox 1256 1462 1542 1536; x_wconf 77' lang='lat' dir='ltr'><strong>prophetia</strong></span> <span class='ocrx_word' id='word_1_108' title='bbox 1585 1458 1780 1526; x_wconf 77' lang='lat' dir='ltr'><strong>fertur,</strong></span> <span class='ocrx_word' id='word_1_109' title='bbox 1819 1459 2015 1531; x_wconf 91' lang='lat' dir='ltr'><strong>popqu</strong></span> <span class='ocrx_word' id='word_1_110' title='bbox 2044 1472 2113 1514; x_wconf 80' lang='lat' dir='ltr'><strong>es</strong></span> <span class='ocrx_word' id='word_1_111' title='bbox 2152 1459 2258 1514; x_wconf 87' lang='lat' dir='ltr'><strong>cir-</strong></span> 
     </span>
    </p>
   </div>
   <div class='ocr_carea' id='block_1_17' title="bbox 684 1551 2259 1632">
    <p class='ocr_par' dir='ltr' id='par_1_17' title="bbox 684 1551 2259 1632">
     <span class='ocr_line' id='line_1_17' title="bbox 684 1551 2259 1632; baseline -0.008 -14"><span class='ocrx_word' id='word_1_112' title='bbox 684 1562 1020 1622; x_wconf 79' lang='lat' dir='ltr'><strong>cumcisione</strong></span> <span class='ocrx_word' id='word_1_113' title='bbox 1070 1557 1207 1616; x_wconf 84' lang='lat' dir='ltr'><strong>nihil</strong></span> <span class='ocrx_word' id='word_1_114' title='bbox 1244 1554 1498 1632; x_wconf 78' lang='lat' dir='ltr'><strong>utilitatis</strong></span> <span class='ocrx_word' id='word_1_115' title='bbox 1549 1553 1841 1622; x_wconf 72' lang='lat' dir='ltr'><strong>allaturum</strong></span> <span class='ocrx_word' id='word_1_116' title='bbox 1907 1567 2048 1609; x_wconf 86' lang='lat' dir='ltr'><strong>esse.</strong></span> <span class='ocrx_word' id='word_1_117' title='bbox 2090 1551 2259 1607; x_wconf 89' lang='lat' dir='ltr'><strong>Docet</strong></span> 
     </span>
    </p>
   </div>
   <div class='ocr_carea' id='block_1_18' title="bbox 686 1645 2260 1725">
    <p class='ocr_par' dir='ltr' id='par_1_18' title="bbox 686 1645 2260 1725">
     <span class='ocr_line' id='line_1_18' title="bbox 686 1645 2260 1725; baseline -0.006 -16"><span class='ocrx_word' id='word_1_118' title='bbox 686 1656 892 1725; x_wconf 86' lang='lat' dir='ltr'><strong>itaque,</strong></span> <span class='ocrx_word' id='word_1_119' title='bbox 935 1668 1043 1725; x_wconf 90' lang='lat' dir='ltr'><strong>quo</strong></span> <span class='ocrx_word' id='word_1_120' title='bbox 1079 1661 1237 1722; x_wconf 88' lang='lat' dir='ltr'><strong>pacto</strong></span> <span class='ocrx_word' id='word_1_121' title='bbox 1280 1667 1300 1702; x_wconf 81' lang='grc' dir='ltr'><strong>ι</strong></span> <span class='ocrx_word' id='word_1_122' title='bbox 1330 1651 1384 1704; x_wconf 87' lang='lat' dir='ltr'><strong>in</strong></span> <span class='ocrx_word' id='word_1_123' title='bbox 1429 1647 1516 1702; x_wconf 92' lang='lat' dir='ltr'><strong>die</strong></span> <span class='ocrx_word' id='word_1_124' title='bbox 1559 1647 1680 1711; x_wconf 87' lang='lat' dir='ltr'><strong>illa;</strong></span> <span class='ocrx_word' id='word_1_125' title='bbox 1707 1663 1726 1698; x_wconf 73' lang='grc' dir='ltr'><strong>ι</strong></span> <span class='ocrx_word' id='word_1_126' title='bbox 1765 1645 1819 1701; x_wconf 92' lang='lat' dir='ltr'><strong>id</strong></span> <span class='ocrx_word' id='word_1_127' title='bbox 1858 1653 1974 1711; x_wconf 87' lang='lat' dir='ltr'><strong>est,</strong></span> <span class='ocrx_word' id='word_1_128' title='bbox 2021 1655 2260 1716; x_wconf 86' lang='lat' dir='ltr'><strong>tempore</strong></span> 
     </span>
    </p>
   </div>
   <div class='ocr_carea' id='block_1_19' title="bbox 686 1724 2256 1816">
    <p class='ocr_par' dir='ltr' id='par_1_19' title="bbox 686 1724 2256 1816">
     <span class='ocr_line' id='line_1_19' title="bbox 686 1724 2256 1816; baseline -0.008 -13"><span class='ocrx_word' id='word_1_129' title='bbox 686 1724 964 1803; x_wconf 79' lang='lat' dir='ltr'><strong>adventus</strong></span> <span class='ocrx_word' id='word_1_130' title='bbox 990 1745 1082 1816; x_wconf 84' lang='lat' dir='ltr'><strong>qui</strong></span> <span class='ocrx_word' id='word_1_131' title='bbox 1115 1745 1166 1800; x_wconf 94' lang='lat' dir='ltr'><strong>in</strong></span> <span class='ocrx_word' id='word_1_132' title='bbox 1194 1740 1450 1797; x_wconf 86' lang='lat' dir='ltr'><strong>vaticinio</strong></span> <span class='ocrx_word' id='word_1_133' title='bbox 1476 1739 1814 1804; x_wconf 84' lang='lat' dir='ltr'><strong>enuntiatur,</strong></span> <span class='ocrx_word' id='word_1_134' title='bbox 1851 1754 1871 1791; x_wconf 77' lang='grc' dir='ltr'><strong>ι</strong></span> <span class='ocrx_word' id='word_1_135' title='bbox 1901 1724 2124 1805; x_wconf 73' lang='lat' dir='ltr'><strong>adiiciet</strong></span> <span class='ocrx_word' id='word_1_136' title='bbox 2149 1736 2256 1792; x_wconf 87' lang='lat' dir='ltr'><strong>Do-</strong></span> 
     </span>
    </p>
   </div>
   <div class='ocr_carea' id='block_1_20' title="bbox 687 1804 2328 1897">
    <p class='ocr_par' dir='ltr' id='par_1_20' title="bbox 687 1804 2328 1897">
     <span class='ocr_line' id='line_1_20' title="bbox 687 1804 2328 1897; baseline -0.007 -4"><span class='ocrx_word' id='word_1_137' title='bbox 687 1838 868 1892; x_wconf 87' lang='lat' dir='ltr'><strong>minus</strong></span> <span class='ocrx_word' id='word_1_138' title='bbox 907 1804 1191 1894; x_wconf 75' lang='lat' dir='ltr'><strong>ostendere</strong></span> <span class='ocrx_word' id='word_1_139' title='bbox 1221 1847 1438 1888; x_wconf 85' lang='lat' dir='ltr'><strong>manum</strong></span> <span class='ocrx_word' id='word_1_140' title='bbox 1483 1845 1661 1897; x_wconf 87' lang='lat' dir='ltr'><strong>suam,</strong></span> <span class='ocrx_word' id='word_1_141' title='bbox 1692 1831 1759 1884; x_wconf 83' lang='lat' dir='ltr'><strong>ad</strong></span> <span class='ocrx_word' id='word_1_142' title='bbox 1791 1804 2074 1884; x_wconf 67' lang='lat' dir='ltr'><strong>uelandum</strong></span> <span class='ocrx_word' id='word_1_143' title='bbox 2120 1827 2255 1883; x_wconf 84' lang='lat' dir='ltr'><strong>resi-</strong></span> <span class='ocrx_word' id='word_1_144' title='bbox 2285 1804 2328 1866; x_wconf 66' lang='grc' dir='ltr'><strong>Β</strong></span> 
     </span>
    </p>
   </div>
   <div class='ocr_carea' id='block_1_21' title="bbox 686 1911 2253 1999">
    <p class='ocr_par' dir='ltr' id='par_1_21' title="bbox 686 1911 2253 1999">
     <span class='ocr_line' id='line_1_21' title="bbox 686 1911 2253 1999; baseline -0.007 -15"><span class='ocrx_word' id='word_1_145' title='bbox 686 1911 851 1985; x_wconf 85' lang='lat' dir='ltr'><strong>duum</strong></span> <span class='ocrx_word' id='word_1_146' title='bbox 881 1926 1084 1999; x_wconf 87' lang='lat' dir='ltr'><strong>populi.</strong></span> <span class='ocrx_word' id='word_1_147' title='bbox 1109 1944 1129 1979; x_wconf 77' lang='grc' dir='ltr'><strong>ι</strong></span> <span class='ocrx_word' id='word_1_148' title='bbox 1159 1925 1267 1983; x_wconf 86' lang='lat' dir='ltr'><strong>Pro</strong></span> <span class='ocrx_word' id='word_1_149' title='bbox 1292 1939 1398 1996; x_wconf 87' lang='lat' dir='ltr'><strong>quo</strong></span> <span class='ocrx_word' id='word_1_150' title='bbox 1434 1921 1629 1994; x_wconf 74' lang='lat' dir='ltr'><strong>Aquila</strong></span> <span class='ocrx_word' id='word_1_151' title='bbox 1651 1960 1667 1988; x_wconf 97' lang='lat'><strong>,</strong></span> <span class='ocrx_word' id='word_1_152' title='bbox 1703 1939 1722 1972; x_wconf 78' lang='grc' dir='ltr'><strong>ι</strong></span> <span class='ocrx_word' id='word_1_153' title='bbox 1760 1919 2014 1988; x_wconf 82' lang='lat' dir='ltr'><strong>Adjieiet,</strong></span> <span class='ocrx_word' id='word_1_154' title='bbox 2057 1918 2253 1990; x_wconf 87' lang='lat' dir='ltr'><strong>inquit,</strong></span> 
     </span>
    </p>
   </div>
   <div class='ocr_carea' id='block_1_22' title="bbox 685 2010 2258 2078">
    <p class='ocr_par' dir='ltr' id='par_1_22' title="bbox 685 2010 2258 2078">
     <span class='ocr_line' id='line_1_22' title="bbox 685 2010 2258 2078; baseline -0.008 -1"><span class='ocrx_word' id='word_1_155' title='bbox 685 2020 945 2078; x_wconf 76' lang='lat' dir='ltr'><strong>Dominus</strong></span> <span class='ocrx_word' id='word_1_156' title='bbox 983 2018 1223 2075; x_wconf 86' lang='lat' dir='ltr'><strong>secundo</strong></span> <span class='ocrx_word' id='word_1_157' title='bbox 1252 2032 1465 2072; x_wconf 88' lang='lat' dir='ltr'><strong>manum</strong></span> <span class='ocrx_word' id='word_1_158' title='bbox 1502 2029 1678 2078; x_wconf 85' lang='lat' dir='ltr'><strong>suam,</strong></span> <span class='ocrx_word' id='word_1_159' title='bbox 1721 2014 1788 2068; x_wconf 88' lang='lat' dir='ltr'><strong>ad</strong></span> <span class='ocrx_word' id='word_1_160' title='bbox 1833 2010 2116 2069; x_wconf 78' lang='lat' dir='ltr'><strong>zelandum</strong></span> <span class='ocrx_word' id='word_1_161' title='bbox 2173 2025 2258 2065; x_wconf 82' lang='lat' dir='ltr'><strong>re-</strong></span> 
     </span>
    </p>
   </div>
   <div class='ocr_carea' id='block_1_23' title="bbox 687 2100 2257 2185">
    <p class='ocr_par' dir='ltr' id='par_1_23' title="bbox 687 2100 2257 2185">
     <span class='ocr_line' id='line_1_23' title="bbox 687 2100 2257 2185; baseline -0.008 -16"><span class='ocrx_word' id='word_1_162' title='bbox 687 2114 901 2170; x_wconf 85' lang='lat' dir='ltr'><strong>siduum</strong></span> <span class='ocrx_word' id='word_1_163' title='bbox 947 2111 1131 2185; x_wconf 89' lang='lat' dir='ltr'><strong>populi</strong></span> <span class='ocrx_word' id='word_1_164' title='bbox 1180 2112 1345 2176; x_wconf 76' lang='lat' dir='ltr'><strong>sui;r</strong></span> <span class='ocrx_word' id='word_1_165' title='bbox 1385 2108 1767 2181; x_wconf 74' lang='lat' dir='ltr'><strong>Symmachus,</strong></span> <span class='ocrx_word' id='word_1_166' title='bbox 1817 2123 1836 2159; x_wconf 79' lang='grc' dir='ltr'><strong>ι</strong></span> <span class='ocrx_word' id='word_1_167' title='bbox 1865 2102 2098 2175; x_wconf 79' lang='lat' dir='ltr'><strong>Adjieiet</strong></span> <span class='ocrx_word' id='word_1_168' title='bbox 2147 2100 2257 2158; x_wconf 86' lang='lat' dir='ltr'><strong>Do-</strong></span> 
     </span>
    </p>
   </div>
   <div class='ocr_carea' id='block_1_24' title="bbox 687 2195 2259 2269">
    <p class='ocr_par' dir='ltr' id='par_1_24' title="bbox 687 2195 2259 2269">
     <span class='ocr_line' id='line_1_24' title="bbox 687 2195 2259 2269; baseline -0.008 -7"><span class='ocrx_word' id='word_1_169' title='bbox 687 2207 868 2262; x_wconf 86' lang='lat' dir='ltr'><strong>minus</strong></span> <span class='ocrx_word' id='word_1_170' title='bbox 901 2203 1138 2261; x_wconf 83' lang='lat' dir='ltr'><strong>secundo</strong></span> <span class='ocrx_word' id='word_1_171' title='bbox 1183 2215 1400 2258; x_wconf 89' lang='lat' dir='ltr'><strong>manum</strong></span> <span class='ocrx_word' id='word_1_172' title='bbox 1438 2214 1616 2265; x_wconf 89' lang='lat' dir='ltr'><strong>suam,</strong></span> <span class='ocrx_word' id='word_1_173' title='bbox 1645 2199 1710 2253; x_wconf 87' lang='lat' dir='ltr'><strong>ad</strong></span> <span class='ocrx_word' id='word_1_174' title='bbox 1744 2195 2131 2269; x_wconf 88' lang='lat' dir='ltr'><strong>possidendum</strong></span> <span class='ocrx_word' id='word_1_175' title='bbox 2170 2209 2259 2250; x_wconf 82' lang='lat' dir='ltr'><strong>re-</strong></span> 
     </span>
    </p>
   </div>
   <div class='ocr_carea' id='block_1_25' title="bbox 686 2288 2255 2368">
    <p class='ocr_par' dir='ltr' id='par_1_25' title="bbox 686 2288 2255 2368">
     <span class='ocr_line' id='line_1_25' title="bbox 686 2288 2255 2368; baseline -0.006 -13"><span class='ocrx_word' id='word_1_176' title='bbox 686 2300 903 2356; x_wconf 72' lang='lat' dir='ltr'><strong>siduum</strong></span> <span class='ocrx_word' id='word_1_177' title='bbox 935 2295 1114 2368; x_wconf 86' lang='lat' dir='ltr'><strong>populi</strong></span> <span class='ocrx_word' id='word_1_178' title='bbox 1141 2293 1247 2353; x_wconf 90' lang='lat' dir='ltr'><strong>sui.</strong></span> <span class='ocrx_word' id='word_1_179' title='bbox 1272 2313 1292 2346; x_wconf 76' lang='grc' dir='ltr'><strong>ι</strong></span> <span class='ocrx_word' id='word_1_180' title='bbox 1325 2293 1790 2362; x_wconf 82' lang='lat' dir='ltr'><strong>Quemadmodum</strong></span> <span class='ocrx_word' id='word_1_181' title='bbox 1825 2291 1973 2346; x_wconf 90' lang='lat' dir='ltr'><strong>enim</strong></span> <span class='ocrx_word' id='word_1_182' title='bbox 2000 2288 2255 2345; x_wconf 80' lang='lat' dir='ltr'><strong>aﬂlictum</strong></span> 
     </span>
    </p>
   </div>
   <div class='ocr_carea' id='block_1_26' title="bbox 685 2381 2257 2459">
    <p class='ocr_par' dir='ltr' id='par_1_26' title="bbox 685 2381 2257 2459">
     <span class='ocr_line' id='line_1_26' title="bbox 685 2381 2257 2459; baseline -0.009 -12"><span class='ocrx_word' id='word_1_183' title='bbox 685 2389 968 2449; x_wconf 67' lang='lat' dir='ltr'><strong>Iudaicum</strong></span> <span class='ocrx_word' id='word_1_184' title='bbox 997 2386 1249 2459; x_wconf 89' lang='lat' dir='ltr'><strong>populum</strong></span> <span class='ocrx_word' id='word_1_185' title='bbox 1277 2384 1442 2442; x_wconf 80' lang='lat' dir='ltr'><strong>semel</strong></span> <span class='ocrx_word' id='word_1_186' title='bbox 1470 2384 1540 2440; x_wconf 88' lang='lat' dir='ltr'><strong>ab</strong></span> <span class='ocrx_word' id='word_1_187' title='bbox 1571 2384 1923 2454; x_wconf 91' lang='lat' dir='ltr'><strong>oppressione</strong></span> <span class='ocrx_word' id='word_1_188' title='bbox 1969 2381 2257 2446; x_wconf 81' lang='lat' dir='ltr'><strong>liberavit,</strong></span> 
     </span>
    </p>
   </div>
   <div class='ocr_carea' id='block_1_27' title="bbox 691 2471 2255 2545">
    <p class='ocr_par' dir='ltr' id='par_1_27' title="bbox 691 2471 2255 2545">
     <span class='ocr_line' id='line_1_27' title="bbox 691 2471 2255 2545; baseline -0.007 -9"><span class='ocrx_word' id='word_1_189' title='bbox 691 2495 853 2537; x_wconf 87' lang='lat' dir='ltr'><strong>manu</strong></span> <span class='ocrx_word' id='word_1_190' title='bbox 899 2493 1000 2536; x_wconf 83' lang='lat' dir='ltr'><strong>sua</strong></span> <span class='ocrx_word' id='word_1_191' title='bbox 1033 2475 1358 2533; x_wconf 88' lang='lat' dir='ltr'><strong>mirabillum</strong></span> <span class='ocrx_word' id='word_1_192' title='bbox 1406 2473 1678 2531; x_wconf 84' lang='lat' dir='ltr'><strong>ell&#39;ectrice</strong></span> <span class='ocrx_word' id='word_1_193' title='bbox 1727 2490 1824 2544; x_wconf 89' lang='lat' dir='ltr'><strong>per</strong></span> <span class='ocrx_word' id='word_1_194' title='bbox 1875 2471 2108 2545; x_wconf 73' lang='lat' dir='ltr'><strong>loysem</strong></span> <span class='ocrx_word' id='word_1_195' title='bbox 2156 2485 2255 2526; x_wconf 80' lang='lat' dir='ltr'><strong>ex-</strong></span> 
     </span>
    </p>
   </div>
   <div class='ocr_carea' id='block_1_28' title="bbox 692 2557 2262 2642">
    <p class='ocr_par' dir='ltr' id='par_1_28' title="bbox 692 2557 2262 2642">
     <span class='ocr_line' id='line_1_28' title="bbox 692 2557 2262 2642; baseline -0.007 -13"><span class='ocrx_word' id='word_1_196' title='bbox 692 2582 885 2629; x_wconf 88' lang='lat' dir='ltr'><strong>tensa:</strong></span> <span class='ocrx_word' id='word_1_197' title='bbox 914 2585 1021 2642; x_wconf 90' lang='lat' dir='ltr'><strong>qua</strong></span> <span class='ocrx_word' id='word_1_198' title='bbox 1054 2584 1217 2625; x_wconf 88' lang='lat' dir='ltr'><strong>manu</strong></span> <span class='ocrx_word' id='word_1_199' title='bbox 1255 2567 1514 2639; x_wconf 89' lang='lat' dir='ltr'><strong>stupenda</strong></span> <span class='ocrx_word' id='word_1_200' title='bbox 1558 2567 1644 2621; x_wconf 92' lang='lat' dir='ltr'><strong>illa</strong></span> <span class='ocrx_word' id='word_1_201' title='bbox 1679 2566 1920 2637; x_wconf 75' lang='lat' dir='ltr'><strong>prodigia</strong></span> <span class='ocrx_word' id='word_1_202' title='bbox 1955 2565 2007 2620; x_wconf 90' lang='lat' dir='ltr'><strong>in</strong></span> <span class='ocrx_word' id='word_1_203' title='bbox 2039 2557 2262 2635; x_wconf 44' lang='lat' dir='ltr'><strong>Egypti&#39;</strong></span> 
     </span>
    </p>
   </div>
   <div class='ocr_carea' id='block_1_29' title="bbox 689 2655 2259 2735">
    <p class='ocr_par' dir='ltr' id='par_1_29' title="bbox 689 2655 2259 2735">
     <span class='ocr_line' id='line_1_29' title="bbox 689 2655 2259 2735; baseline -0.007 -15"><span class='ocrx_word' id='word_1_204' title='bbox 689 2663 913 2735; x_wconf 86' lang='lat' dir='ltr'><strong>regione</strong></span> <span class='ocrx_word' id='word_1_205' title='bbox 955 2661 1154 2729; x_wconf 83' lang='lat' dir='ltr'><strong>edidit;</strong></span> <span class='ocrx_word' id='word_1_206' title='bbox 1199 2662 1388 2716; x_wconf 85' lang='lat' dir='ltr'><strong>eodem</strong></span> <span class='ocrx_word' id='word_1_207' title='bbox 1437 2660 1595 2715; x_wconf 89' lang='lat' dir='ltr'><strong>modo</strong></span> <span class='ocrx_word' id='word_1_208' title='bbox 1643 2658 1839 2713; x_wconf 87' lang='lat' dir='ltr'><strong>iterum</strong></span> <span class='ocrx_word' id='word_1_209' title='bbox 1883 2655 2103 2727; x_wconf 75' lang='lat' dir='ltr'><strong>adjiciet</strong></span> <span class='ocrx_word' id='word_1_210' title='bbox 2150 2670 2259 2710; x_wconf 83' lang='lat' dir='ltr'><strong>ma-</strong></span> 
     </span>
    </p>
   </div>
   <div class='ocr_carea' id='block_1_30' title="bbox 688 2747 2256 2827">
    <p class='ocr_par' dir='ltr' id='par_1_30' title="bbox 688 2747 2256 2827">
     <span class='ocr_line' id='line_1_30' title="bbox 688 2747 2256 2827; baseline -0.008 -12"><span class='ocrx_word' id='word_1_211' title='bbox 688 2772 818 2815; x_wconf 88' lang='lat' dir='ltr'><strong>num</strong></span> <span class='ocrx_word' id='word_1_212' title='bbox 849 2771 1025 2820; x_wconf 83' lang='lat' dir='ltr'><strong>suam,</strong></span> <span class='ocrx_word' id='word_1_213' title='bbox 1065 2755 1218 2827; x_wconf 87' lang='lat' dir='ltr'><strong>quasi</strong></span> <span class='ocrx_word' id='word_1_214' title='bbox 1252 2754 1488 2810; x_wconf 87' lang='lat' dir='ltr'><strong>secunda</strong></span> <span class='ocrx_word' id='word_1_215' title='bbox 1522 2766 1640 2806; x_wconf 78' lang='lat' dir='ltr'><strong>vice</strong></span> <span class='ocrx_word' id='word_1_216' title='bbox 1673 2749 2008 2806; x_wconf 83' lang='lat' dir='ltr'><strong>mirabilibus</strong></span> <span class='ocrx_word' id='word_1_217' title='bbox 2035 2747 2256 2805; x_wconf 90' lang='lat' dir='ltr'><strong>edendis</strong></span> 
     </span>
    </p>
   </div>
   <div class='ocr_carea' id='block_1_31' title="bbox 685 2839 2256 2921">
    <p class='ocr_par' dir='ltr' id='par_1_31' title="bbox 685 2839 2256 2921">
     <span class='ocr_line' id='line_1_31' title="bbox 685 2839 2256 2921; baseline -0.007 -15"><span class='ocrx_word' id='word_1_218' title='bbox 685 2848 939 2921; x_wconf 88' lang='lat' dir='ltr'><strong>operibus</strong></span> <span class='ocrx_word' id='word_1_219' title='bbox 967 2847 1112 2905; x_wconf 86' lang='lat' dir='ltr'><strong>illam</strong></span> <span class='ocrx_word' id='word_1_220' title='bbox 1157 2859 1419 2912; x_wconf 86' lang='lat' dir='ltr'><strong>movens;</strong></span> <span class='ocrx_word' id='word_1_221' title='bbox 1452 2853 1510 2900; x_wconf 93' lang='lat' dir='ltr'><strong>ut</strong></span> <span class='ocrx_word' id='word_1_222' title='bbox 1549 2845 1822 2899; x_wconf 86' lang='lat' dir='ltr'><strong>residuum</strong></span> <span class='ocrx_word' id='word_1_223' title='bbox 1861 2841 2040 2915; x_wconf 90' lang='lat' dir='ltr'><strong>populi</strong></span> <span class='ocrx_word' id='word_1_224' title='bbox 2078 2839 2256 2912; x_wconf 83' lang='lat' dir='ltr'><strong>possi-</strong></span> 
     </span>
    </p>
   </div>
   <div class='ocr_carea' id='block_1_32' title="bbox 687 2933 2259 3006">
    <p class='ocr_par' dir='ltr' id='par_1_32' title="bbox 687 2933 2259 3006">
     <span class='ocr_line' id='line_1_32' title="bbox 687 2933 2259 3006; baseline -0.004 -9"><span class='ocrx_word' id='word_1_225' title='bbox 687 2942 829 3005; x_wconf 88' lang='lat' dir='ltr'><strong>deat,</strong></span> <span class='ocrx_word' id='word_1_226' title='bbox 856 2955 921 2997; x_wconf 90' lang='lat' dir='ltr'><strong>ac</strong></span> <span class='ocrx_word' id='word_1_227' title='bbox 953 2939 1190 2996; x_wconf 76' lang='lat' dir='ltr'><strong>studiose</strong></span> <span class='ocrx_word' id='word_1_228' title='bbox 1230 2947 1534 2996; x_wconf 88' lang='lat' dir='ltr'><strong>conservet.</strong></span> <span class='ocrx_word' id='word_1_229' title='bbox 1585 2935 1719 2991; x_wconf 76' lang='lat' dir='ltr'><strong>Nam</strong></span> <span class='ocrx_word' id='word_1_230' title='bbox 1755 2937 1868 2990; x_wconf 84' lang='lat' dir='ltr'><strong>sive</strong></span> <span class='ocrx_word' id='word_1_231' title='bbox 1913 2935 1967 2989; x_wconf 90' lang='lat' dir='ltr'><strong>in</strong></span> <span class='ocrx_word' id='word_1_232' title='bbox 2009 2933 2259 3006; x_wconf 79' lang='lat' dir='ltr'><strong>Assyrio-</strong></span> 
     </span>
    </p>
   </div>
   <div class='ocr_carea' id='block_1_33' title="bbox 692 3027 2255 3106">
    <p class='ocr_par' dir='ltr' id='par_1_33' title="bbox 692 3027 2255 3106">
     <span class='ocr_line' id='line_1_33' title="bbox 692 3027 2255 3106; baseline -0.006 -15"><span class='ocrx_word' id='word_1_233' title='bbox 692 3051 807 3091; x_wconf 90' lang='lat' dir='ltr'><strong>rum</strong></span> <span class='ocrx_word' id='word_1_234' title='bbox 856 3033 1118 3106; x_wconf 88' lang='lat' dir='ltr'><strong>regione,</strong></span> <span class='ocrx_word' id='word_1_235' title='bbox 1160 3033 1277 3089; x_wconf 89' lang='lat' dir='ltr'><strong>sive</strong></span> <span class='ocrx_word' id='word_1_236' title='bbox 1323 3031 1379 3086; x_wconf 88' lang='lat' dir='ltr'><strong>in</strong></span> <span class='ocrx_word' id='word_1_237' title='bbox 1426 3029 1689 3103; x_wconf 65' lang='lat' dir='ltr'><strong>Egypto,</strong></span> <span class='ocrx_word' id='word_1_238' title='bbox 1747 3029 1798 3083; x_wconf 91' lang='lat' dir='ltr'><strong>in</strong></span> <span class='ocrx_word' id='word_1_239' title='bbox 1851 3027 2152 3100; x_wconf 77' lang='lat' dir='ltr'><strong>Babylone,</strong></span> <span class='ocrx_word' id='word_1_240' title='bbox 2202 3027 2255 3081; x_wconf 93' lang='lat' dir='ltr'><strong>in</strong></span> 
     </span>
    </p>
   </div>
   <div class='ocr_carea' id='block_1_34' title="bbox 687 3118 2326 3215">
    <p class='ocr_par' dir='ltr' id='par_1_34' title="bbox 687 3118 2326 3215">
     <span class='ocr_line' id='line_1_34' title="bbox 687 3118 2326 3215; baseline -0.007 -30"><span class='ocrx_word' id='word_1_241' title='bbox 687 3127 988 3197; x_wconf 64' lang='lat' dir='ltr'><strong>Ethiopia,</strong></span> <span class='ocrx_word' id='word_1_242' title='bbox 1017 3127 1070 3181; x_wconf 91' lang='lat' dir='ltr'><strong>in</strong></span> <span class='ocrx_word' id='word_1_243' title='bbox 1109 3124 1458 3181; x_wconf 83' lang='lat' dir='ltr'><strong>Elamitarum</strong></span> <span class='ocrx_word' id='word_1_244' title='bbox 1492 3131 1656 3187; x_wconf 79' lang='lat' dir='ltr'><strong>terra,</strong></span> <span class='ocrx_word' id='word_1_245' title='bbox 1681 3138 1746 3177; x_wconf 90' lang='lat' dir='ltr'><strong>ac</strong></span> <span class='ocrx_word' id='word_1_246' title='bbox 1777 3121 1832 3177; x_wconf 89' lang='lat' dir='ltr'><strong>in</strong></span> <span class='ocrx_word' id='word_1_247' title='bbox 1861 3120 2083 3192; x_wconf 86' lang='lat' dir='ltr'><strong>reliquis</strong></span> <span class='ocrx_word' id='word_1_248' title='bbox 2106 3118 2256 3175; x_wconf 86' lang='lat' dir='ltr'><strong>orbis</strong></span> <span class='ocrx_word' id='word_1_249' title='bbox 2282 3155 2326 3215; x_wconf 66' lang='grc' dir='ltr'>ο</span> 
     </span>
    </p>
   </div>
   <div class='ocr_carea' id='block_1_35' title="bbox 687 3215 2250 3294">
    <p class='ocr_par' dir='ltr' id='par_1_35' title="bbox 687 3215 2250 3294">
     <span class='ocr_line' id='line_1_35' title="bbox 687 3215 2250 3294; baseline -0.004 -19"><span class='ocrx_word' id='word_1_250' title='bbox 687 3221 934 3294; x_wconf 80' lang='lat' dir='ltr'><strong>partibus</strong></span> <span class='ocrx_word' id='word_1_251' title='bbox 958 3234 1027 3278; x_wconf 83' lang='lat' dir='ltr'><strong>es</strong></span> <span class='ocrx_word' id='word_1_252' title='bbox 1068 3219 1288 3275; x_wconf 88' lang='lat' dir='ltr'><strong>ludaica</strong></span> <span class='ocrx_word' id='word_1_253' title='bbox 1318 3227 1478 3290; x_wconf 82' lang='lat' dir='ltr'><strong>gente</strong></span> <span class='ocrx_word' id='word_1_254' title='bbox 1519 3217 1741 3288; x_wconf 85' lang='lat' dir='ltr'><strong>quidam</strong></span> <span class='ocrx_word' id='word_1_255' title='bbox 1772 3215 2000 3286; x_wconf 89' lang='lat' dir='ltr'><strong>dispersi</strong></span> <span class='ocrx_word' id='word_1_256' title='bbox 2027 3223 2250 3270; x_wconf 87' lang='lat' dir='ltr'><strong>essent:</strong></span> 
     </span>
    </p>
   </div>
   <div class='ocr_carea' id='block_1_36' title="bbox 685 3306 2254 3381">
    <p class='ocr_par' dir='ltr' id='par_1_36' title="bbox 685 3306 2254 3381">
     <span class='ocr_line' id='line_1_36' title="bbox 685 3306 2254 3381; baseline -0.006 -12"><span class='ocrx_word' id='word_1_257' title='bbox 685 3330 754 3369; x_wconf 80' lang='lat' dir='ltr'><strong>ex</strong></span> <span class='ocrx_word' id='word_1_258' title='bbox 778 3328 965 3370; x_wconf 88' lang='lat' dir='ltr'><strong>eorum</strong></span> <span class='ocrx_word' id='word_1_259' title='bbox 996 3325 1220 3368; x_wconf 89' lang='lat' dir='ltr'><strong>numero</strong></span> <span class='ocrx_word' id='word_1_260' title='bbox 1243 3325 1338 3367; x_wconf 89' lang='lat' dir='ltr'><strong>eos</strong></span> <span class='ocrx_word' id='word_1_261' title='bbox 1375 3309 1466 3381; x_wconf 80' lang='lat' dir='ltr'><strong>qui</strong></span> <span class='ocrx_word' id='word_1_262' title='bbox 1499 3309 1553 3365; x_wconf 90' lang='lat' dir='ltr'><strong>in</strong></span> <span class='ocrx_word' id='word_1_263' title='bbox 1577 3307 1856 3365; x_wconf 79' lang='lat' dir='ltr'><strong>Christum</strong></span> <span class='ocrx_word' id='word_1_264' title='bbox 1882 3306 2254 3372; x_wconf 89' lang='lat' dir='ltr'><strong>crediderunt,</strong></span> 
     </span>
    </p>
   </div>
   <div class='ocr_carea' id='block_1_37' title="bbox 686 3395 2255 3470">
    <p class='ocr_par' dir='ltr' id='par_1_37' title="bbox 686 3395 2255 3470">
     <span class='ocr_line' id='line_1_37' title="bbox 686 3395 2255 3470; baseline -0.005 -9"><span class='ocrx_word' id='word_1_265' title='bbox 686 3420 752 3461; x_wconf 82' lang='lat' dir='ltr'><strong>ac</strong></span> <span class='ocrx_word' id='word_1_266' title='bbox 790 3404 1084 3461; x_wconf 85' lang='lat' dir='ltr'><strong>secundum</strong></span> <span class='ocrx_word' id='word_1_267' title='bbox 1135 3403 1457 3460; x_wconf 84' lang='lat' dir='ltr'><strong>electionem</strong></span> <span class='ocrx_word' id='word_1_268' title='bbox 1509 3400 1698 3470; x_wconf 65' lang='lat' dir='ltr'><strong>gratire</strong></span> <span class='ocrx_word' id='word_1_269' title='bbox 1746 3399 2023 3456; x_wconf 89' lang='lat' dir='ltr'><strong>residuum</strong></span> <span class='ocrx_word' id='word_1_270' title='bbox 2071 3395 2255 3456; x_wconf 80' lang='lat' dir='ltr'><strong>ell‘eeti</strong></span> 
     </span>
    </p>
   </div>
   <div class='ocr_carea' id='block_1_38' title="bbox 685 3489 2256 3566">
    <p class='ocr_par' dir='ltr' id='par_1_38' title="bbox 685 3489 2256 3566">
     <span class='ocr_line' id='line_1_38' title="bbox 685 3489 2256 3566; baseline -0.004 -13"><span class='ocrx_word' id='word_1_271' title='bbox 685 3506 833 3563; x_wconf 87' lang='lat' dir='ltr'><strong>sunt,</strong></span> <span class='ocrx_word' id='word_1_272' title='bbox 862 3495 1032 3566; x_wconf 83' lang='lat' dir='ltr'><strong>gloria</strong></span> <span class='ocrx_word' id='word_1_273' title='bbox 1078 3489 1389 3551; x_wconf 73' lang='lat' dir='ltr'><strong>alliciendos</strong></span> <span class='ocrx_word' id='word_1_274' title='bbox 1425 3503 1482 3550; x_wconf 90' lang='lat' dir='ltr'><strong>et</strong></span> <span class='ocrx_word' id='word_1_275' title='bbox 1507 3493 1751 3549; x_wconf 85' lang='lat' dir='ltr'><strong>studiose</strong></span> <span class='ocrx_word' id='word_1_276' title='bbox 1794 3498 2092 3548; x_wconf 83' lang='lat' dir='ltr'><strong>servandos</strong></span> <span class='ocrx_word' id='word_1_277' title='bbox 2132 3504 2256 3547; x_wconf 80' lang='lat' dir='ltr'><strong>esse</strong></span> 
     </span>
    </p>
   </div>
   <div class='ocr_carea' id='block_1_39' title="bbox 683 3583 2254 3655">
    <p class='ocr_par' dir='ltr' id='par_1_39' title="bbox 683 3583 2254 3655">
     <span class='ocr_line' id='line_1_39' title="bbox 683 3583 2254 3655; baseline -0.003 -12"><span class='ocrx_word' id='word_1_278' title='bbox 683 3589 889 3644; x_wconf 84' lang='lat' dir='ltr'><strong>dictum</strong></span> <span class='ocrx_word' id='word_1_279' title='bbox 931 3594 1036 3643; x_wconf 89' lang='lat' dir='ltr'><strong>est.</strong></span> <span class='ocrx_word' id='word_1_280' title='bbox 1081 3584 1234 3653; x_wconf 79' lang='lat' dir='ltr'><strong>Quod</strong></span> <span class='ocrx_word' id='word_1_281' title='bbox 1279 3598 1411 3641; x_wconf 88' lang='lat' dir='ltr'><strong>sane</strong></span> <span class='ocrx_word' id='word_1_282' title='bbox 1451 3583 1582 3655; x_wconf 70' lang='lat' dir='ltr'><strong>ipsis</strong></span> <span class='ocrx_word' id='word_1_283' title='bbox 1622 3584 1878 3653; x_wconf 80' lang='lat' dir='ltr'><strong>operibus</strong></span> <span class='ocrx_word' id='word_1_284' title='bbox 1921 3583 2254 3639; x_wconf 83' lang='lat' dir='ltr'><strong>declaratum</strong></span> 
     </span>
    </p>
   </div>
   <div class='ocr_carea' id='block_1_40' title="bbox 676 3675 2254 3749">
    <p class='ocr_par' dir='ltr' id='par_1_40' title="bbox 676 3675 2254 3749">
     <span class='ocr_line' id='line_1_40' title="bbox 676 3675 2254 3749; baseline -0.001 -15"><span class='ocrx_word' id='word_1_285' title='bbox 676 3687 808 3734; x_wconf 87' lang='lat' dir='ltr'><strong>est:</strong></span> <span class='ocrx_word' id='word_1_286' title='bbox 839 3693 966 3733; x_wconf 85' lang='lat' dir='ltr'><strong>nam</strong></span> <span class='ocrx_word' id='word_1_287' title='bbox 997 3691 1092 3749; x_wconf 88' lang='lat' dir='ltr'><strong>per</strong></span> <span class='ocrx_word' id='word_1_288' title='bbox 1117 3675 1412 3747; x_wconf 87' lang='lat' dir='ltr'><strong>discipulos</strong></span> <span class='ocrx_word' id='word_1_289' title='bbox 1448 3684 1503 3731; x_wconf 90' lang='lat' dir='ltr'><strong>et</strong></span> <span class='ocrx_word' id='word_1_290' title='bbox 1535 3676 1808 3745; x_wconf 84' lang='lat' dir='ltr'><strong>apostolos</strong></span> <span class='ocrx_word' id='word_1_291' title='bbox 1838 3675 2030 3746; x_wconf 76' lang='lat' dir='ltr'><strong>ipsius,</strong></span> <span class='ocrx_word' id='word_1_292' title='bbox 2064 3690 2129 3732; x_wconf 88' lang='lat' dir='ltr'><strong>ac</strong></span> <span class='ocrx_word' id='word_1_293' title='bbox 2157 3690 2254 3746; x_wconf 91' lang='lat' dir='ltr'><strong>per</strong></span> 
     </span>
    </p>
   </div>
   <div class='ocr_carea' id='block_1_41' title="bbox 685 3767 2256 3840">
    <p class='ocr_par' dir='ltr' id='par_1_41' title="bbox 685 3767 2256 3840">
     <span class='ocr_line' id='line_1_41' title="bbox 685 3767 2256 3840; baseline -0.004 -13"><span class='ocrx_word' id='word_1_294' title='bbox 685 3772 824 3828; x_wconf 85' lang='lat' dir='ltr'><strong>alios</strong></span> <span class='ocrx_word' id='word_1_295' title='bbox 854 3785 924 3828; x_wconf 84' lang='lat' dir='ltr'><strong>es</strong></span> <span class='ocrx_word' id='word_1_296' title='bbox 964 3769 1184 3833; x_wconf 72' lang='lat' dir='ltr'><strong>Judaeis,</strong></span> <span class='ocrx_word' id='word_1_297' title='bbox 1227 3769 1319 3840; x_wconf 89' lang='lat' dir='ltr'><strong>qui</strong></span> <span class='ocrx_word' id='word_1_298' title='bbox 1356 3767 1556 3824; x_wconf 89' lang='lat' dir='ltr'><strong>Christi</strong></span> <span class='ocrx_word' id='word_1_299' title='bbox 1603 3768 1822 3824; x_wconf 77' lang='lat' dir='ltr'><strong>verbum</strong></span> <span class='ocrx_word' id='word_1_300' title='bbox 1868 3778 2256 3836; x_wconf 87' lang='lat' dir='ltr'><strong>susceperunt,</strong></span> 
     </span>
    </p>
   </div>
   <div class='ocr_carea' id='block_1_42' title="bbox 687 3859 2256 3933">
    <p class='ocr_par' dir='ltr' id='par_1_42' title="bbox 687 3859 2256 3933">
     <span class='ocr_line' id='line_1_42' title="bbox 687 3859 2256 3933; baseline -0.003 -12"><span class='ocrx_word' id='word_1_301' title='bbox 687 3863 931 3922; x_wconf 80' lang='lat' dir='ltr'><strong>Ecclesia</strong></span> <span class='ocrx_word' id='word_1_302' title='bbox 967 3862 1061 3919; x_wconf 87' lang='lat' dir='ltr'><strong>Dei</strong></span> <span class='ocrx_word' id='word_1_303' title='bbox 1100 3861 1395 3920; x_wconf 83' lang='lat' dir='ltr'><strong>constituta</strong></span> <span class='ocrx_word' id='word_1_304' title='bbox 1433 3871 1556 3919; x_wconf 87' lang='lat' dir='ltr'><strong>est:</strong></span> <span class='ocrx_word' id='word_1_305' title='bbox 1587 3876 1687 3933; x_wconf 92' lang='lat' dir='ltr'><strong>per</strong></span> <span class='ocrx_word' id='word_1_306' title='bbox 1712 3876 1807 3918; x_wconf 87' lang='lat' dir='ltr'><strong>eos</strong></span> <span class='ocrx_word' id='word_1_307' title='bbox 1837 3860 1968 3917; x_wconf 88' lang='lat' dir='ltr'><strong>item</strong></span> <span class='ocrx_word' id='word_1_308' title='bbox 2015 3859 2256 3918; x_wconf 86' lang='lat' dir='ltr'><strong>Ecclesia</strong></span> 
     </span>
    </p>
   </div>
   <div class='ocr_carea' id='block_1_43' title="bbox 687 3953 2259 4030">
    <p class='ocr_par' dir='ltr' id='par_1_43' title="bbox 687 3953 2259 4030">
     <span class='ocr_line' id='line_1_43' title="bbox 687 3953 2259 4030; baseline -0.003 -15"><span class='ocrx_word' id='word_1_309' title='bbox 687 3960 927 4030; x_wconf 76' lang='lat' dir='ltr'><strong>gentium</strong></span> <span class='ocrx_word' id='word_1_310' title='bbox 955 3957 1198 4014; x_wconf 90' lang='lat' dir='ltr'><strong>omnium</strong></span> <span class='ocrx_word' id='word_1_311' title='bbox 1245 3955 1480 4021; x_wconf 88' lang='lat' dir='ltr'><strong>coaluit,</strong></span> <span class='ocrx_word' id='word_1_312' title='bbox 1524 3969 1590 4011; x_wconf 89' lang='lat' dir='ltr'><strong>ac</strong></span> <span class='ocrx_word' id='word_1_313' title='bbox 1630 3954 1897 4011; x_wconf 73' lang='lat' dir='ltr'><strong>universis</strong></span> <span class='ocrx_word' id='word_1_314' title='bbox 1945 3953 2259 4011; x_wconf 87' lang='lat' dir='ltr'><strong>nationibus</strong></span> 
     </span>
    </p>
   </div>
   <div class='ocr_carea' id='block_1_44' title="bbox 689 4046 2256 4121">
    <p class='ocr_par' dir='ltr' id='par_1_44' title="bbox 689 4046 2256 4121">
     <span class='ocr_line' id='line_1_44' title="bbox 689 4046 2256 4121; baseline -0.001 -17"><span class='ocrx_word' id='word_1_315' title='bbox 689 4049 1041 4121; x_wconf 76' lang='lat' dir='ltr'><strong>Evangelium</strong></span> <span class='ocrx_word' id='word_1_316' title='bbox 1084 4049 1346 4111; x_wconf 83' lang='lat' dir='ltr'><strong>traditum</strong></span> <span class='ocrx_word' id='word_1_317' title='bbox 1392 4056 1527 4103; x_wconf 83' lang='lat' dir='ltr'><strong>est:</strong></span> <span class='ocrx_word' id='word_1_318' title='bbox 1576 4048 1686 4105; x_wconf 88' lang='lat' dir='ltr'><strong>Deo</strong></span> <span class='ocrx_word' id='word_1_319' title='bbox 1729 4046 1921 4118; x_wconf 87' lang='lat' dir='ltr'><strong>signis,</strong></span> <span class='ocrx_word' id='word_1_320' title='bbox 1971 4047 2256 4118; x_wconf 85' lang='lat' dir='ltr'><strong>prodigiis,</strong></span> 
     </span>
    </p>
   </div>
   <div class='ocr_carea' id='block_1_45' title="bbox 689 4138 2258 4211">
    <p class='ocr_par' dir='ltr' id='par_1_45' title="bbox 689 4138 2258 4211">
     <span class='ocr_line' id='line_1_45' title="bbox 689 4138 2258 4211; baseline -0.001 -15"><span class='ocrx_word' id='word_1_321' title='bbox 689 4142 963 4211; x_wconf 85' lang='lat' dir='ltr'><strong>variisque</strong></span> <span class='ocrx_word' id='word_1_322' title='bbox 1005 4140 1294 4196; x_wconf 80' lang='lat' dir='ltr'><strong>virtutibus</strong></span> <span class='ocrx_word' id='word_1_323' title='bbox 1320 4153 1386 4194; x_wconf 92' lang='lat' dir='ltr'><strong>ac</strong></span> <span class='ocrx_word' id='word_1_324' title='bbox 1431 4138 1634 4210; x_wconf 81' lang='lat' dir='ltr'><strong>Spiritu</strong></span> <span class='ocrx_word' id='word_1_325' title='bbox 1675 4147 1864 4195; x_wconf 89' lang='lat' dir='ltr'><strong>sancto</strong></span> <span class='ocrx_word' id='word_1_326' title='bbox 1907 4152 2009 4209; x_wconf 90' lang='lat' dir='ltr'><strong>per</strong></span> <span class='ocrx_word' id='word_1_327' title='bbox 2049 4138 2258 4210; x_wconf 85' lang='lat' dir='ltr'><strong>gratia-</strong></span> 
     </span>
    </p>
   </div>
   <div class='ocr_carea' id='block_1_46' title="bbox 685 4230 2260 4300">
    <p class='ocr_par' dir='ltr' id='par_1_46' title="bbox 685 4230 2260 4300">
     <span class='ocr_line' id='line_1_46' title="bbox 685 4230 2260 4300; baseline -0.001 -10"><span class='ocrx_word' id='word_1_328' title='bbox 685 4248 808 4290; x_wconf 87' lang='lat' dir='ltr'><strong>rum</strong></span> <span class='ocrx_word' id='word_1_329' title='bbox 858 4232 1150 4300; x_wconf 69' lang='lat' dir='ltr'><strong>divisiones</strong></span> <span class='ocrx_word' id='word_1_330' title='bbox 1199 4230 1567 4288; x_wconf 86' lang='lat' dir='ltr'><strong>testimonium</strong></span> <span class='ocrx_word' id='word_1_331' title='bbox 1623 4247 1780 4287; x_wconf 87' lang='lat' dir='ltr'><strong>suum</strong></span> <span class='ocrx_word' id='word_1_332' title='bbox 1851 4231 2104 4289; x_wconf 87' lang='lat' dir='ltr'><strong>addente.</strong></span> <span class='ocrx_word' id='word_1_333' title='bbox 2150 4230 2260 4288; x_wconf 83' lang='lat' dir='ltr'><strong>Eos</strong></span> 
     </span>
    </p>
   </div>
   <div class='ocr_carea' id='block_1_47' title="bbox 687 4323 2254 4394">
    <p class='ocr_par' dir='ltr' id='par_1_47' title="bbox 687 4323 2254 4394">
     <span class='ocr_line' id='line_1_47' title="bbox 687 4323 2254 4394; baseline -0.003 -14"><span class='ocrx_word' id='word_1_334' title='bbox 687 4334 869 4381; x_wconf 87' lang='lat' dir='ltr'><strong>autem</strong></span> <span class='ocrx_word' id='word_1_335' title='bbox 902 4325 995 4394; x_wconf 86' lang='lat' dir='ltr'><strong>qui</strong></span> <span class='ocrx_word' id='word_1_336' title='bbox 1047 4324 1270 4380; x_wconf 86' lang='lat' dir='ltr'><strong>verbum</strong></span> <span class='ocrx_word' id='word_1_337' title='bbox 1317 4323 1525 4379; x_wconf 87' lang='lat' dir='ltr'><strong>abillis</strong></span> <span class='ocrx_word' id='word_1_338' title='bbox 1576 4324 1922 4393; x_wconf 66' lang='lat' dir='ltr'><strong>pradicatum</strong></span> <span class='ocrx_word' id='word_1_339' title='bbox 1972 4337 2254 4391; x_wconf 88' lang='lat' dir='ltr'><strong>accepere,</strong></span> 
     </span>
    </p>
   </div>
   <div class='ocr_carea' id='block_1_48' title="bbox 690 4409 2258 4487">
    <p class='ocr_par' dir='ltr' id='par_1_48' title="bbox 690 4409 2258 4487">
     <span class='ocr_line' id='line_1_48' title="bbox 690 4409 2258 4487; baseline -0.001 -13"><span class='ocrx_word' id='word_1_340' title='bbox 690 4418 793 4474; x_wconf 83' lang='lat' dir='ltr'><strong>sub</strong></span> <span class='ocrx_word' id='word_1_341' title='bbox 833 4416 999 4473; x_wconf 85' lang='lat' dir='ltr'><strong>tutela</strong></span> <span class='ocrx_word' id='word_1_342' title='bbox 1046 4432 1144 4473; x_wconf 90' lang='lat' dir='ltr'><strong>sua</strong></span> <span class='ocrx_word' id='word_1_343' title='bbox 1199 4415 1341 4472; x_wconf 91' lang='lat' dir='ltr'><strong>Deus</strong></span> <span class='ocrx_word' id='word_1_344' title='bbox 1385 4409 1626 4472; x_wconf 86' lang='lat' dir='ltr'><strong>studiose</strong></span> <span class='ocrx_word' id='word_1_345' title='bbox 1669 4414 1847 4483; x_wconf 78' lang='lat' dir='ltr'><strong>fovet,</strong></span> <span class='ocrx_word' id='word_1_346' title='bbox 1887 4425 1943 4473; x_wconf 91' lang='lat' dir='ltr'><strong>et</strong></span> <span class='ocrx_word' id='word_1_347' title='bbox 1991 4415 2258 4487; x_wconf 86' lang='lat' dir='ltr'><strong>gloriosos</strong></span> 
     </span>
    </p>
   </div>
   <div class='ocr_carea' id='block_1_49' title="bbox 688 4509 1263 4582">
    <p class='ocr_par' dir='ltr' id='par_1_49' title="bbox 688 4509 1263 4582">
     <span class='ocr_line' id='line_1_49' title="bbox 688 4509 1263 4582; baseline -0.002 -16"><span class='ocrx_word' id='word_1_348' title='bbox 688 4510 832 4582; x_wconf 91' lang='lat' dir='ltr'><strong>apud</strong></span> <span class='ocrx_word' id='word_1_349' title='bbox 864 4525 1053 4568; x_wconf 84' lang='lat' dir='ltr'><strong>omnes</strong></span> <span class='ocrx_word' id='word_1_350' title='bbox 1082 4509 1263 4567; x_wconf 80' lang='lat' dir='ltr'><strong>eﬂicit.</strong></span> 
     </span>
    </p>
   </div>
   <div class='ocr_carea' id='block_1_50' title="bbox 763 4691 2258 4763">
    <p class='ocr_par' dir='ltr' id='par_1_50' title="bbox 763 4691 2258 4763">
     <span class='ocr_line' id='line_1_50' title="bbox 763 4691 2258 4763; baseline -0.001 -15"><span class='ocrx_word' id='word_1_351' title='bbox 763 4693 926 4751; x_wconf 72' lang='lat' dir='ltr'><strong>Vsus.</strong></span> <span class='ocrx_word' id='word_1_352' title='bbox 951 4693 1038 4751; x_wconf 74' lang='grc'><strong>12.</strong></span> <span class='ocrx_word' id='word_1_353' title='bbox 1084 4711 1104 4745; x_wconf 78' lang='grc' dir='ltr'>σ</span> <span class='ocrx_word' id='word_1_354' title='bbox 1132 4693 1200 4748; x_wconf 84' lang='lat' dir='ltr'><strong>Et</strong></span> <span class='ocrx_word' id='word_1_355' title='bbox 1229 4692 1426 4748; x_wconf 88' lang='lat' dir='ltr'><strong>levabit</strong></span> <span class='ocrx_word' id='word_1_356' title='bbox 1466 4692 1680 4763; x_wconf 79' lang='lat' dir='ltr'><strong>signum</strong></span> <span class='ocrx_word' id='word_1_357' title='bbox 1711 4691 1765 4748; x_wconf 89' lang='lat' dir='ltr'><strong>in</strong></span> <span class='ocrx_word' id='word_1_358' title='bbox 1804 4701 2012 4762; x_wconf 89' lang='lat' dir='ltr'><strong>gentes,</strong></span> <span class='ocrx_word' id='word_1_359' title='bbox 2042 4701 2100 4748; x_wconf 90' lang='lat' dir='ltr'><strong>et</strong></span> <span class='ocrx_word' id='word_1_360' title='bbox 2126 4707 2258 4748; x_wconf 90' lang='lat' dir='ltr'><strong>con-</strong></span> 
     </span>
    </p>
   </div>
   <div class='ocr_carea' id='block_1_51' title="bbox 687 4783 2256 4859">
    <p class='ocr_par' dir='ltr' id='par_1_51' title="bbox 687 4783 2256 4859">
     <span class='ocr_line' id='line_1_51' title="bbox 687 4783 2256 4859; baseline -0.003 -17"><span class='ocrx_word' id='word_1_361' title='bbox 687 4788 934 4859; x_wconf 81' lang='lat' dir='ltr'><strong>gregahit</strong></span> <span class='ocrx_word' id='word_1_362' title='bbox 974 4783 1211 4858; x_wconf 87' lang='lat' dir='ltr'><strong>perditos</strong></span> <span class='ocrx_word' id='word_1_363' title='bbox 1240 4783 1423 4852; x_wconf 88' lang='lat' dir='ltr'><strong>Israel,</strong></span> <span class='ocrx_word' id='word_1_364' title='bbox 1455 4795 1510 4840; x_wconf 85' lang='lat' dir='ltr'><strong>et</strong></span> <span class='ocrx_word' id='word_1_365' title='bbox 1540 4784 1815 4856; x_wconf 86' lang='lat' dir='ltr'><strong>dispersos</strong></span> <span class='ocrx_word' id='word_1_366' title='bbox 1858 4784 1994 4841; x_wconf 78' lang='lat' dir='ltr'><strong>luda</strong></span> <span class='ocrx_word' id='word_1_367' title='bbox 2029 4798 2256 4853; x_wconf 78' lang='lat' dir='ltr'><strong>congre-</strong></span> 
     </span>
    </p>
   </div>
   <div class='ocr_carea' id='block_1_52' title="bbox 686 4876 2257 4952">
    <p class='ocr_par' dir='ltr' id='par_1_52' title="bbox 686 4876 2257 4952">
     <span class='ocr_line' id='line_1_52' title="bbox 686 4876 2257 4952; baseline -0.001 -18"><span class='ocrx_word' id='word_1_368' title='bbox 686 4880 835 4952; x_wconf 83' lang='lat' dir='ltr'><strong>gahit</strong></span> <span class='ocrx_word' id='word_1_369' title='bbox 874 4892 944 4936; x_wconf 80' lang='lat' dir='ltr'><strong>ex</strong></span> <span class='ocrx_word' id='word_1_370' title='bbox 987 4886 1219 4949; x_wconf 87' lang='lat' dir='ltr'><strong>quatuor</strong></span> <span class='ocrx_word' id='word_1_371' title='bbox 1263 4877 1364 4934; x_wconf 86' lang='lat' dir='ltr'><strong>alis</strong></span> <span class='ocrx_word' id='word_1_372' title='bbox 1415 4886 1595 4934; x_wconf 63' lang='lat' dir='ltr'><strong>terra.</strong></span> <span class='ocrx_word' id='word_1_373' title='bbox 1638 4877 1706 4933; x_wconf 87' lang='lat' dir='ltr'><strong>Et</strong></span> <span class='ocrx_word' id='word_1_374' title='bbox 1768 4876 2040 4934; x_wconf 73' lang='lat' dir='ltr'><strong>auferetur</strong></span> <span class='ocrx_word' id='word_1_375' title='bbox 2103 4877 2257 4932; x_wconf 81' lang='lat' dir='ltr'><strong>zelus</strong></span> 
     </span>
    </p>
   </div>
   <div class='ocr_carea' id='block_1_53' title="bbox 685 4969 2253 5046">
    <p class='ocr_par' dir='ltr' id='par_1_53' title="bbox 685 4969 2253 5046">
     <span class='ocr_line' id='line_1_53' title="bbox 685 4969 2253 5046; baseline -0.003 -17"><span class='ocrx_word' id='word_1_376' title='bbox 685 4972 983 5046; x_wconf 84' lang='lat' dir='ltr'><strong>Ephraim,</strong></span> <span class='ocrx_word' id='word_1_377' title='bbox 1046 4980 1103 5028; x_wconf 92' lang='lat' dir='ltr'><strong>et</strong></span> <span class='ocrx_word' id='word_1_378' title='bbox 1168 4970 1370 5027; x_wconf 91' lang='lat' dir='ltr'><strong>inimici</strong></span> <span class='ocrx_word' id='word_1_379' title='bbox 1445 4969 1584 5026; x_wconf 79' lang='lat' dir='ltr'><strong>Juda</strong></span> <span class='ocrx_word' id='word_1_380' title='bbox 1661 4969 1932 5040; x_wconf 89' lang='lat' dir='ltr'><strong>peribunt.</strong></span> <span class='ocrx_word' id='word_1_381' title='bbox 1995 4969 2253 5040; x_wconf 88' lang='lat' dir='ltr'><strong>Ephraim</strong></span> 
     </span>
    </p>
   </div>
   <div class='ocr_carea' id='block_1_54' title="bbox 685 5061 2258 5129">
    <p class='ocr_par' dir='ltr' id='par_1_54' title="bbox 685 5061 2258 5129">
     <span class='ocr_line' id='line_1_54' title="bbox 685 5061 2258 5129; baseline -0.003 -7"><span class='ocrx_word' id='word_1_382' title='bbox 685 5082 792 5122; x_wconf 88' lang='lat' dir='ltr'><strong>non</strong></span> <span class='ocrx_word' id='word_1_383' title='bbox 837 5065 1172 5122; x_wconf 64' lang='lat' dir='ltr'><strong>amulabitur</strong></span> <span class='ocrx_word' id='word_1_384' title='bbox 1214 5061 1442 5129; x_wconf 76' lang='lat' dir='ltr'><strong>ludam,</strong></span> <span class='ocrx_word' id='word_1_385' title='bbox 1489 5073 1545 5120; x_wconf 92' lang='lat' dir='ltr'><strong>et</strong></span> <span class='ocrx_word' id='word_1_386' title='bbox 1593 5061 1763 5118; x_wconf 84' lang='lat' dir='ltr'><strong>.ludas</strong></span> <span class='ocrx_word' id='word_1_387' title='bbox 1815 5077 1923 5118; x_wconf 91' lang='lat' dir='ltr'><strong>non</strong></span> <span class='ocrx_word' id='word_1_388' title='bbox 1971 5062 2258 5118; x_wconf 90' lang='lat' dir='ltr'><strong>tribulabit</strong></span> 
     </span>
    </p>
   </div>
   <div class='ocr_carea' id='block_1_55' title="bbox 685 5153 2253 5230">
    <p class='ocr_par' dir='ltr' id='par_1_55' title="bbox 685 5153 2253 5230">
     <span class='ocr_line' id='line_1_55' title="bbox 685 5153 2253 5230; baseline -0.004 -16"><span class='ocrx_word' id='word_1_389' title='bbox 685 5157 1005 5230; x_wconf 63' lang='lat' dir='ltr'><strong>Ephreim.»</strong></span> <span class='ocrx_word' id='word_1_390' title='bbox 1047 5156 1184 5212; x_wconf 85' lang='lat' dir='ltr'><strong>Nam</strong></span> <span class='ocrx_word' id='word_1_391' title='bbox 1231 5155 1430 5212; x_wconf 87' lang='lat' dir='ltr'><strong>Christi</strong></span> <span class='ocrx_word' id='word_1_392' title='bbox 1483 5154 1732 5226; x_wconf 88' lang='lat' dir='ltr'><strong>discipuli</strong></span> <span class='ocrx_word' id='word_1_393' title='bbox 1784 5154 1850 5211; x_wconf 88' lang='lat' dir='ltr'><strong>iis</strong></span> <span class='ocrx_word' id='word_1_394' title='bbox 1884 5155 1976 5224; x_wconf 90' lang='lat' dir='ltr'><strong>qui</strong></span> <span class='ocrx_word' id='word_1_395' title='bbox 2023 5169 2090 5210; x_wconf 80' lang='lat' dir='ltr'><strong>ex</strong></span> <span class='ocrx_word' id='word_1_396' title='bbox 2140 5153 2253 5209; x_wconf 88' lang='lat' dir='ltr'><strong>cir-</strong></span> 
     </span>
    </p>
   </div>
   <div class='ocr_carea' id='block_1_56' title="bbox 683 5246 2252 5320">
    <p class='ocr_par' dir='ltr' id='par_1_56' title="bbox 683 5246 2252 5320">
     <span class='ocr_line' id='line_1_56' title="bbox 683 5246 2252 5320; baseline -0.003 -14"><span class='ocrx_word' id='word_1_397' title='bbox 683 5250 1016 5306; x_wconf 88' lang='lat' dir='ltr'><strong>cumcisione</strong></span> <span class='ocrx_word' id='word_1_398' title='bbox 1054 5255 1232 5314; x_wconf 88' lang='lat' dir='ltr'><strong>erant,</strong></span> <span class='ocrx_word' id='word_1_399' title='bbox 1261 5248 1434 5320; x_wconf 84' lang='lat' dir='ltr'><strong>primo</strong></span> <span class='ocrx_word' id='word_1_400' title='bbox 1465 5246 1841 5318; x_wconf 58' lang='lat' dir='ltr'><strong>pradicantes,</strong></span> <span class='ocrx_word' id='word_1_401' title='bbox 1871 5262 1937 5302; x_wconf 80' lang='lat' dir='ltr'><strong>ex</strong></span> <span class='ocrx_word' id='word_1_402' title='bbox 1973 5247 2107 5318; x_wconf 86' lang='lat' dir='ltr'><strong>ipsis</strong></span> <span class='ocrx_word' id='word_1_403' title='bbox 2138 5261 2252 5312; x_wconf 86' lang='lat' dir='ltr'><strong>eos,</strong></span> 
     </span>
    </p>
   </div>
   <div class='ocr_carea' id='block_1_57' title="bbox 683 5337 2250 5413">
    <p class='ocr_par' dir='ltr' id='par_1_57' title="bbox 683 5337 2250 5413">
     <span class='ocr_line' id='line_1_57' title="bbox 683 5337 2250 5413; baseline -0.002 -15"><span class='ocrx_word' id='word_1_404' title='bbox 683 5343 776 5413; x_wconf 89' lang='lat' dir='ltr'><strong>qui</strong></span> <span class='ocrx_word' id='word_1_405' title='bbox 810 5341 1178 5408; x_wconf 87' lang='lat' dir='ltr'><strong>crediderunt,</strong></span> <span class='ocrx_word' id='word_1_406' title='bbox 1211 5348 1608 5411; x_wconf 83' lang='lat' dir='ltr'><strong>congregarunt</strong></span> <span class='ocrx_word' id='word_1_407' title='bbox 1635 5338 1690 5394; x_wconf 91' lang='lat' dir='ltr'><strong>in</strong></span> <span class='ocrx_word' id='word_1_408' title='bbox 1723 5337 1962 5394; x_wconf 84' lang='lat' dir='ltr'><strong>Ecclesia</strong></span> <span class='ocrx_word' id='word_1_409' title='bbox 1999 5338 2201 5395; x_wconf 89' lang='lat' dir='ltr'><strong>Christi</strong></span> <span class='ocrx_word' id='word_1_410' title='bbox 2234 5357 2250 5395; x_wconf 84' lang='lat'><strong>:</strong></span> 
     </span>
    </p>
   </div>
   <div class='ocr_carea' id='block_1_58' title="bbox 684 5429 2256 5504">
    <p class='ocr_par' dir='ltr' id='par_1_58' title="bbox 684 5429 2256 5504">
     <span class='ocr_line' id='line_1_58' title="bbox 684 5429 2256 5504; baseline -0.001 -17"><span class='ocrx_word' id='word_1_411' title='bbox 684 5433 777 5504; x_wconf 82' lang='lat' dir='ltr'><strong>qui</strong></span> <span class='ocrx_word' id='word_1_412' title='bbox 823 5437 957 5489; x_wconf 83' lang='lat' dir='ltr'><strong>sane</strong></span> <span class='ocrx_word' id='word_1_413' title='bbox 986 5431 1114 5489; x_wconf 91' lang='lat' dir='ltr'><strong>olim</strong></span> <span class='ocrx_word' id='word_1_414' title='bbox 1147 5433 1440 5503; x_wconf 86' lang='lat' dir='ltr'><strong>perierant,</strong></span> <span class='ocrx_word' id='word_1_415' title='bbox 1483 5437 1545 5486; x_wconf 92' lang='lat' dir='ltr'><strong>ut</strong></span> <span class='ocrx_word' id='word_1_416' title='bbox 1592 5429 1850 5485; x_wconf 88' lang='lat' dir='ltr'><strong>Servator</strong></span> <span class='ocrx_word' id='word_1_417' title='bbox 1882 5429 2123 5487; x_wconf 79' lang='lat' dir='ltr'><strong>dederat</strong></span> <span class='ocrx_word' id='word_1_418' title='bbox 2167 5429 2256 5485; x_wconf 87' lang='lat' dir='ltr'><strong>his</strong></span> 
     </span>
    </p>
   </div>
   <div class='ocr_carea' id='block_1_59' title="bbox 688 5509 2251 5595">
    <p class='ocr_par' dir='ltr' id='par_1_59' title="bbox 688 5509 2251 5595">
     <span class='ocr_line' id='line_1_59' title="bbox 688 5509 2251 5595; baseline -0.001 -19"><span class='ocrx_word' id='word_1_419' title='bbox 688 5525 885 5592; x_wconf 84' lang='lat' dir='ltr'><strong>verbis,</strong></span> <span class='ocrx_word' id='word_1_420' title='bbox 916 5544 936 5578; x_wconf 79' lang='grc' dir='ltr'><strong>ι</strong></span> <span class='ocrx_word' id='word_1_421' title='bbox 963 5524 1042 5583; x_wconf 91' lang='lat' dir='ltr'><strong>lte</strong></span> <span class='ocrx_word' id='word_1_422' title='bbox 1063 5526 1130 5582; x_wconf 86' lang='lat' dir='ltr'><strong>ad</strong></span> <span class='ocrx_word' id='word_1_423' title='bbox 1154 5539 1305 5590; x_wconf 85' lang='lat' dir='ltr'><strong>oves,</strong></span> <span class='ocrx_word' id='word_1_424' title='bbox 1332 5537 1452 5595; x_wconf 63' lang='lat' dir='ltr'><strong>quas</strong></span> <span class='ocrx_word' id='word_1_425' title='bbox 1471 5521 1746 5593; x_wconf 85' lang='lat' dir='ltr'><strong>perierunt</strong></span> <span class='ocrx_word' id='word_1_426' title='bbox 1766 5509 1956 5579; x_wconf 85' lang='lat' dir='ltr'><strong>domus</strong></span> <span class='ocrx_word' id='word_1_427' title='bbox 1972 5522 2215 5578; x_wconf 80' lang='lat' dir='ltr'><strong>Israel&quot;.</strong></span> <span class='ocrx_word' id='word_1_428' title='bbox 2231 5539 2251 5574; x_wconf 85' lang='lat' dir='ltr'><strong>s</strong></span> 
     </span>
    </p>
   </div>
   <div class='ocr_carea' id='block_1_60' title="bbox 686 5612 2256 5688">
    <p class='ocr_par' dir='ltr' id='par_1_60' title="bbox 686 5612 2256 5688">
     <span class='ocr_line' id='line_1_60' title="bbox 686 5612 2256 5688; baseline -0.002 -14"><span class='ocrx_word' id='word_1_429' title='bbox 686 5617 814 5674; x_wconf 61' lang='lat' dir='ltr'><strong>Haec</strong></span> <span class='ocrx_word' id='word_1_430' title='bbox 869 5631 1027 5688; x_wconf 87' lang='lat' dir='ltr'><strong>porro</strong></span> <span class='ocrx_word' id='word_1_431' title='bbox 1073 5617 1325 5675; x_wconf 78' lang='lat' dir='ltr'><strong>fecerunt</strong></span> <span class='ocrx_word' id='word_1_432' title='bbox 1376 5617 1432 5675; x_wconf 88' lang='lat' dir='ltr'><strong>in</strong></span> <span class='ocrx_word' id='word_1_433' title='bbox 1490 5624 1727 5688; x_wconf 86' lang='lat' dir='ltr'><strong>quatuor</strong></span> <span class='ocrx_word' id='word_1_434' title='bbox 1776 5612 1878 5673; x_wconf 88' lang='lat' dir='ltr'><strong>alis</strong></span> <span class='ocrx_word' id='word_1_435' title='bbox 1914 5614 2029 5672; x_wconf 85' lang='lat' dir='ltr'><strong>sive</strong></span> <span class='ocrx_word' id='word_1_436' title='bbox 2081 5612 2256 5687; x_wconf 83' lang='lat' dir='ltr'><strong>plagis</strong></span> 
     </span>
    </p>
   </div>
   <div class='ocr_carea' id='block_1_61' title="bbox 753 5796 1194 5866">
    <p class='ocr_par' dir='ltr' id='par_1_61' title="bbox 753 5796 1194 5866">
     <span class='ocr_line' id='line_1_61' title="bbox 753 5796 1194 5866; baseline -0.007 -12"><span class='ocrx_word' id='word_1_437' title='bbox 753 5798 802 5833; x_wconf 80' lang='grc'><strong>’⁸</strong></span> <span class='ocrx_word' id='word_1_438' title='bbox 839 5797 1038 5854; x_wconf 67' lang='lat' dir='ltr'><strong>Matth:</strong></span> <span class='ocrx_word' id='word_1_439' title='bbox 1056 5812 1115 5866; x_wconf 65' lang='grc' dir='ltr'><strong>κ,</strong></span> <span class='ocrx_word' id='word_1_440' title='bbox 1141 5796 1194 5852; x_wconf 69' lang='grc' dir='ltr'><strong>ὅ.</strong></span> 
     </span>
    </p>
   </div>
   <div class='ocr_carea' id='block_1_62' title="bbox 2358 540 2526 595">
    <p class='ocr_par' dir='ltr' id='par_1_62' title="bbox 2358 540 2526 595">
     <span class='ocr_line' id='line_1_62' title="bbox 2358 540 2526 595; baseline -0.018 1"><span class='ocrx_word' id='word_1_441' title='bbox 2358 540 2461 595; x_wconf 83' lang='grc' dir='ltr'><strong>σοί.</strong></span> <span class='ocrx_word' id='word_1_442' title='bbox 2506 559 2526 593; x_wconf 79' lang='lat' dir='ltr'><strong>s</strong></span> 
     </span>
    </p>
   </div>
   <div class='ocr_carea' id='block_1_63' title="bbox 2431 629 3951 710">
    <p class='ocr_par' dir='ltr' id='par_1_63' title="bbox 2431 629 3951 710">
     <span class='ocr_line' id='line_1_63' title="bbox 2431 629 3951 710; baseline 0.008 -28"><span class='ocrx_word' id='word_1_443' title='bbox 2431 650 2452 682; x_wconf 78' lang='grc' dir='ltr'><strong>ε</strong></span> <span class='ocrx_word' id='word_1_444' title='bbox 2483 631 2598 686; x_wconf 75' lang='grc' dir='ltr'><strong>Καὶ</strong></span> <span class='ocrx_word' id='word_1_445' title='bbox 2625 629 2778 688; x_wconf 65' lang='grc' dir='ltr'><strong>ἔσται</strong></span> <span class='ocrx_word' id='word_1_446' title='bbox 2804 633 2871 705; x_wconf 75' lang='grc' dir='ltr'><strong>τῇ</strong></span> <span class='ocrx_word' id='word_1_447' title='bbox 2901 629 3089 704; x_wconf 68' lang='grc' dir='ltr'><strong>ήμέρᾳ</strong></span> <span class='ocrx_word' id='word_1_448' title='bbox 3115 631 3324 706; x_wconf 70' lang='grc' dir='ltr'><strong>ἐκείνῃ.</strong></span> <span class='ocrx_word' id='word_1_449' title='bbox 3351 633 3652 707; x_wconf 74' lang='grc' dir='ltr'><strong>προσθήσει</strong></span> <span class='ocrx_word' id='word_1_450' title='bbox 3677 637 3708 691; x_wconf 88' lang='grc' dir='ltr'><strong>ό</strong></span> <span class='ocrx_word' id='word_1_451' title='bbox 3738 636 3951 710; x_wconf 74' lang='grc' dir='ltr'><strong>Κύριος</strong></span> 
     </span>
    </p>
   </div>
   <div class='ocr_carea' id='block_1_64' title="bbox 2356 721 3946 800">
    <p class='ocr_par' dir='ltr' id='par_1_64' title="bbox 2356 721 3946 800">
     <span class='ocr_line' id='line_1_64' title="bbox 2356 721 3946 800; baseline 0.005 -22"><span class='ocrx_word' id='word_1_452' title='bbox 2356 721 2452 779; x_wconf 87' lang='grc' dir='ltr'><strong>τοῦ</strong></span> <span class='ocrx_word' id='word_1_453' title='bbox 2482 722 2651 790; x_wconf 73' lang='grc' dir='ltr'><strong>δείξαι</strong></span> <span class='ocrx_word' id='word_1_454' title='bbox 2682 723 2782 796; x_wconf 81' lang='grc' dir='ltr'><strong>τὴν</strong></span> <span class='ocrx_word' id='word_1_455' title='bbox 2824 725 2982 796; x_wconf 77' lang='grc' dir='ltr'><strong>χεῖρα</strong></span> <span class='ocrx_word' id='word_1_456' title='bbox 3026 723 3216 789; x_wconf 82' lang='grc' dir='ltr'><strong>αὑτοῦ,</strong></span> <span class='ocrx_word' id='word_1_457' title='bbox 3268 724 3363 781; x_wconf 85' lang='grc' dir='ltr'><strong>τοῦ</strong></span> <span class='ocrx_word' id='word_1_458' title='bbox 3402 726 3642 800; x_wconf 80' lang='grc' dir='ltr'><strong>ζηλῶσαι</strong></span> <span class='ocrx_word' id='word_1_459' title='bbox 3667 728 3730 784; x_wconf 76' lang='grc' dir='ltr'><strong>τὺ</strong></span> <span class='ocrx_word' id='word_1_460' title='bbox 3767 746 3946 785; x_wconf 65' lang='grc' dir='ltr'><strong>κατα.</strong></span> 
     </span>
    </p>
   </div>
   <div class='ocr_carea' id='block_1_65' title="bbox 2355 815 3949 895">
    <p class='ocr_par' dir='ltr' id='par_1_65' title="bbox 2355 815 3949 895">
     <span class='ocr_line' id='line_1_65' title="bbox 2355 815 3949 895; baseline 0.004 -23"><span class='ocrx_word' id='word_1_461' title='bbox 2355 816 2572 888; x_wconf 53' lang='lat' dir='ltr'><strong>tamen</strong></span> <span class='ocrx_word' id='word_1_462' title='bbox 2604 816 2898 872; x_wconf 82' lang='grc' dir='ltr'><strong>ὑπόλοιπον</strong></span> <span class='ocrx_word' id='word_1_463' title='bbox 2939 815 3035 870; x_wconf 87' lang='grc' dir='ltr'><strong>τοῦ</strong></span> <span class='ocrx_word' id='word_1_464' title='bbox 3075 816 3228 882; x_wconf 84' lang='grc' dir='ltr'><strong>λαοῦ,</strong></span> <span class='ocrx_word' id='word_1_465' title='bbox 3258 819 3306 873; x_wconf 83' lang='grc' dir='ltr'><strong>-δ</strong></span> <span class='ocrx_word' id='word_1_466' title='bbox 3347 818 3416 875; x_wconf 75' lang='grc' dir='ltr'><strong>ἂν</strong></span> <span class='ocrx_word' id='word_1_467' title='bbox 3452 822 3786 895; x_wconf 74' lang='grc' dir='ltr'><strong>καταλειφθῇ</strong></span> <span class='ocrx_word' id='word_1_468' title='bbox 3832 821 3949 878; x_wconf 73' lang='grc' dir='ltr'><strong>ἀπὺ</strong></span> 
     </span>
    </p>
   </div>
   <div class='ocr_carea' id='block_1_66' title="bbox 2355 909 3945 982">
    <p class='ocr_par' dir='ltr' id='par_1_66' title="bbox 2355 909 3945 982">
     <span class='ocr_line' id='line_1_66' title="bbox 2355 909 3945 982; baseline 0.003 -16"><span class='ocrx_word' id='word_1_469' title='bbox 2355 909 2467 966; x_wconf 89' lang='grc' dir='ltr'><strong>τῶν</strong></span> <span class='ocrx_word' id='word_1_470' title='bbox 2514 909 2818 982; x_wconf 74' lang='grc' dir='ltr'><strong>Ἀσσυρίων</strong></span> <span class='ocrx_word' id='word_1_471' title='bbox 2858 911 2957 966; x_wconf 81' lang='grc' dir='ltr'><strong>καὶ</strong></span> <span class='ocrx_word' id='word_1_472' title='bbox 2993 911 3104 966; x_wconf 78' lang='grc' dir='ltr'><strong>ἀπὺ</strong></span> <span class='ocrx_word' id='word_1_473' title='bbox 3137 912 3444 982; x_wconf 72' lang='grc' dir='ltr'><strong>Αἰγύπτου,</strong></span> <span class='ocrx_word' id='word_1_474' title='bbox 3471 916 3567 971; x_wconf 75' lang='grc' dir='ltr'><strong>καὶ</strong></span> <span class='ocrx_word' id='word_1_475' title='bbox 3619 915 3729 972; x_wconf 73' lang='grc' dir='ltr'><strong>ἀπὺ</strong></span> <span class='ocrx_word' id='word_1_476' title='bbox 3758 915 3945 971; x_wconf 71' lang='grc' dir='ltr'><strong>Βαϐυ-</strong></span> 
     </span>
    </p>
   </div>
   <div class='ocr_carea' id='block_1_67' title="bbox 2356 997 3949 1078">
    <p class='ocr_par' dir='ltr' id='par_1_67' title="bbox 2356 997 3949 1078">
     <span class='ocr_line' id='line_1_67' title="bbox 2356 997 3949 1078; baseline 0.003 -21"><span class='ocrx_word' id='word_1_477' title='bbox 2356 1001 2572 1069; x_wconf 90' lang='grc' dir='ltr'><strong>λωνίας,</strong></span> <span class='ocrx_word' id='word_1_478' title='bbox 2615 1001 2710 1056; x_wconf 83' lang='grc' dir='ltr'><strong>καὶ</strong></span> <span class='ocrx_word' id='word_1_479' title='bbox 2737 1001 2845 1056; x_wconf 81' lang='grc' dir='ltr'><strong>ἀπδ</strong></span> <span class='ocrx_word' id='word_1_480' title='bbox 2871 1002 3175 1067; x_wconf 75' lang='grc' dir='ltr'><strong>Αἰθιοπίας,</strong></span> <span class='ocrx_word' id='word_1_481' title='bbox 3208 1003 3305 1058; x_wconf 74' lang='grc' dir='ltr'><strong>καὶ</strong></span> <span class='ocrx_word' id='word_1_482' title='bbox 3340 1005 3665 1078; x_wconf 79' lang='grc' dir='ltr'><strong>Ἐλαμιτῶν,</strong></span> <span class='ocrx_word' id='word_1_483' title='bbox 3696 1007 3790 1062; x_wconf 71' lang='grc' dir='ltr'><strong>καὶ</strong></span> <span class='ocrx_word' id='word_1_484' title='bbox 3829 997 3949 1062; x_wconf 66' lang='grc' dir='ltr'><strong>ἀπὸ</strong></span> 
     </span>
    </p>
   </div>
   <div class='ocr_carea' id='block_1_68' title="bbox 2357 1090 3957 1170">
    <p class='ocr_par' dir='ltr' id='par_1_68' title="bbox 2357 1090 3957 1170">
     <span class='ocr_line' id='line_1_68' title="bbox 2357 1090 3957 1170; baseline 0.004 -24"><span class='ocrx_word' id='word_1_485' title='bbox 2357 1092 2507 1165; x_wconf 87' lang='grc' dir='ltr'><strong>ήλίου</strong></span> <span class='ocrx_word' id='word_1_486' title='bbox 2547 1090 2843 1157; x_wconf 86' lang='grc' dir='ltr'><strong>ἀνατολῶν,</strong></span> <span class='ocrx_word' id='word_1_487' title='bbox 2879 1092 2975 1146; x_wconf 82' lang='grc' dir='ltr'><strong>καὶ</strong></span> <span class='ocrx_word' id='word_1_488' title='bbox 3012 1091 3072 1158; x_wconf 71' lang='grc' dir='ltr'><strong>ἐξ</strong></span> <span class='ocrx_word' id='word_1_489' title='bbox 3125 1091 3400 1164; x_wconf 72' lang='grc' dir='ltr'><strong>Ἀραϐίας.</strong></span> <span class='ocrx_word' id='word_1_490' title='bbox 3444 1113 3464 1148; x_wconf 76' lang='grc' dir='ltr'><strong>ι</strong></span> <span class='ocrx_word' id='word_1_491' title='bbox 3511 1095 3726 1170; x_wconf 75' lang='grc' dir='ltr'><strong>Ἐπειδὴ</strong></span> <span class='ocrx_word' id='word_1_492' title='bbox 3764 1095 3957 1152; x_wconf 80' lang='grc' dir='ltr'><strong>τοίνυν</strong></span> 
     </span>
    </p>
   </div>
   <div class='ocr_carea' id='block_1_69' title="bbox 2355 1180 3947 1260">
    <p class='ocr_par' dir='ltr' id='par_1_69' title="bbox 2355 1180 3947 1260">
     <span class='ocr_line' id='line_1_69' title="bbox 2355 1180 3947 1260; baseline 0.003 -19"><span class='ocrx_word' id='word_1_493' title='bbox 2355 1186 2448 1242; x_wconf 77' lang='grc' dir='ltr'><strong>τὸν</strong></span> <span class='ocrx_word' id='word_1_494' title='bbox 2480 1185 2838 1257; x_wconf 82' lang='grc' dir='ltr'><strong>ἀνιστάμενον</strong></span> <span class='ocrx_word' id='word_1_495' title='bbox 2866 1188 2934 1240; x_wconf 73' lang='grc' dir='ltr'><strong>ὲκ</strong></span> <span class='ocrx_word' id='word_1_496' title='bbox 2967 1185 3123 1259; x_wconf 78' lang='grc' dir='ltr'><strong>ῥίζης</strong></span> <span class='ocrx_word' id='word_1_497' title='bbox 3162 1186 3362 1240; x_wconf 78' lang='grc' dir='ltr'><strong>Ἰεσσαὶ</strong></span> <span class='ocrx_word' id='word_1_498' title='bbox 3411 1185 3599 1260; x_wconf 79' lang='grc' dir='ltr'><strong>ἀρεειν</strong></span> <span class='ocrx_word' id='word_1_499' title='bbox 3629 1180 3739 1243; x_wconf 84' lang='grc' dir='ltr'><strong>τῶν</strong></span> <span class='ocrx_word' id='word_1_500' title='bbox 3771 1188 3947 1245; x_wconf 81' lang='grc' dir='ltr'><strong>έθνῶν</strong></span> 
     </span>
    </p>
   </div>
   <div class='ocr_carea' id='block_1_70' title="bbox 2357 1277 3947 1354">
    <p class='ocr_par' dir='ltr' id='par_1_70' title="bbox 2357 1277 3947 1354">
     <span class='ocr_line' id='line_1_70' title="bbox 2357 1277 3947 1354; baseline 0.002 -20"><span class='ocrx_word' id='word_1_501' title='bbox 2357 1279 2642 1334; x_wconf 68' lang='grc' dir='ltr'><strong>ἐθέσπισεν</strong></span> <span class='ocrx_word' id='word_1_502' title='bbox 2665 1280 2696 1333; x_wconf 89' lang='grc' dir='ltr'><strong>ό</strong></span> <span class='ocrx_word' id='word_1_503' title='bbox 2724 1278 3030 1351; x_wconf 78' lang='grc' dir='ltr'><strong>προφήτης,</strong></span> <span class='ocrx_word' id='word_1_504' title='bbox 3054 1277 3150 1331; x_wconf 76' lang='grc' dir='ltr'><strong>καὶ</strong></span> <span class='ocrx_word' id='word_1_505' title='bbox 3177 1278 3477 1350; x_wconf 76' lang='grc' dir='ltr'><strong>έπήγαγεν,</strong></span> <span class='ocrx_word' id='word_1_506' title='bbox 3509 1280 3593 1335; x_wconf 81' lang='grc' dir='ltr'><strong>δτι</strong></span> <span class='ocrx_word' id='word_1_507' title='bbox 3627 1301 3647 1334; x_wconf 77' lang='lat' dir='ltr'><strong>r</strong></span> <span class='ocrx_word' id='word_1_508' title='bbox 3691 1279 3947 1354; x_wconf 79' lang='grc' dir='ltr'><strong>έπάύτῷ</strong></span> 
     </span>
    </p>
   </div>
   <div class='ocr_carea' id='block_1_71' title="bbox 2357 1369 3947 1445">
    <p class='ocr_par' dir='ltr' id='par_1_71' title="bbox 2357 1369 3947 1445">
     <span class='ocr_line' id='line_1_71' title="bbox 2357 1369 3947 1445; baseline 0.003 -19"><span class='ocrx_word' id='word_1_509' title='bbox 2357 1371 2485 1445; x_wconf 81' lang='grc' dir='ltr'><strong>έθνη</strong></span> <span class='ocrx_word' id='word_1_510' title='bbox 2529 1371 2826 1427; x_wconf 68' lang='grc' dir='ltr'><strong>έλπιοῦσινυ</strong></span> <span class='ocrx_word' id='word_1_511' title='bbox 2861 1389 2880 1425; x_wconf 74' lang='grc' dir='ltr'><strong>ι</strong></span> <span class='ocrx_word' id='word_1_512' title='bbox 2918 1369 3236 1440; x_wconf 79' lang='grc' dir='ltr'><strong>ἀναγκαίως</strong></span> <span class='ocrx_word' id='word_1_513' title='bbox 3261 1371 3356 1426; x_wconf 82' lang='grc' dir='ltr'><strong>καὶ</strong></span> <span class='ocrx_word' id='word_1_514' title='bbox 3385 1371 3480 1427; x_wconf 90' lang='grc' dir='ltr'><strong>τοῦ</strong></span> <span class='ocrx_word' id='word_1_515' title='bbox 3519 1373 3814 1430; x_wconf 84' lang='grc' dir='ltr'><strong>Ἰουδαϊκοῦ</strong></span> <span class='ocrx_word' id='word_1_516' title='bbox 3846 1373 3947 1445; x_wconf 82' lang='grc' dir='ltr'><strong>γέ·</strong></span> 
     </span>
    </p>
   </div>
   <div class='ocr_carea' id='block_1_72' title="bbox 2357 1459 3944 1538">
    <p class='ocr_par' dir='ltr' id='par_1_72' title="bbox 2357 1459 3944 1538">
     <span class='ocr_line' id='line_1_72' title="bbox 2357 1459 3944 1538; baseline 0.002 -21"><span class='ocrx_word' id='word_1_517' title='bbox 2357 1480 2484 1528; x_wconf 89' lang='grc' dir='ltr'><strong>νους</strong></span> <span class='ocrx_word' id='word_1_518' title='bbox 2533 1462 2806 1535; x_wconf 88' lang='grc' dir='ltr'><strong>μέμνηται</strong></span> <span class='ocrx_word' id='word_1_519' title='bbox 2850 1460 2941 1516; x_wconf 83' lang='grc' dir='ltr'><strong>διὰ</strong></span> <span class='ocrx_word' id='word_1_520' title='bbox 2987 1459 3082 1515; x_wconf 91' lang='grc' dir='ltr'><strong>τοῦ</strong></span> <span class='ocrx_word' id='word_1_521' title='bbox 3129 1461 3513 1534; x_wconf 68' lang='grc' dir='ltr'><strong>προκειμένου,</strong></span> <span class='ocrx_word' id='word_1_522' title='bbox 3567 1464 3705 1537; x_wconf 76' lang='grc' dir='ltr'><strong>πρὸς</strong></span> <span class='ocrx_word' id='word_1_523' title='bbox 3749 1465 3812 1520; x_wconf 76' lang='grc' dir='ltr'><strong>τὸ</strong></span> <span class='ocrx_word' id='word_1_524' title='bbox 3862 1465 3944 1538; x_wconf 65' lang='grc' dir='ltr'><strong>μὴ</strong></span> 
     </span>
    </p>
   </div>
   <div class='ocr_carea' id='block_1_73' title="bbox 2321 1552 3946 1629">
    <p class='ocr_par' dir='ltr' id='par_1_73' title="bbox 2321 1552 3946 1629">
     <span class='ocr_line' id='line_1_73' title="bbox 2321 1552 3946 1629; baseline 0.002 -20"><span class='ocrx_word' id='word_1_525' title='bbox 2321 1583 2324 1592; x_wconf 77' lang='grc' dir='ltr'><strong>ι</strong></span> <span class='ocrx_word' id='word_1_526' title='bbox 2356 1554 2645 1612; x_wconf 75' lang='grc' dir='ltr'><strong>ὑπολαϐεῖν</strong></span> <span class='ocrx_word' id='word_1_527' title='bbox 2667 1554 2757 1610; x_wconf 75' lang='grc' dir='ltr'><strong>τὸν</strong></span> <span class='ocrx_word' id='word_1_528' title='bbox 2776 1552 3252 1629; x_wconf 79' lang='grc' dir='ltr'><strong>προφητευόμενον</strong></span> <span class='ocrx_word' id='word_1_529' title='bbox 3304 1555 3470 1629; x_wconf 64' lang='grc' dir='ltr'><strong>μηδὲν</strong></span> <span class='ocrx_word' id='word_1_530' title='bbox 3506 1555 3809 1629; x_wconf 74' lang='grc' dir='ltr'><strong>ὠφελήσειν</strong></span> <span class='ocrx_word' id='word_1_531' title='bbox 3846 1556 3946 1613; x_wconf 74' lang='grc' dir='ltr'><strong>τὸν</strong></span> 
     </span>
    </p>
   </div>
   <div class='ocr_carea' id='block_1_74' title="bbox 2356 1647 3947 1727">
    <p class='ocr_par' dir='ltr' id='par_1_74' title="bbox 2356 1647 3947 1727">
     <span class='ocr_line' id='line_1_74' title="bbox 2356 1647 3947 1727; baseline 0 -21"><span class='ocrx_word' id='word_1_532' title='bbox 2356 1653 2423 1706; x_wconf 72' lang='grc' dir='ltr'><strong>ἑκ</strong></span> <span class='ocrx_word' id='word_1_533' title='bbox 2443 1649 2745 1724; x_wconf 85' lang='grc' dir='ltr'><strong>περιτομῆς</strong></span> <span class='ocrx_word' id='word_1_534' title='bbox 2773 1649 2921 1704; x_wconf 80' lang='grc' dir='ltr'><strong>λαόν.</strong></span> <span class='ocrx_word' id='word_1_535' title='bbox 2960 1647 3211 1704; x_wconf 70' lang='grc' dir='ltr'><strong>Διδάσκει</strong></span> <span class='ocrx_word' id='word_1_536' title='bbox 3243 1649 3446 1717; x_wconf 87' lang='grc' dir='ltr'><strong>τοίνυν,</strong></span> <span class='ocrx_word' id='word_1_537' title='bbox 3474 1650 3551 1716; x_wconf 82' lang='grc' dir='ltr'><strong>ὡς</strong></span> <span class='ocrx_word' id='word_1_538' title='bbox 3572 1651 3631 1708; x_wconf 73' lang='grc' dir='ltr'><strong>έν</strong></span> <span class='ocrx_word' id='word_1_539' title='bbox 3664 1655 3730 1724; x_wconf 75' lang='grc' dir='ltr'><strong>τῇ</strong></span> <span class='ocrx_word' id='word_1_540' title='bbox 3760 1652 3947 1727; x_wconf 75' lang='grc' dir='ltr'><strong>ήμέρᾳ</strong></span> 
     </span>
    </p>
   </div>
   <div class='ocr_carea' id='block_1_75' title="bbox 2359 1742 3944 1818">
    <p class='ocr_par' dir='ltr' id='par_1_75' title="bbox 2359 1742 3944 1818">
     <span class='ocr_line' id='line_1_75' title="bbox 2359 1742 3944 1818; baseline 0.003 -20"><span class='ocrx_word' id='word_1_541' title='bbox 2359 1744 2564 1818; x_wconf 78' lang='grc' dir='ltr'><strong>έκείνῃ,</strong></span> <span class='ocrx_word' id='word_1_542' title='bbox 2599 1742 2880 1798; x_wconf 70' lang='grc' dir='ltr'><strong>τουτέστιν</strong></span> <span class='ocrx_word' id='word_1_543' title='bbox 2910 1744 2969 1798; x_wconf 78' lang='grc' dir='ltr'><strong>έν</strong></span> <span class='ocrx_word' id='word_1_544' title='bbox 3000 1742 3079 1815; x_wconf 84' lang='grc' dir='ltr'><strong>τῷ</strong></span> <span class='ocrx_word' id='word_1_545' title='bbox 3121 1743 3299 1815; x_wconf 80' lang='grc' dir='ltr'><strong>χρόνῳ</strong></span> <span class='ocrx_word' id='word_1_546' title='bbox 3333 1743 3436 1814; x_wconf 82' lang='grc' dir='ltr'><strong>τῆς</strong></span> <span class='ocrx_word' id='word_1_547' title='bbox 3478 1744 3799 1816; x_wconf 75' lang='grc' dir='ltr'><strong>έπιφανειας</strong></span> <span class='ocrx_word' id='word_1_548' title='bbox 3841 1746 3944 1802; x_wconf 83' lang='grc' dir='ltr'><strong>τοῦ</strong></span> 
     </span>
    </p>
   </div>
   <div class='ocr_carea' id='block_1_76' title="bbox 2355 1834 3949 1911">
    <p class='ocr_par' dir='ltr' id='par_1_76' title="bbox 2355 1834 3949 1911">
     <span class='ocr_line' id='line_1_76' title="bbox 2355 1834 3949 1911; baseline 0.001 -19"><span class='ocrx_word' id='word_1_549' title='bbox 2355 1835 2767 1908; x_wconf 78' lang='grc' dir='ltr'><strong>θεσπιζομένου,</strong></span> <span class='ocrx_word' id='word_1_550' title='bbox 2792 1852 2813 1888; x_wconf 75' lang='grc' dir='ltr'><strong>ι</strong></span> <span class='ocrx_word' id='word_1_551' title='bbox 2855 1835 3152 1909; x_wconf 73' lang='grc' dir='ltr'><strong>προσθήσει</strong></span> <span class='ocrx_word' id='word_1_552' title='bbox 3176 1834 3380 1908; x_wconf 78' lang='grc' dir='ltr'><strong>Κύριος</strong></span> <span class='ocrx_word' id='word_1_553' title='bbox 3398 1835 3495 1890; x_wconf 85' lang='grc' dir='ltr'><strong>τοῦ</strong></span> <span class='ocrx_word' id='word_1_554' title='bbox 3519 1835 3690 1903; x_wconf 78' lang='grc' dir='ltr'><strong>δείξαι</strong></span> <span class='ocrx_word' id='word_1_555' title='bbox 3709 1837 3808 1911; x_wconf 80' lang='grc' dir='ltr'><strong>τὴν</strong></span> <span class='ocrx_word' id='word_1_556' title='bbox 3834 1839 3949 1910; x_wconf 63' lang='lat' dir='ltr'><strong>xst-</strong></span> 
     </span>
    </p>
   </div>
   <div class='ocr_carea' id='block_1_77' title="bbox 2359 1925 3946 2002">
    <p class='ocr_par' dir='ltr' id='par_1_77' title="bbox 2359 1925 3946 2002">
     <span class='ocr_line' id='line_1_77' title="bbox 2359 1925 3946 2002; baseline -0.002 -19"><span class='ocrx_word' id='word_1_557' title='bbox 2359 1947 2425 2002; x_wconf 86' lang='grc' dir='ltr'><strong>ρα</strong></span> <span class='ocrx_word' id='word_1_558' title='bbox 2458 1927 2646 1994; x_wconf 79' lang='grc' dir='ltr'><strong>αὐτοῦ,</strong></span> <span class='ocrx_word' id='word_1_559' title='bbox 2683 1926 2780 1982; x_wconf 89' lang='grc' dir='ltr'><strong>τοῦ</strong></span> <span class='ocrx_word' id='word_1_560' title='bbox 2823 1925 3064 1999; x_wconf 78' lang='grc' dir='ltr'><strong>ζηλῶσαι</strong></span> <span class='ocrx_word' id='word_1_561' title='bbox 3105 1925 3167 1981; x_wconf 80' lang='grc' dir='ltr'><strong>τὸ</strong></span> <span class='ocrx_word' id='word_1_562' title='bbox 3207 1925 3564 1998; x_wconf 73' lang='grc' dir='ltr'><strong>καταλειφθὲν</strong></span> <span class='ocrx_word' id='word_1_563' title='bbox 3596 1927 3691 1982; x_wconf 91' lang='grc' dir='ltr'><strong>τοῦ</strong></span> <span class='ocrx_word' id='word_1_564' title='bbox 3723 1927 3874 1984; x_wconf 83' lang='grc' dir='ltr'><strong>λαοῦ.</strong></span> <span class='ocrx_word' id='word_1_565' title='bbox 3918 1947 3946 1980; x_wconf 84' lang='lat' dir='ltr'><strong>s</strong></span> 
     </span>
    </p>
   </div>
   <div class='ocr_carea' id='block_1_78' title="bbox 2369 2013 3949 2094">
    <p class='ocr_par' dir='ltr' id='par_1_78' title="bbox 2369 2013 3949 2094">
     <span class='ocr_line' id='line_1_78' title="bbox 2369 2013 3949 2094; baseline -0.005 -17"><span class='ocrx_word' id='word_1_566' title='bbox 2369 2013 2592 2078; x_wconf 74' lang='grc' dir='ltr'><strong>’Δνθ“οῦ</strong></span> <span class='ocrx_word' id='word_1_567' title='bbox 2631 2021 2661 2076; x_wconf 87' lang='grc' dir='ltr'><strong>ό</strong></span> <span class='ocrx_word' id='word_1_568' title='bbox 2716 2020 2816 2092; x_wconf 82' lang='grc' dir='ltr'><strong>μὲν</strong></span> <span class='ocrx_word' id='word_1_569' title='bbox 2863 2017 3117 2085; x_wconf 78' lang='grc' dir='ltr'><strong>’Δκύλας,</strong></span> <span class='ocrx_word' id='word_1_570' title='bbox 3167 2037 3188 2071; x_wconf 72' lang='grc' dir='ltr'><strong>ι</strong></span> <span class='ocrx_word' id='word_1_571' title='bbox 3223 2019 3571 2092; x_wconf 87' lang='grc' dir='ltr'><strong>Προσθήσει,</strong></span> <span class='ocrx_word' id='word_1_572' title='bbox 3617 2018 3780 2094; x_wconf 78' lang='grc' dir='ltr'><strong>φησὶ,</strong></span> <span class='ocrx_word' id='word_1_573' title='bbox 3828 2018 3949 2077; x_wconf 73' lang='grc' dir='ltr'><strong>Κῦ-</strong></span> 
     </span>
    </p>
   </div>
   <div class='ocr_carea' id='block_1_79' title="bbox 2357 2110 3946 2188">
    <p class='ocr_par' dir='ltr' id='par_1_79' title="bbox 2357 2110 3946 2188">
     <span class='ocr_line' id='line_1_79' title="bbox 2357 2110 3946 2188; baseline 0 -19"><span class='ocrx_word' id='word_1_574' title='bbox 2357 2131 2473 2188; x_wconf 86' lang='grc' dir='ltr'><strong>ριος</strong></span> <span class='ocrx_word' id='word_1_575' title='bbox 2493 2112 2741 2186; x_wconf 81' lang='grc' dir='ltr'><strong>δεύτερον</strong></span> <span class='ocrx_word' id='word_1_576' title='bbox 2765 2113 2864 2185; x_wconf 79' lang='grc' dir='ltr'><strong>τὴν</strong></span> <span class='ocrx_word' id='word_1_577' title='bbox 2897 2114 3056 2184; x_wconf 79' lang='grc' dir='ltr'><strong>χεῖρα</strong></span> <span class='ocrx_word' id='word_1_578' title='bbox 3083 2110 3272 2176; x_wconf 85' lang='grc' dir='ltr'><strong>αὐτοῦ,</strong></span> <span class='ocrx_word' id='word_1_579' title='bbox 3301 2110 3397 2166; x_wconf 88' lang='grc' dir='ltr'><strong>τοῦ</strong></span> <span class='ocrx_word' id='word_1_580' title='bbox 3430 2111 3672 2184; x_wconf 79' lang='grc' dir='ltr'><strong>ζηλῶσαι</strong></span> <span class='ocrx_word' id='word_1_581' title='bbox 3708 2113 3772 2168; x_wconf 72' lang='grc' dir='ltr'><strong>τὸ</strong></span> <span class='ocrx_word' id='word_1_582' title='bbox 3803 2112 3946 2169; x_wconf 77' lang='grc' dir='ltr'><strong>ὑπό-</strong></span> 
     </span>
    </p>
   </div>
   <div class='ocr_carea' id='block_1_80' title="bbox 2357 2199 3948 2277">
    <p class='ocr_par' dir='ltr' id='par_1_80' title="bbox 2357 2199 3948 2277">
     <span class='ocr_line' id='line_1_80' title="bbox 2357 2199 3948 2277; baseline -0.003 -18"><span class='ocrx_word' id='word_1_583' title='bbox 2357 2206 2565 2277; x_wconf 87' lang='grc' dir='ltr'><strong>λειμμα</strong></span> <span class='ocrx_word' id='word_1_584' title='bbox 2591 2201 2685 2257; x_wconf 87' lang='grc' dir='ltr'><strong>τοῦ</strong></span> <span class='ocrx_word' id='word_1_585' title='bbox 2707 2201 2839 2256; x_wconf 83' lang='grc' dir='ltr'><strong>λαοῦ</strong></span> <span class='ocrx_word' id='word_1_586' title='bbox 2873 2200 3059 2256; x_wconf 84' lang='grc' dir='ltr'><strong>αὐτοῦ·</strong></span> <span class='ocrx_word' id='word_1_587' title='bbox 3101 2220 3122 2254; x_wconf 77' lang='grc' dir='ltr'><strong>ι</strong></span> <span class='ocrx_word' id='word_1_588' title='bbox 3155 2201 3260 2256; x_wconf 74' lang='grc' dir='ltr'><strong>όδδ</strong></span> <span class='ocrx_word' id='word_1_589' title='bbox 3287 2200 3603 2273; x_wconf 78' lang='grc' dir='ltr'><strong>Σύμμαχος,</strong></span> <span class='ocrx_word' id='word_1_590' title='bbox 3639 2218 3659 2253; x_wconf 78' lang='lat' dir='ltr'><strong>r</strong></span> <span class='ocrx_word' id='word_1_591' title='bbox 3697 2199 3948 2274; x_wconf 77' lang='grc' dir='ltr'><strong>Προσθή-</strong></span> 
     </span>
    </p>
   </div>
   <div class='ocr_carea' id='block_1_81' title="bbox 2358 2291 3948 2369">
    <p class='ocr_par' dir='ltr' id='par_1_81' title="bbox 2358 2291 3948 2369">
     <span class='ocr_line' id='line_1_81' title="bbox 2358 2291 3948 2369; baseline -0.002 -17"><span class='ocrx_word' id='word_1_592' title='bbox 2358 2313 2442 2352; x_wconf 91' lang='grc' dir='ltr'><strong>σει</strong></span> <span class='ocrx_word' id='word_1_593' title='bbox 2469 2295 2674 2369; x_wconf 83' lang='grc' dir='ltr'><strong>Κύριος</strong></span> <span class='ocrx_word' id='word_1_594' title='bbox 2714 2295 2779 2349; x_wconf 81' lang='grc' dir='ltr'><strong>έκ</strong></span> <span class='ocrx_word' id='word_1_595' title='bbox 2805 2294 3063 2367; x_wconf 77' lang='grc' dir='ltr'><strong>δευτέρου</strong></span> <span class='ocrx_word' id='word_1_596' title='bbox 3089 2292 3190 2366; x_wconf 81' lang='grc' dir='ltr'><strong>τὴν</strong></span> <span class='ocrx_word' id='word_1_597' title='bbox 3223 2295 3381 2366; x_wconf 78' lang='grc' dir='ltr'><strong>χεῖρα</strong></span> <span class='ocrx_word' id='word_1_598' title='bbox 3428 2291 3594 2348; x_wconf 83' lang='grc' dir='ltr'><strong>αὐτοῦ</strong></span> <span class='ocrx_word' id='word_1_599' title='bbox 3635 2291 3948 2364; x_wconf 81' lang='grc' dir='ltr'><strong>κτήσασθαι</strong></span> 
     </span>
    </p>
   </div>
   <div class='ocr_carea' id='block_1_82' title="bbox 2357 2383 3948 2461">
    <p class='ocr_par' dir='ltr' id='par_1_82' title="bbox 2357 2383 3948 2461">
     <span class='ocr_line' id='line_1_82' title="bbox 2357 2383 3948 2461; baseline -0.003 -16"><span class='ocrx_word' id='word_1_600' title='bbox 2357 2389 2418 2445; x_wconf 80' lang='grc' dir='ltr'><strong>τὸ</strong></span> <span class='ocrx_word' id='word_1_601' title='bbox 2465 2389 2780 2461; x_wconf 82' lang='grc' dir='ltr'><strong>ὑπόλειμμα</strong></span> <span class='ocrx_word' id='word_1_602' title='bbox 2807 2385 2902 2441; x_wconf 87' lang='grc' dir='ltr'><strong>τοῦ</strong></span> <span class='ocrx_word' id='word_1_603' title='bbox 2947 2384 3079 2441; x_wconf 88' lang='grc' dir='ltr'><strong>λαοῦ</strong></span> <span class='ocrx_word' id='word_1_604' title='bbox 3113 2384 3300 2442; x_wconf 79' lang='grc' dir='ltr'><strong>αὐτοῦ.</strong></span> <span class='ocrx_word' id='word_1_605' title='bbox 3341 2403 3362 2438; x_wconf 78' lang='lat' dir='ltr'><strong>a</strong></span> <span class='ocrx_word' id='word_1_606' title='bbox 3407 2385 3620 2459; x_wconf 82' lang='grc' dir='ltr'><strong>Ὥσπερ</strong></span> <span class='ocrx_word' id='word_1_607' title='bbox 3656 2383 3767 2459; x_wconf 76' lang='grc' dir='ltr'><strong>γὰρ</strong></span> <span class='ocrx_word' id='word_1_608' title='bbox 3793 2384 3948 2453; x_wconf 75' lang='grc' dir='ltr'><strong>ἀπαξ</strong></span> 
     </span>
    </p>
   </div>
   <div class='ocr_carea' id='block_1_83' title="bbox 2357 2476 3948 2550">
    <p class='ocr_par' dir='ltr' id='par_1_83' title="bbox 2357 2476 3948 2550">
     <span class='ocr_line' id='line_1_83' title="bbox 2357 2476 3948 2550; baseline -0.001 -15"><span class='ocrx_word' id='word_1_609' title='bbox 2357 2480 2488 2535; x_wconf 73' lang='grc' dir='ltr'><strong>ποτὶ</strong></span> <span class='ocrx_word' id='word_1_610' title='bbox 2525 2482 2584 2536; x_wconf 73' lang='grc' dir='ltr'><strong>έν</strong></span> <span class='ocrx_word' id='word_1_611' title='bbox 2611 2478 2873 2550; x_wconf 83' lang='grc' dir='ltr'><strong>Δίγύπτῳ</strong></span> <span class='ocrx_word' id='word_1_612' title='bbox 2904 2476 3377 2550; x_wconf 72' lang='grc' dir='ltr'><strong>καταπονούμενον</strong></span> <span class='ocrx_word' id='word_1_613' title='bbox 3396 2476 3489 2531; x_wconf 81' lang='grc' dir='ltr'><strong>τὸν</strong></span> <span class='ocrx_word' id='word_1_614' title='bbox 3516 2476 3626 2532; x_wconf 87' lang='grc' dir='ltr'><strong>τῶν</strong></span> <span class='ocrx_word' id='word_1_615' title='bbox 3671 2476 3948 2533; x_wconf 66' lang='grc' dir='ltr'><strong>Ἰουδαίων</strong></span> 
     </span>
    </p>
   </div>
   <div class='ocr_carea' id='block_1_84' title="bbox 2355 2569 3949 2646">
    <p class='ocr_par' dir='ltr' id='par_1_84' title="bbox 2355 2569 3949 2646">
     <span class='ocr_line' id='line_1_84' title="bbox 2355 2569 3949 2646; baseline -0.003 -16"><span class='ocrx_word' id='word_1_616' title='bbox 2355 2574 2482 2630; x_wconf 80' lang='grc' dir='ltr'><strong>λαὸν</strong></span> <span class='ocrx_word' id='word_1_617' title='bbox 2507 2573 2850 2646; x_wconf 73' lang='grc' dir='ltr'><strong>ἠλευθέρωσε</strong></span> <span class='ocrx_word' id='word_1_618' title='bbox 2863 2571 2965 2644; x_wconf 79' lang='grc' dir='ltr'><strong>τῆς</strong></span> <span class='ocrx_word' id='word_1_619' title='bbox 2994 2571 3313 2636; x_wconf 75' lang='grc' dir='ltr'><strong>κακώσεως,</strong></span> <span class='ocrx_word' id='word_1_620' title='bbox 3333 2570 3434 2643; x_wconf 79' lang='grc' dir='ltr'><strong>τὴν</strong></span> <span class='ocrx_word' id='word_1_621' title='bbox 3459 2574 3620 2644; x_wconf 81' lang='grc' dir='ltr'><strong>χεῖρα</strong></span> <span class='ocrx_word' id='word_1_622' title='bbox 3642 2570 3809 2626; x_wconf 85' lang='grc' dir='ltr'><strong>αὐτοῦ</strong></span> <span class='ocrx_word' id='word_1_623' title='bbox 3842 2569 3949 2644; x_wconf 76' lang='grc' dir='ltr'><strong>τὴν</strong></span> 
     </span>
    </p>
   </div>
   <div class='ocr_carea' id='block_1_85' title="bbox 2356 2656 3945 2742">
    <p class='ocr_par' dir='ltr' id='par_1_85' title="bbox 2356 2656 3945 2742">
     <span class='ocr_line' id='line_1_85' title="bbox 2356 2656 3945 2742; baseline -0.003 -18"><span class='ocrx_word' id='word_1_624' title='bbox 2356 2667 2780 2742; x_wconf 78' lang='grc' dir='ltr'><strong>παραδοξοποιὺν</strong></span> <span class='ocrx_word' id='word_1_625' title='bbox 2794 2669 2883 2724; x_wconf 76' lang='grc' dir='ltr'><strong>διὰ</strong></span> <span class='ocrx_word' id='word_1_626' title='bbox 2901 2665 3180 2730; x_wconf 72' lang='grc' dir='ltr'><strong>Μωῦσόως</strong></span> <span class='ocrx_word' id='word_1_627' title='bbox 3209 2666 3680 2740; x_wconf 76' lang='grc' dir='ltr'><strong>προστησάμενος,</strong></span> <span class='ocrx_word' id='word_1_628' title='bbox 3692 2664 3760 2720; x_wconf 87' lang='grc' dir='ltr'><strong>δι’</strong></span> <span class='ocrx_word' id='word_1_629' title='bbox 3777 2656 3848 2738; x_wconf 78' lang='grc' dir='ltr'><strong>ἧς</strong></span> <span class='ocrx_word' id='word_1_630' title='bbox 3867 2663 3945 2720; x_wconf 79' lang='grc' dir='ltr'><strong>τά</strong></span> 
     </span>
    </p>
   </div>
   <div class='ocr_carea' id='block_1_86' title="bbox 2357 2753 3943 2836">
    <p class='ocr_par' dir='ltr' id='par_1_86' title="bbox 2357 2753 3943 2836">
     <span class='ocr_line' id='line_1_86' title="bbox 2357 2753 3943 2836; baseline -0.023 -9"><span class='ocrx_word' id='word_1_631' title='bbox 2357 2760 2635 2836; x_wconf 77' lang='grc' dir='ltr'><strong>παράδοξα</strong></span> <span class='ocrx_word' id='word_1_632' title='bbox 2648 2760 2902 2834; x_wconf 81' lang='grc' dir='ltr'><strong>θαύματα</strong></span> <span class='ocrx_word' id='word_1_633' title='bbox 2912 2759 3206 2834; x_wconf 76' lang='grc' dir='ltr'><strong>εἰργάσατο</strong></span> <span class='ocrx_word' id='word_1_634' title='bbox 3221 2759 3314 2813; x_wconf 64' lang='lat' dir='ltr'><strong>isti</strong></span> <span class='ocrx_word' id='word_1_635' title='bbox 3329 2758 3428 2831; x_wconf 77' lang='grc' dir='ltr'><strong>τῆς</strong></span> <span class='ocrx_word' id='word_1_636' title='bbox 3441 2758 3718 2830; x_wconf 69' lang='grc' dir='ltr'><strong>Αἰγύπτου</strong></span> <span class='ocrx_word' id='word_1_637' title='bbox 3735 2753 3943 2832; x_wconf 50' lang='grc' dir='ltr'><strong>χώρα.</strong></span> 
     </span>
    </p>
   </div>
   <div class='ocr_carea' id='block_1_87' title="bbox 2355 2848 3944 2927">
    <p class='ocr_par' dir='ltr' id='par_1_87' title="bbox 2355 2848 3944 2927">
     <span class='ocr_line' id='line_1_87' title="bbox 2355 2848 3944 2927; baseline -0.003 -17"><span class='ocrx_word' id='word_1_638' title='bbox 2355 2855 2448 2911; x_wconf 77' lang='grc' dir='ltr'><strong>τὸν</strong></span> <span class='ocrx_word' id='word_1_639' title='bbox 2475 2855 2639 2909; x_wconf 76' lang='grc' dir='ltr'><strong>αὐτὸν</strong></span> <span class='ocrx_word' id='word_1_640' title='bbox 2673 2854 2878 2925; x_wconf 80' lang='grc' dir='ltr'><strong>τρόπον</strong></span> <span class='ocrx_word' id='word_1_641' title='bbox 2911 2852 3209 2927; x_wconf 75' lang='grc' dir='ltr'><strong>προσθήσει</strong></span> <span class='ocrx_word' id='word_1_642' title='bbox 3241 2851 3402 2907; x_wconf 85' lang='grc' dir='ltr'><strong>πάλιν</strong></span> <span class='ocrx_word' id='word_1_643' title='bbox 3438 2851 3539 2924; x_wconf 81' lang='grc' dir='ltr'><strong>τὴν</strong></span> <span class='ocrx_word' id='word_1_644' title='bbox 3562 2853 3720 2925; x_wconf 81' lang='grc' dir='ltr'><strong>χεῖρα</strong></span> <span class='ocrx_word' id='word_1_645' title='bbox 3749 2848 3944 2916; x_wconf 83' lang='grc' dir='ltr'><strong>αὐτοῦ,</strong></span> 
     </span>
    </p>
   </div>
   <div class='ocr_carea' id='block_1_88' title="bbox 2357 2939 3944 3016">
    <p class='ocr_par' dir='ltr' id='par_1_88' title="bbox 2357 2939 3944 3016">
     <span class='ocr_line' id='line_1_88' title="bbox 2357 2939 3944 3016; baseline -0.003 -17"><span class='ocrx_word' id='word_1_646' title='bbox 2357 2943 2548 3016; x_wconf 83' lang='grc' dir='ltr'><strong>ὥσπερ</strong></span> <span class='ocrx_word' id='word_1_647' title='bbox 2561 2946 2626 2999; x_wconf 68' lang='lat' dir='ltr'><strong>tat</strong></span> <span class='ocrx_word' id='word_1_648' title='bbox 2639 2943 2895 3016; x_wconf 88' lang='grc' dir='ltr'><strong>δευτέρου</strong></span> <span class='ocrx_word' id='word_1_649' title='bbox 2919 2941 3086 2997; x_wconf 83' lang='grc' dir='ltr'><strong>κινῶν</strong></span> <span class='ocrx_word' id='word_1_650' title='bbox 3105 2942 3274 3013; x_wconf 82' lang='grc' dir='ltr'><strong>αὐτὴν</strong></span> <span class='ocrx_word' id='word_1_651' title='bbox 3295 2940 3385 2997; x_wconf 84' lang='grc' dir='ltr'><strong>διά</strong></span> <span class='ocrx_word' id='word_1_652' title='bbox 3404 2939 3721 3014; x_wconf 74' lang='grc' dir='ltr'><strong>παραδόξων</strong></span> <span class='ocrx_word' id='word_1_653' title='bbox 3739 2940 3944 3015; x_wconf 71' lang='grc' dir='ltr'><strong>έργων,</strong></span> 
     </span>
    </p>
   </div>
   <div class='ocr_carea' id='block_1_89' title="bbox 2359 3033 3950 3109">
    <p class='ocr_par' dir='ltr' id='par_1_89' title="bbox 2359 3033 3950 3109">
     <span class='ocr_line' id='line_1_89' title="bbox 2359 3033 3950 3109; baseline 0 -19"><span class='ocrx_word' id='word_1_654' title='bbox 2359 3035 2498 3108; x_wconf 73' lang='grc' dir='ltr'><strong>ὑπὲρ</strong></span> <span class='ocrx_word' id='word_1_655' title='bbox 2522 3035 2617 3091; x_wconf 92' lang='grc' dir='ltr'><strong>τοῦ</strong></span> <span class='ocrx_word' id='word_1_656' title='bbox 2645 3034 2972 3106; x_wconf 85' lang='grc' dir='ltr'><strong>κτήσασθαι,</strong></span> <span class='ocrx_word' id='word_1_657' title='bbox 2991 3034 3088 3089; x_wconf 82' lang='grc' dir='ltr'><strong>καὶ</strong></span> <span class='ocrx_word' id='word_1_658' title='bbox 3104 3033 3344 3106; x_wconf 71' lang='grc' dir='ltr'><strong>ζηλωτὸν</strong></span> <span class='ocrx_word' id='word_1_659' title='bbox 3373 3033 3672 3109; x_wconf 77' lang='grc' dir='ltr'><strong>ποιῆσαιτδ</strong></span> <span class='ocrx_word' id='word_1_660' title='bbox 3693 3035 3950 3090; x_wconf 80' lang='grc' dir='ltr'><strong>καταλει-</strong></span> 
     </span>
    </p>
   </div>
   <div class='ocr_carea' id='block_1_90' title="bbox 2360 3123 3944 3202">
    <p class='ocr_par' dir='ltr' id='par_1_90' title="bbox 2360 3123 3944 3202">
     <span class='ocr_line' id='line_1_90' title="bbox 2360 3123 3944 3202; baseline 0.009 -24"><span class='ocrx_word' id='word_1_661' title='bbox 2360 3125 2491 3196; x_wconf 77' lang='grc' dir='ltr'><strong>φθὲν</strong></span> <span class='ocrx_word' id='word_1_662' title='bbox 2521 3125 2616 3180; x_wconf 89' lang='grc' dir='ltr'><strong>τοῦ</strong></span> <span class='ocrx_word' id='word_1_663' title='bbox 2648 3124 2801 3180; x_wconf 86' lang='grc' dir='ltr'><strong>λαοῦ.</strong></span> <span class='ocrx_word' id='word_1_664' title='bbox 2832 3123 2960 3180; x_wconf 81' lang='grc' dir='ltr'><strong>Είτε</strong></span> <span class='ocrx_word' id='word_1_665' title='bbox 2980 3125 3091 3199; x_wconf 81' lang='grc' dir='ltr'><strong>γὰρ</strong></span> <span class='ocrx_word' id='word_1_666' title='bbox 3109 3127 3168 3179; x_wconf 79' lang='grc' dir='ltr'><strong>έν</strong></span> <span class='ocrx_word' id='word_1_667' title='bbox 3190 3127 3256 3197; x_wconf 76' lang='grc' dir='ltr'><strong>τῇ</strong></span> <span class='ocrx_word' id='word_1_668' title='bbox 3283 3125 3392 3180; x_wconf 83' lang='grc' dir='ltr'><strong>τῶν</strong></span> <span class='ocrx_word' id='word_1_669' title='bbox 3432 3126 3731 3200; x_wconf 80' lang='grc' dir='ltr'><strong>’Δσσυρίων</strong></span> <span class='ocrx_word' id='word_1_670' title='bbox 3763 3127 3944 3202; x_wconf 76' lang='grc' dir='ltr'><strong>χώρᾳ.</strong></span> 
     </span>
    </p>
   </div>
   <div class='ocr_carea' id='block_1_91' title="bbox 2360 3211 3945 3294">
    <p class='ocr_par' dir='ltr' id='par_1_91' title="bbox 2360 3211 3945 3294">
     <span class='ocr_line' id='line_1_91' title="bbox 2360 3211 3945 3294; baseline 0.013 -37"><span class='ocrx_word' id='word_1_671' title='bbox 2360 3220 2471 3274; x_wconf 71' lang='grc' dir='ltr'><strong>εττε</strong></span> <span class='ocrx_word' id='word_1_672' title='bbox 2498 3220 2557 3272; x_wconf 67' lang='grc' dir='ltr'><strong>εν</strong></span> <span class='ocrx_word' id='word_1_673' title='bbox 2580 3217 2862 3290; x_wconf 72' lang='grc' dir='ltr'><strong>Αιγύπτῳ,</strong></span> <span class='ocrx_word' id='word_1_674' title='bbox 2891 3218 2999 3272; x_wconf 71' lang='grc' dir='ltr'><strong>εἴτε</strong></span> <span class='ocrx_word' id='word_1_675' title='bbox 3031 3220 3091 3273; x_wconf 73' lang='grc' dir='ltr'><strong>έν</strong></span> <span class='ocrx_word' id='word_1_676' title='bbox 3117 3216 3418 3282; x_wconf 70' lang='grc' dir='ltr'><strong>Βαϐυλῶνι,</strong></span> <span class='ocrx_word' id='word_1_677' title='bbox 3448 3217 3562 3272; x_wconf 72' lang='grc' dir='ltr'><strong>εἴτε</strong></span> <span class='ocrx_word' id='word_1_678' title='bbox 3589 3211 3945 3294; x_wconf 73' lang='grc' dir='ltr'><strong>ένΑίθιοπίᾳ,</strong></span> 
     </span>
    </p>
   </div>
   <div class='ocr_carea' id='block_1_92' title="bbox 2357 3308 3946 3388">
    <p class='ocr_par' dir='ltr' id='par_1_92' title="bbox 2357 3308 3946 3388">
     <span class='ocr_line' id='line_1_92' title="bbox 2357 3308 3946 3388; baseline 0.004 -25"><span class='ocrx_word' id='word_1_679' title='bbox 2357 3308 2466 3363; x_wconf 85' lang='grc' dir='ltr'><strong>είτε</strong></span> <span class='ocrx_word' id='word_1_680' title='bbox 2489 3310 2547 3363; x_wconf 73' lang='grc' dir='ltr'><strong>ιν</strong></span> <span class='ocrx_word' id='word_1_681' title='bbox 2570 3312 2637 3382; x_wconf 75' lang='grc' dir='ltr'><strong>τῇ</strong></span> <span class='ocrx_word' id='word_1_682' title='bbox 2661 3312 2732 3382; x_wconf 78' lang='grc' dir='ltr'><strong>γῇ</strong></span> <span class='ocrx_word' id='word_1_683' title='bbox 2748 3310 2875 3376; x_wconf 77' lang='grc' dir='ltr'><strong>τῶν⁶</strong></span> <span class='ocrx_word' id='word_1_684' title='bbox 2889 3310 3209 3382; x_wconf 73' lang='grc' dir='ltr'><strong>Ἐλαμιτιῦν,</strong></span> <span class='ocrx_word' id='word_1_685' title='bbox 3233 3310 3343 3365; x_wconf 83' lang='grc' dir='ltr'><strong>είτε</strong></span> <span class='ocrx_word' id='word_1_686' title='bbox 3362 3313 3429 3385; x_wconf 74' lang='grc' dir='ltr'><strong>τῇ</strong></span> <span class='ocrx_word' id='word_1_687' title='bbox 3449 3311 3610 3385; x_wconf 76' lang='grc' dir='ltr'><strong>λοιπῇ</strong></span> <span class='ocrx_word' id='word_1_688' title='bbox 3625 3313 3946 3388; x_wconf 68' lang='grc' dir='ltr'><strong>οίκουμένῃ.</strong></span> 
     </span>
    </p>
   </div>
   <div class='ocr_carea' id='block_1_93' title="bbox 2355 3396 3952 3475">
    <p class='ocr_par' dir='ltr' id='par_1_93' title="bbox 2355 3396 3952 3475">
     <span class='ocr_line' id='line_1_93' title="bbox 2355 3396 3952 3475; baseline 0.003 -19"><span class='ocrx_word' id='word_1_689' title='bbox 2355 3401 2742 3475; x_wconf 79' lang='grc' dir='ltr'><strong>διεσπαρμένοι</strong></span> <span class='ocrx_word' id='word_1_690' title='bbox 2768 3402 2913 3467; x_wconf 70' lang='grc' dir='ltr'><strong>τινες</strong></span> <span class='ocrx_word' id='word_1_691' title='bbox 2937 3396 3079 3474; x_wconf 77' lang='grc' dir='ltr'><strong>ἦσαν</strong></span> <span class='ocrx_word' id='word_1_692' title='bbox 3107 3401 3202 3457; x_wconf 89' lang='grc' dir='ltr'><strong>τοῦ</strong></span> <span class='ocrx_word' id='word_1_693' title='bbox 3260 3402 3539 3459; x_wconf 72' lang='grc' dir='ltr'><strong>’Ἰουδαίων</strong></span> <span class='ocrx_word' id='word_1_694' title='bbox 3580 3403 3786 3475; x_wconf 57' lang='grc' dir='ltr'><strong>ιθνουςῆ</strong></span> <span class='ocrx_word' id='word_1_695' title='bbox 3817 3405 3952 3461; x_wconf 83' lang='grc' dir='ltr'><strong>τού-</strong></span> 
     </span>
    </p>
   </div>
   <div class='ocr_carea' id='block_1_94' title="bbox 2355 3491 3950 3569">
    <p class='ocr_par' dir='ltr' id='par_1_94' title="bbox 2355 3491 3950 3569">
     <span class='ocr_line' id='line_1_94' title="bbox 2355 3491 3950 3569; baseline 0.003 -23"><span class='ocrx_word' id='word_1_696' title='bbox 2355 3509 2464 3546; x_wconf 92' lang='grc' dir='ltr'><strong>των</strong></span> <span class='ocrx_word' id='word_1_697' title='bbox 2476 3491 2654 3547; x_wconf 83' lang='grc' dir='ltr'><strong>αὐτῶν</strong></span> <span class='ocrx_word' id='word_1_698' title='bbox 2668 3493 2795 3558; x_wconf 81' lang='grc' dir='ltr'><strong>τοὺς</strong></span> <span class='ocrx_word' id='word_1_699' title='bbox 2817 3492 2899 3557; x_wconf 89' lang='grc' dir='ltr'><strong>είς</strong></span> <span class='ocrx_word' id='word_1_700' title='bbox 2926 3492 3019 3548; x_wconf 75' lang='grc' dir='ltr'><strong>τὸν</strong></span> <span class='ocrx_word' id='word_1_701' title='bbox 3042 3492 3278 3565; x_wconf 75' lang='grc' dir='ltr'><strong>Χριστὸν</strong></span> <span class='ocrx_word' id='word_1_702' title='bbox 3308 3495 3764 3561; x_wconf 76' lang='grc' dir='ltr'><strong>πεπιστευκότας,</strong></span> <span class='ocrx_word' id='word_1_703' title='bbox 3787 3494 3950 3569; x_wconf 80' lang='grc' dir='ltr'><strong>λεῖμ-</strong></span> 
     </span>
    </p>
   </div>
   <div class='ocr_carea' id='block_1_95' title="bbox 2360 3582 3950 3657">
    <p class='ocr_par' dir='ltr' id='par_1_95' title="bbox 2360 3582 3950 3657">
     <span class='ocr_line' id='line_1_95' title="bbox 2360 3582 3950 3657; baseline 0.001 -19"><span class='ocrx_word' id='word_1_704' title='bbox 2360 3601 2438 3655; x_wconf 89' lang='grc' dir='ltr'><strong>μα</strong></span> <span class='ocrx_word' id='word_1_705' title='bbox 2465 3584 2588 3638; x_wconf 81' lang='grc' dir='ltr'><strong>κατ’</strong></span> <span class='ocrx_word' id='word_1_706' title='bbox 2621 3582 2851 3656; x_wconf 67' lang='grc' dir='ltr'><strong>ἐκλογὴν</strong></span> <span class='ocrx_word' id='word_1_707' title='bbox 2892 3582 3117 3657; x_wconf 89' lang='grc' dir='ltr'><strong>χάριτος</strong></span> <span class='ocrx_word' id='word_1_708' title='bbox 3163 3583 3512 3656; x_wconf 83' lang='grc' dir='ltr'><strong>γενομένους,</strong></span> <span class='ocrx_word' id='word_1_709' title='bbox 3556 3583 3802 3649; x_wconf 78' lang='grc' dir='ltr'><strong>δοξάσειν</strong></span> <span class='ocrx_word' id='word_1_710' title='bbox 3845 3586 3950 3640; x_wconf 82' lang='grc' dir='ltr'><strong>καὶ</strong></span> 
     </span>
    </p>
   </div>
   <div class='ocr_carea' id='block_1_96' title="bbox 2357 3675 3950 3753">
    <p class='ocr_par' dir='ltr' id='par_1_96' title="bbox 2357 3675 3950 3753">
     <span class='ocr_line' id='line_1_96' title="bbox 2357 3675 3950 3753; baseline 0.003 -23"><span class='ocrx_word' id='word_1_711' title='bbox 2357 3677 2607 3749; x_wconf 78' lang='grc' dir='ltr'><strong>ποιήσειν</strong></span> <span class='ocrx_word' id='word_1_712' title='bbox 2632 3675 2906 3748; x_wconf 78' lang='grc' dir='ltr'><strong>ζηλωτοὺς</strong></span> <span class='ocrx_word' id='word_1_713' title='bbox 2933 3675 3168 3749; x_wconf 73' lang='grc' dir='ltr'><strong>εἴρηται.</strong></span> <span class='ocrx_word' id='word_1_714' title='bbox 3199 3677 3265 3729; x_wconf 90' lang='grc' dir='ltr'><strong>Ὃ</strong></span> <span class='ocrx_word' id='word_1_715' title='bbox 3301 3676 3367 3750; x_wconf 78' lang='grc' dir='ltr'><strong>δὴ</strong></span> <span class='ocrx_word' id='word_1_716' title='bbox 3400 3677 3494 3731; x_wconf 79' lang='grc' dir='ltr'><strong>καὶ</strong></span> <span class='ocrx_word' id='word_1_717' title='bbox 3524 3676 3707 3750; x_wconf 82' lang='grc' dir='ltr'><strong>εργοις</strong></span> <span class='ocrx_word' id='word_1_718' title='bbox 3730 3677 3950 3753; x_wconf 67' lang='grc' dir='ltr'><strong>ἐδηλοῦ-</strong></span> 
     </span>
    </p>
   </div>
   <div class='ocr_carea' id='block_1_97' title="bbox 2356 3767 3951 3841">
    <p class='ocr_par' dir='ltr' id='par_1_97' title="bbox 2356 3767 3951 3841">
     <span class='ocr_line' id='line_1_97' title="bbox 2356 3767 3951 3841; baseline 0.004 -18"><span class='ocrx_word' id='word_1_719' title='bbox 2356 3786 2437 3823; x_wconf 77' lang='grc' dir='ltr'><strong>το’</strong></span> <span class='ocrx_word' id='word_1_720' title='bbox 2472 3768 2560 3823; x_wconf 82' lang='grc' dir='ltr'><strong>διὰ</strong></span> <span class='ocrx_word' id='word_1_721' title='bbox 2582 3769 2692 3841; x_wconf 83' lang='grc' dir='ltr'><strong>γὰρ</strong></span> <span class='ocrx_word' id='word_1_722' title='bbox 2717 3767 2827 3823; x_wconf 86' lang='grc' dir='ltr'><strong>τῶν</strong></span> <span class='ocrx_word' id='word_1_723' title='bbox 2856 3767 3023 3824; x_wconf 82' lang='grc' dir='ltr'><strong>αὐτοῦ</strong></span> <span class='ocrx_word' id='word_1_724' title='bbox 3056 3767 3314 3841; x_wconf 83' lang='grc' dir='ltr'><strong>μαθητῶν</strong></span> <span class='ocrx_word' id='word_1_725' title='bbox 3346 3770 3441 3825; x_wconf 76' lang='grc' dir='ltr'><strong>καὶ</strong></span> <span class='ocrx_word' id='word_1_726' title='bbox 3463 3771 3797 3839; x_wconf 85' lang='grc' dir='ltr'><strong>ἀποστόλων,</strong></span> <span class='ocrx_word' id='word_1_727' title='bbox 3831 3771 3951 3830; x_wconf 83' lang='grc' dir='ltr'><strong>τῶν</strong></span> 
     </span>
    </p>
   </div>
   <div class='ocr_carea' id='block_1_98' title="bbox 2356 3859 3950 3939">
    <p class='ocr_par' dir='ltr' id='par_1_98' title="bbox 2356 3859 3950 3939">
     <span class='ocr_line' id='line_1_98' title="bbox 2356 3859 3950 3939; baseline 0.003 -24"><span class='ocrx_word' id='word_1_728' title='bbox 2356 3877 2418 3915; x_wconf 88' lang='grc' dir='ltr'><strong>τε</strong></span> <span class='ocrx_word' id='word_1_729' title='bbox 2444 3859 2648 3916; x_wconf 84' lang='grc' dir='ltr'><strong>λοιπῶν</strong></span> <span class='ocrx_word' id='word_1_730' title='bbox 2674 3859 2784 3916; x_wconf 87' lang='grc' dir='ltr'><strong>τῶν</strong></span> <span class='ocrx_word' id='word_1_731' title='bbox 2801 3860 2861 3926; x_wconf 77' lang='grc' dir='ltr'><strong>ιξ</strong></span> <span class='ocrx_word' id='word_1_732' title='bbox 2893 3859 3163 3915; x_wconf 81' lang='grc' dir='ltr'><strong>Ἰουδαίων</strong></span> <span class='ocrx_word' id='word_1_733' title='bbox 3191 3860 3284 3916; x_wconf 81' lang='grc' dir='ltr'><strong>τὸν</strong></span> <span class='ocrx_word' id='word_1_734' title='bbox 3307 3863 3544 3935; x_wconf 82' lang='grc' dir='ltr'><strong>Χριστοῦ</strong></span> <span class='ocrx_word' id='word_1_735' title='bbox 3576 3863 3733 3934; x_wconf 91' lang='grc' dir='ltr'><strong>λόγον</strong></span> <span class='ocrx_word' id='word_1_736' title='bbox 3757 3881 3950 3939; x_wconf 81' lang='grc' dir='ltr'><strong>παρα-</strong></span> 
     </span>
    </p>
   </div>
   <div class='ocr_carea' id='block_1_99' title="bbox 2357 3951 3950 4032">
    <p class='ocr_par' dir='ltr' id='par_1_99' title="bbox 2357 3951 3950 4032">
     <span class='ocr_line' id='line_1_99' title="bbox 2357 3951 3950 4032; baseline 0.004 -27"><span class='ocrx_word' id='word_1_737' title='bbox 2357 3951 2715 4024; x_wconf 80' lang='grc' dir='ltr'><strong>δεδεγμένων,</strong></span> <span class='ocrx_word' id='word_1_738' title='bbox 2745 3954 2780 4024; x_wconf 86' lang='grc' dir='ltr'><strong>ἡ</strong></span> <span class='ocrx_word' id='word_1_739' title='bbox 2822 3953 3117 4024; x_wconf 76' lang='grc' dir='ltr'><strong>Ἐκκλησία</strong></span> <span class='ocrx_word' id='word_1_740' title='bbox 3160 3954 3255 4009; x_wconf 89' lang='grc' dir='ltr'><strong>τοῦ</strong></span> <span class='ocrx_word' id='word_1_741' title='bbox 3283 3954 3420 4011; x_wconf 83' lang='grc' dir='ltr'><strong>Θεοῦ</strong></span> <span class='ocrx_word' id='word_1_742' title='bbox 3460 3955 3715 4028; x_wconf 82' lang='grc' dir='ltr'><strong>συνέστη,</strong></span> <span class='ocrx_word' id='word_1_743' title='bbox 3762 3957 3858 4012; x_wconf 75' lang='grc' dir='ltr'><strong>καὶ</strong></span> <span class='ocrx_word' id='word_1_744' title='bbox 3907 3959 3950 4032; x_wconf 69' lang='grc' dir='ltr'><strong>η</strong></span> 
     </span>
    </p>
   </div>
   <div class='ocr_carea' id='block_1_100' title="bbox 2374 4044 3950 4123">
    <p class='ocr_par' dir='ltr' id='par_1_100' title="bbox 2374 4044 3950 4123">
     <span class='ocr_line' id='line_1_100' title="bbox 2374 4044 3950 4123; baseline 0.004 -25"><span class='ocrx_word' id='word_1_745' title='bbox 2374 4045 2666 4117; x_wconf 83' lang='grc' dir='ltr'><strong>Ἐκκλησία</strong></span> <span class='ocrx_word' id='word_1_746' title='bbox 2692 4045 2801 4106; x_wconf 84' lang='grc' dir='ltr'><strong>τῶν</strong></span> <span class='ocrx_word' id='word_1_747' title='bbox 2825 4044 2995 4102; x_wconf 72' lang='grc' dir='ltr'><strong>ἑθνῶν</strong></span> <span class='ocrx_word' id='word_1_748' title='bbox 3011 4048 3268 4103; x_wconf 81' lang='grc' dir='ltr'><strong>ἀπάντων</strong></span> <span class='ocrx_word' id='word_1_749' title='bbox 3281 4048 3349 4103; x_wconf 84' lang='grc' dir='ltr'><strong>δι’</strong></span> <span class='ocrx_word' id='word_1_750' title='bbox 3378 4049 3554 4104; x_wconf 77' lang='grc' dir='ltr'><strong>αὐτῶν</strong></span> <span class='ocrx_word' id='word_1_751' title='bbox 3581 4048 3950 4123; x_wconf 79' lang='grc' dir='ltr'><strong>ἀπετελέσθη,</strong></span> 
     </span>
    </p>
   </div>
   <div class='ocr_carea' id='block_1_101' title="bbox 2358 4136 3950 4207">
    <p class='ocr_par' dir='ltr' id='par_1_101' title="bbox 2358 4136 3950 4207">
     <span class='ocr_line' id='line_1_101' title="bbox 2358 4136 3950 4207; baseline 0.003 -15"><span class='ocrx_word' id='word_1_752' title='bbox 2358 4136 2455 4192; x_wconf 82' lang='grc' dir='ltr'><strong>καὶ</strong></span> <span class='ocrx_word' id='word_1_753' title='bbox 2483 4137 2545 4191; x_wconf 77' lang='grc' dir='ltr'><strong>τὺ</strong></span> <span class='ocrx_word' id='word_1_754' title='bbox 2575 4136 2906 4207; x_wconf 75' lang='grc' dir='ltr'><strong>Εὑαγγέλιον</strong></span> <span class='ocrx_word' id='word_1_755' title='bbox 2951 4139 3085 4193; x_wconf 74' lang='grc' dir='ltr'><strong>πᾶσι</strong></span> <span class='ocrx_word' id='word_1_756' title='bbox 3128 4138 3379 4195; x_wconf 79' lang='grc' dir='ltr'><strong>διεδίδοτο</strong></span> <span class='ocrx_word' id='word_1_757' title='bbox 3416 4141 3530 4207; x_wconf 74' lang='grc' dir='ltr'><strong>τοῖς</strong></span> <span class='ocrx_word' id='word_1_758' title='bbox 3578 4140 3776 4207; x_wconf 74' lang='grc' dir='ltr'><strong>ἔθνεσι,</strong></span> <span class='ocrx_word' id='word_1_759' title='bbox 3812 4159 3950 4198; x_wconf 86' lang='grc' dir='ltr'><strong>συν-</strong></span> 
     </span>
    </p>
   </div>
   <div class='ocr_carea' id='block_1_102' title="bbox 2359 4225 3948 4305">
    <p class='ocr_par' dir='ltr' id='par_1_102' title="bbox 2359 4225 3948 4305">
     <span class='ocr_line' id='line_1_102' title="bbox 2359 4225 3948 4305; baseline 0.007 -25"><span class='ocrx_word' id='word_1_760' title='bbox 2359 4226 2859 4300; x_wconf 86' lang='grc' dir='ltr'><strong>επιμαρτυροῦντος</strong></span> <span class='ocrx_word' id='word_1_761' title='bbox 2880 4225 2976 4282; x_wconf 90' lang='grc' dir='ltr'><strong>τοῦ</strong></span> <span class='ocrx_word' id='word_1_762' title='bbox 3004 4226 3140 4282; x_wconf 85' lang='grc' dir='ltr'><strong>Θεοῦ</strong></span> <span class='ocrx_word' id='word_1_763' title='bbox 3165 4229 3432 4301; x_wconf 80' lang='grc' dir='ltr'><strong>σημείοις,</strong></span> <span class='ocrx_word' id='word_1_764' title='bbox 3465 4231 3561 4286; x_wconf 68' lang='grc' dir='ltr'><strong>καὶ</strong></span> <span class='ocrx_word' id='word_1_765' title='bbox 3591 4231 3804 4305; x_wconf 87' lang='grc' dir='ltr'><strong>τέρασι,</strong></span> <span class='ocrx_word' id='word_1_766' title='bbox 3842 4233 3948 4291; x_wconf 78' lang='grc' dir='ltr'><strong>καὶ</strong></span> 
     </span>
    </p>
   </div>
   <div class='ocr_carea' id='block_1_103' title="bbox 2360 4312 3947 4398">
    <p class='ocr_par' dir='ltr' id='par_1_103' title="bbox 2360 4312 3947 4398">
     <span class='ocr_line' id='line_1_103' title="bbox 2360 4312 3947 4398; baseline 0.007 -27"><span class='ocrx_word' id='word_1_767' title='bbox 2360 4312 2631 4383; x_wconf 71' lang='grc' dir='ltr'><strong>ποικίλαις</strong></span> <span class='ocrx_word' id='word_1_768' title='bbox 2655 4318 2937 4391; x_wconf 73' lang='grc' dir='ltr'><strong>δυνάμεσι,</strong></span> <span class='ocrx_word' id='word_1_769' title='bbox 2971 4319 3067 4374; x_wconf 75' lang='grc' dir='ltr'><strong>καὶ</strong></span> <span class='ocrx_word' id='word_1_770' title='bbox 3092 4320 3414 4394; x_wconf 80' lang='grc' dir='ltr'><strong>Πνεῦματος</strong></span> <span class='ocrx_word' id='word_1_771' title='bbox 3442 4323 3600 4394; x_wconf 86' lang='grc' dir='ltr'><strong>ἁγίου</strong></span> <span class='ocrx_word' id='word_1_772' title='bbox 3629 4330 3947 4398; x_wconf 77' lang='grc' dir='ltr'><strong>μερισμοῖς·</strong></span> 
     </span>
    </p>
   </div>
   <div class='ocr_carea' id='block_1_104' title="bbox 2358 4411 3948 4492">
    <p class='ocr_par' dir='ltr' id='par_1_104' title="bbox 2358 4411 3948 4492">
     <span class='ocr_line' id='line_1_104' title="bbox 2358 4411 3948 4492; baseline 0.008 -27"><span class='ocrx_word' id='word_1_773' title='bbox 2358 4411 2452 4476; x_wconf 77' lang='grc' dir='ltr'><strong>οὒς</strong></span> <span class='ocrx_word' id='word_1_774' title='bbox 2483 4414 2578 4466; x_wconf 70' lang='grc' dir='ltr'><strong>κα)⁸</strong></span> <span class='ocrx_word' id='word_1_775' title='bbox 2606 4411 2880 4486; x_wconf 77' lang='grc' dir='ltr'><strong>ζηλωτοὺς</strong></span> <span class='ocrx_word' id='word_1_776' title='bbox 2906 4416 2935 4469; x_wconf 87' lang='grc' dir='ltr'><strong>ό</strong></span> <span class='ocrx_word' id='word_1_777' title='bbox 2964 4414 3096 4480; x_wconf 76' lang='grc' dir='ltr'><strong>Θεὸς</strong></span> <span class='ocrx_word' id='word_1_778' title='bbox 3121 4416 3316 4482; x_wconf 70' lang='grc' dir='ltr'><strong>ἐποίει,</strong></span> <span class='ocrx_word' id='word_1_779' title='bbox 3348 4420 3441 4473; x_wconf 73' lang='grc' dir='ltr'><strong>καὶ</strong></span> <span class='ocrx_word' id='word_1_780' title='bbox 3473 4419 3628 4492; x_wconf 75' lang='grc' dir='ltr'><strong>παρὰ</strong></span> <span class='ocrx_word' id='word_1_781' title='bbox 3652 4421 3820 4476; x_wconf 67' lang='grc' dir='ltr'><strong>πᾶσιν</strong></span> <span class='ocrx_word' id='word_1_782' title='bbox 3849 4421 3948 4479; x_wconf 72' lang='grc' dir='ltr'><strong>έν-</strong></span> 
     </span>
    </p>
   </div>
   <div class='ocr_carea' id='block_1_105' title="bbox 2291 4503 3950 4587">
    <p class='ocr_par' dir='ltr' id='par_1_105' title="bbox 2291 4503 3950 4587">
     <span class='ocr_line' id='line_1_105' title="bbox 2291 4503 3950 4587; baseline 0.008 -30"><span class='ocrx_word' id='word_1_783' title='bbox 2291 4513 2335 4577; x_wconf 80' lang='grc' dir='ltr'><strong>ι)</strong></span> <span class='ocrx_word' id='word_1_784' title='bbox 2361 4503 2564 4572; x_wconf 75' lang='grc' dir='ltr'><strong>δόξους,</strong></span> <span class='ocrx_word' id='word_1_785' title='bbox 2596 4507 2721 4571; x_wconf 82' lang='grc' dir='ltr'><strong>τοὺς</strong></span> <span class='ocrx_word' id='word_1_786' title='bbox 2751 4507 2859 4564; x_wconf 76' lang='grc' dir='ltr'><strong>,τὸν</strong></span> <span class='ocrx_word' id='word_1_787' title='bbox 2901 4509 3406 4583; x_wconf 86' lang='grc' dir='ltr'><strong>καταγγελλόμενον</strong></span> <span class='ocrx_word' id='word_1_788' title='bbox 3445 4511 3538 4565; x_wconf 81' lang='grc' dir='ltr'><strong>ὑπ’</strong></span> <span class='ocrx_word' id='word_1_789' title='bbox 3581 4512 3762 4568; x_wconf 85' lang='grc' dir='ltr'><strong>αὐτῶν</strong></span> <span class='ocrx_word' id='word_1_790' title='bbox 3783 4513 3950 4587; x_wconf 77' lang='grc' dir='ltr'><strong>λόγον</strong></span> 
     </span>
    </p>
   </div>
   <div class='ocr_carea' id='block_1_106' title="bbox 2365 4598 2855 4683">
    <p class='ocr_par' dir='ltr' id='par_1_106' title="bbox 2365 4598 2855 4683">
     <span class='ocr_line' id='line_1_106' title="bbox 2365 4598 2855 4683; baseline 0.004 -31"><span class='ocrx_word' id='word_1_791' title='bbox 2365 4598 2855 4683; x_wconf 83' lang='grc' dir='ltr'><strong>παραδεχομένους.</strong></span> 
     </span>
    </p>
   </div>
   <div class='ocr_carea' id='block_1_107' title="bbox 2440 4692 3952 4772">
    <p class='ocr_par' dir='ltr' id='par_1_107' title="bbox 2440 4692 3952 4772">
     <span class='ocr_line' id='line_1_107' title="bbox 2440 4692 3952 4772; baseline 0.008 -27"><span class='ocrx_word' id='word_1_792' title='bbox 2440 4712 2459 4744; x_wconf 77' lang='grc' dir='ltr'><strong>ι</strong></span> <span class='ocrx_word' id='word_1_793' title='bbox 2484 4692 2752 4764; x_wconf 56' lang='lat' dir='ltr'><strong>Kal;de</strong></span> <span class='ocrx_word' id='word_1_794' title='bbox 2794 4697 3020 4766; x_wconf 81' lang='grc' dir='ltr'><strong>σημεῖον</strong></span> <span class='ocrx_word' id='word_1_795' title='bbox 3052 4698 3133 4761; x_wconf 74' lang='grc' dir='ltr'><strong>εἰς</strong></span> <span class='ocrx_word' id='word_1_796' title='bbox 3154 4696 3225 4752; x_wconf 83' lang='grc' dir='ltr'><strong>τὰ</strong></span> <span class='ocrx_word' id='word_1_797' title='bbox 3254 4697 3406 4772; x_wconf 76' lang='grc' dir='ltr'><strong>εθνη,</strong></span> <span class='ocrx_word' id='word_1_798' title='bbox 3437 4701 3532 4756; x_wconf 75' lang='grc' dir='ltr'><strong>καὶ</strong></span> <span class='ocrx_word' id='word_1_799' title='bbox 3570 4699 3786 4770; x_wconf 76' lang='grc' dir='ltr'><strong>συνάξει</strong></span> <span class='ocrx_word' id='word_1_800' title='bbox 3815 4701 3952 4770; x_wconf 73' lang='grc' dir='ltr'><strong>τοὺς</strong></span> 
     </span>
    </p>
   </div>
   <div class='ocr_carea' id='block_1_108' title="bbox 2363 4779 3952 4862">
    <p class='ocr_par' dir='ltr' id='par_1_108' title="bbox 2363 4779 3952 4862">
     <span class='ocr_line' id='line_1_108' title="bbox 2363 4779 3952 4862; baseline 0.009 -29"><span class='ocrx_word' id='word_1_801' title='bbox 2363 4779 2729 4853; x_wconf 77' lang='grc' dir='ltr'><strong>ἀπολομένους</strong></span> <span class='ocrx_word' id='word_1_802' title='bbox 2773 4783 3009 4856; x_wconf 78' lang='grc' dir='ltr'><strong>Ἰσραὴλ,</strong></span> <span class='ocrx_word' id='word_1_803' title='bbox 3043 4787 3289 4852; x_wconf 75' lang='grc' dir='ltr'><strong>καὶτοὺς</strong></span> <span class='ocrx_word' id='word_1_804' title='bbox 3307 4787 3738 4862; x_wconf 84' lang='grc' dir='ltr'><strong>διεσπαρμένους</strong></span> <span class='ocrx_word' id='word_1_805' title='bbox 3774 4789 3952 4848; x_wconf 72' lang='grc' dir='ltr'><strong>Ἰούδα</strong></span> 
     </span>
    </p>
   </div>
   <div class='ocr_carea' id='block_1_109' title="bbox 2365 4873 3952 4955">
    <p class='ocr_par' dir='ltr' id='par_1_109' title="bbox 2365 4873 3952 4955">
     <span class='ocr_line' id='line_1_109' title="bbox 2365 4873 3952 4955; baseline 0.008 -29"><span class='ocrx_word' id='word_1_806' title='bbox 2365 4873 2579 4940; x_wconf 77' lang='grc' dir='ltr'><strong>συνάξει</strong></span> <span class='ocrx_word' id='word_1_807' title='bbox 2621 4877 2687 4930; x_wconf 74' lang='grc' dir='ltr'><strong>ἐκ</strong></span> <span class='ocrx_word' id='word_1_808' title='bbox 2732 4875 3151 4949; x_wconf 84' lang='grc' dir='ltr'><strong>τῶν-τεσσάρων</strong></span> <span class='ocrx_word' id='word_1_809' title='bbox 3193 4880 3481 4954; x_wconf 82' lang='grc' dir='ltr'><strong>πτερύγων</strong></span> <span class='ocrx_word' id='word_1_810' title='bbox 3523 4882 3624 4954; x_wconf 82' lang='grc' dir='ltr'><strong>τῆς</strong></span> <span class='ocrx_word' id='word_1_811' title='bbox 3653 4881 3780 4955; x_wconf 79' lang='grc' dir='ltr'><strong>γῆς.</strong></span> <span class='ocrx_word' id='word_1_812' title='bbox 3830 4884 3952 4945; x_wconf 68' lang='grc' dir='ltr'><strong>Καὶ</strong></span> 
     </span>
    </p>
   </div>
   <div class='ocr_carea' id='block_1_110' title="bbox 2360 4967 3951 5056">
    <p class='ocr_par' dir='ltr' id='par_1_110' title="bbox 2360 4967 3951 5056">
     <span class='ocr_line' id='line_1_110' title="bbox 2360 4967 3951 5056; baseline 0.008 -35"><span class='ocrx_word' id='word_1_813' title='bbox 2360 4967 2786 5056; x_wconf 61' lang='grc' dir='ltr'><strong>ἀφαιρεθήσεται</strong></span> <span class='ocrx_word' id='word_1_814' title='bbox 2811 4970 2840 5022; x_wconf 88' lang='grc' dir='ltr'><strong>ό</strong></span> <span class='ocrx_word' id='word_1_815' title='bbox 2874 4969 3036 5040; x_wconf 79' lang='grc' dir='ltr'><strong>ζῆλος</strong></span> <span class='ocrx_word' id='word_1_816' title='bbox 3061 4971 3322 5044; x_wconf 79' lang='grc' dir='ltr'><strong>Ἐφραῒμ,</strong></span> <span class='ocrx_word' id='word_1_817' title='bbox 3348 4975 3516 5029; x_wconf 82' lang='grc' dir='ltr'><strong>καἱοί</strong></span> <span class='ocrx_word' id='word_1_818' title='bbox 3542 4975 3727 5049; x_wconf 75' lang='grc' dir='ltr'><strong>ἐχθροὶ</strong></span> <span class='ocrx_word' id='word_1_819' title='bbox 3771 4974 3951 5033; x_wconf 82' lang='grc' dir='ltr'><strong>Ἰούδα</strong></span> 
     </span>
    </p>
   </div>
   <div class='ocr_carea' id='block_1_111' title="bbox 2358 5057 3952 5133">
    <p class='ocr_par' dir='ltr' id='par_1_111' title="bbox 2358 5057 3952 5133">
     <span class='ocr_line' id='line_1_111' title="bbox 2358 5057 3952 5133; baseline 0.006 -22"><span class='ocrx_word' id='word_1_820' title='bbox 2358 5057 2704 5113; x_wconf 84' lang='grc' dir='ltr'><strong>ἀπολοῦνται.</strong></span> <span class='ocrx_word' id='word_1_821' title='bbox 2744 5058 2985 5131; x_wconf 70' lang='grc' dir='ltr'><strong>Ἐφραίμ</strong></span> <span class='ocrx_word' id='word_1_822' title='bbox 3014 5061 3075 5114; x_wconf 83' lang='grc' dir='ltr'><strong>ού</strong></span> <span class='ocrx_word' id='word_1_823' title='bbox 3101 5059 3332 5132; x_wconf 79' lang='grc' dir='ltr'><strong>ζηλώσει</strong></span> <span class='ocrx_word' id='word_1_824' title='bbox 3365 5062 3584 5132; x_wconf 80' lang='grc' dir='ltr'><strong>Ἰούδαν,</strong></span> <span class='ocrx_word' id='word_1_825' title='bbox 3610 5063 3704 5119; x_wconf 79' lang='grc' dir='ltr'><strong>καὶ</strong></span> <span class='ocrx_word' id='word_1_826' title='bbox 3745 5063 3952 5133; x_wconf 85' lang='grc' dir='ltr'><strong>Ἰούδας</strong></span> 
     </span>
    </p>
   </div>
   <div class='ocr_carea' id='block_1_112' title="bbox 2357 5148 3951 5228">
    <p class='ocr_par' dir='ltr' id='par_1_112' title="bbox 2357 5148 3951 5228">
     <span class='ocr_line' id='line_1_112' title="bbox 2357 5148 3951 5228; baseline 0.006 -26"><span class='ocrx_word' id='word_1_827' title='bbox 2357 5149 2418 5203; x_wconf 85' lang='grc' dir='ltr'><strong>οὺ</strong></span> <span class='ocrx_word' id='word_1_828' title='bbox 2467 5148 2642 5220; x_wconf 78' lang='grc' dir='ltr'><strong>θλίψει</strong></span> <span class='ocrx_word' id='word_1_829' title='bbox 2702 5150 2960 5222; x_wconf 78' lang='grc' dir='ltr'><strong>Ἐφρατμ.</strong></span> <span class='ocrx_word' id='word_1_830' title='bbox 2993 5170 3012 5203; x_wconf 77' lang='grc' dir='ltr'><strong>ι</strong></span> <span class='ocrx_word' id='word_1_831' title='bbox 3067 5151 3310 5224; x_wconf 82' lang='grc' dir='ltr'><strong>Πρώτοις</strong></span> <span class='ocrx_word' id='word_1_832' title='bbox 3359 5154 3469 5228; x_wconf 85' lang='grc' dir='ltr'><strong>γὰρ</strong></span> <span class='ocrx_word' id='word_1_833' title='bbox 3499 5154 3862 5227; x_wconf 79' lang='grc' dir='ltr'><strong>κηρύττοντεε</strong></span> <span class='ocrx_word' id='word_1_834' title='bbox 3888 5159 3951 5212; x_wconf 81' lang='grc' dir='ltr'><strong>οι</strong></span> 
     </span>
    </p>
   </div>
   <div class='ocr_carea' id='block_1_113' title="bbox 2361 5242 3950 5322">
    <p class='ocr_par' dir='ltr' id='par_1_113' title="bbox 2361 5242 3950 5322">
     <span class='ocr_line' id='line_1_113' title="bbox 2361 5242 3950 5322; baseline 0.005 -25"><span class='ocrx_word' id='word_1_835' title='bbox 2361 5242 2596 5315; x_wconf 87' lang='grc' dir='ltr'><strong>Χριστοῦ</strong></span> <span class='ocrx_word' id='word_1_836' title='bbox 2631 5243 2869 5315; x_wconf 74' lang='grc' dir='ltr'><strong>μαθηταὶ</strong></span> <span class='ocrx_word' id='word_1_837' title='bbox 2889 5246 3000 5309; x_wconf 83' lang='grc' dir='ltr'><strong>τοῖς</strong></span> <span class='ocrx_word' id='word_1_838' title='bbox 3025 5245 3090 5299; x_wconf 81' lang='grc' dir='ltr'><strong>ὲκ</strong></span> <span class='ocrx_word' id='word_1_839' title='bbox 3120 5247 3442 5320; x_wconf 85' lang='grc' dir='ltr'><strong>περιτομῆς,</strong></span> <span class='ocrx_word' id='word_1_840' title='bbox 3469 5250 3701 5320; x_wconf 80' lang='grc' dir='ltr'><strong>συνῆγον</strong></span> <span class='ocrx_word' id='word_1_841' title='bbox 3728 5251 3856 5316; x_wconf 80' lang='grc' dir='ltr'><strong>τοὺς</strong></span> <span class='ocrx_word' id='word_1_842' title='bbox 3881 5251 3950 5322; x_wconf 66' lang='grc' dir='ltr'>ἐξ</span> 
     </span>
    </p>
   </div>
   <div class='ocr_carea' id='block_1_114' title="bbox 2362 5336 3945 5415">
    <p class='ocr_par' dir='ltr' id='par_1_114' title="bbox 2362 5336 3945 5415">
     <span class='ocr_line' id='line_1_114' title="bbox 2362 5336 3945 5415; baseline 0.004 -24"><span class='ocrx_word' id='word_1_843' title='bbox 2362 5336 2540 5408; x_wconf 80' lang='grc' dir='ltr'><strong>αὐτῶν</strong></span> <span class='ocrx_word' id='word_1_844' title='bbox 2566 5337 2997 5415; x_wconf 81' lang='grc' dir='ltr'><strong>πεπιστευκότας</strong></span> <span class='ocrx_word' id='word_1_845' title='bbox 3013 5339 3092 5402; x_wconf 81' lang='grc' dir='ltr'><strong>εις</strong></span> <span class='ocrx_word' id='word_1_846' title='bbox 3104 5337 3202 5411; x_wconf 83' lang='grc' dir='ltr'><strong>τὴν</strong></span> <span class='ocrx_word' id='word_1_847' title='bbox 3221 5339 3314 5394; x_wconf 89' lang='grc' dir='ltr'><strong>τοῦ</strong></span> <span class='ocrx_word' id='word_1_848' title='bbox 3335 5340 3572 5413; x_wconf 83' lang='grc' dir='ltr'><strong>Χριστοῦ</strong></span> <span class='ocrx_word' id='word_1_849' title='bbox 3591 5341 3945 5414; x_wconf 80' lang='grc' dir='ltr'><strong>Ἐκκλησίαν,</strong></span> 
     </span>
    </p>
   </div>
   <div class='ocr_carea' id='block_1_115' title="bbox 2362 5429 3950 5510">
    <p class='ocr_par' dir='ltr' id='par_1_115' title="bbox 2362 5429 3950 5510">
     <span class='ocr_line' id='line_1_115' title="bbox 2362 5429 3950 5510; baseline 0.001 -25"><span class='ocrx_word' id='word_1_850' title='bbox 2362 5429 2528 5485; x_wconf 85' lang='grc' dir='ltr'><strong>πάλαι</strong></span> <span class='ocrx_word' id='word_1_851' title='bbox 2554 5431 2715 5496; x_wconf 81' lang='grc' dir='ltr'><strong>δντας</strong></span> <span class='ocrx_word' id='word_1_852' title='bbox 2753 5430 3142 5504; x_wconf 82' lang='grc' dir='ltr'><strong>ἀπολομένους,</strong></span> <span class='ocrx_word' id='word_1_853' title='bbox 3171 5431 3294 5486; x_wconf 85' lang='grc' dir='ltr'><strong>καθ’</strong></span> <span class='ocrx_word' id='word_1_854' title='bbox 3328 5433 3357 5488; x_wconf 87' lang='grc' dir='ltr'><strong>δ</strong></span> <span class='ocrx_word' id='word_1_855' title='bbox 3388 5433 3667 5489; x_wconf 70' lang='grc' dir='ltr'><strong>ἐδίδασκεν</strong></span> <span class='ocrx_word' id='word_1_856' title='bbox 3691 5434 3721 5487; x_wconf 88' lang='grc' dir='ltr'><strong>ό</strong></span> <span class='ocrx_word' id='word_1_857' title='bbox 3751 5435 3950 5510; x_wconf 76' lang='grc' dir='ltr'><strong>Σωτὴρ</strong></span> 
     </span>
    </p>
   </div>
   <div class='ocr_carea' id='block_1_116' title="bbox 2360 5523 3950 5600">
    <p class='ocr_par' dir='ltr' id='par_1_116' title="bbox 2360 5523 3950 5600">
     <span class='ocr_line' id='line_1_116' title="bbox 2360 5523 3950 5600; baseline 0.004 -22"><span class='ocrx_word' id='word_1_858' title='bbox 2360 5523 2553 5596; x_wconf 71' lang='grc' dir='ltr'><strong>λέγων’</strong></span> <span class='ocrx_word' id='word_1_859' title='bbox 2586 5544 2606 5578; x_wconf 77' lang='grc' dir='ltr'><strong>ε</strong></span> <span class='ocrx_word' id='word_1_860' title='bbox 2635 5523 2940 5596; x_wconf 83' lang='grc' dir='ltr'><strong>Πορεύεσθε</strong></span> <span class='ocrx_word' id='word_1_861' title='bbox 2977 5525 3114 5599; x_wconf 81' lang='grc' dir='ltr'><strong>πρὸς</strong></span> <span class='ocrx_word' id='word_1_862' title='bbox 3143 5525 3214 5582; x_wconf 85' lang='grc' dir='ltr'><strong>τὰ</strong></span> <span class='ocrx_word' id='word_1_863' title='bbox 3243 5526 3493 5600; x_wconf 76' lang='grc' dir='ltr'><strong>πρόϐατα</strong></span> <span class='ocrx_word' id='word_1_864' title='bbox 3527 5527 3599 5582; x_wconf 84' lang='grc' dir='ltr'><strong>τὰ</strong></span> <span class='ocrx_word' id='word_1_865' title='bbox 3626 5526 3950 5584; x_wconf 84' lang='grc' dir='ltr'><strong>ἀπολωλότα</strong></span> 
     </span>
    </p>
   </div>
   <div class='ocr_carea' id='block_1_117' title="bbox 2359 5616 3949 5696">
    <p class='ocr_par' dir='ltr' id='par_1_117' title="bbox 2359 5616 3949 5696">
     <span class='ocr_line' id='line_1_117' title="bbox 2359 5616 3949 5696; baseline 0.004 -26"><span class='ocrx_word' id='word_1_866' title='bbox 2359 5616 2509 5672; x_wconf 74' lang='grc' dir='ltr'><strong>οἴκου</strong></span> <span class='ocrx_word' id='word_1_867' title='bbox 2550 5616 2786 5690; x_wconf 81' lang='grc' dir='ltr'><strong>Ἰσραήλ.</strong></span> <span class='ocrx_word' id='word_1_868' title='bbox 2826 5635 2846 5672; x_wconf 75' lang='grc' dir='ltr'><strong>ι</strong></span> <span class='ocrx_word' id='word_1_869' title='bbox 2874 5617 3060 5676; x_wconf 87' lang='grc' dir='ltr'><strong>Ταῦτα</strong></span> <span class='ocrx_word' id='word_1_870' title='bbox 3083 5616 3141 5675; x_wconf 69' lang='grc' dir='ltr'><strong>δὲ</strong></span> <span class='ocrx_word' id='word_1_871' title='bbox 3162 5616 3430 5693; x_wconf 79' lang='grc' dir='ltr'><strong>ἔπραττον</strong></span> <span class='ocrx_word' id='word_1_872' title='bbox 3443 5620 3503 5677; x_wconf 75' lang='grc' dir='ltr'><strong>ὲν</strong></span> <span class='ocrx_word' id='word_1_873' title='bbox 3532 5622 3652 5688; x_wconf 76' lang='grc' dir='ltr'><strong>ταῖς</strong></span> <span class='ocrx_word' id='word_1_874' title='bbox 3679 5619 3949 5696; x_wconf 88' lang='grc' dir='ltr'><strong>τέσσαρσι</strong></span> 
     </span>
    </p>
   </div>
  </div>
