4120 6294
239 320 336 378 177

1204 316 1709 376 COMMENTARIA
1748 315 1814 371 ΙΝ
1856 315 2110 374 ιεΑιΑιι.
2151 350 2220 359 -
2257 315 2412 373 CAP.
2451 312 2547 374 XI.

3419 309 3521 364 £73

236 436 463 513 πτὶρυξι
492 440 593 513 τῆς
640 443 773 513 γῆς,
798 441 1180 512 διατρέχοντες
1206 438 1473 511 ἀνατολὴν
1516 439 1612 493 καὶ
1656 436 1829 501 δύσιν,

1938 447 2134 492 terrae:
2169 436 2448 493 Orientem
2493 444 2551 491 et
2580 432 2951 496 Occidentem,
2989 429 3428 503 Septentrionem
3468 439 3523 481 et

235 530 438 602 ἄρκτον
483 531 578 584 καὶ
629 530 1003 603 μεσημϐρίαν.
1046 530 1289 602 Πρώτοις
1324 532 1422 601 μὲν
1475 526 1569 584 οὖν
1606 529 1833 593 ἐκείνοις

240 622 584 692 μετεδίδοσαν
612 622 708 676 τοῦ
732 622 1093 693 εὐαγγελικοῦ
1126 623 1309 692 λόγου,
1348 622 1540 677 ῐπειτα
1584 625 1695 685 τοῖς
1724 622 1834 675 λοι-

234 716 357 777 ποῖς
387 713 599 767 ἔθνεσιν
623 714 945 785 ἑκήρυττον.
980 714 1072 769 Διὸ
1104 714 1369 769 λέλεκται·
1409 734 1427 766 ι
1465 714 1577 769 Καὶ
1616 712 1832 777 συνάξει

233 807 358 867 τοὺς
418 805 768 871 ἀπολωλότας
809 806 1047 878 Ἰσραήλ,
1098 807 1192 861 καὶ
1237 808 1365 872 τοὺς
1403 807 1833 879 διεσπαρμένους

245 897 439 951 Ἰούδα.
487 918 509 950 ι
546 897 641 961 Τίς
662 898 719 951 δι
759 899 1038 971 συνάξειῆ
1084 902 1113 953 ὁ
1149 900 1506 963 ἀποστολικὺς
1531 899 1710 971 χορὸς,
1740 898 1773 970 ἢ
1804 902 1833 952 ό

230 985 299 1039 δι’
326 988 512 1041 αὐτῶν
542 989 945 1059 κηρυττόμενος
971 992 1036 1043 ἐκ
1065 988 1221 1059 ῥίζης
1257 990 1491 1054 Ἰεσσαίς
1527 988 1833 1060 Συνήγοντό

234 1094 292 1130 τε
340 1078 447 1131 ὑπὸ
516 1079 649 1150 μίαν
702 1080 1069 1151 Ἐκκλησίαν,
1115 1080 1299 1133 οὐκέτι
1349 1078 1657 1145 διεστῶτες,
1711 1078 1833 1133 οὐδὲ

234 1170 611 1243 ἀφωρισμένοι
648 1173 915 1245 ἀλλήλων,
947 1174 1022 1237 ὡς
1052 1174 1113 1227 τὸ
1154 1174 1439 1246 πρότερον.

308 1283 328 1314 ι
373 1266 491 1319 Καὶ
543 1267 976 1337 πετασθήσονται
1021 1268 1079 1320 tv
1122 1266 1331 1331 πλοίοις
1365 1266 1701 1337 ἀλλοφύλων,
1738 1266 1834 1321 θά-

233 1353 437 1409 λασσαν
460 1358 582 1427 ἅμα
608 1358 1090 1430 προνομεύσουσιν.
1124 1380 1150 1435 ἰ
1198 1358 1394 1430 Ἐχρῆν
1410 1358 1588 1411 τοίνυν
1610 1359 1829 1424 αὐτοὺς,

231 1448 296 1501 τὰ
331 1447 463 1519 ἔθνη
485 1448 967 1520 περινοστοῦντας,
1005 1450 1223 1515 πάντως
1250 1468 1352 1504 που
1396 1451 1490 1504 καὶ
1516 1452 1584 1522 τῇ
1621 1449 1712 1504 διὰ
1734 1449 1832 1504 θα-

230 1536 439 1607 λάσσης
478 1540 788 1611 χρήσασθαι
822 1540 1039 1613 πορείᾳ.
1082 1542 1293 1611 Ὠσπερ
1333 1536 1427 1593 οὖν
1458 1541 1765 1611 ίπτάμενοι,

229 1629 394 1699 ταχος
430 1631 529 1684 καὶ
577 1630 672 1685 τὸν
718 1632 807 1685 διὰ
848 1632 1118 1704 Θαλάττης
1155 1632 1357 1703 δρόμον
1389 1633 1625 1704 διήνυον·
1648 1633 1723 1696 ὡς
1772 1635 1832 1685 tv

235 1719 430 1791 βραχεί
452 1722 638 1793 χρόνῳ
672 1722 943 1786 πλείστοις
977 1723 1152 1777 ἔθνεσι
1184 1724 1246 1777 τὸ
1284 1723 1618 1794 Εὑαγγέλιον
1654 1723 1830 1795 κηρύ-

1938 531 2214 587 Meridiem
2252 539 2653 601 percurrentes.
2700 525 2811 583 Illis
2840 527 3023 597 itaque
3068 525 3246 596 primo
3289 535 3525 590 evange-

1935 621 2100 677 licum
2147 624 2373 677 verbum
2432 619 2813 683 tradiderunt,
2866 616 3064 674 deinde
3114 612 3338 684 reliquis
3386 625 3522 680 gen-

1938 716 2082 769 til-ns
2127 715 2512 785 pmdicarunt.
2566 714 2928 783 Quamobrem
2975 710 3181 765 dictum
3232 716 3351 770 est,
3409 724 3427 755 ε
3459 702 3525 759 Ει

1935 808 2289 877 congregabit
2333 808 2571 878 perditos
2621 806 2820 868 Israel.
2868 813 2926 859 et
2978 802 3253 871 dispersos
3299 795 3515 852 ludant

1935 897 2068 970 Quis
2100 901 2470 969 congregabit,
2518 900 2620 954 nisi
2672 896 3002 968 apostolicus
3037 893 3261 956 chorus,
3312 892 3430 945 sive
3478 889 3522 943 is

1935 991 2024 1058 qui
2055 989 2124 1044 ab
2163 991 2270 1045 illis
2296 992 2649 1057 prredicatur,
2676 1005 2741 1044 ex
2781 988 2965 1043 radice
3011 984 3179 1041 Jessa:
3222 982 3417 1039 ortus?
3465 978 3523 1035 In

1936 1098 2040 1136 una
2078 1094 2249 1152 porro
2275 1083 2518 1140 Ecclesia
2554 1093 2684 1138 tunc
2713 1078 3210 1153 congregabantur,
3242 1092 3349 1131 non
3382 1076 3523 1130 ultra

1935 1175 2132 1239 dissiti,
2164 1190 2339 1245 neque
2366 1176 2625 1247 separati.
2659 1185 2715 1229 ut
2754 1184 2935 1229 antea.

2008 1263 2171 1321 Vens.
2201 1266 2289 1319 Η.
2355 1283 2374 1317 ι
2409 1265 2477 1320 Ει
2535 1266 2795 1321 volabunt
2842 1266 2893 1318 in
2944 1262 3172 1317 navibus
3220 1256 3526 1331 allophylu-

1936 1372 2088 1422 rum,
2146 1372 2298 1412 mare
2330 1357 2492 1412 simul
2542 1357 2950 1426 prazdabuntur.
2983 1374 3001 1408 ι
3061 1352 3314 1424 Oportuit
3360 1352 3527 1422 igitur

1934 1466 2066 1514 eos.
2126 1460 2413 1522 postquam
2477 1460 2669 1523 gentes
2731 1450 3166 1517 circumquaque
3236 1446 3524 1506 adierant.

1933 1545 2099 1599 etiam
2136 1546 2303 1598 maris
2354 1544 2547 1599 itinera
2589 1542 2829 1598 emetiri.
2858 1540 3024 1609 Quasi
3072 1537 3319 1593 volantes
3360 1538 3528 1608 igitur

1936 1648 2097 1703 quam
2127 1632 2380 1687 celeriter
2421 1647 2645 1688 cursum
2691 1632 2861 1687 maris
2908 1628 3306 1697 conﬁciebant,
3350 1629 3425 1683 ita
3470 1637 3529 1683 ut

1935 1723 2085 1779 brevi
2118 1721 2544 1794 quamplurimis
2579 1726 2836 1796 gentibus
2872 1722 3222 1794 Evangelium
3264 1721 3527 1791 pradica-

180 1838 193 1853 -
229 1812 335 1879 ξαι.
382 1815 497 1866 Καὶ
527 1814 656 1867 ποτὲ
693 1815 790 1884 μὲν
821 1814 1096 1887 διέτρεχον
1131 1815 1324 1887 πεζῆς,
1359 1817 1490 1869 ποτὲ
1519 1816 1577 1869 δὲ
1619 1816 1707 1871 διὰ
1732 1816 1829 1871 θα-

1940 1826 2077 1871 rent.
2109 1816 2176 1871 Et
2218 1831 2351 1871 sane
2398 1818 2556 1873 modo
2603 1818 2853 1888 pedibus.
2885 1818 3046 1871 modo
3082 1815 3220 1870 mari
3259 1815 3360 1869 iter
3402 1830 3527 1886 age-

229 1905 459 1976 λάσσης·
506 1896 608 1959 ούκ
648 1906 925 1970 Ἰουδαίοις
970 1906 1243 1981 χρώμενοι
1277 1908 1663 1981 κυῦερνήταις,
1716 1910 1831 1964 ἀλλ’

229 1999 492 2069 ἀνδράσιν
521 1999 677 2054 οὔπω
709 2000 800 2053 τὸν
840 2002 1075 2073 Χριστὸν
1127 2004 1639 2075 παραδεδεγμένοις.
1675 2004 1835 2060 Κατά

226 2091 386 2163 tofm:
413 2091 474 2146 δὲ
510 2093 605 2147 καὶ
636 2093 736 2165 τὴν
764 2094 1037 2150 Θάλασσαν
1052 2097 1437 2169 ὲπρονόμευον,
1466 2098 1608 2151 οὕτω
1635 2099 1834 2170 σημαί-

228 2202 412 2250 νοντος
451 2186 549 2240 τοῦ
582 2187 745 2256 λόγου
786 2189 886 2253 τὰς
915 2190 1133 2260 νήσους,
1166 2189 1235 2253 ἃς
1282 2192 1338 2244 ὲν
1384 2191 1600 2262 παρόδῳ
1624 2192 1835 2264 διερχό-

230 2293 405 2345 μενοι,
434 2277 569 2341 τοὺς
598 2280 656 2332 tv
684 2280 879 2344 αὑταῖς
919 2283 987 2352 τῇ
1023 2282 1275 2354 σωτηρίῳ
1310 2282 1718 2338 καθυπέταττον
1745 2285 1823 2340 δι-

228 2366 524 2439 δασκαλίᾳ.

300 2480 320 2513 ι
360 2462 475 2516 Καὶ
525 2464 654 2527 τοὺς
692 2463 786 2533 ἀφ’
827 2464 981 2534 ήλίου
1043 2468 1339 2533 ἀνατολῶν,
1366 2471 1461 2523 καὶ
1506 2469 1830 2541 Ἰδουμαίαν,

229 2553 327 2605 καὶ
382 2555 480 2607 ἐπὶ
543 2556 724 2611 Μωὰσ
779 2558 997 2631 πρῶτον
1056 2560 1158 2625 τὰς
1222 2566 1412 2635 χεῖρας
1458 2562 1829 2618 ἐπισαλοῦσιν.

230 2647 292 2700 οι
344 2646 455 2700 utet
520 2648 747 2720 ’Δμμὼν
808 2652 1015 2726 πρῶτοι
1059 2653 1484 2711 ὑπακούσονται.
1552 2676 1571 2709 ι
1628 2657 1832 2729 Προνο-

233 2734 532 2805 μεύσουσιν
565 2735 681 2806 οὖν,
711 2743 898 2813 φησὶν,
937 2747 985 2798 oi
1031 2746 1265 2818 Χριστοῦ
1301 2748 1544 2819 μαθηταὶ
1575 2749 1670 2803 καὶ
1702 2752 1831 2814 τοὺς

228 2828 327 2895 ἀφ’
352 2829 510 2900 ήλίου
561 2834 861 2888 ανατολῶν·
908 2836 1244 2908 ἱστοροῦνται
1277 2839 1409 2909 γοῦν
1460 2858 1605 2906 τινες
1650 2842 1831 2897 αὐτῶν

236 2920 399 2993 μέχρι
429 2921 535 2993 τῆς
582 2924 809 2996 Περσῶν
862 2928 957 2982 καὶ
999 2930 1175 2985 Ἰνδῶν
1211 2931 1579 3003 διεληλυθέναι
1624 2934 1827 3006 χώρας.

245 3014 467 3088 Ἐπειδὴ
495 3017 553 3073 δὲ
575 3018 791 3075 ιδόκουν
836 3023 980 3078 κατά
1009 3026 1137 3089 τοὺς
1159 3027 1384 3099 χρόνους
1418 3028 1513 3082 τοῦ
1548 3031 1829 3101 προφήτου

243 3105 559 3175 Ἰδουμαῖοι,
593 3110 689 3165 καὶ
718 3113 1031 3181 Μωαϐῖται,
1079 3118 1173 3171 καὶ
1222 3119 1574 3190 ’Δμμανίτσι,
1608 3122 1675 3174 τὰ
1701 3125 1830 3195 περὶ

231 3195 329 3266 τὴν
362 3196 631 3257 Ἰουδαίαν
665 3204 933 3277 ’Δρασικά
953 3206 1103 3280 ῑθνη,
1132 3209 1369 3279 πολέμια
1399 3211 1495 3265 καὶ
1522 3212 1691 3283 ἐχθρά
1704 3230 1835 3283 τυγ-

229 3288 419 3358 χάνειν
447 3290 545 3345 τοῦ
594 3297 726 3366 παρ’
780 3296 1066 3364 Ἰουδαίους
1094 3302 1433 3372 τιμωμένου,
1487 3304 1577 3359 διὰ
1605 3306 1705 3377 τὴν
1738 3306 1832 3360 ἔκ-

230 3394 395 3436 τοπον
427 3384 612 3439 αὐτῶν
641 3386 1107 3459 είδωλολατρείαν·
1144 3394 1372 3458 είκότως
1421 3395 1623 3451 τούτων
1656 3398 1834 3453 αὐτῶν

231 3468 497 3541 ὀνομαστὶ
547 3476 770 3549 μνήμην
802 3482 831 3533 ό
855 3479 1014 3549 λόγος
1056 3485 1378 3556 ἐποιήσατο,
1416 3486 1493 3551 ὡς
1528 3489 1621 3542 καὶ
1654 3489 1833 3543 αὐτῶν

234 3565 692 3637 παραδεξομένων
738 3572 837 3645 τὴν
870 3573 976 3629 ὑπὸ
1002 3576 1113 3631 τῶν
1141 3579 1455 3635 ἀποστόλων
1494 3582 1834 3655 κηρυχθησο-

234 3662 405 3733 μένην
436 3665 498 3717 εὐ
507 3664 745 3722 σέϐειαν.

305 3772 325 3804 ι
373 3756 487 3809 Καὶ
516 3758 796 3829 ἐρημώσει
834 3750 1039 3835 Κύριος
1079 3764 1181 3837 τὴν
1211 3766 1487 3822 θάλασσαν
1514 3769 1818 3839 Αἰγύπτου,

235 3849 329 3901 καὶ
354 3848 615 3903 ἔπιεαλεῑ
667 3851 767 3924 τὴν
815 3858 976 3927 χεῖρα
1022 3857 1189 3911 αὑτοῦ
1222 3858 1318 3913 ἐπὶ
1356 3858 1449 3915 τὸν
1492 3861 1739 3931 ποταμὸν
1773 3862 1830 3915 tv

234 3938 510 4011 πνεύματι
547 3940 723 4015 βιαίῳ.
770 3964 789 3997 ι
825 3947 1104 4016 Αιγυπτον
1145 3949 1252 4021 μὲν
1289 3950 1388 4022 τήν
1430 3951 1695 4024 αἰσθητὴν
1722 3953 1831 4007 τῶν

231 4031 552 4099 Αἰγυπτίων
573 4035 757 4110 χώραν
790 4038 1086 4109 ἀναγκαῖον
1119 4042 1403 4113 ὁμολογεῖν
1422 4061 1435 4075 ·
1473 4044 1748 4102 θάλασσαν
1773 4046 1831 4100 δὲ

235 4124 412 4195 αὐτῆς
438 4128 536 4180 καὶ
565 4130 812 4202 ποταμὸν
849 4131 1230 4205 ἀλληγορικῶς
1285 4136 1627 4206 ἐκδέχεσθαι·
1686 4138 1831 4212 ᾇπερ

230 4220 399 4289 φησὶν
444 4221 906 4294 ἐρημωθήσεσθαι
948 4226 1093 4281 κατά
1130 4228 1259 4291 τοὺς
1317 4230 1830 4302 προφητευομένους

230 4308 480 4382 χρόνους,
514 4312 577 4364 tv
620 4308 702 4379 οἷς
747 4315 1083 4390 προσθήσειν
1130 4318 1346 4393 εἴρηται
1398 4324 1429 4374 ό
1484 4321 1690 4395 Κύριος
1734 4323 1829 4378 τοῦ

229 4398 404 4467 δεῖξαι
436 4401 542 4474 τὴν
564 4406 721 4477 χεῖρα
746 4406 933 4462 αὑτοῦ.
981 4410 1047 4463 Ἡ
1086 4410 1199 4481 γὰρ
1230 4412 1518 4486 προσθήκη
1570 4431 1831 4486 προγενοο

1936 1908 2102 1976 bant;
2154 1924 2262 1965 non
2316 1907 2521 1966 ludatis
2571 1910 3025 1982 gubernatoribus
3076 1910 3191 1976 usi,
3236 1908 3333 1964 sed
3368 1909 3527 1973 viris,

1936 2003 2027 2073 qui
2076 2004 2313 2057 nondum
2366 2002 2646 2060 Christum
2681 2002 3079 2074 susceperant.‘
3106 2002 3222 2058 Hac
3262 2016 3389 2059 vero
3442 2018 3528 2056 m-

1936 2098 2081 2153 tione
2122 2098 2286 2153 etiam
2339 2100 2515 2156 maria
2562 2100 2980 2168 praedabantur;
3020 2101 3105 2157 his
3152 2099 3528 2170 signiﬁcantur

1935 2192 2129 2248 insulae
2161 2208 2393 2263 quarmn
2432 2193 2643 2249 incolas
2670 2196 2796 2249 dum
2830 2194 2883 2247 in
2915 2205 3237 2249 transcursu
3270 2208 3528 2267 peragra-

1936 2294 2077 2353 rent,
2108 2285 2340 2342 salutari
2369 2287 2633 2343 doctrina
2661 2286 3044 2358 subjiciebant.

2011 2483 2030 2517 ε
2063 2464 2130 2520 Ει
2154 2480 2250 2522 eos
2282 2465 2373 2535 qui
2414 2474 2546 2521 sunt
2574 2466 2643 2520 ab
2672 2475 2796 2522 ortu
2831 2464 2983 2531 solis,
3012 2473 3067 2520 et
3102 2463 3437 2522 idumaeam:
3474 2475 3529 2520 et
3572 2534 3573 2537 η

1936 2557 1988 2612 in
2025 2557 2181 2613 Moab
2216 2560 2394 2629 primo
2432 2574 2627 2615 manus
2662 2558 2925 2629 injicient.
2955 2557 3075 2614 Filii
3106 2557 3336 2614 Ammon
3366 2558 3527 2629 primi

1933 2652 2211 2707 obedient.
2240 2672 2260 2705 ι
2308 2651 2727 2717 Ρι-τεόοὺυηιυτ,
2776 2652 2973 2722 inquit,
3015 2650 3219 2708 Christi
3272 2651 3527 2723 discipuli

1933 2746 2101 2800 etiam
2132 2761 2227 2801 eos
2259 2747 2349 2816 qui
2381 2746 2450 2800 ab
2482 2756 2605 2801 ortu
2639 2747 2772 2802 solis
2820 2758 2984 2801 sunt:
3020 2755 3280 2802 narratur
3322 2747 3529 2819 quippe

1932 2850 2121 2891 eorum
2174 2838 2437 2906 quosdam
2490 2853 2664 2907 usque
2708 2839 2774 2892 ad
2823 2838 3110 2893 Persarum
3159 2847 3214 2894 et
3268 2838 3525 2895 Indorum

1935 2928 2213 2996 regionem
2268 2938 2605 2999 penetrasse.
2658 2928 2797 2997 Quia
2850 2944 2985 2986 vero
3036 2931 3314 3002 prophetae
3366 2929 3527 2998 huqu

1938 3029 2207 3093 tempore,
2259 3020 2509 3084 Idumaei,
2563 3021 2811 3078 Moabita-
2860 3032 2916 3078 et
2959 3023 3305 3088 Ammanitae,
3340 3033 3527 3093 gentes

1938 3112 2044 3167 illa:
2096 3112 2376 3181 Arabica,
2431 3113 2578 3168 circa
2634 3111 2875 3169 Judzeam
2932 3117 3156 3186 positae,
3209 3116 3416 3170 inimici
3473 3126 3527 3172 et

1939 3206 2122 3262 hostes
2155 3210 2481 3264 videbantur
2504 3223 2625 3266 esse
2665 3207 2775 3263 Deo
2820 3223 2988 3277 penes
3014 3205 3231 3274 Juda‘os
3261 3208 3430 3274 culto,
3455 3211 3527 3265 ob

1938 3294 2230 3352 absurdam
2288 3314 2458 3367 quam
2524 3299 2782 3355 fovebant
2836 3297 3239 3367 idololatriam;
3287 3298 3413 3370 jure
3461 3314 3529 3355 ac

1937 3393 2134 3447 merito
2169 3393 2205 3447 ii
2253 3393 2575 3447 nominatim
2627 3402 3156 3456 commemorantur,
3204 3400 3394 3461 utpote
3429 3394 3525 3461 qui

1936 3489 2077 3559 piam
2126 3489 2448 3561 religionem
2492 3489 2561 3545 ab
2591 3487 2852 3561 apostolis
2881 3486 3313 3543 annuntiandam
3340 3501 3529 3543 susce-

1934 3582 2081 3655 pturi
2115 3584 2247 3640 sint.

2007 3754 2179 3813 Vsus.
2212 3756 2299 3812 15.
2339 3775 2358 3809 ι
2389 3756 2458 3812 Et
2493 3764 2769 3812 desertum
2825 3755 3013 3817 reddet
3067 3753 3328 3809 Dominus
3375 3767 3527 3808 mare

1933 3847 2160 3922 [Βηριὶ
2188 3868 2204 3906 :
2238 3858 2294 3904 et
2339 3849 2547 3921 injiciet
2582 3863 2802 3902 manum
2832 3863 2987 3903 suam
3019 3861 3184 3915 super
3218 3845 3418 3901 ﬂumen
3471 3848 3525 3901 in

1933 3944 2129 4013 spiritu
2175 3943 2550 3999 vehementi.»
2604 3940 2903 4011 Egyptum
2957 3940 3210 4011 quidem,
3269 3938 3524 3995 sensilem

1935 4037 2083 4089 illam
2110 4033 2495 4107 [Egyptiorum
2540 4034 2817 4106 regionem
2847 4045 2969 4087 esse
3008 4031 3323 4086 necessario
3353 4031 3528 4086 conii-

1933 4128 2154 4182 tendum
2209 4138 2332 4194 est;
2383 4126 2477 4182 sed
2522 4140 2673 4181 mare
2718 4132 2773 4179 et
2818 4123 3016 4179 ﬂumen
3064 4124 3184 4194 ejus
3230 4122 3525 4193 allegorice
3572 4115 3579 4123 ’

1932 4217 2290 4288 accipienda:
2331 4234 2450 4288 quae
2492 4218 2543 4272 in
2580 4226 2827 4287 tempore
2873 4232 2901 4270 a
2948 4216 3235 4285 prophetia
3282 4214 3526 4270 indicato

1934 4312 2196 4365 vastanda
2240 4311 2356 4366 fore
2390 4313 2498 4365 ait:
2547 4311 2767 4381 quando
2796 4310 3057 4365 Dominus
3094 4309 3413 4379 adiecturus
3443 4310 3527 4365 di-

1933 4405 2098 4468 citur,
2128 4413 2187 4459 ut
2235 4407 2493 4459 ostendat
2526 4419 2751 4459 manum
2784 4418 2961 4459 suam.
3010 4404 3221 4459 Etenim
3266 4404 3523 4474 adjectio,

235 4493 423 4563 μένοις
452 4494 777 4567 πράγμασιν
807 4499 970 4571 ἱτερα
1021 4504 1360 4577 ὁμοιότροπα
1403 4506 1827 4579 ἐπιγενήσεσθαι

1936 4496 2038 4566 iam
2075 4499 2314 4568 peractis
2348 4498 2510 4553 rebus
2540 4497 2644 4551 alia
2679 4497 2881 4553 similia
2915 4497 3160 4552 addenda
3198 4511 3323 4553 esse
3354 4497 3526 4569 signi-

232 4586 405 4659 δηλοτ.
436 4588 612 4642 Πάλαι
640 4591 739 4662 μὲν
780 4588 874 4646 οὗν
907 4594 998 4649 ἐπὶ
1030 4598 1322 4663 Μωῦσέως⁵
1354 4600 1388 4671 ή
1422 4599 1545 4672 χεὶρ
1578 4601 1674 4654 τοῦ
1709 4604 1825 4656 Κυ-

233 4677 351 4748 ρίου
379 4678 622 4751 ὲξήγαγε
644 4684 771 4747 τοὺς
789 4686 938 4751 υἱοὺς
954 4688 1172 4760 Ἰσραὴλ
1189 4688 1249 4755 ἐξ
1264 4690 1544 4761 Αἰγύπτου
1564 4710 1575 4723 ·
1595 4694 1826 4766 διήγαγε

229 4768 284 4823 ἃ
341 4771 448 4841 τὴν
486 4770 764 4829 θάλασσαν
811 4776 911 4849 τήν
948 4779 1238 4853 Ἐρυθρὰν,
1275 4784 1369 4836 καὶ
1420 4784 1716 4856 εἰσήγαγεν
1746 4787 1826 4852 εἰς

227 4863 329 4936 τὴν
359 4863 467 4935 Υῆν
491 4862 594 4935 τῆς
615 4867 968 4937 ἐπαγγελίας,
999 4873 1098 4945 τὴν
1130 4869 1297 4928 οὖσαν
1330 4875 1644 4947 ἀλλοφύλων
1687 4879 1826 4949 πρό-

229 4969 421 5026 τερον·
450 4956 571 5010 νυνὶ
601 4958 661 5012 δὲ
708 4961 803 5013 καὶ
849 4961 936 5016 διὰ
960 4964 1055 5018 τοῦ
1090 4965 1158 5020 tx
1200 4966 1358 5039 ῥίζης
1396 4968 1595 5023 Ἰεσσαὶ
1621 4971 1654 5041 ή
1685 4970 1826 5043 αὐτὴ

232 5047 355 5120 χεὶρ
374 5046 475 5101 τοῦ
510 5048 736 5121 Κυρίου,
765 5053 1083 5129 προσθήκην
1104 5057 1327 5127 ἀγαθῶν
1349 5060 1670 5133 ποιουμένη,
1699 5065 1828 5128 τοὺς

233 5138 573 5206 ἀποστόλους
609 5141 705 5197 τοῦ
732 5144 1007 5219 Σωτῆρος,
1034 5152 1130 5205 καὶ
1158 5154 1285 5217 τοὺς
1311 5154 1559 5225 κήρυκας
1594 5155 1687 5209 τοῦ
1719 5173 1826 5210 σω-

231 5231 429 5305 τηρίου
456 5234 814 5306 Εὐαγγελίου,
848 5239 1133 5306 Ἰουδαίους
1166 5243 1328 5308 ὄντας
1358 5246 1455 5299 καὶ
1472 5244 1533 5313 ἐξ
1558 5247 1825 5302 Ἰουδαίων

234 5323 615 5397 ὁρμωμένους,
663 5329 942 5397 ὲπιδόξους
993 5334 1092 5387 καὶ
1139 5333 1414 5407 ζηλωτοὺς
1461 5339 1636 5393 ἐποίει
1702 5340 1825 5395 καθ’

235 5416 366 5490 δλης
389 5418 493 5489 τῆς
536 5421 886 5495 οίκουμινης,
929 5425 992 5479 ού
1044 5426 1153 5499 μὴν
1185 5427 1323 5500 ἀλλά
1377 5431 1473 5484 καὶ
1521 5432 1611 5485 ἐπ’
1652 5432 1826 5505 αὐτῆς

238 5510 535 5580 Αἰγύπτου,
577 5512 711 5569 ενθα
734 5515 1016 5590 παρῄεσαν
1041 5520 1357 5590 ἀκωλύτως,
1402 5522 1629 5595 μηδενὸς
1650 5526 1824 5596 ἐμπο-

234 5601 335 5657 δὼν
360 5606 548 5673 αὐτοῖς
597 5610 887 5682 γινομένου
908 5626 925 5642 '
976 5613 1073 5667 καὶ
1118 5613 1340 5687 διήεσαν
1384 5616 1479 5671 επὶ
1509 5616 1824 5689 καθαιρέσει

233 5696 327 5767 τῆς
353 5701 751 5773 Αἰγυπτιακῆς
794 5702 1258 5778 είδωλολατρείας.
1319 5708 1430 5763 Καὶ
1471 5710 1521 5763 oi
1573 5710 1687 5781 μὲν
1726 5711 1823 5764 ἐπὶ

231 5788 499 5865 litabatur;
552 5792 811 5868 tEﬁscav;
862 5793 1153 5866 φεύγοντες
1204 5798 1294 5855 τὸν
1319 5799 1516 5874 Φαραὼ
1564 5802 1658 5857 καὶ
1696 5803 1820 5869 τοὺς

1936 4593 2079 4646 licat.
2108 4590 2247 4647 Olim
2282 4591 2503 4662 quidem
2538 4590 2741 4662 Moysis
2788 4600 3030 4661 tempore
3064 4605 3262 4646 manus
3310 4590 3523 4647 Domini

1936 4686 2075 4743 illius
2118 4685 2283 4741 Israel
2312 4685 2505 4740 eduxit
2535 4700 2601 4741 ex
2642 4667 2906 4756 Aigypto,
2945 4700 3041 4754 per
3087 4700 3239 4741 mare
3279 4683 3523 4740 Rubrum

1934 4781 2173 4836 transire
2206 4778 2353 4845 fecit,
2386 4789 2444 4835 et
2493 4780 2710 4834 induxit
2761 4780 2811 4833 in
2859 4788 3065 4834 terram
3117 4778 3524 4848 promissionis,

1932 4889 2052 4944 quae
2082 4874 2231 4944 prius
2268 4873 2662 4945 allaphylorum
2686 4884 2826 4928 erat.
2855 4872 3010 4928 Nunc
3038 4881 3218 4927 autem
3251 4886 3349 4942 per
3375 4886 3524 4937 eum,

1934 4971 2026 5037 qui
2064 4983 2132 5023 ex
2161 4968 2348 5024 radice
2392 4965 2562 5023 lassa:
2603 4967 2837 5037 prodiit,
2885 4968 3001 5039 ipsa
3044 4965 3257 5021 Domini
3307 4980 3524 5031 manus,

1935 5061 2201 5117 bonorum
2221 5061 2591 5117 accessionem
2618 5059 2877 5126 aﬂ'erens,
2900 5058 3174 5130 apostolos
3199 5058 3522 5121 Salvatnris,

1933 5162 1991 5207 et
2018 5152 2275 5207 salutaris
2304 5152 2585 5223 Evangelii
2617 5166 2899 5221 praecones
2933 5151 3191 5220 ipsosque
3220 5147 3437 5205 Iudaeos
3468 5159 3526 5202 et

1932 5260 1997 5300 ex
2026 5242 2228 5301 Judaeis
2255 5243 2553 5315 profectos,
2580 5243 2846 5314 gloriosos
2866 5251 2921 5299 et
2949 5242 3297 5298 aemulatione
3324 5241 3524 5309 dignos

1933 5353 2030 5410 per
2073 5348 2243 5392 totum
2284 5340 2472 5393 orbem
2510 5336 2723 5402 eﬂ’ecit;
2767 5336 2877 5391 imo
2904 5334 3069 5390 etiam
3102 5334 3156 5390 in
3194 5332 3312 5404 ipsa
3354 5332 3525 5407 Egy-

1934 5441 2048 5503 pto,
2074 5445 2183 5499 quo
2218 5429 2390 5485 libere
2420 5420 2521 5495 illi,
2550 5429 2771 5485 nemine
2810 5429 3087 5492 obstante,
3118 5426 3518 5497 peragrabaut,

1935 5531 1991 5577 et
2036 5522 2105 5579 ad
2151 5520 2531 5595 Egyptiacam
2573 5520 2938 5579 idololatriam
2987 5521 3342 5576 evertendam
3374 5518 3522 5574 ultro

1932 5622 2179 5693 citroque
2229 5621 2603 5692 permeabant.
2630 5620 2709 5674 Ac
2756 5617 2833 5673 illi
2867 5620 3087 5688 quidem
3126 5614 3328 5686 Moysts
3374 5623 3521 5669 tem-

1931 5727 2084 5784 pore,
2120 5712 2390 5781 fugientes
2428 5708 2773 5765 Pharaonem
2802 5718 2857 5765 et
2885 5706 3199 5780 Egyptios,
3228 5707 3519 5773 exierunt;

1933 5802 2186 5878 discipuli
2228 5812 2411 5861 autem
2445 5800 2651 5861 Christi
2690 5801 2923 5875 ingressi
2954 5811 3082 5859 sunt
3118 5802 3174 5859 in
3222 5796 3515 5871 Egyptum
