4120 6294
642 320 746 376 479

1305 317 1576 376 EUSEBII
1613 318 2092 378 CESARIENSIS
2131 319 2278 377 OPP.
2321 319 2501 375 PARS
2541 318 2624 374 Ill.
2664 349 2737 361 —
2768 313 3180 373 EXEGETICA.

3787 315 3904 370 180

640 437 918 506 spontanei
969 435 1225 493 salutaris
1261 437 1412 492 verbi
1456 453 1751 509 praecones.
1801 439 1912 497 lllia
1965 451 2193 513 tempore

2311 437 2669 506 Αἰγυπτίους·
2709 435 2760 489 οἰ
2810 435 2868 488 δὲ
2922 429 3161 505 Χριστοῦ
3217 427 3455 502 μαθηταί
3503 428 3758 500 εἰσῄεσαν
3806 431 3897 492 είς

636 527 838 598 Moysis
897 543 1050 584 mare
1112 527 1298 584 σεηείἰί
1355 544 1504 584 more
1544 530 1834 597 .divisum,
1882 547 2020 603 aqua
2074 550 2202 590 vero

633 617 874 689 Egyptii
920 618 1158 674 ﬂuminis
1189 619 1240 674 in
1287 621 1598 690 sanguinem
1631 631 1835 676 mutata
1875 633 1988 690 est;
2021 633 2075 676 at
2110 625 2203 679 bo-

635 729 827 768 norum
858 713 1096 768 accessio
1123 715 1434 767 memoratis
1477 715 1819 782 temporibus
1864 714 2030 780 facta,
2067 718 2198 771 mari

633 807 849 876 quidem
879 806 1131 878 Egyptio
1161 807 1542 870 vastationem,
1587 805 1791 861 ﬂumini
1839 824 1969 863 vero
2011 825 2198 865 eorum

634 908 932 952 extremam
981 899 1280 952 siccitatem
1331 898 1595 966 minatur;
1632 910 1687 953 ut
1733 901 2008 968 Evangelii
2061 917 2200 977 pra;-

633 1005 794 1045 conea
839 989 986 1044 nullo
1035 991 1193 1046 obice
1239 989 1616 1061 Egyptiorum
1663 995 1913 1064 regiones
1964 996 2198 1048 circnm-

632 1092 784 1150 eant,
814 1097 878 1138 ac
920 1081 1208 1136 multorum
1242 1085 1454 1152 quidem
1493 1087 1717 1140 deorum
1759 1089 2198 1156 superstitionem

630 1183 905 1239 evertant;
940 1173 1032 1228 Dei
1064 1182 1246 1228 autem
1276 1176 1364 1243 qui
1394 1191 1556 1245 supra
1579 1178 1756 1231 omnia
1785 1189 1890 1242 est,
1917 1187 1971 1233 et
1998 1178 2197 1233 Christi

631 1263 750 1332 ejus
773 1279 840 1319 ex
881 1265 1066 1321 radice
1093 1263 1259 1320 Jessaa
1287 1268 1623 1336 prodeuntis,
1669 1271 1914 1324 notitiam
1961 1271 2197 1325 tradant.

629 1357 1039 1412 Observandum
1082 1365 1259 1410 autem
1308 1369 1390 1413 est
1425 1373 1532 1429 quo
1572 1371 1730 1429 pacto
1779 1376 1882 1415 non
1926 1361 2196 1430 regionem

629 1449 874 1522 IEgypti,
913 1451 1006 1505 sed
1037 1467 1184 1506 mare
1230 1460 1538 1507 vastaturus
1585 1469 1707 1508 esse
1758 1453 2021 1509 Dominus
2048 1456 2196 1510 dica-

633 1553 739 1604 tur.
770 1544 1048 1611 Scriptura
1079 1545 1350 1612 copiosam
1386 1545 1704 1600 idololatria:
1743 1547 2063 1602 varietatem
2118 1550 2198 1604 his

630 1635 921 1690 indicante.
955 1633 1058 1689 Pro
1104 1634 1194 1689 illo
1227 1645 1430 1700 autem,
1475 1655 1494 1688 ι
1529 1636 1807 1691 Desertum
1845 1638 2007 1692 faciet
2057 1639 2196 1694 Deus

631 1741 782 1782 mare
806 1726 1054 1796 Egypti;
1081 1745 1100 1779 ι
1138 1738 1248 1782 tres
1275 1727 1366 1782 alii
1403 1729 1652 1782 similiter
1677 1728 2014 1792 interpretati
2043 1740 2188 1796 sunt,

633 1818 750 1872 «Et
821 1820 1295 1874 anathematizabit
1364 1820 1630 1876 Dominus
1716 1821 1975 1892 linguam.
2031 1824 2196 1879 maris

631 1913 874 1987 Egypti.
903 1934 922 1966 ι
973 1913 1029 1969 Si
1077 1915 1258 1984 itaque
1312 1915 1530 1968 malitia:
1573 1913 1731 1982 hujus
1776 1919 1901 1971 vita:
1944 1916 2198 1972 colluvies

630 2008 769 2062 mari
801 2015 1163 2077 comparatur,
1188 2007 1309 2060 vide
1338 2022 1517 2061 annon
1549 2009 1742 2064 merito
1776 2010 2058 2063 atheorum
2099 2012 2199 2064 lm-

627 2101 952 2173 piorumque
989 2099 1261 2154 hominum
1290 2099 1526 2168 linguam
1557 2101 1648 2170 qui
1678 2100 1805 2154 olim
1840 2101 2006 2154 Deum
2046 2103 2197 2171 igno-

628 2195 844 2260 rabant,
875 2202 932 2246 ut
961 2193 1038 2248 sic
1071 2194 1283 2249 Pharao
1314 2193 1645 2259 declarabat,
1676 2212 1694 2244 ι
1725 2194 1837 2249 Νοη
1865 2196 1984 2249 novi
2016 2195 2192 2249 Domi-

627 2302 776 2352 num,
803 2295 856 2340 et
895 2283 1058 2340 Israel
1111 2299 1214 2338 non
1261 2285 1553 2350 dimittam,
1586 2303 1604 2336 ι
1647 2286 2197 2341 anathematizaturus

628 2380 885 2433 Dominus
909 2394 1030 2435 esse
1060 2379 1269 2433 dicatur
1290 2378 1582 2433 secundum
1610 2387 1717 2433 tres
1749 2378 2103 2447 interpretes;
2138 2389 2195 2432 ut

625 2484 693 2522 ne
721 2469 859 2523 ultra
907 2467 1224 2540 Egyptiaca
1272 2468 1450 2538 lingua
1505 2467 1906 2525 superstitionis
1951 2484 2192 2525 errorem

625 2559 1042 2624 continuarent;
1075 2559 1169 2613 sed
1217 2558 1426 2626 eloquia
1467 2559 1555 2612 Dei
1610 2560 1874 2626 proferre,
1920 2575 1983 2614 ac
2007 2560 2194 2628 jurare

626 2651 680 2705 in
715 2652 930 2706 nomine
974 2651 1184 2705 Domini
1233 2649 1467 2706 Sabaoth
1514 2650 1836 2716 ediscerent,
1872 2655 2012 2723 quod
2047 2654 2194 2709 l'utu-

624 2761 740 2798 rum
771 2759 891 2799 esse
928 2745 980 2798 in
1016 2745 1366 2814 sequentibus
1397 2759 1576 2798 sermo
1608 2746 1870 2800 declarat.
1900 2745 1990 2799 Sic
2033 2761 2194 2816 porro

623 2837 1080 2890 anathematizata
1148 2846 1233 2890 est
1286 2836 1588 2906 Egyptiaci
1645 2843 1809 2892 maris
1873 2839 2089 2907 lingua,
2139 2851 2195 2895 ut

623 2927 1008 2996 malignorum,
1038 2943 1174 2996 quos
1213 2928 1292 2982 illi
1325 2929 1597 2994 colebant,
1631 2930 1929 2984 daemonum
1952 2933 2193 2987 .oracula

624 3020 844 3090 penitus
878 3021 1137 3085 silerent,
1184 3022 1669 3090 divinationesque.
1710 3038 1774 3078 ac
1825 3025 1980 3080 malae
2026 3037 2190 3090 artes,

625 3128 763 3181 quas
817 3114 1276 3184 praestigiatorum
1331 3131 1494 3182 opera
1548 3117 1914 3178 exercebant.
1971 3134 2194 3186 prorsus

624 3213 904 3258 cessarent
931 3223 947 3258 :
975 3221 1095 3275 quae
1126 3207 1303 3260 omnia
1337 3206 1552 3276 impleta
1603 3219 1728 3264 sunt
1761 3219 1880 3277 post
1927 3211 2190 3278 praedica-

623 3295 822 3350 tionem
872 3295 1240 3367 evangelicam
1297 3297 1566 3370 Egyptlis
1612 3300 1833 3358 factam.
1887 3303 2013 3357 Inde
2062 3318 2191 3358 vero

619 3389 782 3442 etiam
834 3405 1000 3457 penes
1033 3403 1132 3443 nos
1184 3399 1294 3445 tota
1349 3406 1558 3455 eorum,
1605 3393 1696 3461 qui
1729 3393 1870 3463 apud
1906 3393 2190 3465 Egyptios

619 3481 693 3534 dii
747 3483 1218 3549 existimabantur,
1270 3485 1538 3539 exstincta
1603 3486 1778 3541 virtus
1838 3497 1974 3542 est:
2023 3499 2188 3558 atque

619 3572 860 3626 omnium
895 3572 1259 3642 improborum
1298 3585 1354 3630 et
1385 3577 1698 3640 atheorum,
1743 3579 1833 3646 qui
1882 3595 1978 3648 per
2019 3590 2186 3635 totum

620 3665 806 3738 orbem
866 3663 1185 3736 Egyptiaco
1264 3667 1496 3722 similem
1583 3670 1902 3727 idololatria:
1982 3689 2187 3729 morem

622 3757 1000 3825 sectabantur,
1067 3759 1196 3813 illud
1267 3761 1396 3814 olim
1467 3763 1748 3818 exundans
1811 3773 1868 3819 et
1936 3766 2190 3821 ﬂuctibus

625 3850 886 3915 agitatum
951 3865 1136 3916 mare,
1196 3859 1494 3908 extremam
1554 3868 1772 3923 passum
1827 3863 1911 3908 est
1961 3856 2188 3910 vastita-

623 3950 752 4001 ιθιη.

700 4241 720 4275 ι
747 4222 811 4278 Et
845 4224 1056 4294 lnjiclet
1103 4240 1320 4280 manum
1366 4241 1517 4281 suam
1567 4227 1618 4279 in
1665 4226 1860 4282 ﬂumen
1899 4228 1952 4282 in
1993 4228 2187 4296 spiritu

621 4317 958 4379 vehementi,
1013 4325 1068 4371 et
1123 4319 1392 4385 percutiet
1445 4328 1650 4387 septem
1709 4321 1947 4380 canales.
1998 4322 2072 4375 ita
2131 4333 2190 4377 ut

624 4416 899 4461 transeant
925 4421 1020 4476 per
1051 4405 1177 4460 illud
1209 4407 1486 4462 calceati.»
1523 4408 1783 4476 Spiritum
1815 4411 2188 4467 vehementem

2309 532 2578 599 Αιγυπτον
2617 526 2905 598 αὐτόμολοι
2954 525 3194 596 κήρυκες
3247 522 3339 576 τοῦ
3385 523 3654 594 σωτηρίου
3695 523 3882 592 λόγου.

2317 622 2428 675 Καὶ
2449 622 2561 684 τοῖς
2592 619 2692 689 μὲν
2710 619 2802 671 ἐπὶ
2818 614 3093 677 Μωῦσέως
3109 613 3334 684 διῄρητο
3366 616 3400 686 ἡ
3427 613 3671 669 Θάλασσα
3696 615 3898 685 αἰσθη-

2272 719 2275 721 “
2305 714 2411 778 τῶς
2429 731 2442 745 ο
2474 714 2535 767 τὸ
2553 713 2610 766 δὲ
2640 711 2784 783 ὓδωρ
2798 711 2893 764 τοῦ
2923 709 3221 778 Αἰγυπτίου
3251 710 3497 781 ποταμοῦ
3532 709 3898 780 μετεϐάλλετο

2303 808 2382 870 εἰς
2415 800 2552 876 αἷμα
2570 821 2584 835 ⁸
2611 805 2644 874 ἠ
2669 804 2727 857 δὲ
2748 803 2857 856 τῶν
2882 802 3098 870 ἀγαθῶν
3126 800 3409 874 προσθήκη
3441 801 3534 855 ἐπὶ
3557 800 3665 855 τῶν
3691 800 3893 870 δηλου-

2305 900 2484 970 μένων
2519 896 2725 969 χρόνων
2760 898 2824 967 τῇ
2862 897 2960 967 μὲν
2997 894 3238 966 θαλάσσῃ
3279 893 3516 964 ἐρημίαν
3557 891 3768 946 ἀπειλεῖ
3813 895 3890 964 τῇ

2303 990 2593 1062 Αἰγυπτία,
2627 988 2706 1060 τῷ
2751 989 2808 1042 δὲ
2865 987 3095 1059 ποταμῷ
3130 986 3308 1040 αὐτῶν
3353 985 3588 1055 παντελῆ
3618 985 3887 1054 ἔκλειψιν,

2307 1085 2445 1157 πρὸς
2477 1084 2538 1136 τὸ
2568 1081 2687 1152 δίχα
2718 1081 2862 1144 τινος
2896 1080 3217 1152 κωλύματος
3261 1078 3356 1132 τοῦ
3399 1079 3668 1150 σωτηρίου
3699 1078 3891 1145 Εὐαγ-

2303 1177 2484 1246 γελίου
2535 1176 2780 1245 κήρυκας
2827 1172 3132 1245 περιελθεῖν
3183 1172 3283 1234 τὰς
3327 1172 3642 1238 Αἰγυπτίων
3675 1168 3890 1241 χώρας,

2302 1267 2396 1321 καὶ
2425 1263 2733 1336 ἀνατροπὴν
2770 1263 2868 1334 μὲν
2894 1263 2993 1333 τῆς
3027 1262 3288 1317 πολυθέου
3333 1261 3512 1315 αὐτῶν
3550 1262 3888 1331 δεισιδαιμο-

2300 1358 2421 1420 νίας
2463 1354 2824 1428 ἐργάσασθαι,
2866 1353 2961 1409 τοῦ
2989 1354 3046 1407 δὲ
3075 1355 3167 1406 ἐπὶ
3218 1354 3435 1407 πάντων
3481 1353 3615 1406 θεοῦ
3647 1353 3738 1406 καὶ
3784 1351 3891 1406 τοῦ

2299 1449 2534 1522 Χριστοῦ
2556 1447 2739 1511 αὐτοῦ,
2763 1447 2854 1500 τοῦ
2876 1449 2940 1500 ὲκ
2971 1446 3336 1518 ρίζηςΊεσσαὶ
3364 1445 3736 1517 προελθόντος,
3767 1464 3848 1500 πα

2303 1541 2550 1612 ραδοῦναι
2597 1540 2694 1611 τὴν
2725 1538 2944 1606 γνῶσιν.
2999 1537 3315 1608 Θεωρητέον
3360 1537 3417 1590 δὲ
3454 1538 3602 1602 ὅπως
3657 1539 3718 1591 ού
3772 1539 3879 1607 τὴν

2299 1634 2483 1707 χώραν
2514 1632 2810 1701 Αἰγύπτου,
2846 1630 2982 1696 ἀλλά
3020 1631 3118 1702 τὴν
3148 1630 3422 1684 θάλασσαν
3453 1631 3624 1702 αὐτῆς
3653 1631 3881 1700 λέγεται

2297 1729 2326 1779 ὁ
2371 1727 2575 1799 Κύριος
2623 1725 2952 1797 ἐρημώσειν,
2984 1723 3075 1776 τοῦ
3123 1722 3224 1793 τῆς
3270 1723 3714 1796 είδωλολατρείας
3746 1725 3888 1796 πλή-

2231 1797 2271 1852 B
2298 1819 2422 1882 θους
2446 1797 2584 1872 οὕτω
2614 1817 2963 1888 δηλουμένου.
3006 1815 3147 1868 Ἀντὶ
3187 1815 3369 1886 μέντοι
3399 1815 3516 1879 τοῦ,
3557 1834 3576 1866 ι
3626 1814 3886 1887 Ἐρημώ-

2299 1927 2380 1962 σει
2414 1910 2616 1981 Κύριος
2645 1909 2742 1980 τὴν
2763 1909 3034 1962 Θάλασσαν
3051 1904 3351 1976 Αἰγύπτου,
3378 1926 3397 1958 ι
3415 1907 3464 1960 οἱ
3488 1910 3636 1979 τρεῖς
3657 1907 3882 1979 συμφώ-

2296 2018 2401 2065 νως
2427 2000 2596 2064 οὕτως
2625 2001 2979 2071 ήρμήνευσαν
2998 2017 3011 2029 ·
3051 2018 3070 2050 ι
3103 1999 3214 2051 Καὶ
3243 1998 3628 2071 ἀναθεματίσει
3673 1999 3884 2067 Κύριος

2295 2092 2394 2163 τὴν
2445 2092 2694 2161 γλῶσσαν
2742 2091 3016 2161 Θαλάσσης
3072 2089 3373 2159 Αἰγύπτου.
3428 2108 3446 2144 ι
3493 2091 3558 2144 Εἰ
3583 2091 3764 2144 τοίνυν
3807 2090 3884 2144 τὰ

2296 2183 2476 2254 πλήθη
2507 2184 2606 2254 τῆς
2648 2185 2847 2246 κακίας
2875 2183 2969 2236 τοῦ
3005 2183 3121 2254 βίου
3173 2184 3415 2256 θαλάσσῃ
3461 2183 3882 2256 παρεικάζεται,

2295 2277 2396 2347 ὅρα
2447 2277 2495 2326 εί
2541 2276 2780 2343 εὐλόγως
2803 2275 2899 2345 τὴν
2952 2275 3060 2328 τῶν
3088 2275 3262 2330 ἀθέων
3293 2277 3384 2329 καὶ
3418 2276 3630 2329 ἀσεϐῶν
3666 2275 3884 2346 ἀνδρῶν

2295 2368 2567 2436 γλῶσσαν,
2593 2367 2702 2420 τῶν
2733 2368 2899 2421 πάλαι
2920 2369 3010 2420 τὸν
3034 2369 3167 2422 Θεὸν
3195 2367 3552 2437 ἀγνοούντων,
3577 2369 3652 2433 ὼς
3685 2368 3880 2440 ἐδήλου

2293 2461 2468 2529 λέγων
2499 2460 2527 2512 ὁ
2576 2458 2796 2530 Φαραὼ,
2850 2478 2869 2511 ι
2909 2460 3023 2514 Οὐκ
3073 2457 3190 2516 οἶδα
3243 2463 3334 2515 τὸν
3369 2461 3594 2534 Κύριον,
3651 2459 3881 2513 καὶτὸν

2306 2554 2521 2626 Ἰσραὴλ
2547 2556 2647 2609 οὐκ
2680 2555 3041 2621 ἐξαποστελῶ,
3087 2577 3104 2609 ι
3121 2557 3540 2628 ἁναθεματίσειν
3563 2557 3654 2610 τὸν
3673 2555 3884 2629 Κύριον

2293 2646 2513 2714 λέγεται
2567 2646 2708 2700 κατὰ
2752 2647 2882 2711 τοὺς
2930 2652 3079 2720 τρεῖς
3121 2650 3490 2720 ὲρμηνευτάς·
3545 2649 3632 2702 ἵνα
3679 2649 3878 2719 μηκέτι

2292 2736 2514 2810 γλώσσῃ
2537 2740 2602 2808 τῇ
2627 2737 2902 2810 Αἰγυπτίᾳ
2919 2737 3016 2809 τὴν
3041 2739 3405 2810 δεισιδαίμονα
3433 2738 3640 2810 πλάνην
3674 2737 3882 2809 κρατύ-

2294 2844 2445 2892 νωσι,
2466 2827 2677 2896 μάθωσι
2699 2827 2755 2880 δὲ
2780 2827 2962 2883 λαλεῖν
2982 2830 3050 2882 τά
3070 2828 3165 2882 τοῦ
3185 2829 3318 2883 Θεοῦ
3349 2829 3525 2899 λόγια,
3543 2831 3634 2884 καὶ
3656 2828 3881 2902 ὀμνύειν

2295 2921 2351 2975 ἐν
2384 2918 2462 2989 τῷ
2488 2920 2709 2991 ὀνόματι
2736 2922 2953 2993 Κυρίου
2985 2921 3211 2975 Σαϐαὼθ
3233 2940 3247 2952 ·
3282 2922 3312 2976 ὃ
3341 2922 3404 2993 δὴ
3431 2922 3636 2994 προῖὼν
3667 2925 3696 2975 ό
3720 2921 3879 2991 λόγος

2295 3011 2512 3065 ἔσεσθαι
2536 3011 2800 3076 θεσπίζει.
2832 3012 2989 3066 Οῦτω
3017 3013 3073 3065 δὲ
3101 3013 3592 3086 ἀνατεθεμάτισται
3629 3015 3731 3085 τῆς
3780 3017 3881 3068 Αἰ-

2296 3103 2563 3186 γυπτίας.
2586 3102 2860 3174 θαλάσσης
2899 3106 2931 3175 ή
2967 3104 3206 3173 γλῶσσα,
3238 3105 3313 3168 ὼς
3353 3105 3731 3174 ἀποσιωπῆσαι
3766 3105 3878 3158 τῶν

2296 3197 2427 3265 παρ’
2458 3194 2631 3264 αὐτῆς
2659 3194 2828 3250 πάλαι
2861 3195 3185 3267 τιμωμένων
3215 3197 3467 3267 πονηρῶν
3504 3196 3773 3266 δαιμόνων
3803 3195 3875 3250 τὰ

2291 3288 2599 3358 χρηστήρια
2645 3288 2737 3339 καὶ
2783 3286 2853 3339 τὰ
2901 3290 3131 3358 μαντεῖα
3153 3305 3166 3317 ·
3202 3287 3449 3341 λελύσθαι
3485 3287 3541 3340 δὲ
3563 3286 3741 3341 αὐτῶν
3779 3288 3876 3341 καὶ

2289 3378 2390 3442 τάς
2416 3377 2481 3431 δι’
2509 3379 2716 3451 ἀνδρῶν
2742 3381 2954 3450 γοήτων
2984 3380 3340 3450 κακοτεχνίας
3361 3397 3373 3412 ·
3407 3380 3443 3434 ἃ
3484 3380 3547 3453 δὴ
3579 3381 3755 3435 πάντα
3801 3381 3873 3434 δι’

2291 3472 2468 3541 ἔργων
2517 3472 2817 3544 ἐπληροῦτο
2853 3470 2991 3542 μετά
3018 3471 3078 3524 τὸ
3113 3474 3373 3544 κήρυγμα
3414 3472 3475 3526 τὸ
3517 3472 3875 3541 εύαγγελικὸν

2289 3563 2350 3615 τὸ
2374 3564 2642 3635 κηρυχθὲν
2667 3565 3002 3632 Αἰγυπτίοις.
3039 3563 3130 3628 Ἐξ
3153 3565 3376 3618 ἐκείνων
3402 3565 3457 3616 δὲ
3482 3565 3575 3618 καὶ
3604 3567 3684 3628 εἰς
3723 3567 3876 3636 ἡμᾶς

2292 3655 2486 3719 αὐτοὺς
2532 3655 2640 3708 τῶν
2672 3655 2798 3726 παρ’
2849 3655 3167 3723 Αἰγυπτίοις
3214 3655 3616 3726 νενομισμένων
3663 3653 3801 3707 θεῶν
3837 3654 3874 3725 ὴ

2292 3750 2441 3801 πᾶσα
2472 3748 2699 3819 δύναμις
2729 3747 2963 3818 ἀπέσϐη,
2995 3748 3089 3800 καὶ
3112 3747 3328 3801 πάντων
3359 3749 3416 3801 δὲ
3437 3748 3543 3801 τῶν
3564 3746 3738 3801 ἀθέων
3770 3747 3870 3801 καὶ

2291 3840 2568 3894 δυσσεϐῶν
2612 3840 2820 3911 ἀνδρῶν
2850 3840 2958 3894 τῶν
2984 3839 3104 3892 καθ’
3129 3839 3259 3911 ὅλης
3287 3840 3386 3910 τῆς
3411 3839 3737 3911 οἰκουμένης
3775 3841 3876 3893 Αί-

2290 3931 2698 4002 γυπτιαζόντων
2739 3934 2879 3987 κατά
2930 3934 3020 3987 τὸν
3049 3936 3232 4005 ὅμοιον
3273 3935 3374 4004 τῆς
3432 3934 3875 4006 εἰδωλολατρείας

2289 4024 2489 4094 τρόπον
2525 4026 2558 4095 ἡ
2595 4025 2724 4078 ποτὲ
2754 4025 3157 4097 πλημμυροῦσα
3208 4027 3303 4079 καὶ
3356 4028 3739 4098 κυματουμένη
3769 4027 3873 4081 θά-

2289 4115 2460 4169 λασσα
2491 4117 2588 4187 τὴν
2624 4117 2859 4187 ἐσχάτην
2893 4116 3160 4171 πέπονθεν
3190 4118 3442 4188 ἐρημίαν.

2368 4229 2386 4260 ι
2425 4211 2534 4263 Καὶ
2574 4209 2826 4263 ὲπιϐαλεῖ
2850 4209 2948 4282 τὴν
2981 4213 3140 4283 χεῖρα
3179 4209 3345 4264 αὑτοῦ
3379 4212 3468 4264 ἐπὶ
3507 4212 3598 4266 τὸν
3624 4214 3875 4284 ποταμὸν

2292 4302 2348 4355 ἂν
2379 4302 2647 4372 πνεύματι
2705 4302 2884 4375 βιαίῳ,
2932 4303 3028 4356 καὶ
3080 4303 3311 4381 πατάξει
3361 4304 3501 4357 έπτά
3555 4305 3872 4376 φάραγγας,

2292 4393 2432 4447 ὥστε
2463 4395 2882 4467 διαπορεύεσθαι
2930 4396 3093 4450 αὑτὸν
3131 4398 3187 4448 ὲν
3222 4397 3551 4468 ὑποδήμασι.
3590 4415 3609 4450 ι
3647 4398 3874 4467 Πνεῦμα

623 4493 755 4546 dicit
779 4508 924 4557 eum,
951 4494 1042 4562 qui
1073 4497 1279 4563 primus
1308 4495 1682 4567 Egyptiorum
1716 4514 1940 4568 regnum
1969 4503 2184 4567 evertit,

2295 4487 2465 4555 βίαιον
2496 4486 2615 4542 εἷπε
2647 4489 2736 4542 τὸν
2766 4492 2982 4559 πρῶτον
3008 4489 3305 4544 καθελόντα
3333 4489 3431 4561 τὴν
3459 4490 3733 4561 βασιλείαν
3759 4492 3876 4548 τῶν

624 4585 991 4640 Romanorum
1027 4587 1234 4640 ducem.
1263 4588 1477 4657 Septem
1508 4605 1636 4645 vero
1663 4592 1900 4656 canales,
1930 4593 1972 4647 si
2010 4596 2191 4649 animo

624 4677 994 4744 perpettderis,
1025 4679 1104 4732 sic
1132 4677 1416 4747 intelliges,
1439 4680 1566 4734 olim
1597 4683 1815 4750 quidem
1851 4683 2011 4737 unius
2040 4682 2191 4738 ﬂuvii

625 4769 920 4822 niaximum
960 4769 1168 4823 alveum
1204 4769 1389 4834 fuisse,
1416 4788 1523 4842 quo
1550 4772 1768 4845 [Egypti
1804 4774 1951 4843 regia
1987 4775 2192 4828 indica-

625 4858 823 4912 batur:
853 4873 913 4911 ea
963 4873 1092 4913 vero
1139 4862 1391 4916 omnibus
1424 4862 1626 4917 circum
1666 4865 1914 4934 gentibus
1956 4866 2194 4935 impera-

622 4945 716 5001 bat
745 4968 756 5002 :
792 4949 878 5002 illa
911 4960 1088 5004 autem
1124 4952 1297 5006 soluta
1343 4963 1394 5008 et
1428 4969 1639 5021 eversa,
1671 4957 1932 5024 quosdam
1976 4959 2193 5029 regulos

628 5040 680 5092 in
719 5052 898 5107 partes
930 5043 1273 5097 distributam
1304 5060 1423 5100 eam
1459 5047 1800 5104 obtinuisse:
1838 5065 2066 5119 quorum
2099 5050 2189 5106 alii

626 5135 842 5204 quidem
882 5135 1106 5207 Libycas
1141 5151 1320 5207 partes
1374 5140 1860 5206 administrabant;
1897 5143 1985 5198 alii
2034 5159 2192 5214 sepa-

624 5225 783 5278 ratim
807 5224 1156 5282 Thcbmorum
1192 5236 1416 5294 tractus,
1447 5230 1534 5284 alii
1566 5231 1853 5303 Egyptum
1883 5243 1937 5288 et
1959 5235 2192 5290 Alexan-

624 5315 818 5369 driam.
849 5316 916 5371 Et
958 5333 1023 5371 ex
1061 5319 1145 5373 his
1194 5319 1276 5373 alii
1311 5322 1525 5389 quidem
1568 5321 1907 5389 praefecturis
1944 5328 2190 5381 exornati

626 5415 772 5471 sunt,
800 5408 993 5475 quibus
1023 5409 1356 5477 publicarum
1384 5422 1439 5465 et
1470 5413 1811 5482 politicarum
1848 5431 2025 5469 rerum
2061 5432 2191 5471 cura

626 5499 933 5553 concredita
968 5500 1094 5568 fuit;
1122 5502 1210 5556 alii
1242 5518 1372 5559 vero
1403 5505 1719 5560 bellicorum
1747 5508 1994 5562 ordinum
2027 5509 2191 5564 duces

624 5591 799 5658 ell'ccti
832 5613 844 5648 :
877 5605 929 5648 ct
958 5595 1011 5648 hi
1044 5612 1231 5652 omnes
1261 5614 1288 5651 a
1323 5599 1510 5664 majori
1563 5611 1829 5668 potestate
1871 5602 1935 5656 ad
1985 5619 2190 5658 memo-

622 5697 768 5740 ratas
817 5686 1108 5757 dignitates
1153 5691 1360 5755 evecti;
1417 5700 1599 5758 postea
1647 5707 1775 5746 vero
1809 5695 1872 5746 ad
1921 5695 2188 5763 privatam

627 5780 987 5845 conditionem
1020 5781 1243 5848 redacti,
1281 5782 1557 5843 canalibus
1586 5781 1706 5852 iure
1731 5785 1910 5843 collati
1943 5797 2087 5855 sunt,
2125 5790 2189 5844 ad

2292 4582 2603 4650 Αἰγυπτίων
2646 4583 2930 4652 Ῥωμαίων
2951 4582 3208 4655 ἄρχοντα.
3246 4583 3343 4638 Διά
3369 4583 3427 4638 δὲ
3453 4585 3562 4637 τῶν
3579 4585 3717 4639 ἑπτὰ
3761 4604 3874 4655 φα-

2295 4672 2510 4742 ράγγων
2527 4673 2740 4743 νοήσεις
2789 4674 3090 4743 ἐπιστήσας
3117 4673 3209 4726 τὸν
3249 4674 3391 4734 νοῦν,
3434 4675 3511 4740 ὡς
3547 4675 3713 4730 πάλαι
3767 4677 3876 4748 μὲν

2292 4763 2408 4826 ἑνὸς
2444 4765 2687 4834 ποταμοῦ
2717 4765 2897 4837 ῥεῦμα
2928 4765 3204 4835 μέγιστον,
3234 4766 3300 4819 δι’
3329 4759 3390 4819 οὗ
3437 4769 3498 4821 τὸ
3546 4770 3645 4840 τῆς
3705 4769 3876 4838 Αίγύ-

2291 4873 2424 4909 πτου
2462 4857 2728 4926 βασίλειον
2758 4848 3034 4929 ἐδηλοῦτο,
3058 4858 3164 4911 τῶν
3196 4859 3387 4912 αὐτόθι
3432 4861 3648 4914 πάντων
3698 4861 3874 4916 ἐθνῶν

2292 4951 2545 5022 ἐκράτει·
2580 4951 2948 5022 παταχθέντος
2988 4952 3045 5004 δὲ
3090 4953 3300 5007 ἐκείνου
3330 4955 3423 5008 καὶ
3451 4955 3720 5019 λυθέντος,
3771 4973 3872 5026 μεν

2293 5044 2432 5118 ρικοί
2459 5062 2601 5110 τινες
2643 5046 2901 5115 ἄρχοντες
2947 5045 3123 5098 αὐτῶν
3169 5046 3309 5100 κατά
3333 5049 3556 5121 χρόνους
3604 5048 3869 5119 ἡγοῦντο·

2290 5141 2336 5191 οί
2371 5138 2465 5208 μὲν
2496 5138 2565 5191 τά
2592 5137 2804 5191 Λιϐύων
2825 5137 3099 5201 διέποντες
3132 5140 3292 5210 μέρη,
3320 5142 3368 5192 οί
3391 5140 3446 5193 δὲ
3471 5142 3872 5213 ἀφωρισμένως

2288 5230 2358 5282 τά
2403 5231 2675 5302 Θηϐαίων,
2722 5231 2771 5283 οἰ
2823 5230 2878 5282 δὲ
2926 5231 3096 5300 αὐτῆς
3153 5233 3427 5300 Αἰγύπτου
3471 5236 3565 5288 καὶ
3621 5234 3872 5299 Ἀλεξαν-

2289 5325 2486 5394 δρείας.
2521 5327 2632 5378 Καὶ
2676 5325 2880 5377 τούτων
2926 5327 2974 5377 οἱ
3032 5325 3130 5395 μὲν
3164 5325 3480 5396 ἡγεμονίαις
3522 5328 3868 5398 τετίμηνται,

2288 5415 2394 5468 τῶν
2415 5415 2719 5487 δημοτικῶν
2765 5416 2858 5469 καὶ
2909 5415 3206 5469 πολιτικῶν
3232 5416 3573 5488 πραγμάτων
3616 5420 3869 5488 ἐγκεχει-

2291 5509 2534 5577 ρισμένοι
2567 5506 2665 5578 τὴν
2698 5507 2983 5578 φροντίδα·
3041 5508 3090 5559 οἱ
3137 5507 3194 5560 δὲ
3246 5509 3645 5580 ἀφωρισμένως
3704 5509 3874 5564 πάλιν

2288 5597 2394 5650 τῶν
2426 5598 2828 5668 στρατιωτικῶν
2855 5598 3218 5671 καθηγοῦνται
3243 5601 3568 5670 ταγμάτων·
3609 5602 3701 5654 καί
3722 5596 3870 5655 οῦτοι

2293 5690 2488 5755 πάντες
2521 5691 2625 5744 ὑπὸ
2663 5692 2760 5761 τῆς
2801 5691 3045 5762 μείζονος
3084 5691 3332 5756 ἐξουσίας
3364 5693 3456 5746 ἐπὶ
3485 5693 3583 5756 τὰς
3611 5692 3871 5764 δηλωθεί-

2294 5801 2387 5847 σιας
2419 5783 2590 5856 ἀρχὰς
2637 5785 3024 5856 προαγόμενοι·
3074 5787 3303 5839 κᾶπειτα
3344 5786 3728 5852 ἰδιωτεύοντες,
3766 5786 3872 5856 φά-
