4120 6294
239 342 311 396 lSl
1166 343 1667 401 COMMENTARIA
1705 341 1771 396 ΙΝ
1814 340 2070 398 ιεΑιΑιι.
2113 372 2181 382 -
2220 342 2372 398 CAP.
2415 342 2528 397 XII.
3398 343 3493 397 182

237 461 393 529 ραγξιν
420 460 649 523 εἰκότως
692 463 1147 534 παρεδλήθησαν,
1180 464 1256 527 ὠς
1285 466 1343 515 ὲν
1378 463 1678 534 παραθέσει
1708 459 1799 513 τοῦ

1908 463 2371 531 comparationem
2448 459 2689 515 ﬂuminis
2746 460 2889 529 apud
2949 460 3068 516 illos
3124 474 3489 526 ειυιιιτιῐιιιιδ,

234 552 861 623 πάλαιπλημμυροῦντος
888 555 1071 618 αὐτοῖς
1098 554 1366 625 ποταμοῦ,
1410 555 1553 621 λέγω
1595 553 1658 623 δὴ
1705 550 1798 605 τοῦ

234 642 492 711 βασιλείου,
525 644 587 704 ὃς
611 643 681 714 δὴ
716 644 818 714 τὴν
869 647 1048 698 πᾶσαν
1100 644 1314 714 ἀθρόως
1349 645 1520 715 αὐτην
1547 661 1605 696 τε
1645 642 1802 711 Δίγυ-

234 752 341 787 πτον
368 735 456 786 καὶ
494 734 565 786 τὰ
620 736 774 803 ἀμφὶ
818 735 1026 807 ταύτην
1078 734 1207 806 ἔθνη
1252 736 1331 788 ἑνὶ
1374 735 1606 807 ῥεύματι
1648 750 1802 805 περι-

231 826 423 890 ἑκλυζε·
475 827 579 898 μιᾷ
634 828 869 899 δυνάμει
918 827 1170 899 βασιλικῇ
1225 828 1647 901 κατακρατούσῃ
1679 828 1789 881 τῶν

231 921 358 971 ὅλων.

286 1028 303 1060 ι
331 1011 433 1063 Καὶ
462 1010 622 1063 ἔσται
653 1011 830 1076 δίοδος
863 1011 941 1082 τῷ
972 1010 1389 1081 καταλειφθέντι
1435 1030 1535 1083 μου
1582 1011 1697 1081 λαῷ
1743 1013 1802 1063 ὲν

229 1104 486 1175 Αἰγύπτῳ·
549 1107 651 1158 καὶ
706 1106 859 1158 ἔσται
894 1103 971 1173 τῷ
1010 1104 1231 1175 Ἰσραὴλ
1274 1104 1349 1168 ὡς
1391 1108 1423 1175 ἡ
1478 1105 1663 1175 ἡμέρα
1713 1106 1801 1157 ὅτε

229 1194 424 1264 ἐξῆλθεν
479 1197 545 1247 ὲκ
583 1198 695 1268 γῆς
746 1197 1058 1266 Αἰγύπτου·
1100 1217 1118 1249 ι
1161 1198 1236 1261 ὡς
1293 1195 1461 1268 βατὴν
1513 1192 1654 1249 εἶναι
1706 1196 1801 1249 τοῦ

228 1288 384 1341 λοιποῦ
423 1291 520 1357 τὴν
575 1288 864 1357 Αἴγυπτον
893 1294 1001 1353 τοῖς
1040 1290 1133 1343 τοῦ
1180 1289 1420 1361 Χριστοῦ
1470 1290 1802 1358 Εὑαγγέλιον

228 1382 547 1449 κηρύττουσι,
603 1383 841 1454 μηδενὸς
884 1382 1132 1453 ἐμποδὼν
1182 1384 1366 1446 αὐτοῖς
1423 1384 1799 1453 ἐνισταμένου,

229 1472 327 1541 μηδ’
371 1473 687 1527 ἐπιϐαίνειν
730 1475 1056 1541 κωλύοντος.
1094 1476 1296 1546 Διόπερ
1331 1475 1408 1537 ὼς
1449 1476 1647 1546 μηκέτι
1682 1493 1804 1528 συν-

225 1562 438 1636 εστώσης
452 1566 888 1635 τῆςΑίγυπτίων
910 1568 1217 1637 βασιλείας,
1244 1566 1319 1629 ὼς
1337 1566 1395 1619 δὲ
1427 1566 1526 1636 τῆς
1555 1566 1799 1635 δαιμονιο

226 1657 308 1723 κῆς
370 1659 660 1729 ἐνεργείας
714 1660 814 1729 τῆς
865 1663 925 1714 ἐν
984 1662 1169 1723 αὐτοῖς
1232 1658 1691 1730 ἀποσϐεσθείσης,
1740 1660 1803 1712 τὸ

226 1750 456 1821 κήρυγμα
485 1754 551 1806 τὸ
597 1755 956 1823 εὐαγγελικὺν
998 1756 1093 1807 ἐπὶ
1126 1752 1324 1823 σχολῆς
1382 1751 1569 1816 αὐτοῖς
1619 1756 1798 1824 ἐπηγ-

227 1841 438 1907 τέλλετο.

721 1934 1121 1987 ΚΕΦΔΛΑΙΟΝ
1182 1936 1283 1992 IB'.

283 2043 299 2073 ι
334 2025 442 2078 Καὶ
476 2026 722 2096 ἐρεῖς.ἐν
768 2030 831 2098 τῇ
869 2027 1051 2097 ἡμέρᾳ
1102 2028 1317 2101 ἐκείνῃ·
1376 2029 1670 2099 Εὐλογήσω
1715 2043 1795 2090 σε,

224 2115 418 2186 Κύριε.»
446 2117 564 2188 (18)
583 2119 678 2180 Ὠς
718 2118 828 2188 γὰρ
862 2120 889 2171 ό
914 2118 1188 2182 Μωῦσέως
1205 2121 1331 2183 λαὸς
1361 2121 1509 2192 διέϐη
1548 2120 1676 2174 ποτὲ
1701 2120 1799 2188 τὴν

234 2207 474 2278 Ἐρυθρὰν
509 2209 799 2263 Θάλασσαν
839 2208 912 2273 ὡς
950 2209 1037 2261 διὰ
1092 2210 1299 2281 ξηρᾶς·
1363 2210 1482 2265 εἶτα
1524 2212 1663 2282 μετὰ
1700 2213 1799 2283 τὴν

222 2296 364 2349 δίοδον
387 2298 486 2369 τὴν
517 2300 671 2372 ᾠδὴν
708 2296 849 2378 ᾖσαν
900 2300 1171 2368 λέγοντες,
1212 2322 1229 2353 ι
1272 2305 1530 2375 ᾋσωμεν
1563 2303 1641 2374 τῷ
1688 2306 1800 2357 Κυ-

224 2388 321 2459 ΡίΨν
354 2388 582 2454 ἐνδόξως
624 2391 733 2463 γὰρ
767 2391 1109 2459 δεδόξασται·
1162 2412 1179 2442 ι
1238 2394 1327 2446 τὸν
1378 2396 1542 2448 αὑτὸν
1598 2395 1799 2465 τρόπον

224 2481 301 2532 καὶ
323 2483 870 2553 οἱπροφητευόμενοι
926 2484 1021 2538 τοῦ
1072 2487 1323 2557 Σωτῆρος
1369 2486 1527 2556 ἡμῶν
1568 2487 1797 2554 εὐαγγε-

224 2571 394 2637 λισταὶ,
419 2575 580 2628 αὐτοὶ
609 2576 769 2638 ὄντες
794 2578 844 2629 οἱ
866 2577 929 2631 ὲκ
955 2577 1049 2631 τοῦ
1082 2582 1281 2643 παντὸς
1316 2580 1583 2633 Ἰουδαίων
1612 2580 1796 2645 ἔθνους

223 2665 662 2735 περιλειφθέντες,
714 2666 993 2721 ἀκώλυτον
1050 2670 1365 2741 ποιούμενοι
1419 2672 1510 2723 τὸν
1569 2672 1794 2743 δρόμον,

224 2758 301 2811 καὶ
324 2760 502 2811 πᾶσαν
546 2759 923 2832 διατρέχοντες
968 2761 1065 2834 τὴν
1114 2763 1429 2831 Αἰγυπτίων
1460 2764 1667 2835 χώραν,
1708 2770 1799 2821 καὶ

233 2847 486 2913 Ἰουδαίοις
529 2850 637 2920 μὲν
683 2850 1051 2921 κηρύττοντες
1092 2855 1153 2907 τὸ
1208 2855 1541 2923 Εὑαγγέλιον
1588 2859 1645 2911 ὲν
1679 2862 1798 2921 ταῖς

226 2945 546 3009 συναγωγαῖς
640 2945 842 3007 αὐτῶν,
886 2947 1182 3018 ἐκκλησίας
1236 2946 1293 3000 δὲ
1360 2949 1601 3020 Χριστοῦ
1670 2968 1793 3003 συν·

226 3032 455 3098 ιστῶντες
476 3035 546 3087 ὲκ
562 3035 665 3105 τῆς
695 3036 804 3089 τῶν
829 3038 1005 3090 ἐθνῶν
1037 3040 1393 3111 ἐπιστροφῆς,
1420 3042 1605 3094 καινὸν
1622 3039 1795 3113 ᾆσμα,

225 3126 451 3197 ἐμφερῶς
480 3134 598 3194 τοῖς
636 3132 729 3184 ἐπὶ
757 3134 1058 3197 Μωῡσέως,
1096 3134 1547 3207 ἐδίδασκον-ᾄδειν
1563 3129 1697 3201 τοὺς
1730 3140 1794 3192 δι’

226 3220 375 3272 αὐτῶν
396 3222 831 3295 ὠφελουμένους.
858 3227 1099 3283 Τοῦτοδὲ
1123 3224 1191 3297 ἦν
1222 3228 1284 3281 τὸ
1308 3229 1663 3301 προφωνηθὲν
1692 3233 1797 3285 ὑπὸ

227 3309 302 3364 τοῦ
331 3314 552 3385 Κυρίου,
614 3317 919 3386 φάσκοντος
956 3319 1042 3372 διὰ
1085 3318 1178 3371 τοῦ
1233 3321 1574 3391 προφητικοῦ
1603 3323 1791 3391 λόγου·

230 3418 248 3451 ι
279 3403 377 3456 Καὶ
396 3406 543 3479 ἐρεῖς
576 3410 639 3461 ὲν
666 3413 731 3479 τῇ
772 3412 954 3483 ἡμέρᾳ
993 3412 1176 3482 ἐκείνῃ
1196 3430 1209 3443 '
1246 3414 1538 3486 Εὑλογήσω
1568 3434 1647 3479 σε,
1688 3418 1795 3471 Κύ-

230 3507 314 3562 ριι.
337 3494 465 3549 διότι
517 3498 802 3568 ὠργίσθης
849 3518 960 3569 μοι,
992 3502 1086 3553 καὶ
1127 3502 1477 3577 ἀπέστρεψας
1500 3505 1590 3559 τὸν
1624 3506 1796 3577 θυμόν

229 3601 325 3651 σου,
350 3592 440 3643 καὶ
474 3591 722 3661 ἡλέησάς
755 3610 843 3663 με.
881 3613 899 3644 ι

291 3698 306 3730 ι
346 3681 471 3736 Ἰδοὺ
506 3686 535 3736 ό
568 3683 705 3747 Θεός
734 3702 858 3754 μου,
893 3686 1086 3759 Σωτήρ
1132 3706 1255 3759 μου,
1298 3689 1576 3754 πεποιθὼς
1601 3691 1794 3763 ἔσομαι

229 3770 295 3821 ἆτ’
320 3773 481 3843 αὐτῷ,
512 3776 613 3828 καὶ
640 3775 701 3827 ού
740 3776 1119 3849 φοὸηθήσομαι
1142 3796 1155 3809 ·
1188 3779 1320 3833 διότι
1351 3783 1382 3851 ἡ
1416 3780 1543 3844 δόξα
1575 3801 1676 3853 μου
1703 3785 1795 3837 καὶ

229 3864 253 3929 ἡ
278 3864 466 3929 αἵνεσίς
505 3883 613 3935 μου
629 3866 853 3938 Κύριος,
877 3870 968 3920 καὶ
986 3869 1204 3937 ἐγένετό
1233 3888 1321 3940 μοι
1348 3873 1428 3935 εἰς
1461 3874 1789 3944 σωτηρίαν,›

228 3954 302 4005 καὶ
330 3955 362 4008 ἃ
384 3957 747 4027 παρακατιὼν
782 3958 1013 4013 ἐνταῦθα
1034 3958 1271 4025 διέξεισι.
1308 3961 1381 4014 Τὸ
1404 3962 1555 4030 γοῦν,
1575 3984 1591 4014 ι
1629 3964 1797 4033 ὠργί-

228 4043 340 4114 σθης
393 4065 513 4117 μοι,
550 4067 569 4100 ι
609 4048 996 4121 ἐξομολόγησιν
1046 4052 1330 4124 προτέρων
1380 4054 1795 4126 ἁμαρτημάτων

226 4136 567 4209 παρίστησιν
603 4133 676 4193 ὧν
708 4141 875 4194 ἕνεκα
920 4141 1055 4195 Θεοῦ
1088 4144 1257 4213 ὀργῆς
1306 4139 1445 4215 ἦσαν
1498 4146 1637 4209 ἄξιοι
1690 4147 1795 4218 πρὸ

224 4226 305 4296 τῆς
332 4232 603 4303 σωτηρίου
637 4232 885 4303 κλήσεως
920 4234 969 4285 οἱ
1000 4234 1317 4301 Αίγύπτιον
1353 4235 1415 4289 τὸ
1444 4237 1521 4301 δὲ,
1578 4257 1596 4288 ι
1661 4238 1794 4291 Ἀπ-

227 4317 477 4391 ἐστρεψας
507 4324 600 4377 τὸν
631 4324 800 4395 θυμόν
833 4341 925 4377 σου
952 4328 1047 4379 ἀπ’
1074 4329 1230 4399 ἐμοῦ,
1266 4329 1359 4382 καὶ
1385 4332 1623 4403 ὴλέησάς
1660 4349 1747 4400 με,
1770 4350 1788 4382 ι

226 4410 307 4481 τὴν
333 4416 469 4485 μετά
506 4416 605 4487 τὴν
642 4417 831 4488 κλῆσιν
870 4418 1203 4491 δωρηθεῖσαν
1224 4423 1407 4485 αὐτοῖς
1439 4424 1633 4491 ἄφεσιν
1685 4422 1794 4474 τῶν

1908 556 2033 623 regii
2068 555 2210 620 dico,
2238 555 2381 624 quod
2429 568 2645 610 omnem
2692 568 2796 607 uua
2836 553 3163 623 (Egyptum,
3209 568 3272 608 ac
3330 554 3492 608 simul

1903 658 2093 716 gentes
2148 648 2590 718 circumpositas,
2636 663 2744 701 uno
2790 648 2945 701 alveo
2995 647 3327 713 iuundabat,
3380 662 3487 701 una

1906 739 2051 808 regia
2120 749 2390 807 potestate
2451 739 2505 795 in
2573 739 2857 794 universos
2945 738 3279 793 dominatum
3348 739 3490 794 obti-

1904 841 2088 885 nente.

1977 1011 2137 1068 VERS.
2173 1011 2255 1069 16.
2289 1030 2307 1062 ι
2340 1011 2405 1067 Et
2432 1012 2535 1066 erit
2569 1011 2831 1065 transitus
2862 1008 3121 1065 derelicto
3147 1008 3343 1080 populo
3371 1025 3492 1065 meo

1904 1105 1957 1157 in
1992 1104 2228 1173 A‘lgypto
2262 1122 2275 1157 :
2307 1113 2362 1158 et
2406 1104 2513 1158 erit
2556 1102 2761 1170 lsraeli,
2790 1103 2945 1173 quasi
2995 1103 3130 1168 dies,
3168 1118 3273 1172 qua
3322 1104 3493 1156 exivit

1902 1210 1968 1248 ex
2012 1194 2279 1264 Egypto;
2308 1214 2325 1245 ι
2364 1196 2435 1248 ita
2486 1207 2542 1248 ut
2588 1196 2843 1265 deinceps
2888 1193 3159 1266 Egyptus
3211 1196 3490 1267 Evangelii

1902 1286 2106 1341 Christi
2153 1288 2496 1357 praeconibus
2532 1288 2715 1357 pervia
2759 1289 2863 1354 sit,
2914 1288 3059 1341 nullo
3101 1289 3353 1343 obstante
3402 1289 3485 1343 vel

1906 1380 2211 1446 ingressum
2282 1380 2637 1447 prohibente.
2704 1378 3079 1449 Quapropter,
3139 1390 3325 1449 utpote
3372 1380 3484 1449 jam

1902 1470 2118 1525 sublato
2167 1468 2543 1540 Egyptiorum
2592 1486 2778 1540 regno,
2828 1487 2893 1526 ac
2946 1473 3244 1526 dzemonica
3295 1487 3488 1541 apera-

1905 1562 2053 1617 tione
2100 1562 2239 1632 apud
2290 1563 2439 1631 ipsos
2466 1563 2765 1631 exstincta,
2807 1564 3121 1636 evangelica
3172 1564 3489 1635 praedicatio

1903 1652 2087 1723 quiete
2121 1652 2564 1706 annuntiabatur.

2500 1922 2731 1978 CAPUT
2770 1922 2883 1977 XII.

1975 2011 2207 2066 VsnsJ.
2252 2012 2348 2067 «Et
2380 2016 2528 2070 dices
2556 2016 2607 2069 iu
2637 2016 2722 2069 die
2767 2016 2878 2079 illa,
2914 2016 3237 2071 Beuetlicam
3269 2028 3338 2083 te,
3381 2016 3490 2073 Do—

1903 2104 2067 2159 mine.
2093 2126 2110 2157 ι
2141 2105 2610 2173 Quemadmodum
2648 2111 2792 2164 enim
2826 2110 3024 2181 Moysis
3066 2112 3293 2180 populus
3335 2128 3487 2167 mare

1903 2196 2141 2252 Rubrum
2163 2237 2178 2263 ,
2211 2200 2366 2267 quasi
2418 2216 2514 2271 per
2547 2202 2776 2267 aridam,
2804 2204 2931 2255 olim
2964 2203 3176 2274 trajecit
3218 2222 3230 2258 :
3270 2220 3333 2261 ac
3368 2213 3488 2275 post

1905 2292 2213 2356 transitum,
2250 2296 2523 2348 canticum
2556 2294 2821 2349 canebant
2854 2296 3122 2362 dicentes,
3162 2299 3489 2353 «Cantemus

1904 2382 2157 2448 Domino,
2208 2384 2447 2456 gloriose
2480 2387 2625 2440 enim
2670 2388 3005 2456 gloriﬁcatus
3059 2389 3245 2443 est“:
3308 2389 3386 2443 sic
3434 2399 3488 2443 et

1902 2477 2252 2544 evangelista:
2281 2476 2582 2533 Satvatoris
2626 2481 2797 2534 DUSlri
2850 2480 2939 2549 qui
2984 2480 3037 2533 in
3089 2480 3372 2551 prophetia
3408 2480 3487 2536 fo-

1905 2580 2133 2636 ruutur,
2190 2571 2351 2626 iidem
2408 2572 2508 2641 ipsi
2562 2573 2812 2628 videlicet
2852 2575 2942 2642 qui
2994 2590 3059 2628 ex
3113 2584 3221 2627 tota
3258 2574 3485 2629 Judatca

1900 2674 2059 2734 gente
2102 2666 2272 2719 relicti
2327 2666 2573 2731 fuerant,
2623 2682 2744 2721 cum
2790 2668 2935 2721 nullo
2982 2671 3233 2724 obstante
3263 2686 3485 2725 cursum

1901 2771 2057 2808 suum
2092 2758 2447 2825 perlicerent,
2480 2772 2545 2813 ac
2593 2770 2760 2813 totam
2786 2759 3168 2830 Egyptiorum
3210 2763 3485 2832 regionem

1901 2848 2298 2916 pervaderent,
2327 2849 2527 2904 Juda‘is
2553 2854 2770 2921 quidem
2805 2854 3155 2923 Evangelium
3188 2855 3488 2925 praedican-

1902 2946 1981 2989 tes
2012 2938 2066 2991 in
2107 2943 2423 3009 synagogis,
2474 2956 2536 2994 ex
2566 2943 2806 3011 gentium
2842 2958 2971 2997 vero
3004 2945 3361 2998 conversione
3390 2944 3488 2998 Ec-

1900 3026 2094 3082 clesias
2148 3028 2350 3083 Christi
2411 3033 2847 3095 constituentes;
2921 3034 3197 3086 canticum
3258 3048 3483 3097 novum,

1903 3121 2124 3187 perinde
2161 3132 2324 3191 atque
2378 3122 2451 3175 illi
2511 3134 2752 3193 tempore
2795 3123 3022 3195 Moysis,
3074 3139 3273 3181 canere
3324 3127 3488 3181 doce-

1903 3217 2033 3265 bant
2062 3228 2189 3279 eos,
2217 3215 2308 3281 qui
2336 3228 2500 3282 opera
2538 3230 2635 3268 sua
2683 3214 2917 3269 fructum
2952 3226 3343 3287 perceperant;
3385 3218 3486 3272 hoc

1900 3305 2108 3359 scilicet
2163 3306 2433 3360 canticum
2469 3307 2598 3361 olim
2632 3324 2661 3361 a
2694 3309 2922 3363 Domino
2968 3324 3063 3377 per
3108 3310 3487 3379 propheticum

1899 3414 2205 3454 sermonem
2257 3400 2721 3467 prmuuntiatum:
2762 3420 2779 3452 ι
2820 3401 2883 3455 Et
2926 3402 3076 3457 dices
3122 3402 3173 3457 in
3228 3403 3319 3458 die
3375 3403 3485 3467 illa,

1900 3493 2223 3549 Benedieam
2260 3503 2329 3559 te,
2364 3493 2613 3560 Domine,
2651 3494 2907 3564 quoniam
2944 3498 3119 3550 iratus
3151 3512 3211 3552 es
3246 3497 3401 3563 mihi,
3430 3480 3485 3553 et

1898 3586 2140 3640 avertisti
2175 3586 2412 3641 furorem
2463 3598 2639 3654 tuum,
2670 3597 2725 3642 et
2756 3588 3013 3644 mlsertus
3040 3605 3100 3643 es
3136 3592 3288 3643 mihi.
3317 3610 3336 3643 ι

1971 3678 2137 3735 Vens.
2168 3681 2223 3735 2.
2258 3701 2274 3731 ι
2304 3682 2440 3736 Ecce
2474 3681 2614 3738 Deus
2645 3700 2831 3749 meus,
2865 3684 3107 3739 salvator
3138 3701 3311 3750 meus,
3341 3685 3484 3739 ﬁdu-

1898 3773 2038 3826 ciam
2091 3773 2304 3829 habebo
2351 3776 2402 3829 in
2459 3775 2579 3839 illo,
2626 3785 2679 3831 et
2714 3792 2820 3831 non
2858 3779 3057 3832 timebo
3098 3796 3109 3831 :
3149 3778 3275 3847 quia
3308 3777 3481 3845 gloria

1900 3878 2016 3915 mea
2065 3872 2121 3917 et
2169 3862 2287 3919 laus
2319 3880 2435 3919 mea
2474 3865 2771 3931 Dominus,
2810 3878 2863 3921 et
2909 3866 3083 3922 factus
3118 3878 3201 3924 est
3238 3868 3371 3921 mihi
3428 3868 3481 3922 in

1898 3954 2149 4023 Salutem,
2177 3974 2196 4008 ι
2235 3964 2289 4012 et
2325 3974 2446 4025 qua:
2481 3959 2581 4014 sub
2617 3960 2727 4012 haec
2760 3962 3128 4029 prosequitur.
3160 3960 3295 4014 Illud
3324 3974 3481 4031 ergo,

1898 4050 2116 4105 viratus
2166 4066 2226 4107 es
2278 4051 2429 4114 mihi,
2461 4071 2481 4105 ι
2538 4053 2894 4123 pristinorum
2952 4065 3297 4121 peccatorum
3348 4069 3480 4107 cou-

1899 4137 2187 4196 fessionem
2231 4142 2451 4196 exhibet
2497 4158 2509 4196 :
2566 4158 2798 4211 quorum
2851 4158 3010 4197 causa
3060 4143 3306 4213 Aipyptii
3358 4153 3485 4199 ante

1898 4233 2191 4288 salutarem
2233 4236 2572 4290 vocationem
2634 4237 2711 4290 ira
2765 4236 2855 4289 Dei
2912 4236 3058 4305 digni
3110 4244 3309 4301 erant;
3351 4236 3484 4290 illud

1896 4332 2098 4383 autem,
2131 4342 2150 4374 ι
2179 4324 2435 4379 Avertisti
2471 4326 2704 4380 furorem
2735 4336 2886 4380 tnum
2931 4342 2960 4379 a
2991 4342 3075 4380 me
3096 4368 3111 4391 ,
3143 4337 3196 4381 et
3226 4328 3483 4384 misertus

1898 4432 1959 4469 es
1994 4418 2180 4481 mihi,»
2224 4430 2569 4487 peccatorum
2602 4422 2997 4488 remissionem,
3030 4423 3135 4477 illis
3165 4433 3287 4494 post
3321 4440 3482 4479 voca-

224 4498 622 4582 Άμαρτημάτων
659 4512 933 4582 σημαίνει.
966 4513 1029 4567 Ἡ
1058 4515 1165 4585 γὰρ
1194 4517 1354 4587 χάρις
1380 4518 1472 4568 καὶ
1503 4518 1534 4585 ὴ
1569 4515 1793 4586 ἀλήθεια

1903 4508 2100 4560 tionem
2157 4524 2492 4575 concessam,
2546 4510 2835 4581 signiﬁcat.
2884 4510 3017 4567 Nam
3054 4517 3227 4584 gratia
3260 4526 3316 4570 et
3343 4517 3481 4571 veri-

226 4596 300 4650 διὰ
331 4602 503 4671 Ἰησοῦ
528 4602 764 4672 Χριστοῦ
793 4605 1059 4675 γενομένη
1117 4608 1210 4658 καὶ
1240 4608 1423 4669 αὐτοῖς
1455 4608 1791 4673 Αἰγυπτίοις,

229 4692 304 4743 καὶ
338 4698 477 4747 πᾶσι
504 4698 619 4757 τοῖς
668 4696 760 4747 τὸν
794 4697 920 4749 Υἱὺν
975 4696 1071 4749 τοῦ
1114 4698 1249 4763 Θεοῦ
1280 4699 1793 4770 παραδεδεγμένοις,

227 4782 416 4853 δεσμῶν
475 4785 628 4838 λύσιν
682 4788 775 4840 καὶ
839 4788 1124 4860 ἁμαρτιῶν
1182 4790 1529 4861 συγχώρησιν
1591 4792 1796 4861 ἐδωρή-

230 4891 356 4929 σατο.

291 4988 307 5018 ι
348 4971 464 5024 Καὶ
493 4970 791 5041 ἀντλήσατε
828 4971 973 5045 ὕδωρ
1024 4973 1141 5043 μετ’
1188 4973 1525 5043 εὐφροσύνης
1568 4978 1632 5027 ἐκ
1682 4975 1789 5027 τῶν

229 5062 398 5130 πηγῶν
439 5062 536 5115 τοῦ
564 5063 861 5134 Σωτηρίου.
898 5085 915 5117 ι
945 5066 1111 5117 Πάλιν
1138 5065 1509 5135 ἁλληγορικῶς
1558 5067 1791 5119 ἐνταῦθα

230 5153 580 5223 παραδεκτέον
613 5154 673 5205 τὺ
706 5154 847 5227 ὕδωρ
882 5158 973 5209 καὶ
998 5156 1103 5220 τὰς
1138 5156 1321 5225 πηγὰς
1356 5156 1446 5208 τοῦ
1488 5158 1786 5229 Σωτηρίου.

232 5243 440 5314 Νοήσεις
470 5247 526 5299 δὲ
558 5247 729 5300 ταῦτα
756 5247 919 5300 αὑτοῦ
952 5249 1199 5316 λέγοντος
1226 5249 1317 5301 τοῦ
1356 5250 1633 5320 Σωτῆρος
1675 5269 1691 5300 ι
1729 5251 1793 5303 Εἴ

229 5351 295 5398 τις
324 5338 469 5408 διψᾷ,
499 5337 747 5408 ἐρχέσθω
772 5338 909 5409 πρὸς
956 5341 1043 5408 μὲ,
1081 5341 1173 5394 καὶ
1204 5342 1432 5393 πινέτω·
1465 5342 1492 5392 ὁ
1519 5341 1789 5394 πιστεύων

232 5430 294 5489 εἰς
318 5431 431 5501 ἐμὲ,
458 5449 476 5481 ι
504 5430 689 5494 καθὼς
704 5428 907 5501 εἶπενή
940 5433 977 5483 Γ
986 5435 1151 5503 ραφὴ,
1181 5454 1197 5484 ι
1227 5433 1460 5503 ποταμοὶ
1479 5435 1539 5485 ἐκ
1563 5434 1661 5503 τῆς
1678 5451 1791 5485 κοι-

229 5522 328 5590 λίας
358 5532 521 5585 σὲτοῦ
546 5533 832 5604 ῥεύσουσιν
855 5533 1043 5595 ὕδατος
1076 5532 1291 5595 ζῶντος.
1346 5552 1361 5581 ι
1397 5532 1574 5599 Πηγαὶ
1613 5533 1790 5583 τοίνυν

290 5645 325 5675 ’⁸
356 5647 521 5703 Exod.
556 5666 648 5712 xv,
690 5652 735 5705 l.
821 5651 863 5678 τ’
901 5649 1056 5706 Juau.
1090 5665 1193 5712 vn,
1231 5648 1319 5703 57,

1900 4608 1981 4650 tas
2019 4614 2113 4667 per
2145 4597 2330 4654 Jesum
2357 4600 2632 4655 Christum
2662 4604 2829 4670 facta,
2860 4622 2983 4660 cum
3019 4607 3147 4674 ipsis
3176 4606 3476 4677 Egyptiis,

1897 4700 2008 4742 tum
2042 4692 2294 4745 omnibus
2343 4693 2425 4754 iis,
2456 4694 2545 4761 qui
2590 4694 2784 4748 Filium
2825 4696 2913 4749 Dei
2951 4708 3324 4765 susceperant,
3360 4698 3481 4752 vin-

1894 4784 2135 4838 culorum
2172 4786 2521 4855 solutionem,
2563 4800 2617 4843 et
2651 4802 2996 4847 peccatorum
3034 4793 3242 4846 veniam
3272 4792 3440 4847 dedit.

1973 4966 2131 5023 Vens.
2164 4970 2215 5022 '5.
2255 4988 2273 5019 ι
2306 4972 2368 5024 Et
2402 4972 2616 5025 haurite
2645 4986 2839 5040 aquam
2870 4988 2991 5026 cmn
3025 4975 3223 5043 gaudio
3254 4992 3321 5031 ex
3362 4975 3483 5030 fon-

1902 5060 2041 5113 tibus
2068 5060 2355 5116 Salutaris.
2389 5082 2407 5113 ι
2455 5063 2578 5117 Haec
2623 5064 2775 5126 item,
2806 5074 2911 5118 tam
2960 5083 3126 5135 aqua,
3168 5084 3330 5137 quam
3365 5068 3479 5121 fou-

1901 5163 1977 5207 tes
2003 5152 2287 5217 Salutaris,
2324 5157 2611 5224 allegorice
2641 5171 2765 5212 sunt
2792 5160 3124 5227 accipienda.
3166 5160 3290 5216 Haec
3315 5176 3479 5225 porro

1900 5247 2174 5317 intelligas
2227 5250 2341 5317 ipso
2373 5250 2663 5305 Servatore
2714 5255 2951 5315 dicente,
3005 5272 3022 5302 ι
3058 5251 3113 5306 Si
3162 5254 3285 5319 quis
3337 5254 3478 5318 sitit,

1900 5342 2079 5395 veniat
2126 5343 2191 5395 ad
2231 5359 2332 5405 me,
2371 5355 2419 5399 et
2471 5345 2613 5399 bibat
2657 5363 2671 5400 :
2716 5348 2807 5415 qui
2861 5348 3033 5402 credit
3075 5349 3125 5401 in
3167 5364 3305 5412 me,»
3340 5351 3481 5403 sicut

1902 5436 2033 5489 dicit
2095 5435 2396 5505 Scriptura,
2442 5460 2458 5490 ι
2501 5439 2717 5493 ﬂumina
2766 5441 2829 5493 de
2896 5450 3085 5495 ventre
3146 5442 3263 5510 ejus
3311 5441 3478 5495 ﬂuent

1900 5544 2053 5597 aqua:
2097 5532 2231 5586 vivae
2273 5532 2339 5585 ⁷⁸.
2365 5552 2381 5585 t
2418 5532 2616 5588 Fontes
2670 5534 2831 5603 igitur
2865 5534 3147 5599 Salutaris,
3196 5548 3475 5589 sermones

292 5790 388 5861 (18)
437 5794 564 5853 Haec
627 5809 752 5851 item
821 5793 1217 5862 ll‘et'onyutu:,
1278 5794 1366 5847 sed
1426 5794 1640 5849 brevius
1696 5802 1969 5861 exprimit.
