4120 6294
713 393 810 449 183

1349 387 1614 445 EUSEBII
1657 383 2134 444 CA'ZSARIENSIS
2176 384 2326 442 ουρ.
2366 383 2548 440 PARS
2585 383 2670 438 Ill.
2711 415 2776 426 -ο
2815 379 3219 440 EJEGETICA.

3847 377 3974 433 £84

708 504 1001 577 evangelici
1063 515 1224 573 sunt,
1289 519 1353 562 ea
1425 505 1626 578 Spiritu
1684 513 1872 565 sancto
1933 518 2030 560 ceu
2084 503 2245 560 imbre

2347 540 2355 565 ι
2385 501 2660 573 Σωτηρίου
2691 503 2840 573 λόγοι
2869 503 3008 556 είσὶν
3030 497 3393 569 εύαγγελικοὶ,
3420 495 3482 564 ἑξ
3516 495 3672 566 ἁγίου
3703 495 3963 568 Πνεῦμα-

705 597 904 656 emissi.

777 688 942 745 Vitas.
972 689 1028 753 4.
1059 689 1113 744 5;
1170 707 1189 740 ι
1217 687 1282 742 Et
1308 686 1454 742 dices
1492 687 1545 742 in
1580 681 1666 742 die
1709 686 1798 742 illa
1818 726 1834 752 ,
1864 685 2090 757 Hymnis
2128 687 2272 742 cele-

2376 608 2466 657 τος
2494 593 2944 664 ἀνωμσρωμένοι.
3470 615 3486 628 ·

2450 703 2471 737 ι
2511 686 2622 739 Καὶ
2644 687 2790 755 ἐρεῖς
2819 685 2878 738 ἐν
2899 685 2965 755 τῆ
2995 681 3178 755 ἡμέρᾳ
3201 681 3412 754 ἐκείνῃ·
3440 679 3688 752 ’Υμνεῐτε
3712 680 3968 752 Κύριον,

703 776 856 833 brate
888 779 1192 843 Dominum,
1229 776 1460 832 clamate
1508 793 1704 832 nomen
1735 778 1852 846 ejus
1896 795 1910 832 :
1956 779 2245 833 annuntiati

2374 770 2533 842 βοᾶτε
2564 773 2625 826 τὺ
2653 773 2823 844 ὄνομα
2851 772 3038 834 αὐτοῦ,
3091 770 3447 840 ἀναγγείλατε
3493 773 3606 835 τοῖς
3652 769 3827 823 ἔθνεσι
3879 770 3966 824 τὰ

704 867 955 938 gentibus
995 867 1224 938 gloriosa
1274 866 1408 937 ejus.
1446 865 1768 922 Mementote
1821 870 2074 936 quoniam
2120 867 2270 922 exal-

706 969 876 1013 tatum
929 968 1013 1014 est
1066 973 1260 1013 nomen
1315 957 1453 1028 ejus.
1504 957 1730 1028 Hymnis
1763 958 2033 1014 celebrate
2073 973 2264 1014 nomen

705 1049 932 1116 Domini,
963 1049 1088 1118 quia
1121 1050 1337 1104 excelsa
1370 1049 1497 1103 fecit
1528 1067 1540 1103 ε
1573 1050 1891 1105 annuntiate
1921 1049 2036 1106 haec
2065 1050 2117 1106 in
2145 1053 2267 1105 uni-

701 1156 852 1197 versa
895 1151 1060 1195 terra.
1092 1159 1111 1192 ι
1143 1140 1297 1207 Illud,
1336 1157 1355 1192 ι
1389 1140 1557 1203 dices,
1591 1157 1608 1194 ι
1659 1129 2264 1212 ειιοηιιήενδηεθίίςιο-

700 1249 820 1289 rum
847 1232 1148 1289 Salvatoris
1180 1232 1347 1288 nostri
1376 1230 1676 1301 compellat.
1707 1229 1760 1285 ln
1787 1231 1898 1297 illa,
1933 1233 2125 1303 inquit,
2153 1234 2260 1296 die,

698 1323 910 1380 scilicet
957 1333 1201 1392 tempore
1231 1323 1284 1378 in
1320 1323 1599 1391 prophetia
1640 1324 1963 1395 signiﬁcato,
2000 1335 2056 1380 tu
2089 1339 2262 1393 preco

697 1413 958 1470 salutaris
1003 1412 1309 1482 Evangelii,
1369 1409 1639 1483 Egyptiis
1685 1414 1774 1483 qui
1821 1415 2258 1484 praedicationem

695 1503 1053 1575 susceperint,
1100 1504 1268 1567 dices,
1314 1519 1333 1553 ι
1366 1501 1589 1574 Hymnis
1633 1505 1900 1560 celebrate
1950 1505 2256 1571 Dominum,

700 1596 935 1651 clamate
987 1594 1190 1650 nomini
1240 1593 1486 1659 Domini,
1539 1582 1955 1651 annuntiate'in
2007 1599 2256 1666 gentibus

696 1686 927 1748 gloriosa
979 1687 1093 1757 ejus
1128 1703 1144 1739 :
1181 1696 1512 1748 mementote
1548 1686 1802 1756 quoniam
1840 1687 2136 1742 exaltatum
2174 1698 2257 1743 est

696 1791 887 1830 nomen
919 1775 1052 1844 ejus.
1086 1794 1104 1827 ι
1149 1774 1273 1829 Haec
1300 1777 1494 1846 quippe
1539 1784 1616 1839 tu,
1648 1777 1848 1830 chorus
1903 1776 2250 1845 apostolicus,

695 1880 815 1919 cum
873 1865 1165 1936 discipulos
1208 1865 1426 1920 docebis
1467 1875 1609 1930 tuos,
1644 1865 1904 1932 proferes,
1941 1867 2256 1936 praecipiens

695 1954 820 2018 illis,
857 1964 916 2008 ut
944 1969 1010 2009 ne
1041 1954 1274 2019 sileant;
1321 1955 1412 2008 sed
1463 1953 1712 2009 salutaris
1751 1952 1991 2010 beneﬁcii
2026 1956 2254 2025 gratiam

693 2046 944 2101 omnibus
972 2046 1313 2110 annuntient,
1345 2045 1681 2114 clamentque
1706 2055 1762 2098 ut
1803 2046 2107 2102 audiantur.

766 2137 926 2195 Vsus.
962 2138 1015 2194 6.
1059 2156 1078 2190 ι
1107 2138 1380 2194 Essultate
1423 2146 1478 2192 et
1521 2137 1816 2202 laetamini,
1861 2139 1953 2206 qui
2000 2139 2256 2196 habitatis

692 2227 846 2294 Sion,
891 2229 1015 2296 quia
1065 2229 1331 2284 exaltatus
1379 2238 1463 2284 est
1502 2238 1719 2284 sanctus
1769 2227 1928 2285 Israel
1980 2229 2034 2284 in
2079 2233 2254 2288 medio

687 2319 823 2388 ejus.
846 2336 864 2369 ι
897 2317 1013 2374 Jam
1041 2318 1280 2388 pluribus
1307 2320 1561 2373 traditum
1587 2330 1670 2374 est
1697 2319 1914 2375 Sionem
1943 2336 2064 2378 esse
2086 2337 2252 2378 evan-

689 2409 913 2478 gelicum
943 2410 1187 2473 verbum,
1224 2410 1275 2462 in
1309 2425 1419 2478 quo
1451 2409 1697 2465 Ecclesia
1727 2409 1818 2465 Dei
1848 2411 2109 2466 aediﬁcata
2144 2421 2248 2467 est.

689 2499 951 2566 Quoniam
994 2500 1156 2570 igitur
1207 2511 1425 2555 sanctus
1462 2499 1624 2555 Israel
1672 2502 1722 2555 in
1769 2502 1942 2558 medio
1991 2502 2248 2560 Ecclesia

688 2591 957 2647 exaltatus
995 2602 1104 2658 est;
1151 2593 1292 2663 jure,
1345 2593 1537 2662 inquit.
1584 2595 1854 2650 exsultate
1901 2607 1955 2650 et
1989 2596 2246 2652 laetantiui

687 2685 775 2751 qui
811 2684 861 2737 in
889 2684 976 2738 illa
1027 2686 1179 2749 estis,
1209 2694 1393 2755 utpote
1437 2685 1526 2754 qui
1583 2696 1831 2741 sanctum
1859 2687 2017 2743 Israel
2049 2689 2100 2744 in
2135 2704 2247 2745 me-

687 2777 775 2830 dio
806 2785 1042 2830 vestrum
1088 2777 1357 2841 habeatis;
1405 2777 1700 2832 secundum
1733 2779 2143 2847 promissionem
2179 2781 2247 2836 ab

686 2868 801 2936 ipso
854 2865 1051 2922 factam
1090 2868 1174 2923 his
1207 2870 1406 2932 verbis,
1445 2888 1462 2921 ι
1493 2868 1594 2925 Ubi
1641 2871 1764 2936 duo,
1815 2871 1898 2925 vel
1963 2881 2074 2926 tres
2123 2887 2248 2926 con-

685 2959 887 3028 gregati
932 2959 1132 3014 fuerint
1165 2960 1217 3014 in
1269 2962 1486 3015 nomine
1534 2976 1673 3029 meo,
1719 2962 1828 3018 illic
1865 2977 1982 3017 sum
2029 2965 2082 3018 in
2132 2978 2246 3018 me-

685 3049 771 3104 dio
799 3065 984 3105 eorum
1006 3050 1069 3103 ⁷⁸.
1104 3069 1123 3103 ι

1266 3143 1496 3200 CAPUT
1525 3144 1660 3206 Xlll.

756 3228 920 3287 Vens.
967 3232 1021 3297 1,
1065 3231 1116 3286 2.
1185 3232 1419 3299 «Visio,
1469 3250 1630 3305 quam
1684 3235 1820 3291 vidit
1882 3236 2050 3292 lsaias
2100 3237 2241 3294 ﬁlius

681 3323 867 3387 Amos.
915 3334 1102 3380 contra
1131 3323 1483 3398 Babylonem.
1529 3325 1698 3396 Super
1755 3337 1991 3384 montem
2033 3343 2243 3400 campe-

682 3423 850 3469 strem
896 3413 1070 3470 levate
1123 3417 1376 3487 signum,
1437 3421 1669 3474 exaltate
1723 3433 1907 3475 vocem
1964 3421 2142 3489 ipsis:
2177 3436 2242 3477 ne

683 3507 942 3572 timcatis,
977 3509 1234 3564 advocate
1258 3510 1692 3578 manu,.aperite,
1717 3511 2011 3580 principes.
2039 3530 2058 3564 ι
2092 3513 2240 3567 Vati-

682 3595 1003 3652 cinatus'ea
1050 3613 1168 3668 quae
1220 3598 1276 3652 in
1329 3601 1562 3654 adventu
1608 3599 1809 3656 Christi
1859 3601 2040 3655 futura
2093 3612 2237 3668 sunt,

683 3684 822 3742 aliud
866 3688 965 3742 iuit
1005 3700 1379 3757 argumentum
1413 3702 1597 3745 contra
1629 3691 1956 3763 Babylonem
1995 3710 2008 3748 :
2048 3694 2242 3749 deinde

681 3779 970 3834 secundum
1011 3781 1161 3835 addit
1191 3782 1258 3835 de
1291 3782 1614 3848 Pbilisteis;
1646 3793 1829 3850 postea
1864 3786 2084 3840 tertium
2109 3799 2241 3840 cou-

682 3879 765 3923 tra
798 3869 1135 3926 Moabitidem
1163 3910 1179 3936 ,
1229 3873 1353 3927 hinc
1401 3884 1588 3929 contra
1635 3873 1979 3940 Damascum,
2023 3887 2080 3930 et
2120 3887 2241 3945 post

682 3961 796 4015 haec
832 3962 1072 4031 sequitur
1111 3965 1246 4019 visio
1278 3963 1528 4036 Egypti;
1573 3974 1783 4036 sextum
1837 3965 2048 4032 deinde,
2102 3968 2238 4023 visio

682 4048 944 4115 Idumam,
977 4052 1076 4105 sub
1105 4052 1239 4116 haec,
1263 4052 1554 4123 assumptio
1579 4054 1788 4109 Arabiae
1812 4072 1829 4122 ;
1856 4071 2016 4124 quam
2039 4057 2239 4127 excipit

685 4139 820 4194 visio
851 4141 1008 4196 vallis
1031 4140 1182 4208 Sion,
1220 4143 1433 4198 demum
1471 4144 1607 4199 visio
1631 4142 1779 4215 Tyri.
1823 4145 1916 4198 Hze
1951 4161 2112 4215 porro
2140 4149 2236 4202 de-

680 4247 797 4286 cem
850 4233 1146 4302 prophetize
1193 4243 1378 4289 mutuo
1433 4236 1728 4298 cohaerent,
1787 4236 1852 4290 de
1915 4236 2238 4309 alienigenis

681 4321 931 4390 gentibus
971 4322 1210 4394 prolatae,
1261 4323 1587 4394 quibuscum
1624 4325 1812 4386 vallem
1856 4325 2038 4383 Sionis
2088 4343 2237 4383 com-

680 4412 955 4482 plectitur,
990 4429 1110 4468 cum
1158 4415 1479 4488 alienigenis
1505 4417 1786 4474 .lndaicum
1823 4424 1949 4476 item
1982 4420 2234 4490 populum

2372 863 2558 930 ἔνδοξα
2604 865 2792 929 αὑτοῦ,
2853 863 3241 936 μιμνήσκεσθε,
3297 865 3377 917 ὅτι
3423 862 3609 934 ὑψώθη
3664 861 3726 915 τὸ
3767 861 3966 933 ὄνομα

2372 955 2559 1011 αὑτοῦ.
2597 956 2904 1027 ’Υμνήσατε
2931 958 2991 1010 τὸ
3010 956 3176 1026 ὄνομα
3200 956 3429 1026 Κυρίου,
3445 957 3526 1009 ὅτι
3546 956 3722 1027 ὑψηλά
3751 956 3962 1027 ἐποίη-

2371 1062 2494 1098 σεν·
2530 1047 2888 1114 άναγγείλατε
2944 1047 3116 1101 ταῦτα
3153 1049 3212 1100 ἐν
3259 1048 3407 1118 πάσῃ
3445 1050 3512 1119 τῇ
3558 1050 3650 1119 γῇ.
3688 1066 3706 1099 ι
3737 1047 3812 1101 Τὸ
3860 1046 3959 1109 δὲ,

2374 1154 2392 1186 ι
2437 1139 2603 1208 ἐρεῖς,
2643 1157 2662 1188 ι
2715 1141 3026 1207 προσφωνεῖ
3069 1137 3147 1210 τῷ
3188 1137 3332 1208 χορῷ
3386 1138 3493 1191 τῶν
3535 1137 3958 1206 εὐαγγελιστῶν

2366 1227 2459 1281 τοῦ
2491 1229 2742 1302 Σωτῆρος
2775 1230 2952 1300 ἡμῶν.
2997 1229 3086 1284 Ἐν
3117 1230 3320 1302 ἐκείνῃ,
3345 1233 3498 1300 φησὶ,
3527 1233 3590 1302 τῇ
3624 1217 3824 1302 ἡμέρᾳ,
3847 1230 3956 1301 δη-

2364 1320 2496 1394 λαδὴ
2534 1325 2590 1376 ὲν
2619 1323 2695 1393 τῷ
2728 1323 3205 1395 προφητευομένῳ,
3241 1323 3384 1394 ἐρεῖς
3423 1325 3508 1386 σὺ,
3541 1327 3570 1378 6
3613 1321 3785 1395 κήρυξ
3837 1321 3952 1375 τοῦ

2363 1413 2632 1485 σωτηρίου
2683 1413 3034 1481 Εὐαγγελίου,
3063 1416 3174 1477 τοῖς
3208 1412 3267 1466 τὸ
3314 1413 3575 1484 κήρυγμα
3625 1411 3952 1485 παραδεξα-

2365 1501 2550 1572 μένοις
2571 1503 2904 1572 Αἰγυπτίοις.
2937 1522 2955 1554 ι
2990 1503 3238 1574 ’Υμνεϊτε
3266 1502 3488 1574 Κύριον,
3524 1503 3682 1572 βοᾶτε
3709 1502 3787 1574 τῷ
3814 1502 3951 1556 ὀνό-

2363 1603 2492 1657 ματι
2518 1588 2722 1660 Κυρίου
2743 1605 2756 1618 ’
2816 1589 3170 1658 ἀναγγείλατε
3201 1591 3260 1643 ὲν
3302 1594 3412 1654 τοῖς
3439 1591 3614 1644 εθνεσι
3640 1593 3708 1646 τά
3745 1591 3950 1658 ἔνδοξα

2357 1681 2550 1734 αὐτοῦ’
2586 1683 2981 1752 μιμνήσκεσθε,
3013 1684 3096 1736 ὅτι
3129 1682 3315 1755 ὑψώθη
3363 1682 3424 1737 τὸ
3472 1683 3640 1754 δνομα
3678 1684 3865 1740 αὐτοῦ.
3916 1704 3943 1738 ι

2357 1771 2542 1825 Ταῦτα
2569 1771 2678 1842 γὰρ
2702 1771 2791 1837 σὺ,
2809 1773 2837 1824 6
2869 1771 3029 1843 χορὸς
3053 1774 3082 1825 6
3115 1773 3488 1838 ἀποστολικὸς,
3515 1773 3778 1827 διδάσκων
3799 1775 3948 1840 τοὺς

2291 1847 2328 1902 Β
2360 1863 2464 1917 ὑπὸ
2497 1863 2556 1916 σὲ
2592 1864 3082 1935 μαθητευομένους,
3114 1865 3277 1936 ἐρεῖς,
3327 1865 3717 1936 παραγγέλλων
3745 1865 3946 1930 αὐτοῖς

2361 1953 2436 2024 μὴ
2472 1956 2683 2024 σιωπᾷν
2705 1972 2718 1987 ·
2744 1954 3086 2023 ἐξαγγέλλειν
3101 1956 3158 2009 δὲ
3180 1959 3292 2020 τοῖς
3321 1959 3454 2010 πᾶσι
3481 1957 3574 2011 καί⁸
3602 1959 3679 2020 εἰς
3700 1957 3943 2024 ὲξάκοι.»⁴

2359 2059 2483 2097 στον
2517 2043 2645 2114 βοᾷν
2675 2045 2773 2115 τῆς
2807 2044 3071 2116 σωτηρίου
3102 2046 3418 2117 εὐεργεσίας
3444 2047 3542 2119 τὴν
3565 2047 3744 2118 χάριν.

2435 2153 2454 2186 ι
2510 2135 2860 2204 ’Δγαλλιᾶσθε
2909 2139 3000 2190 καὶ
3043 2138 3417 2210 εὐφραίνεσθε,
3451 2141 3500 2192 oi
3543 2156 3941 2204 κατοικουντες

2355 2222 2510 2286 Σιὼν,
2529 2225 2609 2278 ὅτι
2636 2224 2820 2296 ὑψώθη
2843 2229 2871 2280 6
2899 2228 3053 2295 ἅγιος
3077 2228 3169 2281 τοῦ
3207 2229 3421 2301 Ἰσραὴλ
3446 2232 3502 2283 ὲν
3520 2231 3668 2300 μέσῳ
3696 2230 3889 2300 αὐτῆς.
3908 2251 3931 2283 a

2357 2313 2495 2384 Ἤδη
2537 2315 2594 2368 δὲ
2631 2315 2718 2369 διὰ
2763 2317 3024 2370 πλειόνων
3075 2316 3213 2371 Σιὼν
3245 2319 3479 2390 ἀπεδόθη
3513 2322 3542 2374 ό
3573 2320 3939 2390 εὐαγγελικὸς

2352 2403 2528 2474 λόγος,
2581 2405 2665 2475 ἐφ’
2709 2400 2771 2460 οῦ
2823 2409 2857 2478 ὴ
2895 2408 3188 2480 Ἐκκλησία
3227 2409 3322 2464 τοῦ
3369 2411 3504 2464 Θεοῦ
3555 2412 3929 2484 ᾠκοδόμηται.

2364 2495 2514 2548 Ἐπεὶ
2567 2497 2746 2549 τοίνυν
2797 2498 2826 2550 6
2869 2498 3021 2567 ἅγιος
3073 2498 3168 2552 τοῦ
3208 2501 3421 2573 Ἰσραὴλ
3466 2501 3648 2572 ὑψώθη
3683 2505 3740 2556 ὲν
3771 2503 3936 2576 μέσῳ

2347 2586 2445 2656 τῆς
2515 2587 2858 2659 Ἑκκλησίας,
2917 2591 3142 2656 εἰκότως
3211 2593 3557 2661 ἀγαλλιᾶσθε,
3614 2595 3766 2665 φησὶ,
3827 2597 3934 2652 καὶ

2352 2677 2732 2748 εὐφραίνεσθε,
2762 2683 2809 2734 οἱ
2846 2682 2904 2734 ὲν
2930 2683 3067 2754 αὐτῇ
3093 2700 3107 2714 ·
3138 2684 3232 2736 ἅτε
3254 2685 3318 2755 δὴ
3349 2687 3512 2756 μέσον
3531 2687 3692 2740 αὐτὸν
3707 2687 3932 2758 ἔχοντες

2347 2769 2440 2823 τὸν
2495 2770 2647 2839 ἅγιον
2699 2771 2794 2825 τοῦ
2851 2774 3084 2846 Ἰσραὴλ,
3136 2776 3274 2829 κατά
3329 2776 3426 2846 τὴν
3481 2777 3806 2847 ἐπαγγελίαν
3850 2779 3931 2852 ἣν

2349 2861 2514 2925 αὐτὸς
2546 2863 2836 2936 πεποίηται
2862 2867 3070 2936 φήσαςο
3111 2885 3130 2918 ι
3167 2868 3338 2921 Ὅπου
3380 2868 3488 2920 εἰσὶ
3518 2867 3613 2921 δύο
3644 2869 3738 2923 καὶ
3769 2871 3927 2941 τρεῖς

2349 2956 2679 3026 συνηγμένοι
2723 2958 2780 3010 ἐν
2829 2958 2907 3029 τῷ
2935 2958 3155 3030 ὀνόματί
3195 2977 3319 3031 μου,
3362 2962 3478 3016 ἐκεῖ
3519 2964 3636 3034 είμι
3669 2965 3729 3017 ὲν
3766 2964 3927 3035 μέσῳ

2343 3047 2541 3100 αὐτῶν.
2575 3065 2591 3099 ι

2858 3121 3251 3195 nummis
3289 3141 3386 3196 ll‘.

2424 3248 2444 3281 ι
2489 3231 2718 3302 Ὅρασις
2761 3232 2827 3302 ἣν
2857 3227 2998 3285 εἶδεν
3031 3233 3256 3302 ᾘσαῖας
3282 3233 3394 3297 υίὸς
3430 3236 3610 3306 ’Λμὼς
3633 3237 3776 3291 κατὰ
3808 3238 3921 3292 Ba.-

2345 3321 2602 3387 συλῶνος.
2639 3324 2755 3376 Ἐπ’
2788 3325 2947 3395 ὅρους
2997 3323 3211 3376 πεδινοῦ
3251 3325 3418 3396 ἄρατε
3471 3331 3716 3399 σημεῖον,
3769 3329 3922 3400 ὑψώ-

2343 3430 2472 3468 σατε
2497 3413 2594 3486 τὴν
2630 3415 2810 3487 φωνὴν
2847 3417 3027 3478 αὐτοῖς
3046 3432 3058 3444 ·
3096 3417 3171 3489 μὴ
3219 3418 3488 3487 φοὸεἶσθε,
3537 3421 3918 3494 παρακαλεῖτε

2339 3507 2406 3574 τῇ
2475 3505 2638 3575 χειρὶ,
2692 3505 2959 3571 ἀνοίξατε,
2997 3507 3046 3558 oi
3095 3508 3372 3578 ἄρχοντες.
3419 3529 3439 3562 ι
3490 3512 3600 3566 Καὶ
3661 3513 3796 3584 μετά
3842 3513 3920 3570 τὰ

2340 3594 2696 3650 θεσπισθέντα
2725 3595 2790 3649 τά
2818 3598 2910 3649 ἐπὶ
2941 3597 3040 3668 τῆς
3067 3600 3363 3669 παρουσίας
3390 3601 3482 3654 τοῦ
3526 3604 3759 3675 Χριστοῦ
3815 3622 3909 3674 γι-

2339 3687 2612 3757 νησόμενα
2635 3688 2825 3758 ἑτέρας
2862 3689 3087 3760 ἄρχεται
3120 3691 3425 3758 ὑποθέσεως
3449 3693 3550 3764 τῆς
3574 3697 3714 3750 κατά
3739 3698 3918 3752 Βαϐυ-

2339 3775 2536 3839 λῶνοςο
2570 3772 2668 3830 εἷθ’
2698 3778 2823 3848 ἑξῆς
2847 3779 3101 3852 δευτέραν
3148 3782 3329 3855 τίθησι
3371 3784 3471 3855 τὴν
3500 3785 3627 3857 περὶ
3661 3787 3766 3840 τῶν
3800 3789 3911 3844 Φυ-

2338 3867 2613 3921 λιστιαίων
2646 3884 2660 3898 ο
2697 3870 2815 3939 μεθ’
2847 3871 2914 3941 ἢν
2950 3872 3130 3942 τρίτον
3168 3874 3286 3930 ἐστὶ
3309 3876 3369 3930 τὸ
3398 3876 3541 3930 κατὰ
3566 3878 3665 3949 τῆς
3694 3881 3916 3934 Μωασι.

2337 3958 2479 4023 τιδος
2505 3977 2516 3990 ·
2545 3956 2662 4013 εἶτα
2693 3963 2786 4014 καὶ
2824 3963 2886 4014 τὸ
2916 3965 3058 4018 κατά
3085 3967 3396 4037 Δαμασκοῦ,
3438 3970 3531 4023 καὶ
3559 3971 3696 4040 μετά
3733 3971 3910 4028 ταῦτα

2337 4049 2530 4115 ὅρασις
2579 4050 2888 4120 Αἰγύπτουο
2925 4049 3024 4106 εἷθ’
3077 4055 3233 4110 ἕκτον
3279 4057 3342 4110 τὺ
3374 4059 3557 4130 ὅραμα
3603 4060 3702 4132 τῆς
3751 4062 3910 4118 Ἰδου-

2343 4141 2539 4211 μαίας·
2601 4143 2788 4196 ἐπειτα
2837 4143 3026 4216 λῆμμα
3077 4150 3144 4219 τῇ
3198 4147 3460 4221 Ἀραϐίᾳ·
3512 4144 3557 4219 ᾧ
3608 4152 3794 4206 Ξπεται
3844 4153 3911 4208 τὸ

2339 4232 2526 4303 ὅραμα
2550 4232 2649 4304 τῆς
2682 4235 2962 4306 φάραγγος
2988 4237 3124 4292 Σιών
3145 4256 3158 4270 ο
3196 4242 3287 4294 καὶ
3315 4243 3408 4296 ὲπὶ
3435 4244 3570 4296 πᾶσι
3618 4245 3678 4299 τὸ
3724 4245 3910 4317 ὅραμα

2339 4326 2532 4397 Τύρου.
2571 4327 2710 4380 Δέκα
2744 4328 2801 4381 δὲ
2844 4321 3002 4383 αὗται
3058 4331 3151 4396 καὶ
3203 4334 3545 4404 συνημμέναι
3581 4337 3907 4406 τυγχάνουσι

2343 4421 2665 4487 προφητεῖαι
2689 4420 2815 4490 περὶ
2846 4420 2955 4473 τῶν
2995 4419 3304 4492 ἀλλοφύλων
3337 4423 3528 4490 ὲθνῶν,
3549 4420 3636 4488 αἷς
3664 4427 3757 4480 καὶ
3803 4427 3908 4502 τὴν

678 4518 928 4559 evocans.
965 4503 1075 4560 Cur
1120 4519 1295 4561 autem
1324 4508 1513 4562 horum
1549 4520 1756 4564 tantum
1778 4512 1932 4580 quasi
1979 4526 2044 4566 ex
2092 4521 2236 4566 sorte

2347 4508 2601 4578 φάραγγα
2662 4509 2799 4563 Σιὼν
2828 4512 3276 4585 συμπεριείληφε,
3301 4517 3414 4579 τοῖς
3455 4515 3768 4587 ἀλλοφύλοις
3809 4520 3907 4576 καὶ

679 4595 912 4663 quadam
945 4597 1224 4665 meminit,
1257 4599 1480 4654 aliarum
1525 4616 1651 4656 vero
1702 4605 1941 4673 gentium
1987 4604 2241 4659 minimc?

682 4683 1092 4754 Respondemus
1141 4687 1312 4741 nullas
1363 4690 1496 4744 alias
1545 4698 1670 4745 tunc
1724 4691 1981 4760 temporis
2027 4691 2242 4747 Judaeu-

682 4787 800 4826 rutn
855 4772 1048 4842 populo
1102 4774 1324 4830 infestas
1370 4775 1556 4841 fuisse,
1591 4780 1694 4834 nisi
1726 4795 1887 4849 supra
1919 4782 2235 4844 recettsitas,

681 4879 800 4934 quae
850 4863 1164 4934 frequenter
1210 4876 1397 4921 contra
1448 4869 1570 4924 illos
1627 4872 2025 4944 iusurgebant:
2077 4873 2240 4930 modo

680 4955 899 5022 quidem
939 4952 1330 5027 Jerosolymam
1377 4959 1694 5026 expilautes,
1736 4966 1892 5018 modo
1933 4979 2120 5020 eorum
2153 4981 2240 5022 re-

679 5045 889 5114 gionem
917 5056 1214 5102 vastantes.
1261 5048 1621 5115 Quamobrem
1651 5067 1768 5118 eos,
1796 5054 1885 5123 qui
1916 5056 2238 5111 obsideban-

678 5147 788 5203 tur,
824 5139 1131 5194 necessario
1167 5138 1442 5210 Scriptura
1471 5142 1628 5198 ducet
1656 5158 1716 5198 ea
1738 5185 1753 5210 ,
1788 5161 1912 5215 quae
1936 5147 2238 5202 obsidenti-

679 5229 781 5284 bus
822 5238 1079 5284 eventura
1121 5241 1295 5285 erant.
1343 5233 1476 5303 Ipsis
1512 5249 1640 5288 vero
1671 5250 1794 5290 cum
1830 5237 2113 5293 scientiam
2144 5253 2242 5309 per

681 5318 952 5374 Christum
976 5321 1388 5388 conciliandam,
1415 5335 1526 5380 tum
1553 5326 1820 5381 bonorum
1848 5331 2233 5398 promissiones

679 5411 963 5466 annuntiat
994 5430 1008 5466 :
1043 5414 1398 5484 omnibusque
1439 5415 1734 5473 universim
1787 5420 1853 5475 de
1893 5421 2098 5492 judicio
2133 5423 2228 5481 Dei

680 5502 838 5556 verba
870 5502 1017 5565 facit.
1050 5519 1235 5560 omnes
1269 5507 1510 5564 homines
1535 5511 1820 5566 cohortaus
1843 5513 1909 5566 ad
1942 5513 2028 5582 pie
2051 5515 2231 5570 viven-

679 5593 827 5659 dum,
862 5591 954 5648 Dei
981 5595 1262 5651 tribunalis
1294 5611 1577 5656 memores.
1616 5597 1851 5656 Primam
1878 5600 2041 5673 igitur
2068 5601 2224 5660 visio-

748 5767 794 5802 "
823 5768 1010 5827 Matth.
1040 5787 1191 5843 nm,
1221 5773 1311 5830 20.

2339 4599 2428 4652 τὸν
2470 4597 2577 4651 τῶν
2612 4600 2880 4655 Ἰουδαίων
2929 4604 3268 4672 συγκαλέσας
3303 4604 3450 4660 λαόν.
3485 4607 3551 4661 Τί
3597 4607 3794 4680 δήποτε
3845 4609 3905 4664 δὲ

2337 4689 2539 4743 τούτων
2565 4690 2742 4760 μόνων
2766 4690 2955 4762 ὥσπερ
2979 4694 3441 4765 ἀποκληρωτικῶς
3465 4697 3756 4768 μέμνηται,
3780 4699 3905 4770 οὐχὶ

2337 4780 2393 4833 δὲ
2429 4782 2522 4834 καὶ
2569 4781 2768 4853 ἑτέρων
2801 4783 3008 4849 ὲθνῶν;
3049 4785 3331 4857 Ἐροῦμεν,
3358 4788 3440 4840 ὅτι
3487 4788 3703 4846 οὐδένες
3751 4788 3902 4844 άλλοι

2338 4873 2458 4926 κατ’
2488 4874 2662 4926 ἐκεῖνο
2686 4874 2882 4946 καιροῦ
2913 4876 3284 4947 παρηνόχλουν
3306 4881 3420 4942 τοῖς
3456 4880 3727 4945 Ἰουδαίοις
3775 4881 3808 4952 ἢ
3849 4885 3900 4938 oi

2339 4964 2784 5036 καταλεχθέντες,
2821 4967 3060 5037 συνεχῶς
3088 4968 3270 5033 αὐτοῖς
3302 4971 3754 5042 ἐπανιστάμενοι-
3804 4974 3902 5027 καὶ

2338 5056 2466 5110 ποτὲ
2496 5057 2593 5126 μὲν
2619 5057 2718 5129 τὴν
2761 5058 3113 5130 Ἰερουσαλὴμ
3149 5059 3496 5132 πορθοῦντες,
3531 5063 3660 5116 ποτὲ
3697 5064 3755 5117 δὲ
3798 5067 3901 5138 τὴν

2338 5147 2518 5221 χώραν
2538 5151 2715 5205 αὐτῶν
2746 5149 3020 5223 δῃοῦντες.
3057 5152 3250 5225 Διόπερ
3277 5154 3306 5206 6
3347 5154 3504 5223 λόγος
3523 5158 3648 5221 τοὺς
3677 5158 3900 5229 πολιορ-

2340 5240 2637 5312 κουμένους
2665 5243 2984 5311 ἀναγκαίως
3021 5244 3264 5298 ἐδίδασκε
3293 5245 3361 5300 τὰ
3384 5246 3766 5318 συμϐησόμενα
3786 5252 3900 5314 τοῖς

2340 5331 2521 5394 αὐτοῖς
2555 5333 2920 5404 πολιορκοῦσι.
2957 5336 3159 5390 Γνῶσιν
3187 5337 3244 5391 δὲ
3290 5338 3475 5401 αὐτοῖς
3511 5339 3608 5411 τὴν
3639 5340 3728 5394 διὰ
3758 5342 3898 5400 XM.

2339 5423 2465 5476 στοῦ
2486 5424 2579 5478 καὶ
2605 5425 2827 5494 ἀγαθῶν
2865 5429 3194 5498 ἐπαγγελίας
3222 5428 3656 5500 εὐαγγελίζεταιο
3692 5450 3900 5504 κηρυτ-

2335 5530 2418 5568 τει
2456 5532 2514 5568 τε
2543 5516 2842 5582 καθολικῶς
2889 5522 3001 5584 τοῖς
3040 5523 3174 5576 πᾶσι
3204 5522 3294 5576 τὸν
3339 5525 3464 5594 περὶ
3495 5523 3595 5594 τῆς
3639 5525 3732 5579 τοῦ
3761 5525 3896 5581 Θεοῦ

2341 5605 2572 5677 κρίσεως
2596 5607 2770 5678 λόγον,
2800 5610 3120 5682 προτρέπων
3156 5612 3398 5678 ἅπαντας
3437 5612 3754 5687 ἀνθρώπους
3783 5614 3894 5671 Oso-
