4120 6294
150 376 248 431 {83

1112 376 1622 434 εονιιεΝτΑιυΑ
1658 378 1727 435 ΙΝ
1768 378 2030 435 ISAIAM.
2085 410 2143 421 —
2182 377 2336 434 CAP.
2379 375 2519 435 XIII.

3340 375 3443 431 I86

145 492 318 553 σεϐῶς
347 489 473 561 ζῇν,
506 490 602 543 τοῦ
622 489 1020 561 δικαιωτηρίου
1053 490 1145 543 τοῦ
1168 490 1307 544 Θεοῦ
1338 492 1745 563 μεμνημένους.

1872 509 1980 547 tem
2026 491 2183 547 eﬂ‘ert
2231 504 2427 549 contra
2475 492 2806 563 Babylonem
2834 532 2849 558 ,
2896 502 3182 563 postquam
3224 493 3278 548 iu
3328 494 3446 564 ipso

146 580 383 653 [Ξρὼτην
432 578 526 637 οὖν
568 582 751 652 τίθησι
806 583 905 651 τὴν
955 582 1099 636 κατά
1148 582 1469 647 Βαϐυλῶνος
1527 585 1742 655 δρασιν,

146 671 431 743 προειπὼν
475 673 536 725 ἰν
579 672 719 743 ἀρχῇ
758 672 860 742 τῆς
906 671 1036 742 ὅλης
1094 671 1278 743 βίϐλου
1326 672 1426 744 τὴν
1472 672 1613 726 κατά
1649 673 1745 743 τῆς

156 765 544 836 Ἰερουσαλήμ.
600 766 817 837 Ἐπειδὴ
852 767 962 838 γάρ
1012 767 1087 837 μή
1137 768 1255 819 ἔστι
1311 768 1747 841 προσωποληψία

149 858 303 927 παρὰ
337 857 418 926 τῷ
446 858 590 927 Θεῷ,
623 859 718 910 ἀπ’
757 858 939 912 αὐτῶν
988 855 1193 929 ἧρξατο
1221 857 1328 911 τῶν
1371 858 1612 919 οἰκείων,
1652 862 1749 915 καὶ

150 952 227 1012 είς
258 949 469 1013 αὐτοὺς
495 950 658 1003 πάλιν
682 949 1013 1020 ἀναστρέφει
1046 949 1137 1003 τὸν
1160 948 1319 1018 λόγον
1340 967 1351 977 ·
1383 951 1491 1003 τῶν
1509 950 1566 1004 δὲ
1592 951 1749 1005 ἀλλο-

150 1040 334 1109 ςύλων
359 1040 538 1093 ἐθνῶν
559 1040 657 1111 τὴν
703 1039 997 1092 Βαϐυλῶνα
1041 1039 1361 1111 προτάσσει.
1390 1040 1651 1111 Βασιλικὴ
1691 1040 1748 1095 δὲ

150 1131 288 1202 αὓτη
310 1132 428 1185 τῶν
458 1131 764 1203 Ἀσσυρίων
794 1130 970 1193 πόλις,
1000 1132 1230 1202 μεγίστη
1258 1132 1352 1185 καὶ
1374 1132 1746 1203 δυνατωτάτη.

152 1224 420 1292 Λέγονται
453 1223 514 1275 δὲ
551 1222 827 1293 ’Δσσύριοι
871 1222 1077 1294 πρῶτοι
1105 1221 1207 1291 τῆς
1236 1224 1565 1293 οἰκουμένης
1612 1240 1750 1293 κρα-

152 1314 311 1383 τῆσαι
351 1314 439 1381 tcp‘
465 1312 610 1375 ὅλοις
636 1312 826 1382 χιλίοις
870 1313 965 1364 καὶ
1019 1313 1356 1383 τριακοσίοις
1397 1313 1542 1365 ἔτεσι
1589 1314 1751 1383 μέχρι

114 1404 255 1483 νεῶν
292 1403 738 1475 πολιορκούντων
786 1404 888 1473 τὴν
927 1403 1305 1475 Ἰερουσαλὴμ,
1351 1405 1446 1457 καὶ⁵
1476 1404 1584 1457 τῶν
1619 1406 1750 1457 Ἰουο

155 1495 320 1547 δαίων
383 1495 479 1547 τὸν
527 1495 655 1548 λαὸν
711 1495 1057 1565 αἰχμάλωτον
1131 1496 1450 1563 ἀγαγόντων
1518 1498 1599 1559 είς
1651 1497 1751 1568 τὴν

157 1586 338 1638 αὐτῶν
399 1583 611 1655 χώραν.
652 1586 775 1637 Ἐπὶ
820 1584 993 1655 ταύτῃ
1038 1585 1149 1655 γὰρ
1186 1588 1250 1655 τῇ
1295 1586 1407 1647 τῶν
1450 1587 1751 1656 ’Δσσυρίιυν

156 1677 375 1747 πράξει,
413 1677 617 1729 αὐτίκα
643 1677 737 1729 καὶ
755 1677 853 1728 οὐκ
877 1679 959 1739 εἰς
990 1676 1231 1749 μακρὰν,
1262 1677 1323 1730 τὸ
1349 1679 1551 1749 κράτος
1572 1677 1752 1731 αὐτῶν

158 1770 457 1840 κατελύθη.

1858 585 1980 640 libri
2012 584 2239 640 exordio
2278 585 2543 640 visionem
2591 597 2786 642 contra
2820 584 3121 641 Jerusalem
3176 587 3449 654 pramiso-

1856 688 1963 732 rat.
1997 676 2132 745 Quia
2160 678 2304 732 enim
2338 677 2483 732 nulla
2511 689 2597 733 est
2627 694 2993 748 personarum
3025 678 3271 747 acceptio
3300 680 3446 748 apud

1856 772 2052 833 Deum,
2099 785 2130 823 a
2164 769 2565 826 contribulibus
2607 772 2727 826 suis
2751 786 2934 832 orsus,
2972 770 3023 823 in
3074 770 3294 824 eosdem
3325 782 3448 821 rur-

1854 880 1972 919 sum
2002 878 2311 919 sermonem
2343 865 2619 918 convertit
2645 881 2659 929 ;
2686 862 3009 932 alienigenis
3040 876 3170 915 vero
3196 861 3448 929 gentibus

1860 959 2184 1031 Babylonem
2230 960 2532 1030 praemittit.
2572 957 2740 1028 Regia
2772 963 2952 1009 autem
2986 953 3072 1008 illa
3102 954 3446 1025 Assyriorum

1858 1057 1988 1110 urbs
2023 1064 2175 1121 erat,
2223 1056 2459 1109 maxima
2508 1062 2673 1121 atque
2730 1050 3131 1120 potentissima.
3186 1050 3452 1104 Dicuntur

1858 1162 2025 1217 porro
2065 1147 2277 1217 Assyrii
2327 1146 2487 1211 primi
2541 1142 2786 1197 onmium
2820 1141 2942 1195 orbi
2978 1142 3275 1210 imperasse
3306 1150 3449 1195 totos

1860 1238 2009 1293 mille
2040 1248 2096 1293 et
2138 1246 2413 1293 trecentos
2460 1252 2673 1297 annos.
2720 1248 2895 1304 usque
2938 1235 3007 1287 ad
3048 1247 3145 1288 eos
3174 1234 3264 1302 qui
3292 1231 3449 1289 Jero-

1863 1332 2132 1401 solymam
2159 1330 2515 1393 obsedetunt,
2548 1342 2612 1379 ac
2638 1324 2953 1381 Judrorum
2984 1324 3239 1394 pepulum
3272 1325 3450 1392 capti-

1860 1436 1985 1474 vum
2036 1420 2386 1474 abduxerunt
2428 1418 2481 1471 in
2536 1418 2813 1485 regionem
2857 1430 3035 1470 suam.
3083 1414 3313 1483 Propter
3349 1416 3451 1469 hoc

1859 1511 2006 1566 enim
2051 1510 2397 1580 Assyriorum
2452 1507 2703 1573 facinus,
2749 1522 2851 1562 nec
2890 1508 2983 1562 diu
3038 1517 3225 1577 pastea
3257 1520 3452 1563 eorum

1860 1602 2147 1674 imperium
2189 1602 2426 1656 solutum
2463 1610 2564 1657 est.

225 1881 245 1913 ι
302 1861 612 1925 Ἀνοίξατε,
659 1863 708 1914 οἱ
740 1863 1020 1933 ἄρχοντες.
1060 1880 1078 1913 t
1109 1862 1297 1915 Ταῦτα
1347 1862 1404 1916 δὲ
1453 1863 1512 1917 τὸ
1566 1865 1622 1917 έν
1680 1864 1758 1935 τῷ

1941 1874 1959 1906 ι
1991 1853 2215 1924 Aperite
2237 1854 2533 1923 principes.
2565 1871 2582 1903 ι
2614 1851 2753 1922 {limo
2786 1864 2949 1918 porro
2973 1849 3213 1919 Spiritus
3236 1849 3458 1903 divinus

160 1955 409 2025 προφήτῃ
437 1952 667 2023 Πνεῦμα
697 1952 837 2006 θεῖον
869 1956 933 2007 ὲκ
962 1952 1255 2023 προσώπου
1288 1954 1384 2007 τοῦ
1418 1955 1555 2007 Θεοῦ
1584 1956 1756 2023 Λόγου

160 2046 446 2117 προφέρει.
488 2046 654 2108 Αὐτὸς
678 2047 861 2099 τοίνυν
890 2048 918 2098 ὁ
947 2048 1451 2118 παρακελευόμενος
1480 2051 1592 2111 τοῖς
1620 2050 1757 2120 ἀμφ’

161 2138 317 2188 αὑτὸν
342 2136 605 2204 ἀγγέλοις
635 2136 845 2203 ἀνοῖξαι
877 2137 1047 2208 θύρας
1081 2138 1497 2207 κεκλεισμένας,
1528 2140 1622 2193 καὶ
1656 2158 1761 2193 πσ-

162 2228 601 2299 ρακελεύσασθαι
635 2232 746 2293 τοῖς
782 2229 930 2282 ἔνδον
976 2226 1093 2283 οὖσι
1143 2231 1423 2301 προϊέναι,
1460 2233 1617 2302 ἣκειν
1665 2232 1759 2286 καὶ

163 2320 412 2373 σπύδειν
439 2322 536 2373 επὶ
555 2322 656 2387 τὴν
676 2321 784 2374 τῶν
806 2321 1020 2374 ἀσεϐῶν
1042 2322 1332 2394 τιμωρίαν.
1378 2317 1545 2393 υῐμαι
1577 2322 1632 2376 δὲ
1671 2324 1760 2377 διά

162 2418 361 2468 τούτων
398 2414 695 2485 δηλοῦσθαι
724 2413 822 2484 τὴν
859 2414 1248 2486 ἀφωρισμένην
1289 2417 1408 2477 ταῖς
1450 2415 1761 2485 ἀντικειμέ-

164 2524 274 2568 ναις
298 2506 632 2577 δυνάμεσιν·
664 2508 723 2559 ὲν
845 2506 1034 2577 ῶσπερ
1067 2506 1124 2558 ὲν
1147 2505 1507 2577 δεσμωτηρίῳ
1543 2506 1761 2579 καθειρ-

164 2601 359 2678 γμέναι
389 2600 747 2669 τυγχάνουσι.
777 2598 889 2651 Καὶ
918 2599 1125 2669 μήποτε
1162 2598 1299 2669 αὕτη
1338 2599 1484 2651 ἐστὶν
1509 2601 1542 2668 ἡ
1569 2600 1761 2652 καλου-

168 2691 295 2762 μένη
321 2689 586 2754 ἄϐυσσος,
614 2688 1084 2761 ὲμπεπληρῶσθαι
1103 2688 1160 2741 δὲ
1183 2689 1494 2760 δρακόντων
1520 2690 1760 2745 διδάσκει

166 2784 191 2833 ὁ
214 2784 445 2852 φάσκων
476 2781 657 2849 λόγος,
694 2802 711 2832 ι
749 2781 1053 2852 Δράκοντες
1082 2782 1176 2835 καὶ
1219 2784 1389 2835 πᾶσαι
1432 2781 1696 2847 ᾶϐυσσοις
1735 2803 1755 2836 ι

167 2876 323 2929 Ὅθεν
356 2876 456 2929 καὶ
496 2873 590 2927 τὸν
635 2874 866 2945 Σωτῆρα
899 2874 1241 2946 παρεκάλουν
1286 2876 1332 2928 οί
1366 2875 1621 2947 δαίμονες
1634 2914 1648 2938 ν
1686 2875 1761 2947 μὴ

171 2968 377 3037 πέμψαι
404 2968 629 3031 αὐτοὺς,
654 2966 892 3036 ὁπηνίκα
921 2966 1075 3035 ἔλεγε
1104 2967 1186 3029 τὸ,
1220 2984 1237 3017 ι
1269 2962 1474 3031 τΗλθες
1501 2967 1607 3037 πρὸ
1638 2984 1761 3020 και-

173 3059 263 3130 ροῦ
300 3059 595 3129 βασανίσαι
631 3060 799 3128 ἡμᾶς.
840 3078 858 3109 ι
895 3058 969 3112 Οὐ
1008 3058 1117 3128 γὰρ
1149 3058 1379 3126 ἠγνόουν
1416 3059 1607 3130 καιρόν
1639 3076 1764 3114 τινα

170 3152 379 3205 ἔσεσθαι
404 3152 595 3213 αὐτοῖς
623 3151 722 3221 τῆς
744 3152 826 3213 είς
864 3149 962 3221 τὴν
990 3148 1227 3205 ἄϐυσσον
1261 3148 1616 3221 καθείρξεως.

1872 1950 1925 2004 in
1962 1950 2225 2017 prepbeta
2272 1948 2543 2001 exsistens
2573 1962 2639 2000 es
2688 1960 2919 2015 persona
2971 1944 3064 1997 Dei
3114 1940 3277 1996 Verbi
3329 1957 3458 2011 pro-

1868 2041 1993 2096 fert.
2020 2040 2161 2095 Idem
2197 2040 2362 2109 igitur
2400 2039 2516 2106 ipse
2541 2046 2626 2093 est
2663 2036 2754 2106 qui
2799 2034 3006 2104 angelis
3048 2034 3459 2087 circumstanti-

1876 2134 1981 2188 bus
2004 2132 2271 2202 prmcipil,
2305 2141 2363 2184 ut
2396 2130 2613 2197 clausas
2642 2138 2828 2197 portas
2852 2127 3121 2195 aperiant,
3147 2139 3212 2178 ac
3232 2124 3461 2191 jubeant

1866 2241 1961 2280 eos
1992 2227 2084 2295 qui
2113 2226 2253 2279 intra
2294 2234 2422 2279 sunt
2445 2224 2682 2295 prodire,
2712 2222 2971 2276 accedere
2998 2234 3053 2273 et
3088 2219 3351 2275 festinare
3388 2218 3459 2271 ad

1867 2318 2163 2387 impiorum
2191 2318 2539 2387 supplicium.
2573 2313 2810 2370 Estimo
2839 2324 3020 2367 autem
3045 2312 3132 2367 his
3160 2308 3458 2380 signiﬁcari

1869 2412 2139 2465 ultionem
2166 2424 2287 2481 qua
2320 2409 2650 2464 adversariis
2700 2407 3068 2476 potestatibus
3102 2404 3405 2458 destinatur
3440 2420 3457 2456 :

1869 2507 1921 2559 in
1947 2520 2050 2574 qua
2092 2519 2190 2560 ceu
2223 2506 2275 2557 in
2306 2518 2528 2559 carcere
2559 2501 2975 2557 concluduntur.
3020 2496 3158 2551 Num
3194 2496 3335 2551 forte
3370 2495 3459 2549 illa

1869 2598 2035 2651 fuerit
2066 2596 2321 2667 abyssus,
2365 2606 2424 2650 ut
2456 2604 2707 2657 vocatur,
2755 2606 2920 2662 quam
2967 2589 3299 2646 draconibus
3341 2587 3461 2657 ple-

1870 2706 1997 2746 nam
2035 2692 2111 2744 ait
2144 2689 2427 2756 Scriptura
2469 2689 2555 2743 bis
2580 2687 2788 2749 verbis,
2834 2704 2853 2735 ι
2887 2683 3161 2738 Dracones
3190 2690 3247 2737 et
3269 2695 3463 2735 omnes

1870 2781 2050 2853 abyssi
2074 2780 2165 2833 7‘?
2196 2798 2214 2832 ι
2272 2776 2426 2834 Unde
2466 2789 2522 2832 et
2552 2776 2894 2831 Salvatorem
2936 2775 3209 2842 rogabant
3256 2772 3463 2825 damo-

1870 2888 1991 2937 nes,
2024 2889 2094 2928 ne
2124 2887 2184 2927 se
2224 2870 2316 2925 illo
2361 2870 2624 2935 mitteret,
2686 2883 2810 2922 cum
2857 2866 3135 2927 dicebant,
3203 2882 3221 2915 ι
3252 2861 3462 2915 Venisti

1872 2977 1997 3021 ante
2026 2978 2239 3035 tempus
2272 2974 2525 3032 torquere
2546 2976 2645 3016 nos
2664 2962 2731 3013 ".
2768 2979 2786 3011 ι
2817 2958 2931 3014 Νοη
2962 2957 3290 3029 ignorabant
3316 2957 3461 3010 enim

1873 3057 2113 3113 futurum
2156 3068 2365 3127 tempus
2412 3071 2536 3113 esse
2579 3070 2687 3125 quo
2751 3054 2805 3108 in
2856 3055 3056 3123 abysso
3101 3047 3464 3106 concludendi

1872 3160 2047 3205 erant.

238 3263 257 3295 ι
304 3242 448 3310 Ἐγὼ
476 3244 760 3296 συντασσω
787 3244 880 3295 καὶ
905 3241 1017 3311 ὲγὼ
1042 3242 1161 3311 ἄγω
1190 3241 1411 3305 αὐτούς.
1450 3261 1469 3294 ι
1516 3243 1675 3307 Τίνες
1704 3242 1761 3297 δέ

1948 3242 2113 3299 Vrsas.
2154 3242 2210 3300 5.
2256 3261 2275 3294 ι
2302 3242 2412 3311 Ego
2442 3240 2640 3295 ordino
2668 3248 2724 3295 et
2745 3252 2846 3305 ego
2873 3238 3014 3292 duco
3042 3249 3193 3291 eos.»
3231 3232 3462 3301 Quinam

173 3336 301 3387 ιεσιν
341 3329 493 3389 οὗτοι
547 3334 675 3404 ἑξῆς
721 3334 1020 3405 παρίστησι
1060 3333 1341 3403 διασαφῶν
1406 3337 1504 3387 καὶ
1557 3334 1760 3403 λέγων·

182 3444 200 3475 ι
241 3428 501 3495 Γίγαντες
545 3426 798 3498 ἔρχονται
838 3425 1121 3496 πληρῶσαι
1145 3426 1237 3479 τὸν
1269 3425 1441 3497 θυμόν
1473 3443 1609 3497 μου,
1644 3427 1767 3497 χαί-

177 3533 352 3588 μντες
403 3518 527 3588 ἅμα
572 3519 668 3571 καὶ
713 3517 1047 3589 ὑϐρίζοντες.
1110 3536 1129 3568 ι
1180 3516 1497 3589 Συμφὼνως
1546 3519 1603 3572 δὲ
1651 3522 1767 3582 τοῖς

182 3607 585 3678 Ἕϐδομήκοντα
613 3608 963 3679 ήρμήνευσεν
988 3608 1017 3658 ὁ
1044 3606 1337 3662 Θεοδοτίων
1362 3606 1533 3662 εἰπών
1554 3624 1568 3639 ν
1602 3627 1619 3659 ι
1656 3607 1766 3660 Καί

174 3715 231 3766 γε
268 3698 514 3753 ἐκάλεσα
568 3699 693 3761 τοὺς
720 3698 982 3767 γίγαντάς
1017 3714 1147 3768 μουο
1197 3718 1215 3751 ι
1258 3702 1287 3753 ὁ
1313 3700 1372 3754 δὲ
1408 3700 1639 3762 Ἀκύλας
1674 3699 1768 3753 καλ⁵

174 3794 200 3843 ὁ
235 3790 537 3863 Σύμμαχος
570 3791 691 3844 ἀντὶ
721 3791 839 3855 τοῦ,
884 3810 902 3842 ι
948 3792 1230 3861 γίγαντας,
1286 3811 1406 3843 ι--ι
1432 3792 1693 3854 δυνατοὺς
1741 3809 1760 3843 ι

177 3886 549 3956 ἡρμηνευσαν.
581 3883 740 3938 Οὕτω
765 3884 823 3938 δὲ
862 3883 1017 3938 καλεί
1058 3884 1158 3948 τὰς
1184 3884 1567 3957 τιμωρητικάς
1606 3884 1769 3938 δυνά-

180 3994 312 4047 μεις,
351 3978 423 4031 δι’
463 3970 543 4030 ὧν
592 3976 661 4029 τά
686 3976 787 4047 τῆς
834 3978 976 4030 κατά
1016 3978 1127 4031 τῶν
1172 3978 1387 4035 ἀσεϐῶν
1430 3978 1599 4049 ὀργῆς
1632 3977 1769 4049 πλη-

180 4070 386 4141 ροῦται.
431 4071 810 4142 Ἐπιχαίρουσι
837 4072 998 4126 κακοί
1029 4089 1196 4136 τινες,
1224 4068 1371 4127 οὗτοι
1400 4074 1450 4126 0i
1484 4073 1768 4145 λεγόμενοι

176 4165 450 4234 γίγαντες,
483 4164 675 4236 ῶσπερ
699 4167 768 4219 τά
806 4168 927 4219 κατ’
960 4166 1127 4237 εὐχάς
1155 4167 1487 4238 πράττοντες
1509 4184 1521 4197 ·
1550 4168 1770 4240 χαίρον-

176 4274 262 4320 τες
284 4257 383 4309 hct
405 4256 486 4329 τῷ
514 4256 757 4328 ὑϐρίζειν
781 4258 886 4312 και
902 4259 1151 4324 κολάζειν
1171 4260 1297 4324 τοὺς
1324 4259 1563 4326 ἀσεϐεῖς,
1584 4259 1680 4313 ἀτε
1703 4260 1768 4315 δὺ

181 4346 249 4418 μὴ
282 4346 504 4417 ἔχοντες
534 4348 811 4418 σπλάγχνα
838 4348 1157 4420 οἰκτιρμῶν.

248 4456 268 4485 ι
297 4436 460 4507 Φωνὴ
487 4435 657 4491 ἐθνῶν
692 4438 901 4491 πολλῶν
930 4439 1023 4492 ἐπὶ
1053 4439 1161 4492 τῶν
1190 4438 1385 4511 ὀρέων,
1410 4438 1573 4511 ὁμοία
1598 4438 1770 4493 ἐθνῶν

181 4530 412 4583 πολλῶν.
459 4529 619 4600 Φωνὴ
658 4530 921 4599 βασιλέων
953 4530 1046 4584 καὶ
1096 4530 1266 4584 ἐθνῶν
1311 4532 1687 4602 συνηγμένων.
1744 4551 1764 4585 t

182 4623 241 4675 Οί
271 4620 561 4692 μέλλοντες
596 4622 719 4675 τότε
760 4624 824 4694 τῇ
858 4622 1102 4693 τιμωρία
1150 4622 1544 4693 παραδίδοσθαι
1587 4622 1771 4690 φωνὰς
1805 4604 1848 4658 D

180 4714 474 4784 ἀφήσουσι,
504 4714 573 4767 τά
596 4714 805 4767 ἑαυτῶν
832 4714 1314 4786 ἐξομολογούμενοι
1345 4715 1494 4769 κακά
1511 4733 1525 4746 ο
1552 4715 1687 4786 ὁμοῦ
1715 4716 1773 4769 δὲ

185 4808 268 4859 καὶ
298 4805 450 4859 κατά
478 4805 672 4859 ταύτὸν
700 4807 769 4859 τά
795 4807 921 4878 ἔθνη
956 4808 1151 4875 πάντα,
1185 4809 1281 4862 καὶ
1308 4810 1358 4862 οί
1382 4808 1589 4862 τούτων
1619 4808 1773 4879 βασι-

183 4899 309 4964 λεῖς,
357 4900 492 4970 μίαν
532 4898 629 4968 τὴν
669 4899 837 4970 αὐτὴν
880 4900 1221 4955 ἀποδώσουσι
1268 4901 1474 4974 φωνὴ.
1514 4901 1775 4972 ὀλοφυρό-

190 5006 334 5059 μενοι
374 4988 478 5051 τὰς
518 4988 723 5041 ἑαυτῶν
760 4990 1067 5062 συμφοράς.
1109 4991 1171 5044 οι
1202 4991 1261 5044 δὲ
1297 4992 1556 5065 ἀνωτέρω
1586 4992 1778 5060 γίγαν-

185 5092 269 5142 τες
357 5076 753 5147 ὀνομασθέντες
830 5079 1131 5151 ὁπλομάχοι
1187 5082 1425 5137 ἐνταῦθα
1492 5082 1775 5150 λέγονται,

191 5170 408 5242 μακρὰν
432 5170 586 5233 δντες
620 5169 807 5234 πάλαι,
830 5172 925 5225 καὶ
950 5170 1139 5243 ῶσπερ
1173 5175 1233 5228 ἐν
1254 5173 1521 5244 θεμελίοις
1563 5174 1657 5227 τοῦ
1684 5177 1775 5227 οὑ-

192 5263 351 5334 ρανοῦ
379 5263 882 5334 ἀποκεκλεισμένοι·
911 5264 1026 5331 οὓς,
1059 5267 1149 5319 ὅτε
1183 5266 1372 5340 καιρὸς
1405 5267 1579 5333 καλεῖ,
1610 5284 1775 5338 προσ⁸

188 5356 370 5407 τάττει
394 5353 649 5426 ἔρχεσθαι
672 5357 702 5410 ό
728 5356 836 5410 τῶν
865 5356 1002 5411 ὅλων
1030 5358 1223 5430 κριτὴς
1252 5359 1345 5412 ἐπὶ
1368 5357 1450 5430 τῷ
1482 5358 1778 5428 καταφθεί-

195 5464 278 5517 ραι
307 5448 494 5501 πᾶσαν
524 5446 622 5518 τὴν
644 5446 756 5501 τῶν
785 5448 973 5502 κακῶν
994 5448 1339 5521 οἰκουμένην,
1370 5450 1507 5520 μετά
1528 5450 1622 5503 τὸν
1649 5451 1776 5520 ἀφο-

195 5537 380 5607 ρισμὸν
412 5535 520 5589 τῶν
550 5536 800 5591 δικαίων.
849 5538 1002 5591 Ἐπεὶ
1042 5539 1137 5592 καὶ
1176 5540 1235 5592 έν
1272 5542 1384 5603 τοῖς
1422 5540 1774 5609 Εὐαγγελίοις

192 5634 219 5685 ό
255 5633 378 5697 Υἱὸς
407 5631 499 5686 τοῦ
545 5630 848 5705 ἀνθρώπου
896 5632 1203 5706 καθήμενος
1243 5635 1338 5689 ἐπὶ
1386 5633 1575 5706 θρόνου
1619 5634 1773 5707 δόξης

256 5814 303 5846 ’⁸
340 5813 474 5877 Psal.
531 5831 778 5882 csum,
817 5814 872 5870 7.
949 5815 993 5848 "
1030 5813 1221 5871 Matth.
1254 5830 1373 5883 vm,
1409 5814 1501 5872 29.

1873 3337 1910 3392 ii
1970 3341 2080 3392 sint
2121 3335 2222 3392 sub
2268 3336 2383 3390 bare
2438 3333 2679 3388 declarat
2728 3331 2813 3385 his
2869 3328 3090 3391 verbis;
3152 3343 3171 3378 ι
3201 3325 3465 3396 Gigantes

1873 3430 2096 3485 veniunt
2145 3428 2212 3481 ad
2255 3426 2589 3497 implendum
2635 3422 2875 3477 furorem
2918 3435 3124 3483 meum,
3164 3417 3466 3489 gaudentes

1873 3521 2033 3577 simul
2066 3530 2120 3576 et
2148 3518 2512 3574 contumelias
2541 3516 2862 3571 inferentes.
2896 3534 2914 3568 ι
2947 3512 3253 3569 Tlteodotio
3280 3520 3463 3565 autem

1874 3613 2100 3685 perinde
2137 3626 2201 3664 ac
2242 3607 2387 3663 LXX
2436 3612 2515 3663 sic
2575 3606 2967 3675 interpretatus
3016 3611 3121 3665 est,
3178 3620 3196 3653 ι
3223 3600 3291 3655 Ει
3334 3614 3469 3654 vero

1892 3704 2080 3759 vocavi
2107 3706 2356 3773 gigantes
2391 3714 2619 3762 meos”
2658 3696 2850 3767 Aquila
2887 3707 3070 3751 autem
3110 3702 3166 3749 et
3207 3692 3464 3764 Symma-

1874 3798 2029 3861 cbus,
2057 3811 2156 3865 pro
2182 3797 2294 3860 ilio,
2336 3812 2355 3845 ι
2382 3794 2655 3864 gigantes,
2686 3810 2705 3843 ι
2750 3788 3091 3859 interpretati
3124 3796 3270 3851 sunt,
3301 3804 3321 3837 ι
3351 3784 3465 3840 for-

1878 3902 1978 3945 tes.
2013 3909 2031 3942 ι
2066 3888 2160 3944 Sic
2185 3903 2351 3958 porro
2377 3896 2539 3940 vocat
2571 3886 2795 3941 ultrices
2828 3885 3077 3947 virtutes,
3105 3880 3263 3951 queis
3299 3879 3380 3932 ira
3412 3886 3469 3931 et

1876 3981 2014 4035 ultio
2054 3987 2246 4033 contra
2272 3978 2471 4048 impios
2498 3987 2810 4030 exercetur.
2857 3972 3109 4028 Gaudent
3150 3970 3321 4038 igitur
3352 3984 3469 4022 ma-

1880 4072 2008 4142 ligni
2050 4070 2296 4139 quidam,
2333 4070 2579 4140 gigantes
2623 4068 2840 4131 vocati,
2877 4064 3033 4135 quasi
3068 4077 3181 4116 rem
3213 4075 3313 4131 pro
3338 4071 3468 4115 voto

1877 4172 2063 4233 agant,
2095 4161 2149 4215 in
2182 4160 2517 4216 contumelia
2545 4167 2601 4214 et
2647 4158 2914 4227 supplicio
2955 4156 3135 4224 impiis
3183 4152 3468 4210 inferendo

1880 4254 2247 4323 latti;utpote
2275 4254 2368 4323 qui
2395 4253 2607 4308 viscera
2646 4252 3039 4307 misericordiae
3064 4264 3173 4304 non
3206 4248 3466 4303 habeant.

1955 4431 2117 4487 Van.
2157 4431 2213 4487 ι.
2262 4449 2281 4482 ι
2312 4431 2425 4485 Vox
2457 4430 2695 4501 gentium
2728 4428 3019 4484 multarum
3068 4428 3121 4482 in
3172 4425 3471 4492 montibus,

1879 4529 2073 4582 similis
2101 4526 2353 4596 gentibus
2389 4526 2592 4578 multis.
2640 4524 2752 4579 Vox
2786 4538 2971 4592 regum
2988 4532 3041 4576 et
3067 4523 3310 4593 gentium
3343 4536 3471 4576 con-

1879 4630 2301 4690 gregatarum.»
2367 4616 2467 4683 Qui
2532 4627 2661 4670 tunc
2724 4616 2992 4684 supplicio
3040 4614 3287 4669 tradendi
3321 4622 3468 4677 sunt,

1880 4727 2042 4767 voces
2104 4710 2379 4777 emittent,
2451 4709 2590 4763 mala
2648 4723 2743 4762 sua
2805 4711 3166 4763 conﬁtentes:
3201 4705 3471 4774 simulque

1879 4803 2071 4857 eodem
2100 4811 2347 4869 tempore
2372 4809 2563 4869 gentes
2579 4814 2770 4855 omnes
2797 4806 2854 4853 et
2884 4813 3072 4853 earum
3100 4812 3277 4867 reges,
3308 4812 3470 4849 unam

1880 4904 1936 4949 et
1964 4894 2212 4948 eamdem
2248 4894 2456 4946 dabunt
2486 4906 2675 4946 vocem
2704 4932 2720 4956 ,
2759 4891 3101 4945 calamitates
3129 4903 3256 4944 suas
3279 4888 3473 4958 lugen-

1882 4995 1985 5041 tes.
2012 4984 2089 5039 llli
2132 4999 2262 5039 vero
2294 4984 2539 5054 praedicti
2588 4984 2857 5053 gigantes,
2898 4983 2988 5037 hic
3027 4982 3227 5036 armati
3267 4982 3466 5038 dicun-

1884 5088 1991 5141 tur,
2019 5078 2111 5146 qui
2144 5077 2273 5131 olim
2315 5076 2508 5147 procul
2550 5085 2730 5145 erant,
2762 5087 2817 5133 et
2838 5076 2998 5147 quasi
3025 5077 3080 5130 in
3105 5075 3231 5131 εικΙί
3270 5076 3470 5130 funda—

1882 5171 2083 5226 mentis
2125 5170 2343 5236 inclusi,
2371 5187 2509 5241 quos
2540 5173 2629 5226 ubi
2660 5181 2874 5241 tempus
2919 5178 3131 5235 evocat,
3157 5171 3313 5241 jubet
3349 5170 3474 5225 uni-

1880 5279 2162 5320 versorunt
2209 5264 2375 5335 judes
2436 5263 2718 5329 accedere,
2768 5275 2829 5319 ut
2878 5274 3050 5319 totum
3091 5261 3469 5334 improborum

1880 5354 2099 5421 orbem,
2152 5364 2275 5423 post
2317 5355 2590 5424 iustorum
2651 5356 3114 5427 segregationem,
3162 5358 3467 5410 destruant.

1881 5447 2333 5518 Quandoquidem
2408 5456 2464 5503 et
2514 5448 2569 5502 in
2643 5447 2952 5518 Evangeliis
3001 5447 3169 5503 Filius
3226 5447 3468 5502 hominis

1882 5542 2083 5597 sedens
2111 5542 2165 5596 in
2196 5543 2393 5597 tbrono
2418 5540 2603 5610 gloria:
2634 5556 2767 5606 suae,
2804 5557 2902 5597 eos
2926 5543 3019 5612 qui
3048 5558 3078 5597 a
3110 5542 3317 5596 dextris
3340 5551 3471 5595 sunt

1890 5634 2111 5709 primos
2133 5634 2201 5693 ad
2224 5642 2473 5707 paratum
2516 5634 2649 5707 ipsis
2688 5649 2913 5705 regnum
2959 5648 3087 5692 ante
3122 5634 3469 5693 constitutio-
