4120 6294
727 377 834 440 1⁸31

1399 373 1669 432 EUSEBII
1705 365 2177 429 CESARIENSIS
2213 366 2277 424 Ol

2405 361 2585 418 PARS
2621 358 2714 415 Ill.
2748 390 2821 408 -ν
2861 352 3271 414 EXEGETICA.

3873 350 3994 406 188

732 517 850 555 nem
873 500 1079 566 mundi,
1098 507 1254 555 vocat
1283 516 1297 553 :
1323 498 1523 568 quibus
1551 497 1842 566 assumptis
1865 503 1918 548 et
1937 495 2004 547 ad
2024 492 2277 562 promissa

2391 483 2557 539 αὑτοῦ
2587 483 2717 545 τοὺς
2754 495 2822 537 εκ
2859 479 3048 545 δεξιῶν
3090 493 3341 546 πρωτους
3378 475 3471 526 επὶ
3505 471 3603 544 τήν
3637 472 3993 542 ἡτοιμασμέ-

723 592 993 654 deductis.
1049 593 1102 646 in
1139 591 1375 660 reliquas
1425 598 1620 659 gentes
1668 604 1698 644 a
1739 585 1978 644 sinistris
2017 592 2285 654 repertas,

723 686 864 756 ignis
895 683 1250 739 comminatio
1280 681 1535 737 infertur.

793 941 1025 1006 Vne.6,
1049 942 1102 995 7.
1128 960 1146 992 ι
1175 940 1403 1004 Ululate,
1446 953 1614 1008 prope
1653 937 1795 992 enim
1842 938 1954 992 dies
1981 936 2288 1001 Domini,et

723 1036 980 1091 contritio
1011 1050 1040 1087 a
1071 1033 1300 1088 Domino
1345 1033 1542 1087 veniet.
1584 1032 1811 1101 Propter
1840 1031 1940 1084 hoc
1965 1030 2143 1084 omnis
2174 1046 2286 1083 ma-

723 1145 826 1186 nus
846 1128 1196 1189 dissolvetur.
1246 1136 1298 1180 et
1327 1125 1501 1179 omnis
1544 1124 1721 1176 anima
1754 1121 1989 1205 hominis
2019 1123 2284 1177 formida-

722 1224 842 1278 bit:
881 1221 1244 1276 turbabuntur
1276 1216 1473 1286 legati,
1520 1225 1576 1269 et
1620 1215 1836 1270 dolores
1873 1215 2018 1283 ipsos
2052 1230 2287 1286 occupa-

718 1317 872 1376 bunt,
898 1311 1054 1381 quasi
1095 1310 1332 1364 mulieris
1371 1306 1747 1380 parturientis.
1775 1326 1794 1359 ι
1840 1305 2085 1361 Nondum
2126 1321 2282 1374 ergo,

728 1403 824 1468 ait,
865 1405 1069 1456 lustant
1095 1417 1156 1454 ea
1182 1416 1299 1470 quae
1327 1400 1379 1452 in
1407 1398 1828 1454 comminatione
1872 1397 2154 1459 feruntur;
2188 1397 2282 1451 sed

715 1495 1114 1564 quamprimum
1171 1500 1392 1545 ventura
1447 1500 1594 1545 sunt.
1654 1490 1836 1556 Quare
1898 1498 2285 1559 prevertentes

718 1586 831 1649 illa,
872 1582 1032 1646 fletu,
1093 1581 1344 1634 lamentis
1391 1591 1448 1635 et
1500 1580 1710 1633 ululatu
1760 1579 1925 1634 Deum
1982 1580 2282 1648 placantes,

718 1676 855 1729 mala
893 1674 1122 1728 avertite
1154 1690 1183 1726 a
1217 1673 1368 1728 vobis
1394 1686 1410 1727 :
1434 1670 1654 1742 jamjam
1692 1672 1837 1726 enim
1880 1672 2136 1740 praedicta
2164 1671 2281 1724 dies

717 1773 811 1826 irae
860 1770 952 1824 Dei
999 1767 1225 1823 aﬂutura
1274 1777 1377 1824 est.
1428 1767 1656 1836 Legatos
1699 1774 1875 1820 autem
1923 1765 2009 1819 hic
2051 1762 2282 1819 fortasse

2389 593 2487 647 νην
2523 575 2704 635 αὐτοῖς
2740 571 3018 640 βασιλείαν
3062 569 3169 641 πρὸ
3203 567 3507 637 καταϐολῆς
3541 565 3748 634 κόσμου
3780 563 3951 617 καλεῖ
3971 582 3985 593 ·

2385 662 2461 722 ὧν
2493 663 2961 737 παραληφθέντων
2994 662 3085 716 καὶ
3113 660 3470 730 εἰσαχθέντων
3500 658 3592 711 ἐπὶ
3613 657 3712 727 τὴν
3741 657 3990 739 ἐπαγγε-

2387 757 2526 820 λίαν,
2557 756 2649 808 ἐπὶ
2685 770 2758 808 τα
2793 755 2956 808 λοιπά
2985 753 3110 823 ἔθνη
3142 751 3209 803 τά
3242 753 3299 804 ὲν
3338 752 3451 813 τοῖς
3484 748 3792 820 ἀριστεροῖς
3821 747 3988 818 εὑρε-

2387 846 2664 920 θησόμενα
2697 849 2730 917 ή
2759 846 2956 917 ἀπειλὴ
2987 843 3082 898 τοῦ
3111 843 3281 913 πυρὸς
3315 840 3680 912 ἐξενήνεκται.

2463 959 2483 992 ι
2543 938 2854 1002 Ὀλολύζετε
2874 956 2886 968 ο
2920 938 3085 1006 ἐγγὺς
3109 935 3218 1005 γὰρ
3254 934 3436 1006 ἡμέρα
3459 930 3684 1003 Κυρίου,
3712 929 3806 984 καὶ
3843 947 3987 982 συν-

2385 1029 2546 1101 τριϐὴ
2580 1027 2730 1099 παρά
2761 1026 2854 1080 τοῦ
2896 1025 3100 1095 Κυρίου
3143 1021 3281 1092 ἥξει.
3333 1019 3431 1072 Διά
3464 1019 3622 1073 τοῦτο
3661 1018 3809 1069 πᾶσα
3844 1017 3984 1087 χεὶρ

2386 1119 2775 1190 ὲκλυθήσεται,
2806 1118 2900 1170 καὶ
2951 1117 3098 1168 πᾶσα
3146 1112 3292 1182 ψυχὴ
3344 1108 3632 1180 ἀνθρώπου
3666 1106 3931 1160 δειλιάσει
3961 1124 3978 1137 ·

2385 1211 2821 1283 ταραχθήσονται
2850 1210 2900 1261 οί
2935 1205 3210 1278 πρέσϐεις,
3239 1203 3333 1256 καὶ
3371 1201 3558 1264 ὠδῖνες
3592 1201 3787 1264 αὐτοὺς
3818 1199 3985 1266 ἐξου-

2387 1321 2490 1367 σιν,
2538 1302 2613 1366 ὡς
2659 1301 2915 1370 γυναικὸς
2961 1297 3273 1368 τικτούσης.
3325 1315 3344 1346 ι
3396 1293 3562 1348 Οὔπω
3610 1290 3723 1359 οὖν,
3775 1293 3976 1364 φησὶν,

2385 1397 2586 1466 ἐπέστη
2636 1395 2703 1447 τὰ
2752 1391 3126 1464 ήπειλημένα·
3175 1389 3355 1460 μέλλει
3403 1387 3461 1440 δὲ
3502 1388 3626 1440 ὅσον
3657 1385 3828 1439 οὔπω.
3871 1384 3980 1437 Διὸ

2386 1465 2768 1560 προλαϐόντες,
2816 1481 3077 1553 κλαυθμῷ
3103 1481 3198 1534 καὶ
3232 1480 3436 1551 θρήνῳ,
3477 1479 3572 1531 καὶ
3609 1477 3834 1548 ὀλολυγῇ
3873 1465 4002 1542 £54"

2388 1578 2679 1635 ιλεώσασθε
2698 1577 2767 1630 τὰ
2790 1576 2998 1629 ἑαυτῶν
3016 1571 3178 1626 κακά·
3209 1571 3388 1641 μέλλει
3414 1568 3522 1641 γὰρ
3549 1571 3582 1641 ή
3606 1568 3978 1640 προλεχθεῖσα

2385 1672 2568 1744 ήμέρα
2615 1672 2714 1739 τῆς
2745 1668 2915 1739 ὀργῆς
2938 1666 3032 1719 τοῦ
3062 1663 3196 1718 Geo:
3219 1661 3561 1732 ἐφίστασθαι.
3598 1661 3669 1713 Ἦ
3703 1659 3978 1732 πρέσϐεις

2386 1763 2618 1818 ἐνταῦθα
2643 1761 2796 1815 καλεῖ
2820 1760 2945 1822 τοὺς
2971 1755 3402 1831 προϊσταμένους
3424 1753 3529 1807 τῶν
3548 1752 3648 1823 τῆς
3671 1752 3976 1824 ἀθεότητος

715 1871 872 1917 vocat
899 1876 1015 1924 eos,
1041 1861 1130 1929 qui
1153 1859 1315 1914 dictis
1345 1833 1623 1912 atbeorum
1644 1858 2050 1926 [latrocinantur
2080 1876 2093 1910 :
2122 1867 2277 1926 atque

2386 1856 2589 1924 λόγων,
2619 1853 2714 1907 καὶ
2759 1853 2883 1914 τοὺς
2923 1847 3322 1921 πρεσϐεύοντας
3357 1846 3496 1918 ὑπὲρ
3542 1845 3644 1916 τῆς
3683 1843 3978 1898 εἰδωλολα-

713 1969 808 2007 eos
845 1953 937 2022 qui
968 1951 1287 2007 idololatria:
1321 1965 1561 2003 errorem
1597 1957 1839 2012 tuentur,
1871 1963 2079 2002 necnon
2101 1948 2287 2003 docto-

718 2061 805 2099 res
823 2046 1104 2099 atheorum
1128 2052 1182 2096 et
1215 2042 1501 2108 impiorum
1538 2042 1849 2112 dogmatum
1875 2078 1893 2106 ,
1927 2055 2065 2110 quos
2094 2055 2283 2095 recen—

712 2135 816 2189 sita
849 2132 1029 2187 omnia
1072 2129 1345 2185 invadent.

783 2224 946 2278 Vns.
985 2221 1175 2276 10-12.
1222 2239 1240 2271 ι
1271 2218 1406 2274 Nam
1438 2217 1610 2273 stella:
1644 2215 1788 2283 caeli,
1823 2217 1990 2273 Orion
2018 2226 2072 2272 et
2103 2217 2285 2273 omnis

709 2323 934 2369 ornatus
955 2313 1100 2379 cmli,
1130 2313 1303 2368 lucem
1335 2327 1440 2366 non
1477 2311 1682 2364 dabunt
1704 2350 1720 2375 ,
1752 2319 1818 2363 et-
1839 2311 2284 2364 obtenebrabitur

710 2404 826 2459 sole
854 2403 1065 2459 oriente
1088 2444 1102 2468 ,
1138 2411 1193 2457 et
1223 2402 1347 2456 luna
1397 2415 1504 2454 non
1533 2399 1680 2456 dabit
1709 2398 2048 2468 splendorem
2099 2415 2279 2457 suum.

712 2498 778 2550 Et
804 2495 1070 2550 mandabo
1099 2496 1216 2549 orbi
1247 2495 1501 2549 universo
1544 2492 1684 2546 mala
1710 2532 1725 2556 ,
1759 2503 1813 2547 et
1846 2492 2028 2560 impiis
2057 2501 2278 2563 peccata

710 2601 922 2641 eorum.
950 2585 1018 2640 Et
1041 2586 1258 2655 perdam
1302 2585 1552 2651 injuriam
1591 2583 1898 2651 iniquorum
1917 2592 1973 2637 et
2000 2593 2280 2637 contume-

709 2677 838 2730 liam
875 2677 1232 2746 superborum
1269 2673 1589 2743 deprimam.
1623 2692 1642 2726 ι
1684 2674 1894 2730 Etenim
1936 2689 2280 2729 consumma-

714 2767 873 2822 tionis
897 2776 1138 2836 tempore
1171 2781 1348 2836 neque
1389 2766 1490 2830 sol,
1533 2781 1706 2836 neque
1736 2766 1862 2820 luna
1883 2807 1900 2833 ,
1937 2783 2111 2837 neque
2145 2767 2280 2821 stel-

709 2859 792 2920 lae,
830 2858 917 2922 iis,
953 2859 1044 2928 qui
1074 2859 1416 2928 castigationi
1449 2867 1505 2912 et
1535 2859 1798 2926 supplicio
1841 2860 2085 2914 tradendi
2115 2869 2278 2925 sunt,

711 2950 891 3021 impiis
937 2950 1112 3006 lucem
1160 2966 1314 3004 suam
1363 2950 1590 3004 dabunt.
1645 2948 1960 3004 Luminaria
2008 2961 2190 3006 autem
2248 2967 2278 3006 a

711 3043 1014 3099 ministerio
1045 3058 1143 3098 suo
1181 3053 1359 3097 amota
1412 3041 1480 3096 ad
1537 3041 1698 3095 aliam
1735 3043 2122 3113 melioremque
2154 3058 2280 3099 sor-

2385 1945 2568 2016 τρείας
2601 1944 2829 2014 πλάνης,
2867 1941 2991 2005 τούς
3023 1957 3084 1994 τε
3125 1939 3474 2002 διδασκάλους
3501 1938 3610 1991 τῶν
3651 1938 3825 1991 ἀθέων
3866 1937 3980 1991 καὶ

2385 2036 2595 2091 ἀσεϐῶν
2630 2035 2938 2105 δογμάτων,
2977 2031 3072 2097 οὓς
3105 2029 3485 2103 μετελεύσεται
3520 2029 3590 2084 τά
3620 2028 3980 2101 κατηριθμη-

2387 2129 2524 2199 μένα
2558 2127 2757 2180 πάντα.

2461 2237 2480 2269 ι
2519 2220 2583 2271 Ui
2621 2217 2730 2289 γὰρ
2761 2216 2990 2288 ἀστέρες
3021 2216 3112 2269 τοῦ
3141 2213 3389 2287 οὐρανοῦ,
3431 2213 3525 2268 καὶ
3551 2213 3580 2266 ό
3623 2211 3835 2283 Ὠρίων,
3867 2211 3980 2265 καὶ

2382 2309 2490 2371 πᾶς
2519 2309 2547 2359 ό
2583 2307 2786 2377 κόσμος
2818 2305 2908 2359 τοῦ
2951 2304 3205 2376 οὐρανοῦ,
3235 2304 3296 2357 τὸ
3329 2304 3444 2374 φῶς
3476 2304 3536 2356 οὐ
3574 2301 3802 2356 δώσουσι
3823 2343 3837 2365 ,
3869 2302 3978 2355 καὶ

2383 2400 2797 2472 σκοτισθήσεται
2825 2400 2918 2453 τοῦ
2953 2401 3104 2472 ήλίου
3139 2399 3537 2464 ἀνατέλλοντος,
3573 2399 3668 2452 καὶ
3698 2400 3731 2469 ἡ
3765 2397 3976 2470 σελήνη

2379 2496 2440 2547 οὐ
2481 2493 2641 2547 δώσει
2680 2492 2739 2547 τὸ
2776 2493 2980 2563 φέγγος
3021 2491 3212 2563 αὐτῆς.
3257 2494 3369 2547 Καὶ
3407 2490 3724 2562 ὲντελοῦμαι
3775 2493 3842 2562 τῇ
3888 2492 3977 2545 οί-

2381 2585 2616 2656 κουμένῃ
2648 2584 2744 2657 ὅλῃ
2779 2584 2954 2649 κακά,
2999 2585 3091 2638 καὶ
3139 2586 3254 2647 τοῖς
3293 2582 3517 2638 ἀσεϐέσι
3557 2581 3655 2645 τὰς
3692 2579 3976 2652 ἁμαρτίας

2378 2673 2587 2727 αὐτῶν·
2626 2673 2719 2726 καὶ
2760 2673 2944 2726 ἀπολῶ
2975 2672 3132 2743 ὓϐριν
3168 2673 3404 2744 ἀνόμων,
3438 2672 3534 2726 καὶ
3581 2671 3736 2743 ὓϐριν
3794 2671 3977 2743 ὑπερ-

2380 2765 2600 2835 ηφάνων
2627 2764 2965 2820 ταπεινώσω.
3009 2783 3028 2817 ι
3067 2766 3225 2819 Κατά
3267 2766 3375 2836 γὰρ
3408 2764 3498 2818 τὸν
3515 2764 3618 2834 τῆς
3655 2763 3977 2828 συντελείας

2379 2857 2569 2928 καιρὸν
2598 2856 2710 2909 οὔθ’
2744 2860 2772 2911 6
2817 2856 2988 2926 ἥλιος,
3020 2854 3132 2910 οὗθ’
3172 2859 3206 2927 ή
3246 2856 3463 2926 σελήνη,
3499 2853 3611 2908 οὗθ’
3652 2856 3700 2908 οἱ
3733 2853 3975 2925 ἀστέρες

2377 2951 2491 3012 τοῖς
2525 2947 2743 3001 κολάσει
2775 2950 2869 3001 καὶ
2899 2948 3138 3020 τιμωρίᾳ
3171 2946 3701 3018 παραδοθησομένοις
3740 2945 3972 3000 ἀσεϐέσι

2377 3040 2439 3094 τὸ
2468 3039 2676 3094 ἑαυτῶν
2703 3039 2818 3110 φῶς
2851 3041 2912 3094 οὗ
2946 3041 3196 3094 δώσουσι.
3231 3039 3672 3102 Μεταϐάλλοντες
3699 3038 3755 3092 δὲ
3784 3038 3880 3091 καὶ
3915 3039 3976 3090 oi.

714 3149 820 3190 tem
871 3135 1196 3199 transibunt,
1246 3132 1400 3202 quasi
1459 3134 1926 3204 regenerationem
1982 3135 2274 3203 quamdam

2381 3134 2665 3205 φωστῆρες
2713 3133 2824 3186 ἀπὸ
2865 3133 2966 3204 τῆς
3020 3132 3228 3185 ἑαυτῶν
3265 3131 3570 3203 ὑπηρεσίας
3624 3132 3720 3184 ἐπὶ
3766 3129 3971 3201 ἑτέραν

706 3236 1061 3283 consecutura
1083 3264 1099 3289 ,
1166 3240 1340 3293 neque
1379 3224 1517 3279 ultra
1548 3241 1840 3296 corporum
1892 3225 2120 3281 vanitati
2155 3241 2276 3282 ser-

711 3314 914 3372 vientia
937 3329 952 3380 ;
983 3315 1076 3370 sed
1101 3313 1331 3369 liberata
1351 3327 1381 3367 a
1401 3315 1664 3369 servitute
1685 3315 2068 3385 corruptionis,
2089 3332 2278 3372 secun-

708 3410 837 3463 dum
864 3406 1217 3475 apostolicum
1253 3407 1500 3462 verbum.
1539 3405 1750 3462 Caelum
1779 3409 1959 3478 itaque
1994 3422 2150 3465 vocat
2182 3422 2278 3466 aut

713 3500 965 3556 caelestes
1023 3508 1337 3569 potestates,
1393 3509 1487 3554 aut
1541 3499 1711 3570 ipsam
1771 3511 2120 3567 creaturam,
2172 3519 2275 3558 una

713 3608 836 3646 cum
888 3592 996 3646 Deo
1051 3592 1419 3662 indignantem
1469 3607 1634 3662 super
1682 3593 1913 3658 insania,
1969 3594 2276 3666 arrogantia

711 3692 768 3736 et
791 3682 1090 3751 impietate.

780 3854 941 3911 Vens.
983 3857 1070 3921 13,
1112 3858 1199 3912 Η.
1245 3876 1265 3910 ι
1295 3857 1359 3912 Et
1405 3865 1564 3912 erunt
1611 3859 1811 3914 residui
1847 3861 2002 3928 quasi
2050 3861 2266 3916 damula

709 3950 958 4021 fugiens,
993 3959 1050 4006 et
1085 3953 1239 4022 quasi
1273 3953 1391 4008 ovis
1427 3967 1620 4009 errans
1683 3963 1736 4008 et
1769 3969 1876 4013 non
1902 3956 2006 4009 erit
2030 3956 2120 4025 qui
2155 3970 2280 4010 con—

710 4052 916 4113 greget,
946 4043 1018 4098 ita
1046 4052 1103 4099 ut
1129 4044 1292 4100 homo
1324 4049 1389 4101 ad
1417 4047 1668 4117 pepulum
1698 4062 1853 4102 suum
1878 4058 2230 4103 convertatur
2259 4068 2271 4103 :

709 4147 765 4190 et
823 4137 984 4191 homo
1040 4136 1108 4192 ad
1178 4139 1453 4208 regionem
1519 4155 1670 4194 suam
1740 4139 1983 4210 fugiel.s
2049 4141 2278 4212 Fugient

707 4225 907 4296 quippe
939 4227 999 4292 ii,
1041 4236 1102 4283 ut
1146 4229 1428 4283 dexterum
1457 4230 1740 4298 quidpiam
1776 4242 2156 4300 assequantur,
2193 4233 2280 4286 vel

708 4329 768 4372 ut
795 4318 1098 4389 perfugium
1133 4321 1273 4391 apud
1308 4323 1618 4392 quempiam
1660 4338 1726 4377 ex
1770 4324 1913 4379 notis
1946 4325 2224 4382 inveniant
2258 4341 2275 4380 :

706 4413 799 4468 sed
833 4429 938 4468 non
979 4413 1254 4469 invenient
1283 4432 1297 4468 :

2379 3224 2567 3296 ἥξουσι
2601 3225 2885 3296 κρείττονα
2916 3222 3089 3294 λῆξιν,
3126 3222 3315 3294 ὥσπερ
3356 3222 3498 3286 τινὸς
3544 3221 3968 3290 παλιγγενεσίας

2376 3315 2722 3386 τευξόμενοι,
2759 3317 2853 3368 καὶ
2903 3315 3099 3386 μηκέτι
3143 3314 3242 3384 μὲν
3274 3317 3340 3384 τῇ
3384 3313 3493 3367 τῶν
3526 3313 3791 3385 σωμάτων
3834 3313 3966 3369 8on-

2375 3407 2623 3471 λεύοντες
2659 3409 2999 3479 ματαιότητι,
3030 3406 3316 3478 ἐλευθερού
3326 3424 3475 3479 μενοι
3499 3408 3556 3460 δὲ
3579 3408 3688 3461 ἀπὸ
3712 3408 3810 3478 τῆς
3836 3406 3967 3462 δου-

2375 3501 2524 3564 λείας
2575 3501 2677 3572 τῆς
2733 3500 2969 3572 φθορᾶς,
3023 3499 3168 3554 κατά
3227 3499 3320 3552 τὸν
3373 3499 3725 3552 ἀποστολικδν
3779 3497 3963 3567 λόγον.

2377 3590 2618 3662 Οὐρανὸν
2660 3590 2948 3661 τοιγαροῦν
2978 3589 3128 3657 λέγει
3175 3589 3208 3660 ἢ
3248 3589 3346 3652 τὰς
3378 3589 3636 3661 οὐρανίας
3678 3590 3962 3660 δυνάμεις,

2377 3682 2411 3752 ἢ
2452 3683 2546 3734 καὶ
2593 3682 2765 3752 αὐτὴν
2801 3681 2900 3753 τὴν
2948 3681 3124 3734 κτίσιν
3168 3681 3679 3750 συναγανακτοῦσαν
3708 3681 3786 3753 τῷ
3837 3681 3966 3754 Θεῷ

2377 3775 2471 3828 ἐπὶ
2503 3774 2751 3846 ἀπονοίᾳ,
2792 3776 2887 3828 καὶ
2919 3773 3226 3845 ἀλαζονείᾳ,
3267 3773 3361 3826 καὶ
3387 3773 3654 3843 ἀθεότητι.

2454 3885 2474 3918 ι
2525 3867 2638 3920 Καὶ
2672 3865 2884 3920 ἔσονται
2923 3867 2972 3918 οί
3016 3864 3501 3935 καταλελειμμένοι
3550 3865 3626 3928 ὡς
3679 3865 3964 3937 δορκάδιον

2379 3957 2599 4028 φεῦγον,
2631 3957 2724 4011 καὶ
2753 3957 2829 4021 ὡς
2857 3956 3126 4030 πρόϐατον
3162 3955 3534 4027 πλανώμενον,
3561 3958 3656 4010 καὶ
3679 3957 3778 4009 οὐκ
3800 3957 3964 4012 ἔσται

2377 4052 2407 4103 ὁ
2455 4050 2739 4117 συνάγων
2795 4049 2936 4102 ὥστε
2995 4048 3279 4121 ἄνθρωπον
3330 4049 3409 4112 είς
3463 4048 3554 4101 τὸν
3606 4049 3734 4103 λαὸν
3785 4049 3963 4103 αὐτοῦ

2380 4138 2818 4210 ἀποστραφῆναι,
2867 4139 2960 4191 καὶ⁵
2992 4137 3277 4210 ἄνθρωπος
3320 4140 3400 4200 είς
3441 4136 3538 4207 τὴν
3575 4136 3759 4210 χώραν
3790 4138 3961 4191 αὑτοῦ

2381 4229 2654 4300 φεύξεται.
2700 4249 2718 4280 ι
2755 4228 3043 4293 Φεύξονται
3079 4230 3176 4301 μὲν
3205 4230 3314 4300 γάρ
3344 4229 3395 4280 οἱ
3436 4228 3748 4298 φεύγοντες,
3780 4229 3960 4296 δεξιοῦ

2378 4341 2521 4386 τινος
2554 4325 2754 4394 τυχεῖν,
2795 4323 2827 4394 ἢ
2869 4322 3185 4394 καταφυγὴν
3227 4322 3492 4394 εὐράσθαι
3528 4322 3677 4393 παρά
3704 4341 3810 4376 τινι
3847 4323 3957 4377 τῶν

2377 4416 2687 4487 γνωρίμων,
2720 4416 2781 4468 οὐ
2817 4415 2922 4486 μὴν
2954 4416 3278 4486 εὑρήσουσι·

781 4504 942 4559 Vsus.
988 4505 1075 4560 15.
1120 4524 1138 4557 ι
1168 4505 1283 4560 Non
1333 4505 1438 4559 erit
1486 4505 1630 4560 enim
1675 4506 1766 4576 qui
1815 4516 2106 4579 congreget
2157 4525 2272 4565 eos.

2452 4526 2471 4558 ι
2510 4508 2623 4561 Οὐκ
2664 4507 2814 4560 ἔσται
2846 4506 2955 4577 γὰρ
2998 4507 3026 4558 ὁ
3074 4508 3319 4573 συνάγων
3367 4506 3583 4569 αὐτούς.
3629 4508 3724 4569 Ὃς
3749 4507 3857 4578 γάρ
3891 4507 3963 4560 ἂν

709 4594 843 4648 Nam
878 4595 970 4664 qui
1001 4606 1192 4665 captus
1235 4597 1418 4662 fuerit,
1449 4598 1806 4667 opprimetur,
1842 4609 1899 4653 et
1921 4600 2014 4668 qui
2047 4615 2275 4671 congre-

708 4685 816 4754 gati
854 4693 1002 4749 sunt,
1052 4686 1228 4755 gladio
1271 4688 1485 4741 cadent.
1521 4705 1539 4739 ›
1583 4686 1863 4753 Quamvis,
1923 4689 2031 4753 ait,
2084 4705 2272 4744 eorum

709 4773 926 4840 quidam
964 4773 1086 4844 fuga
1119 4775 1346 4828 salutem
1374 4778 1630 4845 consequi
1661 4787 1950 4842 conentur,
1985 4777 2036 4832 bi
2061 4793 2274 4848 quoque

708 4872 866 4932 captu
894 4863 1080 4920 faciles
1109 4875 1287 4928 erunt,
1322 4881 1424 4920 non
1449 4866 1622 4920 damis
1640 4867 1896 4935 perfectis
1927 4868 2268 4933 salientibus,

709 4969 831 5020 qua:
864 4954 1036 5008 levem
1085 4956 1429 5026 velocemque
1481 4972 1700 5011 cursum
1739 4958 1975 5026 habent,
2026 4961 2271 5028 similes;

709 5046 800 5100 sed
832 5047 1080 5102 damulis.

782 5136 946 5188 Vsus.
987 5137 1074 5190 16.
1117 5153 1138 5187 ι
1163 5136 1228 5190 Et
1269 5137 1407 5192 filios
1449 5153 1635 5194 eorum
1683 5140 1987 5210 discerpent
2026 5143 2078 5198 in
2137 5158 2274 5199 cnn-

711 5234 894 5292 spectu
927 5238 1135 5290 eorum,
1179 5237 1232 5280 et
1277 5230 1470 5282 domus
1502 5244 1689 5284 eorum
1727 5233 2033 5298 vastabuut,
2071 5242 2126 5287 et
2154 5249 2272 5288 mu-

711 5315 866 5369 lieres
902 5331 1087 5370 eortun
1121 5319 1414 5374 habebunt.
1447 5341 1466 5373 ι
1512 5322 1746 5376 Perinde
1789 5336 1951 5392 atque
1980 5326 2125 5381 viros
2151 5342 2271 5396 sup-

712 5404 870 5474 plicio
899 5404 1140 5470 affectos,
1179 5410 1436 5464 mulieres
1464 5428 1677 5481 quoque
1721 5413 2054 5484 irreligiosas
2084 5425 2139 5470 et
2170 5417 2270 5470 im-

712 5497 845 5560 pias.
889 5512 1010 5566 quae
1061 5499 1262 5568 prolem
1295 5502 1614 5566 ediderant,
1665 5505 1886 5573 paribus
1936 5508 2272 5564 cruciatibus

712 5588 1462 5660 allicient:quemadmodum
1519 5605 1575 5650 et
1623 5595 1761 5650 ﬁlios
1807 5612 1992 5654 eorum
2044 5600 2269 5668 impios,

710 5694 938 5747 quorum
985 5684 1196 5746 animae,
1251 5696 1510 5752 quantum
1563 5687 1628 5745 ad
1677 5706 1886 5758 mores,
1954 5695 2268 5763 parentibus

717 5772 917 5827 malitia
956 5774 1153 5830 similes
1179 5786 1321 5832 sunt.

2379 4595 2512 4666 ἁλῷ,
2542 4596 2930 4668 ήττηθήσεται,
2978 4595 3074 4648 καὶ
3107 4596 3299 4659 οἵτινες
3328 4596 3655 4667 συνηγμένοι
3687 4597 3813 4660 εἰσὶ,
3860 4614 3959 4649 πε-

2381 4686 2596 4759 σοῦνται
2630 4687 2896 4758 μαχαίρᾳ.
2937 4705 2955 4736 ›
2993 4684 3111 4738 Κάν
3140 4702 3284 4749 τινες
3311 4681 3424 4750 οὖν,
3463 4685 3649 4756 φησιν,
3687 4685 3745 4738 ἐν
3773 4685 3958 4749 αὐτοῖς

2379 4777 2685 4848 πειραθεῖεν
2719 4779 2864 4847 φυγῇ
2895 4776 2995 4848 τὴν
3027 4776 3300 4847 σωτηρίαν
3335 4775 3663 4847 πορίσασθαι
3685 4793 3699 4806 '
3739 4777 3832 4829 καὶ
3863 4772 3956 4830 οὗ·

2376 4887 2457 4924 τοι
2491 4870 2748 4969 εὐάλιΰω
2774 4871 3112 4940 γενήσονται,
3147 4871 3206 4923 οὐ
3235 4869 3445 4940 δόρκοις
3473 4870 3698 4933 τελείοις
3731 4872 3956 4941 ἀποπη-

2378 4959 2528 5024 δῶσι,
2564 4959 2764 5030 κοιῖφόν
2799 4978 2856 5012 τε
2897 4961 2992 5014 καὶ
3033 4963 3202 5032 ταχὺν
3235 4961 3576 5032 ποιουμένοις
3624 4961 3714 5015 τὸν
3754 4961 3957 5033 δρόμον

2378 5052 2636 5119 ἐοικότες,
2671 5052 2809 5106 ἀλλά
2837 5051 3158 5124 δορκαδίοις.

2453 5166 2471 5198 ι
2519 5147 2629 5200 Καὶ
2667 5146 2735 5198 τά
2773 5147 2938 5199 τέκνα
2970 5147 3147 5200 αὐτῶν
3191 5144 3441 5218 ρήξουσιν
3476 5143 3704 5200 ἐνώπιον
3751 5147 3955 5212 αὐτῶν,

2376 5237 2467 5290 καὶ
2504 5239 2600 5302 τὰς
2636 5237 2812 5300 οίκίας
2857 5236 3038 5291 αὐτῶν
3082 5237 3531 5308 προνομεύσουσι,
3579 5239 3675 5290 καὶ
3715 5239 3812 5302 τάς
3854 5257 3955 5308 γυ-

2375 5332 2567 5392 ναῖκας
2595 5329 2775 5384 αὐτῶν
2801 5329 3029 5394 ἕξουσιν.
3067 5349 3085 5380 ι
3126 5331 3353 5400 Ὁμοίως
3379 5329 3488 5400 γὰρ
3517 5329 3625 5401 ἀρα
3640 5334 3759 5394 ιτοῖς
3794 5331 3956 5385 κολα-

2377 5421 2624 5492 ζομένοις
2656 5421 2880 5492 ἀνδράσι
2930 5423 3020 5474 καὶ
3067 5422 3165 5486 τὰς
3207 5421 3408 5475 τούτων
3449 5425 3712 5491 γυναῖκας
3757 5424 3954 5490 ἀθέους

2380 5514 2473 5566 καὶ
2502 5513 2717 5578 ἀσεϐεῖς
2752 5515 2845 5567 καὶ
2879 5514 2976 5577 τάς
3009 5514 3339 5585 γειναμένας
3369 5517 3490 5579 ταῖς
3537 5515 3680 5580 ίσαις
3710 5514 3949 5572 Orto“)?-

2377 5603 2524 5657 λουσι
2552 5606 2871 5676 τιμωρίαις,
2902 5605 3090 5678 ὥσπερ
3116 5603 3210 5660 οὖν
3239 5608 3331 5660 καὶ
3359 5606 3428 5660 τὰ
3457 5607 3621 5661 τέκνα
3657 5607 3836 5661 αὐτῶν
3882 5610 3955 5665 τὰ

2377 5696 2569 5765 ἀσεϐῆ,
2591 5697 2686 5760 τὰς
2705 5697 2931 5761 οἰκείας,
2965 5699 3056 5752 καὶ
3077 5703 3141 5769 τῇ
3168 5699 3276 5754 τῶν
3304 5701 3518 5770 τρόπων
3544 5699 3722 5754 αὐτῶν
3747 5701 3951 5774 μοχθη-

2382 5790 2471 5862 ρίᾳ
2499 5789 2927 5855 ἐξοικειωθείσας
2955 5793 3044 5847 καὶ
3073 5793 3543 5866 παρομοιωθείσας
3564 5792 3758 5863 ψυχάς.
