4120 6294
164 325 253 385 189
1128 324 1642 384 COMMENTARIA
1678 325 1745 380 IN
1783 322 2041 381 ISAIAM.
2084 353 2149 365 —
2193 321 2351 379 CAP.
2392 318 2533 375 xm.

228 462 249 495 I
314 445 445 499 Ἰδοὺ
494 446 765 518 ἐπεγερῶ
802 444 931 515 ὑμῖν
977 443 1104 508 τοὺς
1146 445 1385 515 Μήδους,
1428 444 1477 496 οἳ
1520 446 1580 496 ού
1614 444 1761 512 λογί-

1939 442 2107 497 Vsus.
2151 441 2240 495 17.
2290 459 2308 493 ι
2338 439 2480 495 Ecce
2532 432 2811 493 suscitabo
2875 431 3035 487 vobis
3091 430 3301 493 Medos,
3364 430 3456 497 qui

166 537 344 602 ζονται
374 539 664 610 ἀργύριον,
699 537 825 590 οὐδὲ
859 536 1081 607 χρυσίου
1114 537 1302 608 χρείαν
1334 537 1537 605 ἔχουσι,
1570 536 1758 600 τοξεύ-

168 646 314 701 ματα
350 629 655 683 νεανίσκων
695 628 1070 700 συντρίψουσι.
1125 648 1145 681 ι
1195 628 1354 695 Μέγα
1397 626 1494 698 μὲν
1518 628 1628 699 γὰρ
1658 628 1757 679 αὑ-

164 724 273 785 τοῖς
308 723 402 774 ἐπὶ
436 724 561 785 ταῖς
588 720 829 785 τοξείαις
857 721 917 773 τὸ
948 720 1195 792 φύσημα,
1225 720 1402 773 καὶτὸ
1425 719 1675 790 εὐτεχνές
1704 721 1761 771 ἐν

162 814 371 879 τούτοις
412 814 697 871 ποιοῦνται
738 815 868 886 περί
904 814 1099 868 πολλοῦ
1121 832 1135 844 ’
1172 814 1288 867 ἀλλ’
1318 815 1517 884 ἥττους
1547 814 1761 867 ἔσονται

162 905 272 957 τῶν
310 906 549 979 ἐχθρῶν.
596 907 836 977 Σκληροὶ
870 905 927 958 δέ
966 906 1108 959 οὕτω
1151 905 1245 957 καὶ
1285 904 1761 975 ἀφιλοικτίρμονες

165 998 211 1050 oi
240 998 615 1067 νενικηκότες,
645 998 721 1062 ὡς
759 998 892 1069 μηδὲ
924 997 1023 1067 τῆς
1057 997 1295 1066 ἐλεεινῆς
1333 995 1550 1065 ήλικίας
1594 992 1761 1063 φειδὼ

165 1089 442 1143 ποιεῖσθαί
480 1107 621 1143 τινα.
659 1090 751 1159 Τῷ
782 1090 839 1143 δὲ
874 1090 1134 1158 φάσκοντι
1184 1089 1348 1159 λόγῳ,
1382 1106 1401 1139 ι
1467 1088 1598 1141 Ἰδοὺ
1634 1089 1761 1140 ἐπε-

165 1182 310 1253 γερῶ
338 1183 476 1253 ὑμῖν
501 1184 627 1247 τοὺς
660 1183 900 1253 Μήδους,
942 1201 959 1232 ι
1011 1185 1281 1252 μαρτυρεί
1323 1181 1481 1252 ήτῆς
1520 1181 1761 1252 ἱστορίας

166 1278 410 1342 εκόασις,
456 1278 810 1350 ἀνάγραπτος
846 1274 979 1330 οὖσα
1026 1276 1176 1348 παρὰ
1220 1280 1334 1339 τοῖς
1392 1276 1660 1347 Ἐλλήνων
1692 1275 1760 1327 τά

163 1370 450 1424 Χαλδαϊκὰ
491 1371 587 1424 καὶ
623 1371 693 1423 τά
734 1369 1070 1441 Ἀσσυριακὰ
1114 1367 1615 1440 συγγραψαμένοις,
1650 1370 1762 1430 τοῖς

164 1478 217 1514 τε
249 1463 318 1514 τὰ
367 1462 597 1533 Μηδικὰ
642 1462 1007 1533 ίστορηκόσιν·
1052 1454 1126 1514 ὧν
1172 1462 1266 1513 καὶ
1314 1462 1475 1531 ἡμεῖς
1500 1461 1761 1522 πλείστας

164 1554 538 1625 ἁνελεξάμεθα
560 1555 865 1628 μαρτυρίας
889 1557 944 1607 ὲν
973 1557 1085 1617 τοῖς
1117 1553 1428 1623 πονηθεῖσιν
1456 1555 1587 1623 ἡμῖν
1615 1554 1760 1621 Χρο-

165 1648 353 1713 νικοῖς
378 1650 804 1719 συγγράμμασι.
863 1648 1149 1701 Φαίνονται
1204 1647 1385 1700 τοίνυν
1432 1645 1618 1716 Μῆδοι
1660 1644 1760 1715 τὴν

176 1741 483 1811 Ἀσσυρίων
509 1740 832 1803 καθελόντες
858 1741 1054 1811 ἀρχήν·
1087 1739 1310 1803 τούτους
1334 1756 1394 1791 τε
1426 1737 1608 1810 Κῦρος
1636 1739 1763 1790 ὑπο-

1867 544 2153 606 argentum
2185 549 2292 590 non
2326 541 2544 595 curant,
2573 543 2672 583 nec
2704 542 2840 583 auro
2862 540 3002 595 opus
3043 525 3269 587 habent,
3297 536 3461 576 arcus

1861 627 2123 697 iuvenum
2172 632 2481 681 conterent.
2518 640 2538 673 ι
2588 620 2816 689 Magnus
2858 617 3081 687 quidem
3120 615 3226 671 illis
3276 624 3454 667 tumor

1864 720 2008 773 inest
2053 720 2123 774 ob
2167 719 2461 786 sagittandi
2499 716 2752 786 peritiam
2781 753 2797 777 ,
2850 724 3015 780 quam
3061 718 3237 762 artem
3288 706 3463 775 pluris

1864 814 2107 879 faciunt,
2159 812 2252 866 sed
2313 812 2552 866 inimicis
2610 808 2900 863 inferiores
2963 810 3149 858 erunt.
3208 798 3463 855 Victores

1864 921 2027 975 porro
2058 913 2207 957 tanta
2234 905 2436 958 duritie
2462 917 2516 957 et
2544 902 2888 956 immanitate
2929 905 3129 959 erunt,
3160 903 3314 948 utne
3339 894 3462 962 qni-

1863 999 1985 1052 dem
2014 1006 2213 1053 tenera:
2237 1007 2291 1050 et
2310 998 2385 1051 ad
2417 994 2855 1050 miscricordiam
2882 990 3121 1046 moventi
3157 988 3305 1042 aetati
3333 1002 3462 1056 par-

1864 1098 2008 1143 cant.
2066 1088 2202 1143 Huic
2252 1098 2445 1142 autem-
2487 1088 2669 1151 dicto,
2742 1104 2760 1137 ι
2792 1085 2931 1139 Ecce
2976 1082 3257 1137 suscitabo
3304 1078 3462 1132 vobis

1862 1182 2073 1245 Medos,
2105 1202 2123 1235 ι
2160 1184 2275 1250 ipse
2304 1181 2546 1236 historia:
2570 1188 2799 1234 eventus
2845 1175 3218 1231 testimonium
3258 1171 3410 1225 addit
3441 1182 3460 1223 :

1862 1291 1985 1343 quae
2016 1275 2238 1328 historia
2261 1274 2401 1343 apud
2428 1271 2669 1335 Graecos,
2702 1271 2793 1340 qui
2815 1268 3134 1333 Chaldaica,
3158 1264 3453 1335 Assyriaca

1863 1377 1919 1419 et
1990 1365 2196 1420 Medica
2274 1366 2614 1435 scripserunt
2683 1360 3007 1432 reperitur:
3053 1374 3287 1429 quorum
3360 1372 3462 1411 nos

1864 1459 2034 1513 multa
2073 1458 2383 1514 testimonia
2418 1456 2737 1526 collegimus
2782 1456 2834 1509 in
2883 1453 3162 1507 Chronicis
3196 1465 3320 1522 quae
3347 1449 3465 1503 edi-

1863 1551 2063 1605 dimus.
2122 1549 2259 1603 Medi
2318 1550 2500 1619 itaque
2550 1548 2898 1618 Assyriorum
2936 1546 3226 1615 imperium
3257 1552 3467 1597 everte-

1867 1652 1994 1697 runt
2022 1661 2035 1697 :
2066 1641 2187 1696 illos
2217 1656 2349 1697 vero
2382 1641 2483 1695 sibi
2528 1640 2760 1707 subjecit
2789 1638 2988 1708 Cyrus,
3026 1636 3237 1707 primus
3266 1633 3463 1688 Persa-

1868 1751 1985 1789 rum
2016 1750 2127 1795 rex.
2166 1734 2260 1804 qui
2302 1733 2615 1789 Judzeorum
2658 1732 3035 1803 captivitatem
3076 1727 3285 1783 dimisit
3317 1744 3330 1780 :
3369 1725 3464 1778 de-

165 1832 323 1898 τάξας
351 1837 382 1887 ὁ
416 1833 649 1904 Περσῶν
678 1833 930 1904 βασιλεὺς
966 1832 1201 1904 πρῶτος,
1238 1835 1267 1885 ὁ
1306 1832 1399 1885 καὶ
1432 1831 1531 1898 τὴν
1560 1833 1758 1900 αἰχμα-

1872 1826 2051 1895 ditque
2087 1824 2291 1880 Judasis
2327 1842 2425 1895 pro
2466 1825 2635 1879 lubitu
2679 1825 2732 1879 in
2769 1823 3045 1894 regionem
3092 1834 3249 1874 suam
3298 1816 3465 1873 remi-

165 1924 358 1979 λωσίαν
400 1926 515 1979 τῶν
557 1926 829 1979 Ἰουδαίων
860 1927 1036 1989 ἀνείς·
1085 1926 1179 1979 καὶ
1211 1924 1333 1987 δοὺς
1368 1923 1617 1988 ἐξουσίαν
1645 1926 1756 1986 τοῖς

166 2018 410 2073 θέλουσιν
446 2019 628 2074 αὐτῶν
654 2020 734 2083 εἰς
762 2020 859 2090 τὴν
893 2018 1097 2071 οἰκείαν
1131 2016 1413 2072 ἐπανιέναι
1445 2014 1759 2091 χιὸμινριαλ⁵

164 2111 469 2182 ἀνεγείρειν
505 2110 598 2165 τὸν
630 2110 757 2164 ναὸν
786 2109 876 2163 τοῦ
912 2110 1064 2163 Θεοῦ.

233 2224 253 2254 ι
285 2205 406 2256 Καὶ
435 2203 592 2256 ἐσται
626 2201 903 2265 Βαϐυλὼν,
925 2202 959 2272 ἠ
1000 2201 1245 2256 καλεῖται
1279 2200 1487 2265 ἔνδοξος
1518 2200 1629 2254 ἀπὸ
1660 2200 1757 2270 βα-

163 2294 357 2360 σιλέως
385 2295 693 2358 Χαλδαίων,
728 2294 787 2348 δν
814 2294 1013 2367 τρόπον
1042 2294 1413 2365 κατέστρεψεν
1446 2295 1475 2347 ὁ
1503 2293 1636 2357 Θεὸς
1663 2294 1760 2346 Σό-

162 2389 297 2458 δομα
361 2388 462 2441 καὶ
525 2386 815 2458 Γόμορρα,
877 2386 939 2438 οὐ
1000 2384 1461 2454 κατοικηοήσεται
1525 2386 1604 2447 εἰς
1668 2385 1758 2437 τὸν

161 2477 348 2531 αἰῶνα.
397 2495 419 2529 ι
472 2477 755 2547 Ἀοίκητος
792 2475 848 2529 δέ
889 2475 984 2529 καὶ
1028 2474 1308 2538 παντελῶς
1352 2474 1556 2544 ἔρημος
1589 2473 1757 2527 εἰσέτι

162 2570 253 2624 καὶ
281 2569 385 2623 νῦν
418 2570 616 2639 ὁρᾶται
646 2570 678 2639 ἡ
728 2566 985 2621 Βαϐυλών
1004 2584 1018 2595 ·
1067 2566 1345 2638 μάρτυρες
1386 2566 1445 2618 δὲ
1472 2566 1677 2618 τούτων
1708 2566 1760 2618 οἰ

162 2666 219 2716 ἐκ
251 2660 365 2713 τῶν
400 2659 587 2713 τόπων
619 2659 845 2712 ἐκείνων
881 2657 1015 2729 πρὸς
1054 2658 1203 2727 ἡμᾶς
1242 2656 1647 2728 ἀφικνούμενοι.

228 2770 249 2804 ι
306 2750 440 2805 οὐδ’
488 2749 552 2803 οὐ
601 2748 675 2818 μὴ
725 2747 1042 2801 εἰσέλθωσιν
1088 2749 1169 2809 είς
1200 2748 1370 2818 αὐτὴν
1415 2747 1503 2800 διὰ
1547 2747 1760 2803 πολλῶν

162 2842 385 2911 γενεῶν,
420 2840 533 2894 οὐδ’
560 2840 623 2893 οὐ
667 2839 741 2911 μὴ
786 2837 1065 2891 διέλθωσιν
1108 2838 1279 2909 αὐτὴν
1322 2837 1591 2908 Ἄραϐες,
1638 2838 1759 2891 ούδέ

163 2934 425 3004 ποιμένες
454 2932 521 2985 οὐ
565 2930 639 3002 μὴ
669 2928 1090 2983 ἀναπαύσωνται
1121 2930 1180 2981 ἐν
1214 2930 1376 2999 αὐτῇ.
1421 2950 1439 2980 ι
1480 2928 1638 2982 Οὕτω
1667 2930 1761 3002 δη-

162 3026 465 3096 λουμένων,
496 3024 572 3087 ὡς
600 3019 775 3094 οἶμαι,
808 3021 918 3075 τῶν
948 3022 1079 3093 παρ’
1105 3024 1237 3093 ἡμῖν
1276 3021 1624 3092 καλουμένων
1658 3023 1763 3077 Σα-

164 3117 440 3190 ρακηνῶν,
479 3116 553 3179 οἳ,
581 3115 679 3178 τὰς
720 3115 1108 3186 πραγματείας
1154 3115 1503 3186 ποιούμενοι,
1534 3118 1629 3170 καὶ
1673 3118 1760 3171 ἐπ’

1866 1916 2055 1986 grandi
2081 1932 2147 1971 ac
2190 1916 2372 1986 templi
2407 1916 2499 1971 Dei
2528 1914 2876 1970 restaurandi
2904 1912 3245 1967 facultatem.

1940 2184 2103 2239 Vens.
2146 2183 2235 2239 l9.
2283 2201 2301 2233 ι
2331 2181 2396 2235 Ει
2449 2180 2553 2235 erit
2605 2178 2874 2249 Babylon,
2928 2192 3051 2247 quae
3094 2182 3322 2230 vocatur
3352 2172 3467 2243 glo-

1865 2280 2008 2334 riosa
2051 2293 2079 2331 a
2131 2292 2259 2346 rege
2305 2274 2710 2337 Chaldaeorum,
2764 2270 3224 2343 quemadmodum
3265 2267 3469 2323 evertit

1866 2374 2007 2428 Deus
2041 2371 2336 2427 Sodomam
2365 2378 2417 2422 et
2448 2366 2813 2423 Gomorrham
2834 2408 2848 2432 ,
2878 2381 2986 2421 non
3026 2363 3374 2418 habitabitur
3404 2362 3462 2415 in

1866 2466 2146 2521 saeculum.
2178 2482 2197 2516 ι
2252 2460 2557 2516 lnhabitata
2588 2472 2642 2515 et
2674 2460 2945 2514 hactenus
2986 2458 3201 2512 deserta
3236 2464 3319 2510 est
3359 2451 3468 2507 Ba-

1869 2558 2052 2630 bylon.
2096 2570 2259 2623 quam
2292 2570 2406 2610 rem
2444 2551 2811 2607 testiﬁcantur
2848 2551 2942 2622 qui
2976 2565 3046 2606 ex
3088 2548 3224 2605 locis
3258 2546 3367 2602 illis
3398 2548 3468 2600 ad

1866 2663 1965 2704 nos
2007 2647 2252 2701 veniunt.

1944 2760 1962 2792 ι
1990 2739 2108 2795 Non
2162 2738 2541 2809 ingredientur
2585 2736 2639 2790 in
2677 2750 2797 2790 eam
2847 2749 2942 2805 per
2986 2733 3185 2787 multas
3234 2744 3469 2802 genera-

1868 2832 2068 2893 tiones,
2124 2844 2304 2898 neque
2353 2826 2666 2882 transibunt
2709 2839 2807 2895 per
2853 2838 2975 2878 eam
3012 2821 3255 2884 Arabes,
3291 2834 3469 2887 neque

1866 2938 2116 2997 paStores
2174 2923 2525 2991 requiescent
2586 2919 2641 2974 in
2707 2934 2793 2974 ea.
2842 2938 2863 2972 ι
2927 2917 3095 2983 Queis
3148 2913 3468 2985 significan-

1869 3026 1978 3080 tur,
2018 3025 2075 3068 ut
2104 3014 2349 3075 estimo,
2400 3012 2459 3077 ii,
2494 3012 2587 3081 qui
2640 3010 2783 3081 apud
2825 3023 2925 3063 nos
2960 3007 3221 3063 Saraceni
3266 3020 3471 3059 vocan-

1870 3119 1979 3172 tur,
2016 3105 2110 3176 qui
2147 3107 2577 3175 negOtiationem
2608 3111 2897 3166 exercent,
2943 3110 3000 3156 et
3042 3100 3096 3154 in
3138 3100 3257 3169 ipsa
3284 3098 3468 3169 Baby-

163 3180 329 3279 αὸτης
360 3206 689 3270 Βαόυλῶνος
708 3180 779 3258 τὸ.
794 3180 1020 3260 παλαιὸν
1042 3180 1509 3275 ἐσκηνοποίοὖντο.
1536 3210 1765 3273 Φευκτὸς

1873 3200 1997 3252 Ioue
2047 3196 2179 3251 olim
2242 3196 2477 3250 tentoria
2537 3197 2833 3265 ponebant.
2868 3191 3053 3262 Usque
3100 3191 3238 3246 adeo
3284 3198 3469 3244 autem

164 3301 213 3354 δὲ
239 3300 390 3352 οὕτω
419 3299 517 3352 καὶ
547 3302 660 3361 τοῖς
688 3300 932 3371 ὁμόροις,
963 3300 1055 3352 καὶ
1092 3303 1205 3362 τοῖς
1229 3299 1289 3363 ἐξ
1322 3298 1511 3365 ἔθνους
1550 3302 1767 3373 μακροῦ

166 3390 583 3463 περινοστοῦσιν
632 3390 832 3462 αὐτὴν,
885 3392 962 3455 ὡς
1021 3392 1155 3463 μηδὲ
1208 3393 1476 3462 ποιμένας
1530 3395 1659 3457 τοὺς
1710 3394 1769 3458 ἐξ

180 3481 434 3553 Ἀράϐων
469 3481 855 3551 κατανεμῆσαί
894 3498 946 3534 τι
996 3481 1104 3534 τῶν
1147 3481 1293 3535 ἰδίων
1334 3481 1667 3554 θρεμμάτων
1712 3486 1768 3536 ἐν

168 3574 321 3644 αὑτῇ,
359 3572 455 3625 διά
503 3588 585 3624 τοι
619 3571 680 3624 τὸ
726 3571 1057 3644 ἠρημῶσθαι
1092 3572 1419 3636 παντελῶς-
1460 3573 1656 3626 ’ἰστέον
1688 3574 1765 3639 δὲ,

169 3664 239 3715 ότι
266 3662 342 3715 τά
383 3660 725 3733 Σαρακηνῶν
760 3645 909 3733 ἔθνη,
939 3663 1035 3715 καὶ
1070 3663 1264 3732 μέχρις
1310 3662 1482 3732 αὐτῆς
1513 3663 1771 3735 διήκοντα

170 3752 257 3823 τῆς
302 3751 615 3821 Ἀσσυρίων
653 3751 748 3804 καὶ
780 3752 880 3821 τὴν
930 3753 1189 3805 ἐσωτάτω
1217 3752 1492 3823 νεμόμενα
1538 3753 1767 3825 ἔρημον,

172 3843 419 3917 ’Δραῦας
447 3840 739 3913 ὀνομάζεις
776 3842 993 3911 γείτονα
1022 3843 1133 3913 γάρ
1167 3843 1351 3914 ἔχουσι
1382 3844 1481 3915 τὴν
1522 3844 1771 3915 Ἀράϐων

175 3938 379 4009 χώραν.

238 4049 256 4080 ι
291 4028 409 4082 Καὶ
454 4025 864 4081 ἀναπαύσονται
906 4028 1025 4081 ἐκεῖ
1068 4026 1266 4100 θηρία·
1320 4029 1412 4083 καὶ
1445 4029 1769 4101 ἐμπλησθή-

170 4134 354 4170 σονται
387 4116 446 4167 αἱ
481 4115 647 4169 οἰκίαι
676 4117 845 4187 ήχουο
882 4118 974 4170 καὶ
1003 4119 1411 4174 ἀναπαύσονται
1444 4123 1558 4173 ἐκεῖ
1593 4122 1773 4192 σειρῆ-

170 4226 275 4272 veg,
312 4208 415 4261 καὶ
439 4207 693 4278 δαιμόνια
722 4210 841 4261 ἐκεῖ
870 4210 1221 4281 ὀρχήσονται,
1259 4213 1354 4265 καὶ
1393 4212 1770 4285 ὀνοκένταυροι

172 4304 282 4355 ἐκεῖ
324 4302 789 4372 κατοικήσουσιν·
833 4303 930 4355 καὶ
978 4306 1461 4376 νοσσοποιήσουσιν
1510 4309 1676 4377 ἐχῖνοι
1714 4309 1772 4361 ἐν

171 4398 277 4459 τοῖς
320 4393 501 4456 οἴκοις
539 4393 739 4459 αὐτῶν,
792 4397 929 4466 ταχὺ
980 4396 1199 4470 ἔρχεται
1233 4399 1329 4451 καὶ
1374 4400 1434 4451 οὐ
1481 4402 1703 4470 χρονιεῖ.
1747 4419 1765 4452 ι

172 4487 290 4539 Τῶν
332 4487 436 4556 μὲν
466 4482 560 4540 οὖν
589 4488 815 4559 ήμέρων
844 4489 937 4541 καὶ
968 4489 1204 4558 λογικῶν
1238 4488 1393 4554 ζώων
1428 4492 1634 4562 ἔρημον
1670 4511 1772 4549 κα·-

172 4582 453 4653 ταστήσας
504 4579 959 4651 τὴνιΒαὸυλῶνα,
1005 4583 1156 4637 οὐδὲν
1191 4587 1433 4656 οἰκήσειν
1480 4586 1723 4651 Θεσπίζει
1750 4605 1765 4619 ’

176 4674 339 4746 θηρία
374 4674 434 4727 δέ
485 4690 609 4727 τινα
653 4674 829 4745 ἄδηλα
858 4677 992 4748 ήμῖν
1042 4677 1136 4730 καὶ
1186 4678 1475 4746 ἄγνωστα,
1509 4679 1769 4749 δαίμονάς

175 4785 322 4831 τινας
347 4768 447 4820 καλ⁵
479 4766 766 4837 πνεύματά
790 4786 910 4821 τινα
942 4769 1127 4840 ἀπηνῆ
1150 4770 1243 4822 καὶ
1268 4771 1520 4843 ἀνήμερα
1548 4772 1768 4826 ἔσεσθαι

176 4860 228 4909 ἐν
258 4858 401 4926 αὑτῇ
456 4873 608 4925 φησι.
658 4856 747 4909 Διὸ
797 4858 915 4911 ἀντὶ
956 4858 1074 4924 τοῦ,
1127 4879 1144 4911 ι
1173 4860 1356 4931 θηρία,
1383 4880 1401 4913 ι
1430 4882 1448 4912 ι
1472 4862 1635 4915 σείειν
1660 4883 1677 4914 ι
1721 4865 1770 4916 οἱ

177 4949 353 5004 λοιποὶ
382 4950 720 5021 ἐρμηνευταὶ
747 4949 1075 5004 ἐκδεδώκασι
1095 4969 1107 4981 ο
1140 4953 1234 5005 καὶ
1261 4950 1381 5006 ἀντὶ
1402 4953 1515 5018 τοῦ,
1547 4974 1565 5005 ι
1596 4956 1773 5025 σειρῆ-

178 5059 283 5105 νες,
324 5061 344 5091 ι
379 5060 397 5092 ι
445 5040 978 5115 στρουθοκαμήλους,
1019 5063 1035 5093 ι
1062 5045 1317 5115 εἰρήκασι
1339 5062 1352 5075 '
1388 5046 1480 5098 καὶ
1506 5047 1629 5099 ἀντὶ
1649 5046 1769 5113 τοῦ,

187 5160 205 5183 ι
241 5131 645 5203 δνοκένταυροι,
689 5150 707 5183 ι
753 5151 769 5181 ι
811 5131 996 5195 σείειν,
1037 5153 1053 5183 ι
1094 5135 1429 5207 ἀνέγραψαν,
1462 5138 1597 5208 αὐτῇ
1633 5156 1769 5209 χρη-

183 5225 402 5294 σάμενοι
432 5225 500 5293 τῇ
542 5222 786 5293 Ἐὁραῖδι
831 5227 981 5295 φωνῇ
1013 5225 1101 5277 διὸ.
1128 5226 1189 5279 τὸ
1224 5227 1417 5299 ἄδηλον
1451 5229 1550 5298 τῆς
1593 5232 1769 5301 ἐρμη-

182 5316 344 5377 νείας·
374 5314 515 5369 ἀλλὰ
550 5316 645 5369 καὶ
670 5317 810 5380 ἀντὶ,
842 5317 1331 5389 (ἐχίνων,οὸμοίως
1345 5322 1391 5374 οἱ
1425 5325 1569 5392 τρεῖς
1599 5324 1772 5394 ἐρμη-

182 5408 381 5469 νευταὶ,
419 5427 438 5458 ι
472 5407 731 5478 σειρῆνας
751 5427 822 5469 μ.»
852 5412 1201 5480 ἡρμήνευσαν
1225 5430 1238 5441 ’
1290 5412 1432 5483 τάχα
1448 5432 1547 5467 που
1577 5415 1666 5469 διὰ
1713 5416 1775 5469 τὸ

172 5500 455 5572 ’ἀπατηλὸν
478 5500 588 5554 τῶν
616 5500 877 5553 τοιούτων
900 5501 1189 5572 δαιμόνων.
1234 5505 1387 5558 Ἐπεὶ
1414 5507 1544 5577 παρ’
1582 5507 1775 5579 Ἔλλη-

188 5607 263 5644 σιν
306 5591 580 5663 ήδύφωνοί
627 5608 774 5653 τινος
810 5586 967 5646 αὗται
998 5595 1093 5648 καὶ
1128 5596 1395 5667 ὰπατηλοὶ
1445 5598 1774 5667 γεγενῆσθαι

188 5686 634 5755 μνημονεύονται,
686 5703 707 5734 ε
758 5684 909 5753 Ταχὺ
953 5684 1189 5756 ἔρχεται,
1239 5688 1335 5741 καὶ
1379 5690 1439 5740 ού
1486 5693 1709 5761 χρονιεῖ.
1752 5712 1769 5744 ι

189 5778 356 5843 Ἅπας
373 5797 430 5849 γε
464 5781 576 5851 μὴν
622 5779 718 5831 καὶ
754 5775 1100 5848 νομιζόμενος
1136 5781 1281 5853 παρὰ
1318 5782 1621 5852 ἀνθρώποις
1676 5803 1778 5855 μα·-

1868 3306 2061 3361 perosa
2098 3296 2220 3343 erat
2250 3300 2361 3343 tum
2397 3290 2597 3343 vicinis
2622 3327 2637 3352 ,
2693 3297 2807 3341 tum
2845 3286 3163 3355 lunginquis
3213 3293 3270 3338 ct
3312 3298 3471 3353 pere-

1868 3384 2221 3453 grinantibus
2255 3381 2508 3453 gentibus
2531 3419 2546 3445 ,
2578 3389 2635 3434 ut
2676 3394 2745 3433 ne
2788 3389 3036 3448 pastores
3072 3376 3293 3447 quidem
3329 3375 3471 3429 Ara-

1869 3474 1997 3527 bum
2058 3486 2256 3543 pecora
2316 3485 2414 3526 sua
2478 3471 2589 3526 illic
2636 3468 2893 3540 pascendi
2956 3482 3123 3523 causa
3181 3466 3468 3529 ducerent,

1868 3569 1998 3639 quia
2068 3569 2289 3638 penitus
2348 3568 2564 3621 deserta
2619 3574 2675 3620 et
2728 3563 2933 3618 inculta
2981 3568 3118 3618 erat.
3171 3557 3467 3615 Sciendum

1870 3668 2052 3714 autem
2104 3669 2192 3713 est
2243 3656 2652 3712 Saracenorum
2712 3663 2931 3723 gentes,
2987 3666 3111 3721 quae
3165 3662 3340 3717 usque
3400 3647 3469 3702 ad

1871 3753 2044 3821 ipsam
2076 3751 2428 3822 Assyriorum
2462 3758 2666 3804 terram
2704 3746 3045 3816 pertingunt,
3096 3752 3264 3811 atque
3320 3742 3466 3797 inte-

1871 3846 2075 3899 riorem
2111 3843 2463 3899 solitudinem
2494 3840 2761 3901 incolunt,
2790 3839 3004 3892 Arabas
3045 3837 3133 3891 hic
3157 3835 3467 3905 nominari;

1869 3952 1997 3992 nam
2026 3935 2270 3990 Arabum
2301 3934 2581 4003 regionem
2625 3931 2919 3986 finitimam
2956 3930 3182 3983 habent.

1942 4029 2111 4084 Vens.
2150 4028 2245 4094 ‘21,
2285 4026 2379 4080 22.
2446 4024 2557 4079 «Et
2614 4023 2959 4079 accubabunt
3014 4022 3086 4076 ibi
3140 4023 3366 4087 bestiae;
3415 4030 3472 4076 et

1872 4121 2234 4193 replebuntur
2262 4121 2460 4174 domus
2485 4118 2690 4173 sonitu.
2725 4117 2792 4171 Et
2830 4116 3177 4186 requiescent
3221 4115 3293 4168 ibi
3330 4119 3470 4169 sire-

1872 4230 1994 4279 nes,
2057 4223 2115 4268 et
2162 4212 2435 4266 daemonia
2469 4210 2543 4265 ibi
2607 4209 2909 4274 saltabunt,
2961 4206 3318 4262 onocentauri
3358 4205 3473 4261 illic

1872 4305 2249 4362 habitabunt:
2286 4313 2342 4359 et
2378 4302 2735 4358 nidificabunt
2795 4301 3066 4359 herinacii
3115 4300 3169 4355 in
3220 4300 3476 4355 domibus

1872 4412 2084 4461 eorum,
2131 4396 2240 4451 cito
2290 4395 2491 4461 veniet,
2536 4402 2598 4449 et
2633 4408 2741 4447 non
2800 4392 3055 4447 tardabit.
3090 4410 3108 4443 ι
3172 4391 3470 4459 Postquam

1879 4498 2294 4545 mansuetorum
2337 4496 2393 4543 et
2448 4485 2855 4541 rationabilium
2897 4484 3215 4538 animalium
3241 4500 3471 4539 vacuam

1879 4584 2215 4656 Babylonem
2259 4584 2649 4645 constituerat,
2699 4596 2727 4633 a
2777 4578 2926 4633 nullo
2964 4578 3316 4633 habitandam
3352 4594 3474 4634 esse

1879 4678 2245 4741 vaticinatur;
2296 4674 2392 4729 sed
2441 4674 2705 4743 quasdam
2741 4672 2956 4742 ignotas
2991 4673 3167 4727 nobis
3195 4671 3375 4736 feras,
3420 4680 3478 4725 et

1882 4769 2160 4822 daemones
2188 4765 2459 4836 quosdam
2490 4764 2829 4834 spiritusque
2849 4764 3103 4819 crudeles
3130 4774 3183 4819 et
3207 4766 3476 4822 immanes

1882 4860 1959 4915 ibi
2001 4859 2221 4914 futuros
2252 4873 2375 4913 esse
2400 4857 2496 4911 ait.
2530 4857 2713 4923 Quare
2736 4874 2835 4928 pro
2862 4857 2953 4913 illo
2989 4876 3007 4909 ι
3037 4857 3245 4921 bestias,
3272 4876 3291 4909 ι
3346 4857 3472 4912 relic

1882 4954 1974 5023 qui
2009 4954 2360 5020 interpretes,
2424 4972 2442 5003 ι
2468 4952 2571 5007 siin
2602 4971 2621 5003 ι
2679 4952 3004 5016 ediderunt;
3037 4959 3092 5007 et
3142 4951 3260 5005 loco
3304 4950 3474 5011 illius.

1884 5064 1903 5098 ι
1926 5048 2157 5111 sirenes,
2186 5064 2205 5097 ι
2238 5064 2257 5097 ι
2283 5044 2794 5111 ειτιιιιιοοοιηειοε,ο
2819 5045 3113 5108 dixerunt;
3148 5059 3210 5098 ac
3236 5058 3335 5113 pro
3362 5042 3473 5108 illo,

1895 5156 1913 5189 ι
1940 5138 2315 5200 onocentauri,
2351 5145 2484 5201 Dllv
2525 5137 2670 5203 siim,
2696 5156 2714 5189 ι
2760 5140 2888 5193 item
2939 5137 3281 5204 interpretati
3324 5148 3473 5199 sunt,

1880 5230 1997 5298 ipsa
2031 5230 2113 5285 usi
2151 5227 2420 5285 Hebraica
2457 5244 2611 5292 voce,
2659 5230 2729 5284 ob
2782 5230 3128 5299 significatus
3170 5230 3474 5284 obscurita-

1881 5332 2011 5385 tem,
2048 5326 2159 5378 imo
2190 5324 2357 5376 etiam
2408 5339 2511 5391 pro
2558 5341 2576 5373 ι
2608 5322 2925 5386 herinaciis,
2977 5332 3087 5376 tres
3146 5323 3475 5391 interpretes

1880 5416 2124 5483 pariter,
2184 5433 2203 5466 ι
2237 5416 2446 5469 sirencs
2476 5456 2490 5475 ,
2532 5433 2550 5465 ι
2629 5414 2986 5469 reddiderunt
3036 5434 3049 5469 :
3102 5416 3357 5469 fortassis
3405 5418 3476 5471 ub

1883 5508 2071 5562 talium
2100 5508 2408 5562 daemonum
2443 5509 2895 5563 fraudulentiam.
2928 5509 3061 5562 Nam
3090 5512 3229 5579 apud
3254 5510 3477 5567 Graecos

1883 5600 2102 5655 Sirenes
2178 5599 2475 5655 dulcisonte
2535 5610 2589 5655 et
2645 5599 2868 5656 fallaces
2932 5601 3100 5657 fuisse
3152 5613 3473 5657 narrantur.

1893 5708 1909 5740 ι
1940 5688 2063 5743 Cito
2100 5688 2303 5751 veniet,
2349 5700 2403 5743 et
2437 5704 2545 5745 non
2575 5691 2831 5745 tardabit.
2870 5710 2887 5741 ι
2949 5692 3189 5758 Οιιυάνιε
3241 5702 3476 5757 tempus,

1889 5784 2103 5841 etiamsi
2140 5782 2517 5851 longissimum
2558 5784 2697 5854 apud
2746 5782 2998 5841 homines
3051 5800 3170 5840 esse
3229 5791 3474 5851 putetur,
