4120 6294
702 289 798 347 '9!

1364 274 1628 334 EUSEBII
1665 270 2142 330 CESABIENSIS
2179 266 2274 325 ΟΡ]

2378 263 2544 321 PARS
2584 262 2673 319 111.
2711 293 2781 303 -
2818 255 3226 319 EXECETICA.

3842 244 3955 304 l9!

703 399 1076 457 brevissimum
1110 407 1288 451 tamen
1331 395 1469 462 apud
1531 391 1696 446 Deum
1732 388 1971 457 iudicem
2017 385 2264 441 habetur.

2378 379 2632 449 κρότατος
2652 370 2788 428 εἶναι
2809 373 2996 445 χρόνος
3017 369 3352 440 βραχύτατος
3380 361 3532 462 παρά

703 492 912 550 Etenim
949 489 1093 546 mille
1117 488 1242 542 anni
1268 487 1320 541 in
1352 492 1647 552 conspectu
1677 480 1816 551 ejus,
1860 488 2117 546 tanquam
2147 475 2267 530 dies

707 588 961 637 hesterna
1001 568 1335 652 reputantur,
1367 584 1422 631 et
1460 570 1715 644 tanquam
1747 570 1988 627 custodia
2009 571 2062 623 in
2087 577 2263 622 nocte.

705 677 955 738 Attamen
1010 689 1112 727 non
1147 679 1268 741 post
1309 668 1506 722 multas
1537 679 1802 720 annorum
1849 661 2102 731 periodos
2132 661 2270 713 vati-

703 765 905 820 cinium
941 764 1213 833 impletum
1262 769 1345 815 est
1371 779 1386 815 :
1417 759 1684 830 siquidem
1739 755 1974 827 Babylon
2018 755 2120 808 sub
2155 752 2268 808 Mc-

573 899 577 902 -
664 910 670 914 .
708 861 894 914 dorum
922 855 1144 926 imperio
1169 868 1330 923 supra
1371 859 1666 906 memorata
1692 861 1945 918 perpessa
1974 857 2081 901 est.

1269 943 1497 1000 CAPUT
1567 940 1706 997 XIV.

779 1040 944 1097 Vens.
987 1039 1037 1104 l,
1076 1037 1135 1092 2.
1184 1055 1204 1086 ι
1233 1034 1300 1090 Ει
1332 1033 1678 1088 miserebitur
1705 1031 1964 1086 Dominus
1988 1028 2177 1093 Jacob,
2216 1039 2272 1083 et

706 1133 866 1203 eliget
914 1133 1166 1187 lsraelem
1205 1139 1303 1189 :et
1353 1128 1702 1198 requiescant
1747 1126 1799 1179 in
1849 1135 1995 1179 terra
2040 1139 2160 1190 sua,
2219 1131 2274 1176 et

707 1229 909 1281 advena
932 1225 1249 1294 adiungetur
1275 1221 1354 1275 eis
1372 1259 1389 1284 ,
1416 1231 1471 1274 et
1495 1219 1820 1288 adjungetut'
1849 1216 2029 1270 domui
2062 1213 2254 1270 Jacob.

711 1311 774 1372 Et
801 1316 1067 1384 accipient
1088 1329 1182 1368 eos
1210 1322 1416 1383 gentes,
1443 1320 1498 1365 et
1523 1311 1779 1366 inducent
1806 1309 1857 1362 in
1882 1307 2056 1362 locum
2081 1321 2271 1361 suum:

706 1420 762 1464 et
783 1409 1131 1480 possidebunt
1158 1415 1214 1460 et
1249 1404 1758 1473 multiplicabuntur
1789 1415 1954 1470 super
1978 1411 2176 1454 terram
2219 1400 2272 1454 in

708 1515 894 1556 servos
935 1509 991 1552 et
1025 1497 1270 1559 ancillas,
1330 1505 1384 1551 et
1437 1503 1594 1549 erunt
1643 1493 1843 1560 captivi
1903 1493 1995 1561 qui
2035 1493 2278 1560 captivos

709 1599 966 1659 ceperant
993 1604 1108 1652 eos,
1141 1599 1196 1642 et
1223 1587 1520 1642 dominatni
1559 1600 1749 1638 eorum
1785 1584 2138 1651 subjicieutur
2186 1585 2274 1651 qui

708 1681 1408 1737 dominatumobtinuerant
1438 1681 1489 1733 in
1513 1695 1627 1732 eos.
1657 1697 1677 1730 ι
1732 1675 2140 1746 Couscquenter
2174 1678 2275 1745 igi-

710 1784 794 1828 tttr
824 1786 942 1844 post
963 1788 1049 1839 ea,
1073 1790 1192 1844 quze
1222 1783 1408 1828 contra
1459 1771 1781 1842 Babylonem
1815 1773 1958 1826 dicta
1995 1780 2160 1837 sunt,
2191 1774 2274 1828 bis

707 1861 922 1918 .ludaici
953 1865 1132 1934 pupuli
1164 1880 1228 1918 ex
1261 1864 1475 1917 inimica
1500 1872 1644 1916 terra
1681 1864 1733 1917 in
1761 1861 2059 1916 Jerusalem
2092 1878 2278 1918 rever—

709 1957 935 2018 sionem,
972 1973 1092 2024 qua:
1119 1959 1218 2010 sub
1259 1957 1401 2026 Cyro
1439 1956 1690 2025 contigit,
1738 1955 2012 2026 siguilicat
2042 1972 2056 2009 :
2087 1955 2273 2009 decla-

709 2064 837 2103 rans
864 2049 982 2104 iure
1016 2049 1176 2127 utilii
1205 2062 1328 2119 post
1367 2049 1600 2103 reditum
1635 2049 1686 2100 iu
1728 2049 1949 2116 regione
1989 2061 2085 2102 sua
2121 2049 2277 2117 quie-

706 2148 884 2205 scant,
914 2149 968 2194 et
994 2140 1202 2196 advena
1232 2140 1362 2209 ipsis
1400 2139 1747 2208 adiungatur.
1797 2140 1901 2194 Pro
1940 2139 2031 2194 illo
2072 2148 2274 2204 autem,

711 2249 732 2283 ι
755 2232 982 2298 advena,
1012 2251 1030 2284 ι
1060 2231 1249 2302 reliqui
1281 2235 1626 2298 interpretes,
1667 2251 1686 2285 ι
1713 2232 2019 2303 proselytus
2048 2250 2068 2284 ι
2105 2234 2276 2287 inter-

708 2324 903 2393 pretati
935 2333 1078 2380 sunt.
1123 2323 1218 2380 Sic
1259 2328 1404 2380 enim
1437 2328 1512 2382 ait
1548 2343 1641 2383 eos
1697 2330 1749 2381 iu
1815 2339 1956 2381 terra
2007 2341 2103 2381 sua
2161 2342 2274 2382 rem

709 2429 968 2484 prospere
1022 2428 1288 2488 gesturos,
1349 2429 1411 2473 ut
1456 2421 1616 2473 etiam
1657 2419 1973 2490 alienigena:
2034 2421 2274 2491 ipsorum

712 2504 1024 2571 religionem
1058 2507 1467 2576 amplectantur,
1497 2525 1563 2564 ac
1585 2511 1841 2582 proselyti
1879 2510 2032 2579 (lant,
2066 2512 2276 2569 domui-

707 2607 815 2669 que
838 2595 1009 2653 Jacob
1039 2597 1388 2668 adjiciantur.

779 2855 950 2914 Ἴης.
986 2858 1042 2923 5,
1082 2857 1137 2913 ι.
1184 2877 1202 2909 ι
1231 2858 1297 2914 Et
1326 2860 1432 2915 erit
1478 2859 1531 2914 in
1577 2859 1665 2914 die
1705 2859 1794 2914 illa
1845 2862 2194 2932 requiescere
2226 2873 2278 2920 te

713 2950 884 3006 faciet
917 2951 1059 3006 Deus
1092 2966 1122 3004 a
1155 2953 1341 3006 dolore
1371 2961 1463 3016 tuo
1485 2961 1540 3007 et
1571 2954 1637 3007 ab
1667 2955 1746 3006 ira
1779 2964 1866 3007 tua
1887 2993 1903 3018 ,
1934 2963 1990 3008 et
2026 2971 2058 3008 a
2102 2955 2277 3010 servi-

714 3054 825 3100 tute
844 3052 936 3099 tua
964 3045 1118 3109 dura,
1146 3059 1250 3114 qua
1280 3045 1548 3099 servivisti
1571 3045 1651 3099 eis
1673 3061 1689 3098 :
1711 3057 1764 3101 et
1792 3061 1973 3100 sumes
2000 3045 2272 3112 planctum

713 3135 857 3190 hunc
906 3150 1069 3204 super
1123 3151 1304 3206 regem
1363 3133 1689 3205 Babylonis:
1727 3156 1747 3189 ι
1799 3152 1923 3191 nam
1983 3135 2162 3192 Persa:
2221 3147 2276 3190 et

710 3221 888 3289 Medi,
949 3223 1297 3295 Assyriorum
1359 3225 1584 3294 imperio
1646 3236 1703 3282 et
1774 3227 1908 3295 ipsis
1966 3227 2281 3298 Babyloniis

710 3311 771 3369 in
795 3313 1114 3370 servitutem
1143 3317 1399 3385 redactis,
1428 3334 1524 3375 eos
1552 3335 1661 3375 sua:
1699 3320 1889 3375 dltioni
1926 3323 2275 3392 subegerunt.

788 3490 954 3550 Vitas.
994 3494 1110 3550 5-8.
1155 3515 1175 3548 ι
1201 3495 1267 3556 Et
1292 3497 1441 3554 dices
1466 3497 1520 3552 in
1564 3496 1652 3553 die
1684 3497 1770 3552 illa
1796 3539 1812 3566 ,
1847 3498 2127 3565 Quomodo
2166 3514 2284 3556 ces-

714 3586 856 3641 savit
912 3599 1155 3653 exactor,
1209 3599 1266 3646 et
1314 3593 1549 3646 cessavit
1599 3591 1963 3647 sollicitatur?
2012 3590 2282 3646 Contrivit

717 3675 979 3734 Dominus
1017 3679 1204 3748 iugum
1259 3693 1649 3750 peccatorum,
1696 3680 1884 3752 iugum
1933 3682 2279 3751 principum,

718 3772 1032 3840 percutiens
1064 3782 1281 3841 gentem
1332 3773 1438 3838 ira,
1477 3776 1632 3845 plaga
1687 3774 1997 3830 insanabili.
2054 3772 2282 3829 Feriens

713 3867 928 3926 gentem
960 3858 1112 3930 plaga
1143 3861 1257 3925 iras,
1297 3876 1402 3916 non
1430 3863 1707 3932 pepercit:
1731 3862 1998 3931 requievit
2024 3862 2114 3932 qui
2142 3877 2281 3916 con-

717 3952 858 4008 ldit.
905 3950 1097 4010 Omnis
1150 3963 1296 4009 terra
1333 3953 1531 4010 clamat
1569 3971 1694 4011 cum
1751 3956 1961 4011 latitia.
2015 3957 2083 4011 Et
2134 3956 2280 4027 ligna

715 4043 907 4102 Libani
935 4047 1113 4100 laetata
1152 4056 1278 4101 sunt
1301 4062 1464 4117 super
1501 4057 1553 4101 te
1577 4088 1591 4113 ,
1622 4057 1676 4101 et
1705 4049 1902 4103 cedrus
1929 4047 2121 4103 Libani
2159 4066 2173 4101 :
2213 4063 2280 4103 ex

713 4153 825 4210 quo
878 4147 934 4194 tu
987 4139 1318 4203 dormivisti,
1377 4141 1782 4203 nonascendit
1839 4140 1930 4211 qni
1977 4143 2282 4198 succideret

712 4250 834 4292 nos.
863 4254 884 4288 ι
917 4235 1074 4292 Cedri
1116 4235 1280 4305 igitur
1305 4245 1357 4291 et
1383 4236 1539 4304 pinus
1565 4237 1856 4290 secundum
1889 4235 2276 4308 Symmachum

712 4342 928 4396 rursum
989 4328 1300 4398 allegorice,
1366 4337 1629 4400 tyrannos
1680 4327 1945 4397 quosdam
2010 4331 2280 4400 superbos

2367 470 2690 538 λελόγισται.
2726 466 2887 520 Χίλια
2919 459 3014 518 οὖν
3050 461 3147 532 ἐτη
3181 458 3413 514 ἐνώπιον
3449 453 3615 508 αὐτοῦ
3646 452 3720 516 ὡς
3761 451 3955 522 ἡμέρα.

2367 559 2401 627 ή
2428 556 2552 626 χθὲς
2575 554 2902 622 λελόγισται,
2925 550 3020 605 καὶ
3047 548 3122 612 ὡς
3150 546 3364 618 φυλακὴ
3391 547 3449 600 ἐν
3473 542 3646 598 νυκτί.
3675 540 3835 594 Ἀλλά
3850 545 3955 594 καὶ

2367 651 2468 703 οὑκ
2502 650 2582 712 είς
2613 647 2857 718 μακροὺς
2896 644 3006 698 τῶν
3037 643 3244 714 χρόνων
3276 639 3510 703 κύκλους
3543 636 3642 708 τῆς
3668 633 3955 697 ἐκϐάσεως

2368 743 2438 795 τὰ
2463 738 2821 794 θεσπισθέντα
2847 737 3025 808 ἔτυχε,
3048 733 3116 788 τά
3147 730 3529 805 προρρηθέντα
3552 726 3828 798 παθούσης
3845 722 3954 796 τῆς

2373 835 2686 900 Βαϐυλῶνος
2718 835 2811 888 ἐπὶ
2843 834 2941 905 τῆς
2975 831 3174 902 Μήδων
3201 827 3396 898 ἀρχῆς.

2902 919 3297 976 ΚΕΦΛΔΑΙΟΝ
3322 919 3417 971 1Δ’.

2447 1038 2467 1071 ι
2516 1017 2628 1072 Καὶ
2670 993 2883 1087 ἐλεήσει
2925 1014 3128 1085 Κύριος
3165 1011 3256 1064 τὸν
3300 1007 3513 1068 Ἰακὼϐ,
3545 1006 3640 1062 καὶ
3673 1005 3958 1073 ἐκλέξεται

2373 1112 2452 1165 ἔτι
2485 1111 2574 1165 τὸν
2619 1109 2856 1181 Ἰσραὴλ,
2892 1108 2986 1160 καὶ
3019 1104 3423 1159 ἀναπαύσονται
3469 1101 3560 1154 ἐπὶ
3584 1101 3682 1170 τῆς
3716 1097 3820 1167 γῆς
3852 1097 3959 1150 αὑ·-

2372 1204 2503 1268 τῶν,
2534 1202 2628 1256 καὶ
2658 1202 2687 1254 6
2710 1198 2947 1272 γειώρας
2974 1196 3404 1273 προστεθήσεται
3429 1191 3567 1264 πρὸς
3599 1190 3793 1253 αὐτούς
3811 1206 3824 1219 ·
3857 1188 3960 1241 καὶ

2377 1293 2808 1365 προστεθήσεται
2842 1292 2982 1363 πρὸς
3011 1291 3102 1344 τὸν
3125 1285 3272 1342 οἶκον
3311 1285 3522 1340 Ἰακώϐ.
3556 1285 3665 1338 Καὶ
3691 1282 3960 1353 λήψονται

2376 1382 2571 1445 αὐτοὺς
2595 1380 2744 1447 ἔθνη,
2775 1380 2868 1434 καὶ
2891 1378 3196 1445 είσάξουσιν
3226 1379 3304 1439 εἰς
3323 1375 3415 1436 τὸν
3443 1375 3605 1428 τόπον
3628 1373 3826 1436 αὐτῶν,
3855 1371 3964 1423 καὶ

2379 1473 2989 1544 κατακληρονομήσουσι
3011 1510 3026 1532 ,
3072 1470 3166 1523 καὶ
3211 1467 3673 1538 πληθυνθήσονται
3717 1465 3808 1518 ἐπὶ
3855 1462 3962 1534 τῆς

2379 1565 2481 1634 γῆς
2509 1565 2585 1625 είς
2618 1562 2835 1623 δούλους
2869 1560 2963 1614 καὶ
2998 1557 3208 1623 δούλας,
3244 1559 3340 1612 καὶ
3372 1557 3581 1610 ἔσονται
3620 1554 3961 1626 αἰχμάλωτοι

2381 1657 2430 1708 oi
2462 1653 3002 1726 αίχμαλωτεύσαντες
3045 1654 3264 1715 αὐτοὺς,
3296 1651 3392 1704 καὶ⁸
3428 1648 3872 1722 κυριευθήσονται
3903 1648 3963 1700 οι

2383 1746 2767 1819 κυριεύσαντες
2807 1743 3024 1807 αύτούς.
3062 1763 3080 1795 ι
3136 1742 3464 1804 Ἀκολούθως
3499 1739 3679 1794 τοίνυν
3714 1737 3852 1809 μετά
3885 1736 3967 1789 τὰ

2379 1836 2743 1906 προλεχθέντα
2790 1834 2932 1887 κατά
2969 1833 3068 1902 τῆς
3095 1829 3446 1893 Βαϐυλῶνος,
3477 1828 3566 1881 διὰ
3609 1825 3814 1880 τούτων
3855 1821 3967 1894 τὴν

2376 1934 2469 1986 ἐπὶ
2502 1932 2685 2003 Κύρου
2719 1930 3014 2000 γενομένην
3047 1924 3381 1998 ἐπιστροφὴν
3408 1923 3501 1977 τοῦ
3531 1923 3642 1976 τῶν
3683 1917 3965 1975 Ἰουδαίων

2365 2024 2506 2079 λαοῦ
2531 2024 2627 2094 τὴν
2651 2023 2758 2076 ἀπὸ
2781 2023 2878 2092 τῆς
2910 2021 3175 2090 πολεμίας
3199 2019 3294 2073 ἐπὶ
3318 2017 3417 2088 τὴν
3470 2014 3826 2090 Ἰερουσαλὴμ
3858 2029 3971 2084 σηο

2380 2118 2578 2189 μαίνει,
2609 2114 2895 2177 διδάσκων,
2937 2113 3014 2176 ὡς
3055 2111 3458 2165 ἀναπαύσονται
3496 2108 3589 2162 ἐπὶ
3620 2109 3718 2179 τῆς
3746 2105 3970 2161 ἑαυτῶν

2377 2205 2558 2277 χώρας
2583 2201 2999 2266 ἐπανελθόντες,
3033 2201 3128 2255 καὶ
3159 2200 3235 2264 ὡς
3278 2199 3306 2251 6
3326 2198 3562 2269 γειώρας
3596 2194 3973 2268 προστεθήσε-

2375 2314 2462 2350 ται
2501 2296 2700 2358 αύτοίς.
2748 2295 2894 2347 Ἀντὶ
2935 2293 2991 2347 δέ
3021 2291 3138 2356 τοῦ,
3190 2311 3208 2343 ι
3249 2293 3279 2344 6
3318 2289 3576 2361 γειὼρας,
3631 2307 3650 2340 ι
3689 2288 3739 2341 οἱ
3772 2284 3971 2340 λοιποὶ

2376 2388 2738 2461 ἐρμηνευταὶ,
2778 2406 2797 2438 ι
2855 2387 2885 2439 6
2934 2385 3272 2457 προσήλυτος
3319 2403 3336 2436 ι
3378 2384 3746 2454 ήρμήνευσαν.
3796 2377 3973 2443 οὕτω

2376 2481 2485 2552 γάρ
2525 2476 2584 2535 εὖ
2627 2479 2853 2552 πράξειν
2877 2480 3074 2543 αὐτοὺς
3107 2478 3201 2532 ἐπὶ
3245 2477 3345 2547 τῆς
3379 2474 3586 2529 ἐαυτῶν
3623 2474 3726 2545 γῆς
3766 2488 3967 2542 φησιν,

2377 2572 2453 2635 ὼς
2485 2572 2580 2625 καὶ
2616 2569 2944 2639 ἀλλοφύλους
2984 2566 3400 2639 ἀντιποιηθῆναι
3428 2565 3527 2636 τῆς
3569 2563 3745 2619 αὐτῶν
3779 2562 3972 2617 θεοσε-

2378 2665 2550 2727 ϐείας,
2595 2661 2848 2732 γενέσθαι
2890 2679 2949 2714 τι
2992 2659 3396 2732 προσηλύτους,
3450 2659 3546 2711 καὶ
3591 2653 3967 2728 προστεθῆναι

2377 2755 2455 2826 τῷ
2478 2755 2609 2825 οἴκῳ
2647 2751 2861 2826 Ἰακώϐ,

2457 2866 2475 2898 ι
2519 2848 2628 2900 Καὶ
2648 2845 2799 2898 ἔσται
2835 2846 2892 2898 ἐν
2928 2845 2997 2915 τῇ
3034 2843 3218 2914 ήμέρᾳ
3261 2840 3478 2911 ἐκείνῃ,
3513 2835 3815 2893 ἀναπαύσει
3848 2835 3968 2889 Κύ-

2382 2939 2496 3012 ριός
2537 2957 2596 2993 σε
2631 2938 2740 2992 ἀπὸ
2766 2937 2863 3008 τῆς
2891 2936 3086 3008 ὀδύνης
3120 2935 3214 2989 καὶ
3243 2933 3337 2988 τοῦ
3379 2931 3554 3003 θυμοῦ
3597 2929 3822 2992 σου,.καὶ
3855 2929 3965 3000 τῆς

2379 3031 2619 3095 δουλείας
2648 3046 2741 3083 σου
2784 3029 2881 3098 τῆς
2934 3027 3210 3097 σκληρᾶς,
3236 3020 3304 3096 ἧς
3343 3022 3664 3086 ἐδούλευσας
3688 3062 3703 3085 ,
3732 3021 3922 3084 αὐτοῖς
3944 3038 3960 3052 ·

2382 3127 2475 3179 καὶ
2519 3123 2665 3197 λήψῃ
2709 3122 2800 3175 τὸν
2844 3120 3038 3192 θρῆνον
3085 3117 3271 3172 τοῦτον
3319 3116 3413 3170 ἐπὶ
3459 3115 3681 3185 βασιλέα
3716 3113 3970 3168 Βαϐυλῶ-

2382 3233 2499 3280 νος·
2559 3235 2578 3268 ι
2633 3214 2841 3286 Πέρσαι
2883 3211 2992 3283 γὰρ
3043 3209 3134 3264 καὶ
3183 3209 3376 3279 Μῆδοι,
3417 3209 3600 3269 πᾶσαν
3656 3206 3969 3281 Ἀσσυρίων

2381 3309 2584 3382 ἀρχὴν,
2622 3307 2716 3361 καὶ
2760 3306 2956 3369 αὐτοὺς
3002 3302 3127 3367 τοὺς
3169 3299 3566 3364 Βαϐυλωνίους,
3611 3297 3969 3370 ὑποχειρίους

2380 3401 2654 3462 λαϐόντες,
2683 3399 2749 3468 τῇ
2782 3395 2992 3451 ἐαυτῶν
3017 3392 3288 3458 ὑπέταξαν
3319 3392 3566 3462 δυνάμει.

2458 3509 2477 3541 ι
2515 3488 2624 3542 Καὶ
2657 3488 2799 3558 ἐρεῖς
2823 3488 2882 3539 ἐν
2913 3487 2981 3556 τῇ
3014 3484 3196 3556 ήμέρᾳ
3223 3482 3440 3554 ἐκείνῃ·
3484 3480 3609 3545 Πῶς
3634 3481 3960 3536 ἀναπέπαυ-

2381 3599 2472 3636 ται
2502 3583 2531 3634 ό
2565 3578 2839 3642 ἀπαιτῶν,
2876 3577 2971 3630 καὶ⁵
3011 3574 3390 3629 ἀναπέπαυται
3430 3575 3460 3628 6
3492 3573 3965 3648 ἐπιστωυδαστήςς

2383 3669 2674 3744 Συνέτριψε
2715 3669 2919 3741 Κύριος
2962 3667 3055 3721 τὸν
3087 3664 3249 3734 ζυγδν
3291 3663 3401 3718 τῶν
3452 3664 3808 3738 ἁμαρτωλῶν,
3864 3665 3968 3721 τὸν

2383 3763 2544 3832 ζυγὸν
2583 3762 2694 3817 τῶν
2733 3761 3029 3832 ἀρχόντων,
3077 3758 3322 3825 πατάξας
3370 3757 3524 3822 ἔθνος
3568 3756 3726 3830 θυμῷ
3773 3758 3966 3832 πληγῇ
4058 3786 4066 3794 ,

2382 3857 2604 3926 ἀνιάτῳ.
2635 3854 2819 3907 Παίων
2844 3850 2995 3915 ἔθνος
3018 3848 3232 3920 πληγὴν
3267 3847 3464 3920 θυμοῦ,
3494 3849 3530 3920 ἢ
3557 3847 3657 3902 οὐκ
3676 3846 3962 3916 ἐφείσατο,

2381 3945 2727 4002 ἀνεπαύσατο
2765 3941 3061 4006 πεποιθώς.
3099 3941 3256 3994 Πᾶσα
3287 3941 3322 4011 ή
3359 3940 3430 4012 γῆ
3478 3938 3578 4011 βοᾷ
3616 3941 3732 4011 μετ’
3767 3938 3968 4012 εὐφρο-

2386 4039 2569 4110 σύνης.
2601 4037 2714 4091 Καὶ
2743 4035 2812 4090 τά
2856 4033 2988 4103 ξύλα
3029 4031 3124 4086 τοῦ
3155 4032 3388 4087 Λιϐάνου
3430 4029 3816 4104 εύφράνθησαν
3863 4032 3963 4086 ἐπὶ

2385 4131 2490 4194 σοὶ,
2526 4130 2678 4202 καὶή
2710 4127 2899 4200 κέδρος
2929 4124 3024 4180 τοῦ
3057 4124 3324 4181 Διϐἀνου’
3364 4125 3457 4195 ἀφ’
3482 4117 3544 4177 οὗ
3590 4124 3654 4177 σὺ
3696 4122 3966 4194 κεκοίμη-

2383 4241 2491 4285 σαι,
2522 4222 2624 4275 οὐκ
2658 4219 2828 4290 ἀνέϐη
2862 4223 2892 4273 6
2918 4218 3148 4273 κόπτων
3164 4219 3332 4288 ἡμᾶς.
3370 4236 3389 4268 ι
3423 4217 3621 4289 Κέδροι
3654 4218 3834 4270 τοίνυν
3862 4216 3963 4270 καὶ

2381 4314 2590 4377 πίτυες,
2631 4311 2773 4366 κατά
2799 4311 2891 4366 τὸν
2932 4310 3228 4382 Σύμμαχον
3265 4309 3427 4365 πόλιν
3469 4309 3844 4381 ἀλληγορικῶς
3869 4326 3964 4364 τυ-

711 4399 1039 4489 signiiieant,
1098 4435 1128 4475 a
1189 4419 1482 4490 Babylonia
1531 4420 1805 4482 obsessos,
1861 4430 1918 4475 et
1977 4439 2006 4476 a
2059 4399 2274 4494 propria

2385 4408 2607 4481 ράννους
2637 4404 2789 4468 τινὰς
2815 4403 3163 4474 ἐπηρμένους
3197 4403 3573 4474 σημαίνουσιν,
3603 4401 3705 4456 ὑπὸ
3724 4401 3826 4472 τῆς
3850 4401 3962 4458 Βα-

714 4514 936 4580 regione
964 4515 1207 4567 succisos
1228 4553 1244 4578 ,
1291 4527 1428 4583 quos
1457 4517 1523 4567 de
1558 4502 1801 4581 praedicti
1857 4492 2274 4586 Babyloniorum

2385 4498 2650 4560 ϐυλωνίας
2671 4492 3144 4566 πολιορκηθέντας
3181 4495 3275 4548 καὶ
3298 4495 3396 4566 τῆς
3425 4495 3630 4558 οἰκείας
3659 4493 3963 4548 ἀποκοπέν-

714 4605 857 4674 regis
884 4604 1038 4660 ruina
1067 4582 1750 4675 gaudereiconsentaueum
1789 4617 1929 4662 erat.
1969 4582 1983 4586 ⁷

2383 4609 2480 4656 τας
2503 4590 2715 4662 χώρας·
2744 4587 2835 4654 οὓς
2877 4587 3024 4651 είκδς
3054 4582 3123 4658 ἦν
3158 4586 3484 4658 ἐπιχαρῆναι
3510 4589 3579 4658 τῇ
3615 4583 3820 4639 πτώσει
3856 4584 3959 4640 τοῦ

2382 4679 2540 4753 δήλου
2548 4679 2728 4752 μένου.
3469 4721 3478 4731 ,

782 4781 949 4838 Vens.
987 4781 1041 4839 9.
1079 4799 1100 4834 ι
1138 4781 1381 4837 lnl‘ernus
1405 4782 1588 4837 subter
1619 4781 1974 4837 exacerbatus
1996 4791 2079 4837 est
2093 4795 2274 4837 occur-

2455 4791 2474 4824 ι
2519 4772 2687 4844 ’ᾼδης
2714 4769 2957 4825 κάτωθεν
2984 4767 3286 4840 ἐπικράνθη
3312 4768 3652 4838 συναντήσας
3675 4784 3756 4821 σοι
3777 4784 3792 4798 ·
3832 4784 3960 4822 συν-

710 4888 840 4930 rens
867 4873 1006 4928 tibi:
1044 4873 1202 4928 simul
1230 4872 1452 4927 excitati
1491 4881 1614 4927 sunt
1660 4874 1754 4929 tibi
1799 4885 1990 4927 omnes
2033 4873 2274 4942 gigantes

2379 4861 2690 4935 ηγέρθησάν
2742 4879 2823 4915 σοι
2878 4860 3078 4923 πάντες
3103 4861 3152 4914 oi
3198 4859 3452 4929 γίγαντες
3487 4860 3538 4912 oi
3570 4857 3829 4930 ἄρξαντες
3856 4861 3960 4931 τῆς

714 4966 807 5039 qui
837 4976 994 5021 terra
1018 4965 1391 5036 imperarunt,
1430 4965 1519 5034 qui
1582 4965 1892 5020 excitarunt
1945 4978 2012 5018 ex
2064 4962 2274 5018 tbronis

2381 4953 2503 5024 γῆς,
2530 4954 2578 5007 οἱ
2604 4952 2914 5022 ἐγείραντες
2937 4952 3002 5003 ἐκ
3028 4947 3137 5002 τῶν
3166 4948 3372 5020 θρόνων
3405 4947 3582 5003 αὐτῶν
3609 4947 3815 5012 πάντας
3859 4948 3961 5018 βα-

716 5057 830 5111 suis
861 5070 1048 5111 omnes
1079 5070 1233 5125 reges
1274 5055 1536 5125 gentium.
1576 5072 1598 5107 ι
1630 5052 1736 5110 Nos
1759 5069 1977 5124 quoque
2015 5053 2139 5124 jure
2183 5052 2274 5107 Sa-

2384 5045 2549 5109 σιλεῖς
2582 5043 2772 5098 ἐθνῶν.
2821 5062 2840 5095 ι
2894 5041 3154 5114 Ἐροῦμιν
3191 5041 3250 5095 δέ
3287 5041 3379 5096 καὶ
3419 5043 3580 5112 ήμεῖς
3615 5043 3841 5104 εἰκότως
3876 5043 3960 5115 τῷ

714 5161 854 5203 tana:
880 5149 1144 5212 dicemus,
1170 5153 1262 5218 qui
1312 5147 1440 5203 olim
1474 5147 1693 5217 quidem
1750 5148 1816 5203 ab
1865 5146 1956 5202 illo
2004 5143 2274 5201 devastati

2382 5137 2614 5207 Σατανᾷ,
2655 5135 2706 5189 οἱ
2741 5132 2907 5188 πάλαι
2956 5133 3054 5204 μὲν
3091 5133 3219 5204 παρ’
3251 5132 3462 5186 ἐκείνου
3509 5131 3916 5205 πεπορθημένοι
3938 5153 3955 5166 ·

714 5254 941 5306 sumus;
973 5239 1068 5295 sed
1094 5239 1303 5294 ﬁrmam
1330 5241 1546 5295 demum
1590 5240 1641 5294 in
1682 5237 1900 5296 Christo
1951 5238 2274 5294 sententiain

2378 5229 2586 5301 ἐδραῐον
2614 5226 2671 5282 δέ
2698 5225 2886 5307 λοιπὸν
2916 5223 3207 5297 ἐσχηκότες
3247 5226 3305 5277 ἐν
3331 5222 3551 5295 Χριστῷ
3577 5225 3640 5278 τὸ
3673 5225 3959 5307 φρόνημα,

717 5331 1050 5396 retinuitnus,
1079 5339 1426 5401 mentemque
1452 5331 1520 5386 ad
1560 5331 1819 5400 pietatem
1852 5330 2024 5388 solide
2061 5330 2276 5385 radica-

717 5433 848 5484 tam.
877 5437 1079 5492 corque
1100 5421 1536 5480 lioridissitnum:
1575 5438 1595 5474 ι
1633 5419 1713 5476 Ex
1733 5436 1842 5492 quo
1864 5432 1920 5476 tu
1947 5420 2275 5487 dormivisti,

716 5530 822 5572 non
855 5515 1097 5571 ascettdit
1121 5515 1212 5586 qui
1238 5515 1542 5571 succideret
1580 5529 1698 5570 nos.
1733 5534 1753 5568 ι

785 5605 949 5661 Vua.
967 5607 1151 5663 10-12.
1183 5623 1203 5658 ι
1224 5603 1424 5663 Omnes
1436 5606 1836 5679 respondebunt
1856 5615 1910 5662 et
1931 5604 2112 5662 dicent
2137 5604 2232 5660 tibi
2254 5622 2268 5660 :

716 5693 784 5753 Et
811 5706 866 5753 tu
892 5705 1082 5766 captus
1113 5711 1174 5754 es
1195 5697 1337 5756 sicut
1363 5704 1418 5752 et
1443 5710 1545 5755 nos
1580 5711 1598 5753 :
1627 5696 1688 5755 ia
1726 5694 1882 5756 nobis
1906 5705 2088 5754 autem
2115 5709 2273 5766 repu-

2382 5321 2478 5376 καὶ
2521 5318 2646 5375 νοῦν
2699 5306 2797 5383 είς-
2825 5317 3109 5373 εὐσέϐειαν
3150 5315 3368 5388 ἀσφαλῆ
3419 5316 3513 5369 καὶ
3566 5306 3957 5388 ἐρῤιζωμένον,

2380 5414 2478 5467 καὶ
2517 5411 2744 5484 καρδίαν
2775 5410 3173 5482 εὐθαλεστάτην
3191 5427 3204 5439 ·
3241 5427 3260 5461 ι
3283 5409 3400 5478 Ἀφ’
3421 5403 3483 5463 οὗ
3514 5410 3578 5464 σὺ
3600 5407 3957 5481 κεκοίμησαι,

2381 5507 2482 5561 οὐκ
2507 5505 2675 5576 ἀνέϐη
2705 5506 2736 5559 6
2773 5502 2986 5558 κόπτων
3021 5504 3193 5575 ἡμᾶς.
3228 5521 3246 5554 ι

2458 5619 2477 5652 ι
2517 5600 2722 5663 Πάντες
2755 5595 3213 5670 ἀποκριθήσονται
3249 5596 3345 5650 καὶ
3375 5593 3560 5668 ἐροῦσί
3600 5609 3700 5648 σοι·
3733 5593 3844 5649 Καὶ
3887 5595 3958 5651 σὺ

2381 5693 2573 5761 ιὰλως,
2604 5691 2790 5760 ῶσπερ
2816 5691 2909 5746 καὶ
2953 5689 3133 5759 ἡμεῖς’
3175 5690 3234 5744 ἐν
3272 5689 3402 5757 ἡμῖν
3445 5687 3503 5744 δέ
3544 5684 3952 5755 κατελογίσθης.
