4120 6294
162 485 389 557 Wa;
418 484 498 545 είς
518 480 698 555 ᾇδουή
728 476 861 543 δόξα
892 490 1012 540 σου,
1037 476 1072 546 ή
1095 473 1267 545 πολλὴ
1290 467 1600 542 εὐφροσύνη
1634 482 1754 520 σου.
1789 464 1833 520 Α

170 580 472 639 Teuma-un
512 594 606 633 σου
647 570 959 645 στρώσουσι
1014 567 1199 641 σῆψιν,
1238 567 1341 631 ,καὶ
1399 563 1463 619 τὸ
1509 560 1757 618 κατακά-

161 674 363 747 λυμμά
400 690 495 726 σου
529 664 771 737 σκώληξ.
824 661 955 725 Πῶς
1001 658 1261 726 ἰξέπεσεν
1306 657 1372 711 ἐκ
1401 654 1497 709 τοῦ
1527 650 1759 726 οὐρανοῦ

161 770 190 823 ό
579 760 610 813 ὸ
642 754 790 829 πρωῒ
823 750 1160 808 ἀνατέλλωνς
1181 745 1472 819 συνετρίϐη
1490 744 1627 817 πρὸς
1661 743 1762 815 τὴν

163 850 710 931 γῆνόάποστέλλων
756 846 895 919 πρὸς
952 844 1133 899 πάντα
1178 842 1249 897 τά
1288 839 1452 912 ἐθνης
1491 858 1511 891 ι
1550 838 1615 892 Oi
1663 835 1762 909 μέν

166 930 258 1005 ἐπὶ
276 949 388 1019 γῆς
409 947 583 1007 δντες,
621 940 776 1013 φησὶ,
799 937 869 992 τά
891 936 1148 1007 ἀνωτέρω
1166 930 1436 1004 είρημένα
1471 930 1758 1001 φήσουσιν·

167 1043 295 1099 alii
322 1042 419 1096 τὸν
452 1033 793 1108 ἀνθρώπινον
826 1029 1236 1095 ἀπαλλάξαντες
1275 1025 1411 1096 βίον,
1442 1023 1532 1078 καὶ
1573 1020 1764 1091 ὥσπερ

169 1136 228 1191 ἐν
246 1135 481 1206 δεσμοῖς
508 1133 623 1194 τοῖς
644 1127 740 1182 τοῦ
775 1126 902 1201 ᾅδου
940 1120 1160 1196 χωρίοις
1190 1114 1633 1188 ἀπολειφθέντες,
1673 1113 1767 1169 καὶ

170 1229 330 1283 αὐτοὶ
368 1227 438 1296 τῇ
480 1220 727 1293 ἀπωλείᾳ
780 1216 946 1274 αὑτοῦ
1000 1214 1216 1280 λέξουσι
1256 1211 1328 1267 τά
1369 1208 1764 1281 ἐπιφερόμενα.

170 1320 392 1381 “ao-ac
421 1316 481 1371 δέ
501 1314 629 1378 τοὺς
655 1314 776 1367 ἐκεῖ
798 1313 1007 1375 πάντας
1037 1309 1067 1363 ό
1102 1308 1259 1381 ᾅδης,
1296 1306 1392 1361 καὶ
1422 1304 1456 1375 ή
1482 1300 1769 1373 ἐφεστῶσα

170 1414 294 1476 ταῖς
341 1409 455 1463 τῶν
496 1405 839 1477 τεθνηκότων
878 1402 1075 1474 ψυχαῖς
1128 1399 1379 1471 δύναμις.
1436 1394 1630 1465 ῶσπερ
1684 1408 1770 1455 τις

176 1789 264 1837 τας
289 1769 389 1825 τοῦ
414 1768 620 1823 οίιιείου
667 1765 1038 1837 διεγερθέντος
1081 1761 1297 1834 θρόνου,
1353 1758 1448 1813 καὶ
1497 1758 1547 1812 oi
1595 1754 1775 1810 λοιποὶ

177 1864 382 1928 πάντες
422 1861 699 1933 γίγαντες,
741 1860 791 1912 oi
834 1855 978 1911 κατά
1016 1857 1143 1919 τοὺς
1190 1849 1530 1927 ἐρμηνευτάς
1583 1869 1602 1902 ι
1653 1848 1779 1904 Ῥα-
1811 1842 1856 1903 Β

177 1955 346 2029 φαῒμ,
390 1974 413 2007 a
458 1952 884 2022 συνανέστησαν.
928 1948 1085 2011 Τίνες
1120 1943 1179 2000 δέ
1221 1938 1391 2009 οὗτοι,
1429 1940 1779 2017 διερμηνεύει

176 2050 357 2118 λόγων
380 2064 396 2079 ’
436 2048 499 2102 οι
534 2046 792 2119 ἄρχοντες
832 2044 933 2114 τῆς
967 2041 1092 2111 γῆς,
1127 2039 1175 2093 οί
1222 2035 1535 2109 ἐγείραντες
1568 2036 1633 2088 ἐκ
1671 2033 1781 2087 τῶν

182 2144 391 2217 θρόνων
420 2138 603 2195 αὐτῶν
638 2138 849 2217 πάντας
883 2134 1117 2205 βασιλεῖς
1162 2131 1354 2194 ἐθνῶν,
1406 2128 1502 2183 καὶ
1542 2128 1612 2182 τά
1642 2124 1782 2180 αὐτὰ

180 2214 259 2307 ei}:
312 2231 783 2305 κατηγορουμένῳ
829 2214 1040 2300 βασιλεῖ
1091 2224 1412 2288 Βαϐυλῶνος
1451 2222 1779 2294 πράξαντες.

182 2328 246 2383 οι
273 2330 371 2383 καὶ
397 2326 617 2398 γυμνὴν
654 2323 749 2379 καὶ
776 2322 979 2394 ἔρημον
1006 2320 1101 2375 τοῦ
1130 2320 1383 2391 σώματος
1402 2318 1501 2391 τήν
1524 2315 1620 2372 τοῦ
1652 2334 1783 2371 ποτε

185 2415 611 2489 βασιλεύσαντος
660 2412 980 2477 Βαϐυλῶνος
1027 2412 1205 2483 ψυχήν
1226 2410 1463 2484 ὁρῶντες
1523 2411 1786 2481 φήσουσιν

184 2512 328 2582 αὐτῇ
347 2526 364 2541 ⁸
402 2509 517 2563 Καὶ
551 2506 645 2561 σοῦ
668 2505 936 2579 κρείττων
977 2506 1170 2575 γέγονε
1201 2503 1454 2568 θάνατος,
1485 2504 1562 2568 ὼς
1594 2504 1691 2558 xal
1726 2502 1791 2557 εέ

185 2606 374 2677 δμοιον
403 2604 541 2675 ήμῖν
567 2599 901 2669 sumam;
951 2598 1119 2654 οὐδέν
1168 2598 1279 2669 ἄρα
1314 2592 1381 2669 ἦν
1419 2597 1450 2650 ό
1496 2596 1639 2669 ὑπὲρ
1682 2596 1789 2667 γῆν

190 2694 327 2767 βίος,
357 2696 461 2750 καὶ
486 2696 517 2749 ὁ
552 2693 782 2758 πλοῦτος
816 2691 911 2746 καὶ
951 2694 985 2763 ή
1018 2689 1168 2758 δόξα,
1202 2691 1298 2744 καὶ
1338 2692 1372 2762 ή
1414 2689 1656 2759 τοσαύτη
1699 2688 1792 2742 δυ-

188 2788 456 2842 ναστεία’
500 2784 639 2840 ἀλλά
679 2784 789 2838 τῶν
831 2783 1048 2838 πάντων
1090 2782 1319 2837 ἐκείνων
1363 2781 1537 2851 πέρας
1573 2780 1647 2850 γῆ
1695 2780 1791 2834 καὶ

194 2882 391 2944 σποδὸς
445 2879 767 2946 διαδέξεται,
812 2874 1030 2949 σκώληξ
1072 2890 1133 2928 τε
1189 2874 1286 2927 καὶ
1336 2872 1557 2945 σαρκῶν
1604 2871 1787 2945 σῆψις.

204 2972 403 3046 Ἡμεῖς
432 2974 491 3027 δέ
532 2989 592 3027 σε
624 2973 686 3026 οὐ
712 2969 907 3042 θνητὸν
943 2966 1266 3040 ἐνομίζομεν
1285 2983 1298 2997 ·
1352 2963 1707 3037 ἀπατώμενοι
1734 2964 1793 3019 δὲ

193 3072 261 3138 τῇ
289 3067 431 3139 περὶ
457 3068 522 3121 at
545 3065 694 3139 δόξῃ,
722 3062 801 3136 τῷ
829 3064 950 3118 κατ’
978 3061 1207 3135 οὐρανὸν
1252 3059 1624 3133 λαμπροτάτῳ
1676 3077 1791 3130 φω-

198 3163 384 3234 στῆρι.
412 3159 495 3229 τῷ
520 3158 612 3213 τὸν
639 3159 791 3230 ήλιον
809 3154 1275 3230 προσκαλουμένῳ
1309 3152 1606 3226 Ἑωσφόρῳ
1632 3152 1792 3205 ἀπει-

200 3250 460 3322 κάζομεν.
526 3248 597 3303 Σὺ
648 3248 705 3302 δέ
761 3247 853 3301 ἐπὶ
911 3245 1095 3311 σαυτῷ
1157 3245 1254 3299 καὶ
1308 3241 1533 3315 μείζονα
1586 3242 1795 3298 τούτων

201 3345 454 3417 ἐφρόνεις
495 3342 764 3415 γαυριῶν,
808 3342 907 3397 καὶ
948 3340 1115 3413 μανίᾳ
1145 3338 1357 3412 φρενῶν
1396 3336 1797 3407 ἀλαζονευόμε-

202 3456 310 3501 νος»
346 3437 427 3501 ὡς
470 3435 668 3491 σαυτὸν
722 3433 801 3507 τῷ
842 3432 1051 3505 ὑψίστῳ
1095 3430 1215 3503 Θεῷ
1262 3430 1652 3502 παραϐάλλειν,
1702 3429 1798 3483 καὶ

204 3532 345 3604 ὺπέρ
370 3530 477 3595 τὰς
506 3528 766 3602 οὐρανίας
799 3527 995 3599 άψίδας
1025 3527 1117 3581 τὸν
1150 3524 1348 3579 σαυτοῦ
1387 3524 1577 3597 θρόνον
1612 3522 1801 3593 θήσειν

205 3620 601 3692 φαντάζεσθαι.
633 3620 819 3676 Ταῦτα
846 3620 943 3692 μέν
968 3612 1063 3673 οὖν
1091 3618 1222 3690 περὶ
1248 3616 1341 3672 σοῦ
1374 3618 1560 3688 ἡμεῖς,
1586 3614 1801 3687 θνητοῖς

206 3716 493 3786 λογισμοῖς
518 3712 889 3785 ἀπατώμενοι,
916 3710 1306 3782 διενοούμεθα·
1343 3708 1570 3764 τοιαῦτα
1610 3708 1669 3762 δὲ
1710 3709 1805 3761 καὶ

210 3806 274 3859 σὺ
294 3804 396 3859 ἐπὶ
430 3803 615 3875 σαυτῷ
641 3802 853 3875 φρενῶν
879 3802 1135 3858 ἐκστάσει
1168 3800 1438 3877 ἐφρόνεις.
1484 3796 1593 3854 *Ην
1622 3800 1666 3854 δ’
1695 3800 1817 3873 ἄρα

213 3898 304 3951 καὶ
332 3895 432 3951 τοῦ
476 3897 609 3968 περὶ
639 3896 702 3949 at
742 3895 928 3959 τέλους
974 3894 1194 3966 ἐλεγχος
1224 3896 1254 3949 ὁ
1285 3894 1475 3967 χρόνος
1505 3892 1628 3948 καθ’
1648 3892 1684 3945 νδ
1712 3893 1807 3947 ἐά-

209 3988 347 4056 λως·
393 3991 520 4044 οὐδὲ
562 3993 674 4052 τοῖς
715 3990 923 4053 λοιποῖς
961 3986 1273 4057 ἀνθρώποις
1315 3986 1510 4059 ὁμοίαν
1555 3985 1808 4057 ἐσχηκὼς

210 4084 496 4156 τελευτήν.
523 4083 586 4137 Ol
619 4082 720 4154 μὲν
743 4081 855 4154 γὰρ
882 4082 965 4151 ἐφ’
998 4081 1251 4153 ⁴ίίσυχίας,
1280 4080 1465 4153 ἠρέμα
1486 4081 1582 4133 καὶ
1615 4078 1810 4151 πράως

210 4179 307 4232 ἐπὶ
332 4178 437 4249 τῆς
470 4175 681 4230 ἑαυτῶν
719 4176 923 4238 ἑστίας,
961 4175 1024 4229 τὺ
1066 4174 1229 4247 χρέος
1272 4173 1574 4228 ἀπέδοσαν·
1611 4172 1676 4225 σὺ
1728 4171 1809 4235 δέ,

210 4272 280 4341 τῇ
319 4269 432 4323 τῶν
511 4266 786 4339 πολεμίων
827 4268 1071 4342 μαχαίρᾳ
1120 4267 1221 4339 τὴν
1274 4266 1419 4337 ζωὴν
1462 4265 1809 4338 ἀφαιρεθεὶς,

215 4363 415 4433 νεκρὸς
466 4360 672 4428 ἄταφος
732 4360 959 4433 ριφήσῃ,
1022 4358 1188 4432 θηρσὶ
1256 4357 1392 4430 βορά
1444 4359 1540 4413 καὶ
1602 4360 1815 4424 οἰωνοῖς

216 4452 562 4521 ἐγκείμενος.
611 4451 761 4514 Ἕως
796 4450 896 4521 μὲν
927 4445 1021 4504 οὖν
1056 4450 1400 4521 συνειστήκει
1446 4451 1480 4522 ή
1532 4448 1811 4512 Βαϐυλὼν,

1022 330 1026 337 ’
1126 340 1631 406 continuum
1668 336 1737 395 tu
1772 328 2040 394 ιεΑιΑιι.
2078 360 2153 378 .-
2185 325 2343 387 cn.
2387 320 2529 381 xw.

3361 300 3464 357 ιςι

2059 473 2141 512 es.
2172 450 2464 509 Descendit
2504 446 2560 502 in
2591 439 2867 499 infernum
2902 431 3076 509 gloria
3126 436 3242 493 ina,
3293 425 3463 482 multa

1864 550 2051 606 latitia
2086 556 2197 603 tua.
2228 543 2432 600 Subter
2471 548 2524 594 te
2553 539 2799 592 sternent
2823 529 3053 589 tineam.
3076 530 3134 580 et
3156 519 3467 592 operimen.

1867 652 1981 698 tum
2018 638 2169 694 tuum
2202 633 2431 691 vermis.
2464 621 2749 697 Quomodo
2777 618 2979 678 cecidit
3030 616 3097 671 de
3124 610 3267 669 casio
3296 607 3468 665 Luci-

1864 733 1969 803 fer,
2003 733 2094 803 qui
2127 744 2289 785 mane
2324 718 2655 782 oriebatur?
2686 714 2962 774 contritus
3008 720 3094 766 est
3144 706 3211 761 ad
3258 711 3468 759 terram

1865 800 1963 900 qui
1992 800 2245 881 mittebat
2267 820 2335 875 ad
2364 829 2558 875 omnes
2588 807 2819 883 gentes?
2862 825 2881 859 ι
2919 802 3022 872 Qui
3055 800 3110 856 in
3128 808 3283 900 terra
3314 801 3463 900 sunt:

1867 882 2067 989 inquit,
2105 932 2193 981 ea,
2222 927 2343 983 qua
2370 905 2625 979 superius
2654 902 2798 959 dicta
2825 905 2956 955 sunt
2977 935 2993 960 ,
3022 890 3340 989 proferent;
3370 882 3464 989 qui

1869 972 2318 1066 aulem'bumana
2347 972 2458 1058 vita
2485 995 2685 1060 uincti,
2721 1003 2779 1050 et
2804 992 2865 1047 in
2898 989 3035 1045 locis
3074 979 3276 1038 inferni
3309 972 3468 1048 quasi

1870 1103 1924 1158 in
1952 1096 2184 1155 vinculis
2212 1094 2553 1155 detinentur,
2586 1085 2689 1158 ipsi
2741 1093 2961 1155 quoque
2991 1089 3159 1147 super
3168 1070 3301 1159 ~ejus
3352 1066 3474 1125 exh

1874 1195 1949 1249 tio
1981 1206 2046 1247 ea
2075 1204 2197 1261 quas
2221 1181 2576 1256 superaddita
2603 1185 2735 1233 sunt
2774 1167 3229 1261 pronuntiabunt.
3267 1158 3476 1219 Omnes

1874 1300 2038 1356 porro
2070 1258 2181 1336 illic
2218 1284 2503 1333 versantes
2536 1276 2876 1340 prcrertens
2911 1258 3199 1319 infernus,
3252 1263 3471 1307 necnon

1874 1350 2051 1430 virtus
2100 1372 2187 1425 illa
2235 1379 2358 1438 qua
2396 1369 2737 1418 mortuorum
2783 1350 3074 1408 animabus
3102 1351 3334 1418 praeest;
3370 1353 3474 1397 ceu

1874 1455 2126 1538 quaedam
2152 1436 2395 1517 carceris
2426 1459 2617 1507 custos
2645 1462 2714 1503 ea
2756 1443 2882 1499 imis
2918 1436 3336 1506 tenebrosisque
3380 1445 3480 1503 po-

1748 1532 1774 1613 .
1878 1532 2183 1613 netrsiibus
2226 1562 2352 1605 cum
2410 1541 2597 1598 furore
2645 1548 2701 1592 et
2744 1536 2826 1591 ira
2873 1533 3123 1602 insurget
3164 1535 3360 1584 contra
3398 1532 3477 1580 te.

1877 1650 1993 1707 Hoc
2026 1656 2208 1704 autem
2245 1638 2494 1714 principe
2522 1634 2647 1691 istic
2674 1632 3001 1703 imperante,
3034 1641 3103 1682 ex
3145 1622 3350 1679 throno
3378 1632 3482 1676 suo

1877 1740 2169 1803 excitato,
2222 1731 2421 1802 reliqui
2446 1742 2639 1785 omnes
2675 1728 2957 1797 gigantes,
3013 1722 3132 1777 sive
3177 1714 3481 1774 secundum

1885 1834 2127 1903 reliquos
2162 1829 2494 1896 interpretes
2523 1839 2543 1873 ι
2570 1816 2863 1889 Baphaim,
2897 1833 2917 1867 ι
2950 1826 3058 1869 una
3092 1813 3481 1866 surrexerunt.

1883 1900 2118 1996 Quinam
2156 1935 2289 1977 vero
2319 1917 2378 1974 bl
2430 1922 2616 1973 essent
2662 1910 2900 1983 explicat
2942 1908 3135 1963 dicens
3159 1942 3176 1967 ,
3205 1900 3487 1974 principes

1883 2027 2069 2081 terra,
2101 2013 2194 2086 qui
2225 2027 2289 2066 ex
2324 2006 2541 2065 tlironis
2583 2006 2699 2062 suis
2742 2001 3059 2059 excitarunt
3091 2006 3289 2052 omnes
3326 2004 3487 2062 reges

1882 2110 2126 2184 gentium
2166 2127 2177 2162 :
2210 2104 2305 2175 qui
2340 2100 2493 2171 paria
2525 2111 2590 2153 ac
2627 2095 2719 2152 ille
2747 2108 2875 2150 reus
2914 2087 3209 2163 Babylonis
3236 2100 3331 2142 rex
3358 2097 3487 2154 per-

1884 2176 2191 2274 petrarunt.
2228 2197 2293 2254 ﬂi
2321 2212 2453 2255 vero
2482 2193 2683 2253 nudam
2711 2200 2769 2245 et.
2803 2198 3047 2256 corpore
3096 2180 3294 2235 orbam
3336 2176 3488 2231 illius

1884 2300 2015 2358 olim
2051 2293 2367 2367 Babylonici
2405 2291 2549 2364 regis
2580 2287 2824 2343 animam
2873 2287 3197 2341 cententes,
3248 2272 3331 2329 sic
3364 2284 3487 2327 eam

1887 2365 2292 2463 compellabunt
2324 2403 2338 2439 :
2372 2384 2624 2441 Etiamne
2649 2387 2704 2435 te
2739 2376 2941 2435 fortior
2974 2385 3126 2428 mors
3153 2365 3276 2433 fuit,
3326 2365 3399 2419 ita
3429 2371 3491 2417 ut

1891 2496 1942 2541 te
1974 2482 2207 2540 similem
2259 2478 2421 2535 nobis
2469 2472 2592 2533 esse
2642 2463 3144 2529 evinceretlﬂihil
3191 2475 3323 2527 ergo
3368 2468 3491 2514 erat

1892 2587 2111 2633 terrena
2154 2572 2247 2629 illa
2277 2571 2413 2635 vita,
2443 2566 2648 2625 divitia:
2672 2607 2689 2633 ,
2730 2561 2902 2636 gloria
2930 2569 2987 2616 et
3025 2564 3175 2613 tanta
3207 2550 3448 2623 potentia
3474 2566 3490 2602 :

1891 2670 1985 2727 sed
2011 2667 2267 2723 omnibus
2294 2664 2381 2720 Itis
2414 2662 2540 2718 linis
2567 2662 2672 2717 erit
2712 2669 2860 2714 terra
2890 2665 2945 2710 et
2973 2650 3174 2725 pulvts,
3203 2642 3411 2701 vermis
3438 2650 3494 2698 et

1892 2760 2077 2817 carnis
2106 2758 2357 2830 putredo.
2396 2754 2508 2810 Nos
2532 2766 2665 2809 vero
2690 2760 2746 2806 te
2779 2745 3064 2803 mortalem
3095 2739 3324 2799 minime
3366 2748 3493 2793 esse

1893 2851 2221 2925 putabamus
2254 2867 2269 2904 :
2308 2864 2372 2903 ac
2408 2845 2585 2918 gloria
2637 2854 2693 2897 te
2723 2837 3101 2897 circumdante
3152 2829 3369 2905 decepti
3394 2868 3412 2897 ,
3439 2833 3498 2883 te

1906 2920 2349 3015 splendidissimo
2380 2936 2591 2995 cmicsti
2644 2931 2941 2996 lnminari,
2996 2928 3278 2995 solemque
3321 2920 3496 2979 advo-

1896 3014 2039 3093 canti
2070 3035 2323 3092 Lucifero
2344 3030 2837 3100 comparabamus.,
2856 3021 2937 3078 Tu
2972 3034 3105 3074 vero
3135 3028 3189 3074 te
3219 3016 3382 3073 etiam
3414 3014 3501 3070 his

1898 3125 2159 3200 ualerem
2214 3122 2596 3190 arbitrabaris,
2619 3120 2913 3176 lasciviens
2940 3131 3007 3170 ac
3046 3110 3248 3169 mentis
3284 3108 3498 3165 insania

1903 3227 1977 3280 ita
2006 3222 2357 3292 superbiens,
2385 3227 2443 3273 ut
2480 3226 2532 3271 te
2563 3213 2833 3268 altissimo
2873 3208 2987 3265 Deo
3019 3206 3325 3265 conferres,
3360 3208 3501 3257 acte

1904 3317 2161 3374 thronum
2195 3323 2349 3369 tuum
2384 3323 2550 3379 supra
2606 3305 2859 3361 caelestes
2906 3300 3147 3357 fornices
3189 3294 3500 3357 positurum

1901 3425 2025 3467 esse
2056 3406 2363 3480 iactitares.
2396 3403 2522 3458 Haec
2551 3400 2717 3472 igitur
2752 3410 2850 3451 nos
2895 3391 3223 3449 mortalibus
3273 3386 3504 3441 ratioci-

1905 3503 2014 3559 niis
2040 3498 2274 3570 decepti,
2324 3497 2391 3553 de
2422 3507 2475 3551 te
2500 3492 2868 3564 cogitavimus
2902 3502 2916 3540 :
2952 3483 3081 3539 talia
3119 3491 3177 3537 et
3206 3490 3260 3536 tu
3320 3490 3507 3534 mente

1906 3604 2103 3666 captus
2135 3594 2204 3648 de
2234 3603 2287 3646 te
2316 3590 2437 3658 ipso
2464 3586 2765 3643 sentiebas.
2804 3582 2877 3637 At
2922 3579 3008 3635 vel
3056 3574 3234 3631 solum
3289 3583 3508 3639 tempus

1907 3663 2015 3759 quo
2038 3694 2232 3755 captus
2257 3692 2312 3738 et
2339 3682 2517 3736 victus
2542 3694 2603 3735 es
2626 3721 2642 3747 ,
2691 3673 3043 3732 manifestum
3085 3677 3207 3723 erat
3254 3665 3380 3722 linis
3428 3663 3508 3719 tui

1908 3792 2294 3855 argumentum
2332 3796 2347 3833 :
2385 3791 2562 3847 neque
2591 3772 2827 3830 similem
2862 3769 2985 3825 aliis
3013 3763 3329 3823 hominibus
3363 3776 3513 3817 mor-

1912 3886 2020 3932 tem
2054 3888 2116 3930 es
2161 3877 2507 3928 consecutus.
2558 3867 2635 3923 illi
2676 3866 2877 3936 quippe
2916 3861 3123 3918 sensim
3147 3899 3164 3925 ,
3232 3856 3421 3926 quiete
3453 3859 3513 3909 et

1912 3966 2055 4025 domi
2086 3966 2332 4021 debitum
2364 3963 2697 4027 solverunt;
2731 3970 2788 4015 tu
2817 3971 2947 4011 vero
2996 3954 3347 4008 inimicorum
3396 3946 3514 4020 gla-

1912 4066 2005 4122 dio
2036 4066 2146 4119 vita
2177 4065 2445 4134 privatus,
2484 4055 2789 4127 insepultus
2816 4050 3125 4124 projicieris
3145 4088 3162 4114 ,
3192 4056 3249 4103 et
3296 4046 3411 4101 eris
3454 4042 3512 4098 iu

1912 4174 2100 4216 escam
2137 4156 2335 4213 bestiis
2364 4162 2421 4209 et
2452 4152 2791 4209 volucribus.
2823 4144 3077 4214 Quandiu
3127 4137 3297 4214 igitur
3334 4138 3517 4210 Baby-

1915 4253 2005 4309 lon
2034 4258 2315 4321 superstes
2352 4247 2474 4311 fuit,
2522 4260 2591 4301 ac
2637 4242 2916 4314 principes
2966 4236 3090 4308 ejus
3140 4250 3366 4307 regnum
3401 4247 3520 4287 tua-

1914 4362 2190 4421 guamque
2214 4344 2481 4400 ditionem
2512 4350 2570 4396 et
2596 4337 2899 4409 potentiam
2925 4332 3284 4395 obtinebant;
3317 4328 3517 4393 virtus,

1916 4418 2040 4512 quae
2066 4418 2198 4511 ipsis
2221 4433 2482 4509 prafecta
2504 4440 2650 4496 erat,
2681 4443 2877 4498 magna
2907 4425 3140 4483 fortasse
3159 4418 3516 4493 perficiebat:

221 4513 500 4615 βασίλειόν
527 4558 588 4595 τε
620 4536 690 4614 ἦν
850 4540 1140 4596 δυναστεία
1188 4513 1401 4613 μεγάλη
1434 4513 1543 4595 τῶν
1585 4540 1798 4595 αὐτόθεπ

1920 4533 2011 4589 ubi
2043 4541 2226 4589 autem
2254 4530 2435 4602 gentis
2466 4527 2611 4581 illius
2639 4540 2865 4596 regnum
2919 4521 3160 4576 deletum
3207 4525 3312 4581 est,
3366 4513 3521 4584 priu-

219 4637 603 4711 κρατούντων
639 4635 784 4707 τάχα
821 4651 927 4689 που
969 4634 1065 4689 καὶ
1096 4634 1131 4705 ή
1179 4632 1546 4689 ἐπιστατοῦσα
1589 4633 1816 4703 δύναμις

219 4732 410 4793 αὐτοῖς
440 4728 513 4782 τά
542 4728 757 4800 μεγάλα
790 4728 1158 4802 συνέπραττεν
1179 4745 1193 4761 ·
1242 4728 1365 4783 ἐπεὶ
1395 4728 1452 4781 δὲ
1487 4727 1753 4799 ἠφάνιστο
1781 4729 1815 4801 ή

224 4821 480 4895 βασιλεία
508 4819 606 4874 τοῦ
639 4820 844 4887 ἐθνους,
888 4822 985 4876 καὶ
1008 4824 1037 4876 ὁ
1076 4819 1321 4891 ἐφεστὼς
1379 4820 1562 4885 αὐτοῖς
1609 4819 1817 4891 ἄρχων,

222 4913 473 4986 ὡσπερεὶ
504 4910 798 4986 πληρώσας
822 4913 951 4977 τοὺς
973 4914 1167 4968 ἑαυτοῦ
1201 4913 1448 4985 χρόνους,
1475 4913 1557 4976 εἰς
1588 4910 1682 4989 τὸν
1710 4909 1821 4965 τῶν

228 5009 441 5080 ὁμοίων
501 5004 653 5077 αὐτῷ
688 5006 863 5079 χῶρον
897 5005 1369 5079 παρελαμϐάνετο,
1402 5008 1460 5061 ἐν
1480 4998 1526 5075 ᾧ
1554 5006 1823 5079 συνήντη-

226 5117 330 5156 σαν
350 5098 504 5170 αὐτῷ
523 5098 724 5163 πάντες
743 5098 793 5152 oi
826 5090 1070 5172 Ῥαφαίμ
1098 5100 1443 5171 καλούμενοι,
1478 5099 1512 5171 ἢ
1547 5100 1598 5154 οί
1632 5100 1823 5169 γίγανο

226 5209 352 5258 τις·
389 5185 540 5246 οὗτοι
565 5191 621 5246 δέ
656 5191 751 5245 καὶ
783 5191 936 5244 αὐτοὶ
971 5191 1230 5263 δυνάμεις
1276 5192 1382 5246 είσί
1422 5208 1587 5257 τινες,
1631 5192 1708 5256 αἳ,
1749 5190 1825 5255 ὡς

228 5287 400 5351 εἰκὸς,
428 5280 574 5359 ἦσαν
604 5285 806 5357 ἐτέρων
844 5283 1015 5338 ἐθνῶν
1048 5284 1190 5340 κατά
1232 5285 1459 5359 χρόνους
1506 5285 1608 5338 οὐκ
1649 5283 1827 5356 ὀρθῶς

231 5382 603 5451 ήγησάμεναι.
625 5379 775 5450 Μήτι
796 5373 891 5432 οὖν
922 5379 1086 5443 αὐτὸς
1134 5372 1290 5443 οὗτος
1319 5380 1346 5433 ό
1369 5377 1471 5448 τῆς
1506 5375 1827 5440 Βαϐυλῶνος

233 5468 419 5541 ἀρχων
448 5467 581 5520 ποτέ
605 5467 868 5535 γεγονὼς,
893 5469 994 5541 τὴν
1016 5467 1210 5521 ἑαυτοῦ
1241 5470 1344 5539 γῆν
1364 5467 1658 5540 διέφθειρε,
1694 5466 1828 5531 Θεὸς

235 5560 365 5633 παρ’
390 5561 577 5624 αὐτοῖς
591 5558 970 5631 νομιζόμενος,
1014 5559 1156 5614 οὕτω
1173 5559 1231 5613 δέ
1250 5561 1346 5613 καὶ
1371 5561 1460 5613 τὸν
1476 5558 1671 5615 ἑαυτοῦ
1700 5558 1831 5612 λαόν

235 5652 545 5715 ἀπέκτεινε,
578 5652 679 5708 καὶ
707 5653 838 5716 τοὺς
866 5651 1061 5707 ἑαυτοῦ
1105 5653 1259 5718 υίοὺς
1300 5655 1482 5725 σφαγῇ
1518 5652 1832 5726 παραδέδω-

238 5759 348 5806 κεν,
382 5745 463 5810 είς
482 5742 773 5798 ἀπώλειαν
808 5745 919 5808 τοῖς
954 5739 1042 5798 ὑπ’
1072 5742 1240 5798 αὑτοῦ
1268 5744 1617 5817 ἀρχομένοις,
1647 5743 1739 5797 διά
1769 5744 1831 5799 τὺ

238 5836 551 5912 νομισθῆναι
597 5834 735 5909 παρ’
780 5833 967 5903 αὐτοῖς
1010 5834 1143 5902 Θεὸς
1185 5831 1324 5893 εἶναι
1354 5834 1627 5907 γεγονώς;
1675 5836 1738 5891 El
1785 5836 1830 5890 δ’

1921 4641 2051 4697 ceps
2075 4639 2295 4696 quoque
2320 4624 2453 4693 ipsis
2478 4621 2773 4693 praefectus
2795 4658 2810 4680 .
2836 4625 3026 4685 utpote
3052 4612 3165 4681 jam
3199 4626 3299 4669 suo
3333 4608 3522 4678 elapso

1923 4730 2167 4789 tempore
2195 4759 2210 4783 ,
2244 4719 2297 4773 in
2325 4719 2426 4773 sibi
2463 4713 2725 4771 similium
2763 4714 2941 4766 locum
2986 4716 3241 4777 receptus
3276 4713 3392 4770 est,
3430 4700 3520 4754 ubi

1922 4821 2284 4866 occurrerunt
2332 4811 2432 4881 ipsi
2480 4822 2674 4864 omnes
2744 4805 2837 4875 qui
2894 4811 3163 4857 vocantur
3222 4792 3522 4867 Rapbaim,

1925 4906 2042 4960 sive
2110 4905 2405 4976 gigantes:
2445 4901 2498 4957 bi
2551 4902 2718 4957 etiam
2769 4898 3007 4950 virtutes
3075 4893 3326 4961 quzedam
3394 4894 3523 4943 sunt

1925 5014 2083 5067 quin,
2115 5006 2173 5052 ut
2197 4997 2423 5053 credere
2454 5004 2540 5051 est
2562 5035 2579 5060 ,
2611 4994 2735 5049 aliis
2759 4991 3045 5064 gentibus,
3076 4998 3229 5043 certo
3260 4980 3527 5051 temporis

1926 5089 2111 5157 spatio
2141 5103 2249 5142 non
2282 5096 2429 5147 recte
2470 5084 2828 5156 prwfuerant.
2863 5079 3003 5134 Num
3049 5077 3214 5149 igitur
3249 5074 3339 5128 hic
3384 5073 3523 5142 ipse,

1928 5184 2059 5237 olim
2114 5180 2411 5251 Babylonis
2473 5180 2729 5251 princeps
2787 5186 2992 5231 terram
3032 5176 3206 5239 isuam
3258 5163 3527 5233 corrupit,

1931 5276 2075 5330 Deus
2108 5289 2279 5345 penes
2305 5273 2430 5329 illos
2460 5273 2688 5343 populos
2718 5269 3095 5330 existimatus,
3125 5272 3292 5329 atque
3320 5260 3396 5314 ita
3431 5271 3529 5325 po-

1930 5368 2115 5437 pulum
2137 5383 2295 5421 suum
2312 5366 2535 5431 occidit,
2560 5380 2624 5420 ac
2647 5364 2789 5418 illios
2804 5377 2933 5419 suos
2953 5360 3069 5415 neci
3090 5354 3347 5417 tradidit;
3368 5362 3531 5420 alqtte

1934 5465 1987 5518 in
2018 5463 2319 5535 perniciem
2352 5462 2572 5517 subdito
2607 5459 2709 5514 sibi
2740 5456 2941 5530 populo
2971 5456 3090 5520 fuit,
3124 5451 3252 5522 quia
3291 5446 3360 5502 ab
3395 5443 3532 5515 ipsis

1934 5564 1992 5609 ut
2016 5554 2160 5609 Deus
2182 5552 2401 5608 habitus
2433 5550 2654 5605 fuerat?
2682 5550 2837 5617 Quod
2859 5549 2902 5602 si
2942 5547 3057 5601 haec
3081 5544 3152 5599 ita
3180 5557 3239 5598 se
3262 5539 3531 5599 habeant,

1936 5655 2109 5702 restat
2134 5656 2192 5700 ut
2229 5654 2401 5699 totam
2439 5643 2743 5714 prophetiae
2769 5642 3116 5703 sententiam,
3149 5650 3272 5707 qua:
3312 5634 3378 5686 de
3420 5630 3529 5685 Ba-

1936 5738 2153 5811 bylonis
2200 5752 2327 5810 rege
2356 5735 2569 5807 prolata
2600 5745 2685 5791 est
2710 5777 2725 5801 ,
2763 5736 2818 5789 in
2850 5733 2999 5789 illam
3034 5730 3295 5784 virtutem
3323 5724 3499 5779 refer:

1939 5848 2062 5892 mus
2098 5850 2111 5887 :
2144 5846 2267 5905 qua:
2323 5830 2453 5903 quia
2511 5829 2604 5889 Dei
2658 5829 2890 5904 gloriam
2933 5825 3077 5899 apud
3114 5823 3217 5883 sibi
3258 5818 3532 5879 subditum
