4120 6294
635 358 744 416 Ιθῦ
1301 347 1570 407 ευεεειι
1610 341 2086 404 οεεΑιιιΕΝειε
2123 341 2277 400 OPP.
2315 339 2497 398 PARS
2534 336 2624 395 ιιι.
2663 367 2737 385 —
2772 336 3187 396 EXEGETICA.
3789 332 3908 393 ’196

635 467 891 540 populum
925 474 1110 529 nacta.
1141 463 1310 518 altum
1345 462 1630 534 sapiebat,
1675 461 1802 531 jure
1843 459 2088 532 arguitur
2127 456 2211 513 bis
2239 459 2262 519 Δ

2279 455 2426 527 ,ιχει
2451 455 2625 509 ταῦτα
2662 453 2857 520 οὕτως,
2899 453 3017 527 ὥρα
3053 454 3149 509 καὶ
3184 454 3364 508 πάντα
3403 452 3495 507 τὸν
3535 454 3635 524 τῆς
3681 469 3906 525 προφη-

633 560 931 631 Scriptura:
957 557 1140 614 verbis
1164 571 1181 610 :

2305 547 2456 610 τείας
2484 547 2658 616 λόγον,
2690 546 2782 600 τὸν
2807 546 2938 618 περὶ
2965 544 3062 600 τοῦ
3086 544 3346 616 βασιλέως
3377 544 3696 610 Βαϐυλῶνος
3731 557 3908 616 προσ-

631 654 1008 726 ενηνεγμένον,
1064 655 1143 716 εις
1178 649 1392 722 έκείνην
1427 647 1720 720 ἀναφέρειν
1765 648 1864 718 τήν
1911 644 2140 716 δύναμιν
2167 661 2181 675 ⁸
2203 644 2348 715 ἥτις,
2384 642 2589 714 ἐπειδὴ,
2622 641 2758 696 Θεοῦ
2789 639 2948 706 δόξαν
3020 640 3172 713 παρὰ
3227 641 3338 704 τοῖς
3398 638 3719 710 ἀρχομένοις
3759 653 3905 711 κτη-

633 745 842 817 σαμένη
893 745 1035 816 μέγα
1078 741 1393 814 ἔφρόνησεν,
1435 739 1660 805 εἰκότως
1706 736 2065 807 ἀπελέγχεται
2097 733 2202 788 ὑπὸ
2216 732 2309 787 τοῦ
2348 731 2653 801 φάσκοντος
2679 730 2839 800 λόγου
2861 746 2878 762 ·
3137 806 3153 822 ς

704 841 865 895 Vsus.
883 838 1067 900 «ομ.
1091 833 1201 891 «Tu
1221 845 1400 890 autem
1421 835 1606 890 dixisti
1627 837 1678 887 in
1698 841 1876 886 mente
1894 842 2002 896 tua,
2021 832 2072 888 ir.
2089 845 2204 887 ca:-

2384 847 2404 879 ‹
2432 828 2504 881 Σὺ
2533 827 2591 880 δὲ
2621 822 2783 890 εῐπας
2812 825 2872 879 ἰν
2899 827 2968 896 τῇ
3005 820 3216 896 διανοιᾳ
3252 842 3346 883 σου
3367 840 3382 855 ⁸
3418 824 3515 888 El;
3543 823 3636 877 τὸν
3664 820 3905 896 οὐρανὸν

517 917 520 920 ’
631 931 741 987 lum
771 927 1075 993 ascendam,
1094 938 1146 983 et
1180 942 1342 996 supra
1365 926 1549 982 stellas
1569 925 1693 980 caeli
1722 938 1919 994 ponam
1949 924 2144 978 thronu

2306 919 2670 990 ἀναϐήσομαι,
2725 919 2820 973 καὶ
2863 919 3050 972 ἐπάνω
3100 916 3210 971 τῶν
3262 918 3480 990 ἄστρων
3524 916 3620 971 τοῦ
3660 912 3900 988 οὐρανοῦ

633 1037 811 1076 meum
840 1037 858 1076 ε
899 1030 956 1080 et
980 1017 1170 1073 similis
1203 1031 1299 1072 ero
1327 1017 1646 1081 Altissimo;
1692 1035 1712 1069 ι
1752 1028 1807 1073 et
1834 1027 2029 1071 calere
2062 1031 2202 1086 quo-

2305 1013 2456 1085 θήσω
2494 1010 2587 1065 τὸν
2633 1011 2822 1083 θρόνον
2853 1028 2975 1083 μου,
3015 1010 3110 1064 καὶ
3141 1009 3338 1082 ἔσομαι
3368 1012 3555 1082 ὅμοιος
3597 1008 3678 1080 τῷ
3732 1005 3897 1077 Ὑψί-

630 1128 735 1182 que
759 1112 885 1167 huic
917 1109 1306 1180 interpretandi
1336 1107 1531 1162 rationi
1562 1103 1874 1176 aptaveris;
1914 1117 2201 1177 postquam

2307 1118 2447 1172 στῳ·
2491 1120 2510 1153 ι
2558 1101 2656 1156 καὶ
2687 1101 2755 1155 τά
2774 1101 2938 1155 λοιπά
2969 1101 3026 1155 δὲ
3060 1099 3210 1171 αὐτῷ
3234 1102 3565 1174 ἐφαρμόσεις
3587 1100 3662 1172 τῷ
3695 1101 3900 1154 ἀποδο-

631 1204 685 1260 ln
708 1201 877 1258 obvio.
895 1216 1086 1264 sensu,
1117 1215 1238 1270 qum
1267 1201 1319 1254 in
1360 1198 1644 1270 prophetia
1689 1198 2001 1254 indicantur
2029 1198 2204 1254 sensi-

2305 1191 2450 1248 θέντι
2487 1195 2650 1266 λόγῳ,
2685 1195 2824 1266 μετά
2870 1191 2965 1249 τοῦ
3000 1195 3099 1250 ’καὶ
3138 1193 3218 1265 τῷ
3264 1195 3572 1266 προχείρως
3619 1191 3901 1263 νοουμένῳ

629 1292 723 1350 bili
754 1293 866 1364 regi
897 1291 1275 1362 applicaveris.

2302 1286 2547 1360 αἰσθητῷ
2580 1286 2792 1358 βασιλεῖ
2825 1285 2895 1341 τά
2929 1287 3018 1342 διά
3075 1284 3175 1357 τῆς
3209 1284 3546 1358 προφητείας
3593 1282 3900 1356 δηλούμενα

2301 1379 2758 1452 προσαρμόττειν.

727 1473 889 1528 Vns.
933 1473 1143 1537 21.25.
1197 1491 1216 1526 ι
1273 1471 1402 1528 Haec
1434 1471 1567 1531 dicit
1618 1469 1880 1528 Dominus
1932 1469 2198 1532 Sabaoth,

2379 1489 2398 1522 ι
2440 1468 2580 1525 Τάδε
2609 1470 2757 1540 λέγει
2791 1466 2997 1542 Κύριος
3029 1467 3281 1523 Σαϐαὼθ⁸
3317 1470 3414 1524 Ὃν
3440 1467 3640 1542 τρόπον
3672 1469 3897 1542 εἴρηκα,

631 1564 1096 1632 Quemadmodum
1142 1563 1288 1631 dixi,
1339 1564 1560 1619 itaeerit
1590 1579 1605 1616 :
1640 1575 1694 1619 et
1743 1563 2198 1633 quemadmodum

2301 1562 2475 1628 οὕτως
2515 1564 2702 1618 ἔσται’
2755 1551 2858 1618 καῖ
2911 1562 2970 1616 όν
3027 1562 3229 1635 τρόπον
3279 1559 3673 1633 βεϐούλευμαι,
3718 1559 3899 1625 οὕτως

627 1657 966 1722 deliberavi,
1021 1657 1093 1711 ila
1143 1655 1379 1710 manebit
1413 1672 1428 1708 :
1459 1666 1520 1709 ut
1569 1655 1787 1725 perdam
1829 1653 2088 1725 Assyrios
2147 1653 2199 1706 in

2305 1658 2488 1727 μενεῖ·
2528 1653 2625 1709 τοῦ
2676 1653 2938 1709 ἀπολέσαι
2984 1654 3113 1717 τοὺς
3152 1651 3471 1723 ’Δσσυρίους
3512 1653 3607 1705 ἐπὶ
3655 1652 3755 1724 τῆς
3785 1651 3898 1723 γῆς

631 1759 772 1804 terra
802 1764 916 1804 mea
948 1758 1003 1802 et
1031 1749 1080 1802 in
1110 1748 1385 1804 montibus
1418 1750 1575 1805 meis.
1613 1749 1680 1802 Et
1709 1758 1871 1803 erunt
1901 1749 1953 1802 in
1983 1745 2201 1802 concul-

2299 1747 2399 1816 τῆς
2433 1747 2592 1818 ἐμῆς,
2631 1745 2728 1800 καὶ
2749 1747 2841 1799 ἐπὶ
2877 1743 2986 1798 τῶν
3022 1743 3195 1816 ὁρέων
3239 1760 3360 1815 μου.
3402 1743 3514 1798 Καὶ
3550 1742 3763 1797 ἔσονται
3807 1743 3897 1806 εἰς

631 1844 934 1908 cationem,
965 1850 1019 1896 et
1058 1841 1336 1896 auferetur
1374 1841 1443 1895 ab
1486 1843 1566 1896 eis
1595 1838 1784 1911 jugum
1831 1840 2091 1909 ipsorum,
2145 1851 2200 1894 et

2300 1837 2696 1909 καταπάτημα,
2727 1834 2822 1892 καὶ
2846 1835 3277 1907 ἀφαιρεθήσεται
3314 1835 3411 1888 ἀπ’
3446 1834 3626 1889 αὐτῶν
3667 1835 3696 1888 ό
3727 1832 3896 1902 ζυγὸς

618 1931 795 2002 gloria
823 1945 1010 1986 eorum
1039 1931 1106 1984 ab
1135 1929 1376 1994 humeris
1403 1932 1639 2000 ipsorum
1669 1920 1961 1986 auferetur.
2001 1950 2020 1984 ι
2061 1931 2196 1987 Cum

2299 1929 2632 1995 αὐτῶνμκαὶ
2677 1927 2737 1983 τὸ
2777 1927 2938 1992 κῦδος
2978 1927 3157 1981 αὐτῶν
3200 1925 3310 1982 ἀπὸ
3345 1925 3456 1980 τῶν
3498 1925 3664 1997 ὤμων
3707 1925 3895 1980 αὐτῶν

630 2001 783 2089 dicit,
821 2039 841 2073 ι
874 2016 946 2076 Ut
980 2020 1197 2091 perdam
1223 2009 1543 2092 Assyriosin
1571 2031 1712 2076 terra
1734 2038 1850 2077 mea
1879 2024 2006 2089 etzin
2038 2040 2188 2080 nion-

2299 2019 2748 2092 ἀφαιρεθήσεται.
2783 2040 2802 2072 ι
2833 2019 3016 2081 Εἰπὼν
3047 2035 3110 2088 γε
3139 2019 3266 2091 μὴν,
3296 2038 3314 2072 ι
3365 2017 3656 2072 ’ἀπολέσαι
3691 2018 3893 2071 Ἀσσυ-

628 2111 768 2165 tibus
822 2112 988 2175 meis,
1030 2129 1049 2163 ι
1093 2111 1248 2165 docet
1285 2107 1705 2182 Babyloniorum
1775 2114 2089 2183 regionem,
2141 2125 2195 2170 et
2226 2098 2255 2153 Ε

2266 2111 2268 2144 ι
2299 2112 2448 2183 ρίους
2473 2113 2566 2165 ἐπὶ
2597 2114 2696 2184 τῆς
2722 2114 2826 2184 γῆς
2853 2114 2951 2183 τῆς
2991 2112 3153 2184 ἐμῆς,
3187 2111 3283 2164 καὶ
3317 2111 3410 2164 ἐπὶ
3433 2109 3541 2163 τῶν
3571 2109 3744 2182 ὀρέων
3771 2110 3893 2163 τῶν

623 2197 738 2265 ejus
766 2209 973 2255 montes
1005 2215 1108 2253 non
1136 2200 1342 2254 alienos
1373 2201 1474 2255 sibi
1509 2216 1629 2256 esse
1663 2218 1676 2254 :
1721 2219 1844 2258 nam
1869 2244 1885 2269 ,
1922 2223 1940 2255 ι
1973 2206 2187 2262 Domini

2298 2204 2467 2276 ἐμῶν,
2511 2223 2529 2256 ι
2553 2203 2815 2266 διδάσκει,
2844 2203 2921 2268 ὼς
2942 2201 3034 2258 καὶ
3061 2206 3093 2275 ἡ
3130 2201 3488 2258 Βαϐυλωνίων
3523 2200 3696 2274 χώρα,
3725 2201 3794 2256 τά
3825 2219 3892 2256 τε

621 2300 706 2345 est
733 2301 897 2356 terra,
922 2300 975 2346 et
1010 2291 1283 2359 plenitudo
1311 2292 1481 2362 ejus.»
1502 2291 1571 2324 "°
1594 2293 1762 2348 Erunt
1786 2311 1937 2366 ergo.
1965 2299 2062 2361 ait,
2088 2300 2192 2353 As-

2298 2298 2383 2350 ἐπ’
2414 2296 2582 2370 αὐτῆς
2614 2296 2714 2370 ὅρη
2762 2297 2864 2351 οὐκ
2903 2291 2972 2368 ἦν
3016 2293 3272 2368 ἀλλότρια
3313 2293 3512 2349 αὐτοῦ·
3567 2313 3588 2346 ι
3624 2294 3730 2348 Τοῦ
3779 2293 3895 2366 γὰρ

620 2384 751 2453 ayrii
781 2384 832 2438 in
857 2383 1345 2450 conculcationem,
1371 2386 1574 2440 subditi
1599 2387 1687 2450 iis,
1722 2389 1814 2457 qui
1847 2404 1942 2444 eos
1969 2405 2193 2458 supera-

2295 2389 2501 2462 Κυρίου
2554 2391 2588 2460 ή
2628 2391 2698 2460 γῆ
2759 2389 2856 2442 καὶ
2896 2387 2960 2442 τὸ
3003 2388 3276 2461 πλήρωμα
3347 2386 3537 2457 αὐτῆς.
3577 2408 3595 2438 δ
3634 2388 3894 2441 Ἔσονται

623 2475 726 2527 turi
751 2486 901 2530 sunt.
953 2476 1250 2531 Auferetnr
1304 2486 1484 2532 autem
1531 2476 1759 2546 jugum,
1813 2483 1954 2549 quod
2009 2492 2192 2538 stante

2297 2481 2478 2536 τοίνυν
2495 2481 2545 2534 οἱ
2588 2481 2896 2554 Ἀσσύριοι,
2927 2479 3115 2552 φησὶν,
3153 2483 3234 2543 εἰς
3262 2478 3655 2549 καταπάτημα,
3675 2478 3878 2549 ὑποχεί-

621 2563 849 2633 imperio
910 2583 1032 2631 suo,
1085 2567 1316 2623 subditis
1361 2567 1743 2637 imponebaut;
1785 2572 1972 2640 jngnm
2043 2583 2193 2629 certe

2299 2588 2404 2645 ριοι
2437 2571 2717 2642 γενόμενοι
2752 2575 2864 2636 τοῖς
2905 2572 3044 2644 μετά
3087 2572 3263 2626 ταῦτα
3309 2570 3488 2625 αὐτῶν
3521 2572 3889 2641 κρατήσασιν.

617 2668 784 2723 grave
816 2671 880 2710 ac
905 2657 1096 2710 durum
1130 2655 1236 2711 illis
1299 2675 1314 2710 :
1363 2666 1419 2710 et
1463 2656 1631 2726 gloria
1686 2659 1801 2713 sive
1849 2663 2015 2715 decus
2061 2659 2190 2715 olim

2308 2662 2761 2734 ’Δφαιρεθήσεται
2782 2662 2839 2715 δὲ
2866 2664 2958 2716 καὶ
2990 2662 3019 2714 ό
3060 2662 3243 2732 ζυγὸς,
3279 2661 3337 2715 δν
3371 2662 3459 2715 ὅτε
3479 2661 3738 2732 ἐκράτουν
3774 2662 3891 2724 τοῖς

622 2747 860 2801 humeris
891 2746 1129 2815 ipsorum
1164 2748 1478 2816 impositum
1507 2787 1523 2810 ,
1567 2746 1864 2806 auferetur.
1911 2750 2188 2818 Quemad-

2296 2752 2387 2807 ὑπ’
2431 2752 2611 2807 αὐτῶν
2659 2754 2984 2826 ἀρχομένοις
3033 2757 3314 2826 ἐπήρτων,
3361 2751 3528 2820 ζυγὸν
3575 2749 3744 2823 βαρὺν
3789 2752 3891 2804 καὶ

619 2839 836 2892 modum
887 2839 1031 2892 enim
1081 2838 1147 2892 de
1189 2836 1483 2893 Servatore
1541 2840 1743 2894 dictum
1796 2850 1924 2905 est,
1958 2861 1977 2893 ι
2023 2842 2190 2912 Cujus

2294 2843 2700 2899 δυσϐάστακτον
2726 2844 3133 2918 ἀπαιωροῦντες
3161 2845 3346 2908 αὐτοῖς
3363 2857 3380 2875 ’
3421 2845 3517 2899 καὶ
3545 2848 3608 2902 τὺ
3644 2843 3803 2906 κυδος
3827 2842 3890 2897 δδ

617 2928 950 2999 principatus
967 2945 1129 2999 super
1153 2929 1434 2983 humerum
1451 2931 1564 3000 ejus
1587 2930 1710 2999 7'“;
1739 2951 1757 2985 ι
1789 2934 1870 2987 sic
1883 2944 1938 2989 et
1960 2935 2062 2989 hoc
2075 2937 2194 2990 loco

2297 2935 2498 3000 αὐτῶν,
2539 2936 2676 3008 ὅπερ
2706 2936 2914 3008 ἐστὶνὴ
2952 2933 3099 3003 δόξα,
3142 2932 3594 3006 ἀφαιρεθήσεται,
3643 2933 3678 3002 ή
3721 2931 3889 2987 πάλαι

617 3017 786 3087 gloria
815 3019 1166 3090 Assyriorum
1196 3032 1364 3087 super
1389 3019 1650 3074 humeros
1685 3021 1948 3090 ipsorum,
1992 3025 2196 3080 dicitur

2295 3031 2408 3093 τοῖς
2437 3028 2608 3100 ὤμοις
2636 3027 2815 3089 αὐτῶν
2842 3029 3189 3101 ὲπικειμενη.
3246 3028 3334 3092 Ὠς
3364 3027 3474 3098 γὰρ
3507 3027 3600 3079 ὲπὶ
3631 3023 3726 3080 τοῦ
3766 3026 3887 3078 Σω-

613 3124 789 3163 esse:
844 3126 1005 3181 quam
1073 3108 1423 3165 auferendam
1480 3126 1599 3166 esse
1657 3127 1838 3168 sermo
1879 3115 2199 3171 intermina-

2299 3121 2463 3190 τῆρος
2487 3118 2758 3180 λέλεκται,
2798 3138 2817 3170 ι
2849 3113 2924 3172 Ob
2955 3121 2988 3190 ή
3015 3119 3157 3190 ἀρχή
3189 3119 3282 3172 ἐπὶ
3310 3117 3405 3171 τοῦ
3449 3116 3599 3187 ὤμου
3633 3115 3818 3180 αὐτού,
3861 3135 3886 3168 ι

618 3207 725 3251 lur-
2215 3197 2219 3201 “
2300 3209 2473 3273 οὕτως
2522 3210 2760 3264 ἐνταῦθα
2803 3209 2867 3263 τὸ
2911 3209 3068 3274 κῦδος
3119 3209 3226 3263 τῶν
3282 3207 3580 3279 ’Δσσυρίων
3637 3209 3730 3262 ἐπὶ
3774 3206 3894 3262 τῶν

617 3283 784 3357 ὤμων
818 3289 996 3343 αὐτῶν
1027 3288 1260 3361 εἴρηται·
1299 3293 1436 3362 ὅπερ
1451 3289 1915 3362 ἀφαιρεθήσεσθαι
1950 3294 2131 3349 αὐτῶν
2169 3297 2199 3351 ό
2230 3296 2388 3368 λόγος
2415 3301 2648 3355 ἀπειλεῖ.

684 3376 846 3434 Vsus.
869 3378 960 3440 26.
989 3379 1080 3436 27.
1120 3397 1139 3430 ι
1174 3379 1286 3434 Hoc
1314 3379 1698 3434 estconsilium
1735 3382 1877 3448 quod
1912 3385 2056 3450 cepit
2084 3385 2190 3439 Do-
2221 3392 2264 3448 c

2263 3426 2264 3443 χ
2374 3405 2394 3439 ι
2421 3387 2570 3461 Αὕτη
2601 3391 2634 3459 ή
2661 3389 2822 3461 βουλὴ
2862 3390 2929 3462 ἢν
2961 3389 3306 3461 βεϐούλευται
3357 3389 3562 3462 Κύριος
3605 3388 3699 3446 ἐπὶ
3752 3388 3890 3462 ὅλην

613 3470 796 3524 minus
837 3485 1001 3539 super
1030 3486 1246 3526 omnem
1278 3481 1477 3526 terram
1506 3489 1520 3526 :
1549 3483 1604 3525 et
1635 3473 1750 3526 haec
1776 3483 1858 3527 est
1884 3489 2075 3528 manus
2091 3491 2189 3530 ex-

2293 3480 2392 3552 τὴν
2417 3481 2762 3554 οἰκουμένην,
2798 3483 2892 3536 καλ⁵
2913 3480 3051 3554 αὕτη
3083 3484 3115 3554 ή
3142 3483 3263 3554 χεὶρ
3296 3483 3330 3553 ή
3364 3481 3542 3553 ὑψηλὴ
3576 3480 3669 3534 ἐπὶ
3705 3481 3890 3536 πάντα

612 3558 754 3613 celsa
795 3574 954 3627 super
979 3575 1166 3615 omnes
1192 3572 1398 3631 gentes.
1440 3563 1569 3628 Qua:
1600 3563 1743 3616 enim
1793 3564 1933 3618 Deus
1972 3574 2191 3621 sanatus

2290 3572 2361 3626 τά
2392 3572 2541 3644 ἔθνη.
2585 3576 2652 3626 ‘A
2701 3576 2810 3646 γάρ
2855 3576 2885 3626 ό
2927 3575 3058 3639 Θεὸς
3103 3577 3132 3627 ὁ
3175 3574 3330 3642 ἀγιος
3375 3573 3747 3645 βεϐούλευται,
3796 3573 3889 3636 τίς

612 3652 886 3713 decrevit,
918 3653 1038 3721 quis
1073 3653 1396 3723 dissipabit?
1437 3654 1500 3707 Et
1529 3670 1744 3709 manum
1770 3656 1886 3725 ejus
1918 3657 2188 3713 excelsam

2289 3660 2666 3726 διασκεδάσει;
2711 3664 2806 3716 καὶ
2839 3667 2938 3736 τὴν
2977 3666 3136 3736 χεῖρα.
3183 3663 3351 3717 αὐτοῦ
3400 3664 3499 3735 τὴν
3543 3662 3752 3734 ὑψηλὴν
3795 3662 3887 3727 τίς

612 3744 736 3811 quis
767 3743 1016 3798 avertet?
1049 3764 1066 3794 ι
1104 3746 1156 3798 Id
1184 3754 1292 3808 est,
1332 3745 1489 3814 quale
1511 3743 1776 3812 judicium
1803 3748 1869 3801 de
1894 3747 2185 3818 Babylone,

2289 3752 2657 3822 ἀποστρέψει;
2703 3771 2721 3803 ι
2764 3755 2834 3806 Ἦ
2881 3754 2976 3807 καὶ
3000 3755 3080 3806 ὅτι
3110 3753 3269 3807 ὁποία
3299 3754 3647 3825 ἐξενήνεκται
3698 3751 3885 3823 κρίσις

609 3843 667 3889 et
695 3838 762 3890 de
791 3836 905 3904 ejus
935 3836 1329 3891 habitatoribus
1355 3837 1519 3889 latum
1578 3847 1701 3900 est,
1754 3836 1859 3891 tale
1915 3838 2077 3891 etiam
2124 3839 2188 3893 de

2289 3842 2418 3911 περὶ
2463 3845 2562 3912 τῆς
2611 3841 2950 3906 Βαϐυλῶνος,
3004 3843 3099 3896 καὶ
3139 3844 3248 3897 τῶν
3293 3843 3499 3913 ταύτης
3552 3845 3883 3914 οἰκητόρων,

609 3930 741 3983 vi'ris
774 3930 1023 3984 omnibus
1049 3929 1222 3983 atheis
1251 3939 1304 3983 et
1342 3929 1546 3998 impiis_
1587 3931 1678 3998 qui
1714 3929 1897 3983 orbem
1936 3931 2187 3986 obtinue-

2286 3929 2505 4003 τοιαύτη
2528 3951 2612 3995 τις
2642 3932 2796 3986 ἔσται
2837 3933 2932 3986 καὶ
2959 3935 2992 4004 ἡ
3033 3935 3159 4006 περὶ
3183 3934 3414 4006 πάντωνῆ
3430 3934 3538 3988 τῶν
3568 3937 3666 4004 τῆς
3700 3935 3883 3986 οίκου-

611 4026 773 4083 runt,
803 4017 1032 4072 feretur.
1079 4017 1210 4072 Nam
1259 4020 1555 4073 secundum
1601 4019 1878 4088 aequitatis
1921 4020 2183 4074 rationem

2290 4025 2456 4095 μένης
2487 4025 2877 4096 κρατησάντων
2899 4024 3074 4080 ἀθέων
3095 4027 3189 4080 καὶ
3209 4027 3424 4081 ἀσεϐῶν
3463 4025 3674 4097 ἀνδρῶν
3694 4043 3707 4055 ·
3735 4025 3882 4078 κατά

611 4109 760 4178 paria
791 4111 1082 4178 patientur,
1111 4111 1198 4177 qui
1233 4111 1283 4163 iu
1317 4110 1519 4164 similes
1552 4110 1855 4178 impietates
1903 4109 2036 4179 lapsi
2069 4110 2184 4164 lue-

2286 4114 2393 4184 γὰρ
2421 4114 2509 4167 τὸν
2536 4112 2630 4166 τοῦ
2651 4115 2856 4167 δικαίου
2902 4113 3057 4182 λόγον
3090 4115 3369 4188 παρόμοια
3402 4116 3690 4170 πείσονται
3726 4118 3775 4169 oi
3803 4115 3882 4171 τὰ

612 4203 741 4254 rint.
786 4199 885 4254 Ubi
919 4199 1379 4266 subintelligamus
1413 4208 1659 4268 oportet,
1689 4210 1880 4270 gentes
1906 4202 2086 4255 albeis
2118 4209 2176 4255 et

2285 4206 2446 4274 ὃμοια
2489 4204 2956 4276 δυσσεϐήσαντες·
2995 4205 3497 4277 προσεπινοούντων
3533 4208 3690 4278 ἡμῶν
3715 4206 3875 4277 έθνη,

609 4292 787 4359 impiis
814 4291 1121 4346 hominibus
1162 4291 1386 4345 refertas
1417 4311 1429 4345 :
1463 4306 1566 4344 non
1596 4293 1738 4346 enim
1771 4295 1884 4347 haec
1912 4293 2033 4346 sine
2067 4293 2174 4346 ullo

2281 4297 2349 4348 τά
2380 4295 2488 4348 τῶν
2509 4294 2686 4348 ἀθέων
2710 4296 2805 4349 καὶ
2834 4295 3048 4349 ἀσεϐῶν
3088 4296 3328 4369 ἀνδρῶν·
3382 4298 3443 4350 οὐ
3483 4297 3588 4368 γὰρ
3635 4297 3880 4369 ἀκρίτως

607 4377 939 4442 discrimine,
973 4379 1037 4430 de
1068 4379 1171 4446 piis
1202 4389 1254 4431 et
1291 4379 1397 4433 Deo
1427 4381 1655 4433 addictis
1682 4382 1836 4446 viris,
1863 4383 2179 4451 accipienda

2279 4386 2450 4439 ταῦτα
2492 4384 2634 4441 κατά
2660 4385 2768 4439 τῶν
2797 4385 3037 4439 εὐσεϐῶν
3077 4388 3171 4440 καὶ
3222 4387 3329 4441 τῶν
3371 4388 3450 4458 τῷ
3493 4387 3610 4458 Θεῷ
3651 4391 3875 4442 ἀνακει-

607 4476 748 4521 sunt.
778 4467 897 4534 Quo
931 4469 1094 4538 igitur
1133 4468 1291 4522 modo
1321 4484 1478 4522 orsus
1501 4480 1616 4533 est,
1655 4472 1842 4532 eodem
1897 4481 1950 4526 et
1996 4474 2177 4539 desiit,

2284 4476 2458 4546 μένων
2504 4475 2820 4547 ἐκδέχεσθαι
2868 4478 3165 4549 προσήκει.
3240 4479 3454 4551 ’Ὠσπερ
3514 4475 3607 4533 οὖν
3645 4479 3872 4552 ἤρξατο.

609 4558 909 4613 universale
930 4560 1020 4612 Dei
1059 4559 1124 4614 de
1145 4559 1396 4613 omnibus
1422 4559 1702 4615 ferendum
1722 4565 1983 4632 judicium
2024 4583 2175 4621 com-

2279 4568 2464 4622 τοῦτον
2495 4569 2589 4622 καὶ
2620 4569 2932 4644 συνετέλεσε
2963 4569 3055 4622 τὸν
3094 4570 3295 4642 τρόπον
3329 4571 3431 4640 τῆς
3471 4573 3611 4625 κατά
3653 4573 3876 4627 πάντων

611 4664 917 4704 Inemorans
944 4691 960 4716 ,
990 4659 1046 4703 ut
1094 4665 1281 4706 omnes
1320 4655 1410 4724 qui
1442 4652 1782 4724 Seripturam
1815 4657 2075 4728 legerint,
2110 4662 2173 4714 ad

2278 4659 2571 4729 καθολικῆς
2618 4658 2712 4712 τοῦ
2751 4658 2887 4711 Θεοῦ
2938 4659 3174 4730 κρίσεως
3216 4660 3531 4728 ἀναγκαίως
3566 4662 3875 4733 μνημονεύ-

607 4740 1009 4793 conversionem
1047 4742 1262 4798 invitet.
2210 4740 2234 4794 Ῑ

2242 4745 2254 4790 ⁵
2285 4769 2406 4814 σας·
2435 4751 2574 4804 ὥστε
2609 4750 2932 4822 ἐπιστρέψαι
2963 4750 3174 4814 πάντας
3194 4752 3320 4816 τοὺς
3345 4752 3767 4824 ἐντυγχάνοντας
3799 4758 3869 4828 τῇ

2282 4843 2495 4914 Γραφῇ.

678 4918 838 4976 Vsus.
867 4919 959 4984 28,
992 4921 1061 4976 29
1142 4939 1159 4974 t
1203 4922 1256 4976 lu
1306 4939 1448 4978 anno
1493 4941 1600 4993 quo
1650 4937 1896 4982 mortuus
1944 4937 2025 4982 est
2085 4946 2178 4984 rex

2354 4955 2372 4986 ι
2419 4935 2524 4987 Τοῦ
2562 4934 2712 4997 ἔτους
2751 4927 2811 4986 οὗ
2858 4934 3124 4988 ἀπέθανεν
3153 4936 3182 4989 ὁ
3211 4934 3464 5006 βασιλεὺς
3514 4935 3699 5007 ’Δχάζ,
3742 4938 3872 5006 ἐγε-

603 5011 782 5063 Achaz
805 5051 821 5075 ,
845 5009 1045 5065 lactent
1071 5022 1154 5067 est
1180 5014 1398 5068 verbum
1433 5017 1606 5070 istud:
1640 5017 1713 5072 Ne
1745 5019 2019 5086 lzetemini,
2045 5021 2175 5073 alie—

2281 5029 2416 5099 νήθη
2443 5028 2504 5080 τὸ
2531 5029 2683 5098 ῥῆμα
2709 5027 2895 5080 τοῦτο·
2925 5027 3017 5099 Μὴ
3040 5029 3455 5100 εὐφρανθείητε,
3496 5032 3548 5084 οἱ
3575 5031 3868 5100 ἀλλόφυλοι

556 5168 557 5171 η
606 5101 813 5167 nigena:
841 5115 1048 5165 omnes,
1078 5105 1369 5158 contritum
1420 5116 1504 5160 est
1555 5109 1698 5163 enim
1744 5109 1937 5179 jugum
1981 5127 2174 5179 percn-

2280 5123 2508 5184 πάντεςο
2543 5120 2832 5191 συνετρίϐη
2863 5121 2972 5192 γάρ
3004 5123 3032 5175 ὁ
3065 5121 3228 5190 ζυγὸς
3272 5123 3365 5176 τοῦ
3409 5124 3661 5190 παίοντος
3697 5126 3863 5196 ὑμᾶς.

608 5191 785 5244 lientis
808 5207 901 5245 vos
934 5209 949 5245 :
987 5208 1106 5246 nam
1141 5210 1204 5246 ex
1236 5195 1440 5249 semine
1493 5209 1806 5267 serpentum
1864 5203 2174 5271 egredietur

2279 5215 2344 5265 ὲκ
2373 5213 2481 5283 γὰρ
2521 5212 2833 5282 σπέρματος
2867 5191 3040 5282 ὄφεων
3076 5212 3418 5278 ἐξελεύσεται
3455 5217 3654 5285 ἔγγονα
3701 5191 3871 5272 ἀσπί-

605 5281 779 5348 proles
805 5284 1022 5349 aspidis,
1052 5296 1104 5337 et
1138 5286 1227 5338 lilii
1258 5303 1446 5340 eorum
1491 5291 1840 5355 cgredientur
1891 5305 2173 5360 serpentes

2277 5302 2402 5365 δων,
2429 5281 2524 5355 καὶ
2545 5303 2613 5354 τὰ
2633 5281 2838 5370 ἔγγονα
2875 5281 3055 5358 αὐτῶν
3093 5305 3464 5371 ἐξελεύσονται
3496 5281 3667 5376 ⁷ϐφεις
3701 5311 3865 5362 πετό-

604 5371 865 5423 volantes.
911 5391 928 5423 ι
975 5371 1172 5426 Laatari
1206 5376 1357 5429 vobis
1395 5380 1628 5431 nandum
1658 5383 1992 5448 permittitur
2068 5384 2170 5438 etsi

2280 5411 2448 5463 μενοι.
2488 5413 2504 5445 ι
2537 5393 2733 5446 Οὐκέτι
2772 5394 2990 5464 ἀφίεται
3024 5397 3152 5466 ὑμῖν
3194 5371 3600 5469 εὐφραίνεσθαι,
3627 5401 3864 5454 οάποθα-

605 5471 815 5515 mortuo
847 5479 968 5532 rege
996 5464 1196 5533 impio,
1247 5469 1312 5523 de
1358 5486 1469 5539 quo
1517 5469 1644 5523 olim
1695 5472 2036 5541 gnudebalis,
2083 5477 2172 5543 pio

2274 5486 2455 5549 νόντος
2508 5486 2606 5556 μὲν
2636 5485 2730 5539 τοῦ
2777 5488 3007 5550 ἀσεϐοῦς
3057 5464 3320 5559 βασιλέως
3365 5492 3451 5559 ἐφ’
3500 5486 3544 5559 ᾦ
3587 5493 3648 5546 τὸ
3691 5493 3861 5547 πάλαι

607 5562 782 5606 autem
837 5555 954 5608 viro
1002 5558 1282 5625 imperium
1331 5562 1678 5629 suscipiente,
1719 5567 1857 5620 utin
1890 5565 2169 5636 Paralipo-

2275 5578 2529 5651 ἐχάρητε,
2564 5578 2844 5642 θεοσεϐοῦς
2871 5581 2928 5634 δὲ
2965 5555 3159 5652 ἀνδρὸς
3200 5582 3296 5653 τὴν
3336 5555 3863 5657 ἀρχὴν-διαδεξαμέ-

607 5658 795 5695 menou
822 5642 858 5697 Il
885 5646 1019 5699 libro
1055 5649 1120 5702 de
1148 5649 1375 5707 Ezecbia
1400 5652 1710 5707 declaratur
1732 5695 1747 5718 ,
1795 5669 1849 5711 et
1879 5657 1931 5710 in
1970 5669 2170 5725 quarto

611 5726 897 5750 D-.__-.._--,,_
958 5734 997 5750 Λ
1182 5737 1192 5750 1
1310 5739 1342 5750 ι.
1523 5741 1534 5750 .
1691 5743 1700 5750 .
1752 5745 1762 5750 -
1864 5747 1873 5750 -
1973 5746 1982 5750 -
2042 5748 2049 5750 .

2275 5642 2393 5720 νὸυί
2435 5642 2514 5732 ῶς
2565 5670 2624 5721 ἐν
2665 5672 2728 5740 τῇ
2776 5670 3006 5743 δευτέρᾳ
3237 5642 3729 5747 ίιαραλειπομένων
3765 5642 3860 5750 ’τῷ

610 5726 926 5797 Regnorum.
956 5734 1415 5800 Quemadmodum
1449 5741 1591 5794 eiiim
1622 5743 1721 5798 sub
1751 5745 1916 5817 impio
1957 5746 2137 5804 Acha:

2287 5725 2510 5831 Ἐζεκία⁷
2531 5725 3095 5833 μεμαρτύρηταίίκαὶ
3123 5725 3181 5820 ἐν

673 5845 735 5876 ¹⁸¹
776 5842 918 5902 Psal.
941 5865 1091 5917 xxiii,
1124 5853 1176 5906 i.
1249 5854 1339 5886 7'“
1368 5855 1491 5912 lsai.
1524 5869 1606 5926 ix,
1638 5856 1708 5930 6.!
