4120 6294
150 310 242 368 ειη
1110 312 1617 373 ΕΟΜΜΕΝΤΑΒΙΑ
1655 317 1725 373 ΙΝ

1846 316 2026 376 “AM.
2071 346 2137 361 -
2172 316 2327 376 CAP.
2371 316 2515 376 XIV.

3352 328 3458 383 198

146 437 320 492 hui».
353 437 559 511 Ὠσπερ
581 436 693 511 γὰρ
720 440 819 493 tm
847 438 954 494 τοῦ
990 439 1219 503 ἀσεϐοῦς
1255 441 1443 511 ’Λχάζ,
1486 441 1639 505 ιίκδς
1676 437 1742 514 ἦν

1859 439 2147 511 allophylis
2194 440 2462 510 gaudendi
2512 447 2568 495 et
2621 440 2836 495 laetandi
2885 456 3051 498 causa
3100 442 3327 506 aderat.
3380 448 3455 501 ita

148 533 355 600 χιίρειν
386 531 483 585 καὶ
528 530 929 603 εὐφραίνεσθαι
986 533 1114 596 τοὺς
1162 532 1518 602 ἀλλοφύλους,
1571 534 1749 598 οὕτως

148 625 234 675 ἐπὶ
279 624 379 675 τοῦ
430 624 640 678 δικαίου
689 624 889 696 ἀνδρὸς
942 625 1037 679 τοῦ
1095 626 1361 691 Ἐζεκίου,
1403 628 1746 702 εύκαίρωςὴ

147 716 458 785 προφητεία
509 716 906 789 ἀποτεινομὲνη
972 719 1109 790 πρὸς
1181 719 1383 784 αὐτούς
1449 738 1605 790 φησι·
1655 720 1747 794 Μὴ

146 807 565 879 ὠφρανθείητε,
600 808 891 879 ἀλλόφυλοι
911 827 925 843 ·
960 810 1127 865 πάλαι
1160 812 1257 883 μὲν
1292 813 1403 884 γάρ
1433 816 1513 867 ἐτι
1541 813 1748 879 ζῶντος

144 898 232 950 τοῦ
273 900 473 968 ’Δχάζ,
497 900 593 952 καὶ⁵
615 900 682 953 τά
711 900 885 973 ὶχθρά
916 902 995 972 τῷ
1032 902 1152 975 Θεῷ
1200 906 1557 975 πράττοντος,
1599 907 1749 971 είκδς

146 985 206 1057 ἦν
230 991 379 1061 ὑμᾶς
398 990 810 1060 εὐφραίνεσθαι,
834 993 1020 1065 ἐπειδὴ
1047 996 1431 1067 συνετέτριπτο
1448 997 1541 1051 τοῦ
1582 999 1749 1068 Ἀχάζ

147 1081 389 1149 ὀζυγὸς,
440 1081 518 1141 ὡς
560 1082 634 1153 μὴ
683 1082 945 1138 δύνασθαι
985 1087 1149 1139 αὑτὸν
1200 1088 1525 1142 ὑποτάττειν
1578 1090 1744 1159 ὑμᾶς,

147 1173 278 1244 μηδὲ
320 1176 415 1227 τὸν
460 1176 561 1245 τῆς
589 1177 765 1249 ἀρχῆς
808 1177 973 1231 αὑτοῦ
1028 1179 1193 1247 ζυγὸν
1244 1182 1544 1237 ίπιτιθέναι
1579 1185 1742 1255 ὑμῖν·

142 1267 327 1338 διόπερ
350 1267 690 1339 ἐπληθύνετο
708 1271 778 1324 τά
802 1272 951 1326 κακά
974 1273 1065 1326 καὶ
1090 1272 1281 1347 ὥσπερ
1304 1276 1532 1348 μηδενὸς
1561 1278 1749 1331 natav-

144 1375 246 1423 τος,
277 1361 312 1429 η
331 1361 645 1430 ὲρπυστική
672 1379 729 1413 τε
758 1364 853 1415 καὶ
885 1362 1088 1428 ίοϐόλος
1135 1365 1245 1419 τῶν
1287 1366 1543 1439 πονηρῶν
1586 1386 1749 1421 πνευ-

144 1451 329 1518 μάτων
383 1450 618 1521 δύναμις
671 1452 1034 1522 ἐπληθύνετο·
1078 1456 1199 1509 νυνὶ
1235 1456 1293 1510 δὲ
1334 1442 1432 1529 την
1466 1459 1746 1528 βασιλείαν

144 1543 532 1613 διαδεξαμένου
562 1545 754 1617 ἀνδρὸς
778 1545 1087 1613 θεοσεϐοῦς,
1118 1550 1301 1604 οὐκέτι
1333 1552 1555 1623 χαίρετε
1585 1553 1660 1619 ὡς
1686 1554 1746 1608 τὸ

144 1634 301 1705 πρίνσ
342 1635 624 1707 ἐφέστηκε
663 1636 771 1707 γὰρ
800 1638 929 1708 ὑμῖν
962 1640 991 1693 ό
1014 1640 1190 1695 παίων
1214 1642 1324 1697 ’καὶ
1364 1643 1607 1706 τύπτων,
1652 1646 1747 1700 καὶ

145 1728 498 1798 σωφρονίζων
550 1730 713 1800 ὑμᾶς.
768 1730 1106 1803 Ἐπληροῦτο
1144 1734 1201 1788 δι
1241 1737 1336 1789 καὶ
1378 1736 1556 1791 ταῦτα
1604 1740 1743 1810 πρὸς

1851 533 1951 586 sub
1976 532 2124 599 justo
2158 531 2275 585 viro
2305 530 2538 586 Ezechia
2565 570 2581 595 ,
2626 543 2931 601 opportune
2976 532 3263 604 Scriptura
3306 536 3456 606 ipsos

1853 624 2137 693 alloquens
2197 622 2303 689 ait,
2380 623 2458 677 Ne
2536 624 2827 688 laetemini,
2888 624 3209 695 alienigenae
3259 645 3273 681 :
3320 629 3452 682 olim

1849 718 2051 785 quippe
2082 716 2303 770 Achazo
2338 716 2655 784 superstite,
2693 731 2757 771 ac
2804 730 2996 785 perosa
3044 718 3158 772 Deo
3211 718 3451 773 facinora

1850 808 2066 873 edente,
2096 823 2265 862 causa
2293 809 2450 863 vobis
2476 810 2741 877 gaudendi
2781 821 2936 875 erat,
2976 812 3101 878 quia
3150 812 3449 866 contritmn

1849 908 1969 952 erat
2002 899 2452 970 Achazijugum;
2487 901 2559 954 ita
2607 911 2666 955 ut
2719 916 2824 955 non
2880 913 3065 971 posset
3121 918 3221 957 vos
3281 904 3453 969 subji-

1850 1004 2012 1053 cere,
2062 1004 2236 1058 neqne
2290 990 2502 1059 imperii
2554 991 2637 1044 sui
2679 990 2871 1060 jugum
2928 991 3083 1046 vobis
3113 991 3449 1061 imponere:

1849 1092 2187 1151 quapropter
2212 1081 2719 1152 multiplicaliantur
2753 1082 2893 1137 mala
2918 1123 2933 1146 ,
2964 1098 3029 1137 ac
3051 1124 3066 1146 ,
3120 1094 3307 1154 utpote
3361 1100 3454 1140 nec

1851 1172 1998 1227 mine
2032 1175 2404 1243 percutiente,
2437 1174 2711 1243 reptilium
2750 1184 2804 1228 et
2853 1184 3246 1231 venenatorum
3284 1176 3453 1245 apiriv

1855 1272 2005 1317 tuum
2044 1264 2405 1335 malignorum
2458 1267 2541 1320 vis
2589 1267 2908 1335 augebatur.
2958 1264 3078 1325 Jam
3135 1284 3266 1323 vero
3298 1278 3452 1338 post-

1852 1368 2015 1421 quam
2063 1355 2148 1407 vir
2200 1354 2491 1425 religiosus
2540 1372 2765 1425 regnum
2812 1362 3067 1428 excepit,
3102 1374 3169 1413 ne
3218 1360 3453 1431 amplius

1850 1446 2107 1500 laetemini
2143 1456 2200 1499 ut
2233 1458 2394 1503 antea
2432 1465 2445 1500 :
2481 1448 2813 1502 iustatenim
2847 1450 3002 1505 vobis
3050 1453 3143 1520 qui
3179 1454 3454 1520 percutiat

1849 1549 1905 1593 et
1941 1542 2232 1601 verberet,
2281 1553 2490 1608 vosque
2538 1541 2607 1593 ad
2655 1554 2845 1595 sanam
2910 1551 3149 1597 mentem
3201 1544 3451 1600 reducat.

1850 1628 1976 1684 Hac
2001 1646 2164 1700 porro
2196 1631 2263 1685 ad
2293 1631 2530 1687 litteram
2570 1634 2838 1703 completa
2881 1644 3011 1687 sunt
3054 1637 3159 1689 sub
3190 1634 3448 1703 Ezecltia,

1850 1723 1917 1777 de
1951 1739 2057 1792 quo
2079 1725 2283 1779 dictum
2306 1737 2391 1780 est
2420 1727 2472 1779 in
2508 1726 2647 1779 libro
2675 1738 2871 1795 quarto
2896 1726 3238 1798 Regnorum,
3270 1746 3289 1779 ι
3322 1726 3447 1799 ipse

142 1816 279 1881 λέξιν
323 1820 426 1871 ἐπὶ
470 1798 877 1886 τοῦτἘζεκίου,
914 1798 1041 1894 ⁴περὶ.
1076 1817 1138 1878 οὗ
1183 1825 1399 1897 εἴρηται
1435 1830 1494 1882 ὲν
1541 1832 1606 1901 τῇ

1850 1816 2115 1884 percussit
2159 1815 2461 1886 allopliylos
2488 1830 2675 1885 usque
2707 1818 2773 1871 ad
2824 1815 3054 1883 Gazam,
3087 1828 3142 1874 et
3180 1798 3445 1888 usquead

144 1910 308 1983 τάρτῃ
336 1910 455 1963 τῶν
486 1911 815 1965 ΒασιλειιῖΝ·
864 1932 882 1965 ι
920 1915 1093 1979 Αὐτὸς
1135 1916 1377 1983 ἐπάταξε
1415 1921 1542 1984 τοὺς
1585 1920 1744 1974 ἀλλο-

144 2000 337 2064 Φύλους
360 2002 474 2064 ἕως
508 2001 711 2072 Γάζης,
745 2003 842 2055 καὶ
871 2004 977 2068 ἓως
1005 2005 1171 2076 ὁρίων
1193 2008 1366 2078 αὐτῆς
1388 2011 1497 2063 ἀπὸ
1531 2011 1742 2083 πύργου

146 2090 535 2159 φυλασσόντων
559 2093 664 2157 ἕως
696 2095 905 2159 ¹ιιπόλεως
932 2098 1157 2168 ὀχυρᾶς.
1190 2117 1208 2150 ι
1238 2099 1350 2153 Καὶ
1382 2102 1585 2173 ταύτην
1613 2105 1657 2157 δ’
1678 2104 1745 2157 ἂν

148 2182 288 2253 σχοίη
322 2183 429 2253 τὴν
458 2184 701 2237 διάνοιαν
727 2186 788 2239 τὸ
822 2187 1129 2258 είρημένον,
1158 2208 1175 2239 ι
1206 2191 1297 2261 Μὴ
1326 2192 1741 2265 εὐφρανθείητε,

144 2274 453 2343 ἀλλόφυλοι,
495 2296 516 2327 a
556 2277 698 2346 μέγα
728 2278 1055 2349 φρονοῦντες
1083 2282 1175 2333 ἐπὶ
1200 2278 1323 2347 τοῖς
1364 2286 1744 2357 νομιζομένοις

145 2366 263 2435 ὑμῖν
293 2367 465 2431 θεοῖς,
510 2368 591 2439 τῷ
639 2369 852 2439 μηδένα
890 2366 1032 2425 εἶναι
1088 2372 1179 2426 τὸν
1207 2376 1563 2446 συντρίϐοντα
1597 2380 1743 2450 ὑμᾶς

142 2458 221 2512 διὰ
241 2458 344 2531 την
372 2459 474 2513 τοῦ
503 2461 775 2532 παρόντος
818 2463 1010 2535 καιροῦ
1048 2467 1369 2539 μοχθηρίαν.
1407 2470 1470 2524 El
1498 2472 1608 2542 γὰρ
1647 2474 1742 2526 καὶ

143 2550 202 2601 τα
235 2551 484 2619 μάλιστα
531 2552 818 2625 συνετρίδη
861 2556 889 2608 ὁ
922 2554 1084 2624 ζυγὸς
1129 2558 1225 2611 τοῦ
1272 2562 1528 2626 παίοντος
1575 2565 1741 2635 ὑμᾶς,

268 2645 332 2697 ού
375 2645 522 2717 ’πρὸς
552 2646 707 2717 ὑμῶν
748 2648 965 2716 ἐγένετο
1004 2651 1200 2715 ταῦτα,
1246 2654 1339 2707 ἐπὶ
1382 2655 1539 2726 κακῷ
1576 2656 1632 2711 δὲ
1666 2657 1743 2729 τῷ

142 2732 408 2805 ὑμετέρῳ.
451 2737 700 2807 Μηδενὸς
731 2739 840 2810 γάρ
868 2740 1012 2810 ὑμᾶς
1053 2742 1327 2808 παίοντος,
1376 2746 1509 2817 μηδὲ
1547 2765 1744 2801 ταπει-

142 2825 377 2889 νοῦντος,
418 2828 556 2898 μηδὲ
589 2830 1031 2901 ἐπιστρέφοντος,
1074 2834 1244 2904 πολλή
1278 2852 1363 2898 τις
1393 2839 1451 2890 ὲν
1491 2839 1618 2909 ύμῖν
1645 2840 1742 2907 γέ-

141 2936 286 2985 γονεν
312 2922 581 2993 ἐπιτριεὴ
614 2922 823 2980 κακῶν.
871 2926 931 2977 Οἱ
975 2928 1086 2996 γὰρ
1134 2927 1301 2981 πάλαι
1360 2928 1537 2998 ὄφεων
1580 2932 1741 3003 δίκην

138 3014 250 3074 ταῖς
294 3014 604 3084 ὑμετέραις
648 3014 851 3086 ψυχαῖς
910 3017 1344 3087 ἐμφωλεύοντες,
1400 3021 1459 3075 ἐν
1518 3039 1578 3075 τε
1624 3028 1742 3089 τοῖς

140 3107 427 3178 ὑμετέροις
462 3110 636 3179 ἱεροῖς
658 3125 718 3161 τε
744 3110 841 3163 καὶ
871 3114 1039 3177 ναοῖς,
1069 3112 1147 3177 ὼς
1178 3114 1241 3186 δὴ
1265 3114 1398 3179 θεοὶ,
1428 3117 1743 3189 ἑφεδρεύον-
1769 3147 1812 3205 C

137 3213 220 3260 τες
243 3198 479 3268 πονηροὶ
510 3199 783 3270 δαίμονες,
820 3201 997 3273 δεινὴν
1040 3205 1205 3276 γονὴν
1246 3208 1339 3259 καὶ
1386 3207 1610 3279 σπέρμα
1645 3227 1743 3262 πο-

138 3291 291 3359 νηρὸν
313 3292 667 3363 ἀπεκύησαν*
701 3294 775 3357 ὡς
794 3296 1025 3361 ἀσπίδας
1045 3295 1106 3362 ἐξ
1128 3298 1309 3352 αὐτῶν
1342 3302 1656 3369 γεννᾶσθαι,
1680 3304 1743 3357 τὸ

138 3384 350 3437 πῶν-των
387 3383 503 3437 τῶν
527 3385 750 3439 ἰοϐόλων
778 3388 1054 3457 χείριστον
1074 3407 1088 3420 ·
1130 3392 1201 3446 ὲκ
1223 3392 1430 3447 τούτων
1462 3411 1523 3448 τε
1558 3395 1742 3449 αὐτῶν

138 3476 321 3541 ἀλλους
357 3480 664 3550 ὑποστῆναι
687 3481 840 3551 ὄφεις
854 3482 941 3536 τὸν
970 3483 1110 3557 ἀέρα
1128 3484 1535 3558 διιπταμένους.
1553 3489 1741 3545 Ταῦτα

141 3571 232 3637 μὲν
266 3567 367 3624 οὖν
395 3572 542 3625 κατά
564 3572 656 3625 τὸν
685 3574 927 3644 παρόντα
954 3578 1148 3648 καιρὸν
1186 3579 1249 3632 ού
1288 3583 1421 3653 παρ’
1460 3582 1590 3652 ὑμῖν
1640 3584 1739 3654 μό-

138 3676 239 3723 νοις
259 3665 377 3725 τοῖς
398 3663 741 3731 ἀλλοφύλοις,
785 3666 883 3738 ἤδη
923 3668 978 3721 δὲ
1014 3670 1108 3723 καὶ
1139 3672 1267 3743 παρ’
1300 3673 1449 3745 αὐτῷ
1491 3674 1569 3746 τῷ
1602 3662 1743 3749 χρη-

143 3753 419 3819 ματίζοντι
450 3754 570 3824 λαῷ
598 3755 733 3809 Θεοῦ
764 3758 994 3829 πληθύει
1022 3778 1035 3791 ⁸
1072 3761 1149 3826 ὡς
1180 3765 1359 3818 πάντα
1398 3767 1599 3839 τρόπον
1639 3784 1739 3822 πε-

140 3842 462 3914 πληρῶσθαι
501 3846 593 3900 τὸν
626 3849 785 3919 ἀέρα,
824 3851 1197 3923 διιπταμένων
1232 3855 1428 3925 δφεων,
1456 3861 1549 3912 καὶ
1579 3861 1741 3929 ἐκγό-

134 3950 233 3986 νων
258 3936 533 4000 ἀσπίδων,
582 3940 835 4012 πονηρῶν
865 3961 1025 3997 τινων
1059 3946 1155 4000 καὶ
1188 3946 1534 4017 λυμαντικῶν
1577 3971 1741 4006 πνευ-

385 4028 825 4101 Ἀναδειχθέντος
870 4034 928 4087 δὲ
972 4039 1115 4092 κατά
1162 4041 1353 4113 καιρὸν
1394 4042 1489 4095 τοῦ
1519 4045 1737 4098 πάντων

137 4115 340 4169 τούτων
368 4117 650 4189 όλετῆρος,
704 4124 1015 4192 οἰχήσονται
1061 4129 1155 4181 καὶ
1206 4131 1253 4181 oi
1305 4128 1481 4199 ὄφεις,
1540 4133 1635 4184 καὶ
1678 4134 1737 4186 ai

404 4213 482 4265 τά
531 4229 591 4264 τε
638 4215 844 4268 τούτων
889 4220 1105 4292 πονηρά
1144 4222 1369 4292 ἔκγονα·
1414 4225 1490 4291 ὡς
1534 4227 1733 4298 μηκέτι

139 4304 381 4373 ἐνεργεῖν
417 4303 593 4357 ταῦτα
623 4308 679 4358 ὲν
711 4307 1043 4380 ἀνθρώποις.

209 4414 227 4444 ι
262 4394 733 4466 Βοσκηθήσονται,
784 4419 802 4450 ι
841 4403 948 4473 γάρ
980 4420 1136 4473 φησι,
1169 4424 1186 4456 ι
1216 4409 1423 4476 πτωχοὶ
1452 4408 1519 4461 δι’
1542 4409 1729 4463 αὐτοῦ’

1851 1910 2116 1963 terminos
2140 1908 2279 1976 ejus,
2312 1924 2339 1961 a
2380 1911 2511 1963 turri
2539 1909 2838 1965 Custodum
2870 1926 3056 1981 usque
3072 1912 3139 1967 ad
3171 1914 3449 1969 civitatem

1847 2000 2111 2053 munitam
2147 2001 2213 2053 ⁷⁸.
2262 2019 2281 2052 ι
2314 1998 2380 2054 Ει
2421 2001 2536 2055 haec
2576 2013 2797 2069 quoque
2843 2002 2975 2055 dicti
3028 2002 3299 2058 sententia
3331 2002 3451 2057 fue—

1848 2092 1941 2155 rit,
1989 2110 2009 2143 ι
2049 2090 2127 2148 Ne
2156 2092 2440 2155 laetemini,
2475 2092 2818 2161 alienigena,
2857 2113 2877 2146 ι
2918 2109 3176 2165 magnum
3206 2097 3451 2151 sentien-

1849 2190 1928 2237 tes
1962 2198 2125 2252 super
2156 2184 2221 2237 iis
2241 2224 2256 2247 ,
2290 2200 2427 2253 quas
2458 2186 2589 2239 deos
2635 2200 2758 2240 esse
2806 2189 3008 2255 putatis
3029 2228 3045 2254 ,
3076 2189 3233 2259 quasi
3266 2188 3453 2244 nullus

1846 2278 1917 2329 sit
1943 2275 2014 2330 ob
2044 2278 2333 2343 praesentis
2366 2277 2629 2344 temporis
2653 2278 2977 2345 nequitiam,
3008 2280 3100 2347 qui
3133 2294 3231 2334 vos
3256 2291 3449 2335 eonte-

1849 2380 1931 2422 rat
1963 2378 2020 2423 et
2056 2369 2350 2438 opprimat.
2394 2367 2621 2423 Etiamsi
2654 2373 2800 2424 enim
2840 2371 3095 2425 attritum
3124 2372 3209 2425 sit.
3252 2372 3447 2443 jugum

1844 2463 1982 2532 ejus,
2013 2462 2105 2524 qui
2139 2476 2232 2515 vos
2260 2463 2645 2531 percutiebat;
2696 2465 2749 2519 id
2791 2476 2941 2520 certe
2974 2480 3079 2518 non
3120 2480 3152 2519 e
3182 2481 3240 2520 re
3269 2478 3449 2521 vestra

1846 2554 2045 2621 fuerit;
2095 2554 2206 2610 imo
2258 2556 2439 2625 potius
2486 2555 2540 2609 in
2621 2558 2882 2613 damnum
2932 2568 3174 2612 vestrum
3220 2568 3321 2614 est.
3376 2559 3450 2614 At

1844 2649 1990 2703 cnim
2029 2647 2251 2702 nemine
2283 2662 2377 2701 vos
2408 2651 2773 2717 percutiente.
2825 2651 3044 2703 nemine
3076 2652 3445 2721 deprimente.

1846 2740 1932 2794 vel
1966 2740 2327 2808 enrripienle,
2364 2756 2557 2808 magna
2603 2742 2654 2795 in
2708 2741 2862 2797 vobis
2909 2741 3176 2796 malorum
3222 2744 3306 2797 vis
3360 2743 3451 2797 in-

1846 2832 2039 2887 valuit.
2074 2832 2212 2887 Nam
2263 2836 2357 2903 qui
2398 2834 2527 2887 olim
2574 2836 2919 2903 serpentium
2950 2836 3124 2889 instar
3153 2836 3204 2889 in
3234 2836 3448 2891 anima—

1846 2941 1968 2980 rum
2009 2936 2315 2981 vestrarum
2349 2927 2593 2981 latibulis
2624 2928 2860 2995 agebant
2885 2967 2901 2991 ,
2935 2938 3103 2997 atque
3157 2928 3211 2982 in
3248 2930 3449 2984 vestris

1846 3011 2092 3075 delubris
2139 3035 2205 3074 ac
2266 3019 2502 3089 templis,
2548 3021 2709 3075 veluti
2754 3021 2866 3084 dii,
2929 3022 3086 3076 sedes
3148 3021 3445 3085 habebant,

1848 3114 2071 3181 maligni
2110 3112 2391 3167 daemones
2420 3153 2435 3171 .
2469 3113 2644 3166 diram
2679 3112 2886 3181 prolem
2921 3127 2985 3167 ac
3015 3126 3201 3167 semen
3236 3113 3447 3181 impro-

1849 3207 1974 3260 bum
2003 3205 2341 3269 emiserunt;
2377 3207 2449 3258 ita
2484 3214 2543 3257 ut
2582 3220 2646 3258 ex
2689 3204 2794 3259 illis
2827 3204 3046 3273 aspides
3071 3204 3445 3275 gignerentur,

1846 3300 1989 3368 quod
2041 3308 2127 3352 est
2184 3300 2429 3352 omnium
2480 3307 2880 3352 venenatorum
2945 3298 3324 3362 teterrimum;
3378 3312 3447 3351 ex

1846 3390 2022 3459 iisque
2050 3389 2140 3443 alii
2176 3390 2309 3444 editi
2354 3390 2463 3444 sint
2512 3397 2799 3457 serpentes
2850 3403 2949 3456 per
2996 3402 3127 3441 aera
3174 3387 3441 3442 volantes.

1845 3479 1973 3535 Haec
2017 3495 2182 3549 porro
2234 3481 2288 3533 in
2342 3478 2627 3548 praesenti,
2694 3494 2802 3533 non
2866 3480 3012 3548 apud
3083 3494 3181 3533 vos
3233 3488 3443 3532 tantum

1844 3571 2179 3641 alienigenas
2203 3612 2220 3638 ,
2254 3572 2349 3626 sed
2374 3574 2538 3625 etiam
2573 3572 2714 3640 apud
2750 3585 2874 3624 eum
2900 3611 2914 3636 ,
2954 3571 3048 3638 qui
3090 3570 3323 3639 populus
3347 3569 3443 3624 Dei

1845 3675 2090 3732 vocatur,
2119 3680 2315 3734 magno
2349 3679 2583 3718 numero
2623 3664 2933 3728 habentur;
2986 3665 3059 3717 ita
3113 3672 3173 3718 ut
3218 3677 3446 3732 prorsus

1843 3774 1937 3812 aer
1986 3760 2264 3827 repleatur
2316 3759 2671 3827 serpentibus
2734 3757 3129 3821 volitantibus,
3203 3770 3268 3810 ac
3320 3755 3446 3810 filiis

1843 3855 2089 3922 aspidum
2118 3894 2132 3916 ,
2171 3854 2425 3923 malignis
2454 3852 2669 3907 scilicet
2694 3850 3030 3920 quibusdam
3082 3866 3147 3905 ac
3194 3850 3446 3905 exitiosis

1842 3947 2146 4015 spiritibus.
2180 3945 2319 4000 Cum
2352 3955 2533 3999 autem
2572 3945 2615 3999 is
2641 3983 2655 4011 ,
2690 3944 2780 4013 qui
2829 3944 2944 3996 haec
2978 3942 3159 3996 omnia
3194 3943 3444 3997 sublatu-

1844 4055 1935 4092 rus
1968 4050 2073 4099 est.
2106 4054 2205 4093 suo
2240 4048 2487 4106 tempore
2516 4036 2828 4101 advenerit,
2854 4044 2909 4088 et
2942 4034 3283 4105 apparuerit,
3312 4043 3443 4089 tunc

1841 4140 2151 4197 serpentes,
2183 4130 2424 4198 aspidcs,
2447 4142 2750 4195 earumque
2776 4127 3022 4197 improba
3047 4123 3228 4193 proles
3254 4125 3445 4180 absce-

1841 4222 2012 4286 dent;
2056 4219 2126 4272 ita
2161 4228 2220 4274 ut
2249 4221 2365 4274 haec
2389 4220 2443 4274 in
2480 4219 2733 4273 homines
2766 4219 2876 4271 vim
2926 4216 3065 4271 ultra
3125 4230 3232 4269 non
3285 4230 3443 4270 exer-

1839 4324 2021 4369 ceant.

1911 4402 2077 4460 Vatis.
2115 4405 2204 4459 30.
2231 4403 2367 4458 Nam
2404 4422 2423 4456 ‹
2458 4413 2774 4471 pascentur,
2806 4402 3005 4471 inquit,
3032 4418 3130 4471 per
3157 4417 3281 4456 eum
3306 4416 3442 4471 pau-

140 4485 369 4554 πένητες
426 4486 487 4540 δὲ
543 4487 820 4561 ἄνθρωποι
866 4494 953 4545 ἐπ’
1009 4496 1231 4566 εἰρήνης
1284 4498 1729 4553 ἀναπαύσονταιο

1846 4511 2000 4565 percs
2037 4514 2052 4549 ε
2094 4499 2282 4565 inopes
2311 4503 2494 4549 autem
2525 4494 2775 4549 homines
2814 4493 2865 4546 iu
2923 4508 3057 4562 pace
3109 4494 3436 4565 quiescent.

140 4580 312 4633 ἀνελεῖ
354 4582 413 4635 δὲ
454 4581 598 4654 λιμῷ
627 4584 689 4636 τδ
731 4586 952 4658 σπέρμα
1001 4606 1117 4651 σου,
1156 4592 1248 4643 καὶ
1285 4593 1345 4645 τὸ
1379 4594 1733 4664 κττάλειμμά

142 4690 226 4725 σου
252 4674 463 4727 ἀνελεῖ.
490 4696 506 4727 ι
539 4676 710 4731 Τοῦτο
738 4682 834 4751 μὲν
866 4677 960 4733 οὖν
1000 4682 1060 4735 τὸ
1103 4684 1434 4755 ἑρπυστικὺν
1463 4686 1558 4740 καὶ
1580 4687 1731 4756 i066-

141 4766 223 4818 λον
272 4765 435 4834 γένος
474 4767 617 4839 λιμῷ
670 4772 848 4824 ἀνελεῖ
894 4773 923 4824 ὁ
972 4775 1470 4845 προφητεύομενος,
1530 4777 1733 4849 μηκέτι

142 4859 457 4929 ἐπιτρέπων
484 4862 692 4935 τροφὴν
723 4864 822 4935 τὴν
864 4864 1093 4937 συνήθη,
1131 4865 1333 4940 δηλαδὴ
1370 4869 1471 4941 τὴν
1509 4869 1597 4923 διά
1633 4869 1732 4923 θυ-

147 4953 267 5005 σιῶν
307 4958 377 5025 τῇ
422 4954 710 5029 δαιμονικῇ
768 4958 943 5031 πλάνῃ
994 4962 1448 5033 προσφέρεσθαι·
1495 4966 1622 5027 τοὺς
1677 4965 1735 5018 δὲ

145 5044 330 5096 ἑαυτοῦ
351 5048 604 5115 πτωχοὺς
654 5049 931 5121 ἐκθρέψει,
960 5050 1055 5102 καὶ
1093 5052 1150 5103 ὲν
1180 5054 1371 5124 εἰρήνῃ
1404 5053 1732 5119 ἀναπαύσει,

149 5142 337 5210 μηκέτι
390 5142 923 5215 παρενοχλουμένους
984 5148 1092 5201 ὑπὸ
1148 5146 1258 5201 τῶν
1318 5149 1730 5219 παραδοθέντων

147 5232 403 5301 ἑρπετῶν.
434 5232 669 5287 Δύναται
703 5236 889 5305 μέντοι
915 5238 1091 5292 ταῦτα
1135 5238 1230 5293 καὶ
1269 5239 1470 5311 ἑτέρως
1518 5241 1598 5301 είς
1637 5240 1731 5293 τὸν

158 5323 398 5389 Ἑζεκίαν
450 5326 823 5399 πληροῦσθαι·
872 5331 995 5394 τοὺς
1037 5330 1147 5403 γὰρ
1184 5330 1350 5384 πάλαι
1398 5331 1543 5385 κατά
1597 5331 1730 5383 Θεὸν

149 5421 558 5490 πτωχεύσαντας
585 5423 646 5475 ὲν
676 5421 839 5474 παντὶ
878 5421 956 5492 τῷ
1009 5423 1276 5476 Ἰουδαίων
1319 5421 1463 5475 ἔθνει
1503 5422 1734 5493 ἀνεκτή-

149 5530 270 5566 ςατο
322 5518 542 5585 τροφαῖς
587 5510 843 5580 λογικαῖς
889 5515 982 5567 καὶ
1026 5514 1398 5579 διδασκαλίαις
1423 5533 1436 5545 ·
1490 5514 1585 5579 οὒς
1638 5516 1731 5568 καὶ

150 5606 461 5681 κατέστησεν
490 5608 587 5663 ἐπὶ
613 5607 721 5680 τὴν
754 5604 924 5677 καλὴν
946 5607 1113 5681 νομὴν
1146 5606 1241 5662 τοῦ
1278 5610 1376 5681 τῆς
1413 5608 1733 5672 θεοσεϐείας

207 5816 326 5877 "iV
357 5818 494 5893 Reg.
526 5826 705 5875 xvm.
732 5806 791 5861 8·

1846 4590 1993 4642 fame
2020 4602 2149 4643 vero
2182 4588 2477 4641 interiiciet
2512 4601 2701 4641 semen
2724 4595 2900 4649 tuum,
2930 4596 2985 4639 et
3014 4586 3273 4655 reliquias
3322 4595 3440 4640 tuas

1844 4678 2143 4732 interimet.
2187 4696 2207 4729 ι
2246 4677 2362 4733 iloc
2394 4678 2563 4746 igitur
2599 4676 2795 4746 reptile
2820 4687 2874 4731 et
2899 4688 3229 4731 venenatum
3268 4691 3440 4745 genus

1843 4768 1983 4823 fame
2020 4770 2238 4824 necabit
2267 4771 2333 4837 is,
2375 4770 2471 4838 qui
2500 4770 2552 4821 in
2593 4768 2877 4838 prophetia
2926 4770 3099 4821 fertur
3122 4808 3138 4832 ,
3172 4782 3273 4822 nec
3299 4768 3437 4820 ultra

1842 4863 2122 4933 permittet
2148 4872 2205 4917 ut
2235 4870 2531 4924 consuetus
2563 4862 2740 4926 cibus,
2773 4861 3026 4917 videlicet
3071 4874 3168 4931 per
3226 4860 3441 4914 Sacrifi-

1843 4956 1953 5021 cia,
1981 4956 2350 5015 .daemoniacae
2402 4954 2787 5024 superstitioni
2844 4954 3125 5009 offeratur.
3163 4952 3438 5019 Pauperes

1844 5058 2026 5101 autem
2062 5062 2191 5102 suos
2224 5047 2485 5110 eunti-iet,
2516 5055 2571 5099 et
2619 5045 2672 5097 in
2730 5059 2863 5113 pace
2914 5042 3201 5113 quiescere
3251 5041 3435 5104 faciet,

1844 5156 1949 5194 non
1974 5139 2111 5193 ultra
2146 5148 2374 5192 vexatos
2399 5154 2428 5191 a
2478 5138 2798 5190 memoratis
2850 5134 3155 5203 reptilibus.
3200 5131 3437 5186 Possunt

1840 5236 2005 5289 etiam
2042 5233 2229 5287 istbazc
2266 5232 2373 5284 alio
2406 5233 2567 5285 modo
2606 5230 2658 5283 in
2691 5228 2927 5284 Ezechia
2963 5226 3183 5297 impleta
3214 5224 3382 5280 fuisse
3419 5242 3433 5279 :

1841 5326 1957 5396 ipse
1986 5325 2133 5380 enim
2165 5339 2281 5391 eos,
2315 5323 2406 5393 qui
2444 5328 2495 5376 in
2545 5322 2805 5377 universo
2845 5318 3071 5374 Judaico
3117 5318 3313 5389 populo
3347 5333 3437 5371 sc-

1841 5419 2078 5475 cundum
2108 5420 2273 5474 Deum
2300 5432 2565 5489 pauperes
2590 5416 2719 5470 olim
2752 5414 2996 5479 fuerant,
3026 5413 3166 5468 cibis
3196 5413 3437 5466 rationa-

1840 5511 1981 5567 libus
2009 5520 2065 5566 el
2096 5510 2344 5566 doctrina
2384 5508 2693 5574 recreavit;
2738 5521 2877 5577 quos
2922 5507 3050 5559 item
3104 5505 3156 5557 in
3210 5502 3435 5571 Optimis

1840 5604 1979 5677 ejus,
2010 5618 2130 5674 qua:
2157 5604 2301 5674 piam
2327 5601 2647 5673 religionem
2673 5600 2855 5667 docet,
2887 5596 3020 5669 legis
3050 5597 3270 5668 pascuis
3310 5608 3439 5651 con-
