4120 6294
1405 249 1672 352 suasori
1709 290 2188 352 cassmmsrs
2222 289 2372 350 ore.
2419 289 2598 348 rans
2637 289 2726 351 ill.
2781 320 2836 333 —
2874 289 3286 351 εχεςετιωι.

3851 291 3963 350 200

711 418 919 487 stituit;
948 425 1006 472 nt
1029 416 1234 472 divinis
1265 415 1716 488 cogitationibus.
1738 427 1794 472 et
1817 430 1973 474 sacra
2018 414 2266 472 doctrina

2371 413 2572 484 νόμου,
2636 410 2924 482 βόσκεσθαι
2976 415 3088 474 τοῖς
3159 411 3324 476 θείαις
3394 411 3624 484 νοήμασι
3685 412 3781 464 καὶ
3838 413 3961 474 ταῖς

709 517 1064 582 pascerentur
1090 519 1147 578 et
1177 509 1471 564 alerentur.

783 599 948 658 νω.
989 601 1080 657 81.
1127 620 1150 656 ι
1182 600 1398 658 Ululate
1433 608 1601 669 ports
1652 600 1933 656 civitatum
1959 639 1978 666 ,
2037 600 2274 655 clament

706 694 955 750 civitates
983 694 1248 759 turbata,
1293 691 1549 765 allophyli
1601 708 1790 749 omnes
1811 733 1827 760 ,
1861 692 1991 764 quia
2018 693 2088 748 ab
2119 691 2274 762 aqui-

707 783 832 840 lone
858 783 1038 842 fumus
1068 787 1245 851 venit,
1289 793 1345 838 et
1393 797 1501 838 nou
1543 794 1628 840 est
1671 791 1731 840 ut
1777 783 1870 840 sit.
1913 801 1935 837 ι
1966 783 2270 853 Signiﬁcat,

707 875 784 931 uti
815 876 1067 944 diximus,
1089 876 1434 948 Assyriontm
1471 891 1650 946 regem
1677 917 1693 943 ,
1722 876 1812 946 qui
1850 876 1920 932 ab
1937 876 2272 948 aquilonarl-

706 965 809 1022 bus
835 966 1077 1036 partibus
1103 973 1346 1034 tempore
1377 965 1625 1023 Ezecbie
1646 966 1954 1037 irrumpens
1976 1005 1994 1033 ,
2026 965 2272 1036 allopby-

705 1057 788 1114 los
832 1055 1172 1114 Palatinam
1215 1058 1512 1115 incolentes
1566 1058 1787 1114 ditionis
1841 1071 1956 1114 sua
2002 1057 2273 1123 iecit;ita

705 1159 765 1202 ut
792 1149 966 1205 urbes
986 1149 1201 1219 quidem
1230 1151 1535 1216 obsideret,
1563 1165 1751 1205 earum
1778 1149 2006 1220 populos
2030 1148 2275 1219 captivos

703 1239 1016 1306 abduceret,
1048 1239 1368 1311 urbiumque
1398 1248 1587 1311 portas
1629 1239 1960 1296 incenderet.

773 1419 939 1477 Vns.
966 1421 1058 1478 52.
1093 1439 1115 1474 ι
1141 1421 1207 1478 Et
1230 1421 1358 1492 quid
1381 1422 1788 1492 respondebunt
1811 1436 1964 1494 reges
1991 1424 2229 1494 gentium
2249 1423 2276 1479 τ

705 1511 840 1580 Quia
869 1513 1125 1570 Dominus
1176 1514 1417 1568 fundavit
1459 1514 1590 1570 Sion
1635 1533 1650 1570 :
1684 1525 1740 1572 et
1777 1531 1875 1587 per
1919 1530 2042 1571 eum
2091 1515 2271 1572 salva-

708 1607 908 1660 buntur
955 1605 1186 1661 humiles
1222 1621 1254 1660 e
1301 1607 1516 1676 populo.
1557 1625 1578 1660 ι
1610 1607 1903 1662 Maximum
1964 1606 2071 1664 illis
2111 1622 2272 1677 argu-

706 1701 942 1748 mentum
976 1686 1117 1760 erit,
1169 1695 1334 1750 Deum
1358 1711 1484 1751 suae
1527 1710 1649 1752 esse
1684 1698 1964 1753 custodem
2007 1697 2266 1764 civitatis,

700 1784 840 1854 quod
871 1785 960 1841 illa
1006 1785 1141 1840 nihil
1184 1786 1291 1844 tale
1340 1787 1579 1859 patiatur
1608 1827 1624 1855 ,
1683 1787 1841 1859 quale
1891 1796 2102 1845 cetera
2133 1789 2270 1844 civi-

1277 1968 1509 2027 CAPUT
1563 1969 1682 2028 XV.

772 2057 936 2114 Vsss.
964 2057 1017 2113 Ι.
1048 2075 1068 2110 ι
1119 2055 1358 2114 Verbum
1405 2070 1592 2115 contra
1634 2056 1978 2118 Moabitidem
2032 2081 2048 2119 :
2096 2063 2267 2120 Noctu

701 2150 900 2220 peribit
940 2150 1116 2215 Iioab,
1137 2162 1294 2205 noctu
1323 2151 1465 2206 enim
1497 2151 1693 2222 peribit
1723 2169 1910 2210 murus
1938 2154 2266 2222 Moabitidis,

699 2245 877 2299 delete
919 2244 973 2299 in
1014 2243 1439 2314 vobismetipsis.
1481 2263 1500 2298 ι
1536 2246 1594 2302 in
1636 2245 1864 2302 exordio
1906 2249 2268 2318 ignorantiam

700 2335 794 2391 Dei
820 2374 836 2400 ,
869 2351 990 2404 qua
1021 2336 1162 2406 apud
1193 2336 1341 2404 ipsos
1389 2336 1704 2392 obtinuerat
1729 2377 1745 2403 ,
1792 2349 2004 2394 noctem
2037 2349 2092 2395 et
2126 2349 2270 2395 tene-

702 2428 830 2483 bras
871 2422 1086 2484 vocavit
1132 2445 1147 2484 :
1200 2429 1254 2482 in
1290 2429 1510 2500 ipsaque
1553 2440 1711 2485 nocte
1750 2445 1940 2486 eorum
1973 2431 2268 2501 perniciem

699 2519 820 2576 fore
843 2522 1208 2577 comminatur
1231 2521 1318 2578 his
1345 2525 1544 2590 verbis,
1575 2542 1594 2578 ι
1632 2523 1802 2579 Noctu
1833 2525 2031 2594 peribit
2062 2523 2270 2580 Moabi-

698 2613 789 2666 tis.
824 2629 844 2664 ι
888 2610 1080 2668 Postea
1112 2615 1180 2669 de
1223 2614 1344 2670 loco
1390 2615 1480 2672 ubi
1527 2603 1715 2672 eorum
1753 2616 2060 2673 idololatria
2084 2618 2271 2676 consi-

695 2703 878 2771 debat,
908 2706 1024 2761 hac
1043 2707 1346 2778 subiungit:
1412 2760 1420 2768 .

765 2795 928 2855 Vsus.
961 2798 1016 2854 2.
1053 2817 1074 2852 t
1129 2798 1334 2855 Peribit
1377 2800 1522 2856 enim
1563 2809 1618 2856 et
1651 2801 1822 2858 Dibon
1849 2843 1867 2870 ,
1916 2805 2005 2861 ubi
2038 2813 2124 2862 est
2172 2820 2268 2862 ara

695 2895 871 2942 vestra
903 2907 917 2944 :
952 2888 1076 2945 illuc
1103 2893 1409 2949 ascendetis
1455 2893 1522 2948 ad
1587 2895 1926 2964 plorandum.
1977 2916 1996 2951 ι
2045 2896 2102 2952 In
2163 2897 2270 2953 line

693 2988 872 3034 autem
923 2984 1257 3052 prophetia,
1309 2984 1428 3039 illas
1482 3002 1699 3041 rursttm
1764 3003 1886 3043 aras
1935 3003 2268 3045 commemo-

2378 506 2550 576 ίεραῖς
2599 504 2990 568 διδασκαλίαις,
3025 503 3117 556 καὶ
3157 502 3516 575 ἐντρέφεσθαι
3560 504 3811 575 ποιήσας.

2449 615 2468 650 ι
2509 594 2846 662 ὀλολύξατε,
2871 593 3034 648 πύλαι
3066 594 3296 659 πόλεων,
3323 593 3745 667 κεκραγίτωσαν
3774 591 3964 657 πόλεις

2373 689 2798 763 τεταραγμέναι,
2827 691 2876 743 oi.
2919 688 3207 759 ἀλλόφυλοι
3249 689 3471 754 πάντες,
3515 689 3599 742 δτι
3641 687 3751 742 ἀπὸ
3785 686 3968 761 βορῥᾶ

2374 781 2580 846 καπνὸς
2616 781 2856 854 ἔρχεται,
2889 780 2982 835 καὶ
3008 781 3110 834 οὐκ
3141 779 3260 833 ἐστι
3297 779 3392 834 τοῦ
3430 775 3589 835 εἶναι.
3638 799 3658 833 ι
3697 779 3968 850 Σημαίνει

2372 873 2450 936 δέ,
2503 874 2580 938 ὡς
2624 871 2854 944 ἐφημεν,
2901 873 2994 927 τὸν
3047 871 3159 928 τῶν
3215 873 3516 944 ’Δσσυρίων
3580 871 3820 943 βασιλέα,
3873 870 3964 936 ὃς,

2374 963 2614 1019 ἐπελθὼν
2642 964 2751 1019 ἀπὸ
2769 963 2876 1018 τῶν
2901 963 3259 1036 βορειοτέρων
3286 963 3469 1035 μερῶν
3496 963 3637 1017 κατά
3654 964 3779 1027 τοὺς
3810 959 3970 1026 Ἑζεο

2375 1057 2495 1112 κίου
2523 1057 2767 1129 χρόνους,
2795 1057 2922 1120 τοὺς
2951 1055 3050 1127 τὴν
3077 1054 3441 1126 Παλαιστίνην
3479 1054 3764 1119 οἰκοῦντας
3801 1053 3968 1108 ἀλλο-

2375 1149 2596 1220 φύλους,
2631 1147 2989 1220 ἐχειρώσατο·
3014 1148 3091 1213 ὠς
3116 1147 3477 1220 πολιορκῆσαι
3510 1147 3610 1220 μὶν
3637 1148 3737 1212 τὰς
3767 1146 3967 1210 πόλεις

2371 1240 2573 1303 αὐτῶν,
2616 1239 2939 1312 αίχμάλιινια
2983 1238 3040 1293 δὲ
3079 1239 3265 1294 λαϐεῖν
3300 1238 3370 1294 τά
3413 1242 3473 1294 ἐν
3512 1239 3705 1304 αὑταῖς
3751 1237 3966 1310 πλήθη,

2375 1333 2657 1406 ἐμπρῆσαι
2678 1331 2735 1386 δέ
2755 1331 2864 1385 τῶν
2883 1332 3092 1388 πόλεων
3110 1330 3212 1395 τὰς
3237 1329 3433 1395 πύλας.

2451 1441 2471 1474 ι
2518 1422 2629 1476 Καὶ
2666 1422 2720 1475 τί
2772 1421 3236 1494 ἀποκριθήσονται
3290 1419 3534 1492 βασιλεῖς
3584 1417 3787 1486 ἐθνῶνς
3829 1417 3966 1473 Ὅτε

2373 1513 2576 1586 Κύριος
2603 1511 2931 1584 ἐθεμελίωσε
2961 1510 3120 1574 Σιὼν,
3163 1512 3256 1565 καὶ
3303 1510 3371 1565 δι’
3409 1508 3574 1565 αὑτοῦ
3621 1508 3967 1582 σωθήσονται

2371 1606 2422 1660 oi
2449 1605 2694 1659 ταπεινοὶ
2731 1603 2829 1658 τοῦ
2863 1603 3016 1660 λαοῦ.
3054 1624 3073 1657 ι
3107 1605 3382 1675 Μέγιστον
3431 1603 3543 1676 γάρ
3583 1603 3766 1667 αὐτοῖς
3801 1601 3966 1656 ῑσται

2370 1697 2586 1768 δεῖγμα,
2626 1696 2717 1752 τὸν
2747 1695 2879 1750 Θεὸν
2934 1693 3074 1752 εἶναι
3121 1697 3214 1751 τὸν
3254 1697 3357 1768 τῆς
3397 1695 3564 1751 αὑτοῦ
3606 1695 3813 1760 πόλεως
3856 1695 3967 1766 φύ-

2370 1787 2530 1854 λακα,
2550 1786 2612 1841 τὸ
2634 1787 2799 1860 μηδέν
2825 1787 3018 1843 παθεῖν
3039 1789 3211 1861 αὐτὴν
3239 1789 3424 1861 ὅμοιον
3443 1791 3565 1852 ταῖς
3600 1787 3815 1853 λοιπαῖς
3853 1787 3952 1842 πό-

2369 1878 2536 1935 λεσιν.

2893 1971 3291 2026 ΚΕΦΑΛΑΙΟΝ
3329 1971 3432 2025 ΙΕ’.

2447 2080 2466 2115 ι
2503 2062 2579 2117 Τὸ
2609 2062 2762 2134 ῥῆμα
2783 2062 2846 2118 τὸ
2879 2061 3020 2117 κατά
3047 2062 3145 2135 τῆς
3174 2059 3516 2126 Μωαϐίτιδος
3535 2077 3550 2092 ·
3577 2060 3790 2125 Νυκτὸς
3818 2061 3966 2117 ἀπε-

2369 2153 2542 2209 λεῖται
2571 2155 2605 2226 ή
2631 2149 2806 2210 Μωάῗό
2830 2173 2845 2187 ·
2895 2154 3086 2218 νυκτὸς
3115 2154 3225 2226 γάρ
3250 2153 3532 2208 ἀπολεῖται
3562 2154 3624 2207 τὸ
3651 2155 3827 2225 τεῖχος
3849 2153 3966 2224 τῆς

2370 2247 2734 2313 Μωαϐίτιδδς,
2769 2247 3027 2302 λυπεῖσθε
3055 2246 3141 2316 ἐφ’
3175 2248 3420 2310 ἑαυτούς.
3459 2265 3479 2298 ι
3507 2245 3672 2300 Ὅθεν
3715 2245 3967 2318 ἀρχόμε-

2371 2355 2458 2404 νος
2487 2339 2586 2410 τὴν
2611 2339 3018 2413 ἐπικρατοῦσαν
3041 2337 3219 2392 αὐτῶν
3241 2338 3464 2408 ἄγνοιαν
3494 2337 3590 2392 τοῦ
3612 2338 3767 2405 Θεοῦ,
3783 2338 3965 2394 νύκτα

2371 2432 2464 2486 καὶ
2492 2432 2680 2496 σκότος
2701 2433 3005 2505 ὠνόμασεν,
3033 2433 3092 2487 ἐν
3123 2431 3260 2503 αὐτῇ
3287 2448 3347 2484 τε
3376 2433 3443 2504 τῇ
3471 2433 3628 2486 νυκτὶ
3667 2432 3767 2486 τὴν
3791 2431 3958 2487 ἀπῶ-

2369 2524 2519 2578 λειαν
2555 2525 2736 2579 αὐτῶν
2755 2524 2971 2579 ἔσεσθαι
2998 2523 3212 2578 ἀπειλεῖ
3233 2525 3414 2595 φήσας
3427 2541 3441 2555 ο
3467 2542 3487 2576 ι
3504 2523 3715 2587 Νυκτὸς
3735 2524 3965 2578 ἀπολεῖ.

2368 2634 2459 2670 ται
2483 2618 2527 2690 ir
2549 2617 2851 2682 Μωαϐῖτις.
2886 2636 2906 2670 ι
2959 2613 3092 2670 Elea
3134 2616 3264 2687 ἐξῆς
3294 2616 3423 2688 περὶ
3450 2614 3547 2670 τοῦ
3591 2616 3792 2680 τόπου,
3816 2615 3875 2670 ιν
3909 2610 3962 2685 ᾦ

2371 2709 2553 2781 ἰδρυτο
2579 2708 2759 2763 αὐτῶν
2785 2709 2820 2780 ἡ
2851 2707 3281 2780 εἰδωλολατρεία,
3309 2705 3551 2776 ἐπιλέγει
3573 2722 3590 2737 ο

2446 2821 2465 2854 ι
2506 2802 2813 2856 ’Λπολεῖται
2854 2802 2964 2873 γὰρ
2990 2801 3084 2854 καὶ
3126 2799 3337 2873 Δηϐὼν,
3372 2795 3432 2854 οὗ
3473 2799 3502 2852 6
3543 2797 3725 2869 βωμὸς
3755 2797 3914 2869 ὑμῶν

2371 2895 2488 2948 ἐκεῖ
2515 2893 2850 2967 ἀναϐήσεσθε
2884 2893 3114 2949 κλαίειν.
3150 2913 3170 2945 ι
3219 2893 3344 2946 Ἐπὶ
3369 2892 3510 2946 τέλει
3539 2891 3595 2945 δέ
3614 2891 3714 2960 τῆς
3741 2907 3933 2962 προφη

2370 2987 2523 3052 τείας
2580 2985 2690 3041 τῶν
2740 2986 2922 3040 αὐτῶν
2965 2985 3128 3039 πάλιν
3191 2984 3460 3056 μέμνηται
3499 2982 3699 3054 βωμῶν
3736 2981 3913 3051 λέγων

695 3074 972 3130 ratverbis
1002 3077 1106 3140 bis,
1132 3095 1152 3129 t
1181 3077 1314 3144 Quia
1341 3076 1565 3149 fatigata
1596 3088 1680 3133 est
1706 3077 1896 3143 Moab,
1921 3098 1941 3132 ι
1970 3089 2024 3134 et
2042 3091 2262 3136 caetera.

2377 3097 2397 3132 ι
2430 3080 2551 3133 Ὅτι
2581 3079 2840 3132 ἐκοπίασε
2870 3076 3068 3143 Μωάϐ,
3112 3095 3130 3128 ι
3161 3077 3258 3131 καὶ
3287 3075 3356 3129 τὰ
3377 3072 3522 3148 ἑξῆς.

773 3164 933 3222 Vsss.
981 3168 1034 3222 5.
1096 3185 1115 3219 ι
1171 3167 1226 3222 In
1259 3167 1442 3223 Naban
1474 3167 1782 3225 Moabitidis
1815 3169 2017 3227 ululate
2052 3189 2068 3228 :
2103 3186 2266 3244 super

695 3271 853 3313 omne
899 3267 1064 3329 caput
1111 3259 1359 3316 calvities
1388 3299 1405 3325 ,
1437 3261 1620 3314 omnia
1669 3261 1893 3316 brachia
1937 3263 2120 3318 decisa
2159 3279 2176 3318 :
2212 3264 2264 3318 in

694 3347 887 3418 plateis
911 3349 1032 3419 ejus
1057 3348 1344 3404 induitnini
1391 3351 1586 3406 saccis.
1619 3369 1638 3402 ι
1673 3350 1765 3404 llis
1797 3366 1963 3423 porro
1991 3353 2266 3422 signiﬁcat

694 3441 1015 3496 insidentem
1045 3442 1239 3511 popqu
1263 3442 1564 3497 daemonem
1596 3443 1892 3514 malignum
1922 3487 1938 3510 ,
1968 3447 2083 3502 sive
2113 3451 2266 3516 prin-

694 3532 869 3600 cipem
908 3532 1104 3602 gentis,
1141 3543 1201 3585 ut
1236 3533 1336 3586 sub
1361 3533 1478 3588 haec
1500 3533 1744 3602 dicitur;
1782 3536 1964 3605 qualis
1989 3537 2268 3608 eratpriu—

693 3635 820 3692 cepa
867 3637 964 3679 res
1013 3622 1361 3687 Crassorum,
1410 3635 1466 3679 et
1511 3625 1763 3695 princeps
1811 3626 2264 3699 Babyloniorum.

695 3710 1008 3783 Hujusmodi
1035 3729 1164 3785 ergo
1198 3715 1495 3770 daemonem
1535 3718 1586 3771 in
1640 3718 1861 3772 civitate
1907 3718 2264 3774 Moabitaruta

694 3802 1037 3868 insidentem,
1067 3820 1098 3858 a
1126 3821 1234 3876 quo
1253 3820 1312 3862 se
1342 3822 1499 3876 opem
1531 3817 1918 3883 consecuturos
1950 3810 2266 3879 sperabant,

693 3894 750 3950 in
805 3899 1185 3966 congressibus
1236 3908 1425 3954 contra
1473 3886 1724 3956 inimicos
1768 3901 2093 3971 capiendum
2143 3916 2267 3958 esse

697 3994 796 4058 ait,
831 3993 957 4063 quia
988 3992 1200 4048 animas
1225 4007 1413 4048 eorum
1442 3993 1820 4059 conculcabat,
1844 4009 2046 4065 easque
2069 3996 2122 4049 in
2155 4005 2266 4051 ter-

697 4098 812 4137 ram
863 4083 1134 4153 respicere
1162 4084 1431 4154 cogebat,
1487 4086 1558 4139 ita
1604 4096 1664 4140 ut
1705 4102 1863 4142 nemo
1896 4096 2080 4156 posset
2103 4097 2264 4157 caput

695 4173 888 4229 eﬁerre
915 4185 967 4229 et
988 4188 1202 4229 sursum
1232 4177 1462 4241 intueri;
1488 4192 1656 4246 quare
1681 4179 1774 4240 ait.
1814 4197 1833 4232 ι
1866 4177 2002 4245 Quia
2033 4180 2264 4235 commi-

697 4265 868 4320 litium
901 4276 1073 4333 tuum,
1097 4277 1153 4321 et
1184 4267 1435 4338 princeps
1464 4268 1644 4336 periit,
1688 4269 1778 4340 qtti
1816 4270 1870 4326 in
1900 4280 2044 4325 terra
2073 4270 2266 4326 auibu-

694 4358 861 4416 labat.
893 4377 914 4414 ι

1285 4452 1513 4509 CAPUT
1549 4453 1698 4535 ,xw.

765 4545 931 4600 Vsus.
978 4546 1097 4602 l-5.
1144 4566 1164 4600 ι
1206 4547 1414 4604 Mittam
1463 4551 1616 4619 quasi
1677 4549 1888 4620 reptilia
1928 4565 2091 4621 super
2153 4561 2264 4607 ter-

695 4655 833 4694 ram.
877 4637 1013 4694 Num
1046 4650 1195 4710 petra
1223 4641 1432 4696 deserta
1469 4650 1554 4696 est
1595 4657 1751 4698 mons
1780 4641 1908 4698 illia:
1937 4642 2115 4698 Sion?
2141 4642 2263 4699 Eris

695 4733 838 4786 enim
872 4734 1022 4802 quasi
1052 4747 1151 4787 ave
1185 4735 1431 4789 avolaute
1452 4775 1467 4798 ,
1501 4734 1679 4803 pullus
1731 4736 1947 4789 ablatus
1994 4736 2123 4802 eris,
2156 4737 2262 4791 lilia

695 4821 873 4876 Moab.
911 4821 1110 4876 Deinde
1137 4824 1319 4876 Arnen
1353 4823 1504 4893 plura
1545 4825 1781 4880 delibera
1811 4844 1825 4881 :
1855 4824 1942 4880 iac
1972 4829 2263 4884 tentorium

696 4913 865 4969 luctus
906 4922 960 4967 tu
1014 4914 1127 4984 ipsa
1170 4929 1403 4985 semper.
1434 4915 1508 4970 .ln
1551 4917 1866 4973 meridianis
1897 4918 2136 4974 tenebris
2185 4919 2264 4972 l‘n-

694 5003 864 5072 giunt,
895 5002 1311 5072 obstupuerunt,
1350 5017 1418 5058 ue
1447 5006 1686 5072 graviter
1722 5007 1886 5063 feras.
1922 5007 2262 5064 Habitabunt

693 5095 830 5161 apud
863 5103 913 5147 te
960 5092 1168 5164 profugi
1202 5094 1373 5150 Moab.
1427 5093 1602 5149 Erunt
1640 5098 1790 5153 vobis
1821 5107 2186 5168 tegumentum
2229 5115 2259 5153 a

694 5187 829 5241 lacie
853 5186 1252 5258 persequentis,
1283 5187 1408 5257 quia
1443 5188 1713 5243 sublatum
1749 5200 1834 5247 est
1872 5191 2251 5246 commilitium

696 5292 881 5345 tuum,
907 5289 964 5335 et
990 5282 1236 5350 princeps
1287 5283 1446 5351 periit
1478 5284 1574 5353 qui
1620 5283 1932 5338 ambulabat
1964 5299 2128 5354 super
2158 5295 2263 5340 ter-

695 5387 828 5426 ram.
872 5373 940 5428 Et
987 5373 1375 5427 restaurabitur
1401 5391 1525 5429 cum
1580 5374 1948 5429 misericordia
1979 5378 2205 5431 tbronus
2239 5393 2254 5431 :

694 5473 743 5516 et
770 5463 973 5517 sedebit
1010 5464 1064 5517 in
1093 5478 1158 5518 eo
1188 5480 1310 5519 cum
1342 5465 1567 5519 veritate
1602 5467 1654 5519 in
1691 5464 2034 5520 tabernaculo
2062 5465 2256 5531 David,

692 5554 939 5623 judicans
968 5562 1022 5610 et
1045 5570 1291 5625 quaerens
1326 5555 1622 5626 judicium,
1650 5567 1706 5611 et
1740 5555 1997 5612 velociter
2028 5558 2258 5613 reddens

2444 3189 2464 3224 ι
2525 3171 2648 3225 Ἐπὶ
2701 3170 2889 3224 Ναϐἀν
2945 3168 3046 3240 τῆς
3099 3167 3438 3232 Μωαϐίτιδος
3487 3164 3794 3232 ὀλολύξατε,
3856 3166 3961 3222 ἐπὶ

2369 3265 2551 3335 πάσης
2580 3263 2826 3335 κεφαλῆς
2853 3263 3219 3334 φαλάκρωμα,
3268 3261 3468 3325 πάντες
3520 3261 3817 3333 βραχίονεςε
3843 3277 3957 3316 κα-

2365 3357 2766 3427 τατετμημέναι
2790 3372 2804 3386 ·
2841 3357 2899 3409 ἐν
2921 3357 3042 3420 ταῖς
3071 3355 3352 3420 πλατείαις
3371 3354 3542 3425 αὐτῆς
3573 3353 3958 3426 περιζώσασθα

2367 3448 2624 3511 σάκκους.
2662 3467 2681 3500 ι
2714 3447 2978 3518 Σημαίνει
3020 3446 3196 3509 δέκδιά
3219 3446 3428 3501 τούτων
3463 3447 3555 3502 τὸν
3589 3447 3958 3520 ἐφεδρεύοντα

2363 3540 2441 3614 τῷ
2464 3540 2604 3594 ίθνει
2630 3539 2858 3610 δαίμονα
2883 3539 3139 3612 πονηρὸν,
3169 3539 3203 3611 ἢ
3237 3539 3330 3592 τὺν
3355 3539 3588 3610 ἄρχοντα
3620 3538 3714 3593 τοῦ
3743 3538 3956 3605 [θνους,

2365 3630 2441 3694 ὡς
2487 3629 2626 3700 μετά
2673 3627 2847 3683 ταῦτα
2873 3627 3105 3700 εῐρηταυ
3140 3623 3253 3692 οἶος
3297 3623 3368 3699 ἦν
3405 3630 3436 3681 6
3482 3627 3666 3699 ἄρχων
3698 3628 3959 3700 βασιλεὺς

2377 3723 2646 3794 Ἑλλήνων
2679 3723 2773 3777 καὶ
2809 3723 2838 3775 6
2879 3721 2990 3775 τῶν
3035 3719 3390 3774 Βαϐυλωνίων
3439 3718 3642 3791 ἄρχων.
3695 3719 3956 3774 Τοιοῦτον

2364 3815 2544 3869 τοίνυν
2570 3814 2659 3869 τὸν
2691 3813 2998 3885 καθήμενον
3026 3812 3117 3865 ἐπὶ
3144 3815 3242 3883 τῆς
3267 3810 3570 3866 Μωαϐιτῶν
3598 3811 3806 3875 πόλεως
3828 3810 3951 3865 δαί-

2369 3924 2527 3979 μονα,
2546 3907 2613 3960 δι’
2638 3901 2699 3962 οῦ
2727 3906 2974 3978 ἐνόμιζον
2995 3903 3245 3977 βοηθείας
3273 3903 3560 3974 τυγχάνειν
3591 3905 3650 3958 ἐν
3669 3907 3788 3968 ταῖς
3808 3890 3955 3976 πρὸς

2365 4001 2492 4064 τοὺς
2525 3999 2814 4070 πολεμίους
2849 3997 3163 4069 συμϐολαῖς,
3189 3997 3414 4052 ἆλεσθαί
3441 4001 3460 4020 ⁹
3496 4013 3683 4069 φησιν,
3713 3995 3951 4070 ἐπείπερ

2365 4092 2466 4156 τὰς
2525 4090 2703 4162 ψυχὰς
2758 4090 2937 4144 αὐτῶν
2999 4081 3321 4155 κατεπάτει,
3362 4089 3510 4144 κάτω
3547 4088 3722 4142 νεύειν
3776 4088 3956 4154 αὐτὰς

2367 4183 2536 4237 ποιῶν
2579 4186 2658 4248 είς
2709 4182 2846 4254 γῆν·
2895 4182 2972 4246 ὡς
3008 4181 3210 4254 μηδένα
3239 4181 3468 4235 κύπτειν
3511 4180 3644 4252 μηδὲ
3667 4180 3780 4236 ἀνω
3821 4178 3954 4250 βλέ-

2366 4293 2488 4329 πειν
2515 4275 2812 4330 δύνασθαι·
2857 4275 2937 4329 διό
2963 4291 3125 4345 φησιν
3145 4291 3159 4305 ο
3206 4295 3225 4325 ι
3256 4273 3379 4327 Ὅτι
3420 4272 3562 4344 ήρθη
3590 4275 3624 4344 ή
3657 4271 3951 4343 συμμαχία

2267 4411 2277 4421 .
2298 4441 2319 4442 7
2369 4385 2481 4434 σου,
2499 4369 2594 4424 καὶ
2608 4369 2636 4422 6
2651 4369 2834 4442 ἄρχων
2854 4366 3120 4432 ἀπώλετο,
3151 4367 3181 4419 ὁ
3195 4364 3524 4432 καταπατῶν
3546 4364 3637 4417 ἐπὶ
3654 4363 3754 4435 τῆς
3767 4363 3894 4434 γῆς.
3923 4381 3948 4418 s

2886 4458 3282 4519 ΚΕΦᾹΛΑῙΟΝ
3335 4454 3430 4524 ις’
3438 4497 3453 4511 .

2441 4571 2460 4604 ι
2508 4553 2816 4607 Ἀποστελιῖ»
2854 4551 2930 4616 ὡς
2959 4551 3166 4623 ἑρπετὰ
3213 4550 3306 4603 ἐπὶ
3328 4549 3425 4620 τὴν
3456 4548 3580 4620 γῆν.
3623 4547 3714 4619 Μὴ
3771 4546 3955 4619 πέτρα

2366 4645 2572 4717 ἔρημός
2600 4630 2715 4699 ἐστι
2739 4647 2798 4698 τὸ
2847 4644 2972 4716 ὅρος
3005 4643 3276 4715 θυγατρὸς
3309 4640 3484 4708 Σιὼνς
3524 4640 3662 4713 Ἐσῃ
3711 4639 3820 4712 γὰρ
3870 4640 3953 4704 ὡς

2367 4736 2613 4790 πετεινοῦ
2643 4736 3038 4806 ἀνιπαμένου,
3081 4734 3270 4799 νοσσὸς
3299 4731 3651 4805 ἀφῃρημένος
3691 4731 3811 4802 ἐστι,
3851 4731 3951 4786 θυ-

2365 4827 2544 4899 γάτηρ
2571 4827 2768 4882 Μωάϐ.
2809 4827 3041 4879 Ἔπειτα
3081 4825 3139 4880 δέ
3181 4824 3386 4896 Ἀρνῶν
3408 4822 3630 4877 πλείονα
3667 4820 3949 4892 βουλεύου,

2367 4919 2510 4972 ποίει
2541 4935 2598 4971 τε
2629 4919 2839 4988 σκέπην
2855 4917 3083 4981 πένθους
3105 4915 3244 4987 αὐτὴ
3273 4915 3584 4978 διαπαντός.
3615 4913 3704 4967 Ἐν
3734 4929 3954 4986 μεσημ-

2367 5010 2524 5083 ϐρινῇ
2560 5010 2752 5082 σκοτία
2777 5009 3089 5079 φεύγουσιν,
3117 5008 3435 5080 ἐξέστησαν,
3464 5007 3538 5078 μή
3569 5006 3764 5078 ἀχθῇς.
3796 5007 3952 5080 Παρ-

2366 5103 2648 5174 οικήσουσί
2701 5118 2785 5155 σοι
2835 5102 2885 5154 οί
2926 5101 3164 5172 φυγάδες
3207 5098 3404 5153 Μωάϐ.
3444 5099 3698 5152 Ἔσονται
3764 5098 3949 5170 σκέπη

2367 5194 2496 5264 ὑμῖν
2528 5193 2636 5247 ἀπὸ
2664 5191 2957 5264 προσώπου
3005 5191 3313 5254 διώκοντος,
3335 5191 3417 5244 ὅτι
3450 5189 3592 5261 ήρθη
3635 5190 3670 5262 ή
3721 5205 3952 5260 συμμα-

2363 5287 2456 5357 χία
2492 5301 2606 5348 σου,
2639 5287 2734 5338 καὶ
2769 5286 2798 5338 6
2829 5285 3011 5357 ἄρχων
3033 5283 3279 5338 ἀπώλετο
3305 5285 3334 5337 6
3361 5282 3698 5336 καταπατῶν
3731 5283 3823 5335 ἐπὶ
3845 5282 3954 5352 τῆς

2365 5377 2486 5449 γῆςι
2541 5378 2652 5430 Καὶ
2690 5377 3113 5448 διορθωθήσεται
3148 5377 3262 5447 μετ’
3304 5375 3486 5438 ἐλέους
3539 5377 3568 5427 6
3597 5372 3807 5446 θρόνος.
3849 5377 3953 5429 καὶ

2363 5470 2634 5524 καθιεῖται
2659 5471 2748 5523 ἐπ’
2776 5469 2941 5523 αὐτοῦ
2970 5471 3106 5541 μετά
3145 5468 3404 5540 ἀληθείας
3448 5469 3506 5522 ἐν
3547 5471 3719 5541 σκηνῇ
3757 5469 3948 5534 Δαυῖδ,

2361 5563 2562 5633 κρίνων
2592 5563 2687 5618 καὶ
2729 5561 2972 5634 ἐκζητῶν
3001 5563 3197 5634 κρῖμα,
3231 5561 3325 5614 καὶ
3366 5557 3611 5618 σπεύδων
3671 5560 3950 5616 δικαιοσύ-

766 5711 781 5728 ·
814 5705 1065 5766 Fortasse
1102 5708 1413 5782 legendum,
1459 5711 1762 5770 ἁλώσεσθαι
1810 5714 1896 5772 vel
1932 5714 2192 5773 ὀλεῖτθαι.
2232 5717 2386 5777 Εοιτ.
