4120 6294
226 306 309 362 ωε
1177 306 1499 362 ΕΟΜΜΕΝΙ
1518 307 1680 358 AHIA
1723 307 1787 357 illi

1896 305 2081 360 MAI.
2120 334 2188 345 -—-
2217 302 2369 359 CAP.
2412 299 2550 357 XVI.

3373 311 3482 366 ξω

225 441 312 497 νην
338 442 358 475 ι
402 464 415 477 .
447 426 591 495 υρᾷς
623 424 688 479 ob
720 426 913 497 θαῦμα
956 424 1055 478 τοῦ
1102 426 1259 493 λόγου
1304 428 1364 478 ὲν
1405 424 1484 494 τῷ
1520 423 1790 495 συμπερά

1902 424 2193 492 justitiam.
2226 442 2246 476 ι
2281 423 2464 480 Viden‘
2495 422 2762 478 sermonis
2787 423 3088 479 mirabilem
3121 425 3175 481 in
3225 425 3332 483 line
3360 444 3485 499 pro-

223 532 390 588 σματι
418 518 512 586 τῆς
555 520 902 590 προφητείας
938 518 1346 589 περιεχόμενον.
1381 517 1539 571 Κατά
1564 518 1625 569 τὸ
1669 517 1802 569 αὐτὸ

220 614 325 681 γὰρ
377 613 638 676 θεσπίσας
690 616 1027 684 ἀφανισμὸν,
1073 612 1485 681 εὐαγγελίζεται
1544 613 1797 677 ἐλπίδας·

219 701 425 773 σκηνὴν
474 703 639 757 Δαυϊδ
664 706 867 774 φήσας,
896 703 993 757 καὶ
1040 702 1227 772 θρόνον
1272 702 1408 756 Θεοῦ
1448 703 1579 774 παρ’
1619 703 1803 767 αὐτοῖς

214 794 591 864 συστήσασθαι
612 812 627 825 ·
659 797 753 849 καὶ
776 794 953 849 ταῦτα
979 793 1194 848 ἔσεσθαι
1218 794 1402 848 οὐκέτι
1438 794 1497 861 ἐξ
1528 793 1802 866 ἀνθρωπί-

215 903 311 957 νης
342 888 494 950 τινὸς
528 886 785 956 σπουδῆς,
811 887 929 941 ἀλλ’
980 885 1041 951 ἑξ
1088 885 1269 950 ἐλέους
1314 885 1448 939 Θεοῦ
1494 887 1590 939 καὶ
1615 886 1802 955 φιλαν-

214 976 490 1047 θρωπίας.
548 979 641 1031 Διὸ
685 978 936 1031 λέλεκται
977 977 1118 1031 κατὰ
1167 975 1260 1031 τὸν
1319 976 1569 1043 Ἀκύλαν,
1616 996 1635 1029 ι
1690 979 1801 1031 Καὶ

214 1071 682 1141 ἑτοιμασθήσεται
737 1073 795 1123 ὲν
844 1070 981 1141 ἐλέῳ
1044 1068 1268 1141 θρόνος·
1324 1089 1344 1123 ι
1396 1069 1540 1124 κατὰ
1602 1069 1660 1123 δὲ
1708 1070 1800 1122 τὸν

210 1160 572 1227 Θεσδοτίωνα,
606 1182 628 1215 ι
667 1162 774 1216 Καὶ
816 1160 1267 1233 ἑτοιμασθήσεται
1315 1163 1431 1233 μετ’
1458 1160 1637 1225 ἐλέους
1677 1160 1802 1234 θρό-

211 1268 318 1315 νος.
367 1270 386 1301 ι
424 1252 548 1304 Τίνι
604 1251 661 1304 δὲ
708 1250 1184 1323 ἑτοιμασθήσεται,
1216 1251 1251 1322 ἢ
1304 1248 1519 1314 πάντως
1563 1268 1667 1303 που
1720 1250 1801 1320 τῷ

209 1342 455 1413 Χριστῷ,
483 1342 563 1413 τῷ
590 1344 656 1395 ὲκ
683 1342 995 1413 σπέρματος
1022 1339 1183 1395 Δαυτδ
1203 1341 1612 1412 γεγεννημένῳς
1646 1342 1802 1394 Ἐσε-

210 1434 335 1487 σθαι
367 1435 557 1487 τοίνυν
606 1434 757 1505 παρά
805 1437 918 1499 τοῖς
960 1433 1279 1497 Μωαϐίταις
1321 1433 1510 1505 θρόνον
1562 1433 1799 1505 Χριστοῦ

209 1543 399 1596 φησιν,
432 1528 497 1579 ἐν
516 1519 559 1593 ᾧ
587 1526 854 1580 καθιεῖται
885 1525 1024 1597 μετά
1058 1524 1315 1595 ἀληθείας
1346 1526 1405 1578 ἐν
1443 1526 1618 1595 σκηνῇ
1636 1524 1799 1577 Δαυῒδ

207 1618 703 1689 γεννηθησόμενος.
738 1617 896 1672 Οὕτω
934 1617 991 1671 δὲ
1017 1616 1202 1671 καλεῖν
1247 1615 1405 1670 εἴωθε
1438 1616 1500 1669 τό
1526 1633 1799 1687 προφητι-

1904 516 2103 586 ριιειίιε
2124 516 2485 572 teconomiam
2512 516 2537 570 ἳ
2564 514 2699 570 Nam
2725 526 3013 587 postquam
3044 519 3318 574 excidium
3346 504 3488 577 vati-

1902 611 2116 666 cinatus
2139 618 2245 677 est,
2267 609 2457 665 eodem
2492 618 2737 678 tempore
2761 624 2909 679 spem
2941 609 3140 663 bonam
3169 610 3482 673 annuntiat.

1904 698 2116 763 dicens,
2152 699 2563 755 tabernaculum
2610 699 2781 756 David
2809 709 2865 755 et
2916 702 3167 756 thronum
3215 701 3307 757 Dei
3339 706 3483 774 apud

1904 788 2025 843 illos
2066 790 2509 845 constituendum
2558 803 2727 852 esse;
2780 792 3004 859 haecque
3072 805 3183 846 non
3244 792 3480 849 humana

1902 879 2134 947 quadam
2172 894 2338 949 opera
2366 890 2420 935 et
2446 880 2813 936 sollicitudine
2836 922 2851 944 ,
2890 883 2984 936 sed
3011 898 3077 936 ex
3106 883 3482 941 misericordia

1903 983 1959 1027 et
1984 972 2271 1027 clementia
2305 970 2421 1027 Dei.
2446 970 2627 1039 Quare
2646 973 2945 1028 secundum
2973 972 3227 1044 Aquilam
3258 976 3480 1044 dicitur,

1908 1084 1927 1117 ι
1971 1064 2459 1134 Etpraeparabitur
2491 1066 2544 1118 in
2590 1065 2968 1121 misericordia
3015 1067 3281 1133 thronus;
3319 1087 3340 1121 ι
3390 1085 3482 1126 se-

1903 1158 2139 1213 cundum
2188 1156 2615 1212 Theodotiouem
2666 1172 2833 1224 vero,
2887 1176 2906 1209 ι
2961 1158 3026 1212 Ει
3086 1161 3481 1230 prmparabitur

1900 1264 2025 1304 cum
2056 1249 2432 1304 misericordia
2462 1251 2708 1305 thronus.
2749 1268 2767 1301 ι
2808 1250 2906 1305 Cui
2936 1261 3117 1306 autem
3148 1252 3483 1322 przeparabi-

1904 1349 2012 1404 tur,
2047 1340 2148 1394 nisi
2178 1339 2339 1409 plane
2360 1340 2582 1395 Christo
2604 1382 2619 1405 ,
2648 1342 2742 1411 qui
2773 1356 2839 1396 ex
2868 1343 3080 1397 semine
3114 1342 3283 1398 David
3322 1356 3481 1401 natus

1903 1441 1985 1487 est
2008 1433 2032 1486 ἲ
2054 1432 2144 1486 Ait
2170 1433 2335 1504 igitur
2354 1433 2496 1503 apud
2527 1431 2792 1489 Moabitas
2816 1434 3016 1490 Christi
3048 1436 3301 1492 thronum
3333 1435 3481 1493 l‘utu-

1904 1540 2021 1578 rum
2046 1538 2188 1591 esse,
2233 1524 2287 1579 in
2313 1540 2420 1594 quo
2453 1540 2574 1580 cum
2603 1527 2835 1580 veritate
2878 1528 3089 1583 sedebit
3117 1528 3164 1583 is
3193 1529 3285 1600 qui
3315 1529 3367 1584 in
3401 1540 3481 1585 ta-

1900 1616 2197 1670 bernaculo
2229 1614 2397 1671 David
2424 1616 2735 1671 nasciturus
2773 1629 2879 1671 est.
2933 1616 3025 1673 Sic
3073 1634 3236 1689 porro
3270 1635 3483 1676 nuncu-

208 1708 303 1764 κᾶν
342 1711 568 1781 πνεῦμα
595 1712 692 1782 τὴν
732 1710 1055 1782 Ἐκκλησίαν
1088 1710 1182 1763 τοῦ
1212 1708 1349 1763 Θεοῦ
1373 1726 1387 1739 ·
1423 1710 1547 1762 επεὶ
1576 1709 1670 1763 καὶ
1706 1706 1790 1761 τὸν

1902 1723 2032 1777 pare
2089 1709 2224 1762 solet
2279 1707 2515 1776 Spiritus
2568 1709 2916 1777 pmpbeticus
2973 1710 3273 1767 Ecclesiam
3334 1714 3478 1769 Dei:

208 1800 445 1873 Χριστὸν
480 1802 645 1856 αὑτὸν
677 1802 838 1855 Δαυῖδ
862 1800 1149 1873 ὀνομάζειν
1172 1800 1311 1867 ἔθος,
1336 1800 1424 1867 διὰ
1453 1798 1516 1852 τὸ
1542 1800 1606 1851 ὲκ
1632 1797 1790 1869 σπέρ-

1901 1814 2025 1853 nam
2059 1801 2232 1868 ipsum
2276 1812 2492 1867 quoque
2521 1796 2799 1853 Christum
2833 1801 3088 1856 Davidem
3120 1817 3319 1857 vocare
3350 1817 3481 1859 con-

214 1912 378 1965 ματος
433 1894 605 1948 Δαυῒδ
648 1894 789 1948 κατά
836 1896 1016 1965 σάρκα
1060 1890 1418 1963 γεγεννῆσθαι
1472 1892 1656 1945 αὐτόν.
1708 1892 1790 1943 Διὸ

1901 1892 2119 1955 suevit,
2172 1892 2298 1961 quia
2347 1907 2413 1946 ex
2459 1894 2666 1948 semine
2710 1892 2878 1947 David
2928 1895 3224 1949 secundum
3254 1909 3481 1952 carnem

212 1986 414 2056 σκηνὴν
449 1985 552 2055 μὲν
585 1983 749 2037 Δαυῒδ
790 1985 888 2053 τὴν
916 1983 1241 2053 Ἐκκλησίαν
1290 1982 1576 2047 ἀποκαλεῖ,
1610 1982 1790 2052 θρόνον

1900 1990 2062 2035 natus
2095 1992 2198 2037 est.
2230 1981 2593 2048 Quamobrem
2623 1982 2922 2039 Ecciesiam
2953 1986 3175 2055 quidem
3221 1986 3480 2042 taberna-

210 2076 371 2131 ἂτὸν
411 2078 510 2129 ἐπὶ
532 2076 736 2147 ταύτης
764 2076 855 2129 τὸν
901 2075 1001 2147 τῆς
1040 2074 1362 2145 Ἐκκλησίας
1399 2074 1690 2146 πρόεδρον,
1736 2073 1790 2139 ὃς

1899 2072 2078 2126 culum
2135 2074 2301 2128 David
2340 2075 2620 2145 appellat,
2677 2078 2931 2131 thronum
2985 2088 3169 2134 autem
3235 2079 3481 2149 ejusdem

213 2171 295 2224 τὸν
336 2170 660 2242 σωματικὸν
707 2170 893 2240 ἐπέχει
935 2168 1145 2241 θρόνον,
1188 2168 1351 2222 τόπον
1394 2167 1578 2238 τηρῶν
1606 2166 1796 2238 ὥσπερ

210 2262 297 2316 τοῦ
333 2261 605 2335 Χριστοῦ.
641 2262 823 2332 Ἀπερ
848 2260 925 2325 ὼς
975 2263 1033 2315 ὲν
1082 2260 1398 2332 μυστηρίοις
1438 2260 1584 2313 κατά
1632 2261 1795 2331 μέσον

211 2355 301 2423 τῆς
322 2352 666 2423 προφητείας
691 2350 1157 2422 παρεμϐέϐληται,
1182 2350 1277 2404 τοῦ
1299 2351 1455 2419 ἁγίου
1479 2350 1795 2420 Πνεύματος

214 2445 389 2513 μόνοις
415 2446 532 2507 τοῖς
552 2442 804 2515 μέλλουσι
840 2442 1097 2507 συνιέναι,
1131 2444 1228 2497 καὶ
1252 2443 1352 2513 τῆς
1388 2442 1592 2497 τούτων
1614 2441 1795 2508 ἀξιοῦ-

214 2536 328 2590 σθαι
357 2535 622 2609 θεωρίας,
648 2536 747 2606 τὴν
770 2535 975 2589 τούτων
997 2536 1199 2605 γνῶσιν
1228 2535 1686 2607 ταμιευσαμένου.

278 2736 298 2769 ι
350 2718 709 2787 Ἠκούααμεν
742 2716 843 2787 τὴν
875 2716 1031 2789 ὓϐριν
1056 2715 1259 2771 Μωάϐ·
1294 2715 1554 2787 ὑϐριστὴς
1586 2714 1793 2784 σφόδρα

206 2810 301 2883 τὴν
344 2810 747 2881 ὃπερηφανίαν,
778 2812 873 2864 καὶ
915 2812 949 2881 ἡ
1002 2809 1157 2881 ὕϐρις
1187 2808 1354 2861 αὑτοῦ
1401 2808 1497 2863 καὶ
1543 2809 1577 2878 ἡ
1630 2807 1791 2878 μῆνις

206 2903 369 2959 αὑτοῦ
392 2921 409 2934 ’
438 2904 541 2974 οὐχ
566 2902 739 2967 οὕτως
770 2904 803 2973 ἡ
851 2900 1081 2973 μαντεία
1129 2918 1245 2964 σου,
1289 2900 1389 2969 οὐχ
1417 2898 1607 2963 οὕτως.
1646 2899 1793 2954 Ὀλο-

203 2995 345 3061 λύξει
379 2995 600 3051 Μωάϐ·
650 2998 709 3048 ὲν
760 2995 869 3065 γὰρ
902 2998 969 3065 τῇ
1008 2992 1311 3047 Μωαϐίτιδι
1362 2993 1560 3058 πάντες
1609 2991 1791 3044 ὀλολύ-

205 3087 379 3152 ξωσιο
436 3090 556 3151 τοῖς
608 3086 921 3141 κατοικοῦσι
964 3084 1021 3139 δὲ
1049 3083 1157 3155 Σὴθ
1192 3084 1525 3155 μελετήσεις,
1562 3085 1657 3137 καὶ
1687 3085 1788 3136 οὐκ

1898 2163 2154 2219 Ecclesia:
2168 2166 2474 2234 praesidem,
2490 2167 2581 2237 qui
2599 2183 2916 2237 corporeum
2941 2174 3196 2224 thronum
3226 2182 3479 2240 occupat,

1896 2264 2062 2325 atque
2087 2272 2183 2311 ceu
2211 2255 2414 2311 Christi
2457 2259 2630 2313 locum
2670 2268 2832 2315 tenet.
2880 2260 3033 2327 Quas,
3055 2275 3153 2314 ceu
3185 2261 3240 2316 in
3270 2272 3480 2331 myste-

1896 2348 2015 2411 riis,
2049 2348 2103 2403 in
2150 2349 2332 2403 medio
2378 2351 2670 2420 prophetia:
2699 2351 2904 2406 inserta
2936 2361 3082 2415 sunt,
3110 2350 3314 2421 Spiritu
3352 2367 3481 2407 san-

1901 2448 1989 2494 cto
2023 2440 2213 2494 borum
2238 2443 2491 2497 notitiam
2531 2443 2599 2498 iis
2646 2452 2861 2498 tantum
2895 2443 2985 2514 qui
3014 2442 3371 2509 intellecturi,
3420 2452 3481 2499 et

1896 2530 2156 2587 harumce
2207 2549 2387 2588 rerum
2438 2536 2753 2605 spectaculo
2798 2536 2945 2608 digni
2986 2536 3220 2594 habendi
3275 2544 3477 2609 erant,

1895 2636 2234 2681 reservante.

1970 2715 2132 2774 Vens.
2179 2717 2252 2785 6,
2291 2718 2340 2771 7.
2398 2736 2417 2771 ι
2466 2720 2785 2777 Audivimus
2834 2723 3220 2779 contumeliam
3270 2724 3474 2792 Moab,

1894 2811 2319 2867 contumeliosus
2343 2812 2499 2866 valde
2524 2815 2870 2883 superbia,et
2892 2818 3220 2873 contumelia
3247 2819 3387 2889 ejus,
3419 2831 3478 2875 et

1894 2906 1972 2958 ira
2003 2905 2122 2975 ejus
2154 2923 2166 2959 :
2202 2920 2307 2959 non
2357 2908 2433 2961 sic
2469 2907 2736 2963 divinatio
2774 2920 2862 2964 tua
2891 2949 2907 2974 ,
2941 2925 3047 2965 non
3094 2910 3198 2966 sic.
3236 2911 3477 2969 Ululubit

1894 2994 2051 3051 Moab
2088 3016 2100 3050 :
2137 3012 2263 3051 nam
2294 2998 2347 3051 in
2378 2996 2673 3056 Moabitide
2717 3016 2909 3056 omnes
2955 3002 3281 3060 nlulabunt:
3315 3006 3474 3061 babi-

1895 3086 2133 3143 tantibus
2161 3086 2293 3143 Seth
2319 3090 2667 3145 meditaberis
2689 3102 2745 3147 et
2770 3108 2874 3146 nun
2908 3094 3278 3153 confunderis.
3310 3115 3330 3149 ι
3365 3099 3474 3154 Ge-

201 3182 546 3253 ἑντραπήσῃ.
586 3199 604 3231 ι
642 3180 754 3250 Οὐχ
779 3179 963 3249 ὅμοιαι
1022 3180 1075 3231 αἱ
1104 3176 1333 3249 πράξεις
1357 3180 1469 3240 τοῖς
1495 3177 1591 3246 τῆς
1618 3177 1787 3247 ὑπερ-

1895 3188 1973 3231 sta
2021 3180 2268 3249 superbis
2299 3181 2457 3237 dictis
2487 3183 2681 3237 similia
2712 3199 2817 3239 non
2855 3196 3014 3252 sunt;
3048 3189 3163 3243 sive
3205 3189 3332 3259 quia
3363 3189 3476 3245 Deo

199 3273 432 3344 ηςανίας
459 3271 641 3340 λόγοις
666 3288 678 3300 ·
706 3271 739 3341 ἠ
776 3271 869 3323 καὶ
892 3268 1077 3340 ἐπειδὴ
1110 3269 1250 3340 μέγα
1275 3268 1533 3340 ἐφρόνουν
1576 3268 1669 3321 ἐπὶ
1709 3266 1790 3338 τῷ

202 3363 411 3418 ἑαυτῶν
449 3362 581 3432 θεῷ,
626 3364 720 3415 καὶ
766 3364 887 3425 ταῖς
916 3359 1106 3413 τούτου
1138 3360 1449 3431 μαντείαιςο
1493 3360 1591 3429 οὐχ
1623 3359 1784 3423 οὕτω,

201 3458 388 3529 σησὶν,
417 3456 598 3519 ἔσται,
634 3455 796 3508 ὁποῖα
848 3452 1172 3525 μαντεύεται
1214 3455 1244 3507 ό
1284 3455 1417 3524 παρ’
1451 3454 1633 3517 αὐτοῖς
1675 3453 1792 3507 δαί-

200 3568 335 3621 μων,
370 3546 486 3602 οὐδ’
550 3549 711 3601 ὁποῖα
740 3546 827 3600 διὰ
872 3546 1137 3619 χρησμῶν
1181 3550 1295 3611 τοίς
1326 3545 1786 3616 ἐξαπατωμένοις,

197 3644 289 3696 καὶ
311 3640 454 3693 Θεὸν
484 3640 651 3693 αὐτὸν
678 3634 819 3691 εἶναι
843 3638 1155 3709 νομίζουσιν
1185 3636 1582 3711 ἐπηγγέλλετο·
1616 3638 1645 3689 ό
1680 3637 1789 3709 γὰρ

199 3732 368 3786 ἐπιὼν
392 3731 590 3803 χρόνος
612 3729 816 3783 τούτων
837 3729 1015 3785 αὐτῶν
1035 3731 1097 3783 τὸ
1125 3730 1322 3801 ψεῦδος
1347 3728 1629 3797 διελέγξει.

270 3844 291 3875 ι
332 3822 423 3876 Τά
466 3822 631 3876 πεδία
672 3821 908 3876 Ἐσεϐὼν
950 3822 1228 3894 πενθήσει,
1268 3822 1511 3893 ἄμπελος
1537 3822 1787 3892 Σαϐαμά,

198 3917 603 3977 καταπίνοντες
627 3914 697 3967 τά
719 3913 868 3986 ῐθνη,
914 3916 1337 3985 καταπατήσατε
1372 3914 1470 3978 τάς
1513 3914 1789 3984 ἀμπέλους

195 4008 395 4077 αὐτῆς,
423 4008 536 4069 ἕως
568 4003 752 4077 Ἰαζὴρ
797 4007 859 4059 ού
894 4008 968 4077 μὴ
1004 4005 1299 4076 συνάψητε,
1338 4006 1646 4076 πλανήθητε
1690 4005 1790 4077 τὴν

195 4100 437 4172 ἔρημον·
469 4100 525 4151 οἱ
557 4080 959 4168 ἀπεσταλμένοι
988 4097 1502 4167 ἐγκατελείφθησαν,
1535 4097 1789 4166 διέϐησαν

194 4192 300 4263 γὰρ
330 4192 475 4261 πρὸς
496 4191 599 4259 τὴν
624 4189 918 4246 θάλασσαν.
952 4189 1052 4243 Διά
1078 4189 1236 4243 τοῦτο
1264 4188 1569 4259 κλαύσομαι
1595 4190 1671 4253 ὡς
1700 4190 1789 4242 τὸν

194 4282 480 4353 κλαυθμὸν
522 4282 724 4353 Ἰαζὴρ,
752 4280 994 4352 ἄμπελον
1027 4280 1279 4353 Σαϐαμά.
1326 4280 1405 4334 Τά
1455 4281 1645 4353 δένδρα
1695 4297 1788 4333 σου

194 4375 505 4429 κατέϐαλεν
540 4372 774 4427 Ἐσεϐὼν
802 4373 897 4426 καὶ
929 4372 1174 4444 Ἐλεαλὴ,
1200 4373 1284 4426 ὅτι
1314 4373 1408 4426 ἐπὶ
1436 4372 1516 4443 τῷ
1546 4371 1789 4442 θερισμῷ

193 4473 287 4525 καὶ
328 4471 430 4523 sui.
477 4470 559 4538 τῷ
610 4466 866 4540 τρυγητῷ
911 4484 1005 4520 σου
1056 4468 1448 4538 καταπατήσω,
1480 4466 1572 4519 καὶ
1607 4466 1785 4518 πάντα

1891 3284 1989 3323 suo
2011 3310 2026 3336 ,
2055 3270 2279 3340 ejusque
2316 3271 2586 3326 vaticiniis
2617 3274 2849 3328 multum
2895 3276 3131 3332 lidebant
3165 3295 3179 3332 :
3213 3294 3321 3334 non
3350 3280 3427 3333 ita
3453 3320 3471 3344 ,

1890 3362 2107 3430 inquit,
2138 3364 2247 3417 erit
2292 3372 2353 3417 ut
2378 3364 2713 3419 vaticinatur
2741 3366 2951 3422 daemon
2999 3368 3213 3424 illorum
3238 3409 3256 3438 ,
3295 3384 3474 3442 neque

1891 3463 1949 3508 ut
1978 3454 2065 3518 iis,
2098 3453 2191 3522 qui
2223 3454 2433 3523 decepti
2466 3455 2616 3509 illum
2666 3472 2764 3524 pro
2787 3456 2887 3512 deo
2919 3458 3215 3526 habebant,
3244 3460 3472 3517 oraculo

1890 3544 2247 3614 pollicebatur
2277 3563 2291 3599 :
2330 3544 2569 3600 futurum
2603 3547 2800 3616 quippe
2833 3556 3043 3618 tempus
3082 3550 3204 3607 illos
3248 3554 3474 3608 menda-

1889 3635 1961 3690 cii
1985 3646 2195 3706 arguet.

1961 3816 2127 3877 Vsus.
2182 3820 2349 3876 8-40.
2405 3840 2425 3872 ι
2463 3820 2727 3877 Planities
2768 3821 2981 3879 Esebon
3021 3824 3265 3895 lugebit,
3312 3826 3470 3881 vinea

1892 3911 2125 3969 Sabama
2150 3954 2167 3981 ,
2203 3914 2295 3983 qui
2350 3914 2627 3986 deglutitis
2654 3926 2842 3985 gentes
2870 3957 2886 3983 ,
2914 3919 3233 3972 conculcate
3274 3918 3467 3973 vineas

1888 4004 2028 4072 ejus,
2057 4020 2231 4076 usque
2273 4003 2433 4060 Jazer
2475 4021 2543 4060 ne
2590 4006 2898 4077 attingatis,
2934 4016 3117 4061 errate
3159 4022 3255 4077 per
3286 4007 3473 4062 deser-

1891 4106 2004 4151 tum
2038 4115 2052 4150 :
2091 4098 2242 4152 missi
2277 4098 2523 4154 derelicti
2559 4111 2722 4163 sunt,
2755 4100 3196 4167 pertransierunt
3225 4101 3370 4154 enim
3402 4100 3471 4154 ad

1888 4204 2056 4243 mare.
2084 4188 2207 4244 Ideo
2233 4190 2458 4259 plorabo
2489 4201 2765 4261 tamquam
2797 4193 3009 4261 ploratu
3043 4191 3225 4258 Jazer,
3254 4193 3469 4249 vineam

1890 4280 2147 4341 Sabama.
2195 4284 2434 4340 Arbores
2468 4295 2589 4340 tuas
2635 4284 2837 4354 dejecit
2885 4286 3097 4340 Esebon
3148 4295 3203 4340 et
3250 4284 3469 4347 Eleale.

1888 4374 2014 4442 quia
2066 4389 2299 4430 messem
2351 4387 2406 4430 et
2436 4377 2763 4431 vindemiam
2803 4389 2952 4433 tuam
2989 4377 3367 4443 conculcabo,
3416 4387 3471 4433 et

1890 4467 2071 4520 omnia
2120 4470 2337 4523 cadent.
2372 4468 2438 4523 Et
2487 4468 2707 4525 tolletur
2748 4471 2935 4528 laetitia
2971 4485 3027 4527 et
3058 4472 3360 4533 exsultatio
3401 4471 3471 4531 ΔΘ

194 4562 526 4616 πεσοῦνται.
554 4560 666 4613 Καὶ
693 4559 990 4631 ἀρθήσεται
1023 4558 1327 4630 εὐφροσύνη
1358 4559 1451 4611 καὶ
1471 4557 1783 4627 ἀγαλλίαμα

1895 4558 2068 4614 vineis
2098 4576 2111 4612 :
2140 4569 2195 4613 et
2229 4559 2283 4613 in
2314 4561 2487 4616 vineis
2521 4563 2629 4619 tuis
2658 4564 3003 4630 laetabuntur,
3040 4583 3140 4623 nec
3180 4569 3472 4626 caleabunt

194 4657 256 4709 ὲκ
281 4656 395 4707 τῶν
426 4651 791 4723 ἀμπελώνων,
822 4653 916 4705 καὶ
941 4653 999 4703 ὲν
1020 4654 1133 4715 τοῖς
1156 4651 1440 4721 ἀμπελῶσι
1472 4667 1563 4704 σου
1610 4651 1668 4701 ού
1705 4651 1779 4721 μὴ

195 4743 691 4814 εὐτρανθήσονται,
719 4741 812 4794 καὶ
836 4742 895 4793 ού
936 4741 1009 4811 μὴ
1053 4740 1383 4810 πατήσουσιν
1406 4733 1545 4793 οἶνον
1584 4741 1663 4801 εἰς
1710 4740 1781 4791 τά

196 4837 469 4904 ύπυλήνια
495 4850 509 4863 ·
536 4833 810 4887 πέπαυται
833 4833 959 4905 γάρ.
987 4852 1005 4884 ι
1038 4831 1301 4902 Σημαίνει
1318 4832 1374 4883 δὲ
1401 4830 1490 4883 διὰ
1514 4832 1615 4901 τῆς
1636 4832 1779 4885 ὀπώ-

199 4943 294 4996 ρας
326 4926 427 4978 καὶ
448 4923 545 4976 τοῦ
574 4922 853 4993 θερισμοῦ,
887 4923 981 4975 καὶ
1023 4920 1112 4975 διὰ
1150 4922 1251 4992 τῆς
1282 4920 1542 4984 πολλάκις
1585 4924 1780 4991 ὀνομα-

199 5018 422 5085 σθείσης
451 5014 703 5085 ἀμπέλου
751 5015 813 5066 τὸ
865 5014 1088 5078 εὐθαλὲς
1138 5014 1232 5067 καὶ
1280 5015 1536 5084 ἀκμαιον,
1582 5015 1675 5066 καὶ
1722 5014 1782 5067 τὸ

201 5110 473 5181 τρυφερὸν
516 5109 607 5159 καὶ
636 5109 834 5177 ῳραῖον
872 5107 971 5176 τῆς
997 5106 1105 5159 τῶν
1138 5106 1481 5177 δηλουμένων
1521 5106 1686 5176 ζωῆς,
1722 5110 1779 5159 ἐν

200 5197 470 5274 ᾖῶσπερ
534 5198 820 5268 μεθύοντες
889 5197 1073 5267 διῆγον
1131 5198 1621 5269 ὲνευφραινόμενοι,
1686 5202 1778 5252 καὶ

201 5292 573 5366 ἐντρυφῶντες
600 5291 693 5341 ἐπὶ
714 5292 833 5352 ταῖς
860 5289 1041 5353 ἀθέοις
1065 5289 1244 5342 αὐτῶν
1275 5290 1633 5353 δυσσεϐείαις.

273 5404 292 5435 ι
320 5382 421 5435 Διά
446 5382 612 5435 τοῦτο
646 5383 680 5451 ἡ
713 5379 892 5433 κοιλία
939 5398 1038 5451 μου
1092 5379 1183 5433 ἐπὶ¹
1229 5379 1401 5434 Μωὰϐ
1448 5381 1523 5442 ὼς
1579 5381 1780 5453 κιθάρα

206 5475 409 5545 ἠχήσει,
438 5475 533 5527 καὶ
580 5471 648 5525 τὰ
690 5471 842 5533 ἐντός
868 5488 969 5539 μου
997 5471 1127 5523 ὡσεὶ
1151 5474 1327 5539 τεῖχος
1359 5470 1387 5522 ὅ
1418 5470 1777 5535 ὲνεκαίνισας,

211 5569 296 5620 καὶ
330 5567 475 5622 ἕσται
525 5567 607 5629 εἰς
658 5564 719 5617 τὸ
769 5562 1106 5634 ὲντραπῆναί
1158 5580 1237 5616 σε.
1280 5583 1297 5612 ι
1337 5565 1491 5615 Κατὰ
1536 5563 1591 5615 δὲ
1624 5564 1779 5631 λόγον

213 5659 501 5734 βαθύτερον,
532 5659 674 5732 πρὸς
713 5656 881 5709 αὑτὸν
913 5655 1006 5707 καὶ
1027 5653 1121 5706 νῦν
1152 5657 1179 5707 ὁ
1212 5654 1389 5721 λόγος,
1422 5654 1559 5725 πρὸς
1594 5655 1651 5707 ὃν
1685 5656 1779 5707 καὶ

210 5751 277 5815 τὸ,
314 5772 331 5805 ι
358 5754 487 5808 ὡσεὶ
515 5755 696 5822 τεῖχος
719 5748 749 5803 ὃ
788 5744 1152 5807 ἑνεκαίνισας,
1196 5764 1214 5796 ι
1241 5743 1438 5815 δηλαδὴ
1482 5744 1574 5797 τὸν
1622 5744 1774 5798 Θεὸν.

412 5852 694 5914 Ρλτκοι.
754 5845 808 5907 (‘s
824 5861 889 5903 ιι.
952 5840 1181 5901 XXIV.

1888 4650 2073 4701 vinum
2110 4650 2164 4703 in
2214 4651 2579 4709 torcularibus
2634 4672 2645 4707 :
2704 4656 2939 4710 cessavit
2970 4659 3139 4711 enim.
3178 4677 3199 4710 ι
3232 4657 3338 4714 Per
3366 4676 3468 4713 au-

1889 4749 2133 4794 tumnum
2182 4751 2238 4797 et
2272 4758 2545 4809 messem,
2600 4761 2665 4801 ac
2716 4762 2816 4817 per
2860 4748 3071 4803 vineam
3110 4741 3307 4819 saepius
3354 4766 3469 4807 nte-

1888 4842 2197 4897 moratam,
2249 4833 2577 4902 ﬂorentem,
2631 4839 2993 4911 voluptariam
3055 4852 3109 4896 et
3166 4842 3466 4909 jucundam
3572 4845 3579 4853 '

1888 4936 2073 4976 eorum
2103 4924 2267 4979 vitam
2306 4926 2550 4993 indicat,
2582 4944 2686 4998 qua
2735 4945 2835 4985 ceu
2883 4930 3021 4985 ebrii
3061 4934 3329 5002 degebant
3370 4934 3464 4989 la:-

1891 5022 2071 5070 tantes
2116 5026 2173 5071 et
2230 5020 2574 5075 lascivientes
2624 5024 2677 5076 in
2732 5023 2956 5077 nefariis
3000 5026 3113 5079 suis
3164 5026 3466 5096 impietati-

1887 5106 2007 5162 bus.
3039 5120 3045 5127 '

1960 5380 2123 5437 Vens.
2175 5384 2263 5440 li.
2295 5403 2312 5435 ι
2351 5385 2475 5439 Ideo
2507 5398 2697 5443 venter
2728 5404 2883 5445 meus
2916 5406 3080 5460 super
3109 5391 3264 5445 Moab
3304 5392 3460 5459 quasi

1889 5472 2099 5526 cithara
2146 5475 2402 5539 sonabit,
2446 5486 2500 5530 et
2549 5479 2811 5534 interiora
2865 5495 2982 5535 mea
3025 5482 3179 5551 quasi
3231 5498 3458 5545 murus,

1888 5577 2045 5628 quem
2081 5565 2367 5629 innovasti,
2403 5578 2455 5621 et
2488 5569 2591 5623 erit
2624 5581 2679 5624 ut
2711 5584 2760 5625 te
2788 5583 3164 5628 revereantur.
3201 5592 3221 5625 ι
3254 5574 3464 5628 Secun-

1890 5657 2012 5709 dum
2044 5659 2446 5725 profundiorem
2479 5662 2813 5732 intelligendi
2849 5666 3115 5719 rationem
3146 5708 3161 5732 ,
3192 5682 3313 5721 eum
3348 5666 3462 5735 jam

1886 5745 2182 5817 alloquitur
2235 5749 2319 5803 cui
2351 5748 2473 5803 dicit
2508 5789 2523 5815 ,
2576 5771 2593 5803 ι
2630 5756 2781 5822 quasi
2820 5770 3009 5811 murus
3046 5772 3204 5825 quem
3236 5756 3462 5811 innova-

3098 5856 3135 5913 7
