4120 6294
693 341 797 393 ξοδ

1354 334 1612 392 EUSEBII
1651 329 2123 389 CAESARIENSIS
2161 329 2307 384 OPP.
2354 330 2528 384 PARS
2567 330 2653 384 ill.
2694 361 2760 368 —
2799 329 3199 385 EXEGETICA.

3795 336 3909 389 204

695 454 801 514 sti,
857 468 874 500 ι
928 448 1175 504 videlicet
1205 448 1388 501 Deum.
1441 449 1575 514 Quid
1608 462 1738 518 ergo
1767 447 1866 500 sibi
1910 445 2021 498 vult
2075 444 2200 497 illud

2347 443 2409 494 Τί
2455 439 2545 494 οῦν
2581 443 2824 512 βούλεται
2852 443 2911 493 τὸ
2959 442 3241 512 τολμηρῶς
3282 442 3468 496 δοκοῦν
3519 445 3785 516 εἰρῆσθαι,
3815 450 3906 510 τὸ,

693 539 832 608 quod
867 553 995 591 sane
1047 548 1246 590 temere
1292 537 1489 590 dictum
1522 537 1784 602 videatur,
1835 554 1852 586 ι
1897 534 2048 595 Erit,
2096 542 2152 585 ut
2187 541 2239 587 te

692 625 1078 680 revereantur?
1101 645 1118 675 ι
1150 624 1283 687 Ideo,
1320 623 1511 691 inquit,
1545 624 1725 678 ﬁrmas
1761 623 1889 676 mihi
1922 623 2062 676 intus
2095 622 2240 690 cogi-

695 720 927 773 tationes
957 717 1209 786 elargitus
1233 729 1291 769 es
1314 755 1328 779 ,
1378 715 1447 768 ita
1485 725 1543 768 ut
1577 716 1664 784 qui
1698 729 1815 770 sese
1845 715 1911 770 ad
1940 724 1992 768 te
2018 714 2238 767 minime

692 817 1028 870 convertunt,
1059 807 1131 859 tui
1162 805 1516 858 reverentiam
1546 805 1798 866 habeant,
1820 805 1888 858 ob
1923 813 2236 874 argumenta

692 914 757 951 ex
784 899 962 952 inditis
989 897 1115 951 mihi
1143 895 1444 965 praevalidis
1488 897 1907 964 cogitationibus
1938 896 2067 964 ipsis
2089 895 2237 949 obla-

692 998 767 1041 ta.
800 988 958 1041 Deest
1001 987 1176 1054 itaque
1221 985 1347 1039 illud
1372 1025 1385 1047 ,
1422 1002 1441 1035 ι
1479 985 1618 1053 ipsi,
1661 1005 1678 1037 ι
1711 997 1769 1039 ιιι
1798 1001 1925 1040 sana
1955 988 2234 1041 verborum

690 1078 950 1132 sententia
978 1077 1252 1140 reddatur,
1288 1094 1306 1126 ι
1341 1076 1404 1129 Ει
1429 1075 1532 1130 erit
1565 1085 1623 1129 ut
1647 1077 1743 1147 ipsi
1779 1079 2132 1132 reverentiam
2160 1079 2232 1132 tui

691 1173 940 1224 habeant.
1004 1187 1021 1219 ι
1067 1167 1518 1233 Quemadmodum
1569 1168 1708 1221 enim
1744 1169 1835 1236 qui
1872 1170 1922 1222 in
1958 1169 2107 1226 bellis
2142 1171 2234 1224 ad-

688 1275 840 1315 versa
873 1259 1009 1314 facie
1038 1260 1356 1322 consistunt,
1390 1259 1624 1326 quandiu
1659 1275 1811 1329 aequo
1840 1271 2011 1316 marte
2041 1277 2234 1333 pugna-

690 1359 795 1413 tur,
827 1366 932 1405 non
969 1360 1115 1420 terga
1159 1351 1325 1413 dant,
1355 1363 1524 1417 neque
1567 1352 1751 1420 pedem
1795 1351 2074 1417 referunt;
2113 1367 2231 1408 cum

685 1452 864 1496 autem
911 1441 1074 1496 altera
1127 1455 1247 1510 pars
1281 1440 1532 1508 praevalet
1559 1479 1574 1505 ,
1613 1449 1736 1495 tunc
1769 1442 1943 1511 fugam
1990 1443 2227 1509 faciunt;

686 1533 760 1586 ita
791 1543 844 1587 et
874 1535 1048 1587 anima
1085 1533 1423 1601 impudenter
1447 1533 1499 1585 in
1538 1531 1652 1586 acie
1683 1534 1859 1587 stabat
1893 1548 1990 1588 nec
2020 1549 2232 1588 revere-

683 1625 882 1689 batura;
921 1623 1082 1677 verbo
1115 1631 1290 1676 autem
1339 1623 1537 1679 elﬁcaci
1570 1626 1810 1678 convicta
1840 1665 1853 1687 ,
1885 1625 1936 1677 in
1971 1624 2228 1692 pudorem

683 1724 735 1767 et
766 1714 1122 1766 reverentiam
1153 1715 1398 1765 vertitur.
1430 1713 1494 1767 Et
1531 1728 1653 1781 quia
1680 1715 1730 1766 in
1765 1715 1973 1767 occulta
2001 1714 2229 1766 hominis

678 1812 829 1870 parte
859 1805 972 1856 hate
992 1804 1271 1857 conversio
1295 1803 1540 1867 eﬂicitur,
1566 1804 1820 1873 ἐντροπὴ,
1851 1803 1963 1858 sive
1991 1803 2224 1871 conlusio

682 1904 1038 1963 nuncupatur.
1072 1893 1191 1948 ldeo
1219 1908 1349 1963 ergo
1380 1903 1567 1947 venter
1595 1895 1806 1948 sonabit
1836 1932 1850 1958 ,
1890 1903 1945 1948 et
1972 1894 2226 1947 interiora

683 1986 837 2053 quasi
875 2001 1057 2040 murus
1080 2027 1095 2050 ,
1141 2001 1298 2056 quem
1327 1987 1598 2040 innovavit
1646 1985 1785 2038 Deus
1819 1985 2086 2054 propheta:
2118 2003 2132 2038 :
2169 1995 2226 2039 ut

681 2085 971 2140 mutentur,
998 2086 1052 2130 et
1075 2077 1486 2140 confundantur,
1522 2077 1795 2145 Deumque
1838 2086 2180 2131 revereantur
2209 2096 2221 2130 :

681 2167 909 2220 antehac
936 2167 1080 2220 utilis
1103 2169 1326 2235 pudoris
1353 2167 1544 2231 ignari.
1580 2165 1682 2219 Per
1705 2166 1831 2219 illud
1862 2181 2011 2230 sane,

746 2256 905 2311 Vens.
940 2257 1023 2309 12.
1065 2275 1084 2306 ι
1136 2257 1268 2323 Quia
1295 2257 1613 2326 defatigatus
1654 2267 1737 2310 est
1761 2256 1911 2310 Moab
1948 2257 1998 2310 in
2030 2258 2221 2311 altari-

2348 555 2362 585 t
2408 537 2597 587 Ἔσται
2618 537 2696 598 είς
2717 538 2775 588 τὸ
2808 536 3136 606 ἐντραπῆναί
3167 552 3247 586 σε.
3284 553 3303 585 ι
3330 536 3426 589 Διὰ
3447 535 3603 588 τοῦτό
3631 554 3740 606 μοι,
3798 556 3910 610 φη-

2341 625 2441 686 σὶν,
2491 626 2736 693 ἰσχυροὺς
2781 624 3015 694 ἐχαρίσω
3056 621 3266 674 ἔνδοθεν
3309 624 3434 685 τοὺς
3478 622 3855 692 διαλογισμούς
3883 641 3902 655 ο

2337 711 2475 764 ὥστε
2499 713 2621 774 τοὺς
2646 713 2740 765 νῦν
2775 714 2846 784 μὴ
2874 711 3294 783 ἐπιστρέφοντας
3335 714 3426 764 ἐπὶ
3464 713 3520 764 σὲ
3566 713 3906 784 ἐντραπῆναί

2339 821 2418 865 σε,
2441 803 2528 855 διὰ
2548 800 2652 854 τῶν
2675 803 2908 873 ἐλέγχων
2937 803 3042 856 τῶν
3069 804 3484 873 προσαγομένων
3515 804 3692 867 αὐτοῖς
3715 806 3776 856 ἐκ
3797 805 3907 875 τῆς

2336 893 2443 946 τῶν
2469 893 2758 964 δεδομένων
2791 912 2878 964 μοι
2893 893 3160 963 λογισμῶν
3192 894 3450 957 εὐτονίας.
3479 895 3665 946 Λείπει
3691 891 3782 947 οὖν
3811 895 3902 960 τὸ,

2343 1006 2360 1036 ‹
2392 986 2606 1048 αὐτοὺς,
2651 1005 2668 1036 ι
2702 986 2789 1038 ἴνα
2811 986 2979 1054 ὑγιῶς
3009 987 3036 1038 6
3065 984 3188 1048 νοῦς
3212 985 3318 1038 τῶν
3345 985 3600 1055 ῥημάτων
3637 985 3902 1056 ἀποδοθῇ,

2341 1095 2359 1126 ι
2394 1076 2506 1128 Καὶ
2544 1075 2694 1127 ἔσται
2719 1075 2799 1137 εἰς
2828 1074 2889 1126 τὸ
2921 1074 3250 1144 ἐντραπῆναι
3283 1074 3478 1138 αὐτούς
3506 1092 3587 1130 σε.
3627 1092 3645 1125 ι
3684 1075 3904 1142 ’Ὠσπερ

2335 1163 2442 1233 γὰρ
2478 1164 2526 1215 οἱ
2551 1164 2609 1214 ἐν
2635 1166 2748 1226 τοῖς
2776 1162 3030 1233 πολέμοις
3053 1164 3452 1234 ἀντιπρόσωποι
3489 1165 3736 1229 ἑστῶτες,
3789 1166 3908 1228 ἕως

2338 1256 2436 1323 μὲν
2463 1253 2729 1316 ἰσοπαλείς
2754 1254 3001 1307 δοκοῦσιν
3029 1253 3184 1318 εἶναι,
3225 1255 3284 1307 οὑ
3335 1255 3624 1326 τρέπονται
3659 1257 3778 1309 οὐδὲ
3801 1258 3905 1309 ἐκ-

2333 1345 2622 1407 κλίνουσιν,
2643 1343 2858 1397 ἐπειδὰν
2877 1345 2932 1397 δὲ
2958 1345 3197 1417 ὑπερέχῃ
3229 1345 3406 1397 αὐτῶν
3428 1347 3487 1397 τὸ
3507 1346 3687 1417 ἕτερον
3707 1345 3899 1417 μέρος,

2331 1436 2627 1507 τραπέντες
2659 1435 2943 1504 φεύγουσιν
2962 1453 2975 1466 ·
3009 1437 3149 1489 οὕτω
3181 1437 3274 1489 καὶ
3301 1436 3444 1506 ψυχὴ
3470 1437 3573 1488 ὑπὸ
3620 1437 3904 1500 ἀναιδείας

2332 1527 2782 1597 παρατεταγμένη
2805 1527 3033 1597 ἕστηκεν
3055 1528 3152 1580 ούκ
3173 1526 3556 1598 ἐντρεπομένη,
3583 1527 3901 1598 ἐλεγχθεῖσα

2330 1617 2385 1669 δέ
2428 1618 2531 1669 ὑπὸ
2579 1617 2735 1684 λόγου
2763 1616 3173 1687 καθαπτομένου
3217 1617 3404 1686 αὐτῆς,
3452 1617 3709 1687 τρέπεται
3753 1619 3902 1689 πρὸς

2332 1709 2608 1778 αἰσχύνην.
2637 1709 2745 1762 Καὶ
2781 1707 2967 1777 ἐπειδὴ
3006 1711 3062 1760 ἐν
3109 1706 3185 1776 τῷ
3214 1706 3437 1779 κρυπτῷ
3462 1707 3557 1760 τοῦ
3600 1707 3898 1779 ἀνθρώπου

2330 1804 2533 1869 γίνεται
2573 1803 2605 1871 ή
2631 1800 2825 1871 τροπὴ,
2851 1799 3087 1870 ἐντροπὴ
3118 1801 3573 1870 προσηγόρευται.
3609 1800 3708 1852 Διὰ
3729 1800 3898 1853 τοῦτο

2337 1893 2427 1949 οὖν
2456 1898 2488 1965 ἡ
2527 1895 2700 1948 κοιλία
2723 1896 2940 1964 ἠχήσει,
2968 1895 3059 1946 καὶ
3088 1892 3154 1946 τὰ
3186 1893 3354 1957 ἐντὸς,
3385 1895 3513 1946 ὡσεὶ
3555 1897 3728 1962 τεῖχος
3752 1895 3780 1946 ὃ
3803 1896 3900 1946 ὲν-

2326 1988 2593 2039 εκαίνισεν
2619 1990 2646 2040 6
2666 1986 2794 2048 Θεὸς
2826 1984 2920 2037 τοῦ
2954 1985 3229 2054 προφήτου
3253 2001 3265 2014 ·
3299 1985 3384 2037 ἵνα
3432 1984 3771 2053 μεταδάλωσι
3791 1986 3898 2038 καὶ

2325 2077 2646 2148 ἐπραπῶσι,
2679 2075 2769 2129 τοῦ
2815 2075 3074 2130 αἰδεῖσθαι
3129 2074 3280 2136 Θεὸν,
3339 2076 3601 2146 πρότερον
3641 2076 3740 2128 οὐκ
3785 2075 3898 2127 ἐπ-

2327 2171 2596 2238 ισταμενοι
2622 2173 2717 2239 τήν
2743 2168 3011 2237 ὠφέλιμον
3039 2166 3317 2236 αἰσχύνην.
3335 2167 3429 2220 Διὰ
3464 2170 3642 2236 μέντοι
3663 2165 3777 2232 τοῦ,

2398 2281 2415 2311 ‹
2455 2263 2573 2314 Ὅτι
2603 2260 2856 2312 ἐκοπίασε
2884 2259 3054 2312 Μωὰϐ
3091 2259 3183 2310 ἐπὶ
3239 2261 3351 2322 τοῖς
3383 2259 3607 2328 βωμοῖς,
3650 2259 3744 2312 καὶ
3775 2260 3899 2311 elc-

675 2349 774 2402 bus
796 2389 811 2412 ,
840 2357 892 2402 et
922 2348 1252 2418 ingredietur
1281 2349 1331 2402 in
1379 2350 1679 2403 manufacta
1722 2350 1783 2402 ad
1827 2351 2088 2403 orandum
2111 2389 2129 2415 ,
2169 2359 2222 2403 et

2324 2353 2592 2404 ελεύσεται
2629 2353 2706 2414 εἰς
2743 2351 2810 2402 τὰ
2863 2349 3230 2419 χειροποίητα.
3281 2350 3420 2402 ὥστε
3465 2348 3895 2421 προσεύξασθαι,

676 2453 779 2490 non
817 2448 1068 2506 poterunt
1108 2453 1294 2493 eruere
1331 2439 1474 2492 illum
1501 2479 1515 2502 ,
1557 2458 1573 2490 ι
1609 2439 1834 2493 fortasse
1883 2440 2058 2493 omnis
2104 2441 2219 2494 ido-

2324 2445 2413 2495 καὶ
2440 2443 2498 2496 οὐ
2530 2442 2603 2512 μὴ
2625 2442 2878 2496 δύνωνται
2926 2439 3195 2504 ἐξελέσθαι
3236 2442 3395 2495 αὐτόν
3413 2458 3426 2470 ·
3459 2459 3477 2492 ›
3504 2440 3642 2510 τάχα
3668 2441 3758 2493 τὸν
3791 2441 3897 2493 ἐπὶ

678 2528 901 2581 lolatria:
936 2529 1346 2583 destructionem
1387 2570 1402 2586 .
1446 2531 1495 2582 in
1545 2529 1647 2583 line
1681 2545 1744 2583 ex
1796 2529 2023 2584 adventu
2061 2531 2219 2586 Verbi

2324 2534 2460 2587 τέλει
2494 2535 2799 2604 ἀφανισμὸν
2832 2535 3010 2602 πάσης
3054 2533 3494 2603 εἰδωλολατρείας
3540 2535 3604 2586 ὲκ
3643 2532 3740 2602 τῆς
3784 2531 3895 2585 τοῦ

1634 2620 1754 2688 quia
1787 2635 1976 2674 omnes
2008 2621 2059 2674 in
2091 2635 2221 2675 con-

2324 2609 2476 2693 λόγου
2515 2624 2851 2692 ἐπιφανείας,
2889 2623 3213 2694 προφητεύει
3258 2626 3286 2676 6
3332 2625 3586 2686 Ἡσαΐας·
3645 2624 3726 2676 ὅτι
3777 2623 3895 2693 μά-

2318 2734 2455 2769 ταιοι
2490 2716 2684 2778 πάντες
2725 2717 2771 2767 οἱ
2817 2716 2908 2767 ἐπὶ
2938 2717 3058 2777 ταῖς
3100 2717 3460 2777 κατασκευαῖς
3490 2713 3596 2767 τῶν
3620 2712 3760 2768 ναῶν
3783 2712 3895 2783 μό-

673 2799 1050 2868 fructuosaque
1094 2814 1216 2869 spes
1265 2801 1317 2854 in
1375 2800 1694 2854 manufactis
1750 2801 1940 2868 posita.
1996 2819 2014 2852 ι
2062 2800 2216 2866 Nam,

2324 2807 2453 2878 χθοι,
2487 2808 2581 2860 καὶ
2612 2807 2904 2875 ἀνωφελεῖς
2949 2808 3004 2860 αἱ
3046 2808 3124 2869 είς
3165 2806 3232 2858 τὰ
3269 2805 3614 2877 χειροποίητα
3644 2804 3886 2868 ἐλπίδες.

670 2891 866 2959 inquit,
911 2893 1178 2958 orabunt,
1219 2903 1270 2946 et
1310 2907 1414 2946 non
1455 2902 1703 2961 pOterunt
1743 2907 1930 2946 eruere
1972 2893 2138 2946 illum.
2194 2913 2213 2944 ι

2325 2918 2344 2949 r
2380 2897 2772 2969 Προσεύξονται
2809 2899 2937 2968 γὰρ,
2972 2898 3122 2967 φησι,
3157 2899 3250 2951 καὶ
3279 2898 3338 2950 ού
3375 2897 3447 2967 μὴ
3496 2895 3752 2949 δύνωνται
3783 2895 3882 2960 ἐξ-

669 2981 931 3035 Caaterum
988 2982 1088 3035 hoc
1117 2980 1227 3048 jam
1272 2983 1323 3034 in
1378 2981 1606 3034 adventu
1652 2981 1848 3036 Christi
1897 2983 2216 3052 completum

2324 2990 2530 3043 ελέσθαι
2553 2990 2732 3042 αὐτόν.
2766 3009 2783 3041 ι
2804 2989 2972 3042 Τοῦτο
2991 2989 3046 3040 δὲ
3076 2988 3170 3040 νῦν
3201 2989 3292 3040 ἐπὶ
3317 2988 3416 3057 τῆς
3445 2985 3674 3059 Χριστοῦ
3696 2985 3892 3055 ἐπιδη-

670 3083 754 3125 est
798 3091 810 3125 :
858 3072 944 3125 illa
991 3073 1183 3142 quippe
1229 3073 1354 3127 olim
1405 3073 1608 3125 famosa
1641 3073 1832 3140 templa
1881 3088 1979 3141 pro
2028 3088 2218 3141 seopu-

2324 3081 2448 3151 μίας
2477 3081 2864 3151 πεπλήρωται’
2899 3079 3018 3132 ἀντὶ
3064 3079 3338 3131 σκοπέλων
3369 3079 3465 3148 μὲν
3497 3077 3602 3148 γὰρ
3647 3077 3892 3146 ἑστήκα-

670 3163 737 3217 lis
791 3162 1055 3217 habentur
1099 3185 1111 3216 :
1169 3178 1266 3218 nec
1311 3163 1449 3217 ultra
1498 3163 1598 3216 illae
1654 3163 1951 3217 daemonum
2000 3163 2222 3221 fallacia:

2324 3191 2405 3226 σιν
2440 3175 2488 3225 οἱ
2517 3174 2635 3225 ναοὶ
2664 3169 2994 3240 περιϐόητοι,
3019 3170 3199 3222 οὐκέτι
3229 3168 3285 3221 δὲ
3316 3171 3372 3222 αἱ
3409 3167 3517 3220 ἀπὸ
3549 3167 3657 3220 τῶν
3683 3167 3885 3237 δαιμό-

669 3253 999 3315 consistunt,
1050 3253 1352 3308 adversaria
1420 3254 1506 3307 illa
1567 3263 1824 3322 potestate
1875 3270 1972 3323 per
2025 3263 2219 3325 myste-

2324 3281 2424 3318 νων
2447 3263 2670 3323 ἀπάται,
2703 3260 3124 3329 φυγαδευθείσης
3163 3259 3262 3329 τῆς
3299 3259 3678 3329 ἀντικειμένης
3714 3257 3888 3312 δυνά-

670 3346 808 3396 rium
866 3347 1041 3400 crucis
1090 3346 1143 3398 in
1197 3354 1308 3401 toto
1363 3346 1490 3399 orbe
1549 3345 1890 3413 praedicatum
1938 3344 1992 3398 in
2041 3344 2218 3415 fugam

2324 3372 2463 3424 μεως
2485 3354 2574 3406 διὰ
2603 3354 2663 3406 τὸ
2692 3354 2983 3423 μυστήριον
3008 3351 3101 3404 τοῦ
3137 3349 3368 3420 σταυροῦ
3400 3350 3495 3402 τοῦ
3531 3349 3670 3403 κατὰ
3695 3346 3888 3406 πᾶσαν

668 3448 843 3487 versa.
2314 3447 2412 3518 τὴν
2439 3445 2754 3516 οἰκουμένην
2780 3462 2912 3513 κεκη
2922 3443 3205 3513 ρυγμένου.

741 3524 899 3578 Vnus.
933 3526 1033 3588 1'5,
1073 3525 1158 3578 Μ.
1210 3543 1226 3575 ‹
1281 3525 1389 3578 lloc
1436 3525 1653 3578 verbum
1701 3525 1841 3592 quod
1887 3524 2091 3578 locutus
2137 3533 2219 3579 est

2391 3556 2408 3587 ‹
2446 3537 2614 3589 Τοῦτο
2652 3537 2712 3588 τὸ
2755 3536 2901 3606 ῥῆμα
2929 3535 2957 3587 ὃ
2998 3535 3226 3605 ἐλάλησε
3281 3532 3483 3603 Κύριος
3535 3533 3629 3583 ἐπὶ
3676 3529 3882 3596 Μωάσ,

672 3624 923 3676 Dominus
963 3636 1122 3690 super
1154 3621 1304 3675 Moab
1332 3660 1346 3683 ,
1376 3622 1590 3690 quando
1622 3620 1832 3674 locutus
1852 3629 1954 3674 est.
1985 3620 2052 3674 Et
2076 3635 2217 3674 nunc

2324 3629 2470 3682 Βπὸτε
2504 3627 2750 3695 ἐλάλησε.
2779 3626 2888 3678 Καὶ
2912 3625 3005 3678 νῦν
3038 3625 3198 3692 λέγω,
3231 3627 3289 3677 ὲν
3321 3624 3495 3693 τρισὶν
3523 3623 3696 3675 ἔτεσιν
3737 3621 3885 3674 ἐτῶν

667 3713 788 3766 dico
817 3713 869 3764 in
919 3711 1088 3764 tribus
1120 3711 1272 3765 annis
1315 3725 1572 3764 annorum
1606 3710 1962 3775 mercenarii,
1990 3711 2216 3765 inhono-

2324 3716 2584 3789 μισθωτοῦ
2623 3716 3050 3786 ἀτιμασθήσεται
3081 3717 3113 3786 ἡ
3145 3714 3268 3780 δόξα
3291 3713 3463 3766 Μωὰό
3485 3715 3543 3766 ἐν
3577 3711 3739 3767 παντὶ
3789 3711 3885 3777 τῷ

667 3817 872 3872 rabitur
905 3815 1072 3884 gloria
1103 3812 1274 3875 Moab,
1310 3813 1360 3865 in
1388 3813 1638 3868 omnibus
1661 3813 1876 3867 divitiis
1891 3813 2074 3868 multis
2109 3831 2122 3867 :
2159 3823 2214 3868 et

2324 3808 2526 3875 πλούτῳ
2547 3807 2624 3876 τῷ
2653 3806 2850 3875 πολλῷ,
2901 3807 2993 3859 καὶ
3020 3805 3509 3876 καταλειφθήσεται
3562 3803 3864 3874 ὀλιγοστὸς,

667 3909 997 3976 relinquetur
1032 3908 1318 3969 minimus,
1359 3914 1412 3958 et
1449 3921 1551 3960 non
1587 3908 1899 3961 honoratus.
1943 3924 1961 3956 ι
1992 3905 2096 3960 Pro
2123 3905 2214 3961 illo

2324 3901 2407 3954 καὶ
2431 3899 2529 3951 οὐκ
2555 3898 2787 3967 ἔντιμος.
2827 3917 2844 3948 ι
2890 3898 3032 3952 ’Δντὶ
3067 3900 3246 3969 μέντοι
3274 3897 3366 3950 τοῦ
3400 3896 3551 3966 παρὰ
3596 3898 3707 3958 τοῖς
3735 3895 3870 3948 Ἐϐ-

667 4003 803 4066 apud
838 3997 974 4051 LXX
1003 3997 1319 4064 lnterpretes
1344 3995 1505 4060 dicto,
1539 4014 1558 4046 ι
1595 3995 1650 4049 In
1685 3997 1856 4051 tribus
1883 3997 2039 4050 annis
2077 4011 2215 4051 mer-

2324 3988 2611 4058 Ξομήκοντα
2683 3986 2977 4055 φάσκοντος
3047 3986 3225 4053 λόγου,
3278 4005 3296 4035 ε
3362 3986 3452 4038 Ἐν
3473 3984 3648 4055 τρισὶν
3691 3982 3878 4036 ἔτεσιν

666 4089 866 4143 cenarii
915 4088 1321 4141 inbonornbitur
1371 4087 1537 4156 gloria
1589 4085 1781 4150 Moab,
1835 4105 1852 4137 ι
1895 4087 2213 4155 interposita

2324 4077 2581 4149 μισθωτοῦ
2625 4077 3050 4148 ἀτιμασθήσεται
3097 4080 3130 4148 ή
3184 4076 3308 4143 δόξα
3367 4074 3559 4140 Μωὰό,
3603 4092 3620 4124 ι
3660 4073 3879 4142 ἡκατὰ

667 4181 805 4249 apud
830 4180 1060 4247 reliquos
1103 4179 1419 4246 interpretes
1449 4177 1741 4240 distinctio,
1774 4177 2054 4233 clariorem
2085 4193 2210 4232 sen-

2324 4171 2432 4233 τοὺς
2469 4169 2684 4232 λοιποὺς
2711 4169 3044 4240 ἐρμηνευτὰς
3064 4168 3336 4240 διαστολὴ,
3367 4165 3566 4237 μεταξὺ
3589 4164 3872 4255 βληθεῖσα,

665 4273 886 4326 tentiam
935 4271 1097 4324 etiicit
1145 4287 1158 4320 :
1213 4284 1333 4322 nam
1384 4269 1674 4322 secundum
1706 4268 1950 4338 Aquilam
1993 4271 2209 4334 dicitur,

2324 4260 2644 4330 ταφεστέραν
2667 4261 2963 4330 κατέστησε
2995 4259 3092 4329 τὴν
3133 4258 3387 4311 διάνοιαν·
3425 4255 3565 4309 κατὰ
3617 4254 3711 4324 μὲν
3757 4254 3876 4325 γὰρ

668 4381 688 4414 ‹
727 4362 780 4415 In
805 4361 972 4414 tribus
1001 4360 1154 4412 armis
1183 4359 1534 4421 mercenarii;
1574 4375 1592 4407 ι
1629 4364 1916 4412 secundum
1959 4359 2209 4429 Symma-

2324 4349 2394 4400 τὸν
2436 4341 2661 4402 Ἀκύλαν
2689 4347 2936 4418 εἴρηται,
2965 4367 2983 4398 r
3008 4348 3094 4400 Ἑν
3121 4347 3294 4417 τρισὶν
3327 4343 3468 4396 ἔτεσι
3501 4340 3764 4412 μισθωτοῦ
3790 4357 3802 4371 ·
3844 4361 3867 4393 ι

663 4453 821 4504 chum
849 4464 974 4504 vero
998 4492 1011 4512 ,
1060 4467 1078 4499 ι
1117 4449 1188 4501 Ex
1233 4463 1296 4502 eo
1333 4458 1572 4516 tempore
1615 4455 1668 4500 et
1714 4463 1856 4501 nunc
1890 4449 2096 4504 locutus
2126 4458 2209 4504 est

2324 4440 2449 4493 ιατὰ
2496 4441 2552 4492 δὲ
2602 4441 2690 4493 τὸν
2732 4440 3041 4510 Σύμμαχον,
3069 4458 3085 4489 ι
3119 4439 3341 4490 ’Έκτοτε
3385 4435 3476 4486 καὶ
3503 4433 3596 4485 νῦν
3641 4431 3873 4501 ἐλάλησε

675 2619 906 2672 futuram
935 2658 950 2683 ,
994 2620 1317 2673 vaticinatur
1367 2619 1528 2673 Isaias
1575 2638 1586 2672 :

675 2710 944 2765 struendis
975 2709 1184 2778 templis
1219 2710 1468 2779 insumpti
1507 2708 1715 2764 labores
1758 2712 1875 2762 vani
1926 2718 2094 2774 sunt,
2136 2713 2220 2764 in-

663 4542 918 4597 Dominus
947 4540 1127 4594 dicens
1152 4579 1166 4603 ,
1196 4539 1249 4591 In
1288 4538 1457 4591 tribus
1501 4538 1654 4591 annis
1682 4538 1834 4606 quasi
1868 4553 2027 4607 super
2058 4554 2204 4594 mer-

661 4633 970 4696 cenarium;
1015 4648 1034 4681 ι
1063 4629 1352 4684 secundum
1383 4628 1798 4683 Theodotionem
1831 4638 2032 4693 autem,
2068 4647 2086 4680 σ
2126 4630 2207 4684 Ab

663 4737 728 4776 eo
768 4731 999 4788 tempore
1049 4731 1101 4773 et
1143 4733 1281 4772 nunc
1326 4719 1528 4773 locutus
1560 4729 1643 4774 est
1689 4719 1944 4772 Dominus
1987 4719 2205 4785 dicens,

664 4814 720 4866 In
750 4813 917 4867 tribus
973 4811 1126 4864 annis
1147 4849 1161 4873 ,
1191 4810 1346 4877 quasi
1376 4810 1527 4864 annis
1558 4809 1895 4864 mercenarii.
1939 4828 1958 4860 ι
1987 4810 2204 4874 Deinde,

662 4902 768 4957 alio
813 4909 1080 4968 resumpto
1111 4899 1376 4967 principio
1403 4938 1418 4962 ,
1450 4898 1644 4951 dicitur
1675 4899 1815 4967 apud
1849 4898 2082 4968 reliquos
2128 4899 2210 4952 in-

661 4998 940 5058 terpretes,
979 5006 997 5039 ι
1026 4986 1092 5039 Ει
1120 4986 1527 5041 inhonorabitur
1556 4985 1721 5055 gloria
1752 4984 1907 5040 Moab
1943 5001 2064 5039 cum
2093 5002 2208 5040 om-

663 5079 815 5133 nibus
844 5078 1044 5131 divitiis
1076 5077 1276 5131 multis.
1329 5095 1347 5127 ι
1392 5075 1522 5129 Nam
1556 5077 1858 5142 coniunctio
1885 5118 1900 5141 ,
1949 5089 1997 5131 et
2023 5120 2037 5143 ,
2089 5095 2208 5148 quae

663 5171 837 5225 media
871 5170 1245 5238 interponitur,
1271 5169 1429 5222 aliam
1463 5167 1621 5221 effert
1647 5169 2000 5231 sententiam,
2035 5171 2208 5224 abhis

661 5264 858 5327 verbis,
889 5279 904 5311 ι
943 5261 1008 5314 Ει
1030 5261 1437 5314 inbonorabitur
1466 5259 1628 5328 gloria
1659 5259 1810 5315 Moab
1838 5279 1852 5326 ;
1891 5280 1908 5310 ι
1940 5275 2059 5329 qua:
2080 5275 2206 5315 vero

664 5353 906 5420 superius
954 5361 1222 5418 ponuntur
1271 5350 1575 5420 signiﬁcant
1625 5348 1903 5404 DOminum
1953 5350 2202 5420 praedicta

664 5441 841 5493 omnia
873 5441 936 5492 de
963 5438 1115 5494 Moab
1163 5441 1214 5492 in
1256 5439 1428 5493 tribus
1475 5440 1630 5492 annis
1673 5439 1902 5492 locutum
1951 5456 2072 5494 esse
2111 5454 2205 5509 per

668 5528 1007 5596 prophetam,
1037 5543 1097 5581 ac
1127 5530 1170 5581 si
1205 5529 1449 5583 mercede
1481 5529 1821 5582 conduxisset
1852 5545 1970 5584 eum
1999 5571 2014 5593 ,
2043 5539 2204 5598 atque

666 5619 906 5685 ut-bujns
943 5620 1227 5684 prophetia:
1271 5620 1567 5672 ministerio
1600 5630 1811 5674 vacaret
1865 5622 2198 5690 praecepisse.

664 5710 777 5763 Non
809 5710 948 5764 enim
984 5712 1423 5778 quemadmodum
1461 5727 1558 5766 nos
1588 5719 1752 5766 tutam
1785 5697 2065 5768 lectionem
2099 5728 2200 5766 una

2311 4534 2511 4604 Κύριος
2539 4534 2730 4600 λέγων,
2780 4533 2865 4585 Ἐν
2917 4531 3090 4601 τρισὶν
3122 4529 3294 4581 ἐτεσιν
3313 4525 3387 4589 ὼς
3417 4525 3508 4576 ἐπὶ
3542 4521 3868 4592 μισθωτοῦοι

2313 4622 2450 4676 κατὰ
2480 4622 2535 4674 δὲ
2567 4622 2657 4674 τὸν
2689 4622 3033 4680 Θεοδοτίωνα,
3067 4637 3084 4669 ι
3131 4616 3260 4669 Ἀπὸ
3311 4616 3426 4666 τότε
3475 4613 3567 4666 καὶ
3598 4611 3689 4665 νῦν
3737 4611 3873 4664 ἐλά-

2312 4713 2438 4784 λησε
2493 4714 2692 4785 Κύριος
2738 4715 2930 4781 λέγων,
2973 4709 3233 4781 Ἐντρισὶν
3278 4707 3449 4759 ἐτεσιν
3491 4707 3565 4769 ὡς
3605 4705 3873 4768 ἐνιαυτοῖς

2315 4805 2600 4873 μισθωτοῦ.
2644 4825 2663 4856 ι
2699 4801 2832 4858 Εἶτα
2864 4804 2969 4856 ἀπὸ
3004 4802 3192 4872 ἐτέρας
3241 4799 3414 4870 ἀρχῆς
3451 4798 3660 4867 εἴρηται
3711 4795 3872 4864 παρὰ

2311 4900 2419 4959 τοῖς
2477 4898 2678 4958 λοιποῖς
2735 4897 3106 4966 ἐρμηνευταῖς,
3160 4912 3177 4943 ι
3232 4892 3340 4944 Καὶ
3372 4886 3793 4959 ἀτιμασθήσεται
3829 4888 3874 4958 ἡ

2311 4988 2435 5052 δόξα
2464 4989 2636 5041 Μωὰϐ
2674 4989 2766 5039 σὺν
2800 4987 2956 5038 παντὶ
2980 4985 3054 5054 τῷ
3083 4983 3272 5054 πλήθει
3292 4981 3368 5051 τῷ
3397 4979 3590 5046 πολλῷ.
3616 4998 3633 5030 ι
3656 4980 3710 5031 ὐ
3731 4979 3870 5048 γὰρ,

2314 5078 2428 5143 καὶ,
2465 5079 2754 5148 σύνδεσμος
2789 5078 2947 5147 μέσος
2967 5075 3380 5146 παρεμϐληθεὶς,
3408 5073 3596 5144 ἐτέραν
3627 5072 3870 5125 διάνοιαν

2315 5169 2617 5239 παρέστησε
2646 5169 2741 5238 τὴν
2761 5168 2866 5220 ἀπὸ
2896 5167 3008 5229 τοῦ,
3035 5187 3052 5217 ι
3092 5167 3200 5220 Καὶ
3231 5164 3649 5236 ἁτιμασθήσεται
3677 5165 3710 5233 ή
3736 5161 3872 5227 δόξα

2312 5260 2481 5313 Μωάὸ
2501 5277 2513 5289 ·
2557 5278 2576 5310 ι
2615 5259 2674 5312 τὸ
2705 5260 2760 5310 δὲ
2795 5258 3094 5329 ἔμπροσθεν
3121 5257 3307 5326 ἐδήλου
3339 5257 3413 5318 ὠς
3438 5256 3495 5308 ἐν
3523 5254 3694 5326 τρισὶν
3719 5253 3868 5308 ἔτεσι

2309 5356 2374 5404 τὰ
2408 5350 2770 5423 προλεχθέντα
2801 5351 2973 5403 πάντα
3000 5350 3126 5420 περὶ
3156 5348 3255 5417 τῆς
3297 5346 3468 5400 Μωὰό
3506 5344 3705 5418 Κύριος
3732 5343 3869 5398 ἐλά-

2310 5443 2437 5512 λησε
2463 5442 2551 5493 διὰ
2586 5440 2676 5492 τοῦ
2713 5441 3007 5510 προφήτου,
3033 5440 3219 5509 ὥσπερ
3243 5435 3649 5508 μισθωσάμενος
3680 5432 3868 5498 αὑτὸν,

2309 5535 2401 5586 καὶ
2433 5532 2813 5602 ἀπασχολήσας
2847 5533 2974 5603 περὶ
3010 5532 3107 5600 τὴν
3133 5528 3432 5601 ὑπηρεσίαν
3465 5527 3564 5596 τῆς
3588 5525 3714 5596 περὶ
3741 5523 3868 5577 τού-

2310 5644 2414 5678 των
2454 5624 2801 5696 προφητείας.
2826 5625 2897 5676 06
2922 5625 3028 5693 γὰρ
3060 5621 3244 5691 ὥσπερ
3275 5621 3431 5690 ἡμεῖς
3467 5617 3677 5689 ἀθρόως
3736 5633 3867 5669 συν-

2309 5716 2563 5778 άπτοντες
2590 5717 2648 5768 τὸ
2683 5717 2786 5769 πᾶν
2833 5714 3157 5783 ἀνάγκης-μα
3176 5711 3510 5783 διερχόμεθα,
3541 5708 3685 5763 οὕτω
3715 5708 3809 5762 καὶ
3841 5710 3868 5764 ὁ
