4120 6294
104 414 197 468 :05

1068 411 1570 469 COMMENTARIA
1614 410 1678 465 IN
1720 410 1978 466 ISAIAM.
2027 440 2090 449 —
2132 408 2286 464 CAP.
2330 403 2490 460 XVII.

3267 394 3373 447 206

110 535 369 604 προφήτης
402 533 550 587 κατὰ.
588 534 894 601 συνάφειαν
943 531 1118 584 πάντα
1152 532 1305 599 λόγον
1337 533 1434 601 τῆς
1481 547 1692 602 προφη-

1800 529 2144 596 conjunclam
2179 523 2572 596 percurrimus,
2612 519 2682 573 ita
2713 527 2765 574 et
2798 518 3059 587 preplieta
3090 526 3214 568 eum
3246 526 3375 566 coa-

104 628 235 687 tzia;
265 627 539 697 τροχάδην
566 626 907 695 ἐξηνέγκατο
932 642 944 653 ·
982 624 1321 694 διῃρημένως
1348 625 1404 676 δὲ
1431 626 1524 676 καὶ
1551 623 1691 676 κατὰ

104 719 281 785 κράγον
308 722 362 769 ἐν
393 718 684 786 διαφόροις
706 717 914 787 χρόνων
942 717 1263 786 διαστήμασι
1286 733 1298 744 ⁸
1332 716 1407 777 ὼς
1428 715 1495 767 τά
1518 718 1693 767 πάντα

104 808 452 880 πληρωθῆναι
481 810 616 881 τρία
645 811 762 879 ἐτη,
790 812 848 861 ἐν
882 804 962 872 οἷς
997 809 1243 861 λέλεκται
1272 807 1420 877 αὑτῷ
1448 806 1515 859 τά
1550 809 1693 877 εἰρη-

295 903 570 971 Ὲλάλησε
600 903 780 954 τοίνυν
818 901 888 956 τὰ
932 903 988 953 ἐν
1019 902 1194 970 τρισὶν
1219 901 1248 952 ὁ
1299 900 1502 969 Κύριος
1548 898 1692 951 ἔτεσι

104 994 177 1044 Ξια
207 994 299 1047 τοῦ
339 996 658 1065 προφήτου.
684 996 848 1057 Τέλος
876 993 932 1046 δὲ
962 993 1071 1045 τῶν
1102 992 1276 1060 λόγων
1305 991 1399 1044 τοῦ
1447 990 1581 1043 Θεοῦ
1625 986 1693 1060 ἦν

104 1083 172 1145 τὸ,
199 1102 216 1133 ι
255 1086 367 1137 Καὶ
398 1085 845 1154 άτιμασθήσεται
882 1086 914 1154 ὴ
949 1084 1073 1146 δόξα
1102 1082 1273 1136 Μωὰϐ
1300 1084 1395 1136 σὺν
1430 1086 1591 1135 παντὶ
1615 1084 1693 1154 τῷ

104 1176 280 1245 πλήθει
715 1178 824 1229 Καὶ
880 1175 1366 1244 καταλειφθήσεται
1389 1175 1690 1242 ὀλιγοστὸς,

105 1270 189 1320 καὶ
217 1272 314 1322 οὐκ
340 1270 594 1339 ἔντιμος.
639 1290 657 1321 ι
703 1272 767 1322 Ὃ
816 1270 879 1338 δὴ
915 1270 1007 1321 καὶ
1062 1268 1193 1320 αὐτὸ
1228 1269 1365 1337 πρὸς
1407 1269 1549 1333 λέξιν
1593 1286 1691 1321 πε·-

106 1362 399 1433 τύᾕμυται,
430 1362 509 1424 ὡς
537 1362 689 1413 ἐστιν
720 1362 838 1429 ὄψει
870 1363 1003 1412 πᾶσι
1035 1360 1214 1412 λαϐεῖν
1250 1361 1429 1432 ῥᾴδιον
1465 1362 1573 1423 τοῖς
1616 1363 1693 1423 εἰς

103 1455 216 1515 τοὺς
240 1456 450 1515 τόπους
473 1456 704 1521 αςρικνου
715 1454 914 1521 μένοις.

634 1636 1028 1687 ΚΕΦΑΛΑΙΟΝ
1062 1639 1158 1689 ΙΖ’.

171 1741 188 1771 ι
220 1723 471 1793 Τδρἦα
500 1726 564 1776 τὸ
596 1727 737 1779 κατὰ
766 1729 1075 1797 Δαμασκοῦ.
1117 1730 1244 1782 Ἰδοὺ
1284 1728 1571 1799 Δαμασκὸς
1598 1732 1694 1800 ἀρ-

107 1813 314 1881 εγήσεται
366 1817 482 1868 άπὸ
539 1818 765 1872 πόλεων.
816 1838 833 1869 ι
887 1820 993 1889 Τὴν
1030 1820 1345 1891 καθαίρεσιν
1400 1822 1691 1875 αἰνίττεται

1792 621 2070 688 iunctione
2099 628 2269 673 totum
2302 615 2602 686 prophetia:
2629 625 2934 666 sermonem
2969 622 3075 661 uno
3103 619 3266 659 cursu
3287 619 3377 659 ex-

1798 712 1951 775 tulit;
1995 712 2087 766 sed
2122 709 2333 763 divisim
2363 717 2417 760 et
2449 704 2751 760 secundum
2798 712 3008 767 tempus
3035 738 3048 760 ,
3094 697 3253 764 inque
3288 695 3375 747 di-

1794 804 1970 859 versis
2021 814 2322 870 temporum
2372 795 2703 861 intervallis;
2746 794 2817 847 ita
2852 801 2909 844 ut
2955 791 3052 844 toti
3103 798 3215 842 tres
3245 787 3375 840 anni

1794 894 2048 963 completi
2102 893 2210 948 sint
2238 931 2252 953 ,
2302 892 2352 944 in
2392 887 2589 958 quibus
2642 884 2831 938 istliaae
2861 883 3005 935 dicta
3050 879 3146 949 ipsi
3196 877 3370 932 fuere.

1798 988 1921 1042 llaec
1948 987 2113 1057 igitur
2149 984 2204 1038 in
2232 982 2403 1035 tribus
2432 979 2592 1033 annis
2622 975 2882 1031 Dominus
2929 987 3025 1042 per
3052 972 3371 1041 prophetam

1796 1079 2009 1133 locutus
2041 1086 2145 1131 est.
2198 1073 2349 1127 Finis
2401 1080 2580 1125 autem
2625 1068 2914 1120 verborum
2974 1063 3182 1116 Domini
3240 1060 3373 1114 illud

1794 1180 1931 1235 erat,
1968 1188 1986 1221 ι
2034 1169 2098 1222 Et
2129 1166 2545 1220 inhonorabitur
2571 1163 2740 1234 gloria
2778 1158 2934 1213 Moab
2967 1172 3086 1211 cum
3117 1155 3374 1210 omnibus

1798 1262 2020 1324 divitiis,
2064 1260 2235 1326 iisque
2270 1258 2471 1311 multis.
2508 1256 2571 1309 Et
2606 1256 2944 1321 relinquetur
2985 1250 3245 1303 minimus
3270 1288 3285 1311 ,
3317 1256 3374 1299 et

1797 1367 1901 1405 nou
1936 1354 2253 1405 honoratus.
2282 1367 2298 1397 ι
2336 1347 2487 1411 Quod
2525 1347 2695 1414 ipsum
2722 1346 2786 1397 ad
2821 1344 3060 1395 litteram
3091 1339 3372 1409 impletum

1796 1455 1897 1506 est,
1927 1454 1984 1495 ut
2024 1443 2181 1496 facile
2232 1442 2359 1507 ipsis
2408 1439 2580 1491 oculis
2610 1437 2921 1506 perspicere
2951 1433 3163 1485 valeant
3212 1440 3373 1499 quot-

1796 1544 1927 1603 quot
1956 1534 2005 1587 in
2045 1535 2155 1602 ipsa
2185 1532 2298 1585 luca
2338 1532 2656 1584 concedunt.

2373 1621 2597 1676 CAPUT
2636 1620 2793 1674 XVll.

1871 1719 2031 1771 Vens.
2064 1716 2112 1769 1.
2149 1734 2168 1767 ι
2205 1714 2439 1769 Verbum
2485 1724 2670 1767 contra
2707 1713 3047 1765 Damascum.
3084 1708 3223 1763 Ecce
3271 1708 3371 1762 Da-

1797 1828 2013 1866 mascus
2064 1811 2281 1863 tolletur
2324 1825 2350 1861 a
2399 1808 2731 1863 civitatibus.
2775 1823 2793 1857 ι
2830 1804 3178 1858 Eversiouem
3209 1803 3372 1871 regia!

106 1907 189 1971 τῆς
219 1908 517 1977 βασιλικῆς
534 1910 840 1979 δυνάμεως,
862 1906 929 1979 ἧς
954 1880 1166 1981 μετεῖχε
1197 1880 1458 1984 πρότερον
1478 1916 1510 1982 ἡ
1538 1914 1689 1975 πόλις

1797 1904 2077 1974 potestatis
2107 1903 2433 1966 subindicat,
2471 1898 2623 1967 cujus
2652 1906 2808 1951 antea
2840 1913 3065 1951 consors
3098 1907 3218 1950 erat
3240 1896 3371 1950 urbs

106 1997 431 2065 ἐωμψασα
462 1998 620 2065 (19').
645 2002 791 2069 Μόνη
811 2001 919 2071 γάρ
951 1997 1017 2071 ἦν
1048 2003 1168 2054 τότε
1201 2004 1299 2072 τῆς
1330 2004 1523 2073 Συρίας
1551 2004 1690 2057 άπά-

106 2104 192 2155 an;
222 2091 537 2159 κρατοῦσα,
578 2094 745 2161 μήπω
770 2094 875 2145 τῶν
915 2094 1033 2146 καθ’
1060 2097 1206 2164 ἡμᾶς
1236 2096 1517 2164 ἐπιφανῶν
1542 2099 1599 2148 ἐν
1620 2101 1686 2167 τῇ

106 2178 262 2249 Συρία
302 2183 521 2235 πόλεων
576 2185 983 2254 ὲγηγερμένων,
1026 2188 1352 2256 Ἀντιοχείας
1394 2190 1535 2258 φημὶ
1598 2191 1692 2241 καὶ

104 2271 200 2323 τῶν
230 2273 431 2325 ἄλλων.

171 2379 187 2409 ι
216 2363 327 2413 Καὶ
356 2362 517 2414 ἔσται
552 2363 630 2424 εἰς
660 2361 861 2414 πτῶσιν
896 2366 989 2415 καὶ
1012 2366 1477 2439 καταλελειμμένη
1502 2371 1579 2432 είς
1602 2369 1691 2421 τὸν

106 2451 270 2503 αἰῶνα
314 2453 401 2513 εἰς
436 2453 631 2522 κοίτην
670 2456 934 2524 ποιμνίων
965 2459 1056 2508 καὶ
1088 2457 1391 2511 ἀνάπαυσιν
1412 2477 1424 2489 ·
1463 2461 1555 2512 καὶ
1589 2462 1689 2512 ούκ

106 2542 251 2595 ἔσται
274 2546 300 2593 ὁ
323 2542 566 2597 διώκων.
599 2548 706 2597 Καὶ
734 2548 918 2600 οὐκέτι
942 2550 1090 2602 ἔσται
1114 2550 1285 2619 ὀχυρά
1310 2552 1402 2603 τοῦ
1430 2553 1693 2620 καταφεύ-

104 2651 211 2699 γειν
247 2636 517 2707 Ἐφραῖμ.
544 2656 562 2686 ›
597 2638 807 2710 Ὥσπερ
834 2642 899 2710 τῇ
928 2641 1239 2711 Βαϐυλωνία
1260 2642 1326 2695 τὰ
1359 2644 1694 2713 ἁρμόττοντα

104 2726 342 2794 ἐλέγετο,
380 2729 479 2780 καὶ
524 2732 635 2792 τοῖς
688 2730 1003 2799 ἀλλοφύλοις
1050 2736 1159 2797 τοῖς
1192 2733 1290 2803 τὴν
1330 2735 1691 2803 Παλαιστίνην

103 2819 307 2871 οέκοῦσι
360 2820 433 2872 τὰ
464 2821 794 2891 κατάλληλα,
823 2826 889 2894 τῇ
934 2842 992 2876 τε
1021 2824 1193 2878 Μωὰὸ
1240 2826 1499 2887 ὡσαύτως
1532 2826 1694 2895 ἕτερά

106 2928 219 2963 τινα
262 2912 547 2977 ἰδιάζοντα
570 2930 583 2942 °
620 2913 709 2965 τὸν
742 2915 906 2967 αὐτὸν
940 2916 1136 2986 τρόπον
1164 2916 1257 2968 καὶ
1288 2917 1347 2968 τὸ
1398 2916 1537 2969 κατὰ
1586 2920 1690 2968 Δα-

110 3006 315 3069 μασκοῦ
355 3006 700 3075 προφητικὸν
718 3007 869 3075 ῥῆμα
905 3007 1032 3060 ἴδιόν
1053 3025 1105 3060 τι
1133 3008 1283 3071 τέλος
1302 3008 1690 3062 ἐπελεύσεσθαι

107 3082 269 3166 αὐτὴν
315 3096 569 3149 ἀπειλεῖ’
648 3096 979 3167 ἀρθήσεσθαί
1034 3116 1167 3170 φησι
1218 3099 1327 3171 γὰρ
1369 3099 1538 3169 αὐτὴν
1586 3100 1692 3152 ἀπὸ

106 3187 331 3239 πολεων.
407 3188 569 3239 Κατὰ
612 3186 670 3239 δὲ
717 3189 806 3241 τὸν
857 3187 1202 3253 Θεοδοτίωνα,
1261 3189 1691 3259 μεταστήσεσθαί

1795 1998 1999 2051 isthaec.
2030 1997 2156 2050 Sola
2204 1995 2401 2064 quippe
2448 2003 2572 2047 tunc
2621 1992 2890 2045 universa!
2923 1990 3097 2059 Syria:
3130 1990 3367 2058 impera-

1794 2088 1923 2148 bat,
1974 2103 2094 2140 eum
2152 2088 2314 2138 urbes
2359 2085 2409 2137 in
2456 2082 2650 2155 Syria,
2704 2092 2884 2135 nostra
2936 2090 3097 2133 aetate
3150 2079 3367 2148 conspi-

1794 2194 1926 2241 cuae,
1960 2178 2195 2231 nondum
2228 2186 2448 2232 structa:
2486 2176 2711 2230 fuissent
2738 2192 2751 2240 ;
2788 2174 3132 2227 Antiochiam
3159 2172 3280 2226 dico
3312 2181 3367 2224 et

1796 2270 1948 2323 alias.

1870 2361 2030 2413 Vens.
2059 2360 2113 2422 2,
2151 2358 2205 2412 5.
2258 2378 2277 2409 ‹
2338 2358 2401 2411 Ει
2446 2357 2550 2411 erit
2579 2356 2628 2409 in
2662 2356 2869 2409 ruinam
2916 2366 2971 2407 et
2999 2352 3253 2407 derelicta
3304 2354 3361 2405 in

1802 2454 2056 2507 saeculum
2090 2454 2141 2505 in
2185 2450 2366 2506 cubile
2399 2448 2620 2504 ovilium
2650 2465 2663 2501 :
2698 2458 2750 2500 et
2784 2462 2888 2501 non
2931 2446 3035 2499 erit
3060 2446 3149 2515 qui
3182 2458 3369 2513 perse-

1795 2556 2009 2614 quatur.
2036 2545 2101 2598 Et
2132 2558 2236 2597 non
2270 2543 2375 2597 erit
2407 2540 2544 2595 ultra
2586 2542 2815 2603 munita,
2845 2546 2898 2591 ut
2936 2538 3060 2591 illuc
3088 2535 3370 2603 confugiat

1795 2636 2075 2706 Ephraim.
2113 2655 2128 2687 ι
2162 2634 2626 2700 Quemadmodum
2660 2630 2967 2698 Babylonia:
2997 2642 3116 2697 qua:
3140 2641 3369 2681 consen—

1800 2739 1957 2782 tanea
1993 2735 2169 2789 erant,
2198 2724 2487 2793 allopliylis
2518 2721 2812 2775 Palaestinae
2850 2720 3038 2774 incolis
3079 2732 3198 2786 qua:
3238 2718 3371 2786 ipsis

1796 2821 2214 2889 competebant,
2252 2834 2315 2871 ac
2348 2818 2551 2886 regioni
2583 2814 2737 2868 Moab
2784 2813 3037 2865 similiter
3078 2811 3182 2864 alia
3218 2825 3371 2879 qua»

1796 2912 1919 2965 dam
1962 2911 2063 2979 ipsi
2117 2909 2334 2978 pr0pria
2392 2907 2732 2970 minabatur;
2794 2906 2872 2959 sic
2920 2914 2971 2957 et
3024 2901 3371 2971 propheticus

1795 3021 1975 3061 sermo
2005 3014 2193 3058 contra
2245 3004 2566 3056 Damascum
2600 3013 2767 3067 agens
2796 3038 2811 3061 ,
2846 2997 2990 3050 illam
3020 2994 3240 3064 proprio
3268 2992 3371 3046 sibi

1798 3098 1903 3151 fine
1934 3094 2306 3164 excipiendam
2351 3104 2469 3146 esse
2515 3090 2939 3143 interminatur:
2980 3102 3103 3139 nam
3134 3086 3303 3154 ipsam
3339 3100 3370 3137 a

1797 3188 2111 3241 civitatibus
2153 3184 2442 3239 tollendam
2477 3196 2595 3236 esse
2637 3182 2731 3234 ait.
2781 3179 3088 3233 Secundum
3120 3176 3374 3231 Theodo-

102 3296 263 3347 Δφητιν
297 3281 369 3331 ἔκ
400 3279 633 3331 πόλεων.
665 3280 907 3333 Πέπονθε
951 3281 1007 3334 δὲ
1037 3281 1195 3334 τοῦτο
1230 3245 1367 3335 κατὰ
1398 3245 1521 3346 eos}
1568 3284 1692 3336 Ἀσ-

1800 3280 2001 3332 tionem
2032 3292 2163 3332 vero
2190 3318 2204 3340 ,
2250 3273 2681 3328 transferendam
2718 3286 2783 3325 ex
2818 3270 3155 3325 civitatibus.
3193 3270 3246 3323 ld
3280 3284 3375 3321 au-

110 3371 350 3439 ςυρίους,
383 3369 462 3432 ὠς
510 3371 606 3423 καὶ
638 3370 824 3440 ἐδήλου
856 3371 943 3424 διὰ
980 3372 1088 3426 τῶν
1112 3372 1419 3441 ἔμπροσθεν
1472 3376 1504 3444 ἡ
1559 3376 1695 3444 μετὰ

108 3464 286 3532 χεῖρας
308 3461 641 3530 Γμφὴηὸν
670 3460 778 3513 τῶν
807 3462 1102 3532 Ἀσσυρίων
1120 3463 1345 3531 βασιλέα
1374 3465 1695 3535 παριστῶσα

108 3554 364 3621 λέγοντα·
408 3571 431 3604 ι
479 3553 594 3604 Καὶ
628 3552 817 3605 ἑλαδον
843 3553 1101 3624 ’Δραϐίαν
1137 3556 1230 3606 καὶ
1271 3557 1561 3626 Δαμασκὸν
1601 3556 1695 3609 καὶ

108 3644 448 3715 ὣμάρειαν,
480 3641 539 3694 ὃν
562 3642 760 3711 τρόπον
793 3642 981 3695 ἔλαϐον
1008 3643 1209 3707 ταύτας
1267 3644 1361 3697 καὶ⁹
1387 3645 1566 3708 πάσας
1597 3646 1697 3708 τὰς

108 3737 274 3804 ἀρχὰς
309 3736 583 3805 λήψομαι.
622 3753 640 3783 ι
679 3734 865 3803 Τούτῳ
901 3734 957 3787 δὲ
1000 3733 1078 3804 τῷ
1108 3734 1249 3804 λόγῳ
1292 3736 1447 3806 καὶὴ
1488 3737 1695 3807 ἱστορία

110 3830 415 3898 μαρτυρεῖ·
446 3827 757 3895 γέγραπται
782 3825 912 3893 γοῦν
937 3827 994 3878 ἐν
1032 3829 1099 3897 τῇ
1128 3828 1364 3899 τετάρτῃ
1388 3826 1497 3880 τῶν
1536 3828 1696 3881 Βασι-

105 3916 291 3968 ὶειῶν-
339 3934 362 3966 ι
397 3916 511 3967 Καὶ
545 3915 712 3984 ἀνέϐη
757 3915 1004 3984 βασιλεὺς
1050 3917 1343 3987 ’Δσσυρίων
1386 3920 1465 3978 είς
1511 3920 1696 3988 Δαμα-

107 4008 254 4067 σκὸν.
312 4007 416 4059 καὶ
445 4006 707 4061 συνέλαϐε
739 4006 933 4076 αὐτὴν,
970 4007 1063 4059 καὶ
1104 4006 1381 4077 ἀπῴκισεν
1431 4009 1617 4077 αὑτήν.
1668 4028 1687 4060 ι

109 4101 175 4150 ’Δ
206 4100 269 4169 δὴ
303 4098 407 4151 καὶ
438 4098 625 4159 τέλους
653 4098 919 4169 τετύχηκε
964 4099 1057 4151 ἐπὶ
1104 4099 1201 4168 τῆς
1238 4099 1550 4168 Ῥωμαῖκῆς
1592 4100 1692 4171 ἀρ-

105 4192 226 4259 χῆς.
268 4189 401 4243 καθ’
428 4190 498 4261 ἣν
528 4192 865 4261 συνειστήκει
929 4191 1026 4260 μὲν
1070 4192 1104 4260 ἠ
1162 4191 1469 4260 Δαμασκὸς,
1506 4192 1605 4260 τὴν
1636 4191 1693 4243 δὲ

104 4282 356 4335 παλαιὰν
404 4281 502 4334 καὶ
535 4280 833 4352 βασιλικὴν,
880 4281 1034 4351 φησὶ,
1085 4282 1361 4345 παντελῶς
1399 4282 1688 4353 ἠφανίσθη.

104 4373 262 4429 Οὕτω
291 4374 356 4427 δὲ
390 4373 619 4443 συνέστη
715 4375 808 4426 καὶ⁵
850 4374 945 4427 νῦν
976 4376 1253 4445 ὁρωμένη,
1315 4373 1390 4436 ὡς
1420 4376 1453 4443 ἡ
1489 4391 1695 4445 προφη-

101 4465 227 4518 aia.
250 4465 534 4527 ἐθέσπισε,
572 4465 751 4517 οὐκέτι
783 4467 880 4536 μὲν
912 4467 1185 4537 βασιλικὸν
1224 4466 1438 4537 ἀξίωμα
1491 4470 1691 4536 ἐπαγο-

1800 3381 1902 3425 tem
1937 3383 2190 3439 perpessa
2221 3377 2303 3421 est
2346 3366 2692 3435 Assyriorum
2722 3372 2966 3431 tempore
2993 3401 3007 3425 ,
3036 3371 3092 3413 ut
3122 3361 3272 3431 prius
3302 3362 3375 3413 si-

1796 3459 2089 3531 gniﬁcabat
2120 3473 2358 3527 prmsens
2394 3456 2674 3524 Scriptura
2704 3494 2718 3517 ,
2744 3465 2867 3507 eum
2901 3452 3249 3522 Assyriorum
3283 3464 3373 3504 re-

1796 3568 1915 3621 gem
1940 3552 2225 3604 induceret
2268 3550 2562 3611 dicentem,
2599 3565 2618 3599 ι
2657 3546 2725 3600 Ει
2753 3546 2870 3613 cepi
2898 3545 3154 3597 Arabiam
3184 3552 3237 3595 et
3269 3540 3376 3594 Da-

1804 3658 2044 3695 masenm
2072 3653 2125 3695 et
2156 3641 2457 3695 Samariam
2496 3659 2509 3694 :
2546 3636 2998 3708 quemadmodum
3044 3634 3140 3689 has
3170 3634 3286 3702 cepi
3320 3644 3375 3687 et

1796 3751 1984 3789 omnes
2017 3735 2353 3803 principatus
2378 3733 2586 3801 capiam
2612 3732 2679 3783 ⁷⁷.
2718 3750 2736 3781 ι
2775 3730 2911 3783 Huic
2938 3743 3098 3798 porro
3127 3726 3369 3781 sermoni

1799 3826 2168 3879 testimonium
2237 3825 2394 3877 aﬂ‘ert
2448 3825 2731 3889 historia;
2789 3822 3057 3891 siquidem
3118 3819 3171 3873 in
3232 3819 3374 3871 libru

1797 3925 1991 3982 quarto
2025 3915 2335 3983 Regnorum
2366 3915 2630 3984 scriptum
2675 3922 2799 3968 est:
2836 3933 2854 3965 ι
2896 3913 2961 3967 Ει
2983 3914 3227 3967 ascendit
3276 3928 3373 3966 rex

1794 4007 2140 4076 Assyriorum
2176 4008 2517 4070 Damascum,
2562 4018 2617 4059 et
2662 4008 2803 4074 cepit
2827 4022 2973 4068 eam,
3006 4015 3062 4059 et
3097 4006 3375 4060 transtulit

1795 4111 1938 4152 eam.
1976 4116 1994 4148 ι
2028 4100 2157 4164 Quae
2189 4099 2316 4151 item
2352 4108 2595 4151 extremo
2644 4096 2910 4165 completa
2960 4107 3087 4150 sunt
3130 4097 3233 4151 sub
3266 4096 3373 4150 Ro-

1796 4203 2079 4242 manorum
2118 4188 2368 4258 imperio,
2400 4188 2551 4256 cuius
2581 4198 2821 4257 tempore
2849 4189 3143 4243 Damascus
3180 4204 3373 4256 super-

1795 4291 1904 4335 stes
1934 4283 2171 4349 quidem,
2200 4297 2390 4335 verum
2438 4284 2582 4351 quod
2636 4282 2702 4335 ad
2748 4283 3026 4348 antiquam
3077 4291 3129 4334 et
3164 4262 3369 4349 regiam

1795 4374 2112 4443 dignitatem
2146 4412 2161 4438 ,
2195 4374 2441 4429 funditus
2471 4375 2647 4428 deleta
2691 4384 2831 4427 erat.
2866 4375 2982 4439 Quo
3012 4382 3168 4441 pacto
3205 4374 3370 4425 etiam

1794 4468 2043 4521 COllSlSlil
2069 4483 2133 4521 ea
2154 4511 2167 4533 ,
2213 4483 2372 4536 quam
2410 4467 2569 4521 hodie
2598 4468 2843 4520 videmus
2863 4506 2877 4529 ,
2910 4464 3365 4534 quemadmodum

104 4555 269 4625 μὲνη,
300 4555 425 4607 οὐδὲ
448 4557 688 4625 ἄρχουσα
716 4554 808 4609 τοῦ
848 4557 1034 4628 Σύρων
1072 4557 1258 4619 ἔθνους
1282 4572 1296 4585 '
1359 4560 1689 4611 ἀποπεπτω-

1796 4559 2077 4628 prophetia
2109 4560 2479 4613 vaticinatur:
2515 4574 2632 4625 qua:
2680 4567 2888 4609 tantum
2937 4559 3096 4610 abest
3124 4566 3181 4608 ut
3225 4556 3365 4609 ultra

104 4648 233 4698 ria
266 4647 328 4698 δὲ
360 4642 426 4715 ἧς
457 4644 570 4715 εἶχε
622 4647 899 4717 δυνάμεως
952 4648 1235 4719 πρότερον,
1276 4652 1370 4701 καὶ
1408 4651 1688 4719 μονονουχὶ

106 4739 189 4799 εις
221 4734 412 4805 κοίτην
445 4736 710 4806 ποιμνίων
745 4738 833 4791 καὶ
859 4740 1165 4792 ἀνάπαυσιν
1196 4739 1489 4808 βουκολίων
1521 4758 1688 4794 κατα-

106 4827 477 4898 λελειμμένη’
533 4828 674 4881 οῦτω
710 4830 766 4882 δὲ
794 4830 863 4883 τὰ
907 4831 1135 4899 ἀγελαῖα
1184 4831 1362 4901 πλήθη
1420 4833 1513 4884 καὶ
1562 4834 1689 4897 τοὺς

109 4920 354 4980 sitast;
382 4918 586 4987 δήμους
619 4920 797 4972 καλεῖν
846 4921 1034 4975 εἴωθεν
1063 4925 1091 4975 ὁ
1119 4923 1295 4990 λόγος.
1336 4926 1489 4977 Κατὰ
1520 4926 1686 4994 μόνην

109 5011 209 5077 τὴν
243 5008 357 5060 τῶν
392 5008 791 5078 Ἐὁδομήκοντα
835 5011 1128 5081 ἑρμηνείαν
1176 5012 1408 5084 εἴρηται,
1440 5013 1580 5080 λέγω
1621 5014 1684 5085 δὴ

108 5100 195 5159 τὸ,
236 5119 254 5150 ι
292 5101 376 5161 εἰς
405 5098 496 5151 τὸν
548 5098 749 5152 αἰῶνα·
796 5120 813 5151 ι
861 5099 985 5153 οὔτε
1040 5101 1147 5171 γὰρ
1203 5104 1258 5154 ἐν
1313 5103 1684 5174 τῷἘὸραῐκῷ

108 5191 235 5244 ὧτε
274 5191 426 5261 παρὰ
475 5193 595 5257 τοῖς,
633 5190 836 5253 λοιποῖς
888 5195 1241 5263 ἐρμηνευταῖς
1300 5195 1542 5265 φέρεται.
1593 5196 1685 5248 Διὸ

111 5285 212 5333 σὶκ
242 5283 453 5351 ἀνάγκη
482 5284 580 5353 τὴν
610 5282 817 5335 πτῶσιν
850 5282 1139 5354 Δαμασκοῦ
1174 5286 1397 5338 αἰωνίαν
1433 5286 1686 5353 λέγεσθαι

114 5373 379 5441 νομίζειν·
414 5374 596 5444 ἐπειδὴ
627 5376 855 5445 χρονική
890 5391 972 5436 τις
994 5375 1168 5427 αὐτῶν
1200 5376 1387 5443 γέγονε
1418 5379 1450 5445 ἡ
1484 5378 1687 5440 πτῶσις

116 5464 255 5515 κατὰ
282 5463 379 5531 τὴν
404 5462 502 5529 τῆς
544 5464 837 5535 Ἀσσυρίας
887 5464 1220 5533 πολιορκίαν,
1263 5465 1382 5517 καθ’
1418 5465 1483 5533 ἣν
1531 5466 1683 5535 καὶὴ

124 5556 472 5625 Ἰερουσαλὴμ
504 5559 633 5627 ἥλω.
688 5556 832 5609 Ἀλλ’
878 5555 1064 5628 ῶσπερ
1112 5555 1265 5621 αὖθις
1303 5561 1687 5624 ἐπανελθόντες

128 5647 355 5702 Ἰουδαῖοι
388 5650 608 5723 ἦγεεραν
644 5651 748 5721 τὴν
779 5649 1155 5720 Ἰερουσαλὴμ,
1202 5652 1293 5703 καὶ
1347 5651 1446 5721 ’τὴν
1500 5652 1684 5722 χώραν

192 5765 231 5795 ⁷⁷
251 5770 337 5830 (sa.
363 5791 412 5841 x,
453 5776 504 5833 9.

182 5863 289 5944 (19⁸)
332 5874 453 5935 "mc
504 5885 659 5948 pene
693 5865 770 5922 ad
824 5864 1046 5920 verbum
1094 5866 1448 5931 Hieronymus
1498 5870 1769 5933 exprimit.

1794 4652 2000 4720 regiam
2030 4651 2347 4721 dignitatem
2377 4651 2623 4705 obtineat
2652 4688 2667 4713 ,
2700 4664 2761 4703 ac
2795 4650 3057 4718 Syrorum
3085 4650 3232 4719 genti
3267 4650 3368 4702 im-

1795 4752 1977 4811 peret,
2011 4753 2068 4796 ιιι
2091 4744 2317 4812 pristina
2364 4750 2632 4812 potestate
2678 4742 2889 4809 penitus
2944 4741 3203 4794 exciderit
3240 4780 3255 4804 ,
3303 4754 3369 4793 ac

1797 4842 2004 4887 tantum
2035 4850 2140 4888 non
2182 4835 2234 4887 in
2262 4834 2435 4887 cubile
2469 4834 2713 4897 ovilium,
2741 4841 2794 4885 et
2823 4833 2874 4884 in
2906 4832 3117 4885 caulam
3149 4845 3372 4883 armen-

1798 4932 1971 4978 torum
2002 4926 2189 4979 relieta
2219 4926 2289 4977 sit
2340 4944 2353 4978 :
2397 4927 2473 4979 sic
2503 4940 2667 4993 porro
2692 4924 2832 4993 Vulgi
2860 4923 3260 4975 multitudinem
3313 4932 3368 4974 et

1796 5016 2034 5068 inﬁmam
2061 5015 2270 5084 plebem
2301 5031 2495 5069 vocare
2527 5016 2664 5068 solet
2694 5015 2871 5068 divina
2901 5014 3203 5081 Scriptura.
3236 5013 3367 5066 Illud

1794 5113 2015 5165 autem,
2054 5124 2072 5154 ι
2106 5106 2157 5157 in
2194 5106 2492 5167 saeculum,
2533 5124 2550 5155 ι
2600 5104 2891 5157 secundum
2936 5103 3102 5155 solam
3140 5104 3371 5170 Septua-

1793 5198 1937 5263 ginta
1980 5195 2341 5263 lnterpretum
2393 5198 2695 5249 versionem
2744 5196 2944 5249 dicitur
2976 5211 2989 5245 :
3025 5210 3148 5247 nam
3193 5212 3369 5262 neque

1798 5287 1851 5339 in
1878 5285 2143 5339 llebraieo
2174 5325 2188 5348 ,
2229 5299 2400 5354 neque
2441 5286 2579 5353 apud
2631 5284 2868 5352 reliquos
2898 5286 3223 5351 interpretes
3259 5284 3368 5337 fer-

1798 5386 1903 5431 tur.
1937 5376 2299 5443 Quamobrem
2332 5376 2697 5429 necessarium
2744 5374 2970 5427 minime
2999 5384 3081 5427 est
3122 5385 3179 5427 ut
3210 5387 3366 5442 pute-

1795 5485 1913 5523 mus
1944 5470 2155 5523 ruinam
2202 5468 2447 5522 Damasci
2506 5478 2766 5522 aeternam
2797 5468 3014 5537 praedici
3066 5484 3079 5519 :
3124 5468 3367 5534 quando-

1795 5562 2007 5629 quidem
2057 5562 2122 5615 ad
2162 5571 2369 5627 tempus
2403 5560 2575 5615 solum
2608 5560 2722 5626 ejus
2752 5560 3021 5616 excidium
3054 5558 3153 5613 fuit
3182 5600 3195 5621 ,
3244 5576 3365 5613 cum

1795 5655 1861 5707 ab
1893 5653 2131 5722 Assyriis
2160 5655 2379 5709 obsessa
2416 5664 2498 5708 est
2524 5693 2540 5721 ,
2574 5657 2786 5723 quando
2817 5654 2977 5709 cziam
3027 5652 3365 5724 Jcrosolyma
