4120 6294
759 357 861 412 207

1412 331 1676 404 EUSEBII
1724 336 2198 399 CESARIENSIS
2235 335 2386 395 OPP.
2425 335 2612 396 PARS
2647 338 2738 395 Ill.
2779 369 2846 380 —
2885 337 3290 396 EXEGETICA.

3895 335 4012 392 208

767 476 920 538 capta
949 475 1050 522 est.
1084 467 1281 522 Verum
1301 466 1747 537 quemadmodum
1775 463 1974 519 reversi
1993 461 2162 518 Judaei
2198 460 2317 515 Ilie-

2429 460 2753 532 ὲπλήρωσαν
2786 462 3104 533 οίκητόρων,
3137 461 3230 513 τὸν
3279 459 3436 513 αὐτὸν
3472 458 3671 530 τρόπον
3716 455 3807 511 καὶ
3836 457 3872 528 ἡ
3904 457 4013 509 Δα-

768 556 1094 632 rosolymam
1127 559 1302 614 denuo
1325 557 1654 624 excitarunt,
1678 568 1839 626 atque
1865 555 2142 627 regionem
2169 555 2320 610 inco-

768 647 834 701 lis
863 646 1229 716 repleverunt.
1277 648 1342 701 ad
1367 645 1614 702 eumdem
1659 648 1873 701 modum
1901 653 1957 700 et
1985 645 2281 701 Damascus
2306 683 2323 707 ,

766 737 856 794 illa
887 753 1139 810 perpessa
1167 779 1183 804 ,
1215 753 1331 809 quae
1384 737 1439 792 in
1494 739 1776 807 prophetia
1816 737 2084 801 feruntur,
2130 750 2324 791 rursus

767 828 825 883 in
852 830 1098 901 sequenti
1129 839 1366 898 tempore
1392 835 1597 882 structa
1620 825 1722 882 fuit
1741 868 1757 894 ,
1795 828 1870 882 ita
1919 834 1978 882 ut
2005 825 2149 897 regia
2171 828 2326 881 sedes

771 919 827 972 in
853 932 917 973 ea
945 920 1140 975 iterum
1166 927 1484 988 poneretur.

842 1031 861 1065 ι
898 1012 963 1066 Ει
990 1026 1094 1066 non
1123 1011 1260 1064 ultra
1299 1025 1521 1081 regnum
1549 1011 1602 1063 in
1633 1011 1937 1065 Damasco:
1973 1020 2027 1066 et
2049 1009 2323 1064 residuum

769 1102 1053 1176 Syrorum.
1084 1119 1101 1151 ι
1130 1100 1255 1156 Haec
1280 1101 1528 1156 dicuntur
1553 1100 1705 1170 quasi
1738 1099 2033 1155 Damascus
2053 1105 2324 1169 superstes

769 1195 981 1264 quidem
1008 1191 1184 1246 futura
1209 1192 1297 1257 sit,
1324 1191 1417 1246 sed
1446 1205 1550 1245 nou
1579 1190 1782 1244 munita
1815 1197 1872 1245 et
1899 1190 2045 1260 regni
2076 1199 2236 1258 caput
2266 1200 2324 1244 ut

767 1283 914 1338 olim.
942 1281 1173 1338 Possunt
1202 1282 1326 1336 item
1367 1280 1470 1334 alio
1504 1279 1664 1334 modo
1710 1281 1823 1335 haec
1872 1281 1990 1334 loca
2037 1281 2321 1352 explicari,

767 1375 922 1444 quasi
953 1373 1159 1429 scilicet
1187 1374 1462 1440 prophetia
1488 1370 1741 1426 Damasci
1785 1371 1977 1427 incolis
2017 1373 2322 1442 depressio-

768 1481 891 1521 nem
917 1474 973 1520 et
1002 1465 1261 1534 privatam
1289 1463 1452 1517 vitam
1492 1462 1836 1531 praenuntiet.
1867 1461 1943 1516 Ita
1975 1463 2117 1518 enim
2145 1465 2323 1520 dicere

769 1557 1006 1612 solemus
1038 1555 1300 1611 excidisse
1340 1553 1592 1618 divitem,
1623 1568 1747 1608 cum
1784 1555 1836 1607 in
1865 1561 2166 1608 extremam
2196 1570 2324 1623 pau-

766 1660 1032 1720 pertatem
1056 1647 1360 1713 devenerit;
1386 1646 1745 1716 similiterque
1773 1646 1946 1699 virum
1977 1646 2320 1711 honoratum,

767 1755 889 1796 cum
922 1739 1174 1810 dignitate
1215 1753 1311 1793 sua
1352 1737 1611 1808 spoliatus
1657 1737 1836 1792 fuerit.
1870 1734 1985 1792 Non
2015 1738 2156 1792 enim
2185 1753 2322 1806 prae-

765 1833 998 1888 stantior
1027 1839 1081 1886 tu
1111 1843 1170 1886 es
1203 1830 1330 1884 ﬁliis
1361 1830 1524 1885 Israel
1588 1839 1642 1884 et
1670 1829 1838 1898 gloria
1867 1844 2075 1885 eorum.
2111 1829 2243 1884 Nam
2277 1831 2322 1886 si

764 1919 857 1975 ille
877 1918 1001 1975 olim
1027 1917 1253 1989 populus
1277 1917 1368 1973 Dei
1389 1928 1747 1988 nuncupatus,
1764 1929 2064 1976 memorato
2085 1929 2324 1990 tempore

768 2010 1024 2081 dignitate
1045 2025 1139 2065 sua
1164 2009 1408 2079 lapsurus
1433 2018 1534 2074 est,
1548 2008 1777 2079 pristina
1804 2007 2056 2064 libertate
2083 2018 2136 2065 et
2158 2025 2323 2081 regno

765 2101 1097 2172 spoliandus,
1142 2116 1247 2156 non
1269 2109 1351 2156 est
1382 2099 1525 2170 quod
1552 2109 1607 2156 tu
1641 2098 1938 2158 Damascus
1965 2102 2030 2157 de
2055 2102 2168 2172 pari
2191 2117 2320 2158 casu

765 2194 1083 2265 indigneris.

833 2378 995 2433 Vens.
1017 2377 1071 2432 4.
1095 2396 1114 2429 ι
1147 2375 1268 2432 Haec
1287 2377 1418 2432 dicit
1436 2375 1695 2434 Dominus
1716 2377 1948 2436 Sabaoth
1977 2398 1990 2434 :
2016 2379 2131 2436 Erit
2154 2381 2206 2437 in
2231 2381 2320 2437 die

762 2469 852 2525 illa
890 2478 950 2525 ut
987 2469 1198 2525 deﬁciat
1229 2469 1393 2538 gloria
1435 2468 1598 2524 Jacob
1621 2508 1635 2533 ,
1660 2478 1715 2525 et
1746 2469 1958 2541 pinguia
1982 2471 2165 2543 glorite
2202 2472 2319 2540 ejus

665 2622 672 2627 ο
764 2566 1222 2613 commoveantur.
1257 2575 1276 2609 ι
1311 2556 1376 2610 Ει
1404 2556 1800 2611 animadvertas
1821 2556 2007 2621 velim,
2045 2572 2166 2612 eum
2209 2572 2316 2611 nou

763 2647 1003 2702 funditus
1026 2644 1397 2701 destruendam
1417 2654 1650 2714 gentem,
1665 2648 1758 2702 sed
1782 2656 1985 2702 tantum
2006 2649 2189 2720 gloria
2210 2651 2317 2722 pri-

712 2805 726 2817 .
763 2739 922 2793 atina:
943 2737 1208 2807 iacturam
1241 2736 1354 2792 fore
1384 2736 1708 2806 signiﬁcare.
1733 2737 1956 2803 Pinguia
1981 2755 2110 2796 vero
2131 2741 2317 2810 gloriae

759 2829 923 2898 prisci
972 2828 1114 2883 illius
1145 2828 1350 2898 populi,
1383 2837 1537 2882 erant
1575 2827 1936 2884 sacerdotium
1967 2839 2022 2885 et
2067 2846 2313 2902 regnum,

759 2933 973 2974 sacrum
999 2917 1127 2973 item
1175 2917 1440 2972 canticum
1482 2927 1538 2971 et
1583 2916 1761 2972 cultus
1798 2919 2092 2973 secundum
2141 2919 2314 2989 legem

758 3009 1051 3078 praestitus,
1083 3005 1435 3076 prophetandi
1480 3006 1652 3075 gratia
1685 3016 1742 3062 et
1768 3008 1940 3077 gentis
1976 3007 2221 3071 libertas,
2251 3022 2315 3062 ac

761 3106 806 3158 si
853 3119 960 3173 qua
996 3102 1099 3157 alia
1147 3116 1310 3172 penes
1346 3099 1622 3154 Judaicam
1672 3107 1882 3170 gentem
1931 3100 2312 3155 habebantur:

762 3210 880 3263 qua:
907 3192 1188 3248 confertim
1216 3190 1570 3248 concutienda
1587 3200 1641 3244 et
1668 3191 1966 3246 amovenda
1997 3190 2112 3245 fore
2139 3204 2316 3246 sermo

757 3283 1018 3353 pradicit.

832 3375 994 3430 Vens.
1021 3376 1075 3439 5,
1106 3376 1158 3429 6.
1195 3391 1214 3425 ι
1254 3373 1319 3429 Et
1349 3375 1455 3429 erit
1481 3371 1931 3443 quemadmodum
1975 3373 2022 3426 si
2060 3373 2182 3442 quis
2209 3373 2318 3427 col-

760 3463 952 3533 legerit
984 3477 1208 3519 messem
1249 3471 1509 3529 etantem,
1538 3471 1594 3516 et
1627 3475 1808 3516 semen
1855 3463 2129 3532 spicarum
2172 3477 2316 3516 mes-

761 3557 946 3612 suerit.
978 3557 1042 3609 Et
1065 3556 1172 3610 erit
1202 3556 1647 3626 quemadmodum
1676 3556 1720 3610 si
1745 3557 1868 3625 quis
1903 3554 2182 3626 collegerit
2209 3557 2318 3626 spi-

763 3663 857 3703 cas
889 3648 940 3703 in
965 3648 1102 3701 valle
1125 3661 1334 3716 aspera,
1359 3658 1414 3700 et
1447 3647 1662 3702 relictus
1679 3647 1840 3700 fuerit
1864 3649 1915 3700 in
1946 3662 2007 3702 ea
2033 3647 2260 3702 culmus.
2293 3667 2311 3697 ι

764 3738 914 3796 Sicut
942 3740 1083 3795 enim
1123 3741 1175 3793 in
1211 3753 1383 3795 messe
1412 3738 1741 3808 colliguntur
1765 3740 1979 3808 quidem
2014 3740 2197 3809 spicae,
2231 3755 2317 3793 re-

761 3833 1020 3902 linquitur
1039 3839 1218 3886 tamen
1254 3831 1308 3885 in
1332 3843 1462 3900 agro
1483 3829 1691 3884 culmus
1719 3831 1938 3895 tenuis;
1986 3831 2056 3884 ita
2081 3829 2316 3884 futurum

762 3926 836 3979 ait
863 3919 1142 3980 Iudaicum
1163 3923 1439 3993 populum,
1461 3937 1626 3993 penes
1645 3934 1806 3993 quem
1834 3922 1996 3994 spica:
2019 3921 2147 3976 olim
2175 3932 2320 3976 stan-

764 4026 846 4071 tes
873 4015 1231 4079 succidentur,
1253 4015 1507 4084 solusque
1533 4013 1870 4082 relinquetur
1901 4014 2127 4068 culmus.
2163 4012 2316 4079 Quod

763 4110 811 4163 sl
845 4109 966 4178 quis
991 4109 1128 4177 apud
1159 4121 1251 4162 eos
1277 4107 1574 4177 reperiatur
1597 4106 1993 4160 existimatione
2021 4104 2241 4174 dignus,
2271 4105 2317 4158 is

763 4199 1162 4269 comparabitur
1199 4199 1379 4269 spicae,
1422 4213 1528 4266 non
1575 4198 1627 4251 in
1663 4198 1881 4264 planitie
1903 4237 1916 4259 ,
1955 4200 2047 4252 sed
2084 4197 2138 4251 iu
2172 4198 2319 4251 valle

763 4291 906 4344 sicca
945 4297 1001 4343 et
1045 4302 1233 4356 aspera
1274 4286 1538 4350 nascenti.
1581 4284 1842 4340 Caeterum
1882 4288 2030 4356 spica
2090 4287 2318 4342 indicari

760 4391 892 4450 puto
913 4381 1135 4435 chorum
1164 4379 1547 4448 discipulorum
1575 4389 1629 4435 et
1644 4379 2093 4448 evangelistarum
2129 4380 2317 4434 Salva-

2432 552 2660 622 μασκὺς,
2695 551 2942 605 παθοῦσα
2969 552 3086 604 τότε
3115 550 3181 603 τὰ
3204 551 3308 603 ὑπὸ
3325 550 3424 620 τῆς
3454 546 3789 620 προφητείας
3815 545 4012 600 θεσπι-

2429 643 2642 705 σθέντα,
2682 641 2837 708 αὖθις
2865 647 2924 699 ὲν
2955 647 3068 708 τοῖς
3112 643 3250 715 μετὰ
3298 642 3470 697 ταῦτα
3494 643 3707 716 χρόνοις
3733 640 4008 708 ἀνῳκοδό-

2431 754 2588 808 μητο,
2617 737 2692 800 ὼς
2722 737 2813 790 καὶ
2837 725 3102 806 βασίλειον
3131 737 3189 789 ὲν
3223 736 3359 806 αὐτῇ
3389 735 3646 806 συστῆναι
3673 731 3853 787 πάλιν.

2504 1033 2520 1061 ‹
2564 1013 2670 1066 Καὶ
2696 1011 2876 1064 οὺκέτι
2903 1009 3147 1081 βασιλεία
3183 1011 3241 1062 ὲν
3265 1006 3561 1078 Δαμασκῷο
3602 1007 3696 1060 καὶ
3722 1005 3784 1058 τὸ
3826 1002 4008 1058 κατά-

2426 1103 2607 1156 λοιπον
2636 1101 2744 1155 τῶν
2765 1100 2973 1172 Σύρων.
3018 1120 3036 1152 ι
3075 1101 3161 1163 Ὠς
3191 1098 3301 1167 γὰρ
3343 1096 3643 1168 μελλούσης
3690 1094 3786 1166 μὲν
3827 1091 4008 1162 αὐτῆς

2426 1194 2662 1256 ἔσεσθαι,
2684 1194 2744 1246 οὐ
2771 1193 2878 1263 μὴν
2908 1193 3001 1246 καὶ
3033 1193 3231 1263 ὀχυρᾶς
3261 1189 3402 1244 κατὰ
3431 1190 3492 1243 τὸ
3525 1188 3750 1243 παλαιὸν
3777 1204 4012 1258 γενησοο

2427 1285 2614 1357 μένης,
2663 1285 2781 1338 οὐδὲ
2820 1284 3208 1355 βασιλευούσης
3245 1282 3416 1338 ταῦτα
3451 1283 3683 1355 εἴρηται.
3739 1281 3894 1335 Ἐστι
3943 1281 4009 1334 δὲ

2426 1377 2521 1429 καὶ
2554 1376 2724 1439 ἄλλως
2753 1374 3029 1429 ἐπιϐαλεῖν
3051 1377 3164 1439 τοῖς
3181 1375 3390 1438 τόποις,
3430 1375 3504 1438 ὼς
3536 1376 3636 1444 τῆς
3665 1372 4010 1444 προφητείας

2424 1468 2749 1521 ταπείνωσιν
2775 1469 2885 1530 τοῖς
2915 1468 3192 1539 οἰκήτορσι
3224 1465 3532 1538 Δαμασκοῦ,
3562 1467 3654 1519 καὶ
3673 1465 3784 1535 βίον
3810 1465 4011 1518 ίδιωτι-

2425 1558 2521 1610 κὸν
2546 1556 3060 1630 προαναφωνοὺσης.
3089 1555 3243 1611 Οὕτω
3271 1554 3403 1625 γοῦν
3417 1554 3683 1626 εἰώθαμεν
3707 1554 3884 1622 λέγειν
3917 1555 4009 1607 ὲκ-

2423 1650 2766 1702 πεπτωκέναι
2805 1649 2896 1702 τὸν
2928 1646 3197 1714 πλούσιον,
3213 1647 3432 1702 ἐπειδὰν
3462 1648 3538 1711 είς
3568 1647 3803 1717 ἐσχάτην
3830 1646 4006 1718 ἐλάσῃ

2427 1739 2637 1793 πενίαν·
2681 1739 2893 1794 καὶτὸν
2922 1739 3157 1812 ἔντιμον,
3198 1739 3416 1795 ἐπειδὰν
3448 1733 3509 1793 οὗ
3553 1741 3798 1810 μετεῖχεν
3834 1739 4010 1804 ἀξιώ-

2354 1805 2398 1860 B
2429 1847 2594 1899 ματος
2629 1829 2889 1900 στερηθῇ.
2923 1829 2997 1883 οὐ
3030 1805 3138 1901 γάρ
3169 1827 3232 1880 σὺ
3261 1827 3486 1898 βελτίων
3506 1805 3567 1880 εἷ*
3593 1805 3857 1880 τῶν-υἱῶν
3899 1828 4010 1881 Ἰσ-

2428 1922 2562 1993 ραὴλ
2597 1922 2811 1992 καὶτῆς
2838 1923 2994 1994 δόξης
3028 1921 3223 1975 αὐτῶν.
3261 1921 3324 1974 El
3348 1921 3460 1993 γὰρ
3488 1923 3516 1974 ὁ
3545 1921 3710 1974 πάλαι
3741 1921 3837 1975 τοῦ
3859 1921 4009 1975 Θεοῦ

2424 2009 2772 2081 χρηματίζων
2800 2011 2925 2075 λαὸς
2953 2014 3009 2064 ἐν
3036 2014 3145 2074 τοῖς
3169 2010 3480 2080 λεγομένοις
3510 2012 3722 2081 χρόνοις
3751 2014 4012 2064 ἐκπεσεῖ-

2422 2120 2510 2156 ται
2539 2101 2634 2155 τοῦ
2659 2104 2858 2158 οἰκείου
2884 2103 3212 2174 ἀξιώματος,
3232 2120 3325 2155 και
3344 2102 3442 2172 τῆς
3482 2103 3647 2157 πάλαι
3673 2102 4012 2175 παράΰτοῖς

2424 2195 2843 2267 πολιτευομένης
2882 2195 3208 2264 αὐτονομίας
3250 2195 3343 2247 καὶ
3388 2194 3684 2262 βασιλείας·
3705 2195 3764 2247 οὐ
3797 2195 3906 2264 χρή
3944 2210 4011 2246 σε

2420 2287 2518 2357 τὴν
2550 2287 2837 2356 Δαμασκὸν
2867 2285 2936 2339 τὰ
2955 2287 3113 2356 ὃμοια
3147 2284 3456 2355 πάσχουσαν
3474 2285 3815 2352 ἀγανακτεῖν.

2490 2399 2509 2430 ι
2543 2379 2682 2434 Τάδε
2714 2379 2862 2448 λέγει
2890 2378 3094 2448 Κύριος
3130 2375 3377 2430 Σαῦαώθσ
3409 2377 3599 2428 Ἐσται
3631 2378 3689 2428 ὲν
3721 2377 3786 2446 τῇ
3813 2374 4011 2445 ἡμέρᾳ

2421 2471 2600 2542 ἐκείνη
2626 2469 2864 2539 ἔκλειψις
2893 2469 2990 2538 τῆς
3028 2465 3184 2536 δόξης
3235 2462 3445 2517 Ἰακώϐ·
3491 2466 3586 2518 καὶ
3613 2464 3681 2517 τά
3709 2464 3868 2517 πίονα
3900 2465 4010 2535 τῆς

2418 2564 2574 2634 δόξης
2605 2561 2769 2616 αὐτοῦ
2804 2558 3164 2629 σεισθήσεται.
3205 2574 3223 2605 ι
3259 2555 3369 2609 Καὶ
3406 2555 3504 2609 θέα
3535 2557 3680 2619 ὅπως
3711 2555 3812 2608 οὐκ
3842 2554 4009 2608 ἀναί-

2421 2673 2568 2727 ρεσιν
2609 2653 2843 2723 παντελῆ
2873 2651 2969 2705 τοῦ
3014 2649 3198 2710 ἔθνους
3239 2647 3513 2717 σημαίνει,
3545 2645 3684 2700 ἀλλὰ
3712 2645 3811 2716 τῆς
3833 2643 4006 2713 δόξης

2417 2748 2614 2812 αὐτῶν,
2647 2744 2712 2818 ἦς
2745 2747 2989 2816 μετεῖχον
3036 2744 3317 2814 πρότερον,
3347 2740 3685 2809 καθαίρεσιν.
3723 2737 3893 2790 Πίονα
3941 2736 4006 2789 δὲ

2415 2836 2484 2911 ἦν
2513 2841 2609 2910 τῆς
2655 2839 2744 2892 τοῦ
2769 2837 3033 2909 προτέρου
3077 2834 3208 2888 λαοῦ
3236 2833 3447 2903 δόξηςή
3480 2829 3766 2902 ἱερωσύνη,
3819 2828 3916 2882 καὶ
3969 2829 4005 2897 ἠ

2419 2929 2686 3000 βασιλεία,
2717 2929 2777 2980 τό
2805 2943 2865 2979 τε
2907 2927 3061 2994 ἅγιον
3091 2921 3243 2995 ᾆσμα
3286 2923 3379 2976 καὶ
3414 2924 3448 2990 ἡ
3494 2918 3636 2974 κατὰ
3672 2917 3870 2990 νόμους
3899 2915 4004 2968 λα-

2416 3021 2590 3093 τρεία,
2614 3021 2648 3090 ἧ
2677 3036 2737 3072 τε
2764 3020 3073 3090 προφητικὴ
3096 3016 3272 3088 χάρις,
3302 3013 3395 3068 καὶ
3428 3014 3462 3084 ὴ
3486 3011 3580 3065 τοῦ
3610 3010 3795 3074 ἔθνους
3825 3008 3989 3061 ὲλευ-

2341 3145 2384 3204 C
2417 3114 2592 3185 θερία,
2625 3112 2720 3165 καὶ
2748 3113 2847 3165 ὅσα
2887 3110 3020 3165 ἄλλα
3061 3108 3211 3182 παρὰ
3244 3107 3323 3179 τῷ
3361 3105 3630 3160 Ἰουδαίων
3657 3104 3819 3158 ἔθνει·
3849 3104 4008 3174 άπερ

2421 3205 2628 3275 ἀθρόως
2658 3199 3055 3272 σεισθήσεσθαι,
3089 3201 3180 3252 καὶ
3208 3197 3485 3259 παντελῶς
3523 3193 3793 3262 ἐκλείψειν
3844 3211 3995 3266 προ-

2421 3291 2673 3364 αγορεύει
2716 3292 2745 3343 ό
2784 3289 2960 3357 λόγος.
3871 3341 3874 3343 .

2499 3403 2518 3437 ι
2555 3384 2666 3438 Καὶ
2701 3383 2854 3436 ἔσται
2895 3381 2953 3435 δν
2996 3381 3194 3453 τρόπον
3221 3380 3314 3433 ἐάν
3345 3395 3429 3441 τις
3469 3377 3749 3450 συναγάγῃ
3787 3375 4005 3446 άμητὸν

2420 3471 2706 3542 ἑστηκότα,
2759 3472 2852 3524 καὶ
2901 3470 3120 3540 σπέρμα
3160 3466 3405 3539 σταχύων
3437 3467 3643 3538 άμήσῃ.
3687 3465 3798 3519 Καὶ
3841 3463 4005 3518 ἔσται

2419 3565 2477 3617 δν
2509 3563 2706 3634 τρόπον
2730 3563 2825 3616 ἐάν
2850 3577 2935 3624 τις
2969 3561 3250 3633 συναγάγῃ
3279 3559 3478 3628 στάχυν
3517 3559 3574 3610 ὲν
3601 3557 3842 3628 φάραγγι
3872 3572 4006 3609 στε-

2422 3661 2539 3730 ρεᾷ,
2572 3658 2666 3711 καὶ
2687 3654 3017 3724 καταλειφθῇ
3051 3655 3108 3706 ὲν
3148 3653 3284 3722 αὐτῇ
3320 3650 3560 3720 καλάμη.
3601 3668 3620 3700 ι
3652 3649 3740 3711 Ὠς
3776 3647 3885 3719 γάρ
3937 3648 4002 3700 ιν

2419 3748 2616 3820 ἁμητῷ
2659 3746 2979 3814 συνάγονται
3006 3744 3104 3813 μὲν
3129 3744 3178 3794 οἱ
3227 3741 3476 3810 στάχυες,
3511 3737 3897 3792 καταλείπεται
3938 3737 4002 3790 δὲ

2421 3843 2477 3894 ὲν
2505 3843 2571 3911 τῇ
2599 3839 2752 3911 χώρᾳ
2803 3835 3024 3906 καλάμη
3068 3833 3218 3904 ψιλήο
3255 3833 3396 3885 οὓτω
3432 3831 3594 3902 φησὶν
3638 3828 3856 3882 ἔσεσθαι
3903 3829 4003 3882 τὸν

2435 3932 2696 3986 Ἰουδαίων
2752 3929 2902 3993 λαὸν,
2934 3925 3315 3997 ἁποτμηθέντα
3355 3923 3454 3994 μὲν
3497 3921 3605 3982 τῶν
3646 3920 3812 3974 πάλαι
3858 3922 3998 3992 παρ’

2420 4025 2601 4085 αὐτοῖς
2625 4019 2890 4089 σταχύων,
2920 4017 3086 4088 μόνης
3117 4015 3174 4067 δὲ
3199 4014 3298 4084 τῆς
3319 4013 3570 4083 καλάμης
3595 4013 3652 4064 ὲν
3678 4011 3860 4074 αὐτοῖς
3892 4028 3999 4063 κα·

2421 4109 2813 4180 ταλειφθείσης.
2868 4107 2930 4159 Εἰ
2975 4105 3031 4157 δὲ
3076 4104 3168 4157 καί
3206 4103 3306 4154 πού
3345 4119 3430 4165 τις
3470 4099 3665 4170 εὑρεθῇ
3712 4101 3770 4151 ὲν
3807 4097 3998 4162 αὐτοῖς

2421 4203 2566 4267 ἄξιος
2597 4203 2776 4269 λόγου,
2823 4195 3303 4268 παραϐληθήσεται
3330 4186 3484 4255 οὗτος
3509 4191 3719 4261 στάχυϊ,
3758 4188 3882 4260 οὐχὶ
3931 4190 3996 4242 ὲν

2419 4295 2497 4366 τῷ
2519 4293 2680 4364 πεδίῳ
2718 4291 2896 4362 φύντι,
2938 4289 3050 4342 ἀλλ’
3091 4289 3148 4340 ἐν
3189 4286 3389 4340 κοιλάδι
3430 4285 3520 4338 καὶ
3557 4285 3798 4354 φάραγγι
3819 4297 3995 4337 κατα-

2425 4389 2568 4459 ξήρῳ
2613 4386 2709 4440 καὶ
2756 4383 2968 4453 στερεᾷ.
3011 4377 3307 4450 Δηλοῦσθαι
3345 4378 3403 4430 δὲ
3436 4373 3588 4447 οἶμαι
3615 4373 3702 4428 διὰ
3732 4371 3826 4426 τοῦ
3857 4374 3995 4426 στάσ-

765 4474 899 4527 toris
957 4472 1164 4535 nostri,
1218 4471 1281 4526 de
1346 4486 1452 4541 quo
1507 4472 1817 4542 superius"
1879 4474 2229 4540 dicebatur,¢
2262 4473 2317 4526 EI

2428 4494 2554 4548 χυος
2582 4477 2672 4528 τὸν
2694 4474 2852 4545 χορὸν
2884 4471 2992 4524 τῶν
3018 4470 3111 4523 τοῦ
3142 4469 3392 4538 Σωτῆρος
3419 4465 3580 4536 ἡμῶν
3610 4463 3864 4536 μαθητῶν
3897 4464 3996 4517 καὶ

766 4566 872 4620 nisi
894 4565 1148 4619 Dominus
1167 4562 1400 4619 Sabaoth
1424 4565 1731 4634 reliquisset
1757 4566 1911 4621 nobis
1930 4581 2138 4630 semen,
2161 4566 2314 4635 quasi

768 4656 998 4713 Sodoma
1026 4653 1334 4721 fuissemus,
1364 4669 1416 4711 et
1443 4657 1594 4726 quasi
1625 4657 1932 4713 Gomorrha
1958 4651 2161 4712 similes
2187 4657 2314 4712 lacti

768 4761 1024 4802 essemus.
1062 4765 1080 4798 ³

838 4948 857 4981 ι
893 4931 999 4984 Aut
1026 4941 1275 4997 tanquam
1309 4944 1475 4999 grana
1510 4929 1663 4982 oliva:
1687 4930 1791 4983 duo
1822 4928 1904 4982 vel
1939 4929 2039 4980 tria
2077 4929 2139 4980 ad
2180 4943 2319 4981 sum-

763 5022 1001 5075 mitatem
1045 5021 1346 5083 sublimem,
1384 5022 1465 5074 vel
1506 5031 1735 5087 quatuor
1760 5019 1842 5073 vel
1873 5021 2111 5088 quinque
2147 5019 2197 5071 in
2228 5034 2312 5072 ra-

765 5111 865 5165 t'uis
904 5125 1086 5163 eorum
1135 5111 1320 5165 relicta
1361 5111 1578 5163 fuerint.
1616 5128 1631 5161 ι
1674 5109 1902 5164 Tantam
1947 5112 2145 5180 quippe
2200 5110 2317 5163 fore

763 5205 837 5255 ait
862 5202 1170 5270 corum.qui
1197 5216 1261 5255 ex
1291 5201 1481 5256 Israele
1506 5202 1817 5269 superstites
1843 5213 2018 5262 erunt,
2039 5202 2312 5255 raritatem

765 5299 816 5347 in
852 5306 1089 5364 tempore
1113 5335 1128 5360 ,
1160 5299 1297 5365 quod
1338 5297 1389 5349 in
1435 5295 1708 5364 prephctia
1756 5305 1989 5359 notatur,
2040 5306 2096 5350 ut
2126 5310 2313 5348 omnes

765 5387 922 5452 spiczr
955 5387 1042 5440 uni
1081 5387 1376 5454 comparari
1412 5385 1619 5453 possint
1651 5403 1664 5446 ς
1711 5399 1804 5438 cos
1839 5395 2013 5439 autem
2047 5388 2134 5454 qui
2175 5400 2312 5456 prac-

768 5479 1055 5530 stantiores
1083 5477 1221 5543 apud
1255 5477 1371 5529 illos
1393 5487 1588 5542 erunt,
1623 5475 1736 5528 fore
1772 5475 1927 5543 quasi
1955 5478 2058 5528 duo
2093 5477 2176 5531 vel
2212 5477 2312 5529 tria

764 5582 930 5636 grana
964 5571 1111 5620 oliva:
1158 5569 1209 5620 iu
1244 5571 1552 5622 summitate
1598 5568 1831 5622 sublimi.
1867 5566 2029 5633 Qucis
2064 5569 2310 5623 subiudi-

829 5745 865 5772 ’³
892 5743 1015 5809 Cap.
1043 5761 1077 5803 l,
1116 5759 1250 5799 vers.
1290 5749 1342 5797 ί).

2421 4566 2832 4637 εὐαγγελιστῶν,
2859 4564 2984 4633 περὶ
3014 4555 3076 4614 οὗ
3104 4561 3198 4613 καὶ
3214 4561 3270 4611 ἐν
3288 4561 3398 4620 τοῖς
3419 4555 3722 4628 ἔμπροσθεν
3750 4555 3990 4624 ἐλέγετο’

2431 4679 2447 4709 ι
2479 4659 2585 4711 Καὶ
2611 4657 2751 4727 εἰμὴ
2787 4653 2984 4725 Κύριος
3013 4647 3236 4703 Σαϐαὼθ
3272 4646 3624 4716 ἐγκατέλιπεν
3657 4646 3787 4715 ἡμῖν
3820 4645 3992 4716 σπέρ-

2429 4769 2521 4823 μα,
2549 4752 2624 4814 ὡς
2651 4748 2860 4817 Σόδομα
2889 4745 2954 4797 ἂν
2996 4741 3354 4812 ἐγενήθημεν,
3399 4739 3491 4798 καὶ
3512 4738 3599 4802 ,ὡς
3630 4737 3881 4807 Γόμορρα
3923 4737 3996 4789 ἂν

2423 4837 2676 4906 ὡμοιώθη
2686 4853 2804 4906 μεν.
2845 4854 2862 4884 ι

2499 4951 2515 4978 ι
2557 4930 2626 4981 Ἦ
2657 4929 2731 4990 ὠς
2755 4926 2928 4997 ρῶγες
2958 4909 3141 4984 ἐλαίας
3183 4920 3273 4974 δύο
3305 4920 3336 4990 ἢ
3372 4924 3518 4988 τρεῖς
3549 4920 3632 4972 ἐπ’
3663 4917 3834 4988 ἄκρου
3890 4934 3987 4987 με-

2422 5019 2645 5090 τεώρου,
2680 5017 2713 5088 ἢ
2744 5016 3024 5084 τέσσαρες,
3061 5011 3094 5081 ἢ
3135 5009 3291 5062 πέντε
3319 5012 3412 5061 ἐπὶ
3439 5008 3544 5061 τῶν
3581 5008 3786 5061 κλάδων
3809 5007 3992 5060 αὐτῶν

2421 5107 2834 5178 καταλειφθῶσι.
2880 5124 2897 5156 ι
2924 5102 3198 5170 Τοσαύτην
3222 5102 3328 5170 γάρ
3357 5116 3518 5167 φησιν
3549 5097 3763 5151 ἔσεσθαι
3790 5097 3990 5151 σπάνιν

2420 5203 2523 5254 τῶν
2550 5203 2613 5254 ἐκ
2643 5199 2736 5251 τοῦ
2777 5195 2989 5265 Ἰσραὴλ
3025 5193 3413 5264 σωθησομένων
3446 5189 3585 5242 κατὰ
3610 5190 3734 5252 τοὺς
3763 5189 3990 5259 χρόνους

2418 5293 2510 5356 οὓς
2598 5289 2900 5362 προφητεία
2936 5286 3207 5357 σημαίνει,
3233 5285 3307 5346 ὡς
3323 5284 3401 5336 ὲνὶ
3427 5283 3615 5351 στάχυϊ
3647 5281 3988 5351 παραϐάλλε-

2423 5384 2542 5436 σθαι
2568 5384 2693 5445 τοὺς
2726 5381 2949 5441 πάντας·
2973 5378 3096 5441 τοὺς
3122 5376 3177 5428 δὲ
3197 5377 3253 5427 ὲν
3277 5377 3456 5437 αὐτοῖς
3469 5372 3779 5443 ἐξαιρέτους
3801 5373 3981 5424 τοσού-

2418 5493 2539 5538 τους
2595 5471 2811 5525 ἔσεσθαί
2853 5487 3023 5533 τινας,
3061 5468 3247 5537 ὥσπερ
3291 5468 3337 5517 εἰ
3382 5466 3562 5536 ῥῶγας
3605 5464 3791 5526 ἐλαίας
3816 5463 3907 5516 δύο
3949 5464 3989 5536 ἢ

2418 5570 2564 5637 τρεῖς
2614 5566 2737 5626 τοὺς
2791 5564 2877 5614 ἐπ’
2916 5562 3084 5631 ἄκρου
3135 5555 3430 5630 μετεώρου,
3483 5553 3850 5624 αίνιττομένου
3895 5553 3987 5605 τοῦ
