4120 6294
1138 319 1644 378 COIHENTARIA
1686 323 1752 379 IN
1793 323 2050 381 ISAIAM.
2087 354 2157 366 —
2192 325 2344 380 CAP.
2386 323 2553 381 XVll.

3344 327 3449 374 'ztu

174 436 334 501 λογον
372 431 500 495 τοὺς
525 432 871 503 ἀκροτάτους
895 433 1006 487 τῶν
1037 430 1368 499 ἀποστόλων,
1398 436 1492 499 οὒς
1519 438 1647 490 τοοτέ
1670 439 1763 508 μὲν

1870 451 2066 495 cantur
2092 438 2461 509 apostolorum
2492 433 2774 508 pracipui,
2795 446 2935 504 quos
2964 432 3259 504 aliquando
3291 433 3450 489 binos

178 519 315 574 ιιπά
342 520 610 589 συζυγίαν
635 523 663 573 6
684 522 879 593 Σωτὴρ
914 524 1325 596 προσεκαλεῖτο,
1354 527 1481 579 ποτὲ
1516 528 1573 581 δὲ
1596 532 1761 599 τρεῖς·

172 612 265 677 οὓς
296 617 330 686 ἡ
361 614 559 684 Γραφὴ
580 612 677 666 τοῦ
706 615 1045 683 Εὐαγγελίου
1058 616 1327 671 ἐκλεκτῶν
1352 618 1767 692 ἐκλεκτοτέρους

170 709 457 778 εξσήταγε·
496 708 647 777 λέγω
674 708 739 779 δὴ
782 709 989 779 Πέτρον
1024 712 1114 765 καὶ
1162 710 1417 765 Ἰάκωϐον
1460 714 1553 765 καὶ
1596 713 1768 766 Ἰωάν-

173 818 288 873 νην,
320 800 416 864 οὓς
456 802 555 854 ἐπὶ
583 803 649 855 τὸ
689 802 814 873 δρος
844 804 1089 874 ἀνήγαγε
1130 804 1343 875 μόνους,
1387 806 1765 875 ίστορήσοντας

170 896 270 962 τὴν
295 893 736 964 μεταμόρφωσιν
752 896 938 957 αὑτοῦ,
961 896 1055 949 καὶ
1084 896 1174 949 ἐπὶ
1206 897 1302 967 τῆς
1323 894 1765 966 ἁνασιωσκούσης

173 985 448 1057 θυγατρὸς
500 984 597 1039 τοῦ
636 986 1086 1057 ἀρχισυναγώγου
1122 987 1396 1057 παρέλαϐε
1435 987 1568 1059 (20).
1609 988 1673 1041 Οί
1708 988 1765 1040 δὲ

169 1080 346 1134 λοιποί
373 1080 538 1151 παρὰ
570 1082 699 1144 τοὺς
731 1084 878 1152 τρεῖς
906 1082 1124 1145 τούτους
1155 1082 1205 1134 οἱ
1237 1081 1497 1152 τέσσαρές
1527 1083 1632 1133 εισι
1673 1080 1766 1135 καὶ

174 1170 354 1233 πέντε,
389 1171 493 1224 καὶ
526 1172 655 1235 τοὺς
680 1172 953 1245 τέσσαρας
991 1175 1085 1227 καὶ
1132 1177 1255 1239 τοὺς
1296 1175 1476 1242 πέντε,
1505 1174 1636 1229 δέκα
1674 1177 1766 1228 καὶ

172 1259 451 1329 τέσσαρας
482 1261 700 1329 ποιήσει
723 1262 848 1325 τοὺς
890 1262 1118 1327 πάντας,
1148 1258 1225 1318 ὧν
1255 1263 1467 1318 δώδεκα
1514 1264 1613 1335 μὲν
1642 1264 1766 1328 τοὺς

172 1350 427 1421 πρώτους
476 1352 809 1417 ἀποστόλους
842 1354 1016 1420 εῐποις
1058 1355 1125 1409 ἂν
1150 1351 1313 1419 εἶναι,
1353 1359 1454 1410 οὐκ
1474 1356 1680 1411 ἐλάττω
1709 1356 1765 1409 δὲ

172 1442 351 1496 αὐτῶν
387 1444 495 1514 τὴν
539 1446 741 1517 ἀρετὴν
781 1447 1012 1514 Παῦλον,
1064 1451 1157 1503 καὶ
1187 1450 1349 1503 αὑτὸν
1396 1450 1525 1503 ὄντα
1568 1451 1765 1522 κλητὸν

170 1532 498 1601 ἀπόστολον,
550 1537 646 1589 καὶ
679 1537 769 1589 τὸν
815 1537 1071 1593 Ἰάκωδον
1101 1540 1383 1609 γεγονέναι
1420 1541 1511 1595 τὸν
1542 1542 1766 1610 ἀδελφὸν

168 1624 261 1677 τοῦ
299 1624 540 1695 Κυρίου,
572 1626 631 1690 δς
659 1627 876 1697 πρῶτος
902 1631 1200 1696 ἐπίσκοπος
1221 1632 1318 1703 τῆς
1380 1632 1767 1705 Ἱεροσολύμων

186 1714 517 1785 Ἑκκλησίας
541 1718 638 1770 ὑπ’
666 1719 829 1773 αὐτοῦ
875 1721 1205 1792 καταστῆναι
1230 1722 1323 1776 τοῦ
1348 1723 1599 1795 Σωτῆρος
1634 1742 1767 1797 μνη-

1871 530 2131 586 Servator
2170 530 2491 591 advocabat,
2528 525 2822 595 aliquando
2852 531 3057 589 ternos,
3097 537 3233 592 quos
3266 518 3448 576 Evan~

1867 622 1991 691 gelii
2042 622 2309 689 scriptura
2354 617 2547 673 electis
2594 615 2884 671 electiores
2932 615 3175 679 inducit,
3224 613 3446 669 Petrum

1867 712 2075 767 scilicet
2108 721 2160 767 et
2200 710 2460 766 Jacobum
2490 716 2547 763 et
2587 706 2848 762 Joannem
2872 744 2887 769 ,
2933 703 3078 759 solos
3109 704 3163 757 in
3206 713 3447 758 montem

1869 806 2131 861 adductos
2154 844 2169 868 ,
2202 812 2262 857 ut
2304 797 2798 870 transﬁgurationis
2836 803 3175 864 spectatores
3220 804 3445 849 essent:

1868 912 2000 966 quos
2033 895 2163 950 item
2206 908 2329 950 cum
2368 886 2783 959 archisynagogi
2816 886 2981 941 ﬁliam
3010 883 3318 950 suscitavit,
3360 898 3449 939 se-

1868 1005 1989 1044 cum
2016 984 2330 1055 assumpsit.
2364 983 2429 1037 Et
2469 982 2557 1050 qui
2593 988 2717 1050 post
2746 987 2859 1033 tres
2891 976 3012 1031 illos
3062 976 3262 1029 residui
3296 984 3446 1041 sunt,

1868 1088 2099 1150 quatuor
2126 1086 2251 1131 sunt
2276 1083 2332 1129 et
2362 1073 2623 1143 quinque,
2646 1085 2707 1125 ac
2733 1069 2832 1125 hos
2862 1075 3097 1138 quatuor
3130 1076 3180 1121 et
3209 1066 3449 1136 quinque

1868 1170 1935 1224 ad
1983 1181 2267 1222 numerum
2304 1161 2714 1234 quatuordeeim
2760 1160 2991 1216 deducet
3032 1179 3044 1212 :
3096 1174 3162 1212 ex
3215 1173 3449 1227 quorum

1871 1274 2095 1315 numero
2147 1256 2433 1311 duodecim
2481 1254 2699 1323 quidem
2752 1251 2959 1323 primos
3017 1250 3292 1320 apostolos
3328 1264 3450 1304 esse

1870 1352 2036 1413 dicas,
2070 1358 2124 1404 et
2162 1347 2269 1402 illis
2314 1361 2418 1401 non
2447 1345 2648 1409 virtute
2682 1344 2946 1398 minorem
2979 1343 3205 1397 Paulum
3226 1380 3241 1403 ,
3274 1342 3366 1411 qui
3395 1349 3449 1396 et

1871 1445 1983 1515 ipse
1999 1450 2218 1497 vocatus
2240 1438 2515 1511 apostolus
2531 1446 2633 1502 est,
2650 1446 2707 1492 et
2726 1435 2985 1493 Jacobum
3015 1437 3237 1491 fratrem
3270 1435 3447 1489 Domi-

1871 1534 2056 1605 ni,qui
2082 1532 2289 1602 primus
2335 1528 2848 1599 Hierosolymitana:
2884 1527 3145 1585 Ecclesiae
3166 1528 3450 1598 episcopus

1871 1628 1938 1681 ab
1970 1626 2084 1696 ipso
2106 1622 2389 1679 Salvatore
2418 1620 2751 1675 constitutus
2778 1629 3137 1676 memoratur.
3168 1618 3230 1675 lli
3262 1634 3450 1674 omnes

1872 1720 1926 1773 in
1952 1717 2261 1773 summitate
2279 1714 2433 1779 olere,
2456 1712 2709 1768 videlicet
2729 1710 3041 1768 Judaorum
3065 1710 3450 1775 successionis,

173 1804 481 1871 μονεύεται.
520 1800 682 1861 Οὗτοι
707 1808 763 1861 δὲ
798 1812 997 1875 πάντες
1028 1813 1113 1866 ἐπ’
1142 1812 1313 1886 ἄκρου
1338 1814 1433 1886 τῆς
1450 1815 1655 1879 ἐλαίας,
1684 1816 1763 1869 λέ-

1875 1809 2071 1880 reperti
2120 1809 2175 1861 in
2221 1805 2475 1875 praesenti
2515 1812 2913 1859 memorantur.
2963 1804 3190 1858 Divinus
3234 1815 3451 1873 quoque

170 1912 248 1956 τω
268 1896 331 1967 δὴ
353 1896 464 1966 τῆς
507 1898 782 1954 Ἰουδαίων
806 1902 1057 1974 διαδοχῆς
1080 1905 1213 1977 εὑρη
1223 1905 1473 1975 μένοιδιὰ
1494 1906 1603 1959 τῶν
1624 1907 1763 1978 μετὰ

168 1988 352 2055 κείρας
388 1988 847 2057 μνημονεύονται.
871 1991 980 2044 Καὶ
1000 1994 1027 2045 ό
1043 1992 1184 2056 θεῖος
1203 1994 1257 2046 δὲ
1288 1994 1609 2059 ’Δπόστολος
1622 1991 1763 2049 οἶδεν

167 2076 319 2148 ἐλαίᾳ
364 2078 749 2148 παραϐάλλειν
786 2081 885 2153 τὴν
934 2084 1083 2153 παρὰ
1136 2084 1304 2139 Ἰούδα
1357 2085 1623 2157 διαδοχὴν,
1668 2089 1763 2141 καὶ

170 2168 321 2234 ῥίζαν
370 2168 543 2237 ἁγίαν
588 2172 683 2223 καὶ
729 2173 1001 2245 ἀπαρχὴν,
1058 2176 1151 2229 καὶ
1194 2176 1539 2232 καλλιελαίαν
1592 2178 1763 2249 αὐτὴν

168 2264 339 2314 καλεῖ.

239 2373 255 2401 ι
287 2350 438 2405 Τάδε
480 2352 636 2423 λέγει
668 2356 873 2427 Κύριος
924 2360 953 2412 ό
993 2358 1124 2424 Θεὸς
1193 2363 1430 2435 Ἰσραήλ*
1476 2365 1551 2436 Τῇ
1580 2366 1762 2437 ἡμέρᾳ

168 2443 341 2515 ἐκείνῃ
368 2445 659 2510 πεποιθὼς
688 2446 839 2502 ἔσται
876 2452 905 2503 ὁ
933 2450 1218 2524 ἄνθρωπος
1252 2454 1344 2505 ἐπὶ
1370 2453 1449 2525 τῷ
1476 2456 1762 2525 ποιήσαντι

166 2535 343 2587 αὐτόν·
374 2538 429 2589 οἱ
459 2538 521 2590 δὲ
542 2539 809 2610 ὀφθαλμοί
838 2541 1002 2596 αὑτοῦ
1037 2545 1115 2607 εἰς
1142 2544 1233 2597 τὸν
1260 2545 1413 2614 ἅγιον
1428 2545 1521 2599 τοῦ
1550 2547 1765 2618 Ἰσραὴλ

168 2626 559 2697 ἐμδλέψονται·
620 2634 715 2685 καὶ
764 2633 825 2686 οὐ
882 2634 957 2706 μὴ
996 2636 1312 2700 πεποιθότες
1349 2631 1482 2692 ὦσιν
1520 2640 1611 2692 ἐπὶ
1650 2642 1764 2703 τοῖς

170 2718 395 2787 βωμοῖς,
442 2720 571 2773 οὐδὲ
620 2722 714 2775 ἐπὶ
745 2726 857 2788 τοῖς
888 2724 1069 2796 ἔργοις
1100 2725 1213 2780 τῶν
1245 2728 1447 2799 χειρῶν
1478 2728 1678 2794 αὐτῶν,
1728 2728 1764 2783 ἃ

168 2807 436 2879 ἐποίησαν
460 2810 517 2863 οἱ
544 2811 796 2867 δάκτυλοι
830 2814 1029 2868 αύτῶν-
1058 2816 1174 2869 ἀλλ’
1207 2817 1419 2871 ἔσονται
1444 2819 1764 2883 πεποιθότες

168 2897 255 2953 ἐπὶ
280 2902 379 2955 τὸν
409 2902 568 2971 am
586 2903 681 2958 τοῦ
716 2906 955 2979 Ἰσραήλ.
983 2908 1092 2961 Καὶ
1116 2910 1216 2962 οὐκ
1231 2909 1451 2983 ὄψονται
1475 2910 1543 2964 τὰ
1570 2911 1763 2983 δένδρα

169 2994 349 3047 αὑτῶν
370 2996 500 3050 οὐδὲ
539 2997 611 3050 τὰ
656 2997 1000 3071 βδελύγματα
1027 3002 1226 3054 αὐτῶν.
1256 2982 1545 3076 Τῇ’ἡμέρᾳ
1582 2982 1765 3075 ἐκείνῃ

168 3085 385 3140 ἕπονται
429 3090 485 3141 at
530 3090 711 3154 πόλεις
747 3108 839 3145 σου
864 3093 1438 3165 ἐγκαταλελειμμέναι,
1474 3096 1533 3149 ὃν
1564 3097 1765 3168 τρόπον

1869 1900 2159 1973 Apostolus
2186 1898 2338 1954 Juda:
2365 1897 2769 1953 successionem
2800 1895 2934 1953 olea
2971 1896 3331 1966 comparavit,
3373 1897 3453 1967 ip-

1870 2008 2094 2064 samque
2125 1991 2361 2047 radicem
2397 1998 2665 2055 sanctam,
2703 1988 2977 2044 rit'imltias
3006 1998 3061 2044 et
3103 1989 3300 2043 bonam
3345 1987 3451 2042 oli-

1867 2100 1991 2140 vam
2020 2092 2197 2143 vocat.

1938 2357 2103 2413 Vens.
2152 2357 2304 2413 7-10.
2351 2376 2369 2409 ι
2410 2358 2537 2414 llaec
2575 2357 2707 2413 dicit
2746 2357 3011 2413 Dominus
3052 2356 3193 2411 Deus
3246 2354 3449 2411 Israel:

1869 2449 1926 2504 In
1958 2452 2045 2506 die
2076 2450 2164 2505 illa
2188 2450 2470 2507 conﬁdens
2494 2450 2601 2504 erit
2626 2449 2791 2504 homo
2814 2448 2867 2503 in
2897 2463 2986 2514 eo,
3012 2448 3104 2520 qui
3132 2449 3261 2502 fecit
3286 2463 3411 2503 eum
3433 2465 3448 2502 :

1869 2543 2011 2597 oculi
2045 2551 2223 2597 autem
2258 2542 2373 2610 ejus
2428 2543 2481 2596 in
2524 2549 2771 2597 sanctum
2811 2541 2982 2595 Israel
3027 2540 3351 2609 respiciant:
3396 2548 3453 2594 et

1872 2648 1977 2688 non
2007 2632 2344 2687 conﬁdentes
2369 2641 2531 2688 erunt
2559 2633 2613 2687 in
2650 2632 2953 2700 altaribus,
2989 2646 3163 2701 neque
3190 2631 3243 2685 in
3274 2630 3452 2700 operi—

1872 2723 1971 2779 bus
1999 2738 2254 2778 manuum
2282 2738 2502 2778 suarum
2530 2763 2545 2787 ,
2575 2738 2695 2793 qua:
2739 2724 2989 2778 fecerunt
3024 2723 3175 2792 digiti
3220 2737 3406 2777 eorum
3435 2739 3448 2775 :

1871 2815 1964 2869 sed
1994 2824 2156 2869 erunt
2188 2814 2527 2869 conﬁdentes
2552 2815 2604 2867 in
2642 2825 2832 2868 sancto
2862 2813 3046 2869 Israel.
3073 2814 3137 2868 Et
3165 2829 3271 2867 non
3304 2812 3452 2868 vide—

1871 2904 2003 2959 bunt
2045 2904 2268 2959 arbores
2304 2918 2490 2958 eorum
2526 2917 2625 2957 nec
2668 2903 3105 2959 abominationes
3149 2920 3355 2961 eorum.
3392 2903 3450 2959 In

1872 2996 1959 3049 die
1988 2994 2075 3047 illa
2113 3001 2272 3048 erunt
2303 2992 2579 3048 derelicta:
2624 2994 2787 3047 urbes
2832 3002 2957 3057 tua,
2992 2991 3450 3061 quemadmodum

1873 3086 2278 3154 dereliquerunt
2317 3083 2619 3139 Amorrhaai
2669 3093 2725 3139 et
2774 3082 2915 3136 Evsei
2964 3098 2993 3135 a
3047 3083 3184 3136 facie
3213 3082 3449 3138 ﬁliorum

171 3179 469 3232 κστὲλιπον
490 3182 542 3233 oi
587 3182 899 3256 ’Δμορραἴοι
921 3186 1016 3240 καὶ
1038 3188 1088 3240 οἱ
1118 3188 1299 3261 Εὐαῖοι
1336 3189 1444 3241 ἀπὸ
1478 3189 1763 3259 προσώπου

1878 3178 2057 3233 Israel.
2093 3177 2161 3232 Et
2189 3186 2351 3233 erunt
2379 3178 2640 3244 desertae,
2672 3178 2931 3247 quoniam
2966 3176 3255 3232 deseruisti
3282 3176 3451 3232 Deum

168 3266 276 3321 τῶν
309 3268 451 3319 υἱῶν
498 3270 732 3342 Ἰσραήλ.
790 3275 901 3327 Καὶ
932 3275 1145 3329 ἔσονται
1192 3277 1419 3349 ἔρημοι,
1457 3280 1591 3332 διότι
1634 3298 1767 3334 κατ-

171 3354 359 3421 έλιπες
380 3363 474 3411 τὸν
490 3358 622 3413 Θεὸν
636 3362 727 3414 τὸν
764 3363 995 3435 Σωτῆρά
1024 3382 1139 3431 σου,
1160 3368 1253 3420 καὶ
1282 3370 1487 3440 Κυρίου
1521 3371 1613 3423 τοῦ
1638 3372 1763 3442 βοη-

171 3447 264 3501 θοῦ
288 3465 394 3501 σου
421 3452 522 3503 οὐκ
547 3454 843 3525 ἐμνήσθης.
873 3457 1168 3521 Διὰ,τοῦτο
1201 3478 1485 3529 φυτευσεις
1514 3462 1765 3534 φύτευμα

171 3539 427 3604 ἄπιστον,
461 3544 554 3596 καὶ
610 3545 831 3617 σπέρμα
876 3548 1125 3603 ἄπιστον.
1157 3550 1234 3623 Τῇ
1270 3552 1328 3604 δὲ
1374 3553 1575 3624 ἡμέρᾳ,
1698 3555 1764 3608 ἂν

170 3634 472 3705 quidam,
518 3637 856 3712 πλανηθήση.
884 3643 957 3695 Τὸ
983 3643 1039 3695 δὲ
1083 3642 1229 3715 πρωῒ
1261 3643 1356 3697 ἐὰν
1397 3645 1646 3719 σπείρης,
1672 3647 1765 3699 ἀν-

171 3725 333 3797 θήσει
364 3731 443 3792 είς
460 3731 690 3803 ἀμητὸν,
768 3733 834 3788 ἂν
850 3737 1032 3807 ἡμέρᾳ
1056 3737 1333 3811 πληρώσῃ⁸
1365 3740 1459 3793 καὶ
1484 3740 1561 3802 ὡς
1582 3741 1764 3813 πατὴρ

170 3816 468 3887 ἀνθρώπου
519 3819 776 3894 κληρὼσῃ
807 3827 919 3889 τοῖς
970 3828 1106 3890 υίοίς
1162 3842 1275 3880 σου.
1316 3846 1334 3879 ι
1372 3829 1582 3899 Ὠσπερ
1631 3830 1761 3900 γὰρ,

170 3912 368 3979 φησιν,
403 3912 623 3967 ἐκείνων
647 3915 1023 3983 ἀπολωλότων,
1041 3918 1218 3990 ἕτεροι
1256 3919 1610 3992 παρελθόντες
1637 3938 1765 3973 κατ-

173 4007 339 4078 έσχον
384 4006 559 4059 αὐτῶν
588 4007 686 4071 τὰς
714 4009 897 4075 πόλεις
924 4012 1021 4065 καὶ
1072 4013 1171 4076 τὰς
1202 4012 1409 4083 χώρας,
1472 4012 1646 4076 οὕτως
1672 4014 1763 4066 καὶ

169 4100 224 4151 αὶ
261 4098 364 4151 σαὶ
406 4098 588 4162 πόλεις
614 4101 834 4172 ἐτέρους
858 4102 1071 4167 ἕξουσιν
1094 4106 1406 4176 οἰκήτορας,
1448 4104 1602 4175 ὑμῶν
1622 4106 1759 4159 ἀπο-

169 4186 487 4258 ϐληθέντων
537 4190 633 4242 καὶ
680 4187 1039 4254 ὲξωσθέντων.
1097 4210 1115 4242 ι
1156 4193 1267 4245 Καὶ
1300 4192 1513 4247 ἔσονται
1545 4193 1759 4265 ἔρημοι,

168 4280 310 4334 διότι
331 4280 625 4346 κατέλιπες
646 4282 739 4336 τὸν
761 4283 897 4338 Θεὸν
915 4286 1007 4339 τὸν
1290 4304 1405 4353 σου,
1432 4287 1531 4341 καὶ
1552 4288 1759 4360 Κυρίου

166 4368 266 4426 τοῦ
298 4372 442 4426 Θεοῦ
494 4390 592 4427 σου
637 4376 738 4427 οὐκ
768 4378 1069 4449 ἐμνήσθης.
1116 4398 1137 4431 ι
1192 4379 1363 4432 Ἔνθα
1386 4380 1452 4450 δὴ
1482 4380 1576 4433 καὶ
1592 4380 1759 4433 αὑτοῦ

166 4462 362 4537 Ἰησοῦ
386 4462 485 4518 τοῦ
504 4466 759 4538 Σωτῆρος
783 4468 942 4539 ἡμῶν
978 4470 1251 4542 μέμνηται
1275 4473 1308 4541 ἡ
1354 4471 1615 4540 Έδραῖκὴ
1650 4489 1761 4537 φω-

1874 3272 2210 3326 Salvatorem
2252 3280 2429 3335 tuum,
2458 3279 2511 3324 et
2549 3268 2764 3325 Domini
2814 3270 3078 3338 adjutoris
3111 3271 3187 3325 tui
3228 3284 3332 3324 non
3362 3285 3450 3324 re-

1872 3366 2128 3419 cordatus
2173 3378 2254 3419 es.
2298 3362 2530 3433 Pr0pter
2576 3364 2678 3418 hoc
2730 3362 3002 3433 plantabis
3060 3364 3450 3433 plantationem

1874 3455 2258 3522 inﬁdelem,et
2305 3470 2488 3509 semen
2536 3454 2772 3511 inﬁdele.
2823 3454 2919 3508 Die
2962 3466 3143 3510 autem
3187 3454 3277 3508 illa
3303 3495 3317 3516 .
3346 3470 3451 3524 qua

1872 3550 2170 3618 plautabis,
2202 3548 2433 3602 errabis.
2465 3547 2621 3603 Mane
2648 3561 2780 3601 vero
2815 3548 2861 3601 si
2892 3548 3265 3614 seminaveris,
3292 3545 3453 3601 ﬂore-

1873 3639 1950 3695 bit
1972 3644 2025 3696 in
2060 3656 2312 3704 messem,
2338 3656 2443 3711 qua
2473 3641 2560 3695 die
2595 3640 2965 3694 [nereditatem
2999 3639 3201 3693 adibis:
3235 3647 3289 3694 et
3333 3648 3452 3692 tan-

1873 3750 2035 3804 quam
2094 3744 2249 3803 pater
2296 3733 2536 3787 hominis
2598 3731 2969 3787 haereditatem
3018 3731 3266 3785 sortieris
3324 3730 3453 3785 ﬁliis

1876 3826 2011 3879 tuis.
2046 3845 2064 3877 ι
2094 3825 2559 3893 Quemadmodum
2608 3824 2777 3888 enim,
2814 3824 3005 3892 inquit,
3043 3824 3147 3877 illis
3176 3822 3453 3892 pereunti-

1872 3918 1993 3982 bus,
2028 3918 2345 3972 accedentes
2383 3916 2474 3970 alii
2520 3931 2709 3971 eorum
2751 3914 2911 3969 urbes
2946 3923 3003 3970 et
3034 3919 3283 3985 regiones
3309 3917 3451 3969 obti-

1873 4014 2139 4069 nuerunt,
2170 4005 2248 4058 sic
2277 4013 2333 4058 et
2356 4003 2521 4057 urbes
2554 4014 2679 4066 tute,
2707 4003 2865 4058 vobis
2885 4005 3077 4074 ejectis
3101 4019 3164 4058 ac
3191 4004 3450 4073 depulsis,

1874 4101 2062 4155 incolis
2102 4101 2223 4155 aliis
2272 4099 2647 4168 replebuntur.
2684 4117 2702 4149 ι
2741 4098 2806 4152 Ει
2834 4108 2995 4153 erunt
3030 4100 3284 4165 desertae,
3322 4098 3452 4167 quia

1872 4192 2204 4261 dereliquisti
2236 4191 2403 4246 Deum
2435 4198 2773 4243 servatorem
2808 4200 2958 4243 tuum
2982 4231 2999 4254 ,
3026 4201 3081 4244 et
3115 4189 3323 4244 Domini
3356 4189 3451 4244 Dei

1871 4286 1949 4338 tui
1976 4286 2297 4339 recordatus
2324 4299 2431 4341 non
2459 4299 2539 4339 es.
2579 4298 2600 4333 ι
2630 4280 2731 4335 Hic
2750 4297 2881 4337 vero
2908 4282 3082 4350 ipsum
3114 4281 3298 4337 .lesum
3329 4280 3454 4336 Sal-

1871 4384 2111 4430 valorem
2143 4383 2388 4429 nostrum
2412 4374 2681 4431 Hebraica
2713 4390 2815 4429 vox
2859 4384 3290 4428 commemorat:
3327 4389 3452 4428 nam

1868 4465 1997 4521 Jesu
2038 4482 2233 4523 nomen
2263 4469 2319 4522 in
2349 4466 2596 4522 Graecam
2628 4467 2868 4536 linguam
2909 4466 3229 4521 translatum
3258 4462 3453 4520 Salva-

172 4557 267 4627 νή·
288 4556 535 4627 σωτῆρα
560 4558 673 4630 γὰρ
688 4560 840 4629 δηλοῖ
864 4561 927 4614 τὸ
949 4561 1123 4631 Ἰησοῦ
1160 4561 1333 4631 δνομα
1365 4564 1446 4625 είς
1470 4563 1568 4633 τὴν
1586 4563 1763 4615 Ἐλλά-

1870 4567 2034 4612 torem
2063 4557 2353 4629 signiﬁcat.
2387 4558 2512 4613 llaec
2536 4574 2665 4613 vero
2696 4559 2752 4613 itt
2782 4573 2947 4612 causa
2984 4560 3099 4612 fore
3125 4558 3225 4621 ait,
3245 4554 3453 4625 utipsis

168 4648 240 4701 δι
283 4647 537 4715 τλῦττιν
575 4651 1036 4723 ἐριαινευόμενον.
1076 4655 1189 4706 Καὶ
1228 4653 1389 4706 τοῦτο
1443 4654 1639 4717 αιτιον,
1684 4654 1767 4707 διὸ

175 4739 556 4811 συμόήασθαι
582 4743 767 4808 αὐτοῖς
804 4745 877 4798 τὰ
919 4745 1285 4818 πφλεχθὲντα
1306 4746 1503 4811 πάντα,
1530 4747 1765 4818 εἴρηται,

173 4832 311 4885 διότι
335 4833 629 4887 κατέλιπον
656 4835 750 4889 τὸν
778 4836 911 4891 Θεὸν
927 4839 1021 4892 τὸν
1042 4838 1273 4910 Σωτῆρα
1295 4839 1496 4905 αὐτῶν,
1533 4841 1628 4893 καὶ
1653 4842 1767 4893 Κυ-

177 4924 298 4994 ρίου
349 4922 451 4977 τοῦ
493 4924 722 4978 πάντοτε
767 4926 964 4998 βοηθοῦ
1018 4930 1196 4983 αὐτῶν
1248 4930 1349 4983 οὐκ
1398 4931 1764 5003 ἐμνήσθησαν.

186 5014 359 5068 Έωὰν
386 5010 505 5079 οὖν,
538 5016 692 5088 φησὶ,
736 5018 798 5071 τὸ
844 5020 1068 5090 σπέρμα
1102 5020 1261 5074 τοῦτο
1291 5021 1351 5073 τὸ
1396 5022 1621 5075 ἄπιστον
1662 5026 1757 5077 καί

172 5102 271 5175 τὴν
307 5104 531 5173 φυτείαν
552 5100 650 5177 τὴν
668 5107 894 5162 ἄπιστον
918 5112 1148 5181 σπείρης
1179 5113 1237 5163 ὲν
1258 5113 1323 5181 τῇ
1347 5112 1570 5165 σεαυτοῦ
1586 5113 1754 5185 ψυχῇ,

174 5196 301 5250 τάξι
338 5196 684 5271 πλανηθήσιγ
714 5201 763 5253 εἰ
800 5199 878 5264 δὲ,
913 5202 1231 5271 μεταϐαλὼν
1248 5202 1341 5255 ἐπὶ
1366 5202 1461 5273 τὴν
1488 5204 1759 5257 ἀνατείλα-

174 5302 278 5341 dav
322 5286 404 5357 τῷ
430 5288 620 5360 κόσμῳ
650 5291 862 5363 πρωῒαν
889 5291 985 5345 τοῦ
1032 5294 1208 5362 φωτὸς
1233 5294 1329 5347 τοῦ
1380 5295 1754 5364 εὑαγγελικοῦ,

172 5378 364 5449 ἓτερον
386 5379 610 5451 σπέρμα
647 5381 910 5437 κατάθοιο
941 5387 1009 5456 τῇ
1043 5385 1240 5439 σαυτοῦ
1273 5387 1501 5457 διανοίᾳ,
1532 5388 1659 5459 περὶ
1697 5383 1758 5442 οὗ

174 5468 425 5524 λέλεκται
468 5473 527 5525 ὲν
560 5473 934 5544 Εὑαγγελίοις’
981 5494 1000 5526 t
1042 5474 1293 5545 Ἐξῆλθεν
1321 5478 1349 5529 ὁ
1378 5476 1616 5547 σπείρων
1667 5478 1759 5531 τοῦ

257 5586 307 5619 ’³
331 5586 524 5645 ﬂattb.
554 5606 679 5658 xm,
709 5591 764 5650 3.
839 5591 886 5625 "
917 5593 1048 5650 ibid.
1078 5594 1171 5650 24.

1864 4651 2125 4719 praedicta
2140 4650 2325 4705 omnia
2346 4650 2694 4720 contingant,
2703 4648 2832 4718 quia
2856 4648 3269 4716 dereliquerunt
3281 4647 3452 4700 Deum

1866 4742 2210 4797 Salvatorem
2254 4758 2413 4798 suum
2440 4784 2455 4805 ,
2486 4752 2542 4797 et
2568 4743 2780 4798 Domini
2821 4741 3087 4811 adjutoris
3126 4754 3342 4808 semper
3368 4738 3453 4793 sui

1868 4851 1974 4889 non
2009 4836 2397 4889 meminerunt.
2444 4834 2581 4889 Cum
2612 4836 2835 4905 itaque,
2862 4836 2975 4897 ait,
3009 4833 3112 4887 boc
3139 4847 3325 4885 semen
3370 4832 3455 4885 in-

1869 4928 2172 4992 credulum,
2198 4938 2253 4983 et
2278 4929 2422 4983 bane
2448 4927 2722 4983 inﬁdelem
2752 4928 3146 4999 plantatiouem
3183 4928 3238 4979 in
3267 4925 3449 4980 anima

1872 5031 1963 5075 tua
1996 5021 2352 5076 seminaveris
2373 5062 2387 5086 ,
2414 5031 2526 5077 tum
2559 5022 2807 5087 errabis;
2843 5023 2927 5077 sin
2963 5032 3144 5075 autem
3172 5021 3454 5076 exoriente

1868 5114 1922 5167 in
1958 5115 2158 5169 mundo
2192 5115 2491 5185 evangelici
2523 5114 2744 5169 luminis
2775 5113 3037 5178 diluculo,
3084 5124 3288 5167 mutata
3323 5130 3451 5169 sen-

1873 5207 2042 5260 tentia
2078 5206 2224 5260 aliud
2254 5221 2439 5262 semen
2472 5208 2527 5261 in
2556 5216 2739 5261 mente
2771 5214 2860 5259 tua
2886 5204 3107 5274 jeceris,
3138 5205 3205 5259 de
3232 5222 3342 5275 quo
3368 5207 3451 5259 di-

1870 5308 2015 5353 ctum
2043 5307 2130 5352 est
2157 5298 2213 5352 in
2242 5297 2580 5369 Evangeliis,
2614 5317 2635 5350 ‹
2670 5296 2818 5351 Exiit
2862 5298 2952 5366 qui
3006 5300 3242 5351 seminat
3287 5302 3450 5351 smni-

1871 5404 2003 5446 nare
2029 5390 2108 5457 ";
2146 5408 2165 5441 a
2197 5398 2274 5451 et,
2302 5408 2322 5441 ι
2358 5388 2551 5444 Simile
2582 5387 2783 5443 factum
2812 5398 2897 5442 est
2934 5404 3159 5458 regnum
3188 5386 3452 5441 cmlorum

1871 5482 2078 5537 bomini
2108 5482 2400 5539 seminanti
2440 5480 2642 5537 bonum
2685 5496 2868 5535 semen
2905 5482 2957 5534 in
3002 5496 3132 5551 agro
3172 5496 3270 5534 suo
3297 5478 3379 5543 3°;
3428 5498 3446 5529 ι

249 5680 511 5765 (im-llaec
563 5688 685 5762 ipsa
732 5687 1099 5761 Hieronymus
1130 5692 1196 5749 ad
1241 5693 1383 5751 hunc
1429 5691 1605 5750 locum
1667 5696 1759 5765 qui
1801 5705 1967 5753 totam
2038 5696 2248 5753 Eusebii
2319 5695 2645 5751 sententiam
2675 5704 2734 5751 ut
2778 5707 2931 5751 suam
2972 5692 3182 5749 extulit.
3216 5689 3349 5747 Vide
3388 5685 3450 5744 in

178 5749 504 5815 Prtfa'tione.
