4120 6294
779 289 876 346 ΞΗ

1500 283 1761 340 EUSEBII
1800 283 2264 342 CESARIENSIS
2299 280 2448 338 OPP.
2489 281 2664 339 PARS
2703 285 2787 340 Ill.
2830 315 2901 326 -—
2935 284 3341 344 EXEGETICA.

3869 284 4020 340 919.

779 416 972 458 etcum
1007 415 1058 453 tn
1090 399 1304 469 propria
1336 397 1456 454 luce
1478 399 1700 477 orientis
1733 401 1976 454 matutini
2015 399 2140 452 solis
2164 398 2303 465 justi-

2421 397 2658 463 σπεῖραι·
2699 416 2717 447 ι
2763 397 2875 459 καὶ,
2917 415 2936 446 ‹
2977 396 3239 468 Ὡμοιώθη
3277 395 3578 468 ἡβασιλεεα
3600 396 3709 450 τῶν
3733 396 4022 470 οὐρανῶν

779 494 864 546 tite
913 487 1100 551 fueris,
1140 489 1189 541 itt
1250 497 1301 541 te
1355 487 1417 542 ad
1469 503 1697 542 messem
1750 487 1994 552 florebit,
2036 491 2106 542 ita
2156 499 2213 542 ut
2254 489 2316 541 iis

773 579 1056 642 omnibus,
1123 578 1210 647 qui
1294 576 1385 630 tibi
1469 592 1562 644 per
1646 576 1936 630 salutarem
2018 578 2315 632 doctrinam

771 672 1063 724 secundum
1105 671 1265 724 Deum
1306 666 1413 720 nati
1473 667 1702 730 fuerint,
1748 679 1949 722 sortem
1989 668 2185 723 bonam
2222 669 2318 722 tri—

773 761 924 816 lmas.

847 1031 1001 1085 Vsus.
1021 1031 1137 1084 £24
1153 1032 1239 1084 Va:
1265 1030 1582 1084 multitudini
1607 1031 1841 1100 gentium
1861 1031 2172 1084 multarum.
2194 1029 2311 1086 Sic-

771 1130 830 1174 ut
878 1135 1023 1173 mare
1058 1118 1336 1182 ﬂuctuans,
1372 1119 1448 1173 sic
1481 1119 1846 1173 turbabimini.
1883 1137 1903 1170 ι
1939 1118 2225 1188 Postquam
2247 1119 2314 1174 de

768 1211 1119 1265 conversione
1171 1210 1400 1279 gentium
1447 1212 1513 1262 ad
1561 1210 1760 1273 Deum,
1809 1217 1861 1262 et
1904 1209 1970 1263 de
2010 1208 2312 1265 Judarorum

766 1302 1139 1356 incredulitate
1186 1316 1308 1371 erga
1369 1300 1639 1354 Christum
1699 1300 2019 1354 vaticinatus
2087 1310 2199 1365 est,
2245 1301 2311 1354 ad

764 1391 1153 1446 multitudinem
1182 1393 1412 1460 gentium
1445 1391 1770 1459 pertransit,
1809 1405 1928 1459 quae
1969 1407 2090 1446 cum
2122 1393 2174 1446 in
2201 1393 2311 1459 ipsa

766 1483 1044 1549 Damasco,
1064 1493 1169 1535 tum
1190 1485 1239 1535 in
1259 1482 1377 1535 aliis
1393 1482 1694 1551 regionibus
1717 1483 1767 1536 in
1787 1481 2156 1537 incredulitate
2171 1497 2312 1535 man-

764 1583 936 1636 sura},
966 1581 1019 1624 et
1050 1569 1340 1624 Ecclesiam
1385 1571 1475 1624 Dei
1526 1581 1796 1624 vexatura:
1823 1578 1877 1624 et
1925 1571 2309 1643 impugnatum

761 1680 886 1726 sunt

830 1762 991 1816 Vens.
1030 1759 1114 1813 13.
1152 1774 1170 1809 t
1209 1757 1273 1810 Et
1298 1755 1514 1808 dorsum
1547 1753 1785 1824 gentium
1830 1755 2118 1809 multarum
2167 1756 2306 1810 sicut
2336 1739 2380 1794 Β

761 1868 895 1922 aqua
922 1851 1152 1907 sonabit.
1184 1847 1338 1902 Sicut
1364 1862 1503 1917 aqua
1529 1845 1714 1906 multa.
1741 1853 1923 1916 gentes
1953 1845 2169 1901 multa:
2196 1847 2305 1902 sic-

762 1956 823 1999 ut
851 1959 983 2013 aqua
1019 1943 1068 1996 vi
1102 1940 1356 2010 impulsa.
1397 1957 1415 1990 ι
1450 1937 1905 2004 Quemadmodum
1941 1937 2085 1992 enim
2143 1941 2306 1994 maris

760 2033 916 2087 dorsa
947 2031 1291 2085 tumescentia
1322 2038 1376 2083 et
1405 2028 1456 2080 in
1485 2026 1710 2081 sublime
1741 2026 1902 2092 elata,
1926 2028 2049 2082 dum
2077 2043 2104 2080 a
2135 2030 2307 2084 ventis

759 2125 1068 2192 agitantur,
1115 2130 1279 2185 atque
1339 2120 1657 2184 turbantur,
1707 2120 1939 2176 sonitum
2013 2122 2304 2176 maximum

757 2217 958 2281 edunt,
989 2223 1044 2269 et
1087 2223 1286 2268 metum
1329 2213 1706 2280 navigantibus
1755 2213 2019 2266 incutiunt
2058 2229 2072 2277 ;
2119 2215 2303 2268 eodem

758 2312 917 2363 modo
945 2308 1111 2362 turbae
1139 2306 1454 2375 populorum
1477 2308 1588 2361 sive
1616 2307 1860 2362 Damasci
1879 2309 1991 2362 sive
2015 2310 2065 2362 in
2084 2309 2305 2377 reliquis

756 2399 1085 2470 regionibus,
1107 2399 1158 2451 in
1180 2397 1492 2451 infidelitate
1511 2407 1564 2451 et
1586 2398 1882 2452 idololatria
1916 2411 2213 2461 manentes,
2237 2401 2305 2454 ab

755 2488 1110 2544 invisibilibus
1130 2487 1375 2556 gentibus
1399 2487 1628 2554 agitatae,
1664 2487 1834 2540 instar
1861 2488 2112 2542 ﬂuctuum
2137 2492 2302 2546 maris

758 2581 986 2633 sonitum
1018 2583 1210 2642 edent,
1245 2587 1430 2631 contra
1468 2579 1763 2635 Ecelesiam
1800 2583 1888 2636 Dei
1937 2583 2298 2648 insurgentes.

755 2670 951 2724 Verum
998 2671 1113 2726 illas
1159 2689 1176 2721 ι
1229 2669 1521 2723 eliminabit
1563 2679 1618 2725 et
1653 2673 1831 2741 procul
1876 2673 2190 2742 insequetur
2228 2693 2240 2728 :
2276 2693 2294 2725 ι

752 2764 852 2818 etsi
882 2764 985 2818 illa:
1017 2763 1180 2818 maris
1211 2765 1378 2818 ferme
1403 2765 1576 2819 instar
1606 2775 1789 2819 contra
1811 2765 2145 2820 adversarios
2177 2783 2301 2823 suos

751 2856 947 2909 ﬂuctus
999 2854 1262 2909 attollant.
1298 2854 1466 2910 Dousa
1514 2865 1691 2909 autem
1739 2855 2024 2911 multarum
2061 2859 2296 2928 gentium

754 2947 842 3001 hic
873 2947 988 3001 illas
1018 2955 1315 3015 nuncupat,
1347 2947 1466 3016 quia
1505 2957 1690 3017 gentes
1721 2948 1913 3002 multas
1958 2949 2298 3018 insequentes

2420 485 2688 555 ἀνθρώπῳ
2715 485 2983 557 σπείροντι
3009 486 3167 538 καλὸν
3200 487 3418 558 σπέρμα
3439 490 3494 539 ἐν
3515 487 3591 558 τῷ
3624 487 3736 558 ίδίῳ
3761 488 3963 560 ἀγρῷο
3987 507 4012 538 ι

2418 575 2511 626 καὶ
2543 575 2678 628 ἐπὰν
2713 577 2768 628 ἐν
2793 577 2870 646 τῷ
2904 577 3016 645 ἰδίῳ
3061 577 3196 644 φωτὶ
3225 579 3398 645 γένοιο
3442 578 3542 648 τῆς
3571 579 3811 650 πρωῖνῆς
3847 581 4019 632 ἀνα-

2416 665 2574 734 τολῆς
2601 666 2694 718 τοῦ
2730 666 2877 736 ήλίου
2918 667 3014 736 τῆς
3051 667 3659 739 δικαιοσύνης,-ἀνθήσει
3689 669 3745 722 ἐν
3773 667 3858 722 σοὶ
3902 669 4013 731 εἰς

2417 756 2646 824 ἀμητόν’
2674 755 2749 819 ὼς
2795 757 3111 828 μεταδοῦναι
3141 757 3340 828 κλῆρον
3360 758 3565 827 ἀγαθὸν
3598 760 3689 812 καὶ
3719 759 3834 823 τοῖς
3851 762 4016 812 ἐαυ-

2415 847 2509 899 τοῦ
2540 850 2672 901 πᾶσι
2699 851 2815 913 τοῖς
2850 850 2989 903 κατὰ
3028 848 3158 902 Θεὸν
3193 851 3601 922 γεννησομένοις
3627 851 3712 904 διά
3741 851 3838 922 τῆς
3867 869 4012 905 σω-

2415 939 2604 1009 τηρίου
2624 939 2987 1004 διδασκαλίας.

2491 1050 2509 1081 ι
2550 1031 2688 1084 οὐαὶ
2710 1031 2911 1103 πλῆθος
2935 1031 3102 1085 ἐθνῶν
3129 1031 3355 1086 πολλῶν.
3398 1033 3484 1096 Ὠς
3517 1033 3752 1087 θάλασσα
3782 1034 4013 1105 κυμαί-

2414 1143 2596 1189 νουσα,
2644 1125 2814 1188 οὔτως
2865 1124 3287 1196 ταραχθήσεσθε.
3341 1126 3475 1196 Περὶ⁵
3511 1126 3610 1196 τῆς
3650 1125 3756 1179 τῶν
3800 1126 4004 1180 ἐθνῶν

2414 1216 2505 1268 ἐπὶ
2536 1217 2624 1268 τὸν
2658 1216 2790 1269 Θεὸν
2824 1215 3177 1286 ἐπιστροφῆς,
3224 1215 3318 1268 καὶ¹
3347 1217 3447 1285 τῆς
3491 1218 3570 1280 είς
3597 1217 3685 1270 τὸν
3735 1218 4004 1289 Χριστὸν

2413 1305 2668 1368 ἀπιστίας
2690 1304 2784 1357 τοῦ
2824 1305 3086 1358 Ἰουδαίων
3112 1303 3295 1368 ἔθνους
3328 1303 3588 1370 θεσπίσας
3619 1307 3646 1356 ὁ
3670 1305 3842 1374 λόγος,
3875 1322 4008 1375 με·

2411 1396 2651 1449 ταὸαίνει
2673 1397 2763 1448 ἐπὶ
2791 1395 2860 1448 τά
2887 1396 3063 1467 πλήθη
3093 1395 3200 1448 τῶν
3221 1393 3407 1461 ἐθνῶν,
3433 1398 3489 1449 ἐν
3517 1399 3653 1467 αὐτῇ
3685 1414 3740 1450 τε
3773 1400 3838 1467 τῇ
3863 1399 4007 1450 Δα-

2415 1485 2608 1555 μασκῷ
2635 1487 2728 1538 καὶ
2759 1488 2876 1548 ταῖς
2915 1486 3124 1548 λοιπαῖς
3169 1485 3368 1556 χώραις
3392 1489 3448 1541 ἐν
3486 1489 3709 1558 ἀπιστίᾳ
3743 1488 4003 1558 ἀπομει-

2409 1575 2632 1639 νάντων,
2675 1577 2769 1629 καὶ
2809 1577 2907 1644 τὴν
2953 1576 3272 1645 Ἐκκλησίαν
3307 1576 3398 1629 τοῦ
3447 1577 3577 1630 Θεοῦ
3610 1578 3847 1632 ἐλαύνειν
3877 1579 4004 1630 καὶ

2409 1665 2707 1737 πολιορκεῖν
2735 1666 3048 1737 μελλόντων.

2483 1777 2502 1810 t
2532 1759 2639 1811 Καὶ
2678 1758 2842 1821 νῶτος
2888 1757 3054 1811 ἐθνῶν
3105 1758 3310 1810 πολλῶν
3347 1759 3421 1821 ὡς
3456 1758 3596 1830 ὕδωρ
3639 1760 3844 1831 ήχήσει·
3900 1759 4002 1823 ὡς

2408 1849 2551 1921 ὕδωρ
2571 1850 2728 1913 πολὺ,
2763 1851 2888 1918 ἔθνη
2923 1849 3110 1908 πολλὰ,
3143 1849 3219 1912 ὼς
3243 1849 3432 1912 ὓδατος
3459 1849 3652 1902 πολλοῦ
3687 1850 3777 1920 βία
3809 1866 4000 1920 φερο-

2409 1938 2590 2010 μένου.
2625 1957 2643 1990 ι
2692 1939 2780 2001 Ὠς
2799 1939 2906 2009 γάρ
2939 1937 3212 2008 θαλάσσης
3231 1938 3298 1990 τά
3335 1937 3477 1990 νῶτα
3496 1937 3854 2008 κυρτούμενα,
3879 1936 4000 1990 καὶ

2412 2032 2493 2094 είς
2526 2029 2657 2099 ὕψος
2684 2029 2965 2100 αἰρόμενα,
2989 2031 3046 2080 ἐν
3076 2027 3154 2098 τῷ
3193 2027 3544 2098 χειμάζεσθαι
3578 2028 3671 2080 καὶ
3700 2027 3992 2099 ταράσσε-

2407 2125 2530 2179 σθαι
2561 2126 2665 2178 ὑπὸ
2699 2124 2933 2194 ἀνέμων,
2965 2118 3096 2194 ἦχον
3133 2123 3386 2192 μέγιστον
3416 2120 3632 2189 ἐμποιεῖ
3675 2118 3766 2170 καὶ
3805 2116 3998 2185 φόϐον

2404 2220 2517 2281 τοῖς
2532 2217 2800 2270 πλέουσιν·
2825 2213 2967 2268 οὕτω
2992 2212 3085 2266 xal.
3113 2211 3181 2265 τά
3204 2209 3380 2282 πλήθη
3408 2208 3515 2262 τῶν
3546 2211 3602 2262 ἐν
3656 2210 3788 2278 αὐτῇ
3815 2225 3876 2260 τε
3904 2211 3991 2279 τῇ

2403 2305 2677 2378 Δαμασκῷ
2703 2306 2795 2359 καὶ
2815 2307 2932 2367 ταῖς
2959 2303 3171 2367 λοιπαῖς
3192 2301 3395 2374 χώραις
3415 2303 3499 2355 ἐπ’
3532 2300 3756 2372 ἀπιστίᾳ
3779 2300 3874 2354 καὶ
3889 2301 3984 2353 εἱ-

2402 2397 2758 2469 δωλολατρείᾳ
2817 2396 3079 2467 μενόντων
3149 2394 3336 2460 ἐθνῶν,
3392 2395 3498 2448 ὑπὸ
3552 2394 3659 2447 τῶν
3725 2394 3991 2464 ἀοράτων

2404 2488 2569 2541 ἐθνῶν
2616 2487 2995 2559 ἐνεργούμενα,
3047 2486 3202 2559 δίκην
3239 2485 3496 2556 κυμάτων
3518 2485 3790 2556 θαλάσσης
3825 2484 3991 2556 ἠχή-

2406 2597 2572 2645 σουσι,
2595 2581 2734 2632 κατά
2762 2581 2860 2650 τῆς
2901 2579 3224 2648 Ἐκκλησὶας
3243 2577 3336 2631 τοῦ
3366 2577 3500 2631 Θεοῦ
3541 2576 3984 2646 ἐπανιστάμενα.

2409 2691 2427 2722 ι
2459 2674 2566 2725 Καὶ
2595 2674 2988 2743 άποσκορακιεῖ
3031 2672 3245 2734 αὐτοὺς,
3290 2671 3385 2724 καὶ
3624 2671 3816 2734 αὐτοὺς
3843 2667 3992 2724 διώ-

2401 2763 2565 2830 ξεταιο
2594 2783 2611 2816 ι
2650 2763 2925 2834 μονονουῄ
2955 2762 3226 2832 θαλάσσης
3250 2763 3403 2834 δίκην
3425 2763 3532 2816 τῶν
3563 2761 3989 2833 ἀνθεστηκότων

2401 2856 2914 2926 κατακυμαίνοντες.
2949 2854 3134 2907 Νῶτον
3165 2854 3220 2906 δὲ
3262 2855 3458 2917 αὐτοὺς
3485 2852 3693 2907 πολλῶν
3718 2851 3888 2908 ἐθνῶν
3915 2855 3987 2906 ἐν

2397 2948 2605 3009 τούτοις
2625 2947 2907 3008 ἀποκαλεῖ,
2934 2946 3021 2999 διὰ
3052 2945 3112 2998 τὸ
3128 2944 3295 2998 πολλὰ
3321 2943 3604 2999 διώκεσθαι
3632 2947 3756 3016 παρ’
3785 2945 3986 2999 αὐτῶν

755 3038 975 3091 instant.
1003 3035 1102 3102 Qui
1144 3050 1270 3090 vero
1317 3035 1710 3106 insequuntur,
1743 3055 1770 3092 a
1808 3049 1954 3106 tergo
1989 3049 2042 3093 et
2079 3053 2108 3092 a
2141 3043 2298 3094 dorso

2401 3037 2545 3106 ἔθνη.
2572 3037 2835 3107 Τρέχουσι
2865 3037 2921 3089 δὲ
2961 3035 3100 3088 κατὰ
3119 3037 3286 3090 νώτου
3316 3035 3490 3108 πάντη
3524 3052 3582 3088 τε
3613 3037 3706 3088 καὶ
3749 3036 3984 3101 πάντως

754 3124 1067 3193 fugientium
1111 3125 1325 3179 omnino
1366 3137 1607 3181 currunt.
1648 3146 1667 3179 ι
1705 3129 1769 3183 Et
1807 3129 2107 3186 eliminabit
2133 3131 2295 3196 illum,

750 3227 805 3269 et
829 3217 982 3286 longe
1015 3218 1184 3286 ipsum
1211 3227 1576 3287 persequetur.
1623 3238 1642 3270 ι
1688 3219 1744 3273 ld
1779 3231 1895 3286 est,
1943 3231 2086 3276 retro
2125 3225 2301 3276 mittet

749 3314 806 3358 et
849 3305 1018 3374 ipsum
1061 3319 1427 3376 persequetur.
1461 3306 1768 3365 Secundum
1809 3313 2054 3381 Aquilam
2099 3323 2297 3378 autem,

755 3411 775 3443 ‹
806 3393 1232 3451 Comminahitur
1261 3398 1377 3461 illi,
1412 3408 1465 3452 et
1501 3399 1667 3468 fugiet
1705 3401 1860 3473 longe
1892 3419 1905 3466 ;
1943 3421 1961 3453 ι
2003 3406 2296 3459 secundum

753 3486 1128 3556 Symmachum
1178 3503 1344 3555 vero,
1395 3511 1411 3541 ‹
1452 3492 1516 3544 Et
1567 3492 1817 3548 infremet
1871 3495 2008 3562 ipsi,
2038 3505 2092 3551 et
2134 3497 2299 3567 fugiet

750 3577 957 3643 procul.
988 3595 1006 3626 ι
1052 3577 1146 3632 Cui
1176 3592 1350 3635 autem
1382 3597 1568 3636 eorum
1601 3585 1851 3640 infremet
1879 3599 1966 3640 aut
2000 3591 2295 3644 commina-

749 3666 914 3732 bitur,
953 3667 1049 3720 nisi
1081 3670 1346 3737 praedicta:
1377 3671 1671 3725 infidelium
1703 3676 2016 3741 potutlorum
2050 3681 2215 3747 genti,
2244 3690 2297 3734 et

749 3757 917 3821 ipsam
949 3758 1168 3828 agitanti
1197 3761 1454 3816 diabolo?
1486 3763 1616 3830 Quis
1640 3775 1816 3819 autem
1844 3768 1974 3836 ipsis
2005 3774 2296 3826 commina-

749 3845 914 3909 bitur,
947 3850 1046 3902 nisi
1077 3852 1120 3903 is
1154 3852 1217 3904 de
1246 3868 1350 3920 quo
1381 3855 1575 3907 dictum
1607 3864 1689 3909 est
1725 3875 1736 3908 :

828 3937 987 3992 Vens.
1017 3939 1100 3993 M.
1139 3958 1156 3989 ι
1192 3935 1615 3997 Comminabitur
1662 3943 1917 4000 Dominus
1967 3948 2018 4000 in
2072 3959 2160 4015 te,
2207 3955 2293 4019 qui

765 4026 926 4095 elegit
970 4027 1282 4084 Jerusalem.
1312 4032 1391 4085 Ad
1434 4049 1711 4104 vesperam
1761 4037 1862 4089 erit
1905 4037 2115 4104 luctus,
2149 4054 2296 4096 ante-

761 4134 921 4189 quam
950 4121 1017 4174 sit
1044 4121 1350 4189 diluculum,
1372 4133 1426 4176 et
1450 4139 1550 4178 non
1588 4128 1708 4180 erit.
1741 4127 1862 4182 Haec
1909 4130 2082 4197 portio
2110 4145 2292 4185 eorum

753 4211 843 4280 qui
881 4212 1108 4281 populati
1139 4222 1264 4267 sunt
1292 4229 1427 4269 vos:
1459 4217 1740 4272 hereditas
1765 4234 1950 4273 eorum
1989 4225 2078 4290 qui
2115 4239 2210 4277 vos
2244 4225 2292 4278 iu

745 4297 1106 4356 hereditatem
1149 4304 1522 4371 possederunt.
1557 4325 1575 4357 ι
1629 4305 1698 4360 lis
1740 4310 1934 4378 quippe
1982 4314 2072 4381 qui
2123 4314 2296 4369 instar

2399 3128 2506 3180 τῶν
2540 3129 2842 3196 φευγόντων
2893 3129 2941 3181 οί
2994 3127 3297 3190 διώκοντες.
3341 3148 3357 3180 t
3417 3129 3529 3180 Kal.
3576 3128 3983 3199 ἀποσκορακιεί

2399 3221 2578 3283 αὑτὸν,
2611 3221 2701 3272 καὶ
2729 3221 2916 3291 mpetu
2944 3219 3102 3272 αὐτὸν
3129 3218 3393 3283 διώξεται.
3425 3237 3444 3270 ι
3471 3219 3772 3282 Τουτέστιν,
3791 3220 3980 3276 ὀπίσω

2399 3309 2622 3380 πέμψει,
2665 3309 2759 3362 καὶ
2792 3309 2953 3361 αὑτὸν
2997 3307 3262 3371 διώξεται.
3299 3308 3453 3361 Κατά
3496 3308 3552 3360 δὲ
3577 3309 3666 3361 τὸν
3711 3309 3976 3375 Ἀκύλαν,

2403 3418 2422 3448 ι
2466 3400 2804 3470 Ἐπιτιμήσει
2838 3401 2893 3452 ἐν
2909 3398 3076 3468 αὐτῷ,
3107 3400 3199 3451 καὶ
3235 3398 3486 3468 φεύξεται
3521 3401 3754 3470 μακράψ
3782 3420 3799 3451 ι
3821 3404 3978 3457 κατὰ

2395 3489 2450 3540 δὲ
2467 3491 2554 3541 τὸν
2588 3491 2900 3560 Σύμμαχον,
2931 3510 2949 3541 ι
2977 3491 3084 3543 Καὶ
3115 3489 3511 3561 ἐμϐριμήσεται
3544 3491 3801 3562 αὐτῷκαὶ
3832 3493 3976 3561 φεύ-

2397 3579 2542 3645 ξεται
2565 3581 2768 3651 πόρρω.
2812 3600 2829 3632 ι
2857 3582 2972 3633 Τίνι
3003 3581 3058 3634 δέ
3096 3580 3272 3635 αὐτῶν
3302 3581 3752 3654 ἐμϐριμήσεταιῆ
3784 3586 3973 3637 ἐπιτι-

2399 3672 2649 3740 μήσεται,
2673 3673 2706 3740 ἢ
2732 3672 2808 3741 τῷ
2838 3672 3182 3743 προλεχθέντι
3220 3673 3358 3725 ἔθνει
3378 3672 3486 3724 τῶν
3512 3673 3753 3727 ἀπίστων
3792 3675 3966 3741 λαῶν,

2395 3763 2488 3815 καὶ
2518 3762 2595 3832 τῷ
2645 3762 2868 3827 τούτους
2899 3763 3204 3834 ἐνεργοῦντι
3255 3764 3518 3835 διαϐόλῳ;
3555 3764 3649 3828 Τίς
3679 3767 3735 3819 δέ
3774 3769 3970 3832 αὐτοῖς

2394 3853 2702 3923 ἐπιτιμήσει
2725 3854 2836 3906 ἀλλ’
2867 3855 2899 3925 ἢ
2928 3857 3132 3917 ἐκεῖνος
3165 3858 3292 3926 περὶ
3320 3852 3378 3909 οὗ
3413 3856 3648 3926 εἴρηται,

2467 3965 2486 3998 ι
2537 3948 2878 4018 Ἐπιτιμήσει
2914 3948 3115 4016 Κύριος
3146 3950 3201 4000 ἐν
3233 3948 3316 4000 σοὶ
3347 3949 3700 4020 ἐκλεξάμενος
3732 3952 3829 4021 τὴν
3857 3951 3962 4004 Ἰε-

2396 4037 2693 4107 ρουσαλήμ.
2727 4038 2870 4108 Πρὸς
2910 4037 3148 4110 ἑσπέραν
3182 4037 3334 4091 ἔσται
3361 4039 3553 4102 πένθος
3590 4043 3752 4112 πρινὴ
3788 4043 3958 4113 πμυῒ.

2394 4122 2486 4173 καὶ
2529 4123 2629 4175 οὑκ
2659 4123 2827 4176 ἔσται.
2855 4123 3000 4196 Αὕτη
3031 4127 3064 4194 ή
3115 4127 3268 4198 μερὶς
3321 4128 3428 4180 τῶν
3475 4130 3961 4200 προνομευσάντων

2393 4213 2556 4282 ὑμᾶς,
2587 4213 2921 4284 κληρονομία
2958 4217 3072 4278 τοῖς
3119 4216 3567 4288 κληρονομήσασι.
3627 4237 3646 4271 ι
3690 4220 3812 4284 Τοῖς
3842 4223 3960 4295 γάρ

2392 4304 2545 4376 δίκην
2574 4305 2842 4376 θαλάσσης
2871 4306 3233 4378 κυμαινούσης
3266 4309 3648 4380 κατεπαρθεῖσι
3683 4313 3780 4383 τῆς
3828 4314 3957 4367 Ἐκ-

743 4393 910 4445 maris
936 4391 1246 4446 ﬂuctuantis
1273 4404 1456 4448 contra
1488 4396 1780 4454 Ecelesiam
1808 4417 1926 4457 sese
1961 4405 2291 4472 extulerunt,

2401 4397 2619 4467 κλησίας
2646 4397 2780 4469 πρὸς
2803 4401 2869 4469 τῇ
2890 4399 3036 4451 δύσει
3057 4398 3151 4452 τοῦ
3170 4399 3282 4469 βίου
3299 4400 3394 4454 καὶ
3414 4401 3549 4472 πρὸς
3563 4402 3710 4473 αὑτῷ
3723 4404 3798 4475 τῷ
3811 4405 3955 4460 τέλει

743 4479 798 4533 in
825 4495 1020 4534 occasu
1053 4482 1169 4536 vitae
1191 4523 1206 4549 ,
1238 4492 1291 4537 et
1319 4485 1371 4538 in
1421 4487 1534 4555 ipso
1564 4488 1672 4544 fine
1710 4490 1882 4546 luctus
1911 4495 2122 4562 aderit,
2168 4499 2291 4568 quia

745 4583 851 4622 non
884 4569 1020 4624 ultra
1062 4581 1243 4626 erunt.
1275 4571 1408 4627 Nam
1459 4576 1510 4629 in
1563 4577 1741 4635 futuro
1787 4584 1980 4639 saeculo
2024 4602 2158 4641 nova
2203 4589 2290 4641 lux

741 4659 962 4716 orientis
983 4671 1032 4716 et
1061 4664 1306 4718 matutini
1337 4673 1463 4720 tunc
1485 4668 1550 4722 ad
1580 4669 1832 4726 ultionem
1867 4674 2142 4730 ferendam
2171 4676 2290 4730 illu-

741 4751 902 4805 cebit.

1287 4846 1509 4904 CAPUT
1546 4849 1726 4904 XVIII.

813 4931 969 4987 Vens.
998 4935 1120 5000 με.
1157 4954 1175 4986 ι
1208 4935 1300 4990 Vae
1326 4950 1480 4995 terra:
1508 4943 1746 5004 navium,
1773 4944 1869 4999 alae
1900 4945 2035 4999 ultra
2067 4947 2283 5002 ﬂumina

737 5022 1061 5090 EthiOpiaz;
1099 5026 1187 5094 qui
1225 5028 1384 5081 mittit
1411 5031 1463 5083 in
1499 5047 1646 5084 mare
1672 5033 1918 5101 obsides,
1945 5047 2001 5090 et
2030 5040 2284 5107 epistolas

737 5115 964 5168 biblinas
1004 5131 1160 5184 supra
1211 5134 1423 5186 aquam.
1476 5141 1494 5173 ›
1549 5123 1697 5179 Unde;
1745 5125 1943 5179 factum
1991 5136 2048 5181 ut
2098 5145 2284 5184 omnes

743 5204 932 5271 ubique
961 5203 1124 5260 Judaei
1177 5211 1375 5276 pariter
1419 5221 1469 5264 et
1499 5229 1604 5267 uno
1661 5231 1920 5271 consensu
1963 5218 2282 5275 Christianae

743 5295 991 5349 doctrinae
1017 5301 1485 5357 coutradicerent?
1523 5306 1575 5358 In
1607 5315 1847 5360 veterum
1889 5314 2102 5379 scriptis
2129 5329 2282 5382 repe-

953 5471 1061 5557 Hiti
1078 5473 1360 5557 Eusebium
1388 5481 1581 5557 acerbe
1603 5485 1786 5557 carpit
1815 5483 2280 5557 Hieronymus-liis

744 5541 936 5627 Ire-ruis,
969 5559 987 5592 ι
1020 5541 1278 5627 §_us_ebius
1303 5541 1983 5627 Czesariensisltistoricam
2013 5541 2276 5627 ἵππιοι-βιοῖ

741 5614 990 5690 tationem
1019 5614 1168 5690 titulo
1193 5621 1594 5690 repromittens,
1623 5623 1848 5676 diversis
1882 5627 2124 5680 sensibus
2152 5614 2277 5683 evru-

737 5685 890 5744 gatur
913 5695 925 5734 :
947 5685 1100 5750 cujus
1119 5698 1236 5740 cum
1259 5686 1423 5744 libros
1447 5689 1699 5759 legerem,
1720 5693 1858 5748 aliud
1891 5695 2053 5751 multo
2082 5701 2273 5770 reperi,

2396 4487 2582 4552 πένθος
2617 4489 2817 4552 ἔσεται,
2840 4491 2918 4542 ὅτι
2946 4490 3126 4543 οὐκέτι
3175 4491 3493 4562 ὑπάρχουσι’
3533 4494 3672 4548 κατά
3701 4495 3790 4548 τὸν
3825 4497 3957 4567 μέλ-

2393 4579 2548 4633 λοντα
2593 4576 2784 4644 αίῶνα,
2840 4580 2961 4635 νέου
2993 4581 3171 4648 φωτὸς
3207 4583 3465 4653 ἀνατολῆς
3505 4587 3599 4639 καὶ
3630 4587 3839 4658 πρωίας
3891 4590 3956 4643 τὸ

2392 4671 2688 4742 τηνικαῦτα
2709 4674 2829 4734 ταῖς
2842 4671 3016 4733 δίκαις
3047 4671 3465 4743 ἐπιλάμψαντος.

2890 4858 3278 4913 ΚΕΦΑΛΑῙΟΝ
3337 4863 3441 4915 IH'.

2463 4968 2482 4998 ι
2518 4949 2652 5001 Οὐαὶ
2702 4949 2805 5017 γῆς
2853 4948 3068 5013 πλοίων,
3112 4952 3375 5022 πτέρυγες
3403 4953 3658 5009 ἐπέκεινα
3689 4960 3949 5030 ποταμῶν

2388 5040 2686 5102 Αἰθιοπίας⁹
2718 5041 2746 5090 ὁ
2775 5040 3111 5094 ἀποστέλλων
3143 5045 3199 5094 ἐν
3227 5043 3468 5117 θαλάσσῃ
3487 5047 3688 5117 ὅμηρα,
3715 5050 3808 5103 καὶ
3827 5052 3953 5106 ἐπι..

2391 5133 2580 5196 στολὰς
2614 5133 2852 5203 βιϐλίνας
2905 5136 3086 5189 ἐπάνω
3136 5137 3228 5189 τοῦ
3285 5137 3492 5202 ὓδατος.
3540 5160 3558 5191 ι
3608 5141 3776 5195 Πόθεν
3817 5146 3949 5210 τοὺς

2389 5227 2662 5294 πανταχοῦ
2707 5225 2988 5288 Ἰουδαίους
3018 5230 3142 5291 τοὺς
3173 5229 3380 5292 πάντας
3410 5232 3709 5300 συμφώνως
3740 5233 3798 5299 ἐξ
3827 5236 3948 5302 ἐνὸς

2391 5316 2728 5386 συνθήματος
2762 5317 3057 5386 ἀντιλέγειν
3085 5319 3160 5390 τῷ
3199 5321 3323 5391 περὶ
3356 5322 3588 5392 Χριστοῦ
3625 5324 3762 5396 λόγῳ
3795 5325 3944 5412 (2i);

2383 5509 2541 5569 quam
2573 5495 2746 5569 iudice
2785 5495 3148 5569 promittebat.
3188 5499 3502 5569 Ubicunque
3529 5499 3674 5554 enim
3706 5516 3828 5555 eum
3862 5501 3944 5557 hi-

2380 5566 2543 5618 storia
2593 5564 2850 5640 defecerit
2872 5605 2886 5625 .
2914 5569 3104 5640 transit
3145 5571 3210 5623 ad
3245 5564 3576 5637 allegoriam,
3604 5580 3658 5624 et
3689 5571 3758 5640 ita
3786 5585 3943 5640 sepa-

2380 5645 2498 5686 rata
2532 5637 2825 5695 consociat,
2853 5646 2911 5688 ut
2946 5638 3110 5691 mirer
3127 5652 3248 5692 eum
3282 5655 3415 5693 nova
3439 5642 3701 5694 sermonis
3733 5637 3939 5698 fabrica

2385 5704 2436 5758 in
2468 5720 2629 5760 unum
2663 5721 2859 5775 corpus
2881 5706 3109 5777 lapidem
3135 5708 3443 5778 ferrumque
3463 5709 3805 5777 conjungere.
3827 5710 3938 5770 lloc
