4120 6294
188 335 282 388 iis

1143 330 1639 387 COMMENTARIA
1683 330 1745 383 IN
1791 330 2041 384 ISAIAM.
2086 360 2150 367 —-
2190 330 2339 385 CAP.
2388 330 2564 385 XVlli.
3335 330 3437 378 :il

191 449 419 518 Εὖρομεν
442 449 499 499 ἒν
524 449 636 509 τοῖς
668 448 778 499 τῶν
810 446 1060 499 παλαιῶν
1100 447 1538 516 συγγράμμασιν,
1581 447 1653 509 ὡς
1711 450 1759 499 oi

1868 450 2051 511 rimus,
2078 447 2592 518 llierosolymitanos
2639 445 2879 499 Judaicze
2924 446 3096 513 gentis
3130 446 3439 497 sacerdotes

191 542 274 607 τὴν
323 540 683 609 Ἰερουσαλὴμ
713 540 995 601 οἰκοῦντες
1021 539 1112 590 τοῦ
1136 539 1240 589 τῶν
1287 538 1550 590 Ἰουδαίων
1580 540 1763 601 ἔθνους

192 632 343 698 ἱερεῖς
368 631 462 681 καί
492 630 857 699 πρεσϐύτεροι
891 630 1193 699 γράμματα
1227 628 1650 697 διαχαράξαντες
1686 632 1763 691 εἷς

190 724 353 773 πάντα
378 720 755 789 διεπέμψαντο
779 720 847 772 τὰ
870 722 995 790 ἔθνη
1018 723 1125 782 τοῖς
1144 719 1451 786 ἁπανταχοῦ
1494 721 1762 783 Ἰουδαίοις

187 814 555 875 ἆαόἀλλοντες
613 814 712 882 τὴν
744 812 985 883 Χριστοῦ
1020 813 1384 875 διδασκαλίαν,
1433 813 1507 875 ὡς
1554 813 1763 883 αἵρεσιν

191 907 371 973 καινὴν
405 905 503 956 καὶ
530 903 821 974 ἀλλοτρίαν
856 903 950 956 τοῦ
987 903 1140 965 Θεοῦ,
1174 904 1545 975 παρήγγελλόν
1592 921 1649 955 τε
1694 902 1761 955 δι’

191 998 480 1053 ἐπιστολῶν
534 998 612 1067 μὴ
664 995 1069 1067 παραδέξασθαι
1124 995 1310 1065 αὐτήν.
1349 994 1515 1046 Τοῦτο
1571 994 1627 1046 δὲ
1670 990 1761 1046 οὖν

188 1089 310 1141 αὑτὸ
340 1086 640 1157 σημαίνειν
682 1084 857 1137 ἔοικεν
890 1085 923 1151 ἡ
957 1082 1093 1152 μετά
1122 1086 1306 1152 χεῖρας
1335 1084 1657 1153 προφητεία,
1705 1083 1761 1134 ὲν

188 1176 227 1247 ᾧ
248 1177 416 1245 λέγει·
452 1197 472 1227 ι
512 1177 655 1228 Οὐαὶ
681 1176 785 1244 γῆς
817 1174 1032 1236 πλοίων,
1064 1175 1329 1241 πτέρυγες
1364 1174 1612 1226 ἐπέκεινα
1665 1190 1761 1224 πο-

188 1268 362 1337 ταμῶν
402 1266 715 1328 Αἰθιοπίας·
744 1268 771 1317 6
793 1264 1132 1317 ἀποστέλλων
1159 1266 1214 1317 ὲν
1243 1265 1482 1337 Θαλάσσῃ
1509 1266 1712 1333 ὅμηρα·
1739 1283 1755 1313 ι

187 1363 289 1415 ἀνθ’
311 1353 372 1415 οὗ
409 1364 439 1414 ό
466 1359 764 1429 Σύμμαχος
786 1358 1166 1422 ἀποστόλους
1179 1354 1299 1409 εἰπε
1325 1359 1521 1429 φήσας,
1557 1376 1574 1407 ι
1597 1360 1762 1408 Ἀπο-

190 1452 411 1506 πέλλων
467 1450 805 1511 ἀποστόλους
856 1451 913 1501 ὲν
951 1446 1210 1517 θαλάσσῃ·
1259 1467 1276 1499 ›
1334 1450 1361 1501 6
1421 1448 1476 1501 δὲ
1536 1446 1762 1508 Ἀκύλας

188 1542 524 1611 πρεσϐύτας
540 1540 805 1603 ἐξέδωκεν
842 1537 1031 1601 εἰπὼν,
1062 1556 1081 1588 ι
1125 1538 1182 1591 ὐ
1216 1536 1556 1590 ἀποστέλλων
1586 1538 1642 1589 ὲν
1669 1536 1763 1588 θα-

188 1634 347 1703 λάσσῃ
377 1631 720 1701 πρεσϐύτας.
764 1650 781 1681 ι
823 1630 983 1699 Ὁρᾷς
1034 1628 1180 1691 ὅπως
1211 1630 1239 1681 6
1270 1628 1424 1695 λόγος
1467 1628 1591 1689 τοὺς
1632 1643 1762 1696 προ-

186 1724 470 1793 λεχθέντας
517 1721 792 1775 Ἰουδαίων
814 1720 1078 1790 ἄρχοντας
1097 1717 1389 1782 ταλανίζει,
1424 1719 1515 1771 καὶ
1540 1719 1638 1787 τὴν
1656 1718 1761 1788 γῆν

1868 550 1921 592 et
1939 540 2199 601 seniores,
2221 538 2429 591 litteras
2452 538 2502 589 in
2535 552 2723 589 omnes
2742 545 2928 604 gentes
2948 536 3155 587 misisse
3175 534 3439 587 'JdOlllllt‘S

1866 630 2063 697 ubique
2084 626 2296 681 Jutlzeos
2322 669 2335 689 ,
2365 643 2470 694 quo
2500 628 2701 679 Christi
2734 626 3038 679 doctrinam
3072 625 3437 685 traducerent,

1866 728 1923 772 ut
1972 735 2161 771 novam
2202 734 2260 772 ac
2298 719 2404 772 Deo
2451 719 2728 770 inimicam
2779 726 2981 770 sectam
3034 734 3043 767 :
3085 731 3146 767 ac
3198 714 3439 783 epistolis

1865 810 2158 875 monuisse,
2204 820 2260 862 ut
2306 824 2372 863 ne
2406 808 2550 862 illam
2589 808 2908 875 reciperent.
2944 804 3055 857 lloc
3104 805 3275 871 ipsum
3312 819 3441 872 ergo

1864 900 2169 970 signiﬁcare
2198 900 2410 953 videtur
2444 912 2679 967 praesens
2732 896 3017 964 prophetia
3064 894 3150 946 ubi
3195 894 3434 945 dicitur:

1870 1012 1887 1043 ι
1930 992 2019 1045 Vae
2053 1002 2209 1044 terra:
2254 992 2504 1054 navium,
2540 989 2633 1041 alae
2665 986 2800 1039 ultra
2847 984 3069 1038 ﬂumina
3105 982 3433 1051 Ethiopian;

1863 1085 1955 1153 qui
1997 1083 2159 1136 mittit
2188 1084 2238 1136 in
2276 1097 2423 1136 mare
2460 1082 2714 1143 obsides;
2758 1098 2775 1129 ›
2808 1093 2905 1145 pro
2934 1092 3041 1145 quo
3077 1076 3438 1145 Symmachus

1862 1175 2121 1243 apostolos
2150 1173 2285 1225 dixit
2319 1174 2400 1225 his
2437 1174 2616 1225 verbis
2640 1212 2653 1234 ,
2690 1192 2708 1223 ι
2742 1172 2842 1237 Qui
2874 1169 3040 1221 mittit
3068 1177 3122 1221 et
3161 1166 3438 1234 apostolos

1863 1269 1915 1322 in
1948 1280 2135 1329 mare;
2170 1283 2189 1315 ι
2216 1262 2407 1331 Aquila
2435 1278 2561 1315 vero
2598 1262 2792 1332 legatos
2822 1261 3011 1325 edidit,
3043 1260 3249 1321 dicens,
3284 1276 3301 1307 ι
3335 1256 3438 1320 Qui

1866 1357 2029 1410 mittit
2081 1357 2133 1409 in
2182 1369 2331 1408 mare
2376 1353 2599 1423 legatos.
2645 1372 2662 1403 ι
2705 1352 2888 1407 Viden‘
2940 1350 3214 1418 quomodo
3254 1361 3437 1401 sermo

1862 1447 2145 1515 praedictos
2190 1442 2494 1499 Judazorum
2548 1443 2816 1511 principes
2866 1442 3095 1494 miseros
3156 1438 3436 1507 praedicet,

1865 1554 2068 1593 necnon
2089 1548 2287 1591 terram
2310 1552 2517 1598 eorum,
2537 1534 2690 1602 cujus
2711 1533 2912 1586 malitia
2938 1546 3109 1600 usque
3134 1531 3201 1584 ad
3218 1527 3432 1582 ZEthio-

1870 1644 1961 1699 pes
1985 1638 2311 1698 pervaserat.
2328 1628 2689 1693 Quamobrem
2710 1625 3002 1679 secundum
3021 1622 3431 1693 Symmachum,

1868 1740 1886 1773 ι
1926 1721 2018 1775 ναξ
2046 1731 2202 1775 terra:
2242 1722 2450 1775 sonitus
2480 1719 2577 1772 ala:
2600 1760 2613 1784 ,
2654 1732 2772 1784 quae
2806 1716 2942 1770 ultra
2974 1716 3187 1768 ﬂumina
3222 1713 3436 1768 Ethio-

182 1816 373 1880 αὐτῶν,
418 1811 489 1885 ἧς
522 1816 559 1883 ὴ
598 1812 760 1866 κακία
792 1812 981 1882 μέχρις
1002 1811 1272 1864 Αἰθιόπων
1297 1809 1516 1879 ἔφθασε.
1546 1809 1636 1861 Διὸ
1660 1827 1757 1862 κα-

1864 1814 1963 1881 pia:
1993 1831 2010 1864 ›
2037 1830 2050 1865 :
2087 1813 2240 1880 queis
2265 1810 2555 1880 significat,
2579 1810 2741 1863 etiam
2767 1806 2903 1860 ultra
2924 1805 3237 1875 Ethiopum
3259 1807 3437 1875 regio-

182 1909 240 1959 τὰ
270 1908 365 1959 τὸν
402 1906 708 1975 Σύμμαχον
738 1905 971 1975 εἴρηται,
1001 1923 1018 1955 ι
1050 1904 1186 1957 Οὐαὶ
1217 1902 1322 1971 γῆς
1344 1905 1371 1955 6
1398 1898 1529 1971 ἦχος
1562 1901 1759 1972 πτέρυ-

180 2016 283 2066 γος,
310 2001 344 2068 ἡ
369 1996 619 2067 πέραθεν
647 1997 905 2066 ποταμῶν
922 1996 1217 2058 Αἰθιοπίας·
1252 2014 1269 2045 ι
1297 1996 1362 2048 δι’
1378 1990 1451 2047 ὧν
1483 1996 1754 2065 σημαίνει,

178 2091 245 2153 ὡς
275 2091 370 2142 καὶ
408 2088 593 2159 πέραν
622 2088 721 2156 τῆς
765 2087 1037 2140 Αἰθιόπων
1066 2087 1265 2158 χώρας,
1303 2087 1460 2157 ἢτῶν
1492 2086 1756 2156 ἐσχατιιῖΝ

177 2184 266 2251 τῆς
296 2183 428 2251 Τῆς,
462 2182 491 2233 6
522 2181 623 2249 τῆς
645 2180 905 2250 πονηρίας
929 2174 1059 2250 ἦχος
1089 2180 1194 2231 τῶν
1220 2178 1316 2248 τὴν
1362 2178 1617 2232 Ἰουδαίαν
1650 2179 1754 2247 γῆν

176 2273 469 2331 οἰκούντων
500 2270 594 2324 διά
627 2288 787 2323 τινων
824 2269 1012 2340 ὥσπερ
1053 2268 1359 2339 ίπταμένων
1388 2270 1584 2322 πλοίων
1620 2287 1754 2341 προ-

176 2362 354 2431 ῆλθεν,
410 2362 465 2414 οἱ
495 2377 561 2412 τε
604 2359 888 2412 ἀπόστολοι
938 2358 1138 2420 αὐτῶν,
1190 2358 1477 2422 ἐπιστολὰς
1522 2358 1759 2428 βιὸλίνας

176 2454 557 2523 κομιζόμενοι,
600 2450 855 2520 ὑπεράνω
883 2466 942 2502 τε
978 2450 1083 2502 τῶν
1129 2450 1333 2503 ὑδάτων
1360 2450 1760 2520 ναυτιλλόμενοι

176 2532 265 2597 καὶ
290 2544 394 2613 τὴν
424 2541 705 2595 θάλασσαν
722 2538 1068 2609 ἐμπλέοντες,
1102 2542 1411 2610 ἁπανταχοῦ
1433 2543 1533 2611 γῆς
1558 2541 1761 2609 διέτρε-

177 2652 286 2705 χον,
316 2636 415 2689 τὸν
451 2636 586 2705 περὶ
612 2633 706 2685 τοῦ
750 2633 999 2702 Σωτῆρος
1030 2632 1187 2701 ἡμῶν
1218 2633 1653 2698 ὲνδιαόἀλλοντες
1673 2635 1761 2687 λό-

1864 1921 2009 1968 nem,
2053 1904 2166 1958 sive
2200 1903 2337 1957 ullra
2381 1911 2624 1954 extrema
2655 1908 2844 1964 terra},
2884 1898 3101 1952 malitia
3134 1897 3433 1952 incolarum

1862 1996 2059 2053 Iudaeae
2098 1998 2356 2060 sonitum,
2386 2011 2481 2050 ceu
2516 1993 2837 2064 quibusdam
2863 1992 3169 2047 volantibus
3199 1992 3426 2045 navibus

1862 2090 2120 2154 delatum,
2156 2089 2484 2159 pervenisse,
2540 2085 2918 2154 apostolosque
2954 2099 3140 2140 eorum
3170 2083 3429 2153 epistolas

1860 2180 2089 2234 biblinas
2133 2180 2467 2245 deterentes,
2503 2195 2563 2235 ac
2595 2196 2757 2246 supra
2797 2180 3017 2235 dorsum
3062 2192 3324 2244 aquarum
3373 2177 3429 2230 in

1863 2272 2105 2339 marique
2152 2272 2492 2341 navigantes,
2530 2272 2729 2340 ubique
2761 2281 3029 2325 terrarum
3081 2269 3428 2331 discurrisse,

1860 2375 2161 2415 sermonem
2190 2362 2254 2415 de
2286 2361 2574 2417 Servatore
2606 2373 2790 2416 nostro
2837 2362 3123 2417 calumniis
3166 2360 3432 2415 vellican-

1864 2461 1960 2506 tes.
2012 2452 2295 2521 Apostolos
2336 2469 2467 2509 vero
2519 2456 2681 2509 etiam
2728 2471 2870 2509 nunc
2914 2453 3084 2509 Judzei
3122 2466 3437 2522 nuncupare

1860 2544 2038 2599 solent
2066 2560 2180 2613 eos,
2203 2546 2293 2616 qui
2318 2546 2612 2602 circulares
2638 2548 2942 2616 principum
2975 2560 3194 2601 suorum
3225 2544 3436 2599 litteras

1864 2635 2285 2706 circumquaque
2313 2638 2616 2709 deportant.

176 2744 285 2793 γον.
326 2724 692 2788 ’Δποστόλους
743 2724 799 2777 δὲ
842 2724 1009 2777 είσέτι
1051 2725 1147 2777 καὶ
1176 2723 1267 2778 νῦν
1299 2725 1420 2788 εθος
1453 2726 1601 2779 ἐστὶν
1641 2726 1914 2790 Ἰουδαίοις
1952 2727 2238 2799 ὀνομάζειν
2274 2732 2403 2794 τοὺς
2449 2731 2711 2799 ἐγκύκλια
2745 2731 3048 2801 γράμματα
3114 2728 3266 2799 παρὰ
3327 2725 3435 2781 τῶν

176 2817 454 2887 ἀρχόντων
476 2815 661 2869 αὐτῶν
689 2814 1189 2885 ἐπικομιζομένους.

248 2929 268 2960 ‹
290 2909 665 2979 Πορεύσονται
694 2907 802 2977 γὰρ
834 2906 1051 2974 ἄγγελοι
1082 2906 1272 2974 κοῦφοι
1303 2907 1439 2978 πρὸς
1460 2907 1610 2971 ἔθνος
1641 2925 1761 2979 μετ-

180 3001 371 3071 έωρον
406 3002 506 3054 καὶ
542 2998 690 3065 ξένον
721 2998 849 3052 λαὸν
896 2999 990 3051 καὶ
1022 2997 1271 3068 χαλεπόν.
1308 2998 1404 3061 Τίς
1462 3000 1625 3055 αὐτοῦ
1660 3002 1759 3055 ὲπ-

182 3094 360 3145 ἑκεινα.
381 3109 396 3156 ;
414 3091 574 3153 ἔθνος
598 3090 710 3160 (2‘2)
733 3089 1049 3142 ἀνέλπιστον
1072 3091 1164 3143 καὶ
1180 3107 1536 3162 καταπεπατη
1547 3091 1721 3161 μένον.
1735 3111 1753 3143 ι

191 3184 272 3246 Ὠς
304 3178 448 3241 εἶναι
478 3180 655 3251 ἀρχὴν
689 3179 1043 3250 πράγματος·
1082 3178 1175 3233 καί
1213 3195 1303 3247 μοι
1332 3178 1477 3231 δοκεί
1507 3178 1663 3232 τοῦτο
1700 3180 1761 3231 τὸ
1788 3219 1829 3276 c

184 3271 513 3341 πρόσταγμα
544 3269 681 3339 πρὸς
727 3270 852 3331 τοὺς
912 3267 1154 3337 μαθητὰς
1187 3266 1281 3319 τοῦ
1314 3269 1563 3339 Σωτῆρος
1604 3270 1759 3339 ἡμῶν

185 3361 432 3432 εἰρῆσθαι
453 3377 468 3389 ’
508 3359 599 3421 οὓς
631 3358 720 3411 διὰ
742 3359 802 3410 τὸ
826 3361 989 3412 πᾶσιν
1015 3356 1319 3429 ἀνθρώποις
1349 3360 1569 3427 ἀγαθῶν
1600 3362 1762 3429 εὐαγ-

185 3452 433 3520 γελιστάς
469 3447 633 3513 εἶναι,
664 3451 929 3519 ἀγγέλους
964 3452 1058 3503 καὶ
1085 3452 1320 3519 κούφους
1352 3451 1600 3521 ὠνόμασε
1626 3454 1763 3522 πρὸς

186 3543 589 3614 ἀντιδιαστολὴν
617 3543 724 3595 τῶν
768 3542 1065 3596 Ίουδαῖκῶν
1108 3543 1441 3596 ἀποστόλων.
1476 3545 1644 3613 Φησὶν
1669 3540 1761 3598 οὖν

187 3636 315 3706 πρὸς
347 3634 550 3697 αὐτοὺς
582 3634 706 3696 τοὺς
736 3632 846 3685 τῶν
866 3631 1082 3691 ἀγαθῶν
1120 3633 1383 3701 ἀγγέλους
1406 3651 1419 3663 ·
1472 3634 1680 3704 Ὑμεῖς,
1713 3636 1761 3687 οἱ

187 3725 416 3794 Χριστοῦ
442 3723 709 3795 μαθηταὶ,
728 3723 1044 3793 πορεύεσθε,
1069 3723 1255 3793 ὥσπερ
1280 3720 1372 3777 οὖν
1404 3726 1561 3789 αὐτὸς
1590 3727 1619 3777 6
1647 3727 1761 3778 Σω-

184 3814 283 3885 τὴρ
308 3815 600 3880 διετάξατο
630 3813 767 3885 πρὸς
813 3814 956 3882 ὑμᾶς
997 3813 1169 3881 λέγων
1189 3830 1201 3843 ·
1244 3833 1261 3865 ι
1288 3814 1588 3884 Πορεύεσθε
1627 3816 1761 3885 μᾶλ-

187 3906 269 3959 λον
307 3909 449 3979 πρὸς
476 3906 551 3960 τὰ
592 3905 839 3978 πρόϐατα
864 3904 931 3957 τὰ
947 3905 1257 3960 ἀπολωλότα
1288 3908 1433 3959 οἴκου
1480 3907 1713 3977 Ἰσραὴλ,
1738 3928 1754 3959 ο

188 3999 725 4070 καί,ιΠορευθέντες,
748 3997 1121 4069 μαθητεύσατε
1149 3999 1325 4053 πάντα
1352 3999 1419 4052 τά
1447 3999 1573 4070 ἔθνη
1602 4003 1658 4053 ὲν
1685 4001 1762 4070 τῷ

187 4090 406 4162 ὺνόματί
444 4109 567 4161 μου.
597 4109 615 4142 ι
652 4091 1012 4162 Πορευόμενοι
1043 4091 1119 4157 δὲ,
1145 4093 1298 4161 φησί,
1329 4091 1519 4161 κοῦφοι
1546 4093 1761 4161 γίνεσθε

188 4183 277 4235 καὶ
310 4182 617 4246 εὐσταλεῖς,
651 4181 726 4244 ὡς
766 4180 832 4234 ἂν
875 4181 1063 4252 ῥᾳδίαν
1106 4182 1205 4251 τὴν
1236 4182 1459 4254 πορείαν
1495 4184 1721 4254 ποιῆσθε
1743 4202 1757 4215 ο

186 4272 213 4325 ὃ
241 4273 305 4344 δὴ
333 4273 430 4325 καὶ
465 4273 647 4335 αὐτοῖς
678 4273 837 4327 πάλιν
863 4274 1092 4345 παρῄνει
1110 4273 1283 4344 λέγων
1303 4292 1315 4304 ’
1346 4295 1365 4325 ι
1388 4276 1571 4344 Μηδὲν
1592 4277 1759 4347 ἄρητε

188 4362 327 4416 κατά
354 4362 457 4433 τὴν
483 4362 601 4415 ὁδόν
623 4379 638 4394 ·
674 4364 750 4433 μὴ
781 4363 1056 4434 κτήσησθε
1089 4363 1285 4435 χρυσὸν
1319 4364 1453 4433 μηδὲ
1493 4364 1757 4435 ἄργυρον,

190 4453 323 4524 μηδὲ
368 4452 570 4523 χαλκάν
607 4454 686 4516 εἰς
719 4453 817 4518 τὰς
865 4455 1041 4521 ζώνας
1102 4454 1273 4524 ὑμῶν,
1303 4475 1321 4506 ›
1368 4455 1461 4508 καὶ
1508 4454 1579 4508 τά
1611 4456 1755 4526 ἑξῆς.

1943 2928 1960 2959 ι
1997 2907 2154 2963 Ibunt
2180 2910 2321 2963 enim
2363 2910 2536 2964 nuntii
2564 2910 2768 2965 celeres
2795 2911 2861 2964 ad
2885 2919 3099 2980 gentem
3134 2910 3433 2964 excelsam,

1863 3007 1918 3053 et
1940 3000 2282 3070 peregrinum
2300 3000 2578 3069 populum,
2596 3012 2650 3055 et
2674 3016 2913 3071 gravem.
2936 3000 3068 3067 Quis
3086 3001 3225 3055 ultra
3259 3001 3435 3055 illum?

1862 3104 1992 3161 gens
2022 3091 2302 3159 desperata
2332 3099 2386 3145 et
2408 3095 2749 3146 conculcata.
2805 3111 2824 3143 ι
2867 3090 2943 3145 lta
2975 3100 3033 3146 ut
3087 3092 3159 3145 sit
3198 3092 3325 3146 illud
3355 3094 3430 3146 rei

1864 3180 2074 3235 initium
2107 3200 2118 3234 :
2156 3182 2481 3250 videturque
2521 3182 2653 3235 mihi
2680 3183 2782 3237 hoc
2817 3193 3148 3251 praeceptum
3185 3182 3435 3237 Salvato-

1865 3270 1938 3325 ris
1960 3271 2130 3326 nostri
2162 3271 2439 3341 discipulis
2463 3272 2577 3325 dari
2606 3291 2618 3336 ;
2654 3273 2744 3342 qui
2788 3274 2930 3341 quod
2980 3274 3238 3327 omnibus
3260 3261 3435 3327 homio

1864 3362 2021 3416 nibus
2049 3362 2315 3417 bonorum
2363 3363 2535 3417 nuntii
2565 3365 2689 3426 sint,
2727 3365 2898 3418 nuntii
2934 3376 2987 3419 et
3014 3365 3222 3418 celeres
3255 3366 3322 3419 ab
3366 3380 3432 3419 eo

1864 3461 2145 3516 vocantur,
2182 3454 2247 3507 ad
2274 3454 2627 3509 dilferenliam
2659 3454 3006 3510 Judaicorum
3037 3459 3426 3525 apostolorum.

1864 3544 1984 3598 lllos
2027 3545 2189 3613 igitur
2217 3546 2481 3599 bonorum
2526 3548 2743 3602 nuntios
2798 3548 2877 3602 sic
2924 3548 3263 3618 alloquitur:
3302 3549 3433 3614 Vos,

1862 3637 2061 3691 Christi
2087 3637 2357 3706 discipuli,
2384 3639 2473 3701 ite,
2506 3642 2959 3706 quemadmodum
2987 3641 3102 3708 ipse
3129 3640 3278 3694 vobis
3306 3639 3433 3695 Ser-

1862 3736 2018 3780 vator
2045 3728 2322 3796 praecepit,
2359 3746 2377 3777 ι
2416 3726 2493 3781 lte
2515 3728 2691 3797 potius
2714 3730 2779 3781 ad
2809 3744 2959 3793 oves,
2989 3745 3109 3798 qua:
3132 3731 3432 3797 perierunt,

1864 3818 2059 3871 domus
2091 3817 2255 3873 Israel
2282 3819 2361 3884 3‘;
2415 3838 2433 3869 ι
2465 3829 2539 3881 et,
2571 3840 2587 3869 ι
2620 3820 2821 3875 Euntes
2845 3821 3035 3875 docete
3070 3836 3257 3874 onmes
3292 3837 3425 3891 gen-

1866 3916 1943 3961 tes
1990 3908 2042 3962 in
2074 3911 2291 3963 nomine
2335 3926 2455 3966 meo
2484 3912 2551 3965 ⁸¹.
2585 3930 2603 3962 ›
2656 3910 2861 3966 Euntes
2893 3923 3095 3974 autem,
3143 3914 3239 3976 ait,
3287 3913 3433 3967 leves

1861 4007 2034 4054 estote
2082 4009 2135 4053 et
2175 4002 2435 4068 expediti,
2485 4010 2543 4056 ut
2592 4002 2809 4056 facilius
2863 4003 3006 4055 viam
3053 4004 3428 4058 emetiamini:

1861 4088 2003 4156 quod
2036 4090 2199 4143 etiam
2230 4089 2338 4145 illis
2372 4090 2665 4145 mandabat
2699 4092 2784 4145 his
2818 4093 3022 4155 verbis,
3053 4112 3069 4142 ι
3104 4092 3246 4146 Nihil
3292 4095 3425 4148 tule-

1863 4179 1981 4233 ritis
2008 4180 2206 4245 invia;
2241 4197 2307 4234 ne
2333 4183 2655 4251 possideatis
2692 4198 2905 4249 aurum,
2952 4199 3051 4238 nec
3102 4195 3387 4254 argentum
3416 4228 3430 4250 ,

1862 4285 1961 4324 nec
1993 4285 2066 4325 aes
2090 4272 2141 4324 in
2166 4272 2316 4326 zonis
2344 4273 2540 4327 vestris
2559 4273 2772 4335 ",ietc.
2804 4271 2965 4327 anet
2999 4262 3177 4329 autem
3212 4276 3431 4343 prolici-

1861 4361 1937 4415 sci
1964 4376 2059 4416 eos
2090 4362 2155 4417 ad
2192 4372 2411 4433 gentem
2470 4364 2757 4419 sublimem
2795 4375 2849 4418 et
2882 4367 3246 4435 peregrinam,
3284 4378 3339 4420 et
3366 4370 3432 4420 ad

1862 4451 2115 4521 populum
2149 4468 2390 4522 gravem.
2427 4452 2543 4507 Non
2575 4456 2717 4509 enim
2756 4457 2819 4507 ad
2856 4468 3015 4510 notos
3043 4457 3127 4512 vel
3174 4457 3435 4510 domesti.

188 4542 411 4596 Κελεύει
457 4543 513 4596 δὲ
551 4543 874 4615 πορεύεσθαι
908 4545 1043 4617 πρὸς
1070 4545 1221 4608 ἔθνος
1253 4546 1523 4616 μετέωρον
1547 4546 1637 4599 καὶ
1671 4547 1757 4613 ξέ-

1862 4558 1954 4597 eos
1989 4545 2104 4597 sive
2140 4542 2339 4599 fratres
2365 4546 2739 4609 mittebantur,
2774 4548 2868 4601 sed
2895 4548 2961 4600 ad
2990 4547 3251 4617 quosdam
3287 4562 3433 4615 pere-

188 4646 297 4693 νον,
317 4630 415 4681 καὶ
443 4629 578 4700 πρὸς
609 4629 734 4682 λαὸν
760 4630 1010 4700 χαλεπόν.
1044 4631 1118 4683 Οὐ
1152 4628 1260 4701 γὰρ
1286 4631 1421 4700 πρὸς
1449 4631 1757 4701 γνωρίμους

1862 4635 2046 4703 grinos
2088 4636 2299 4705 ignotos
2333 4638 2482 4692 viros
2542 4649 2596 4691 et
2643 4640 2993 4711 alienigenas,
3050 4641 3191 4710 apud
3241 4656 3433 4695 omnes

256 4722 301 4753 ⁸¹
329 4721 525 4775 Matth.
553 4738 607 4785 ι,
630 4721 684 4776 ϐ.
758 4723 803 4754 ⁸³
830 4721 1018 4777 Matth.
1044 4738 1235 4787 xxvnt,
1268 4723 1353 4778 19.
1428 4722 1475 4755 ⁸³
1499 4722 1687 4777 Matth.
1709 4740 1764 4791 ι,
1801 4723 1853 4779 9.

189 4815 427 4869 breviter
455 4816 731 4879 admonui,
764 4831 831 4870 ne
871 4817 990 4885 quis
1035 4832 1133 4871 nos
1158 4825 1307 4885 putet
1328 4831 1394 4870 ex
1424 4817 1565 4871 illius
1594 4817 1749 4872 fonti-

190 4885 287 4939 bus
306 4893 599 4955 mutuasse
624 4901 743 4955 qua:
772 4886 1039 4955 dicimus;
1062 4902 1183 4939 nam
1214 4894 1269 4939 et
1298 4889 1351 4939 in
1385 4889 1633 4955 prmsenti
1660 4903 1749 4942 ca-

190 4954 355 5025 pitulo
382 4954 673 5025 adversum
697 4953 909 5009 Judaeos
936 4953 1433 5025 etHierosolymam
1467 4956 1599 5009 dicit
1626 4973 1751 5025 pro-

190 5024 434 5091 phetiam
462 5023 621 5088 dirigi
656 5036 673 5075 :
712 5026 854 5092 quod
896 5026 948 5079 in
986 5023 1397 5094 principio’ﬁdei
1424 5023 1749 5081 Christianae

194 5094 255 5146 ad
282 5101 429 5147 totas
456 5104 647 5163 gentes
690 5094 941 5163 epistolas
982 5095 1257 5158 miserint,
1307 5109 1373 5147 ne
1413 5096 1750 5163 susciperent

190 5163 495 5235 passionem
526 5161 746 5235 Christi,
773 5171 828 5235 et
851 5164 1094 5218 miserint
1123 5178 1294 5233 usque
1324 5164 1388 5216 ad
1418 5161 1746 5235 Ethibpiam

192 5243 243 5301 et
292 5231 685 5284 occidentalem
755 5231 1000 5301 plagam,
1062 5231 1344 5301 totumque
1398 5231 1751 5300 orbem’ejus

192 5297 537 5371 blasphemiae
564 5297 1003 5355 dissemina'tione
1035 5297 1438 5371 compleverint.
1475 5321 1494 5353 ›
1531 5303 1594 5356 Ει
1624 5297 1753 5357 sane

194 5370 327 5436 quod
366 5371 442 5423 ait
470 5368 853 5443 __Hieronymus
894 5368 1179 5443 Eusebium
1231 5371 1602 5443 ἀλληγορικῶς
1636 5373 1752 5440 ple-

193 5439 721 5510 rumquedictorum
770 5452 985 5510 sensum
1032 5439 1399 5509 interpretari,
1436 5439 1647 5510 cuique
1675 5443 1754 5496 le—

254 5509 327 5577 nti
359 5508 533 5577 palam
565 5510 672 5563 erit
697 5525 713 5568 ;
742 5509 886 5574 quod
915 5523 1041 5563 vero
1070 5508 1223 5575 dicit,
1256 5525 1315 5565 se
1356 5526 1460 5565 non
1489 5508 1750 5565 ex'Euse-

230 5579 259 5631 ii
290 5576 526 5632 fontibus
552 5588 855 5639 mntuasse,
892 5577 958 5632 de
990 5588 1098 5632 toto
1130 5585 1520 5635 commentario
1549 5580 1749 5635 intelli-

194 5658 313 5717 gas:
343 5649 542 5703 etenim
574 5648 847 5717 pleraque
875 5646 960 5700 ille
1001 5648 1176 5711 allert,
1201 5662 1319 5715 qua
1342 5650 1605 5704 Eusebius
1632 5650 1753 5703 nul-

192 5714 380 5774 latenus
421 5714 603 5781 attigit
648 5734 663 5777 ;
714 5715 823 5772 sed
871 5723 1043 5773 tamen
1081 5714 1251 5774 multa
1299 5733 1364 5775 ex
1415 5719 1561 5775 hisce
1603 5734 1753 5777 com-

1854 4814 2171 4874 mentariis,
2207 4816 2373 4869 etiam
2420 4815 2705 4886 allegorice
2750 4818 2889 4871 dicta
2947 4819 3164 4882 hausit,
3202 4834 3431 4886 quorum

1852 4902 2113 4955 perquam
2153 4886 2429 4939 minimam
2473 4898 2679 4955 partem
2712 4927 2726 4951 ,
2769 4904 2867 4943 nos
2906 4889 3036 4941 hinc
3077 4898 3132 4941 et
3170 4889 3295 4943 inde
3335 4906 3431 4943 no-

1852 4957 2105 5009 lavimus.

1943 5026 2033 5095 22)
2070 5024 2195 5079 Haec
2226 5024 2277 5077 in
2307 5024 2451 5079 hunc
2482 5026 2659 5081 locum
2710 5026 2768 5081 S.
2809 5026 3172 5095 Hieronymus
3218 5027 3385 5081 habet
3416 5070 3429 5091 ,

1858 5114 1876 5146 ι
1914 5094 2079 5158 LXX,
2116 5108 2213 5162 pro
2240 5109 2305 5148 eo
2328 5096 2466 5162 quod
2497 5111 2596 5150 nos
2626 5096 2858 5151 diximus
2904 5094 3307 5164 exspectantem,
3337 5115 3430 5150 cx-

1855 5174 2193 5232 spectantem,
2220 5174 2275 5217 et
2302 5164 2355 5216 in
2391 5164 2655 5219 llebraico
2688 5168 2948 5235 scripturn
2972 5177 3075 5229 est,
3108 5179 3428 5233 sperantem,

1860 5244 2193 5304 sperantem,
2242 5249 2271 5286 e
2319 5238 2592 5289 contrario
2652 5236 2987 5304 interpretati
3049 5247 3175 5289 sunt
3203 5235 3426 5288 ἀνέλπι-

1863 5320 2005 5364 στον,
2039 5303 2089 5355 id
2120 5314 2223 5365 est,
2254 5319 2355 5354 non
2381 5315 2696 5365 sperantem.
2731 5303 2804 5358 Et
2826 5309 2894 5360 ob
2924 5307 3061 5359 hanc
3087 5320 3305 5358 causam
3335 5309 3413 5359 de-

1861 5374 2056 5426 derunt
2080 5374 2422 5426 occasionem
2454 5374 2702 5440 Eusebio,
2728 5385 2787 5426 ut
2814 5377 2913 5427 hoc
2942 5376 3007 5429 de
3030 5376 3277 5442 gentibus
3314 5392 3428 5427 ma-

1860 5443 1964 5511 gis,
1994 5456 2112 5509 qua:
2141 5456 2237 5494 nec
2261 5457 2408 5510 spem
2438 5444 2691 5502 habeant.
2741 5458 2840 5497 nec
2870 5444 3279 5497 Testamentum
3310 5444 3427 5505 Dei,

1861 5526 1962 5582 nec
1992 5511 2304 5578 prophetas,
2332 5512 2758 5582 intelligendum
2798 5516 3101 5579 putaverit;
3148 5528 3309 5582 quam
3364 5518 3430 5565 de

1860 5578 2058 5651 Judreis
2085 5598 2097 5632 :
2129 5582 2271 5648 quod
2294 5581 2361 5634 ab
2400 5578 2741 5651 ipsis'postea
2772 5583 3041 5643 Ecclesiae,
3074 5578 3277 5651 quaéjn
3308 5598 3427 5649 spe-

1860 5650 1979 5703 cula
2004 5653 2293 5703 constituta
2319 5648 2431 5715 est,
2451 5648 2594 5707 dona
2625 5652 2883 5707 mittenda
2909 5654 3039 5718 sint,
3064 5648 3117 5705 et
3146 5648 3431 5706 ollcrenda:

1865 5720 2096 5775 victima:
2123 5719 2452 5786 spiritualcs.
