4120 6294
649 359 760 422 κε,
1315 342 1580 402 susum
1615 338 2079 399 CASSARIENSIS
2111 337 2239 398 οισι³

2337 335 2484 394 ’ARS
2515 331 2608 391 111.
2645 359 2716 372 -
2745 322 3152 383 ΠΕΟΕΊἾΟΔ.
3766 313 3876 370 Ωίϐ

655 484 846 549 gentes
873 471 1148 538 dispersos
1179 479 1198 520 :
1227 464 1282 532 in
1325 462 1522 534 quibus
1549 473 1680 516 vero
1706 457 1964 515 sublimes
1994 454 2210 527 quidam
2237 505 2239 513 ι

2337 453 2410 506 καὶ
2438 449 2574 524 πρὸς
2605 448 2839 511 οἰκείους
2863 442 3021 506 τινάς
3052 432 3875 549 καὶΙάδελφοὺςόπεπὲΞλίνι-ον

653 522 834 634 erant,
856 565 910 621 in
939 522 1086 619 nulla
1129 527 1282 614 ﬁrma
1428 553 1812 630 consistentes,
1834 562 1899 603 ac
1926 522 2207 610 errantes,

2337 541 2448 595 ιλλά
2486 522 2629 611 ξηρός
2665 553 2818 600 τινας
2853 528 3294 600 ἀπεξενωμένους
3327 525 3635 595 ἀγνώστους
3657 522 3879 634 τἄνδρας

657 608 1389 724 ἷιῖιῖωᾶιξζιίῖζᾷρῖέιῖιῖοηιὲ
1667 608 2206 697 circumferebantan

2337 633 2411 686 ιαὶ
2436 608 2763 698 ἀλλογενείς,
2793 626 2920 689 τοὺς
2939 625 2997 677 ἐν
3019 621 3153 675 πᾶσι
3179 622 3292 682 τοῖς
3313 618 3487 672 ἔθνεσι
3505 633 3519 647 ·
3549 617 3606 670 ὲν
3629 609 3710 678 οἷς
3733 608 3879 685 ἦσαν

1042 705 1171 813 gens
1199 737 1379 808 gravis
1407 744 1587 800 erant,
1619 733 1720 805 pia:
1744 730 2026 802 religionis
2049 731 2214 784 verbo

2337 724 2588 793 ιετέωροι
2619 717 2856 790 ἀληθῶς,
2887 716 2980 770 ἐπὶ
3011 713 3177 787 μηδὲν
3204 711 3414 782 ἑδραίου
3456 708 3706 772 ἑστῶτες,
3732 705 3878 813 πλα-

660 835 846 891 iniosti
878 843 933 889 et
959 831 1182 889 inimici.
1216 828 1325 883 llos
1376 829 1552 880 tamen
1583 831 1639 878 ut
1672 821 1868 878 adeant
1898 819 2073 874 nuntii
2119 831 2209 872 ve-

663 927 809 982 loces
836 924 1096 996 pmcipit,
1127 936 1190 976 ac
1220 919 1326 975 illis
1351 918 1670 988 praedicent,
1709 925 1763 971 et
1807 925 1984 983 usque
2014 911 2081 967 ad
2117 924 2222 966 ex-t

664 1027 836 1072 trema
880 1023 1038 1070 terra
1112 1012 1428 1080 pervadunt.
1476 1007 1835 1076 Quamobrem
1893 1002 2212 1072 subiungit,

671 1125 693 1160 ι
729 1104 862 1174 Quis
886 1104 1028 1159 ultra
1051 1102 1243 1158 illum?
1280 1120 1298 1152 ι
1326 1100 1440 1155 sive
1481 1097 1773 1153 secundum
1805 1089 2210 1164 Symmachum,

672 1219 692 1252 s
724 1198 853 1255 Post
873 1210 1044 1266 quem
1076 1210 1184 1251 non
1211 1200 1296 1249 est
1321 1191 1482 1246 ultra.
1509 1208 1529 1243 ι
1551 1187 1675 1244 llaec
1706 1195 1888 1242 autem
1936 1198 2068 1257 gens
2121 1197 2216 1252 pe-

665 1293 879 1365 regrina
902 1298 959 1345 et
991 1286 1257 1349 sublimis,
1304 1283 1424 1340 sine
1456 1295 1552 1351 spe
1584 1279 1848 1351 degebat;
1884 1277 1956 1332 ita
1989 1277 2049 1330 ut
2074 1273 2220 1329 dicat

662 1383 974 1456 Apostolus,
1013 1400 1034 1435 ι
1058 1381 1281 1436 Eramus
1311 1375 1604 1446 aliquando
1628 1386 1781 1427 seem
1817 1385 1921 1427 non
1962 1368 2220 1425 habentes

663 1488 722 1532 et
751 1476 898 1532 athei
937 1474 992 1529 in
1023 1471 1218 1526 mundo
1239 1470 1305 1525 ⁸⁵.
1333 1485 1354 1520 ι

2321 795 2547 886 νώμενοι
2588 812 2683 866 καὶ
2713 808 3127 882 περιφερόμενοι
3169 805 3331 858 παντὶ
3363 801 3546 874 ἀνέμῳ
3581 798 3683 869 τῆς
3711 795 3882 886 πολυ-

2322 883 2446 961 θέόυ
2483 905 2712 975 πλάνης.
2754 891 2816 956 o't
2844 900 2890 954 δ’
2923 897 3075 954 αὐτοὶ
3111 897 3207 950 και
3252 892 3485 966 χαλεπὸν
3529 891 3678 954 tow;
3713 883 3884 961 ἦσαν,

2318 995 2528 1070 ἐχθρῶς
2553 995 2649 1050 καὶ
2678 992 2949 1073 πολεμίως
2967 988 3292 1061 διακείμενοι
3311 986 3449 1056 πρὸς
3467 985 3558 1038 τὸν
3576 982 3675 1054 τῆς
3694 981 3852 1073 Oscos

2319 1078 2470 1154 ϐείας
2495 1087 2672 1155 λόγον.
2701 1070 2889 1154 Ὅμως
2916 1081 2961 1135 δ’
2985 1075 3079 1134 οὖν
3111 1077 3246 1150 πρὸς
3269 1076 3489 1140 τούτους
3516 1070 3886 1147 παρακελεύε-

2320 1195 2411 1235 ται
2449 1177 2667 1232 ἀπιέναι
2708 1175 2832 1238 τοὺς
2852 1164 3124 1241 ,ἀγγέλους
3161 1167 3397 1236 κούφους
3422 1167 3515 1219 καὶ
3539 1163 3746 1228 τούτοις
3775 1179 3887 1234 κη-

2326 1270 2554 1344 ρύττειν,
2592 1266 2885 1322 διαϐαίνειν
2911 1262 3108 1344 δὲκαὶ
3144 1259 3236 1312 επὶ
3277 1256 3346 1311 τὰ
3378 1255 3588 1328 πέρατα
3626 1255 3725 1327 τῆς
3751 1252 3884 1325 γῆς.

2324 1342 2416 1417 Διὸ
2437 1359 2699 1429 ἐπιλέγει,
2721 1378 2740 1410 ι
2761 1357 2859 1421 Τίς
2879 1342 3040 1410 αὐτοῦ
3062 1351 3347 1412 ἐπέκεινας
3371 1367 3390 1402 ι
3417 1349 3448 1420 ἢ
3472 1348 3612 1403 κατά
3631 1346 3720 1400 τὸν
3738 1345 3891 1418 Σύμη-

2331 1471 2521 1526 μαχον,
2561 1472 2580 1503 ι
2600 1448 2737 1506 Μεθ’
2764 1448 2823 1503 δν
2858 1446 2958 1501 οὐκ
2999 1444 3143 1498 εστιν
3176 1442 3448 1496 ἐπέκεινα.
3480 1460 3499 1493 ι
3533 1439 3701 1494 Τοῦτο
3733 1437 3791 1492 δὲ
3821 1435 3890 1492 re

667 1568 1072 1640 ἀπεξενωμένον
1113 1567 1206 1619 καὶ
1249 1565 1520 1636 μετέωρον
1567 1561 1740 1628 ἔθνος,
1810 1559 1905 1614 καὶ
1945 1557 2256 1612 ἀνέλπιστον
2292 1547 2387 1624 ἦν’
2448 1549 2525 1613 ὡς
2553 1547 2732 1617 λέγειν
2762 1545 2852 1599 τὸν
2890 1539 3208 1597 Ἀπόστολον
3228 1556 3242 1570 ·
3288 1556 3307 1589 ι
3339 1533 3520 1609 Ἧμέν
3561 1553 3661 1591 που
3695 1532 3892 1589 ἐλπίδα

671 1663 748 1734 μή
778 1661 1008 1732 ἔχοντες,
1037 1657 1130 1712 καὶ
1161 1657 1309 1711 άθεοι
1338 1658 1398 1711 ὲν
1423 1655 1501 1727 τῷ
1528 1654 1736 1727 κόσμῳ.
1757 1673 1777 1706 ι

741 1756 905 1811 Vsus.
939 1754 993 1808 5.
1027 1771 1046 1804 ι
1092 1749 1242 1807 Nunc
1274 1751 1493 1806 ﬂumina
1519 1761 1680 1806 terra:
1728 1747 1909 1804 omnia
1950 1756 2225 1816 tamquam
2257 1747 2303 1804 B

669 1848 817 1917 regio
847 1846 1088 1901 habitata
1116 1853 1130 1898 :‘
1165 1843 1502 1899 habitabitur
1522 1840 1672 1911 regio
1698 1853 1904 1895 eorum.
1948 1858 1968 1892 ι
2001 1838 2226 1895 Videtur

667 1938 802 1997 mihi
824 1937 1189 1999 subindicare,
1235 1933 1540 1989 ﬂuminibus
1561 1931 1801 2003 quidem,
1831 1930 2224 1984 multitudinem

670 2029 913 2099 gentium
934 2042 1053 2096 qua:
1075 2027 1239 2082 Deum
1263 2025 1553 2095 cognitum
1572 2030 1699 2078 sunt
1722 2038 1738 2086 ;
1771 2023 2078 2092 regionibus
2102 2036 2228 2076 vero

671 2133 883 2183 earum,
925 2117 1183 2174 ecclesias
1235 2133 1250 2171 :
1303 2113 1748 2184 quemadmodum
1799 2113 1943 2167 enim
1985 2113 2230 2176 superius

672 2209 924 2270 luctibus
982 2209 1185 2272 maris,
1234 2204 1597 2273 ﬂuctibusque
1640 2204 1892 2267 turbatis,
1935 2203 2227 2258 inﬁdelium

670 2299 910 2372 gentium
932 2280 1118 2353 turbas
1139 2294 1503 2364 comparavit;
1538 2293 1616 2348 sic
1646 2301 1700 2346 et
1734 2306 1876 2347 nunc
1905 2289 2080 2346 ﬂuviis
2108 2291 2228 2345 dul-

671 2387 830 2446 cibus
864 2388 1181 2458 placideque
1211 2384 1579 2448 manantibus,
1605 2382 1805 2438 Christi
1835 2381 2056 2451 populos
2079 2381 2230 2435 simi-

671 2480 755 2537 les
811 2479 916 2545 ait;
973 2494 1071 2548 per
1099 2479 1370 2548 regionem
1409 2485 1590 2529 autem
1647 2489 1856 2539 eorum,
1892 2473 2094 2528 indicat
2129 2472 2232 2528 Ec-

675 2572 919 2630 clesiam.
945 2571 1086 2628 Olim
1110 2584 1238 2641 ergo
1267 2569 1451 2625 isthac
1477 2567 1695 2622 ﬂumina
1729 2565 2029 2621 inhabitata
2052 2575 2229 2631 erant,

677 2674 735 2721 et
754 2680 786 2720 a
809 2663 918 2720 Deo
951 2664 1127 2719 aliena
1150 2679 1166 2721 :
1194 2676 1257 2716 ac
1289 2661 1436 2733 regio
1454 2676 1641 2729 eorum
1664 2662 1750 2730 pia
1774 2661 2033 2732 religione
2061 2675 2232 2715 vacua

678 2764 734 2811 et
757 2757 970 2812 deserta
998 2752 1146 2822 ;iam
1172 2766 1300 2807 vero
1331 2766 1430 2822 per
1457 2762 1723 2817 nostram,
1753 2752 1946 2821 inquit,
1977 2751 2234 2821 praedica-

676 2845 906 2909 tionem,
937 2851 1227 2898 memorata
1264 2839 1481 2896 ﬂumina
1509 2851 1565 2896 et
1584 2841 1735 2911 regio
1753 2855 1962 2906 eorum,
2003 2841 2056 2895 in
2083 2839 2234 2895 habi-

675 2944 849 2990 tatam
880 2944 1076 2991 terram
1108 2948 1260 2988 versa
1288 2941 1435 2988 sunt.
1474 2932 1530 2987 ld
1560 2947 1722 3001 porro
1770 2931 2082 3002 procurahit
2131 2931 2234 2987 illis

677 3025 882 3082 Christi
915 3026 1125 3096 signum
1155 3042 1169 3079 ε
1199 3043 1219 3076 ι
1272 3021 1449 3080 Veluti
1499 3024 1709 3095 signum
1755 3039 1785 3078 a
1835 3033 2018 3080 monte
2058 3023 2234 3080 eleva-

678 3117 847 3174 bitur.
884 3135 904 3169 ι

762 3204 922 3262 Vsus.
945 3205 1001 3260 ι.
1032 3222 1052 3257 ι
1080 3204 1354 3273 Tanquam
1406 3204 1653 3260 buccinae
1673 3220 1774 3261 vox
1797 3205 2082 3261 audietur:
2115 3205 2238 3276 quia

682 3296 763 3355 sic
793 3296 931 3353 dixit
971 3295 1230 3352 Dominus
1274 3295 1406 3349 mihi
1433 3311 1450 3350 :
1479 3294 1754 3352 Securitas
1796 3297 1903 3351 erit
1934 3299 1986 3352 in
2017 3313 2133 3353 mea
2163 3297 2242 3353 ci-

678 3388 872 3442 vitate.
902 3405 924 3441 »
959 3386 1218 3443 Praedicta
1277 3388 1427 3458 regio
1470 3401 1589 3443 mea
1636 3386 1851 3442 Domini
1908 3389 2098 3444 civitas
2121 3398 2240 3444 est:

682 3488 854 3546 quare
887 3474 1154 3531 securitas
1186 3475 1239 3528 in
1273 3489 1337 3530 ea
1364 3476 1491 3539 erit,
1544 3483 1734 3545 utpote
1763 3477 2101 3530 custodiente
2133 3490 2239 3539 me,

684 3574 743 3623 et
769 3565 1006 3635 undique
1030 3565 1174 3619 illam
1202 3573 1442 3630 tutante;
1470 3565 1546 3619 ita
1580 3573 1637 3618 ut
1653 3564 1778 3634 jure
1798 3563 1866 3618 d'e
1891 3564 1981 3619 illa
2011 3565 2241 3632 dicatur,

691 3675 716 3710 ι
732 3654 980 3714 Gloriosa
999 3655 1139 3711 dicta
1163 3663 1288 3711 sunt
1317 3656 1384 3710 de
1407 3663 1478 3720 te,
1503 3655 1694 3712 civitas
1721 3655 1813 3710 Dei
1835 3655 1880 3688 ⁸⁸
1907 3674 1922 3722 ;
1949 3675 1968 3708 ι
1991 3666 2046 3710 et
2072 3674 2090 3706 ι
2116 3655 2246 3709 Flu-

686 3747 854 3804 minis
891 3746 1124 3817 impetus
1173 3745 1452 3802 laetiilcant
1495 3747 1773 3802 civitatem
1804 3746 1918 3803 Dei.
1953 3744 2130 3803 Veluti
2155 3747 2247 3802 lux

685 3847 851 3894 astus
887 3837 1194 3902 meridiani,
1223 3847 1279 3893 et
1311 3846 1374 3894 ut
1405 3839 1580 3898 nubes
1610 3839 1751 3900 roris
1780 3838 1885 3893 diei
1917 3838 2108 3894 messis
2139 3837 2240 3891 ⁸⁸.»

691 3929 772 3983 Ah
796 3925 1100 3996 huiusmodi
1123 3927 1267 3991 luce,
1290 3943 1411 3998 quae
1436 3927 1593 3996 quasi
1631 3937 1795 3984 aestus
1834 3928 2166 3982 meridianus
2187 3928 2242 3982 in

687 4017 909 4074 civitate
935 4033 1052 4073 mea
1088 4017 1396 4087 eﬂ‘unditur,
1438 4019 1590 4086 nihil,
1631 4020 1824 4090 inquit,
1876 4019 2081 4075 civitati
2115 4033 2248 4074 mea:

691 4108 877 4163 damni
905 4109 1159 4173 infertur,
1191 4124 1366 4179 neque
1390 4109 1542 4166 dolor
1571 4111 1638 4166 iis
1672 4111 1766 4180 qui
1798 4109 2104 4180 huiusmodi
2131 4108 2250 4164 luce

687 4198 1108 4269 perfunduntur.
1126 4199 1240 4255 Lux
1262 4202 1426 4271 igitur
1446 4201 1551 4265 illa,
1574 4211 1657 4257 est
1676 4201 1848 4272 ipsum
1870 4204 1963 4258 Dei
1988 4203 2246 4270 Verbum,

687 4293 833 4360 Quod
853 4292 1149 4348 Ecclesiatn
1175 4295 1296 4365 ejus
1320 4308 1534 4363 semper
1553 4296 1855 4364 illuminat;
1878 4298 2050 4353 nubes
2066 4307 2248 4352 autem

688 4386 856 4449 rotis,
883 4385 1119 4457 Spiritus
1135 4395 1382 4455 sanctus,
1398 4388 1490 4456 qui
1511 4402 1817 4457 supremam
1838 4390 2098 4461 nnigeniti
2122 4387 2248 4442 Filii

687 4473 787 4532 Dei
832 4476 1176 4549 theologiam,
1211 4478 1301 4544 iis,
1355 4481 1447 4548 qui
1476 4493 1600 4534 eam
1648 4494 1845 4550 capere
1895 4494 2001 4534 non
2025 4479 2249 4545 valent,

691 4568 1016 4651 adumbrata
1051 4569 1244 4636 tradit,
1277 4578 1339 4624 ut
1371 4580 1790 4641 stuperatem
1821 4571 2098 4641 quidpiam
2129 4569 2248 4625 elli-

689 4658 888 4721 ciatur,
900 4655 1065 4712 altam
1081 4667 1138 4712 et
1157 4662 1425 4722 sit-mam
1442 4661 1510 4715 de
1521 4659 1740 4716 Christo
1757 4659 2081 4730 theologiam
2103 4674 2253 4714 com-

691 4744 971 4816 plectens;
999 4746 1161 4817 idque
1183 4763 1250 4804 ex
1275 4749 1496 4806 accessu
1541 4749 1820 4816 cujusdam
1868 4750 2024 4804 nubis
2073 4749 2246 4806 sancti

693 4836 954 4907 Spiritus.
980 4837 1105 4894 Hae
1139 4855 1304 4910 porro
1331 4850 1456 4897 ante
1483 4855 1714 4896 messem
1752 4840 1930 4895 futura
1963 4840 2248 4910 praedicit:

696 4929 800 4985 hac
841 4929 1052 4985 ratione
1090 4931 1295 4988 fructus
1322 4933 1376 4986 in
1405 4932 1646 4988 Ecclesia
1676 4932 1767 4986 Dei
1798 4932 2120 5002 pullulautes
2173 4933 2251 4987 si-

695 5021 985 5089 gniﬂcans,
1018 5024 1107 5093 qui
1145 5025 1319 5080 instar
1345 5026 1616 5094 spicarum
1640 5023 1985 5080 cillorescuut
2009 5043 2024 5080 :
2059 5040 2164 5093 qua
2187 5024 2252 5077 de

693 5130 753 5170 re
780 5115 1029 5184 superius
1062 5116 1107 5148 ³⁷
1141 5117 1254 5171 haec
1281 5118 1615 5182 declarabat,
1656 5137 1677 5171 ι
1712 5117 1779 5172 Et
1806 5117 2131 5172 laetabuntur
2161 5130 2254 5170 co-

693 5219 810 5268 nam
847 5214 920 5272 te,
945 5206 1087 5261 sicut
1123 5207 1214 5277 qui
1250 5207 1500 5262 laetantur
1535 5209 1588 5263 in
1618 5222 1812 5264 messe.
1851 5226 1870 5259 ι
1905 5207 1971 5261 Et
2003 5205 2254 5260 Salvator

693 5292 944 5348 sitniliter
981 5310 1102 5350 cum
1161 5294 1387 5360 diceret,
1420 5317 1440 5349 ι
1467 5297 1670 5353 Levate
1715 5298 1900 5353 oculos
1938 5306 2166 5359 vestros,
2197 5302 2252 5350 et

693 5384 871 5439 videte
895 5399 1075 5456 agros,
1103 5389 1358 5457 quoniam
1420 5389 1527 5445 albi
1574 5399 1702 5444 sunt
1751 5392 1818 5445 ad
1868 5403 2096 5444 messem
2122 5387 2186 5439 ⁸⁸.
2225 5404 2245 5438 ι

692 5472 813 5530 Erit
838 5475 1020 5543 itaque
1066 5475 1157 5532 lux
1187 5478 1485 5540 divinitatis
1533 5479 1722 5546 Verbi,
1757 5481 1810 5534 in
1855 5482 1973 5550 ejus
2005 5481 2248 5542 civitate,

692 5577 801 5619 non
830 5570 1126 5635 temperata
1149 5570 1301 5639 quasi
1323 5570 1510 5640 vigens
1531 5578 1588 5625 et
1613 5570 1942 5637 meridiana;
1971 5573 2098 5641 quia
2123 5581 2250 5624 vero

2401 1756 2418 1784 ι
2448 1734 2564 1790 Νῦν
2593 1734 2644 1787 oi
2674 1728 2904 1802 ποταμοὶ
2934 1727 3031 1800 τῆς
3061 1725 3163 1798 γῆς
3191 1723 3390 1787 πάντες
3419 1721 3495 1785 ώς
3523 1719 3672 1792 χώρα
3700 1733 3893 1773 κατοι-

2327 1825 2593 1898 κουμένη·
2629 1818 3100 1891 κατοικισθήσεται
3143 1817 3178 1887 ἡ
3213 1812 3365 1885 χώρα
3405 1811 3604 1866 αὐτῶν.
3635 1829 3655 1862 ι
3708 1808 3894 1898 Δίνίτέ-

2325 1897 2511 1974 τεσθαι
2561 1915 2619 1970 δὲ
2651 1913 2739 1970 διὰ
2781 1911 2986 1966 τούτων
3039 1925 3128 1980 μοι
3158 1907 3303 1961 δοκεῖ
3350 1905 3628 1974 ποταμοὺς
3679 1899 3776 1971 μὲν
3819 1897 3897 1954 τὰ

2326 2008 2504 2081 πλήθη
2529 2007 2634 2061 τῶν
2658 2006 2749 2059 τὸν
2778 2003 2909 2056 Θεὸν
2940 1996 3385 2068 έπιγνωσομένων
3410 1992 3554 2049 λαῶν
3573 2010 3588 2023 ·
3617 1989 3798 2081 χώρας
3829 1985 3898 2044 δδ

2329 2080 2512 2153 αὐτῶν
2567 2097 2667 2160 τὰς
2715 2092 3031 2164 ἐκκλησίαςσ
3081 2089 3157 2152 ὡς
3235 2085 3344 2157 γάρ
3385 2084 3638 2156 ἀνωτέρω
3685 2080 3898 2151 κύμασι

2328 2191 2624 2259 θαλάσσης,
2655 2186 2749 2240 καὶ
2775 2184 2981 2255 κύμασι
3012 2178 3441 2251 τεταραγμένοις
3473 2176 3542 2231 τά
3571 2174 3745 2247 πλήθη
3781 2171 3900 2227 τῶν

2328 2283 2571 2337 ἀπίστων
2616 2277 2783 2333 ἐθνῶν
2823 2274 3146 2347 παρέϐαλεν,
3179 2271 3320 2325 οὕτω
3350 2269 3442 2324 νῦν
3477 2269 3735 2338 ποταμοῖς
3762 2264 3899 2334 γλυ-

2329 2375 2449 2428 κέσι
2491 2373 2583 2427 καὶ
2625 2368 2897 2432 εὐσταθῶς
2938 2364 3289 2435 κινουμένοις.
3314 2363 3439 2426 τοὺς
3469 2356 3704 2432 Χριστοῦ
3728 2355 3899 2421 λαοὺς

2330 2470 2600 2539 ἀφομοιοῖ,
2649 2463 2832 2537 χώραν
2879 2461 3055 2516 αὐτῶν
3108 2457 3352 2532 δηλώσας
3390 2456 3490 2529 τήν
3546 2450 3901 2524 Ἐκκλησίαν.

2331 2561 2504 2617 Πάλαι
2551 2559 2646 2631 μὲν
2689 2552 2780 2611 οὖν
2816 2552 2957 2628 ἦσαν
2987 2554 3037 2608 oi
3071 2550 3306 2622 ποταμοὶ
3330 2542 3474 2603 οῦτοι
3505 2544 3765 2614 ἀοίκητοι,
3799 2541 3908 2597 καὶ

2332 2653 2597 2724 ἀλλότριοι
2624 2647 2780 2713 Θεοῦ,
2803 2647 2838 2718 ἢ
2863 2663 2923 2700 τε
2949 2643 3103 2716 χώρα
3124 2640 3300 2697 αὐτῶν
3327 2640 3530 2712 ἔρημος
3557 2631 3867 2698 θεοσεϐείας
3885 2648 3905 2666 ’

2333 2745 2449 2800 νυνὶ
2490 2744 2548 2798 δὲ
2599 2742 2688 2796 διά
2744 2739 2838 2794 τοῦ
2882 2736 3170 2809 ἡμετέρου,
3221 2733 3380 2803 φησὶ,
3429 2729 3798 2802 κηρύγματος,
3847 2725 3909 2780 oi

2333 2837 2659 2911 δηλωθέντες
2692 2831 2923 2903 ποταμοὶ
2954 2828 3048 2882 καὶ
3075 2829 3108 2898 ή
3141 2823 3294 2897 χώρα
3325 2823 3503 2878 αὐτῶν
3541 2823 3629 2911 είς
3650 2815 3911 2911 sintsunt:

2335 2907 2434 3003 νην
2461 2927 2594 2982 ὲστί.
2621 2922 2948 2997 Προξενήσει
2973 2920 3031 2974 δὲ
3061 2916 3218 2973 τοῦτο
3244 2915 3427 2979 αὐτοῖς
3447 2914 3508 2967 τὸ
3540 2910 3633 2967 τοῦ
3660 2907 3910 2984 Χριστοῦ

2339 3021 2588 3092 σημεῖον
2626 3035 2646 3067 ι
2679 3014 2824 3068 Ὠσεὶ
2852 3013 3075 3084 σημεῖον
3101 3009 3208 3063 ἀπὸ
3243 3007 3403 3080 ὅρους
3440 3003 3597 3076 ἀρθῇ.
3629 3021 3650 3056 s

2413 3215 2432 3249 ι
2471 3196 2559 3258 Ὦς
2592 3193 2888 3261 σάλπιγγος
2939 3188 3089 3261 φωνὴ
3137 3186 3395 3244 ἀκουστὸν
3427 3184 3577 3239 ἔσται
3597 3201 3612 3216 ο
3647 3181 3778 3236 διότι
3809 3181 3913 3237 οὗ·

2338 3305 2446 3352 τως
2482 3282 2603 3341 εἶπε
2647 3283 2849 3356 Κύριός
2893 3298 3012 3354 μοι·
3054 3279 3345 3350 Ἀσφάλεια
3389 3277 3539 3330 ἔσται
3577 3277 3636 3328 ὲν
3673 3268 3742 3346 τῇ
3791 3273 3912 3347 ιμῇ

2339 3381 2510 3434 πόλει.
2535 3397 2553 3429 ι
2611 3379 2678 3431 Ἡ
2718 3376 2773 3430 δὲ
2819 3374 3169 3447 προλεχθεϊσα
3211 3370 3362 3443 χώρα
3413 3369 3518 3441 ἐμὴ
3565 3366 3657 3421 τοῦ
3699 3365 3914 3438 Κυρίου

2341 3471 2457 3525 ἐστὶ
2481 3469 2663 3533 πόλις’
2701 3468 2782 3522 διὸ
2812 3466 3076 3535 ἀσφάλεια
3109 3464 3260 3518 ἔσται
3290 3464 3347 3515 ὲν
3379 3461 3536 3532 αὐτῇ,
3565 3458 3641 3523 ὡς
3676 3457 3741 3512 ἃν
3768 3455 3913 3530 ἐμοῦ

2341 3562 2694 3632 φυλάττοντος
2732 3560 2825 3613 καὶ
2870 3555 3198 3627 πανταχόθεν
3232 3553 3399 3626 αὐτὴν
3441 3550 3872 3622 ἀσφαλιξομένου
3893 3564 3912 3582 ο

2342 3653 2483 3708 ὥστε
2513 3653 2735 3717 εἰκότως
2791 3649 2918 3722 περὶ
2961 3648 3130 3718 αὐτῆς
3171 3645 3455 3716 λέγεσθαι·
3493 3663 3511 3696 ι
3535 3640 3916 3713 Δεδοξασμένα

2344 3743 2576 3816 ἐλαλήθη
2611 3742 2738 3815 περ)⁸
2771 3738 2886 3807 σοῦ,
2919 3741 2954 3814 ἡ
3007 3738 3159 3802 πόλις
3205 3737 3300 3790 τοῦ
3345 3733 3502 3800 Θεοῦ,
3535 3755 3554 3787 ι
3590 3735 3712 3789 καὶο
3755 3752 3774 3785 ι
3796 3731 3916 3788 Τοῦ

2347 3834 2590 3906 ποταμοῦ
2636 3834 2705 3888 τὰ
2748 3833 3044 3904 όρμήματα
3085 3828 3435 3908 εὐφραίνουσι
3470 3828 3571 3900 τὴν
3608 3825 3762 3880 πόλιν
3811 3824 3917 3882 τοῦ

2345 3926 2500 3980 Θεοῦ.
2535 3925 2622 3988 Ὠς
2649 3923 2764 3993 φῶς
2794 3920 3069 3993 καύματος
3098 3907 3461 3993 μεσημϐρίας,
3480 3907 3574 3972 καὶ
3605 3917 3682 3980 ὡς
3711 3913 3917 3989 νεφέλαι

2345 4017 2535 4089 δρόσου
2593 4016 2804 4088 ἡμέρας
2852 4012 3083 4085 ἀμητοῦ.
3110 4033 3129 4066 ι
3180 4011 3433 4066 Τοιούτου
3485 4010 3542 4063 δὲ
3592 4007 3768 4080 φωτὸς
3811 4006 3918 4071 tusi

2347 4107 2534 4181 ὥσπερ
2565 4108 2840 4176 καύματος
2889 4102 3260 4177 μεσημϐρινοῦ
3288 4100 3579 4173 γενομένου
3614 4101 3671 4153 ὲν
3703 4101 3769 4171 τῇ
3800 4099 3918 4172 itan

2348 4200 2519 4267 ¹ιιυόλει,
2565 4200 2665 4253 ούκ
2709 4196 2843 4262 ἔστι,
2889 4197 3043 4269 φησὶ,
3094 4195 3287 4268 βλάϐη,
3320 4193 3439 4248 οὐδὲ
3475 4191 3619 4262 λύπη
3663 4193 3772 4255 τοῖς
3806 4190 3919 4246 ὑπὸ

2345 4291 2571 4362 τοιούτῳ
2600 4290 2740 4359 φωτὶ
2769 4286 3284 4360 καταυγαξομένοις.
3329 4284 3450 4348 Φῶς
3484 4283 3583 4354 μὲν
3619 4276 3716 4336 οὖν
3751 4280 3918 4346 αὑτός

2278 4431 2326 4487 D
2351 4385 2498 4437 ἐστιν
2523 4384 2554 4441 ό
2575 4381 2668 4436 τοῦ
2694 4380 2829 4435 Θεοῦ
2859 4381 3050 4449 Λόγος,
3077 4380 3107 4432 ό
3131 4378 3230 4449 τὴν
3253 4376 3580 4447 Ἐκκλησίαν
3603 4372 3768 4427 αὐτοῦ
3791 4371 3920 4427 δια-

2355 4473 2553 4538 παντὸς
2596 4471 2875 4543 φωτίζων·
2927 4469 3123 4540 νεφέλη
3157 4468 3216 4521 δὲ
3263 4467 3453 4539 δρόσου
3495 4466 3557 4519 τὺ
3598 4463 3820 4536 Πνεῦμα
3850 4464 3920 4519 τὺ

2354 4565 2529 4635 ἅγιον,
2561 4564 2625 4628 τὸ
2652 4562 2753 4635 τὴν
2789 4561 2969 4634 ἂκραν
2983 4560 3260 4629 θεολογίαν
3302 4558 3396 4615 τοῦ
3429 4555 3755 4629 μονογενοῦς
3780 4555 3920 4610 nos

2344 4643 2834 4727 τοῡθεοῡωῖςμάι
2866 4654 3091 4717 οῖοιςτε
3125 4653 3299 4725 αὐτὴν
3338 4653 3535 4723 χωρεῖν
3575 4646 3922 4716 mecm,

2347 4749 2422 4812 ὡς
2453 4747 2792 4820 κεκραμένον
2820 4745 3198 4803 ἀποτελεῖσθαί
3237 4761 3290 4799 τι
3322 4743 3455 4796 πολὺ
3486 4737 3581 4796 καί
3618 4741 3921 4815 ἀκρότατον

2344 4845 2441 4912 τῆς
2468 4839 2594 4914 περὶ
2619 4837 2854 4912 Χριστοῦ
2887 4836 3180 4906 θεολογίας,
3196 4834 3282 4890 διά
3309 4835 3406 4906 τὴν
3436 4833 3531 4888 τοῦ
3561 4834 3715 4903 ἁγίου
3746 4832 3921 4888 Πνεῦ-

2356 4948 2521 5001 ματος
2577 4929 2815 5002 ὡσπερεί
2847 4945 2991 4991 τινος
3014 4927 3238 4998 νεφέλης
3260 4925 3589 4997 ύποδρομήν.
3616 4922 3728 4978 Καὶ
3744 4922 3924 4980 ταῦτα

2351 5021 2568 5077 ἔσεσθαί
2610 5037 2742 5095 φησι
2776 5019 2883 5093 πρὸ
2915 5018 3006 5072 τοῦ
3051 5016 3346 5089 θερισμοῦ·
3381 5015 3568 5069 τοῦτον
3609 5013 3783 5086 δηλῶν
3823 5012 3926 5070 τὸν

2351 5116 2550 5186 τρόπον
2589 5115 2690 5176 τὰς
2720 5115 2779 5166 ὲν
2811 5115 2930 5175 ταῖς
2987 5111 3302 5182 ἐκκλησίαις
3338 5109 3431 5163 τοῦ
3465 5107 3600 5162 Θεοῦ
3641 5121 3925 5180 καρποφο-

2353 5205 2494 5276 ρίας,
2522 5205 2677 5274 δίκην
2709 5203 2954 5274 σταχύων
2985 5200 3276 5265 ἀνθούσαςο
3311 5201 3440 5272 περὶ
3463 5193 3530 5254 οῦ
3552 5198 3642 5252 καὶ
3666 5195 3931 5270 ἀνωτέρω

2351 5295 2537 5366 ἐδήλου
2565 5295 2739 5364 λέγων
2757 5311 2771 5324 ·
2795 5312 2814 5346 ι
2848 5292 2952 5352 Καὶ
2981 5291 3438 5364 εὐφρανθήσονται
3456 5289 3684 5345 ἐνώπιόν
3711 5288 3928 5354 σου,ὠς

2349 5388 2399 5440 οι
2425 5386 2836 5459 εὐφραινόμενοι
2886 5387 2944 5439 ὲν
2989 5382 3206 5456 ἀμητῷ.
3240 5402 3259 5436 ι
3309 5383 3422 5437 Καὶ
3451 5385 3480 5436 ό
3507 5381 3699 5453 Σωτὴρ
3721 5379 3928 5452 ὁμοίως

2349 5476 2414 5530 δι’
2438 5469 2513 5531 ὧν
2538 5477 2724 5545 ἔλεγεν
2747 5493 2760 5506 ·
2795 5494 2814 5528 ι
2850 5476 3120 5548 Ἑπάρατε
3143 5476 3269 5540 τοὺς
3295 5473 3607 5545 ὀφθαλμοὺς
3634 5472 3808 5544 ὑμῶν,
3828 5472 3928 5527 καὶ

2353 5565 2489 5620 ίδετε
2536 5565 2633 5630 τὰς
2665 5564 2871 5637 χώρας,
2913 5565 2995 5619 ὅτι
3033 5564 3219 5619 λευκαί
3274 5565 3380 5617 είσι
3426 5562 3564 5634 πρὸς
3596 5561 3922 5634 θερισμόν.·ι

763 5739 1022 5814 ⁸⁵ΕρΙιεσ.
1049 5758 1112 5813 ιι,
1140 5745 1257 5824 12η
1296 5747 1340 5782 ⁸⁸
1371 5746 1510 5807 Psal.
1542 5724 1762 5818 nam,
1783 5750 1834 5806 3.
1912 5750 1957 5785 "‘
1986 5749 2124 5807 Psal.
2165 5765 2286 5819 xcv,
2308 5749 2362 5805 5.
2435 5750 2478 5783 ⁸⁷
2508 5748 2639 5820 Cap.
2667 5764 2742 5818 ιι,
2768 5761 2904 5805 vers.
2931 5748 2986 5804 5.
3054 5747 3100 5782 ⁸³
3139 5745 3291 5803 loan.
3323 5762 3392 5811 tv,
3445 5746 3535 5802 35.
