4120 6294
283 297 383 358 ιη

1232 300 1740 362 (ΞΟΠΜΕΝΤΑΒΙΑ
1776 301 1845 357 ΙΝ
1886 303 2142 358 ISAIAM.
2180 336 2243 347 —-
2281 302 2437 361 CAP.
2479 301 2672 359 XVIII.

293 416 475 472 Ἔσται
527 416 705 470 τοίνυν
737 416 800 470 τὸ
834 418 934 487 μὲν
963 435 1079 488 φως
1127 420 1226 491 τῆς
1268 421 1521 489 θεότητος
1566 417 1661 472 τοῦ
1691 419 1845 487 Λόγοι

1969 418 2036 471 ab
2061 419 2370 472 hominibus
2403 419 2521 486 capi
2552 415 2764 485 nequit,
2807 414 3155 471 intercedens
3180 416 3355 471 media
3391 431 3542 487 qua:-

284 510 517 578 ἇκρατον
551 509 737 581 ὥσπερ
782 512 1018 581 ἀκμαῖον
1051 514 1146 567 καὶ
1180 498 1546 586 μεσημϐρινὸν
1576 514 1634 565 ιν
1668 514 1735 582 τῇ
1766 512 1860 564 αὺ-

282 599 372 652 τοῦ
401 599 588 653 πώλει*
621 599 707 652 διὰ
733 600 792 652 δι
822 601 884 654 τὸ
915 603 990 673 μὴ
1021 604 1333 676 χωρηθῆναι
1360 604 1492 658 αὐτὸ
1519 603 1624 657 ὑπὸ
1649 602 1858 673 ἀνθρώ-

280 706 417 755 πων,
449 690 597 761 μέση
625 689 908 746 διελθοῦσα
934 694 969 764 η
996 692 1190 765 νεφέλη
1214 694 1310 749 τοῦ
1342 694 1499 763 ἁγίου
1520 693 1857 762 Πνεύματος,

278 781 473 853 δρόωυ
523 779 795 850 ἔμπλεως,
839 784 1146 839 ὶπισκιάσει
1194 785 1293 857 τὴν
1330 784 1502 856 αὐτὴν
1549 783 1723 842 πόλιν,
1749 784 1856 847 ἵνα,

277 872 355 934 ὡς
382 874 442 925 έν
468 873 714 945 ἡμέραις
738 875 1105 945 ἀμητοῦ,ταῖς
1136 877 1241 949 πρὸ
1262 876 1357 931 τοῦ
1391 876 1673 949 θερισμοῦ,
1696 873 1859 928 καὶτὸ

281 961 399 1030 φῦς
433 963 697 1035 δκλάμπη
731 966 823 1018 καὶ
848 969 879 1038 ὴ
915 967 1108 1038 νεφέλη
1138 969 1427 1041 ὲπισκιάζῃ
1456 970 1643 1039 αὐτήν.

356 1070 378 1103 ε
409 1053 611 1107 Ἔσται
648 1055 753 1126 πρὸ
778 1056 871 1110 τοῦ
914 1058 1195 1130 θερισμοῦ,
1224 1060 1352 1114 ὅταν
1397 1058 1722 1129 συντελεσθῇ
1764 1058 1858 1113 ἀν-

281 1140 394 1203 θος,
433 1144 537 1196 καὶ
577 1144 759 1214 ὅμφαξ
803 1146 1073 1221 ὲξανθήσῃ
1118 1149 1275 1213 ἄνθος
1317 1149 1724 1222 όμφακίζουσα·
1762 1150 1857 1203 καὶ

281 1234 475 1300 ἀτελεῖ
503 1235 572 1288 τὰ
602 1236 853 1307 βοτρύδια
877 1240 945 1292 τὰ
982 1240 1153 1312 μικρὰ
1174 1245 1285 1307 τοῖς
1306 1242 1613 1313 δρεπάνοις,
1644 1242 1859 1305 καὶτὰς

282 1325 627 1395 κληματίδας
656 1329 859 1397 ἀφελεῖ,
892 1332 985 1385 καὶ
1024 1333 1566 1405 ἀποκόψομποσπερ
1590 1332 1718 1403 γὰρ,
1750 1350 1855 1401 φη-

282 1419 384 1479 σὶν,
417 1422 481 1471 εν
510 1421 632 1481 ταῖς
660 1422 940 1491 ἀμπέλοις,
972 1424 1188 1478 ἐπειδὰν
1233 1424 1484 1494 δμφακες
1517 1418 1649 1478 ὦσιν
1689 1423 1858 1493 οίιβό-

275 1524 461 1579 τρυες,
516 1511 745 1574 ἐπιστὰς
782 1514 809 1565 ό
838 1514 1081 1585 γεωργὸς
1120 1514 1190 1568 τὰ
1218 1512 1448 1586 περιττά
1471 1516 1565 1569 καὶ
1607 1516 1855 1586 ἀχρηστα

273 1597 378 1650 τῶν
418 1597 723 1669 κλημάτων
752 1602 1030 1665 ἐκκόπτει,
1056 1603 1117 1656 οὐ
1148 1604 1327 1673 μόνον,
1352 1602 1488 1657 ἀλλά
1514 1603 1697 1658 καὶτὰ
1727 1604 1853 1656 ἀτε-

271 1682 513 1755 λεθφόρα
538 1688 633 1740 καὶ
661 1687 901 1756 ὡσπερεὶ
928 1694 1244 1760 νεκριμαῐω
1276 1692 1371 1745 καὶ
1409 1688 1579 1744 ταῦτα
1610 1691 1739 1762 γὰρ,
1778 1691 1853 1754 ὼς

1960 510 2083 563 dum
2127 510 2296 564 nubes
2323 510 2560 577 Spiritus
2593 506 2793 569 sancti,
2812 506 2970 576 plena
3006 506 3169 571 roris,
3191 507 3437 562 eamdem
3464 510 3543 564 ci—

1962 604 2179 655 vitatem
2229 600 2581 665 innmbrabit,
2638 612 2717 663 ut,
2764 599 3219 668 quemadmodum
3265 600 3318 652 in
3350 600 3543 656 diebus

1964 691 2177 752 messis.
2204 707 2321 760 quae
2358 692 2527 759 ipsam
2569 704 2797 744 messem
2862 698 3238 758 prmvertuut,
3270 699 3326 744 et
3360 689 3539 745 lumen

1961 784 2262 853 splendeat,
2284 794 2340 837 et
2372 783 2542 837 nubes
2573 782 2843 835 inumbret
2877 780 3041 835 illam.

2032 1051 2197 1105 νω.
2227 1050 2284 1115 5,
2315 1050 2369 1105 6.
2401 1068 2420 1101 ι
2454 1049 2573 1105 Erit
2598 1058 2725 1104 ante
2752 1062 3011 1114 messem,
3038 1061 3161 1101 cum
3193 1043 3355 1099 fuerit
3399 1056 3535 1097 con-

1960 1150 2264 1195 summatus
2293 1140 2413 1206 ﬂos,
2440 1149 2495 1195 et
2526 1156 2630 1194 uva
2662 1155 2766 1195 non
2800 1149 3013 1193 matura
3061 1137 3316 1192 eduxerit
3346 1133 3532 1188 ﬂorem

1958 1235 2272 1303 geminans
2300 1251 2313 1286 :
2349 1245 2405 1287 et
2439 1232 2651 1287 auferet
2690 1232 2997 1287 racemulos
3040 1241 3239 1299 parvos
3269 1225 3495 1281 falcibus
3518 1264 3533 1289 .

1956 1335 2015 1381 et
2042 1335 2318 1381 sarmenta
2353 1324 2505 1379 tollet
2566 1334 2622 1379 et
2648 1322 2964 1391 abscindet.
3001 1339 3020 1373 ι
3065 1318 3535 1387 Quemadmodum

1956 1419 2125 1482 enim,
2168 1417 2364 1486 inquit,
2392 1417 2445 1470 in
2470 1416 2665 1477 vineis,
2698 1416 2823 1469 dum
2860 1429 2977 1469 uva:
3004 1414 3308 1467 immatura
3359 1419 3486 1463 sunt
3514 1448 3532 1471 ,

1958 1510 2255 1563 adventans
2288 1507 2523 1578 agricola
2556 1505 2769 1560 inutiles
2796 1506 3045 1573 palmites
3070 1502 3273 1558 excidit
3299 1540 3314 1566 ,
3354 1514 3533 1568 neque

1958 1601 2011 1655 id
2034 1609 2265 1665 tantum,
2283 1598 2376 1653 sed
2394 1598 2561 1651 etiam
2588 1596 2923 1650 infructuosa
2947 1607 3176 1664 quaeque
3201 1602 3257 1646 et
3284 1605 3535 1645 arescem

1959 1694 2033 1747 tia
2060 1700 2271 1747 resecat
2298 1708 2313 1745 :
2362 1690 2564 1744 etenim
2599 1688 2687 1743 illa
2718 1699 2935 1757 quoque
2966 1728 2982 1753 ,
3022 1694 3211 1752 utpote
3245 1697 3367 1752 qua
3393 1680 3531 1736 nihil

268 1779 366 1830 οὐκ
394 1776 469 1831 ἂν
497 1780 717 1845 ἀλκαῐα,
741 1780 859 1833 οὐδὲ
887 1781 1097 1853 ἀγαθὴν
1126 1781 1315 1853 έχοντα
1336 1782 1527 1838 ιλπίδα
1549 1782 1688 1854 πρὸς
1715 1800 1845 1853 καρ-

1956 1782 2156 1851 vigoris
2187 1782 2457 1845 habeant,
2498 1794 2673 1849 neque
2699 1779 2862 1833 ullam
2891 1778 2959 1832 ad
2994 1775 3208 1831 fructus
3230 1772 3527 1845 perfectio-

269 1866 368 1919 ποῦ
418 1868 724 1935 τελείωσιν,
778 1875 1053 1943 περιαιρεῖ
1098 1874 1375 1945 ἐπιστήμῃ
1408 1872 1712 1945 γεωργικῇ,
1761 1874 1849 1927 ἴνα

268 1958 340 2029 μὴ
381 1960 717 2032 λυμαίνηται
747 1966 855 2027 τοῖς
888 1964 1222 2035 ἐρρωμένοις
1247 1964 1467 2038 βότρυσι
1510 1964 1579 2019 τὰ
1619 1966 1847 2036 περιττά

264 2052 356 2105 καὶ
384 2051 673 2123 ἀχρηστα·
711 2053 843 2109 διότι
881 2054 1055 2109 ταῦτα
1089 2055 1188 2126 μιν
1212 2057 1437 2127 ἀφαιρεῖ
1476 2056 1571 2108 καὶ
1616 2056 1845 2127 παραδί-

260 2140 427 2195 δωσιν
474 2144 558 2206 είς
600 2143 802 2216 βρῶσιν
844 2164 864 2197 t
886 2148 997 2210 τοῖς
1039 2148 1301 2209 πετεινοῖς
1351 2143 1445 2199 τοῦ
1486 2144 1718 2218 οὐρανοῦ
1753 2147 1845 2199 καὶ

261 2235 373 2292 τοῖς
644 2234 745 2304 τῆς
772 2234 898 2307 γῆς,
930 2254 950 2286 ι
984 2237 1051 2290 τὰ
1084 2236 1140 2291 δὲ
1167 2236 1258 2291 τὸν
1286 2237 1477 2307 ιντελῆ
1507 2236 1844 2300 διασώζοντα

261 2323 477 2394 καρπὸν
507 2323 598 2377 διά
624 2324 805 2395 πάσης
834 2325 1149 2395 ιπιμελείας
1194 2326 1447 2395 φυλάττει
1468 2345 1482 2357 ·
1530 2326 1671 2380 οὕτω
1705 2329 1844 2381 κατά

261 2413 351 2465 τὸν
398 2414 599 2483 καιρὸν
635 2414 729 2468 τοῦ
769 2416 1030 2488 θερισμοῦ
1055 2418 1377 2488 γενήσεσθαί
1412 2435 1564 2488 φησι,
1606 2419 1715 2472 τῶν
1744 2419 1844 2489 τῆς

260 2504 513 2574 ἀμπέλου
537 2506 806 2580 περιττῶν
826 2506 1141 2578 κλημάτων,
1158 2507 1373 2561 καὶτῶν
1394 2510 1681 2580 ἀχρήστων
1701 2510 1841 2580 αὐτῇ

261 2594 505 2667 βοτρύων
551 2600 1043 2671 περιαιρουμένων,
1094 2602 1187 2654 καὶ
1238 2602 1715 2671 ἀποκοπτομένων,
1765 2605 1843 2666 είς

262 2687 425 2760 βοράν
467 2706 533 2742 τε
578 2688 934 2763 ᾱδῶομένων
971 2695 1092 2757 ταῖς
1138 2696 1485 2757 uelantur;
1515 2693 1837 2763 δυνάμεσιν,

1952 1888 2073 1929 nem
2110 1888 2261 1944 spem
2286 1873 2618 1941 relinquant,
2642 1886 2707 1924 ex
2734 1870 3081 1941 agricultura:
3100 1868 3296 1939 peritia
3326 1867 3391 1922 de
3420 1882 3528 1923 me-

1951 1968 2040 2020 dio
2069 1965 2231 2030 tollit,
2292 1978 2364 2019 ne
2404 1962 2678 2033 superﬂua
2716 1972 2772 2017 ct
2821 1960 3029 2016 inutilia
3060 1959 3367 2030 vigentibus
3404 1958 3528 2013 uvis

1947 2066 2223 2112 noceant:
2285 2055 2645 2125 quamobrem
2713 2054 2803 2108 illa
2839 2053 3063 2123 quidem
3114 2050 3317 2115 aufert,
3365 2058 3421 2103 et
3467 2048 3523 2103 in

1948 2165 2127 2206 escam
2170 2166 2191 2201 ι
2212 2148 2527 2213 volatilibus
2549 2147 2671 2203 caeli
2704 2155 2764 2202 et
2814 2146 3004 2201 bestiis
3037 2156 3197 2201 terra:
3228 2161 3247 2194 ι
3285 2141 3521 2211 abjicit‘;

1947 2254 2068 2308 qua
2095 2254 2227 2293 vero
2252 2238 2555 2307 perfectum
2597 2236 2831 2291 fructum
2872 2243 3097 2289 servant
3133 2234 3475 2301 retinentque
3502 2268 3521 2295 ,

1946 2344 2154 2384 summa
2198 2328 2559 2383 sollicitudine
2587 2326 2717 2382 colit
2740 2336 2796 2381 et
2829 2335 3045 2391 tuetur;
3079 2324 3159 2377 sic
3192 2323 3244 2376 in
3274 2330 3521 2391 tempore

1947 2420 2143 2476 messis
2174 2417 2414 2473 futurum
2449 2433 2569 2473 esse
2598 2418 2693 2483 ait,
2719 2417 2915 2471 ablatis
2964 2415 3165 2485 quippe
3194 2426 3522 2480 supervaca-

1946 2513 2067 2569 neis
2095 2513 2267 2568 vinea
2292 2512 2628 2582 palmitibus,
2676 2510 3013 2579 succisisqne
3043 2507 3322 2563 inutilibus
3351 2508 3471 2561 uvis
3500 2544 3517 2569 ,

1946 2612 2109 2672 atque
2138 2604 2193 2659 in
2221 2618 2401 2659 escam
2430 2602 2701 2657 ultricium
2732 2608 3056 2671 potestatum
3088 2599 3335 2662 traditis;
3365 2598 3522 2653 bona

1945 2708 2079 2757 uvaa,
2109 2694 2221 2749 sive
2238 2694 2433 2749 animae
2455 2693 2768 2756 fructifera,
2797 2692 2993 2747 bonam
3024 2706 3172 2761 spem
3194 2705 3225 2743 a
3257 2690 3364 2745 Deo
3384 2704 3521 2743 con-

256 2782 305 2835 οί
354 2782 559 2849 ἀγαθοὶ
604 2781 845 2855 βότρυες,
876 2786 932 2839 αἱ
971 2785 1305 2857 καρποφόροι
1337 2784 1526 2857 ψυχαὶ,
1559 2786 1661 2856 τῆς
1690 2786 1841 2857 παρά

1946 2794 2258 2852 aequentur.
2283 2785 2339 2839 ln
2373 2786 2456 2839 bis
2472 2799 2635 2854 porro
2663 2785 2777 2854 ipse
2805 2784 3061 2838 Servator
3078 2797 3137 2838 se
3154 2783 3365 2836 vineam
3395 2795 3519 2836 esse

259 2871 391 2926 Θεοῦ
419 2873 702 2940 τεύξονται
740 2875 955 2944 ἀγαθῆς
986 2875 1217 2941 ἐλπίδος.
1264 2878 1352 2930 Ἐν
1381 2877 1590 2941 τούτοις
1619 2879 1780 2942 αὐτὸς
1810 2881 1839 2932 ὁ

1946 2876 2114 2942 dixit;
2140 2877 2433 2945 discipulos
2462 2892 2593 2931 vero
2642 2889 2792 2939 suos,
2830 2874 3114 2941 palmites;
3170 2888 3303 2929 uvas
3336 2882 3518 2927 autem

260 2961 448 3034 Σωτὴρ
479 2965 674 3019 ἑαυτὸν
700 2961 840 3020 εἶναι
860 2967 959 3038 τὴν
984 2968 1226 3039 ἄμπελον
1252 2968 1452 3039 ἔφησεν
1469 2986 1482 2999 ο
1501 2971 1629 3033 τοὺς
1654 2970 1710 3023 δὲ
1738 2988 1840 3041 μα-

1946 2967 2221 3037 palmitum
2254 2984 2593 3039 consequens
2625 2977 2708 3024 est
2728 2978 2787 3023 ut
2820 2965 3179 3037 intelligamus
3231 2978 3353 3019 esse
3381 2978 3475 3018 eos
3501 3001 3519 3025 ,

466 3056 540 3110 τά
578 3056 859 3129 κλήματω
894 3059 1118 3131 βότρυες
1147 3058 1204 3113 δὲ
1244 3060 1353 3114 τῶν
1382 3061 1676 3133 κλημάτων
1706 3063 1837 3116 ἀκό-

1946 3061 2035 3131 qui
2072 3061 2139 3115 ab
2166 3062 2424 3131 apostolis
2450 3061 2678 3117 instituti
2713 3059 2969 3114 fuerunt:
3004 3072 3234 3127 quorum
3265 3056 3385 3110 illos
3418 3070 3518 3109 ceu

259 3145 446 3201 λοδθόν
476 3150 775 3211 εστινοείν,
791 3151 915 3214 τοὺς
942 3150 1046 3204 ὑπὸ
1067 3149 1176 3204 τῶν
1196 3152 1508 3205 ἀποστόλων
1534 3153 1837 3224 μαθητευο-

1946 3152 2245 3208 racemulos
2270 3153 2484 3207 inutiles
2514 3167 2579 3208 ac
2622 3153 2771 3206 vitali
2790 3152 2989 3206 virtute
3008 3152 3266 3220 privatos,
3297 3148 3349 3201 in
3380 3155 3521 3202 tem-

257 3246 456 3311 μένους
474 3254 490 3268 ·
516 3232 592 3292 ὧν
616 3238 685 3293 τὰ
704 3239 892 3311 ὥσπερ
913 3244 1203 3312 νεκριμαία
1230 3241 1481 3313 βοτρύδια
1502 3243 1570 3296 τὰ
1592 3243 1840 3315 ἀχρηστα

1946 3259 2075 3313 pore
2117 3243 2307 3312 judicii
2356 3244 2691 3312 abjiciendos
2747 3258 2868 3297 esse
2917 3244 3107 3306 docet;
3159 3240 3521 3307 similiterque

257 3329 350 3382 καὶ
382 3329 627 3401 ζωτικῆς
655 3331 937 3402 δυνάμεως
967 3333 1326 3405 ὲστερημένα,
1347 3333 1487 3387 κατὰ
1525 3334 1618 3388 τὸν
1648 3338 1839 3408 καιρὸν

1946 3336 2193 3407 palmites
2213 3336 2415 3391 nullam
2443 3351 2600 3390 uvam
2635 3335 2891 3399 ferentes,
2918 3332 3097 3403 qualis
3127 3340 3247 3384 erat
3274 3330 3519 3399 proditor

259 3418 352 3489 τῆς
386 3420 627 3494 κρίσεως
662 3422 1133 3495 ἀποόληθήσεσθαι
1174 3424 1450 3479 διδάσκειο
1487 3426 1581 3480 καὶ
1610 3427 1677 3480 τὰ
1705 3428 1839 3500 κλή-

1946 3426 2127 3495 ludas,
2154 3429 2375 3496 perinde
2400 3436 2562 3498 atque
2585 3427 2803 3481 inutiles
2823 3441 2977 3489 uvas,
3003 3438 3033 3477 a
3056 3422 3367 3479 volatilibus
3391 3420 3518 3475 εαξη

257 3528 402 3580 ματα
430 3512 491 3565 δὲ
518 3511 799 3578 ὡσαύτως,
829 3514 897 3567 τὰ
938 3514 1140 3586 μηδένα
1188 3517 1382 3588 βότρυν
1427 3516 1682 3589 φέροντα,
1725 3512 1837 3584 οἷος

1946 3528 1993 3575 et
2022 3520 2212 3576 bestiis
2238 3530 2417 3583 terrae,
2474 3518 2726 3574 videlicet
2771 3516 3103 3573 adversariis
3140 3524 3196 3570 et
3234 3502 3519 3569 ultricibus

255 3600 317 3672 ἦν
340 3604 369 3655 ὁ
396 3603 665 3675 προδότης
702 3604 921 3669 Ἰούδας,
947 3604 1149 3676 ὁμοίως
1176 3609 1289 3677 τοῖς
1321 3608 1617 3680 ἀχρήστοις
1646 3608 1838 3685 βότρυ-

1946 3612 2250 3677 virtutibus,
2282 3614 2523 3666 excisum
2561 3612 2648 3675 iri,

254 3712 365 3841 ἓν,
400 3694 854 3842 ἔυῖκοπήσεσθαι
882 3698 995 3761 τοῖς
1034 3701 1300 3762 πετεινοῖς
1348 3698 1443 3752 τοῦ
1466 3700 1695 3773 οὐρανοῦ
1743 3702 1839 3757 καὶ
1872 3704 1987 3767 τοῖς
2017 3702 2227 3776 θηρίοις
2288 3705 2386 3776 τῆς
2428 3704 2550 3775 γῆς,
2586 3704 2956 3775 ἀντικείμεναι
2988 3701 3305 3757 κολαστικαὶ
3359 3700 3515 3772 δηλο-

352 3806 369 3839 ι
541 3804 682 3842 tute.
1366 3808 1379 3833 ι

352 3806 369 3839 ι
400 3804 682 3865 ουναμεις.
1366 3808 1379 3833 ι

330 3900 350 3934 ι
391 3882 483 3935 Ἑν
504 3881 584 3953 τῷ
614 3882 789 3955 καιρῷ
813 3882 1004 3954 ἐκείνῳ
1027 3885 1445 3957 ἀνενεχθήσεται
1467 3888 1617 3961 δῶρα
1643 3890 1834 3963 Κυρίῳ

252 3972 487 4029 Σαϐαὼθ
534 3975 599 4026 ἐκ
638 3973 769 4026 λαοῦ
821 3974 1176 4047 τεθλιμμένου
1220 3977 1316 4031 καὶ
1357 3978 1692 4049 τετιλμίνου,
1739 3982 1835 4035 καὶ

253 4065 364 4118 ἀπὸ
392 4063 526 4119 λαοῦ
560 4064 818 4135 μεγάλου,
871 4066 979 4120 ἀπὸ
1022 4066 1117 4120 τοῦ
1160 4067 1256 4123 νῦν
1281 4069 1377 4123 καὶ
1404 4073 1484 4134 είς
1530 4072 1621 4124 τὸν
1664 4073 1835 4127 αἰῶνα

2014 3889 2177 3945 Vna.
2198 3888 2250 3942 7.
2278 3905 2299 3940 ι
2343 3886 2398 3940 ln
2422 3894 2663 3972 tempore
2691 3884 2782 3939 illo
2798 3860 3100 3939 afferentur
3123 3884 3260 3937 dona
3287 3882 3517 3940 Domino

1940 3980 2203 4046 Sabaoth,
2241 3993 2271 4032 a
2298 3975 2494 4048 populo
2524 3976 2765 4031 contrito
2797 3982 2853 4029 et
2886 3972 3114 4037 divulso,
3155 3982 3209 4027 et
3261 3987 3292 4027 a
3318 3988 3518 4042 peputo

1934 4085 2159 4143 magno,
2179 4069 2247 4123 ab
2278 4069 2381 4124 hoc
2408 4077 2651 4135 tempore
2676 4080 2846 4134 usque
2876 4065 2927 4118 in
2952 4073 3292 4133 perpetuum.
3325 4081 3344 4114 ι
3375 4062 3515 4119 Fue-
3561 4128 3567 4133 θ

254 4154 502 4226 χρόνον.»
526 4155 630 4226 Ετη
653 4155 698 4208 δ’
730 4154 797 4210 ἂν
822 4151 975 4220 οὗτος
1003 4159 1032 4212 ό
1061 4158 1163 4228 τὴν
1198 4160 1389 4231 στενὴν
1421 4162 1515 4214 καὶ
1541 4161 1835 4233 τεθλιμμέ-

1946 4165 2009 4219 rit
2029 4172 2210 4218 autem
2239 4162 2329 4216 hic
2351 4159 2573 4230 populus
2602 4159 2649 4213 is
2675 4158 2770 4227 qui
2792 4157 2843 4210 in
2868 4165 3097 4226 angusta
3130 4163 3186 4211 et
3214 4164 3366 4209 arcta
3400 4156 3510 4218 via,

250 4261 355 4317 την
378 4246 585 4300 ὁδεύων
612 4247 714 4318 τὴν
749 4248 1074 4317 ἀπάγουσαν
1105 4251 1189 4313 είς
1236 4251 1336 4322 τὴν
1375 4251 1521 4324 ζωήν
1544 4270 1557 4283 ο
1607 4256 1637 4307 ὁ
1670 4253 1833 4319 αὐτὸς

253 4338 352 4391 καὶ
400 4336 779 4409 ἐκτετιλμένος
820 4340 1077 4413 ὑπάρχει,
1138 4342 1218 4406 ὡς
1267 4343 1334 4397 ἀν
1378 4344 1483 4411 τῆς
1513 4345 1699 4415 κοινῆς
1725 4346 1836 4399 τῶν

1946 4352 2123 4413 utpote
2149 4343 2297 4412 quia
2332 4339 2611 4395 communi
2648 4338 2930 4393 hominum
2985 4336 3097 4391 vita
3155 4334 3364 4392 alienus
3398 4337 3509 4403 sit,

254 4429 562 4500 ἀνθρώπων
604 4429 754 4500 ζωῆς
780 4431 1233 4504 ὴλλοτριωμένος,
1268 4436 1362 4489 καὶ
1398 4436 1572 4507 μέγας
1612 4437 1668 4490 δέ
1716 4439 1831 4491 ἐστι

1946 4449 2169 4505 magnus
2200 4433 2329 4488 item
2379 4441 2435 4487 et
2462 4432 2665 4487 multus
2691 4438 2775 4485 est
2813 4427 2954 4497 apud
2991 4428 3159 4483 Deum
3189 4448 3200 4482 :
3229 4444 3399 4498 quare
3427 4429 3512 4483 di-

254 4520 409 4590 παρά
446 4520 525 4592 τῷ
566 4520 686 4593 Θεῷ
730 4524 827 4577 καὶ
865 4524 1065 4589 πολύς·
1095 4524 1178 4578 διὸ
1214 4527 1479 4594 λέλεκται,
1519 4547 1538 4579 ι
1564 4529 1672 4582 ἀπὸ
1700 4528 1830 4584 λαοῦ

1946 4538 2082 4582 ctum
2109 4534 2213 4589 est,
2252 4542 2272 4576 ι
2320 4539 2350 4577 a
2377 4522 2573 4593 populo
2607 4535 2824 4591 magno.
2851 4538 2872 4573 ι
2906 4520 2978 4576 At
3005 4520 3147 4575 enim
3177 4520 3229 4574 in
3253 4521 3511 4591 praesenti

1880 4283 1905 4305 .
1935 4268 2060 4322 qua:
2079 4251 2232 4307 ducit
2260 4250 2327 4304 ad
2350 4250 2540 4313 vitam,
2560 4248 2846 4319 graditur:
2875 4246 3099 4315 ipseque
3127 4245 3377 4299 divulsus
3404 4254 3511 4312 est,
3624 4293 3631 4301 .

257 4610 566 4681 μεγάλου.»
597 4612 941 4684 Καὶτάρὲν
1525 4621 1623 4674 καὶ
1654 4621 1831 4693 ἐντῷ

257 4702 503 4773 μέλλοντι
529 4702 586 4757 δὲ
611 4705 766 4758 αἰῶνι
792 4706 864 4759 τά
888 4705 1083 4778 λογιχά
1134 4708 1283 4781 δῶρα
1318 4711 1415 4764 καὶ
1452 4710 1553 4775 τὰς
1594 4713 1830 4783 ἀναιμά-
1882 4762 1889 4766 .

253 4807 423 4856 κτους
472 4792 555 4863 τῷ
590 4794 711 4867 Θεῷ
748 4797 939 4864 θυσίας
982 4800 1405 4873 ἀναπέμπωνοὺ
1429 4803 1773 4874 διαλιμπάνει
1800 4805 1829 4856 ὁ

253 4884 517 4957 δηλωθεὶς
540 4884 683 4951 λαός.

327 4994 348 5028 s
374 4976 578 5041 Ἐθνος
622 4977 840 5066 ἐλπίζον
888 4983 983 5036 καὶ
1029 4987 1579 5057 καταπεπατημένον,
1625 4990 1654 5043 δ
1682 4990 1829 5046 ἐστιν

253 5070 312 5123 εν
340 5068 501 5139 μέρει
528 5070 772 5142 ποταμοῦ
818 5073 922 5144 τῆς
958 5074 1140 5145 χώρας
1178 5076 1346 5132 αὐτοῦ
1394 5080 1474 5142 είς
1511 5080 1604 5135 τὸν
1643 5083 1828 5147 τόπον,

250 5150 313 5211 οὖ
340 5158 405 5212 τὸ
443 5160 615 5232 ὄνομα
656 5162 862 5236 Κυρίου
909 5165 1153 5233 Σαϐαὼθ,
1207 5170 1288 5232 είς
1329 5169 1455 5240 ὅρος
1494 5170 1667 5240 ἅγιον.
1696 5191 1715 5223 ι
1757 5173 1831 5225 Τὸ

252 5248 360 5320 γὰρ
387 5248 539 5315 ἔθνος
573 5252 737 5307 τοῦτο
774 5254 833 5307 ιν
881 5255 1035 5327 μέρει
1086 5258 1331 5328 ποταμοῦ
1371 5260 1467 5330 τῆς
1510 5261 1691 5331 χώρας
1728 5261 1823 5315 τοῦ

252 5336 386 5391 Θεοῦ
416 5338 731 5412 ἐτύγχανεν,
765 5343 855 5397 ὅτε
900 5344 956 5397 ὲν
989 5348 1056 5416 τῇ
1100 5346 1393 5419 Ἐκκληνία
1422 5349 1514 5403 τοῦ
1542 5350 1677 5404 Θεοῦ
1700 5353 1828 5406 tm-

255 5428 519 5484 λιτεύετο·
548 5433 625 5496 ὠς
655 5433 837 5502 λέγειν
857 5451 873 5466 ο
919 5454 938 5488 ι
972 5436 1064 5492 Ἐν
1095 5437 1251 5511 μέρει
1280 5441 1618 5511 γινώσκομεν
1644 5444 1737 5496 καὶ
1767 5445 1825 5498 ἐν

260 5519 409 5593 μέρει
438 5524 874 5597 προφητεύομεν.
905 5547 922 5581 ι
957 5526 1093 5582 Οῦτε
1120 5528 1228 5598 γὰο
1255 5530 1345 5585 τὸν
1379 5533 1552 5587 πάντα
1583 5536 1825 5606 ποταμὸν

320 5700 367 5737 ¹⁹
391 5701 409 5759 1
435 5702 554 5757 Cor.
589 5719 709 5763 stu.
745 5702 798 5759 ﬂ.

1933 4619 2043 4673 vita
2072 4626 2131 4672 et
2156 4619 2215 4673 ia
2264 4616 2449 4671 futuro
2483 4614 2721 4679 seculo,
2768 4614 3117 4670 ntiouahilia
3144 4614 3311 4681 dona,
3340 4624 3399 4669 et
3425 4614 3509 4669 in-

1935 4720 2193 4767 cruentas
2212 4710 2419 4765 bostias
2442 4708 2554 4764 Deo
2576 4709 2826 4764 emittere
2848 4722 3127 4778 nunquam
3184 4716 3367 4763 cessat
3388 4720 3509 4763 me-

1937 4810 2180 4857 moratus
2211 4802 2455 4873 pepnlus.

2012 5005 2030 5037 ι
2062 4985 2211 5041 Gens
2239 4998 2464 5054 sperans
2497 4993 2551 5038 et
2584 4982 2927 5048 conculcata,
2968 4996 3089 5051 qua:
3118 4989 3203 5037 est
3250 4980 3303 5035 in
3351 4989 3513 5051 parte

1932 5078 2077 5132 fluvii
2118 5079 2355 5149 regionis
2387 5076 2525 5145 ejus,
2559 5076 2611 5129 in
2648 5074 2769 5130 loco
2793 5074 2882 5129 ubi
2917 5088 3110 5130 nomen
3150 5074 3364 5128 Domini
3405 5068 3507 5127 Sa-

1933 5172 2116 5237 baoth,
2153 5172 2207 5224 in
2238 5180 2420 5225 monte
2474 5179 2685 5224 sancto.
2718 5187 2736 5221 ι
2768 5169 2893 5223 Haec
2922 5168 3065 5223 enim
3106 5182 3237 5237 gens
3268 5167 3319 5220 in
3352 5175 3511 5236 parte

1932 5261 2080 5316 ﬂuvii
2108 5263 2349 5333 regionis
2379 5261 2470 5317 Dei
2496 5271 2635 5328 erat,
2655 5262 2873 5331 quando
2910 5262 2961 5315 in
2992 5259 3231 5314 Ecclesia
3270 5258 3363 5312 Dei
3390 5272 3507 5312 ver-

1935 5356 2192 5420 sabatur;
2226 5354 2299 5407 ita
2333 5364 2393 5407 ut
2425 5355 2592 5418 dicat,
2635 5372 2655 5406 ι
2690 5352 2749 5407 In
2778 5362 2933 5422 parte
2970 5351 3351 5419 cognoscimus
3369 5357 3426 5401 et
3447 5348 3508 5403 in

1933 5455 2084 5514 parte
2108 5446 2493 5515 prephelamus
2529 5446 2597 5499 ⁸⁸.
2629 5466 2647 5499 ι
2682 5444 2864 5513 Neque
2884 5444 3028 5498 enim
3059 5451 3229 5495 totum
3254 5440 3499 5504 ﬂuvium,

1934 5536 2145 5594 scilicet
2168 5535 2400 5593 Verbum
2430 5537 2548 5605 Dei,
2594 5536 2842 5605 capiebat
2898 5534 2987 5590 illa
3016 5533 3202 5603 regio:
3238 5544 3408 5602 quare
3441 5528 3507 5586 in
