4120 6294
691 351 795 406 219

1358 344 1622 400 EUSEBII
1660 338 2124 397 CAESABIENSIS
2159 336 2309 394 OPP.
2351 334 2525 391 PARS
2563 333 2654 389 Ill.
2691 364 2760 375 —
2795 331 3205 386 EXEGETICA.

3795 328 3916 380 220

691 475 844 538 parte
870 462 1013 518 ﬂuvii
1060 461 1296 533 regionis
1325 460 1424 517 Dei
1474 459 1638 514 fuisse
1675 458 1872 513 dicitur
1917 465 2235 513 memoratus

2345 452 2558 521 ἐχώρει,
2595 452 2734 519 λέγω
2783 449 2836 502 δέ
2870 449 2960 501 τὸν
3004 448 3095 499 τοῦ
3125 444 3259 499 Θεοῦ
3301 445 3489 512 Λόγον,
3531 445 3562 513 ἡ
3605 443 3915 514 δηλωθεῖσα

690 557 938 628 populus.

1265 729 1492 786 CAPUT
1526 729 1665 785 XIX.

761 825 924 880 Vens.
954 825 1006 877 l.
1035 840 1053 873 ι
1076 820 1223 874 Visio
1255 818 1494 889 Egypti.
1529 818 1669 874 Ecce
1692 819 1947 874 Dominus
1982 819 2132 872 sedet
2157 833 2243 870 su-

689 930 788 985 per
813 915 1003 968 nubem
1042 913 1233 974 levem,
1255 920 1309 964 et
1333 910 1506 963 veniet
1539 911 1589 962 in
1621 907 1930 977 Egyptum.
1965 928 1984 961 ι
2022 911 2240 961 Auente

692 1003 1143 1061 considerandum
1180 1012 1283 1066 est,
1319 1018 1427 1072 quo
1455 1013 1610 1068 pacto
1633 1002 1878 1065 dicatur,
1912 1021 1930 1052 ι
1962 1000 2113 1055 Visio
2146 1000 2242 1055 ΑΞ-

691 1093 858 1165 gypti.
891 1111 911 1145 ι
956 1090 1069 1144 Non
1099 1091 1243 1144 enim
1274 1091 1716 1160 quemadmodum
1753 1092 1818 1145 de
1846 1090 2116 1162 Babylone
2158 1092 2239 1145 di-

691 1187 932 1248 cebatur,
971 1202 988 1234 ι
1029 1181 1178 1236 Visio
1218 1192 1403 1236 contra
1440 1182 1804 1249 Babylonem;
1843 1201 1862 1235 ι
1900 1198 2072 1250 neque
2102 1185 2239 1237 sicut

690 1275 755 1329 de
789 1272 969 1328 Iudaea
1015 1283 1067 1327 et
1110 1272 1423 1339 Jerusalem,
1476 1290 1493 1324 ι
1537 1275 1683 1328 Visio
1715 1289 1872 1343 quam
1919 1274 2048 1329 vidit
2075 1274 2236 1329 lsaias

688 1365 831 1420 illius
850 1365 1044 1429 Amos;
1098 1380 1257 1434 quam
1288 1365 1420 1417 vidit
1449 1375 1636 1422 contra
1673 1364 1909 1420 Judazam
1941 1376 1996 1422 et
2017 1365 2235 1420 Jerusa-

688 1455 826 1520 lem;
855 1475 873 1507 ι
913 1471 1084 1525 neque
1134 1465 1191 1510 ut
1240 1457 1304 1511 de
1329 1456 1589 1512 Damasco
1621 1465 1676 1511 et
1702 1457 1767 1512 de
1803 1457 2118 1524 lloabitide;
2143 1472 2235 1512 eo-

689 1546 811 1599 dem
837 1546 994 1599 modo
1037 1549 1101 1600 de
1134 1544 1401 1616 Egypto:
1438 1563 1544 1602 non
1595 1548 1740 1602 enim
1772 1547 1989 1610 dicitur,
2027 1568 2044 1598 ι
2089 1549 2238 1603 Visio

690 1647 883 1693 contra
913 1636 1240 1708 Egyptum;
1283 1655 1304 1690 ι
1334 1639 1425 1692 sed
1458 1639 1610 1708 quasi
1644 1638 1909 1710 Egyptus
1940 1641 2153 1705 visura,
2183 1651 2238 1696 et

689 1728 860 1782 oculis
892 1729 1231 1783 discernendi
1265 1730 1314 1782 vi
1368 1731 1608 1798 praeditis
1655 1731 2078 1800 contemplatura
2121 1741 2235 1787 erat

2346 541 2495 611 χώρα
2515 559 2527 571 η
2558 540 2640 593 διὸ
2663 543 2718 592 ἐν
2743 540 2896 609 μέρει
2921 538 3011 590 τοῦ
3039 537 3281 606 ποταμοῦ
3308 539 3404 606 τῆς
3436 534 3615 608 χώρας
3645 535 3738 588 τοῦ
3761 535 3911 588 Θεθῦ

2347 632 2563 699 λέγεται
2590 630 2863 698 γεγονέναι
2891 630 2948 681 τὸ
2970 629 3203 698 δηλωθέν
3230 627 3396 689 ἕθνοςι

2852 719 3240 773 ΚΕΦΑΛΛΙΟΝ
3280 719 3356 770 19’
3364 758 3377 772 .

2416 833 2434 864 ι
2462 814 2689 883 ’Ὀρασις
2741 812 3034 879 Αἰγύπτου.
3095 810 3223 862 Ἰδοὺ
3282 809 3482 877 Κύριος
3529 807 3760 878 κάθηται
3804 807 3907 860 ἐπὶ

2338 904 2564 974 νεφέλης
2603 903 2826 973 κούφης,
2867 903 2960 955 καὶ
2989 902 3104 972 ἥξει
3137 903 3214 962 εἰς
3255 900 3543 968 Αἴγυπτον.
3571 920 3589 952 ι
3626 900 3905 970 Προσήκει

2338 996 2392 1048 δὲ
2421 997 2509 1048 τὸν
2541 994 2664 1048 νοῦν
2701 994 2990 1062 ἐπιστῆσαι
3033 994 3179 1055 ὅπως
3214 992 3425 1060 εῐρηται
3451 1009 3464 1022 ·
3510 1011 3528 1041 ι
3555 993 3776 1060 Ὅρασις
3801 990 3908 1041 Αί-

2338 1087 2563 1155 γύπτου.
2589 1106 2607 1137 ι
2643 1086 2716 1138 Ού
2763 1084 2870 1153 γὰρ
2911 1085 2984 1146 ὡς
3031 1084 3121 1135 ἐπὶ
3159 1081 3257 1151 τῆς
3298 1079 3610 1142 Βαόυλῶνος
3636 1079 3854 1146 ἐλέγετο
3883 1093 3902 1108 ο

2344 1199 2362 1230 ι
2396 1180 2619 1249 Ὅρασις
2653 1176 2793 1229 κατά
2837 1174 3180 1235 Βαϐυλῶνος·
3215 1171 3318 1224 οὐδ’
3361 1170 3436 1233 ὼς
3482 1171 3573 1222 ἐπὶ
3620 1169 3714 1239 τῆς
3772 1169 3907 1221 Ἰου-

2337 1271 2489 1333 δαίας
2511 1271 2603 1322 καὶ
2624 1269 2720 1338 τῆς
2743 1264 3109 1337 Ἰερουσαλὴμ,
3131 1284 3150 1315 ι
3178 1264 3406 1334 Ὅρασις
3425 1264 3490 1334 ἢν
3510 1259 3643 1317 εἶδεν
3669 1260 3906 1323 Ἡσαΐας

2337 1359 2453 1420 υἰὸς
2493 1356 2689 1428 Ἀμὼς,
2715 1359 2781 1426 ἢν
2811 1350 2918 1406 εἶδε
2948 1352 3086 1406 κατά
3127 1352 3224 1422 τῆς
3264 1352 3519 1414 Ἰουδαίας
3557 1351 3648 1402 καὶ
3695 1350 3903 1421 Ἰερου-

2337 1449 2518 1519 σαλήμ
2536 1466 2548 1478 ·
2572 1467 2590 1498 ι
2627 1447 2733 1499 οὐδ’
2763 1445 2838 1508 ὼς
2863 1443 2953 1497 ἐπί⁵
2976 1444 3075 1512 τῆς
3112 1441 3398 1512 Δαμασκοῦ
3433 1442 3524 1494 καὶ
3548 1442 3645 1511 τῆς
3673 1437 3906 1493 Μωαϐί-

2334 1540 2496 1602 τιδος,
2543 1539 2714 1601 οὕτως
2757 1538 2848 1589 ἐπὶ
2899 1535 2998 1604 τῆς
3037 1533 3340 1602 Αίγύπτου·
3387 1534 3449 1585 οὐ
3494 1532 3600 1603 γὰρ
3650 1533 3902 1602 εἰρηται,

2341 1649 2358 1680 ι
2387 1631 2615 1698 Ὃρασις
2657 1625 2795 1679 κατά
2813 1625 2911 1694 τῆς
2929 1623 3229 1690 Αἰγύπτου’
3256 1641 3274 1674 ι
3299 1623 3415 1694 ήτοι
3436 1621 3510 1684 ὡς
3535 1621 3698 1690 αὐτῆ..
3739 1618 3908 1688 Αίγύο

2339 1738 2470 1774 πτου
2490 1717 2783 1790 μελλούσης
2808 1718 2960 1787 όρᾷν,
2988 1715 3080 1768 καὶ
3101 1715 3320 1784 θεωρεῖν
3355 1713 3646 1784 ὀφθαλμοῖς
3667 1713 3908 1783 διορατι-

687 1833 752 1874 es
775 1833 889 1887 quae
917 1820 969 1872 in
999 1820 1248 1874 vaticinio
1279 1819 1520 1874 feruntur
1547 1840 1558 1874 :
1587 1820 1669 1876 vel
1697 1823 1820 1892 quia
1864 1824 2124 1892 propheta
2154 1824 2235 1876 vi-

2341 1812 2455 1873 κοῖς
2481 1810 2548 1862 τὰ
2574 1807 2961 1877 θεσπιςόμενα·
2996 1805 3029 1876 ἢ
3058 1805 3132 1868 ὡς
3158 1803 3250 1858 τοῦ
3279 1805 3558 1874 προφήτου
3583 1805 3681 1874 τὴν
3707 1804 3908 1873 ὅρασιν

690 1912 898 1966 sionem
954 1912 1218 1967 habuerat
1246 1911 1513 1983 Egyptiis
1561 1915 1932 1984 pulcherrima
1986 1933 2240 1984 praenun-

687 2002 906 2056 tiantes.
938 2002 1071 2068 Quid
1101 2003 1240 2057 enim
1271 2003 1562 2071 pulchrius,
1591 2005 1717 2073 quid
1745 2005 1953 2061 beatius
1973 2006 2240 2079 Egyptiis

689 2101 1007 2146 eventurum
1035 2100 1173 2155 erat,
1197 2107 1357 2161 quam
1377 2093 1515 2160 quod
1548 2094 1801 2148 Dominus
1828 2099 2110 2163 praesentia
2142 2113 2238 2153 sua

689 2181 840 2251 ipsos
893 2180 1226 2250 dignaturus,
1263 2189 1316 2235 et
1367 2182 1608 2235 notitiam
1645 2183 1727 2237 sui
1784 2184 1914 2254 ipsis
1948 2185 2240 2241 collaturus

685 2279 853 2338 esset,
879 2270 1223 2341 {acturusque
1265 2273 1368 2327 alia
1396 2275 1576 2330 omnia
1599 2288 1718 2344 qua:
1753 2275 1805 2328 iu
1857 2274 2238 2348 IEgyptiorum

683 2359 882 2416 bonum
917 2370 1192 2417 verterent
1213 2363 1236 2415 ἰ

761 2470 783 2505 ι
816 2451 882 2507 Et
917 2454 1268 2508 movebuntur
1305 2455 1607 2511 manufacta
1646 2454 1860 2525 Egypti
1887 2470 1916 2509 a
1945 2455 2079 2511 facie
2101 2457 2234 2525 ejus,
2304 2498 2305 2501 η

682 2550 742 2597 et
765 2555 860 2596 cor
891 2557 1075 2597 eorum
1108 2544 1447 2614 superabitur
1479 2546 1531 2598 in
1559 2545 1707 2615 ipsis.
1732 2564 1753 2598 ι
1787 2545 1938 2611 Quod
1963 2561 2093 2605 sane
2117 2550 2238 2618 quis

683 2633 979 2704 secundum
1011 2635 1250 2689 historiae
1279 2635 1561 2690 veritatem
1597 2645 1724 2690 tunc
1744 2637 2063 2708 completum
2090 2641 2240 2695 dixe—

687 2725 780 2788 rit,
811 2715 931 2778 cum
963 2724 1080 2792 ipse
1108 2725 1384 2790 Dominus,
1407 2725 1496 2794 qui
1526 2726 1577 2779 in
1614 2726 1877 2796 principio
1902 2728 2042 2796 apud
2071 2729 2234 2783 Deum

687 2819 830 2875 erat,
865 2812 1008 2866 Deus
1039 2811 1297 2877 Verbum,
1335 2829 1442 2869 non
1477 2813 1798 2883 incorporeo
1835 2829 2011 2885 neque
2049 2815 2242 2872 invisi~

682 2901 778 2957 bili
810 2905 967 2959 modo
1001 2902 1053 2958 in
1091 2902 1464 2974 [Egyptiorum
1509 2905 1730 2975 regione
1772 2907 2235 2977 peregrinabatur,

686 2990 781 3044 sed
811 2991 865 3044 in
889 2993 1029 3046 nube
1053 2993 1139 3046 illa
1159 2993 1284 3057 levi,
1315 3002 1372 3046 ut
1395 2993 1755 3058 existimatur,
1785 2996 1977 3050 sedens
1997 2995 2236 3060 advenit,

684 3079 892 3133 scilicet
916 3080 968 3133 in
992 3095 1240 3148 corpore,
1284 3081 1422 3149 quod
1451 3078 1701 3136 Christus
1754 3093 2137 3152 assumpserat,
2171 3099 2236 3138 ex

686 3170 894 3238 Spiritu
935 3180 1120 3224 sancto
1171 3179 1225 3224 et
1278 3185 1344 3225 ex
1377 3181 1561 3225 sancta
1618 3171 1834 3242 Virgine
1862 3163 2232 3228 constitutum.

685 3256 821 3312 Nam
855 3259 902 3312 si
937 3273 1043 3312 non
1071 3260 1328 3328 scriptum
1355 3268 1500 3314 esset
1533 3259 1704 3327 ipsum
1743 3260 1870 3314 nubi
1915 3262 2233 3315 insidentem

681 3357 971 3402 venturum
991 3362 1129 3411 esse,
1164 3356 1341 3418 posset
1361 3347 1628 3416 quispiam
1678 3345 1880 3414 dicere,
1913 3347 2077 3402 Deum
2106 3347 2236 3402 Ver-

681 3437 809 3493 bum
838 3439 1244 3508 incorporaliter
1272 3451 1326 3494 et
1354 3438 1529 3493 divina
1557 3439 1756 3493 virtute
1776 3441 1974 3508 ubique
2003 3454 2233 3508 praesen-

682 3536 815 3594 tem,
864 3538 1047 3599 utpote
1080 3531 1167 3598 qui
1195 3530 1369 3583 omnia
1413 3527 1647 3597 impleat,
1690 3543 1812 3581 nam
1860 3548 1878 3578 ι
1925 3528 1982 3582 1η
2040 3526 2235 3582 mundo

682 3631 821 3687 erat,
853 3629 908 3674 et
946 3621 1170 3674 mundus
1204 3634 1298 3688 per
1329 3620 1498 3689 ipsum
1533 3619 1704 3673 factus
1729 3630 1808 3674 est
1840 3619 1907 3682 '°,
1940 3637 1958 3670 ι
1994 3619 2233 3673 eamdem

683 3712 740 3766 in
795 3711 1021 3780 Egypto
1073 3712 1410 3779 praesentiam
1473 3710 1760 3777 exhibere,
1806 3709 2234 3779 quandoquidem

683 3799 1066 3868 inspectiouem
1106 3811 1160 3854 et
1204 3800 1589 3870 providentiam
1645 3800 1712 3854 ad
1762 3801 1881 3854 illos
1932 3813 2098 3868 usque
2142 3815 2237 3854 ex-

684 3890 875 3944 tendit.
894 3889 1090 3944 Verum
1113 3889 1201 3945 illo
1225 3891 1379 3946 modo
1404 3905 1507 3945 non
1532 3879 1699 3961 magis
1720 3891 1770 3945 in
1795 3889 2046 3962 Egypto,
2073 3905 2234 3959 quam

686 3980 743 4034 in
781 3981 887 4035 alia
921 3981 1154 4050 qualibet
1185 3981 1367 4035 mundi
1406 3992 1558 4050 parte
1579 3997 1699 4038 esse
1729 3984 1962 4037 dicatur.
1996 3980 2068 4034 At
2095 3994 2237 4036 nunc

686 4071 1001 4147 specialiter
1023 4082 1078 4126 et
1105 4073 1356 4127 distincte
1390 4073 1608 4139 dicitur,
1644 4076 1816 4145 ipsum
1847 4074 1973 4129 nubi
2011 4074 2112 4128 levi
2146 4074 2233 4127 in-

686 4162 953 4218 sidentem
989 4172 1273 4218 venturum
1302 4166 1355 4219 in
1375 4165 1664 4237 Egyptum
1685 4180 1826 4231 esse,
1857 4180 1964 4234 quo
1983 4165 2236 4236 proprius

685 4253 904 4323 quidam
925 4264 979 4309 et
1001 4270 1292 4325 corporeus
1320 4254 1436 4326 ejus
1454 4257 1714 4311 adventus
1754 4256 2110 4325 signiﬁcatur.
2138 4254 2235 4311 Cui

685 4341 882 4399 dixerit
907 4344 1175 4413 quispiam
1208 4345 1263 4400 in
1294 4346 1480 4401 eadem
1518 4345 1899 4414 explanatione
1956 4345 2233 4412 insistens,

2339 1900 2661 1969 τεθεαμένου
2685 1899 2782 1969 τὴν
2803 1896 2872 1950 τά
2903 1895 3162 1949 κάλλιστα
3187 1897 3298 1958 τοῖς
3324 1894 3635 1963 Αἰγυπτίοις
3657 1911 3908 1964 προανα-

2340 1994 2680 2062 φωνήσασαν.
2699 1989 2762 2042 Τί
2783 1989 2889 2059 γὰρ
2911 1987 3143 2049 κάλλιον,
3156 1986 3277 2039 τίδὲ
3300 1985 3706 2056 μακαριώτερον
3725 1985 3908 2055 ὑπάρ-

2339 2102 2449 2155 χειν
2477 2083 2704 2153 ἧμελλεν
2751 2081 3066 2150 Αἰγυπτίοις
3104 2077 3198 2130 τοῦ
3239 2077 3329 2129 τὸν
3368 2075 3570 2146 Κύριον
3600 2077 3697 2145 τῆς
3734 2075 3906 2128 αὐτοῦ

2340 2173 2638 2243 παρουσίας
2681 2168 2964 2234 inaruiton
2997 2170 3210 2231 αὐτοὺς,
3255 2168 3348 2220 καὶ
3380 2164 3476 2235 τὴν
3506 2163 3668 2218 αὐτοῦ
3697 2164 3908 2233 γνῶσιν

2338 2267 2519 2328 αὐτοῖς
2551 2263 2829 2335 παρέξειν,
2871 2264 2963 2316 καὶ
3012 2262 3254 2332 ποιήσειν
3282 2259 3382 2312 ὃσα
3428 2257 3562 2312 ἀλλα
3603 2257 3904 2328 ἐμφέρεται

2336 2359 2446 2419 τοῖς
2471 2355 2818 2423 Δίγυπτίοις;

2412 2466 2430 2498 ι
2459 2446 2568 2499 Καὶ
2619 2444 2955 2514 σεισθήσεται
2986 2442 3054 2495 τὰ
3105 2440 3451 2512 χειροποίητα
3482 2436 3753 2506 Αἰγύπτου
3787 2435 3905 2495 ἀπὸ

2337 2538 2626 2609 προσώπου
2656 2534 2843 2596 αὑτοῦ,
2884 2533 2978 2587 καί⁵
3011 2533 3044 2603 ἠ
3090 2531 3283 2605 καρδία
3323 2530 3499 2585 αὐτῶν
3535 2527 3904 2600 ἡττηθήσεται

2337 2633 2395 2684 ἐν
2426 2629 2627 2690 αὐτοῖς.
2656 2646 2674 2678 ι
2712 2627 2776 2679 Ὀ
2803 2625 2874 2695 δὴ,
2912 2621 3298 2694 πεπληρῶσθαι
3331 2621 3532 2674 εἴποιεν
3563 2619 3628 2675 ἀν
3650 2635 3733 2683 τις
3760 2617 3904 2689 πρὸς

2341 2717 2593 2792 ἰστορίαν,
2637 2717 2725 2768 ὅτε
2764 2713 2923 2776 αὐτὸς
2959 2715 2986 2766 6
3026 2711 3247 2784 Κύριος,
3280 2712 3310 2764 6
3340 2712 3397 2762 ὲν
3448 2710 3587 2781 ἀρχῇ
3641 2709 3774 2778 πρὸς
3802 2706 3909 2762 τὸν

2336 2810 2486 2876 Θεὸν,
2517 2809 2648 2872 Θεὸς
2673 2807 2842 2875 Λόγος
2865 2806 2964 2857 οὐκ
2988 2804 3290 2875 ἀσωμάτως
3317 2802 3437 2856 οὐδὲ
3454 2800 3671 2870 ἀφανῶς
3703 2800 3904 2871 ἐπεδή-

2341 2920 2428 2972 μει
2453 2905 2519 2972 τῇ
2547 2900 2656 2952 τῶν
2683 2896 2989 2966 Αἰγυπτίων
3017 2894 3188 2966 χώρᾳ,
3225 2892 3362 2947 ἀλλά
3391 2892 3527 2964 μετά
3553 2891 3650 2962 τῆς
3679 2889 3904 2960 νομιζο-

2341 2991 2507 3063 μένης
2539 2990 2746 3061 κούφης
2777 2988 3002 3059 νεφέλης
3049 2987 3354 3057 καθήμενον
3391 2983 3549 3037 αὐτὸν
3583 2980 3901 3052 ἀφικέσθαι,

2337 3079 2430 3132 τοῦ
2486 3080 2734 3150 σώματος
2781 3076 2999 3150 δηλαδὴ,
3032 3068 3092 3129 οὗ
3137 3074 3412 3146 ἀνειλήφει
3454 3075 3482 3127 6
3535 3071 3787 3144 Χριστὸς,
3836 3071 3908 3138 ἐξ

2340 3171 2492 3238 ἁγίου
2546 3170 2859 3238 [Ινεύματος
2921 3166 3012 3218 καὶ
3073 3164 3171 3235 τῆς
3255 3163 3417 3233 ἁγίας
3469 3161 3741 3234 Παρθένου
3801 3161 3906 3214 ἐπ-

2337 3261 2752 3331 εσκευασμένον.
2783 3261 2846 3313 Εἰ
2877 3259 2973 3328 μὲν
2993 3257 3099 3328 γὰρ
3130 3256 3205 3328 μὴ
3245 3255 3560 3326 προσέκειτο
3588 3254 3650 3306 τὸ
3693 3253 3784 3306 ἐπὶ
3807 3270 3905 3308 νε·-

2336 3354 2501 3424 φέλην
2545 3352 2844 3422 καθήμενον
2871 3349 3029 3402 αὐτὸν
3057 3347 3370 3417 ἀφικέσθαι.
3399 3345 3516 3417 ἦτοι
3560 3344 3790 3415 ήδύνατό
3812 3360 3912 3409 τις

2335 3441 2533 3508 λέγειν,
2581 3441 2661 3493 ὅτι
2708 3438 3009 3508 ἀσωμάτως
3053 3437 3146 3490 καὶ
3178 3435 3329 3505 θεῖκῇ
3361 3435 3586 3506 δυνάμει
3622 3431 3902 3507 πανταχοῦ

2336 3533 2524 3604 παρὼν
2574 3534 2602 3586 6
2643 3531 2773 3594 Θεὸς
2802 3531 2990 3598 Λόγος,
3025 3529 3121 3583 ἅτε
3153 3528 3216 3599 δὴ
3249 3529 3426 3582 πάντα
3469 3527 3718 3608 πληρῶν*
3753 3546 3772 3578 ι
3808 3526 3901 3581 Ἐν

2334 3623 2411 3694 τῷ
2439 3624 2627 3692 κόσμῳ
2651 3641 2668 3672 ι
2702 3621 2809 3691 γὰρ
2850 3639 2867 3671 ι
2891 3616 2978 3690 ἦν,
3013 3621 3104 3673 καὶ
3129 3621 3157 3671 6
3185 3620 3385 3689 κόσμος
3418 3620 3485 3672 δι’
3522 3617 3686 3672 αὐτοῦ
3712 3617 3901 3686 ἐγένε-

2332 3733 2413 3780 το,
2442 3735 2460 3767 ›
2493 3717 2586 3767 καὶ
2621 3717 2687 3785 τῇ
2721 3712 2976 3782 Αἰγύπτῳ
3001 3713 3098 3783 τὴν
3130 3713 3296 3784 αὐτὴν
3325 3712 3623 3785 παρουσίαν
3646 3711 3899 3782 παρέχει,

2334 3807 2421 3859 διὰ
2452 3805 2544 3858 τοῦ
2586 3806 2683 3876 τὴν
2724 3804 3026 3875 ἐπισκοπὴν
3060 3803 3223 3858 αὐτοῦ
3261 3806 3355 3857 καὶ
3383 3803 3481 3874 τὴν
3516 3803 3768 3874 πρόνοιαν
3800 3802 3906 3873 μέ-

2335 3913 2456 3968 χρις
2504 3895 2681 3949 αὐτῶν
2750 3895 3028 3948 ἐκτείνειν.
3101 3893 3238 3947 Ἀλλ’
3283 3894 3342 3947 οὐ
3388 3892 3587 3964 μᾶλλον
3633 3893 3774 3945 εἴποι
3812 3909 3900 3955 τις

2336 3984 2495 4040 αὐτὸν
2542 3987 2600 4038 ἐν
2641 3983 2918 4054 Αίγύπτῳ,
2947 3984 2980 4054 ἢ
3021 3987 3077 4038 ἐν
3108 3984 3279 4056 ἑτέρῳ
3311 3983 3465 4055 μέρει
3500 3984 3716 4047 πάντως
3755 3983 3910 4038 κατὰ.

2333 4074 2518 4128 τοῦτον
2559 4076 2822 4146 ὑπάρχειν
2856 4076 2946 4129 τὸν
2984 4077 3204 4149 τρόπον.
3248 4076 3363 4129 Νῦν
3406 4076 3462 4129 δὲ
3502 4075 3903 4146 ἀφωρισμένως

2336 4165 2414 4227 εἰς
2449 4164 2720 4231 Αἴγυπτον
2745 4164 2906 4217 αὑτὸν
2933 4164 3082 4234 ἥξειν
3109 4167 3137 4218 6
3161 4165 3319 4233 λόγος
3354 4165 3446 4217 ἐπὶ
3483 4164 3710 4235 νεφέλης
3737 4164 3902 4218 αὐτὸν

2334 4257 2620 4327 ὀχούμενον
2653 4256 2858 4329 κούφης
2886 4251 3062 4324 εἶπεν,
3092 4257 3395 4322 ἰδιάζουσάν
3435 4275 3553 4311 τινα
3584 4259 3674 4312 καὶ
3708 4269 3900 4328 σωμα-

2334 4348 2489 4418 τικὴν
2513 4346 2610 4417 τὴν
2635 4348 2931 4417 παρουσίαν
2959 4347 3120 4410 αὐτοῦ
3147 4341 3424 4419 δηλῶν.ᾯ
3448 4348 3512 4418 δὴ
3552 4348 3693 4402 είποι
3720 4347 3784 4402 ἄν
3814 4365 3910 4413 τις

685 4437 817 4486 tunc
831 4434 1198 4502 propheticum
1227 4434 1426 4488 dictum
1455 4434 1612 4489 tinem
1640 4433 1914 4501 habuisse,
1935 4448 2056 4489 cum
2081 4433 2128 4488 is
2144 4434 2234 4504 qui

2336 4441 2364 4494 6
2389 4439 2558 4510 ταύτῃ
2584 4440 2969 4511 συνιστάμενος
3003 4443 3067 4512 τῇ
3096 4441 3286 4512 ἐκδοχῇ
3317 4440 3502 4504 τέλους
3547 4439 3806 4511 ἠξιῶσθαι
3834 4442 3913 4496 τὸ.

684 4536 753 4577 ex
768 4520 986 4592 Virgine
1010 4532 1168 4579 natus
1193 4533 1278 4579 est
1299 4524 1461 4591 Deus,
1482 4539 1642 4594 quem
1671 4523 2074 4578 Emmanuelem
2104 4537 2230 4592 pro-

686 4612 867 4684 phetia
899 4623 1075 4678 vocat,
1104 4615 1171 4669 ad
1195 4615 1439 4672 homines
1486 4615 1722 4672 advenit.
1771 4612 2230 4682 Quemadmodum

683 4685 831 4758 enim
855 4705 1025 4759 nubes
1041 4719 1144 4758 non
1170 4704 1385 4760 aliunde
1405 4706 1839 4760 constitutionem
1866 4704 2049 4769 habet,
2074 4717 2233 4773 quam

684 4808 750 4848 ex
787 4807 913 4848 aere
940 4801 996 4847 et
1025 4807 1092 4848 ex
1131 4808 1332 4862 vapore
1383 4806 1573 4861 terra,
1612 4796 1691 4850 sic
1743 4803 1799 4849 et
1856 4809 2053 4864 corpus
2093 4794 2237 4862 quod

685 4885 995 4954 assumpsit,
1027 4901 1093 4940 ex
1125 4885 1332 4955 Spiritu
1359 4895 1546 4941 sancto
1571 4895 1626 4941 et
1651 4902 1716 4941 ex
1747 4897 1961 4942 terrena
1985 4887 2236 4942 substan-

685 4975 757 5029 tia
790 4977 1165 5045 constitutum,
1197 4978 1318 5047 jure
1350 4979 1474 5033 nubi
1505 4979 1608 5033 levi
1649 4987 2012 5048 comparatur,
2046 4979 2128 5031 cui
2151 4977 2234 5030 in-

683 5065 865 5121 sidens
893 5065 1157 5132 Christus,
1201 5069 1254 5122 in
1308 5067 1562 5138 Egypto,
1595 5071 1722 5124 dum
1762 5070 1936 5123 adhuc
1983 5077 2126 5122 esset
2155 5068 2235 5120 iu-

684 5161 826 5223 fans,
859 5160 1314 5228 peregrinabatur.
1349 5160 1402 5214 ld
1433 5162 1625 5230 quippe
1648 5172 1762 5215 erat
1784 5159 2048 5231 Egyptiis
2078 5161 2230 5226 satis,

685 5249 775 5317 qui
797 5249 992 5302 virtute
1021 5249 1275 5306 ineffabili
1295 5266 1361 5304 ex
1385 5253 1612 5306 adventu
1634 5249 1931 5305 Salvatoris
1982 5265 2232 5320 magnam

687 5346 813 5393 sunt
846 5339 1128 5394 utilitatem
1159 5341 1322 5395 nacti.
1381 5341 1449 5396 At
1499 5344 1786 5396 secundum
1837 5341 2232 5410 profundiorem

689 5434 948 5492 mentem,
973 5426 1182 5482 Domini
1214 5430 1495 5498 praesentia
1537 5429 1768 5500 Atgyptii
1803 5430 2067 5499 praecipue
2107 5444 2233 5499 egeo

692 5517 845 5581 bant,
875 5525 1054 5586 utpote
1072 5520 1310 5575 omnium
1361 5520 1638 5577 hominum
1673 5521 2226 5590 superstitiosissimi;

764 5696 807 5730 "
858 5697 1011 5752 Joan.
1054 5715 1092 5764 I,
1118 5699 1200 5755 l0.

2330 4530 2486 4601 ῥητὸν
2512 4531 2602 4592 ἐπὶ
2628 4531 2692 4600 τῇ
2718 4531 2798 4594 εἰς
2822 4529 3142 4601 ἀνθρώπους
3165 4529 3377 4600 προόδῳ
3401 4529 3497 4583 τοῦ
3523 4531 3586 4582 ἐκ
3611 4531 3707 4601 τῆς
3735 4531 3910 4599 ἁγίας

2329 4619 2599 4692 Παρθένου
2653 4619 3000 4691 γεννηθέντος
3043 4617 3199 4685 Θεοῦ,
3251 4619 3310 4676 ὃν
3347 4621 3695 4694 Ἐμμανουήλ
3741 4621 3901 4677 καλεῖ

2329 4711 2361 4779 ἡ
2389 4710 2709 4781 προφητεία.
2755 4711 2842 4773 Ὠς
2871 4709 2978 4780 γὰρ
3005 4712 3037 4780 ή
3073 4710 3266 4781 νεφέλη
3291 4711 3390 4764 οὐκ
3420 4711 3638 4766 ἄλλοθεν
3668 4712 3778 4783 ἔχει
3797 4714 3900 4784 τὴν

2334 4801 2619 4864 σύστασιν,
2666 4799 2699 4869 ἢ
2746 4800 2803 4865 ἐξ
2845 4801 3004 4870 ἀέρος
3046 4802 3138 4854 καὶ
3188 4799 3599 4873 ἀναθυμιάσεως
3636 4803 3734 4874 τῆς
3771 4804 3904 4875 γῆς,

2333 4888 2502 4952 οὕτως
2535 4890 2595 4942 τὸ
2647 4888 2803 4959 σῶμα
2857 4889 2886 4941 ὃ
2932 4889 3239 4962 ἀνείληφεν,
3284 4890 3344 4956 ἐξ
3386 4893 3539 4960 ἁγίου
3585 4892 3911 4964 Πνεύματος

2335 4982 2427 5035 καὶ
2477 4981 2577 5050 τῆς
2636 4980 2866 5049 γεώδους
2909 4983 3094 5046 οὐσίας
3146 4982 3382 5036 ὑποστὰν
3422 4983 3648 5047 εἰκότως
3701 4985 3900 5060 νεφέλῃ

2334 5070 2508 5144 κούφῃ
2548 5071 2883 5142 παρεόλήθη,
2991 5071 3358 5142 ἐγκαθήμενος
3397 5073 3426 5123 6
3448 5071 3681 5142 Χριστὸς
3715 5074 3891 5145 ἐπεδή-

2340 5178 2426 5230 μει
2453 5164 2518 5233 τῇ
2549 5161 2807 5232 Αἰγύπτῳ
2832 5162 2969 5215 κατά
2999 5162 3097 5233 τὴν
3131 5162 3329 5232 νηπίαν
3350 5160 3584 5232 ἠλικίαν.
3636 5163 3900 5234 Ἀπήρκει

2335 5252 2442 5322 γάρ
2477 5253 2568 5305 καὶ
2611 5251 2767 5305 τοῦτο
2809 5254 3140 5322 Αίγυπτίοις,
3173 5255 3394 5326 ἀρρήτῳ
3420 5254 3644 5324 δυνάμει
3671 5256 3898 5324 μέγιστα

2337 5343 2731 5413 ὠφελουμένοις
2755 5346 2819 5397 ἐκ
2840 5345 2939 5414 τῆς
2972 5345 3066 5397 τοῦ
3105 5344 3360 5419 Σωτῆρος,
3393 5345 3716 5409 ὲπιϐάσεως.
3743 5348 3903 5403 Κατὰ

2337 5433 2392 5486 δὲ
2432 5433 2724 5504 βαθύτερον
2757 5433 2900 5491 νοῦν.
2947 5435 3044 5505 τῆς
3069 5433 3163 5487 τοῦ
3193 5434 3397 5505 Κυρίου
3426 5438 3723 5507 παρουσίας
3760 5435 3902 5502 ἐξαι-

2340 5523 2507 5594 ρέτως
2542 5524 2709 5578 ἐδεῖτο
2740 5527 2773 5596 ή
2816 5523 3105 5594 Αίγυπτος,
3145 5525 3327 5597 ἐπειδὴ
3355 5525 3572 5582 πάντων
3599 5526 3908 5600 ἀνθρώπων
