  <div class='ocr_page' id='page_1' title='image "/cluster/home/n/w/nwhite01/storage/ocr_20150623/24/pst.000005712083/128.png"; bbox 0 0 4120 6294; ppageno 0'>
   <div class='ocr_carea' id='block_1_1' title="bbox 254 327 357 381">
    <p class='ocr_par' dir='ltr' id='par_1_1' title="bbox 254 327 357 381">
     <span class='ocr_line' id='line_1_1' title="bbox 254 327 357 381; baseline 0 0"><span class='ocrx_word' id='word_1_1' title='bbox 254 327 357 381; x_wconf 70' lang='lat'><strong>221</strong></span> 
     </span>
    </p>
   </div>
   <div class='ocr_carea' id='block_1_2' title="bbox 1210 309 2598 376">
    <p class='ocr_par' dir='ltr' id='par_1_2' title="bbox 1210 309 2598 376">
     <span class='ocr_line' id='line_1_2' title="bbox 1210 309 2598 376; baseline -0.009 0"><span class='ocrx_word' id='word_1_2' title='bbox 1210 316 1715 376; x_wconf 75' lang='lat' dir='ltr'><strong>COMMENTARIA</strong></span> <span class='ocrx_word' id='word_1_3' title='bbox 1752 315 1818 371; x_wconf 82' lang='lat' dir='ltr'><strong>1N</strong></span> <span class='ocrx_word' id='word_1_4' title='bbox 1858 312 2113 369; x_wconf 79' lang='lat' dir='ltr'><strong>ISAIAM.</strong></span> <span class='ocrx_word' id='word_1_5' title='bbox 2154 341 2221 352; x_wconf 89' lang='lat'><strong>—-</strong></span> <span class='ocrx_word' id='word_1_6' title='bbox 2260 309 2413 369; x_wconf 82' lang='lat' dir='ltr'><strong>CAP.</strong></span> <span class='ocrx_word' id='word_1_7' title='bbox 2454 309 2598 365; x_wconf 66' lang='lat' dir='ltr'><strong>XIX.</strong></span> 
     </span>
    </p>
   </div>
   <div class='ocr_carea' id='block_1_3' title="bbox 3409 298 3518 354">
    <p class='ocr_par' dir='ltr' id='par_1_3' title="bbox 3409 298 3518 354">
     <span class='ocr_line' id='line_1_3' title="bbox 3409 298 3518 354; baseline 0 0"><span class='ocrx_word' id='word_1_8' title='bbox 3409 298 3518 354; x_wconf 69' lang='lat'><strong>232</strong></span> 
     </span>
    </p>
   </div>
   <div class='ocr_carea' id='block_1_4' title="bbox 256 426 1843 519">
    <p class='ocr_par' dir='ltr' id='par_1_4' title="bbox 256 442 1839 519">
     <span class='ocr_line' id='line_1_4' title="bbox 256 442 1839 519; baseline -0.006 -18"><span class='ocrx_word' id='word_1_9' title='bbox 256 447 802 519; x_wconf 74' lang='grc' dir='ltr'>δεισιδαιμονέστεροι</span> <span class='ocrx_word' id='word_1_10' title='bbox 850 445 1163 514; x_wconf 86' lang='grc' dir='ltr'>γεγόνασιν,</span> <span class='ocrx_word' id='word_1_11' title='bbox 1206 442 1280 507; x_wconf 86' lang='grc' dir='ltr'>ὼς</span> <span class='ocrx_word' id='word_1_12' title='bbox 1325 442 1399 513; x_wconf 81' lang='grc' dir='ltr'>μὴ</span> <span class='ocrx_word' id='word_1_13' title='bbox 1448 442 1605 511; x_wconf 86' lang='grc' dir='ltr'>μόνον</span> <span class='ocrx_word' id='word_1_14' title='bbox 1649 442 1839 511; x_wconf 78' lang='grc' dir='ltr'>εἱμαρ-</span> 
     </span>
    </p>
   </div>
   <div class='ocr_carea' id='block_1_5' title="bbox 1949 426 3515 519">
    <p class='ocr_par' dir='ltr' id='par_1_5' title="bbox 1949 426 3515 491">
     <span class='ocr_line' id='line_1_5' title="bbox 1949 426 3515 491; baseline -0.008 0"><span class='ocrx_word' id='word_1_15' title='bbox 1949 438 2016 491; x_wconf 91' lang='lat' dir='ltr'><strong>ita</strong></span> <span class='ocrx_word' id='word_1_16' title='bbox 2054 446 2112 491; x_wconf 92' lang='lat' dir='ltr'><strong>ut</strong></span> <span class='ocrx_word' id='word_1_17' title='bbox 2136 451 2240 490; x_wconf 91' lang='lat' dir='ltr'><strong>non</strong></span> <span class='ocrx_word' id='word_1_18' title='bbox 2271 435 2442 491; x_wconf 88' lang='lat' dir='ltr'><strong>solum</strong></span> <span class='ocrx_word' id='word_1_19' title='bbox 2466 435 2577 488; x_wconf 75' lang='lat' dir='ltr'><strong>fato</strong></span> <span class='ocrx_word' id='word_1_20' title='bbox 2597 440 2652 488; x_wconf 89' lang='lat' dir='ltr'><strong>et</strong></span> <span class='ocrx_word' id='word_1_21' title='bbox 2673 430 2844 487; x_wconf 81' lang='lat' dir='ltr'><strong>stellis</strong></span> <span class='ocrx_word' id='word_1_22' title='bbox 2875 429 2996 487; x_wconf 68' lang='lat' dir='ltr'><strong>caeli</strong></span> <span class='ocrx_word' id='word_1_23' title='bbox 3022 426 3263 484; x_wconf 81' lang='lat' dir='ltr'><strong>universi</strong></span> <span class='ocrx_word' id='word_1_24' title='bbox 3291 439 3515 481; x_wconf 86' lang='lat' dir='ltr'><strong>causam</strong></span> 
     </span>
    </p>
   </div>
   <div class='ocr_carea' id='block_1_6' title="bbox 260 531 1839 611">
    <p class='ocr_par' dir='ltr' id='par_1_6' title="bbox 260 531 1839 611">
     <span class='ocr_line' id='line_1_6' title="bbox 260 531 1839 611; baseline -0.007 -18"><span class='ocrx_word' id='word_1_25' title='bbox 260 540 397 611; x_wconf 83' lang='grc' dir='ltr'>μένῃ</span> <span class='ocrx_word' id='word_1_26' title='bbox 425 542 521 592; x_wconf 74' lang='grc' dir='ltr'>καὶ</span> <span class='ocrx_word' id='word_1_27' title='bbox 567 541 677 601; x_wconf 83' lang='grc' dir='ltr'>τοῖς</span> <span class='ocrx_word' id='word_1_28' title='bbox 722 538 845 590; x_wconf 79' lang='grc' dir='ltr'>κατ’</span> <span class='ocrx_word' id='word_1_29' title='bbox 878 535 1108 608; x_wconf 78' lang='grc' dir='ltr'>οὐρανὸν</span> <span class='ocrx_word' id='word_1_30' title='bbox 1134 535 1355 605; x_wconf 76' lang='grc' dir='ltr'><strong>ἄστροις</strong></span> <span class='ocrx_word' id='word_1_31' title='bbox 1388 532 1486 603; x_wconf 77' lang='grc' dir='ltr'><strong>τὴν</strong></span> <span class='ocrx_word' id='word_1_32' title='bbox 1520 532 1612 585; x_wconf 89' lang='grc' dir='ltr'><strong>τοῦ</strong></span> <span class='ocrx_word' id='word_1_33' title='bbox 1642 531 1839 593; x_wconf 84' lang='grc' dir='ltr'>παντὸς</span> 
     </span>
    </p>
   </div>
   <div class='ocr_carea' id='block_1_7' title="bbox 260 622 1839 696">
    <p class='ocr_par' dir='ltr' id='par_1_7' title="bbox 260 622 1839 696">
     <span class='ocr_line' id='line_1_7' title="bbox 260 622 1839 696; baseline -0.008 -11"><span class='ocrx_word' id='word_1_34' title='bbox 260 630 567 685; x_wconf 77' lang='grc' dir='ltr'><strong>ἀνατιθέναι</strong></span> <span class='ocrx_word' id='word_1_35' title='bbox 610 630 812 692; x_wconf 83' lang='grc' dir='ltr'>αἰτίαν,</span> <span class='ocrx_word' id='word_1_36' title='bbox 863 630 1119 681; x_wconf 74' lang='grc' dir='ltr'><strong>ἐκπεσεῖν</strong></span> <span class='ocrx_word' id='word_1_37' title='bbox 1161 628 1216 679; x_wconf 80' lang='grc' dir='ltr'>δὲ</span> <span class='ocrx_word' id='word_1_38' title='bbox 1261 627 1354 678; x_wconf 80' lang='grc' dir='ltr'>καὶ</span> <span class='ocrx_word' id='word_1_39' title='bbox 1393 626 1551 696; x_wconf 85' lang='grc' dir='ltr'>μέχρι</span> <span class='ocrx_word' id='word_1_40' title='bbox 1594 623 1693 692; x_wconf 83' lang='grc' dir='ltr'>τῆς</span> <span class='ocrx_word' id='word_1_41' title='bbox 1732 622 1839 674; x_wconf 85' lang='grc' dir='ltr'>τῶν</span> 
     </span>
    </p>
   </div>
   <div class='ocr_carea' id='block_1_8' title="bbox 260 710 1839 789">
    <p class='ocr_par' dir='ltr' id='par_1_8' title="bbox 260 710 1839 789">
     <span class='ocr_line' id='line_1_8' title="bbox 260 710 1839 789; baseline -0.007 -16"><span class='ocrx_word' id='word_1_42' title='bbox 260 722 469 789; x_wconf 72' lang='grc' dir='ltr'>ἀλόγων</span> <span class='ocrx_word' id='word_1_43' title='bbox 495 718 671 781; x_wconf 77' lang='grc' dir='ltr'>ζώων,</span> <span class='ocrx_word' id='word_1_44' title='bbox 702 719 797 770; x_wconf 75' lang='grc' dir='ltr'>καὶ</span> <span class='ocrx_word' id='word_1_45' title='bbox 821 717 1025 787; x_wconf 88' lang='grc' dir='ltr'>θηρίων</span> <span class='ocrx_word' id='word_1_46' title='bbox 1050 715 1356 770; x_wconf 84' lang='grc' dir='ltr'>ἀτιθάσσων</span> <span class='ocrx_word' id='word_1_47' title='bbox 1404 711 1621 782; x_wconf 82' lang='grc' dir='ltr'>πτηνῶν</span> <span class='ocrx_word' id='word_1_48' title='bbox 1662 728 1719 763; x_wconf 90' lang='grc' dir='ltr'><strong>τε</strong></span> <span class='ocrx_word' id='word_1_49' title='bbox 1745 710 1839 764; x_wconf 72' lang='grc' dir='ltr'>καὶ</span> 
     </span>
    </p>
   </div>
   <div class='ocr_carea' id='block_1_9' title="bbox 263 804 1840 883">
    <p class='ocr_par' dir='ltr' id='par_1_9' title="bbox 263 804 1840 883">
     <span class='ocr_line' id='line_1_9' title="bbox 263 804 1840 883; baseline -0.008 -16"><span class='ocrx_word' id='word_1_50' title='bbox 263 812 506 883; x_wconf 68' lang='grc' dir='ltr'>ἑρπετῶν</span> <span class='ocrx_word' id='word_1_51' title='bbox 548 810 840 874; x_wconf 74' lang='grc' dir='ltr'>θεοποιίας.</span> <span class='ocrx_word' id='word_1_52' title='bbox 889 810 1043 864; x_wconf 82' lang='grc' dir='ltr'>Οὓτω</span> <span class='ocrx_word' id='word_1_53' title='bbox 1091 808 1145 861; x_wconf 83' lang='grc' dir='ltr'>δὲ</span> <span class='ocrx_word' id='word_1_54' title='bbox 1202 806 1493 860; x_wconf 75' lang='grc' dir='ltr'><strong>ἀδέσποτον</strong></span> <span class='ocrx_word' id='word_1_55' title='bbox 1537 806 1629 858; x_wconf 68' lang='grc' dir='ltr'><strong>καὶ</strong></span> <span class='ocrx_word' id='word_1_56' title='bbox 1670 804 1840 873; x_wconf 82' lang='grc' dir='ltr'>ἀπρο-</span> 
     </span>
    </p>
   </div>
   <div class='ocr_carea' id='block_1_10' title="bbox 261 894 1838 973">
    <p class='ocr_par' dir='ltr' id='par_1_10' title="bbox 261 894 1838 973">
     <span class='ocr_line' id='line_1_10' title="bbox 261 894 1838 973; baseline -0.006 -16"><span class='ocrx_word' id='word_1_57' title='bbox 261 905 444 973; x_wconf 76' lang='grc' dir='ltr'>νόητον</span> <span class='ocrx_word' id='word_1_58' title='bbox 497 902 730 972; x_wconf 75' lang='grc' dir='ltr'><strong>ἡγοῦντο</strong></span> <span class='ocrx_word' id='word_1_59' title='bbox 771 902 833 955; x_wconf 82' lang='grc' dir='ltr'>τὸ</span> <span class='ocrx_word' id='word_1_60' title='bbox 885 904 1030 964; x_wconf 78' lang='grc' dir='ltr'>πᾶν,</span> <span class='ocrx_word' id='word_1_61' title='bbox 1091 900 1164 963; x_wconf 85' lang='grc' dir='ltr'>ὡς</span> <span class='ocrx_word' id='word_1_62' title='bbox 1223 899 1313 950; x_wconf 72' lang='grc' dir='ltr'><strong>καὶ</strong></span> <span class='ocrx_word' id='word_1_63' title='bbox 1382 896 1603 968; x_wconf 81' lang='grc' dir='ltr'><strong>βασιλέα</strong></span> <span class='ocrx_word' id='word_1_64' title='bbox 1659 894 1838 948; x_wconf 84' lang='grc' dir='ltr'>αὐτῶν</span> 
     </span>
    </p>
   </div>
   <div class='ocr_carea' id='block_1_11' title="bbox 258 986 1832 1063">
    <p class='ocr_par' dir='ltr' id='par_1_11' title="bbox 258 986 1832 1063">
     <span class='ocr_line' id='line_1_11' title="bbox 258 986 1832 1063; baseline -0.006 -17"><span class='ocrx_word' id='word_1_65' title='bbox 258 996 436 1063; x_wconf 79' lang='grc' dir='ltr'>γυμνῇ</span> <span class='ocrx_word' id='word_1_66' title='bbox 478 996 547 1063; x_wconf 78' lang='grc' dir='ltr'><strong>τῇ</strong></span> <span class='ocrx_word' id='word_1_67' title='bbox 601 993 807 1062; x_wconf 82' lang='grc' dir='ltr'>κεφαλῇ</span> <span class='ocrx_word' id='word_1_68' title='bbox 837 992 1046 1061; x_wconf 81' lang='grc' dir='ltr'>λέγειν·</span> <span class='ocrx_word' id='word_1_69' title='bbox 1082 1010 1099 1042; x_wconf 76' lang='grc' dir='ltr'><strong>ι</strong></span> <span class='ocrx_word' id='word_1_70' title='bbox 1126 992 1237 1043; x_wconf 77' lang='grc' dir='ltr'>Οὐκ</span> <span class='ocrx_word' id='word_1_71' title='bbox 1259 986 1374 1043; x_wconf 78' lang='grc' dir='ltr'>οἶδα</span> <span class='ocrx_word' id='word_1_72' title='bbox 1416 990 1507 1041; x_wconf 84' lang='grc' dir='ltr'>τὸν</span> <span class='ocrx_word' id='word_1_73' title='bbox 1551 987 1783 1058; x_wconf 79' lang='grc' dir='ltr'><strong>Κύριον,</strong></span> <span class='ocrx_word' id='word_1_74' title='bbox 1814 1006 1832 1037; x_wconf 73' lang='grc' dir='ltr'><strong>ι</strong></span> 
     </span>
    </p>
   </div>
   <div class='ocr_carea' id='block_1_12' title="bbox 257 1077 1833 1153">
    <p class='ocr_par' dir='ltr' id='par_1_12' title="bbox 257 1077 1833 1153">
     <span class='ocr_line' id='line_1_12' title="bbox 257 1077 1833 1153; baseline -0.004 -17"><span class='ocrx_word' id='word_1_75' title='bbox 257 1084 371 1145; x_wconf 70' lang='grc' dir='ltr'>καὶ,</span> <span class='ocrx_word' id='word_1_76' title='bbox 402 1103 421 1134; x_wconf 80' lang='grc' dir='ltr'><strong>ι</strong></span> <span class='ocrx_word' id='word_1_77' title='bbox 454 1082 553 1146; x_wconf 83' lang='grc' dir='ltr'>Τίς</span> <span class='ocrx_word' id='word_1_78' title='bbox 570 1085 719 1137; x_wconf 82' lang='grc' dir='ltr'>ἐστιν</span> <span class='ocrx_word' id='word_1_79' title='bbox 741 1077 802 1135; x_wconf 72' lang='grc' dir='ltr'>οὗ</span> <span class='ocrx_word' id='word_1_80' title='bbox 832 1082 1220 1152; x_wconf 86' lang='grc' dir='ltr'>εἰσακούσομαι</span> <span class='ocrx_word' id='word_1_81' title='bbox 1263 1085 1361 1153; x_wconf 81' lang='grc' dir='ltr'>τῆς</span> <span class='ocrx_word' id='word_1_82' title='bbox 1388 1080 1573 1149; x_wconf 80' lang='grc' dir='ltr'>φωνῆς</span> <span class='ocrx_word' id='word_1_83' title='bbox 1599 1077 1761 1131; x_wconf 82' lang='grc' dir='ltr'>αὑτοῦ</span> <span class='ocrx_word' id='word_1_84' title='bbox 1786 1094 1833 1141; x_wconf 71' lang='grc' dir='ltr'>ς»</span> 
     </span>
    </p>
   </div>
   <div class='ocr_carea' id='block_1_13' title="bbox 255 1168 1837 1243">
    <p class='ocr_par' dir='ltr' id='par_1_13' title="bbox 255 1168 1837 1243">
     <span class='ocr_line' id='line_1_13' title="bbox 255 1168 1837 1243; baseline -0.003 -19"><span class='ocrx_word' id='word_1_85' title='bbox 255 1172 445 1226; x_wconf 82' lang='grc' dir='ltr'>ταῦτα</span> <span class='ocrx_word' id='word_1_86' title='bbox 464 1173 522 1226; x_wconf 84' lang='grc' dir='ltr'>δὲ</span> <span class='ocrx_word' id='word_1_87' title='bbox 550 1174 735 1236; x_wconf 77' lang='grc' dir='ltr'>αὐτοῖς</span> <span class='ocrx_word' id='word_1_88' title='bbox 759 1173 938 1243; x_wconf 77' lang='grc' dir='ltr'>ἔργοις</span> <span class='ocrx_word' id='word_1_89' title='bbox 960 1172 1112 1234; x_wconf 81' lang='grc' dir='ltr'><strong>τέλος</strong></span> <span class='ocrx_word' id='word_1_90' title='bbox 1134 1172 1402 1242; x_wconf 76' lang='grc' dir='ltr'>ὲλάρδανε</span> <span class='ocrx_word' id='word_1_91' title='bbox 1430 1171 1550 1224; x_wconf 85' lang='grc' dir='ltr'>καθ’</span> <span class='ocrx_word' id='word_1_92' title='bbox 1565 1171 1624 1221; x_wconf 86' lang='grc' dir='ltr'>ὃν</span> <span class='ocrx_word' id='word_1_93' title='bbox 1650 1168 1837 1240; x_wconf 83' lang='grc' dir='ltr'>χρόνον</span> 
     </span>
    </p>
   </div>
   <div class='ocr_carea' id='block_1_14' title="bbox 256 1256 1839 1331">
    <p class='ocr_par' dir='ltr' id='par_1_14' title="bbox 256 1256 1839 1331">
     <span class='ocr_line' id='line_1_14' title="bbox 256 1256 1839 1331; baseline -0.003 -18"><span class='ocrx_word' id='word_1_94' title='bbox 256 1261 544 1331; x_wconf 70' lang='grc' dir='ltr'><strong>ἐκκλησίαι</strong></span> <span class='ocrx_word' id='word_1_95' title='bbox 600 1262 697 1331; x_wconf 84' lang='grc' dir='ltr'>μὲν</span> <span class='ocrx_word' id='word_1_96' title='bbox 744 1259 879 1312; x_wconf 82' lang='grc' dir='ltr'>Θεοῦ</span> <span class='ocrx_word' id='word_1_97' title='bbox 936 1260 1053 1312; x_wconf 81' lang='grc' dir='ltr'>καθ’</span> <span class='ocrx_word' id='word_1_98' title='bbox 1097 1259 1225 1329; x_wconf 84' lang='grc' dir='ltr'><strong>ὅλης</strong></span> <span class='ocrx_word' id='word_1_99' title='bbox 1285 1260 1491 1330; x_wconf 78' lang='grc' dir='ltr'><strong>ἵδρυντο</strong></span> <span class='ocrx_word' id='word_1_100' title='bbox 1536 1259 1633 1328; x_wconf 77' lang='grc' dir='ltr'>τῆς</span> <span class='ocrx_word' id='word_1_101' title='bbox 1674 1256 1839 1325; x_wconf 87' lang='grc' dir='ltr'>Αἰγύ-</span> 
     </span>
    </p>
   </div>
   <div class='ocr_carea' id='block_1_15' title="bbox 263 1348 1836 1423">
    <p class='ocr_par' dir='ltr' id='par_1_15' title="bbox 263 1348 1836 1423">
     <span class='ocr_line' id='line_1_15' title="bbox 263 1348 1836 1423; baseline -0.004 -19"><span class='ocrx_word' id='word_1_102' title='bbox 263 1369 430 1415; x_wconf 78' lang='grc' dir='ltr'>πτου,</span> <span class='ocrx_word' id='word_1_103' title='bbox 479 1352 795 1423; x_wconf 75' lang='grc' dir='ltr'>ἐπεδήμησε</span> <span class='ocrx_word' id='word_1_104' title='bbox 824 1351 880 1402; x_wconf 85' lang='grc' dir='ltr'>δὲ</span> <span class='ocrx_word' id='word_1_105' title='bbox 907 1351 1066 1412; x_wconf 78' lang='grc' dir='ltr'>αὐτὸς</span> <span class='ocrx_word' id='word_1_106' title='bbox 1092 1354 1119 1404; x_wconf 87' lang='grc' dir='ltr'>ὁ</span> <span class='ocrx_word' id='word_1_107' title='bbox 1144 1351 1346 1422; x_wconf 82' lang='grc' dir='ltr'>Κύριος</span> <span class='ocrx_word' id='word_1_108' title='bbox 1377 1353 1487 1411; x_wconf 82' lang='grc' dir='ltr'>τοῖς</span> <span class='ocrx_word' id='word_1_109' title='bbox 1502 1348 1836 1415; x_wconf 78' lang='grc' dir='ltr'><strong>Αἰγυπτίοις,</strong></span> 
     </span>
    </p>
   </div>
   <div class='ocr_carea' id='block_1_16' title="bbox 256 1438 1839 1511">
    <p class='ocr_par' dir='ltr' id='par_1_16' title="bbox 256 1438 1839 1511">
     <span class='ocr_line' id='line_1_16' title="bbox 256 1438 1839 1511; baseline -0.002 -17"><span class='ocrx_word' id='word_1_110' title='bbox 256 1442 579 1496; x_wconf 72' lang='grc' dir='ltr'>ἱπισκοπῶν</span> <span class='ocrx_word' id='word_1_111' title='bbox 620 1442 716 1504; x_wconf 76' lang='grc' dir='ltr'><strong>τὰς</strong></span> <span class='ocrx_word' id='word_1_112' title='bbox 751 1442 1043 1511; x_wconf 77' lang='grc' dir='ltr'><strong>ἐκκλησίας</strong></span> <span class='ocrx_word' id='word_1_113' title='bbox 1065 1441 1226 1495; x_wconf 78' lang='grc' dir='ltr'>αὐτοῦ</span> <span class='ocrx_word' id='word_1_114' title='bbox 1252 1441 1390 1493; x_wconf 79' lang='grc' dir='ltr'>κατὰ</span> <span class='ocrx_word' id='word_1_115' title='bbox 1414 1442 1492 1493; x_wconf 65' lang='grc' dir='ltr'>τόδ</span> <span class='ocrx_word' id='word_1_116' title='bbox 1521 1459 1537 1490; x_wconf 78' lang='grc' dir='ltr'><strong>ι</strong></span> <span class='ocrx_word' id='word_1_117' title='bbox 1554 1442 1724 1493; x_wconf 83' lang='grc' dir='ltr'>Ὅπου</span> <span class='ocrx_word' id='word_1_118' title='bbox 1748 1438 1839 1492; x_wconf 87' lang='grc' dir='ltr'><strong>δύο</strong></span> 
     </span>
    </p>
   </div>
   <div class='ocr_carea' id='block_1_17' title="bbox 256 1532 1839 1605">
    <p class='ocr_par' dir='ltr' id='par_1_17' title="bbox 256 1532 1839 1605">
     <span class='ocr_line' id='line_1_17' title="bbox 256 1532 1839 1605; baseline -0.001 -20"><span class='ocrx_word' id='word_1_119' title='bbox 256 1536 290 1605; x_wconf 63' lang='grc' dir='ltr'>ἦ</span> <span class='ocrx_word' id='word_1_120' title='bbox 312 1538 464 1605; x_wconf 80' lang='grc' dir='ltr'>τρεῖς</span> <span class='ocrx_word' id='word_1_121' title='bbox 496 1535 827 1605; x_wconf 78' lang='grc' dir='ltr'>συνηγμένοι</span> <span class='ocrx_word' id='word_1_122' title='bbox 854 1535 989 1588; x_wconf 78' lang='grc' dir='ltr'>εἰσὶν</span> <span class='ocrx_word' id='word_1_123' title='bbox 1018 1536 1097 1595; x_wconf 92' lang='grc' dir='ltr'><strong>εἰς</strong></span> <span class='ocrx_word' id='word_1_124' title='bbox 1121 1534 1181 1585; x_wconf 87' lang='grc' dir='ltr'>τὸ</span> <span class='ocrx_word' id='word_1_125' title='bbox 1210 1532 1341 1602; x_wconf 84' lang='grc' dir='ltr'>ὲμὺν</span> <span class='ocrx_word' id='word_1_126' title='bbox 1368 1533 1559 1602; x_wconf 74' lang='grc' dir='ltr'>ὄνομα,</span> <span class='ocrx_word' id='word_1_127' title='bbox 1588 1533 1705 1583; x_wconf 75' lang='grc' dir='ltr'>ἐκεῖ</span> <span class='ocrx_word' id='word_1_128' title='bbox 1726 1533 1839 1603; x_wconf 89' lang='grc' dir='ltr'>εἰμι</span> 
     </span>
    </p>
   </div>
   <div class='ocr_carea' id='block_1_18' title="bbox 255 1625 1842 1697">
    <p class='ocr_par' dir='ltr' id='par_1_18' title="bbox 255 1625 1842 1697">
     <span class='ocr_line' id='line_1_18' title="bbox 255 1625 1842 1697; baseline -0.002 -18"><span class='ocrx_word' id='word_1_129' title='bbox 255 1628 314 1679; x_wconf 78' lang='grc' dir='ltr'>ὲν</span> <span class='ocrx_word' id='word_1_130' title='bbox 336 1627 492 1697; x_wconf 79' lang='grc' dir='ltr'>μέσῳ</span> <span class='ocrx_word' id='word_1_131' title='bbox 515 1628 713 1680; x_wconf 80' lang='grc' dir='ltr'>αὐτῶν.</span> <span class='ocrx_word' id='word_1_132' title='bbox 743 1646 762 1679; x_wconf 87' lang='grc'><strong>›</strong></span> <span class='ocrx_word' id='word_1_133' title='bbox 791 1626 947 1681; x_wconf 87' lang='grc' dir='ltr'>Οῦτω</span> <span class='ocrx_word' id='word_1_134' title='bbox 972 1627 1101 1695; x_wconf 89' lang='grc' dir='ltr'>γοῦν</span> <span class='ocrx_word' id='word_1_135' title='bbox 1126 1628 1179 1679; x_wconf 90' lang='grc' dir='ltr'><strong>αἰ</strong></span> <span class='ocrx_word' id='word_1_136' title='bbox 1224 1626 1320 1695; x_wconf 79' lang='grc' dir='ltr'>μὲν</span> <span class='ocrx_word' id='word_1_137' title='bbox 1344 1625 1715 1696; x_wconf 82' lang='grc' dir='ltr'>ὲκκλησίαιτῇ</span> <span class='ocrx_word' id='word_1_138' title='bbox 1746 1625 1842 1677; x_wconf 82' lang='grc' dir='ltr'>αύ-</span> 
     </span>
    </p>
   </div>
   <div class='ocr_carea' id='block_1_19' title="bbox 254 1714 1843 1788">
    <p class='ocr_par' dir='ltr' id='par_1_19' title="bbox 254 1714 1843 1788">
     <span class='ocr_line' id='line_1_19' title="bbox 254 1714 1843 1788; baseline -0.001 -19"><span class='ocrx_word' id='word_1_139' title='bbox 254 1714 348 1769; x_wconf 83' lang='grc' dir='ltr'><strong>τσῦ</strong></span> <span class='ocrx_word' id='word_1_140' title='bbox 374 1717 679 1787; x_wconf 70' lang='grc' dir='ltr'>διέλαμπον</span> <span class='ocrx_word' id='word_1_141' title='bbox 702 1717 903 1788; x_wconf 83' lang='grc' dir='ltr'>χάριτι,</span> <span class='ocrx_word' id='word_1_142' title='bbox 934 1718 967 1787; x_wconf 80' lang='grc' dir='ltr'>ἡ</span> <span class='ocrx_word' id='word_1_143' title='bbox 1002 1716 1058 1768; x_wconf 84' lang='grc' dir='ltr'>δὲ</span> <span class='ocrx_word' id='word_1_144' title='bbox 1097 1714 1205 1768; x_wconf 83' lang='grc' dir='ltr'><strong>τῶν</strong></span> <span class='ocrx_word' id='word_1_145' title='bbox 1240 1715 1424 1769; x_wconf 84' lang='grc' dir='ltr'><strong>αὐτόθι</strong></span> <span class='ocrx_word' id='word_1_146' title='bbox 1449 1715 1717 1786; x_wconf 86' lang='grc' dir='ltr'>δαιμόνων</span> <span class='ocrx_word' id='word_1_147' title='bbox 1743 1733 1843 1768; x_wconf 88' lang='grc' dir='ltr'>κα-</span> 
     </span>
    </p>
   </div>
   <div class='ocr_carea' id='block_1_20' title="bbox 257 1805 705 1879">
    <p class='ocr_par' dir='ltr' id='par_1_20' title="bbox 257 1805 705 1879">
     <span class='ocr_line' id='line_1_20' title="bbox 257 1805 705 1879; baseline 0 -21"><span class='ocrx_word' id='word_1_148' title='bbox 257 1805 481 1879; x_wconf 76' lang='grc' dir='ltr'>θῃρεϊτο</span> <span class='ocrx_word' id='word_1_149' title='bbox 508 1806 705 1876; x_wconf 75' lang='grc' dir='ltr'>πλάνη.</span> 
     </span>
    </p>
   </div>
   <div class='ocr_carea' id='block_1_21' title="bbox 329 1893 1839 1967">
    <p class='ocr_par' dir='ltr' id='par_1_21' title="bbox 329 1893 1839 1967">
     <span class='ocr_line' id='line_1_21' title="bbox 329 1893 1839 1967; baseline -0.002 -17"><span class='ocrx_word' id='word_1_150' title='bbox 329 1917 351 1949; x_wconf 74' lang='grc' dir='ltr'><strong>ι</strong></span> <span class='ocrx_word' id='word_1_151' title='bbox 394 1898 509 1950; x_wconf 77' lang='grc' dir='ltr'><strong>Καὶ</strong></span> <span class='ocrx_word' id='word_1_152' title='bbox 541 1893 1003 1967; x_wconf 76' lang='grc' dir='ltr'>ὲπεγερθήσονται</span> <span class='ocrx_word' id='word_1_153' title='bbox 1050 1894 1337 1963; x_wconf 82' lang='grc' dir='ltr'>Αἰγύπτιοι</span> <span class='ocrx_word' id='word_1_154' title='bbox 1368 1896 1452 1947; x_wconf 78' lang='grc' dir='ltr'><strong>ἐπ’</strong></span> <span class='ocrx_word' id='word_1_155' title='bbox 1488 1895 1839 1963; x_wconf 86' lang='grc' dir='ltr'>Αἰγυπτίους,</span> 
     </span>
    </p>
   </div>
   <div class='ocr_carea' id='block_1_22' title="bbox 256 1986 1845 2059">
    <p class='ocr_par' dir='ltr' id='par_1_22' title="bbox 256 1986 1845 2059">
     <span class='ocr_line' id='line_1_22' title="bbox 256 1986 1845 2059; baseline -0.001 -16"><span class='ocrx_word' id='word_1_156' title='bbox 256 1990 351 2044; x_wconf 71' lang='grc' dir='ltr'>καὶ</span> <span class='ocrx_word' id='word_1_157' title='bbox 403 1989 709 2059; x_wconf 80' lang='grc' dir='ltr'><strong>πολεμήσει</strong></span> <span class='ocrx_word' id='word_1_158' title='bbox 749 1986 1038 2057; x_wconf 73' lang='grc' dir='ltr'>ἄνθρωπος</span> <span class='ocrx_word' id='word_1_159' title='bbox 1087 1989 1179 2041; x_wconf 83' lang='grc' dir='ltr'>τὸν</span> <span class='ocrx_word' id='word_1_160' title='bbox 1230 1988 1458 2057; x_wconf 81' lang='grc' dir='ltr'>ἀδελφὸν</span> <span class='ocrx_word' id='word_1_161' title='bbox 1510 1989 1697 2052; x_wconf 81' lang='grc' dir='ltr'>αὐτοῦ,</span> <span class='ocrx_word' id='word_1_162' title='bbox 1749 1988 1845 2041; x_wconf 79' lang='grc' dir='ltr'>καὶ</span> 
     </span>
    </p>
   </div>
   <div class='ocr_carea' id='block_1_23' title="bbox 256 2078 1845 2151">
    <p class='ocr_par' dir='ltr' id='par_1_23' title="bbox 256 2078 1845 2151">
     <span class='ocr_line' id='line_1_23' title="bbox 256 2078 1845 2151; baseline -0.002 -16"><span class='ocrx_word' id='word_1_163' title='bbox 256 2080 548 2150; x_wconf 71' lang='grc' dir='ltr'>ἄνθρωπος</span> <span class='ocrx_word' id='word_1_164' title='bbox 575 2080 667 2132; x_wconf 81' lang='grc' dir='ltr'>τὸν</span> <span class='ocrx_word' id='word_1_165' title='bbox 692 2079 921 2148; x_wconf 79' lang='grc' dir='ltr'>πλησίον</span> <span class='ocrx_word' id='word_1_166' title='bbox 947 2078 1132 2132; x_wconf 81' lang='grc' dir='ltr'>αὐτοῦ.</span> <span class='ocrx_word' id='word_1_167' title='bbox 1165 2099 1184 2131; x_wconf 74' lang='grc' dir='ltr'><strong>ι</strong></span> <span class='ocrx_word' id='word_1_168' title='bbox 1222 2081 1334 2134; x_wconf 77' lang='grc' dir='ltr'><strong>Καὶ</strong></span> <span class='ocrx_word' id='word_1_169' title='bbox 1358 2080 1528 2133; x_wconf 83' lang='grc' dir='ltr'>ταῦτα</span> <span class='ocrx_word' id='word_1_170' title='bbox 1556 2082 1653 2151; x_wconf 88' lang='grc' dir='ltr'>μὲν</span> <span class='ocrx_word' id='word_1_171' title='bbox 1678 2082 1845 2151; x_wconf 87' lang='grc' dir='ltr'>ὲπλη-</span> 
     </span>
    </p>
   </div>
   <div class='ocr_carea' id='block_1_24' title="bbox 258 2168 1844 2242">
    <p class='ocr_par' dir='ltr' id='par_1_24' title="bbox 258 2168 1844 2242">
     <span class='ocr_line' id='line_1_24' title="bbox 258 2168 1844 2242; baseline 0.004 -25"><span class='ocrx_word' id='word_1_172' title='bbox 258 2170 420 2242; x_wconf 80' lang='grc' dir='ltr'>ροῦτο</span> <span class='ocrx_word' id='word_1_173' title='bbox 456 2168 601 2240; x_wconf 81' lang='grc' dir='ltr'>μετὰ</span> <span class='ocrx_word' id='word_1_174' title='bbox 641 2170 701 2222; x_wconf 85' lang='grc' dir='ltr'>τὸ</span> <span class='ocrx_word' id='word_1_175' title='bbox 734 2169 1090 2237; x_wconf 79' lang='grc' dir='ltr'>εὐαγγελικὸν</span> <span class='ocrx_word' id='word_1_176' title='bbox 1132 2172 1416 2241; x_wconf 84' lang='grc' dir='ltr'>κήρυγμα,</span> <span class='ocrx_word' id='word_1_177' title='bbox 1451 2171 1513 2223; x_wconf 80' lang='grc' dir='ltr'>τὸ</span> <span class='ocrx_word' id='word_1_178' title='bbox 1551 2172 1630 2234; x_wconf 86' lang='grc' dir='ltr'><strong>εἰς</strong></span> <span class='ocrx_word' id='word_1_179' title='bbox 1664 2173 1844 2224; x_wconf 82' lang='grc' dir='ltr'>πᾶσαν</span> 
     </span>
    </p>
   </div>
   <div class='ocr_carea' id='block_1_25' title="bbox 256 2255 1846 2333">
    <p class='ocr_par' dir='ltr' id='par_1_25' title="bbox 256 2255 1846 2333">
     <span class='ocr_line' id='line_1_25' title="bbox 256 2255 1846 2333; baseline 0 -18"><span class='ocrx_word' id='word_1_180' title='bbox 256 2261 502 2315; x_wconf 76' lang='grc' dir='ltr'>διαδοθὲν</span> <span class='ocrx_word' id='word_1_181' title='bbox 551 2261 651 2333; x_wconf 74' lang='grc' dir='ltr'>τὴν</span> <span class='ocrx_word' id='word_1_182' title='bbox 688 2263 985 2328; x_wconf 72' lang='grc' dir='ltr'>Αἴγυπτον,</span> <span class='ocrx_word' id='word_1_183' title='bbox 1027 2262 1112 2331; x_wconf 74' lang='grc' dir='ltr'><strong>ἐφ’</strong></span> <span class='ocrx_word' id='word_1_184' title='bbox 1144 2255 1188 2330; x_wconf 81' lang='grc' dir='ltr'>ᾧ</span> <span class='ocrx_word' id='word_1_185' title='bbox 1220 2263 1290 2314; x_wconf 81' lang='grc' dir='ltr'><strong>τὰ</strong></span> <span class='ocrx_word' id='word_1_186' title='bbox 1339 2263 1437 2333; x_wconf 82' lang='grc' dir='ltr'>μὲν</span> <span class='ocrx_word' id='word_1_187' title='bbox 1472 2262 1652 2333; x_wconf 74' lang='grc' dir='ltr'>ἄψυχα</span> <span class='ocrx_word' id='word_1_188' title='bbox 1684 2263 1846 2326; x_wconf 83' lang='grc' dir='ltr'>ξόανα</span> 
     </span>
    </p>
   </div>
   <div class='ocr_carea' id='block_1_26' title="bbox 260 2350 1841 2424">
    <p class='ocr_par' dir='ltr' id='par_1_26' title="bbox 260 2350 1841 2424">
     <span class='ocr_line' id='line_1_26' title="bbox 260 2350 1841 2424; baseline 0.001 -20"><span class='ocrx_word' id='word_1_189' title='bbox 260 2354 355 2422; x_wconf 81' lang='grc' dir='ltr'>τῆς</span> <span class='ocrx_word' id='word_1_190' title='bbox 386 2351 448 2415; x_wconf 81' lang='grc' dir='ltr'>ἐξ</span> <span class='ocrx_word' id='word_1_191' title='bbox 494 2350 695 2414; x_wconf 84' lang='grc' dir='ltr'>αἰῶνος</span> <span class='ocrx_word' id='word_1_192' title='bbox 742 2352 1003 2420; x_wconf 81' lang='grc' dir='ltr'><strong>ἀκινήτου</strong></span> <span class='ocrx_word' id='word_1_193' title='bbox 1053 2353 1296 2416; x_wconf 87' lang='grc' dir='ltr'>στάσεως</span> <span class='ocrx_word' id='word_1_194' title='bbox 1329 2354 1508 2407; x_wconf 83' lang='grc' dir='ltr'>αὐτῶν</span> <span class='ocrx_word' id='word_1_195' title='bbox 1557 2353 1841 2424; x_wconf 80' lang='grc' dir='ltr'>ἐσαλεύθη,</span> 
     </span>
    </p>
   </div>
   <div class='ocr_carea' id='block_1_27' title="bbox 261 2442 1844 2515">
    <p class='ocr_par' dir='ltr' id='par_1_27' title="bbox 261 2442 1844 2515">
     <span class='ocr_line' id='line_1_27' title="bbox 261 2442 1844 2515; baseline 0.001 -20"><span class='ocrx_word' id='word_1_196' title='bbox 261 2442 400 2495; x_wconf 71' lang='grc' dir='ltr'>ὥστε</span> <span class='ocrx_word' id='word_1_197' title='bbox 430 2444 510 2512; x_wconf 80' lang='grc' dir='ltr'><strong>μὴ</strong></span> <span class='ocrx_word' id='word_1_198' title='bbox 545 2442 903 2514; x_wconf 86' lang='grc' dir='ltr'>καθιδρύσθαι</span> <span class='ocrx_word' id='word_1_199' title='bbox 936 2445 1030 2496; x_wconf 78' lang='grc' dir='ltr'>καὶ</span> <span class='ocrx_word' id='word_1_200' title='bbox 1058 2444 1281 2513; x_wconf 78' lang='grc' dir='ltr'>βεϐαίαν</span> <span class='ocrx_word' id='word_1_201' title='bbox 1315 2444 1455 2515; x_wconf 82' lang='grc' dir='ltr'>ἔχειν</span> <span class='ocrx_word' id='word_1_202' title='bbox 1486 2445 1627 2499; x_wconf 83' lang='grc' dir='ltr'>αὐτὰ</span> <span class='ocrx_word' id='word_1_203' title='bbox 1656 2445 1844 2497; x_wconf 87' lang='grc' dir='ltr'>στάσιν</span> 
     </span>
    </p>
   </div>
   <div class='ocr_carea' id='block_1_28' title="bbox 259 2532 1843 2604">
    <p class='ocr_par' dir='ltr' id='par_1_28' title="bbox 259 2532 1843 2604">
     <span class='ocr_line' id='line_1_28' title="bbox 259 2532 1843 2604; baseline 0 -17"><span class='ocrx_word' id='word_1_204' title='bbox 259 2532 343 2587; x_wconf 80' lang='grc' dir='ltr'>διὰ</span> <span class='ocrx_word' id='word_1_205' title='bbox 387 2532 480 2585; x_wconf 73' lang='grc' dir='ltr'><strong>τὸν</strong></span> <span class='ocrx_word' id='word_1_206' title='bbox 535 2534 895 2604; x_wconf 72' lang='grc' dir='ltr'>ἐγγενόμενον</span> <span class='ocrx_word' id='word_1_207' title='bbox 928 2535 1113 2599; x_wconf 83' lang='grc' dir='ltr'>αὐτοῖς</span> <span class='ocrx_word' id='word_1_208' title='bbox 1156 2534 1314 2601; x_wconf 78' lang='grc' dir='ltr'>λαὸν,</span> <span class='ocrx_word' id='word_1_209' title='bbox 1363 2538 1411 2589; x_wconf 86' lang='grc' dir='ltr'>οἰ</span> <span class='ocrx_word' id='word_1_210' title='bbox 1460 2536 1517 2589; x_wconf 83' lang='grc' dir='ltr'>δὲ</span> <span class='ocrx_word' id='word_1_211' title='bbox 1559 2537 1616 2588; x_wconf 78' lang='grc' dir='ltr'>ὲν</span> <span class='ocrx_word' id='word_1_212' title='bbox 1664 2537 1843 2599; x_wconf 77' lang='grc' dir='ltr'>αὐτοῖς</span> 
     </span>
    </p>
   </div>
   <div class='ocr_carea' id='block_1_29' title="bbox 261 2623 1846 2697">
    <p class='ocr_par' dir='ltr' id='par_1_29' title="bbox 261 2623 1846 2697">
     <span class='ocr_line' id='line_1_29' title="bbox 261 2623 1846 2697; baseline 0.003 -23"><span class='ocrx_word' id='word_1_213' title='bbox 261 2623 674 2691; x_wconf 72' lang='grc' dir='ltr'>ἐμφωλεύοντες</span> <span class='ocrx_word' id='word_1_214' title='bbox 702 2624 957 2694; x_wconf 83' lang='grc' dir='ltr'>δαίμονες</span> <span class='ocrx_word' id='word_1_215' title='bbox 983 2626 1233 2697; x_wconf 75' lang='grc' dir='ltr'>πονηροὶ,</span> <span class='ocrx_word' id='word_1_216' title='bbox 1263 2626 1326 2678; x_wconf 81' lang='grc' dir='ltr'>τὸ</span> <span class='ocrx_word' id='word_1_217' title='bbox 1358 2627 1522 2697; x_wconf 84' lang='grc' dir='ltr'>μηδὲν</span> <span class='ocrx_word' id='word_1_218' title='bbox 1552 2627 1702 2691; x_wconf 74' lang='grc' dir='ltr'>ὄντες</span> <span class='ocrx_word' id='word_1_219' title='bbox 1732 2628 1846 2697; x_wconf 89' lang='grc' dir='ltr'>διη-</span> 
     </span>
    </p>
   </div>
   <div class='ocr_carea' id='block_1_30' title="bbox 262 2712 1846 2789">
    <p class='ocr_par' dir='ltr' id='par_1_30' title="bbox 262 2712 1846 2789">
     <span class='ocr_line' id='line_1_30' title="bbox 262 2712 1846 2789; baseline 0.003 -23"><span class='ocrx_word' id='word_1_220' title='bbox 262 2712 520 2783; x_wconf 76' lang='grc' dir='ltr'>λέγχοντο</span> <span class='ocrx_word' id='word_1_221' title='bbox 546 2716 639 2767; x_wconf 75' lang='grc' dir='ltr'><strong>ἐπὶ</strong></span> <span class='ocrx_word' id='word_1_222' title='bbox 670 2714 897 2779; x_wconf 81' lang='grc' dir='ltr'>τούτοις.</span> <span class='ocrx_word' id='word_1_223' title='bbox 930 2716 1138 2788; x_wconf 82' lang='grc' dir='ltr'>’Ὠσπερ</span> <span class='ocrx_word' id='word_1_224' title='bbox 1163 2716 1272 2789; x_wconf 84' lang='grc' dir='ltr'><strong>γὰρ</strong></span> <span class='ocrx_word' id='word_1_225' title='bbox 1308 2720 1341 2789; x_wconf 81' lang='grc' dir='ltr'>ἡ</span> <span class='ocrx_word' id='word_1_226' title='bbox 1371 2718 1633 2788; x_wconf 78' lang='grc' dir='ltr'>ἐμφύλιος</span> <span class='ocrx_word' id='word_1_227' title='bbox 1661 2719 1846 2782; x_wconf 82' lang='grc' dir='ltr'>στάσις</span> 
     </span>
    </p>
   </div>
   <div class='ocr_carea' id='block_1_31' title="bbox 262 2805 1845 2880">
    <p class='ocr_par' dir='ltr' id='par_1_31' title="bbox 262 2805 1845 2880">
     <span class='ocr_line' id='line_1_31' title="bbox 262 2805 1845 2880; baseline 0.003 -22"><span class='ocrx_word' id='word_1_228' title='bbox 262 2805 382 2858; x_wconf 76' lang='grc' dir='ltr'>καθ’</span> <span class='ocrx_word' id='word_1_229' title='bbox 405 2806 540 2876; x_wconf 78' lang='grc' dir='ltr'>ὅλης</span> <span class='ocrx_word' id='word_1_230' title='bbox 564 2806 874 2877; x_wconf 81' lang='grc' dir='ltr'>διηγείρετο</span> <span class='ocrx_word' id='word_1_231' title='bbox 901 2807 997 2877; x_wconf 83' lang='grc' dir='ltr'>τῆς</span> <span class='ocrx_word' id='word_1_232' title='bbox 1026 2808 1299 2875; x_wconf 77' lang='grc' dir='ltr'>Αἰγύπτου</span> <span class='ocrx_word' id='word_1_233' title='bbox 1322 2828 1334 2839; x_wconf 90' lang='grc'><strong>·</strong></span> <span class='ocrx_word' id='word_1_234' title='bbox 1364 2809 1721 2880; x_wconf 84' lang='grc' dir='ltr'>διισταμένων</span> <span class='ocrx_word' id='word_1_235' title='bbox 1751 2810 1845 2863; x_wconf 82' lang='grc' dir='ltr'><strong>ἀπ’</strong></span> 
     </span>
    </p>
   </div>
   <div class='ocr_carea' id='block_1_32' title="bbox 261 2894 1846 2971">
    <p class='ocr_par' dir='ltr' id='par_1_32' title="bbox 261 2894 1846 2971">
     <span class='ocr_line' id='line_1_32' title="bbox 261 2894 1846 2971; baseline 0.002 -24"><span class='ocrx_word' id='word_1_236' title='bbox 261 2894 510 2965; x_wconf 78' lang='grc' dir='ltr'>ἀλλήλων</span> <span class='ocrx_word' id='word_1_237' title='bbox 539 2896 634 2947; x_wconf 73' lang='grc' dir='ltr'>καὶ</span> <span class='ocrx_word' id='word_1_238' title='bbox 674 2896 1020 2966; x_wconf 80' lang='grc' dir='ltr'>τεμνομένων</span> <span class='ocrx_word' id='word_1_239' title='bbox 1053 2899 1145 2951; x_wconf 85' lang='grc' dir='ltr'>καὶ</span> <span class='ocrx_word' id='word_1_240' title='bbox 1182 2899 1562 2971; x_wconf 80' lang='grc' dir='ltr'>μεριζομένων</span> <span class='ocrx_word' id='word_1_241' title='bbox 1605 2903 1727 2954; x_wconf 89' lang='grc' dir='ltr'>κατ’</span> <span class='ocrx_word' id='word_1_242' title='bbox 1765 2898 1846 2952; x_wconf 84' lang='grc' dir='ltr'><strong>οῐ-</strong></span> 
     </span>
    </p>
   </div>
   <div class='ocr_carea' id='block_1_33' title="bbox 262 2987 1847 3061">
    <p class='ocr_par' dir='ltr' id='par_1_33' title="bbox 262 2987 1847 3061">
     <span class='ocr_line' id='line_1_33' title="bbox 262 2987 1847 3061; baseline 0.004 -22"><span class='ocrx_word' id='word_1_243' title='bbox 262 3003 408 3050; x_wconf 79' lang='grc' dir='ltr'>κους,</span> <span class='ocrx_word' id='word_1_244' title='bbox 444 2989 543 3041; x_wconf 68' lang='grc' dir='ltr'><strong>καὶ</strong></span> <span class='ocrx_word' id='word_1_245' title='bbox 572 2987 805 3041; x_wconf 75' lang='grc' dir='ltr'>πολιτῶν</span> <span class='ocrx_word' id='word_1_246' title='bbox 828 2989 924 3060; x_wconf 82' lang='grc' dir='ltr'>τὴν</span> <span class='ocrx_word' id='word_1_247' title='bbox 949 2988 1132 3060; x_wconf 84' lang='grc' dir='ltr'>χώραν</span> <span class='ocrx_word' id='word_1_248' title='bbox 1161 2990 1474 3054; x_wconf 77' lang='grc' dir='ltr'>οἰκούντων,</span> <span class='ocrx_word' id='word_1_249' title='bbox 1498 2990 1576 3061; x_wconf 82' lang='grc' dir='ltr'><strong>τῷ</strong></span> <span class='ocrx_word' id='word_1_250' title='bbox 1594 2993 1719 3057; x_wconf 79' lang='grc' dir='ltr'>τοὺς</span> <span class='ocrx_word' id='word_1_251' title='bbox 1752 2993 1847 3047; x_wconf 73' lang='grc' dir='ltr'>ιιὲν</span> 
     </span>
    </p>
   </div>
   <div class='ocr_carea' id='block_1_34' title="bbox 261 3078 1848 3154">
    <p class='ocr_par' dir='ltr' id='par_1_34' title="bbox 261 3078 1848 3154">
     <span class='ocr_line' id='line_1_34' title="bbox 261 3078 1848 3154; baseline 0.004 -23"><span class='ocrx_word' id='word_1_252' title='bbox 261 3078 443 3132; x_wconf 67' lang='grc' dir='ltr'>αὐτῶν</span> <span class='ocrx_word' id='word_1_253' title='bbox 487 3079 847 3150; x_wconf 81' lang='grc' dir='ltr'>προστρέχειν</span> <span class='ocrx_word' id='word_1_254' title='bbox 879 3079 957 3150; x_wconf 80' lang='grc' dir='ltr'>τῷ</span> <span class='ocrx_word' id='word_1_255' title='bbox 987 3080 1305 3152; x_wconf 77' lang='grc' dir='ltr'>κηρύγματι</span> <span class='ocrx_word' id='word_1_256' title='bbox 1339 3083 1678 3154; x_wconf 81' lang='grc' dir='ltr'>εὐαγγελικῷ</span> <span class='ocrx_word' id='word_1_257' title='bbox 1718 3086 1848 3139; x_wconf 83' lang='grc' dir='ltr'>ἁνα-</span> 
     </span>
    </p>
   </div>
   <div class='ocr_carea' id='block_1_35' title="bbox 261 3170 1841 3247">
    <p class='ocr_par' dir='ltr' id='par_1_35' title="bbox 261 3170 1841 3247">
     <span class='ocr_line' id='line_1_35' title="bbox 261 3170 1841 3247; baseline 0.004 -25"><span class='ocrx_word' id='word_1_258' title='bbox 261 3170 575 3242; x_wconf 77' lang='grc' dir='ltr'>χωροῦντας</span> <span class='ocrx_word' id='word_1_259' title='bbox 602 3171 703 3241; x_wconf 85' lang='grc' dir='ltr'>τῆς</span> <span class='ocrx_word' id='word_1_260' title='bbox 734 3171 1055 3243; x_wconf 80' lang='grc' dir='ltr'>δαιμονικῆς</span> <span class='ocrx_word' id='word_1_261' title='bbox 1086 3176 1181 3227; x_wconf 75' lang='grc' dir='ltr'><strong>καὶ</strong></span> <span class='ocrx_word' id='word_1_262' title='bbox 1208 3176 1581 3247; x_wconf 76' lang='grc' dir='ltr'>Αἰγυπτιακῆς</span> <span class='ocrx_word' id='word_1_263' title='bbox 1613 3176 1841 3247; x_wconf 72' lang='grc' dir='ltr'>πλάνηςο</span> 
     </span>
    </p>
   </div>
   <div class='ocr_carea' id='block_1_36' title="bbox 260 3266 1843 3337">
    <p class='ocr_par' dir='ltr' id='par_1_36' title="bbox 260 3266 1843 3337">
     <span class='ocr_line' id='line_1_36' title="bbox 260 3266 1843 3337; baseline 0.002 -20"><span class='ocrx_word' id='word_1_264' title='bbox 260 3266 387 3327; x_wconf 75' lang='grc' dir='ltr'>τοὺς</span> <span class='ocrx_word' id='word_1_265' title='bbox 434 3266 493 3317; x_wconf 79' lang='grc' dir='ltr'>δὲ</span> <span class='ocrx_word' id='word_1_266' title='bbox 541 3267 975 3334; x_wconf 79' lang='grc' dir='ltr'>ὲναπομενοντας</span> <span class='ocrx_word' id='word_1_267' title='bbox 1018 3266 1076 3317; x_wconf 84' lang='grc' dir='ltr'>ὲν</span> <span class='ocrx_word' id='word_1_268' title='bbox 1118 3267 1253 3337; x_wconf 84' lang='grc' dir='ltr'>αὐτῇ</span> <span class='ocrx_word' id='word_1_269' title='bbox 1300 3267 1533 3337; x_wconf 85' lang='grc' dir='ltr'>πόλεμον</span> <span class='ocrx_word' id='word_1_270' title='bbox 1581 3268 1843 3321; x_wconf 80' lang='grc' dir='ltr'>ἄσπονδον</span> 
     </span>
    </p>
   </div>
   <div class='ocr_carea' id='block_1_37' title="bbox 262 3338 1843 3425">
    <p class='ocr_par' dir='ltr' id='par_1_37' title="bbox 262 3338 1843 3425">
     <span class='ocr_line' id='line_1_37' title="bbox 262 3338 1843 3425; baseline 0 -17"><span class='ocrx_word' id='word_1_271' title='bbox 262 3356 402 3408; x_wconf 72' lang='grc' dir='ltr'>κατὰ</span> <span class='ocrx_word' id='word_1_272' title='bbox 425 3356 636 3408; x_wconf 87' lang='grc' dir='ltr'>τούτων</span> <span class='ocrx_word' id='word_1_273' title='bbox 661 3354 896 3425; x_wconf 73' lang='grc' dir='ltr'>ἐγείρειν</span> <span class='ocrx_word' id='word_1_274' title='bbox 917 3372 929 3385; x_wconf 94' lang='grc'><strong>·</strong></span> <span class='ocrx_word' id='word_1_275' title='bbox 961 3356 1132 3421; x_wconf 78' lang='grc' dir='ltr'>οὕτως</span> <span class='ocrx_word' id='word_1_276' title='bbox 1159 3352 1250 3410; x_wconf 80' lang='grc' dir='ltr'>οὖν</span> <span class='ocrx_word' id='word_1_277' title='bbox 1290 3358 1645 3411; x_wconf 69' lang='grc' dir='ltr'>ἐπανίσταντο</span> <span class='ocrx_word' id='word_1_278' title='bbox 1675 3338 1843 3425; x_wconf 72' lang='grc' dir='ltr'>Αἰγύ-</span> 
     </span>
    </p>
   </div>
   <div class='ocr_carea' id='block_1_38' title="bbox 263 3444 910 3513">
    <p class='ocr_par' dir='ltr' id='par_1_38' title="bbox 263 3444 910 3513">
     <span class='ocr_line' id='line_1_38' title="bbox 263 3444 910 3513; baseline 0.005 -16"><span class='ocrx_word' id='word_1_279' title='bbox 263 3462 406 3497; x_wconf 79' lang='grc' dir='ltr'>πτιοι</span> <span class='ocrx_word' id='word_1_280' title='bbox 430 3447 523 3498; x_wconf 76' lang='grc' dir='ltr'><strong>ἐπ’</strong></span> <span class='ocrx_word' id='word_1_281' title='bbox 553 3444 910 3513; x_wconf 81' lang='grc' dir='ltr'>Αἰγυπτίους.</span> 
     </span>
    </p>
   </div>
   <div class='ocr_carea' id='block_1_39' title="bbox 341 3621 1846 3697">
    <p class='ocr_par' dir='ltr' id='par_1_39' title="bbox 341 3621 1846 3697">
     <span class='ocr_line' id='line_1_39' title="bbox 341 3621 1846 3697; baseline 0.006 -24"><span class='ocrx_word' id='word_1_282' title='bbox 341 3642 361 3673; x_wconf 73' lang='grc' dir='ltr'><strong>ι</strong></span> <span class='ocrx_word' id='word_1_283' title='bbox 393 3621 559 3685; x_wconf 83' lang='grc' dir='ltr'>Πόλις</span> <span class='ocrx_word' id='word_1_284' title='bbox 592 3623 685 3676; x_wconf 76' lang='grc' dir='ltr'>ἐπὶ</span> <span class='ocrx_word' id='word_1_285' title='bbox 723 3622 896 3688; x_wconf 89' lang='grc' dir='ltr'>πόλιν,</span> <span class='ocrx_word' id='word_1_286' title='bbox 928 3626 1023 3678; x_wconf 79' lang='grc' dir='ltr'><strong>καὶ</strong></span> <span class='ocrx_word' id='word_1_287' title='bbox 1063 3626 1225 3695; x_wconf 86' lang='grc' dir='ltr'>νομὸς</span> <span class='ocrx_word' id='word_1_288' title='bbox 1264 3626 1356 3679; x_wconf 75' lang='grc' dir='ltr'><strong>ἐπὶ</strong></span> <span class='ocrx_word' id='word_1_289' title='bbox 1389 3629 1568 3697; x_wconf 86' lang='grc' dir='ltr'>νομόν.</span> <span class='ocrx_word' id='word_1_290' title='bbox 1606 3629 1716 3681; x_wconf 73' lang='grc' dir='ltr'><strong>Καὶ</strong></span> <span class='ocrx_word' id='word_1_291' title='bbox 1758 3647 1846 3683; x_wconf 92' lang='grc' dir='ltr'>τα-</span> 
     </span>
    </p>
   </div>
   <div class='ocr_carea' id='block_1_40' title="bbox 258 3714 1845 3786">
    <p class='ocr_par' dir='ltr' id='par_1_40' title="bbox 258 3714 1845 3786">
     <span class='ocr_line' id='line_1_40' title="bbox 258 3714 1845 3786; baseline 0.006 -20"><span class='ocrx_word' id='word_1_292' title='bbox 258 3716 601 3786; x_wconf 84' lang='grc' dir='ltr'>ραχθήσεται</span> <span class='ocrx_word' id='word_1_293' title='bbox 630 3716 692 3768; x_wconf 84' lang='grc' dir='ltr'>τὸ</span> <span class='ocrx_word' id='word_1_294' title='bbox 714 3714 932 3786; x_wconf 87' lang='grc' dir='ltr'>πνεῦμα</span> <span class='ocrx_word' id='word_1_295' title='bbox 960 3718 1069 3770; x_wconf 84' lang='grc' dir='ltr'>τῶν</span> <span class='ocrx_word' id='word_1_296' title='bbox 1098 3720 1410 3786; x_wconf 83' lang='grc' dir='ltr'>Αἰγυπτίων</span> <span class='ocrx_word' id='word_1_297' title='bbox 1439 3723 1496 3773; x_wconf 82' lang='grc' dir='ltr'>ὲν</span> <span class='ocrx_word' id='word_1_298' title='bbox 1523 3722 1724 3785; x_wconf 83' lang='grc' dir='ltr'>αὐτοῖς,</span> <span class='ocrx_word' id='word_1_299' title='bbox 1751 3724 1845 3776; x_wconf 76' lang='grc' dir='ltr'>καὶ</span> 
     </span>
    </p>
   </div>
   <div class='ocr_carea' id='block_1_41' title="bbox 262 3806 1844 3884">
    <p class='ocr_par' dir='ltr' id='par_1_41' title="bbox 262 3806 1844 3884">
     <span class='ocr_line' id='line_1_41' title="bbox 262 3806 1844 3884; baseline 0.006 -27"><span class='ocrx_word' id='word_1_300' title='bbox 262 3808 361 3877; x_wconf 73' lang='grc' dir='ltr'>τὴν</span> <span class='ocrx_word' id='word_1_301' title='bbox 414 3806 612 3877; x_wconf 82' lang='grc' dir='ltr'>βουλὴν</span> <span class='ocrx_word' id='word_1_302' title='bbox 651 3808 829 3861; x_wconf 83' lang='grc' dir='ltr'>αὐτῶν</span> <span class='ocrx_word' id='word_1_303' title='bbox 873 3808 1230 3863; x_wconf 85' lang='grc' dir='ltr'>διασκεδάσω.</span> <span class='ocrx_word' id='word_1_304' title='bbox 1276 3813 1385 3865; x_wconf 79' lang='grc' dir='ltr'>Καὶ</span> <span class='ocrx_word' id='word_1_305' title='bbox 1438 3813 1844 3884; x_wconf 70' lang='grc' dir='ltr'>ἐπερωτήσουσι</span> 
     </span>
    </p>
   </div>
   <div class='ocr_carea' id='block_1_42' title="bbox 261 3896 1847 3985">
    <p class='ocr_par' dir='ltr' id='par_1_42' title="bbox 261 3896 1847 3985">
     <span class='ocr_line' id='line_1_42' title="bbox 261 3896 1847 3985; baseline 0.006 -37"><span class='ocrx_word' id='word_1_306' title='bbox 261 3899 391 3960; x_wconf 73' lang='grc' dir='ltr'>τοὺς</span> <span class='ocrx_word' id='word_1_307' title='bbox 427 3896 587 3960; x_wconf 75' lang='grc' dir='ltr'>θεοὺς</span> <span class='ocrx_word' id='word_1_308' title='bbox 612 3896 792 3950; x_wconf 76' lang='grc' dir='ltr'>αὐτῶν</span> <span class='ocrx_word' id='word_1_309' title='bbox 828 3900 925 3985; x_wconf 57' lang='grc' dir='ltr'><strong>καί</strong></span> <span class='ocrx_word' id='word_1_310' title='bbox 968 3898 1036 3951; x_wconf 85' lang='grc' dir='ltr'>τὰ</span> <span class='ocrx_word' id='word_1_311' title='bbox 1071 3901 1359 3971; x_wconf 84' lang='grc' dir='ltr'>ἀγάλματα</span> <span class='ocrx_word' id='word_1_312' title='bbox 1396 3902 1570 3955; x_wconf 78' lang='grc' dir='ltr'>αὐτῶν</span> <span class='ocrx_word' id='word_1_313' title='bbox 1600 3903 1694 3956; x_wconf 67' lang='grc' dir='ltr'><strong>καὶ</strong></span> <span class='ocrx_word' id='word_1_314' title='bbox 1720 3906 1847 3969; x_wconf 83' lang='grc' dir='ltr'>τοὺς</span> 
     </span>
    </p>
   </div>
   <div class='ocr_carea' id='block_1_43' title="bbox 264 3986 1840 4062">
    <p class='ocr_par' dir='ltr' id='par_1_43' title="bbox 264 3986 1840 4062">
     <span class='ocr_line' id='line_1_43' title="bbox 264 3986 1840 4062; baseline 0.008 -26"><span class='ocrx_word' id='word_1_315' title='bbox 264 3986 328 4037; x_wconf 72' lang='grc' dir='ltr'>ὲκ</span> <span class='ocrx_word' id='word_1_316' title='bbox 370 3986 473 4055; x_wconf 79' lang='grc' dir='ltr'>τῆς</span> <span class='ocrx_word' id='word_1_317' title='bbox 513 3986 617 4054; x_wconf 81' lang='grc' dir='ltr'>γῆς</span> <span class='ocrx_word' id='word_1_318' title='bbox 648 3986 990 4053; x_wconf 49' lang='grc' dir='ltr'>φωνοῦντας,</span> <span class='ocrx_word' id='word_1_319' title='bbox 1034 3988 1128 4040; x_wconf 81' lang='grc' dir='ltr'>καὶ</span> <span class='ocrx_word' id='word_1_320' title='bbox 1169 3992 1294 4053; x_wconf 82' lang='grc' dir='ltr'>τοὺς</span> <span class='ocrx_word' id='word_1_321' title='bbox 1353 3992 1840 4062; x_wconf 76' lang='grc' dir='ltr'>ἐγγαστριμύθους.</span> 
     </span>
    </p>
   </div>
   <div class='ocr_carea' id='block_1_44' title="bbox 265 4076 1847 4157">
    <p class='ocr_par' dir='ltr' id='par_1_44' title="bbox 265 4076 1847 4157">
     <span class='ocr_line' id='line_1_44' title="bbox 265 4076 1847 4157; baseline 0.008 -30"><span class='ocrx_word' id='word_1_322' title='bbox 265 4076 377 4132; x_wconf 67' lang='grc' dir='ltr'><strong>Καὶ</strong></span> <span class='ocrx_word' id='word_1_323' title='bbox 419 4076 730 4147; x_wconf 83' lang='grc' dir='ltr'>παραδώσω</span> <span class='ocrx_word' id='word_1_324' title='bbox 761 4080 860 4150; x_wconf 86' lang='grc' dir='ltr'>τὴν</span> <span class='ocrx_word' id='word_1_325' title='bbox 896 4080 1169 4149; x_wconf 71' lang='grc' dir='ltr'>Αἴγυπτον</span> <span class='ocrx_word' id='word_1_326' title='bbox 1197 4084 1277 4145; x_wconf 87' lang='grc' dir='ltr'><strong>εἰς</strong></span> <span class='ocrx_word' id='word_1_327' title='bbox 1314 4086 1499 4155; x_wconf 80' lang='grc' dir='ltr'>χεῖρας</span> <span class='ocrx_word' id='word_1_328' title='bbox 1544 4085 1847 4157; x_wconf 80' lang='grc' dir='ltr'>ἀνθρώπων</span> 
     </span>
    </p>
   </div>
   <div class='ocr_carea' id='block_1_45' title="bbox 264 4166 1847 4249">
    <p class='ocr_par' dir='ltr' id='par_1_45' title="bbox 264 4166 1847 4249">
     <span class='ocr_line' id='line_1_45' title="bbox 264 4166 1847 4249; baseline 0.008 -29"><span class='ocrx_word' id='word_1_329' title='bbox 264 4166 472 4237; x_wconf 64' lang='grc' dir='ltr'>αωρίων</span> <span class='ocrx_word' id='word_1_330' title='bbox 504 4168 777 4240; x_wconf 85' lang='grc' dir='ltr'>σκληρῶν,</span> <span class='ocrx_word' id='word_1_331' title='bbox 805 4172 898 4223; x_wconf 72' lang='grc' dir='ltr'><strong>καί¹</strong></span> <span class='ocrx_word' id='word_1_332' title='bbox 937 4170 1174 4240; x_wconf 82' lang='grc' dir='ltr'>βασιλεῖς</span> <span class='ocrx_word' id='word_1_333' title='bbox 1210 4175 1437 4246; x_wconf 82' lang='grc' dir='ltr'>σκληροὶ</span> <span class='ocrx_word' id='word_1_334' title='bbox 1469 4178 1847 4249; x_wconf 89' lang='grc' dir='ltr'>κυριεύσουσιν</span> 
     </span>
    </p>
   </div>
   <div class='ocr_carea' id='block_1_46' title="bbox 265 4255 1847 4335">
    <p class='ocr_par' dir='ltr' id='par_1_46' title="bbox 265 4255 1847 4335">
     <span class='ocr_line' id='line_1_46' title="bbox 265 4255 1847 4335; baseline 0.009 -27"><span class='ocrx_word' id='word_1_335' title='bbox 507 4275 527 4307; x_wconf 74' lang='grc' dir='ltr'><strong>ι</strong></span> <span class='ocrx_word' id='word_1_336' title='bbox 564 4258 737 4328; x_wconf 62' lang='grc' dir='ltr'><strong>Νομοδ⁹</strong></span> <span class='ocrx_word' id='word_1_337' title='bbox 761 4260 817 4312; x_wconf 81' lang='grc' dir='ltr'>δὲ</span> <span class='ocrx_word' id='word_1_338' title='bbox 846 4261 1131 4315; x_wconf 84' lang='grc' dir='ltr'>καλοῦνται</span> <span class='ocrx_word' id='word_1_339' title='bbox 1160 4264 1290 4335; x_wconf 89' lang='grc' dir='ltr'>παρ’</span> <span class='ocrx_word' id='word_1_340' title='bbox 1319 4266 1637 4334; x_wconf 86' lang='grc' dir='ltr'>Αἰγυπτίοις</span> <span class='ocrx_word' id='word_1_341' title='bbox 1679 4270 1847 4324; x_wconf 88' lang='grc' dir='ltr'>εἰσέτι</span> 
     </span>
    </p>
   </div>
   <div class='ocr_carea' id='block_1_47' title="bbox 265 4346 1847 4425">
    <p class='ocr_par' dir='ltr' id='par_1_47' title="bbox 265 4346 1847 4425">
     <span class='ocr_line' id='line_1_47' title="bbox 265 4346 1847 4425; baseline 0.008 -24"><span class='ocrx_word' id='word_1_342' title='bbox 265 4346 361 4401; x_wconf 75' lang='grc' dir='ltr'>καὶ</span> <span class='ocrx_word' id='word_1_343' title='bbox 388 4346 487 4399; x_wconf 88' lang='grc' dir='ltr'><strong>νῦν</strong></span> <span class='ocrx_word' id='word_1_344' title='bbox 518 4348 578 4400; x_wconf 89' lang='grc' dir='ltr'><strong>αἰ</strong></span> <span class='ocrx_word' id='word_1_345' title='bbox 610 4350 738 4420; x_wconf 86' lang='grc' dir='ltr'>παρ’</span> <span class='ocrx_word' id='word_1_346' title='bbox 784 4353 965 4415; x_wconf 81' lang='grc' dir='ltr'>αὐτοῖς</span> <span class='ocrx_word' id='word_1_347' title='bbox 1004 4354 1197 4425; x_wconf 83' lang='grc' dir='ltr'>χῶραι,</span> <span class='ocrx_word' id='word_1_348' title='bbox 1224 4355 1281 4409; x_wconf 78' lang='grc' dir='ltr'><strong>αἰ</strong></span> <span class='ocrx_word' id='word_1_349' title='bbox 1312 4358 1405 4409; x_wconf 79' lang='grc' dir='ltr'>καὶ</span> <span class='ocrx_word' id='word_1_350' title='bbox 1431 4359 1591 4411; x_wconf 77' lang='grc' dir='ltr'>αὑταὶ</span> <span class='ocrx_word' id='word_1_351' title='bbox 1615 4359 1847 4414; x_wconf 90' lang='grc' dir='ltr'>διίσταν-</span> 
     </span>
    </p>
   </div>
   <div class='ocr_carea' id='block_1_48' title="bbox 266 4437 1850 4524">
    <p class='ocr_par' dir='ltr' id='par_1_48' title="bbox 266 4437 1850 4524">
     <span class='ocr_line' id='line_1_48' title="bbox 266 4437 1850 4524; baseline 0.011 -33"><span class='ocrx_word' id='word_1_352' title='bbox 266 4452 356 4491; x_wconf 82' lang='grc' dir='ltr'><strong>ται</strong></span> <span class='ocrx_word' id='word_1_353' title='bbox 382 4437 522 4509; x_wconf 74' lang='grc' dir='ltr'>πρὸς</span> <span class='ocrx_word' id='word_1_354' title='bbox 550 4439 781 4511; x_wconf 79' lang='grc' dir='ltr'>ἀλλήλας</span> <span class='ocrx_word' id='word_1_355' title='bbox 803 4442 902 4511; x_wconf 85' lang='grc' dir='ltr'>τῆς</span> <span class='ocrx_word' id='word_1_356' title='bbox 924 4445 1090 4515; x_wconf 82' lang='grc' dir='ltr'>αὐτῆς</span> <span class='ocrx_word' id='word_1_357' title='bbox 1118 4446 1302 4500; x_wconf 76' lang='grc' dir='ltr'>ἕνεκεν</span> <span class='ocrx_word' id='word_1_358' title='bbox 1326 4449 1653 4515; x_wconf 85' lang='grc' dir='ltr'>ὑποθέσεως.</span> <span class='ocrx_word' id='word_1_359' title='bbox 1693 4454 1850 4524; x_wconf 84' lang='grc' dir='ltr'>Έχω-</span> 
     </span>
    </p>
   </div>
   <div class='ocr_carea' id='block_1_49' title="bbox 270 4529 1845 4615">
    <p class='ocr_par' dir='ltr' id='par_1_49' title="bbox 270 4529 1845 4615">
     <span class='ocr_line' id='line_1_49' title="bbox 270 4529 1845 4615; baseline 0.011 -33"><span class='ocrx_word' id='word_1_360' title='bbox 270 4529 452 4602; x_wconf 76' lang='grc' dir='ltr'>ρίζετο</span> <span class='ocrx_word' id='word_1_361' title='bbox 479 4530 537 4583; x_wconf 85' lang='grc' dir='ltr'>δὲ</span> <span class='ocrx_word' id='word_1_362' title='bbox 563 4532 666 4601; x_wconf 86' lang='grc' dir='ltr'>τῆς</span> <span class='ocrx_word' id='word_1_363' title='bbox 700 4535 844 4589; x_wconf 83' lang='grc' dir='ltr'>κατὰ</span> <span class='ocrx_word' id='word_1_364' title='bbox 870 4535 1005 4589; x_wconf 81' lang='grc' dir='ltr'>Θεοῦ</span> <span class='ocrx_word' id='word_1_365' title='bbox 1038 4539 1311 4604; x_wconf 87' lang='grc' dir='ltr'>πολιτείας</span> <span class='ocrx_word' id='word_1_366' title='bbox 1330 4543 1358 4594; x_wconf 90' lang='grc' dir='ltr'><strong>ό</strong></span> <span class='ocrx_word' id='word_1_367' title='bbox 1378 4543 1488 4596; x_wconf 85' lang='grc' dir='ltr'><strong>τῶν</strong></span> <span class='ocrx_word' id='word_1_368' title='bbox 1508 4545 1681 4598; x_wconf 86' lang='grc' dir='ltr'>ἀθέων</span> <span class='ocrx_word' id='word_1_369' title='bbox 1713 4546 1845 4615; x_wconf 84' lang='grc' dir='ltr'>βίος,</span> 
     </span>
    </p>
   </div>
   <div class='ocr_carea' id='block_1_50' title="bbox 267 4623 1843 4709">
    <p class='ocr_par' dir='ltr' id='par_1_50' title="bbox 267 4623 1843 4709">
     <span class='ocr_line' id='line_1_50' title="bbox 267 4623 1843 4709; baseline 0.012 -35"><span class='ocrx_word' id='word_1_370' title='bbox 267 4623 358 4675; x_wconf 74' lang='grc' dir='ltr'><strong>καὶ</strong></span> <span class='ocrx_word' id='word_1_371' title='bbox 384 4624 552 4692; x_wconf 75' lang='grc' dir='ltr'>νομὸς</span> <span class='ocrx_word' id='word_1_372' title='bbox 594 4626 916 4698; x_wconf 80' lang='grc' dir='ltr'>έπηγείρετο</span> <span class='ocrx_word' id='word_1_373' title='bbox 943 4630 1115 4701; x_wconf 83' lang='grc' dir='ltr'>νομῷ,</span> <span class='ocrx_word' id='word_1_374' title='bbox 1149 4632 1241 4686; x_wconf 91' lang='grc' dir='ltr'><strong>τοῦ</strong></span> <span class='ocrx_word' id='word_1_375' title='bbox 1286 4635 1643 4705; x_wconf 83' lang='grc' dir='ltr'>εὑαγγελικοῦ</span> <span class='ocrx_word' id='word_1_376' title='bbox 1676 4639 1843 4709; x_wconf 89' lang='grc' dir='ltr'>νόμου</span> 
     </span>
    </p>
   </div>
   <div class='ocr_carea' id='block_1_51' title="bbox 268 4710 1846 4795">
    <p class='ocr_par' dir='ltr' id='par_1_51' title="bbox 268 4710 1846 4795">
     <span class='ocr_line' id='line_1_51' title="bbox 268 4710 1846 4795; baseline 0.013 -33"><span class='ocrx_word' id='word_1_377' title='bbox 268 4710 333 4764; x_wconf 76' lang='grc' dir='ltr'>τὰ</span> <span class='ocrx_word' id='word_1_378' title='bbox 360 4710 472 4770; x_wconf 82' lang='grc' dir='ltr'><strong>τῶν</strong></span> <span class='ocrx_word' id='word_1_379' title='bbox 504 4711 819 4779; x_wconf 82' lang='grc' dir='ltr'>Αἰγυπτίων</span> <span class='ocrx_word' id='word_1_380' title='bbox 844 4717 1240 4789; x_wconf 85' lang='grc' dir='ltr'>ἀνατρέποντος</span> <span class='ocrx_word' id='word_1_381' title='bbox 1268 4724 1493 4795; x_wconf 88' lang='grc' dir='ltr'>νόμιμα,</span> <span class='ocrx_word' id='word_1_382' title='bbox 1536 4728 1611 4789; x_wconf 86' lang='grc' dir='ltr'><strong>ὡς</strong></span> <span class='ocrx_word' id='word_1_383' title='bbox 1640 4724 1705 4782; x_wconf 80' lang='grc' dir='ltr'>αὖ</span> <span class='ocrx_word' id='word_1_384' title='bbox 1739 4730 1846 4782; x_wconf 83' lang='grc' dir='ltr'><strong>πά-</strong></span> 
     </span>
    </p>
   </div>
   <div class='ocr_carea' id='block_1_52' title="bbox 271 4800 1845 4888">
    <p class='ocr_par' dir='ltr' id='par_1_52' title="bbox 271 4800 1845 4888">
     <span class='ocr_line' id='line_1_52' title="bbox 271 4800 1845 4888; baseline 0.014 -36"><span class='ocrx_word' id='word_1_385' title='bbox 271 4800 350 4853; x_wconf 84' lang='grc' dir='ltr'><strong>λιν</strong></span> <span class='ocrx_word' id='word_1_386' title='bbox 383 4802 479 4855; x_wconf 89' lang='grc' dir='ltr'><strong>τοῦ</strong></span> <span class='ocrx_word' id='word_1_387' title='bbox 515 4804 616 4874; x_wconf 85' lang='grc' dir='ltr'>τῆς</span> <span class='ocrx_word' id='word_1_388' title='bbox 655 4807 1093 4881; x_wconf 86' lang='grc' dir='ltr'>εἰδωλολατρείας</span> <span class='ocrx_word' id='word_1_389' title='bbox 1136 4813 1302 4883; x_wconf 87' lang='grc' dir='ltr'>νόμου</span> <span class='ocrx_word' id='word_1_390' title='bbox 1350 4817 1712 4888; x_wconf 76' lang='grc' dir='ltr'>πολεμοῦντος</span> <span class='ocrx_word' id='word_1_391' title='bbox 1754 4823 1845 4873; x_wconf 85' lang='grc' dir='ltr'>τὸν</span> 
     </span>
    </p>
   </div>
   <div class='ocr_carea' id='block_1_53' title="bbox 273 4896 1846 4983">
    <p class='ocr_par' dir='ltr' id='par_1_53' title="bbox 273 4896 1846 4983">
     <span class='ocr_line' id='line_1_53' title="bbox 273 4896 1846 4983; baseline 0.015 -39"><span class='ocrx_word' id='word_1_392' title='bbox 273 4897 539 4966; x_wconf 71' lang='grc' dir='ltr'>σωτήριον</span> <span class='ocrx_word' id='word_1_393' title='bbox 576 4896 755 4964; x_wconf 83' lang='grc' dir='ltr'>λόγον.</span> <span class='ocrx_word' id='word_1_394' title='bbox 800 4900 985 4955; x_wconf 85' lang='grc' dir='ltr'>Ταῦτα</span> <span class='ocrx_word' id='word_1_395' title='bbox 1026 4904 1082 4957; x_wconf 85' lang='grc' dir='ltr'>δὲ</span> <span class='ocrx_word' id='word_1_396' title='bbox 1113 4905 1291 4958; x_wconf 82' lang='grc' dir='ltr'>πάντα</span> <span class='ocrx_word' id='word_1_397' title='bbox 1339 4909 1567 4975; x_wconf 80' lang='grc' dir='ltr'>ἐγίνετο,</span> <span class='ocrx_word' id='word_1_398' title='bbox 1614 4912 1713 4983; x_wconf 80' lang='grc' dir='ltr'>τὴν</span> <span class='ocrx_word' id='word_1_399' title='bbox 1753 4914 1846 4967; x_wconf 77' lang='grc' dir='ltr'><strong>ἐπὶ</strong></span> 
     </span>
    </p>
   </div>
   <div class='ocr_carea' id='block_1_54' title="bbox 272 4984 1846 5074">
    <p class='ocr_par' dir='ltr' id='par_1_54' title="bbox 272 4984 1846 5074">
     <span class='ocr_line' id='line_1_54' title="bbox 272 4984 1846 5074; baseline 0.014 -37"><span class='ocrx_word' id='word_1_400' title='bbox 459 4989 780 5058; x_wconf 83' lang='grc' dir='ltr'>συμφωνίαν</span> <span class='ocrx_word' id='word_1_401' title='bbox 825 4992 931 5045; x_wconf 88' lang='grc' dir='ltr'><strong>τῶν</strong></span> <span class='ocrx_word' id='word_1_402' title='bbox 972 4996 1284 5064; x_wconf 87' lang='grc' dir='ltr'>Αἰγυπτίων</span> <span class='ocrx_word' id='word_1_403' title='bbox 1330 5001 1425 5053; x_wconf 78' lang='grc' dir='ltr'>καὶ</span> <span class='ocrx_word' id='word_1_404' title='bbox 1455 5001 1553 5072; x_wconf 83' lang='grc' dir='ltr'>τὴν</span> <span class='ocrx_word' id='word_1_405' title='bbox 1594 5005 1846 5074; x_wconf 87' lang='grc' dir='ltr'>ὁμόνοιαν</span> 
     </span>
    </p>
   </div>
   <div class='ocr_carea' id='block_1_55' title="bbox 274 5076 1845 5162">
    <p class='ocr_par' dir='ltr' id='par_1_55' title="bbox 274 5076 1845 5162">
     <span class='ocr_line' id='line_1_55' title="bbox 274 5076 1845 5162; baseline 0.014 -36"><span class='ocrx_word' id='word_1_406' title='bbox 274 5076 448 5127; x_wconf 72' lang='grc' dir='ltr'>αὐτῶν</span> <span class='ocrx_word' id='word_1_407' title='bbox 470 5078 571 5147; x_wconf 82' lang='grc' dir='ltr'>τὴν</span> <span class='ocrx_word' id='word_1_408' title='bbox 602 5081 731 5151; x_wconf 79' lang='grc' dir='ltr'>περὶ</span> <span class='ocrx_word' id='word_1_409' title='bbox 757 5084 856 5151; x_wconf 84' lang='grc' dir='ltr'>τὴν</span> <span class='ocrx_word' id='word_1_410' title='bbox 886 5085 1143 5141; x_wconf 88' lang='grc' dir='ltr'>πολύθεον</span> <span class='ocrx_word' id='word_1_411' title='bbox 1178 5089 1387 5161; x_wconf 86' lang='grc' dir='ltr'>πλάνην</span> <span class='ocrx_word' id='word_1_412' title='bbox 1411 5093 1728 5162; x_wconf 89' lang='grc' dir='ltr'>συγχέοντος</span> <span class='ocrx_word' id='word_1_413' title='bbox 1751 5095 1845 5149; x_wconf 88' lang='grc' dir='ltr'><strong>τοῦ</strong></span> 
     </span>
    </p>
   </div>
   <div class='ocr_carea' id='block_1_56' title="bbox 274 5165 1847 5254">
    <p class='ocr_par' dir='ltr' id='par_1_56' title="bbox 274 5165 1847 5254">
     <span class='ocr_line' id='line_1_56' title="bbox 274 5165 1847 5254; baseline 0.013 -37"><span class='ocrx_word' id='word_1_414' title='bbox 274 5165 704 5238; x_wconf 67' lang='grc' dir='ltr'>ἐπιδημήσαντος</span> <span class='ocrx_word' id='word_1_415' title='bbox 726 5173 907 5237; x_wconf 82' lang='grc' dir='ltr'>αὐτοῖς</span> <span class='ocrx_word' id='word_1_416' title='bbox 937 5176 1161 5247; x_wconf 83' lang='grc' dir='ltr'>Κυρίου.</span> <span class='ocrx_word' id='word_1_417' title='bbox 1194 5181 1284 5232; x_wconf 75' lang='grc' dir='ltr'><strong>Διὸ</strong></span> <span class='ocrx_word' id='word_1_418' title='bbox 1319 5181 1531 5254; x_wconf 74' lang='grc' dir='ltr'>εἴρηται</span> <span class='ocrx_word' id='word_1_419' title='bbox 1574 5185 1715 5238; x_wconf 82' lang='grc' dir='ltr'>κατὰ</span> <span class='ocrx_word' id='word_1_420' title='bbox 1756 5186 1847 5238; x_wconf 83' lang='grc' dir='ltr'>τὸν</span> 
     </span>
    </p>
   </div>
   <div class='ocr_carea' id='block_1_57' title="bbox 284 5256 1839 5342">
    <p class='ocr_par' dir='ltr' id='par_1_57' title="bbox 284 5256 1839 5342">
     <span class='ocr_line' id='line_1_57' title="bbox 284 5256 1839 5342; baseline 0.015 -37"><span class='ocrx_word' id='word_1_421' title='bbox 284 5256 530 5321; x_wconf 79' lang='grc' dir='ltr'>’Δκύλαν,</span> <span class='ocrx_word' id='word_1_422' title='bbox 561 5278 579 5309; x_wconf 89' lang='grc'><strong><em>‹</em></strong></span> <span class='ocrx_word' id='word_1_423' title='bbox 614 5262 723 5314; x_wconf 75' lang='grc' dir='ltr'><strong>Καὶ</strong></span> <span class='ocrx_word' id='word_1_424' title='bbox 759 5266 1037 5319; x_wconf 80' lang='grc' dir='ltr'>στασιάσω</span> <span class='ocrx_word' id='word_1_425' title='bbox 1070 5270 1386 5337; x_wconf 85' lang='grc' dir='ltr'>Αἰγυπτίοις</span> <span class='ocrx_word' id='word_1_426' title='bbox 1426 5276 1781 5342; x_wconf 73' lang='grc' dir='ltr'><strong>Αἰγυπτίους⁸</strong></span> <span class='ocrx_word' id='word_1_427' title='bbox 1822 5297 1839 5329; x_wconf 84' lang='grc'>›</span> 
     </span>
    </p>
   </div>
   <div class='ocr_carea' id='block_1_58' title="bbox 276 5345 1845 5430">
    <p class='ocr_par' dir='ltr' id='par_1_58' title="bbox 276 5345 1845 5430">
     <span class='ocr_line' id='line_1_58' title="bbox 276 5345 1845 5430; baseline 0.014 -34"><span class='ocrx_word' id='word_1_428' title='bbox 276 5345 411 5397; x_wconf 73' lang='grc' dir='ltr'>κατὰ</span> <span class='ocrx_word' id='word_1_429' title='bbox 450 5345 503 5400; x_wconf 84' lang='grc' dir='ltr'>δὲ</span> <span class='ocrx_word' id='word_1_430' title='bbox 541 5348 635 5402; x_wconf 76' lang='grc' dir='ltr'><strong>τὸν</strong></span> <span class='ocrx_word' id='word_1_431' title='bbox 666 5350 984 5423; x_wconf 85' lang='grc' dir='ltr'>Σύμμαχον,</span> <span class='ocrx_word' id='word_1_432' title='bbox 1026 5374 1045 5406; x_wconf 79' lang='grc' dir='ltr'><strong>ι</strong></span> <span class='ocrx_word' id='word_1_433' title='bbox 1085 5357 1351 5427; x_wconf 74' lang='grc' dir='ltr'>Συμϐαλῶ</span> <span class='ocrx_word' id='word_1_434' title='bbox 1380 5362 1707 5430; x_wconf 88' lang='grc' dir='ltr'>Αἰγυπτίους</span> <span class='ocrx_word' id='word_1_435' title='bbox 1748 5367 1845 5417; x_wconf 86' lang='grc' dir='ltr'>Αἰ-</span> 
     </span>
    </p>
   </div>
   <div class='ocr_carea' id='block_1_59' title="bbox 277 5436 1843 5523">
    <p class='ocr_par' dir='ltr' id='par_1_59' title="bbox 277 5436 1843 5523">
     <span class='ocr_line' id='line_1_59' title="bbox 277 5436 1843 5523; baseline 0.016 -38"><span class='ocrx_word' id='word_1_436' title='bbox 277 5436 528 5502; x_wconf 84' lang='grc' dir='ltr'>γυπτίοις.</span> <span class='ocrx_word' id='word_1_437' title='bbox 569 5458 588 5491; x_wconf 73' lang='grc' dir='ltr'><strong>ι</strong></span> <span class='ocrx_word' id='word_1_438' title='bbox 637 5440 887 5513; x_wconf 84' lang='grc' dir='ltr'>Συγγενῆ</span> <span class='ocrx_word' id='word_1_439' title='bbox 928 5443 984 5496; x_wconf 85' lang='grc' dir='ltr'>δὲ</span> <span class='ocrx_word' id='word_1_440' title='bbox 1018 5448 1229 5511; x_wconf 85' lang='grc' dir='ltr'>τούτοις</span> <span class='ocrx_word' id='word_1_441' title='bbox 1258 5452 1352 5503; x_wconf 81' lang='grc' dir='ltr'>καὶ</span> <span class='ocrx_word' id='word_1_442' title='bbox 1392 5453 1614 5521; x_wconf 80' lang='grc' dir='ltr'>ἀδελφὰ,</span> <span class='ocrx_word' id='word_1_443' title='bbox 1646 5454 1843 5523; x_wconf 83' lang='grc' dir='ltr'>μᾶλλον</span> 
     </span>
    </p>
   </div>
   <div class='ocr_carea' id='block_1_60' title="bbox 276 5524 1843 5618">
    <p class='ocr_par' dir='ltr' id='par_1_60' title="bbox 276 5524 1843 5618">
     <span class='ocr_line' id='line_1_60' title="bbox 276 5524 1843 5618; baseline 0.014 -39"><span class='ocrx_word' id='word_1_444' title='bbox 276 5524 331 5579; x_wconf 65' lang='grc' dir='ltr'>ἃ</span> <span class='ocrx_word' id='word_1_445' title='bbox 368 5529 427 5583; x_wconf 72' lang='grc' dir='ltr'>τὰ</span> <span class='ocrx_word' id='word_1_446' title='bbox 455 5530 596 5587; x_wconf 83' lang='grc' dir='ltr'>αύτὰ</span> <span class='ocrx_word' id='word_1_447' title='bbox 641 5532 864 5606; x_wconf 81' lang='grc' dir='ltr'>ἑτέροις</span> <span class='ocrx_word' id='word_1_448' title='bbox 906 5534 1141 5605; x_wconf 74' lang='grc' dir='ltr'>ῥήμασιν</span> <span class='ocrx_word' id='word_1_449' title='bbox 1176 5540 1337 5604; x_wconf 81' lang='grc' dir='ltr'>αὐτὸς</span> <span class='ocrx_word' id='word_1_450' title='bbox 1378 5545 1405 5595; x_wconf 84' lang='grc' dir='ltr'>ὁ</span> <span class='ocrx_word' id='word_1_451' title='bbox 1447 5544 1651 5617; x_wconf 86' lang='grc' dir='ltr'>Κύριος</span> <span class='ocrx_word' id='word_1_452' title='bbox 1686 5547 1843 5618; x_wconf 80' lang='grc' dir='ltr'>ἡμῶν</span> 
     </span>
    </p>
   </div>
   <div class='ocr_carea' id='block_1_61' title="bbox 329 5708 1452 5787">
    <p class='ocr_par' dir='ltr' id='par_1_61' title="bbox 329 5708 1452 5787">
     <span class='ocr_line' id='line_1_61' title="bbox 329 5708 1452 5787; baseline 0 -14"><span class='ocrx_word' id='word_1_453' title='bbox 329 5708 365 5745; x_wconf 77' lang='grc'><strong>⁹¹</strong></span> <span class='ocrx_word' id='word_1_454' title='bbox 384 5713 555 5775; x_wconf 80' lang='lat' dir='ltr'><strong>Exod.</strong></span> <span class='ocrx_word' id='word_1_455' title='bbox 597 5731 630 5773; x_wconf 84' lang='lat' dir='ltr'><strong>v</strong></span> <span class='ocrx_word' id='word_1_456' title='bbox 658 5758 674 5786; x_wconf 91' lang='lat'><strong>,</strong></span> <span class='ocrx_word' id='word_1_457' title='bbox 737 5714 802 5767; x_wconf 73' lang='lat'><strong>2.</strong></span> <span class='ocrx_word' id='word_1_458' title='bbox 882 5712 925 5743; x_wconf 84' lang='lat'><strong>&quot;</strong></span> <span class='ocrx_word' id='word_1_459' title='bbox 960 5711 1141 5771; x_wconf 77' lang='lat' dir='ltr'><strong>Matth.</strong></span> <span class='ocrx_word' id='word_1_460' title='bbox 1184 5732 1335 5787; x_wconf 83' lang='lat' dir='ltr'><strong>xvm,</strong></span> <span class='ocrx_word' id='word_1_461' title='bbox 1366 5718 1452 5775; x_wconf 81' lang='grc'><strong>20.</strong></span> 
     </span>
    </p>
   </div>
   <div class='ocr_carea' id='block_1_62' title="bbox 1945 518 3520 591">
    <p class='ocr_par' dir='ltr' id='par_1_62' title="bbox 1945 518 3520 591">
     <span class='ocr_line' id='line_1_62' title="bbox 1945 518 3520 591; baseline -0.008 -10"><span class='ocrx_word' id='word_1_462' title='bbox 1945 526 2355 591; x_wconf 86' lang='lat' dir='ltr'><strong>adscriberent,</strong></span> <span class='ocrx_word' id='word_1_463' title='bbox 2382 527 2476 581; x_wconf 85' lang='lat' dir='ltr'><strong>sed</strong></span> <span class='ocrx_word' id='word_1_464' title='bbox 2498 526 2661 579; x_wconf 85' lang='lat' dir='ltr'><strong>etiam</strong></span> <span class='ocrx_word' id='word_1_465' title='bbox 2687 523 2753 578; x_wconf 91' lang='lat' dir='ltr'><strong>ad</strong></span> <span class='ocrx_word' id='word_1_466' title='bbox 2772 538 2941 591; x_wconf 88' lang='lat' dir='ltr'><strong>usque</strong></span> <span class='ocrx_word' id='word_1_467' title='bbox 2967 524 3246 578; x_wconf 89' lang='lat' dir='ltr'><strong>brutorum</strong></span> <span class='ocrx_word' id='word_1_468' title='bbox 3271 518 3520 573; x_wconf 87' lang='lat' dir='ltr'><strong>animau-</strong></span> 
     </span>
    </p>
   </div>
   <div class='ocr_carea' id='block_1_63' title="bbox 1947 609 3514 683">
    <p class='ocr_par' dir='ltr' id='par_1_63' title="bbox 1947 609 3514 683">
     <span class='ocr_line' id='line_1_63' title="bbox 1947 609 3514 683; baseline -0.007 -11"><span class='ocrx_word' id='word_1_469' title='bbox 1947 620 2103 683; x_wconf 89' lang='lat' dir='ltr'><strong>tium,</strong></span> <span class='ocrx_word' id='word_1_470' title='bbox 2139 619 2377 673; x_wconf 82' lang='lat' dir='ltr'><strong>ferarum</strong></span> <span class='ocrx_word' id='word_1_471' title='bbox 2413 618 2751 680; x_wconf 86' lang='lat' dir='ltr'><strong>immanium,</strong></span> <span class='ocrx_word' id='word_1_472' title='bbox 2774 614 3057 671; x_wconf 89' lang='lat' dir='ltr'><strong>volucrum</strong></span> <span class='ocrx_word' id='word_1_473' title='bbox 3110 622 3165 667; x_wconf 82' lang='lat' dir='ltr'><strong>et</strong></span> <span class='ocrx_word' id='word_1_474' title='bbox 3216 609 3514 680; x_wconf 87' lang='lat' dir='ltr'><strong>reptilium,</strong></span> 
     </span>
    </p>
   </div>
   <div class='ocr_carea' id='block_1_64' title="bbox 1945 698 3519 772">
    <p class='ocr_par' dir='ltr' id='par_1_64' title="bbox 1945 698 3519 772">
     <span class='ocr_line' id='line_1_64' title="bbox 1945 698 3519 772; baseline -0.01 -9"><span class='ocrx_word' id='word_1_475' title='bbox 1945 719 2005 764; x_wconf 89' lang='lat' dir='ltr'><strong>ut</strong></span> <span class='ocrx_word' id='word_1_476' title='bbox 2042 710 2288 772; x_wconf 88' lang='lat' dir='ltr'><strong>deorum,</strong></span> <span class='ocrx_word' id='word_1_477' title='bbox 2320 708 2521 762; x_wconf 91' lang='lat' dir='ltr'><strong>cultum</strong></span> <span class='ocrx_word' id='word_1_478' title='bbox 2545 708 2946 761; x_wconf 73' lang='lat' dir='ltr'><strong>delaberentur.</strong></span> <span class='ocrx_word' id='word_1_479' title='bbox 2981 704 3055 757; x_wconf 89' lang='lat' dir='ltr'><strong>Ita</strong></span> <span class='ocrx_word' id='word_1_480' title='bbox 3083 716 3211 756; x_wconf 91' lang='lat' dir='ltr'><strong>vero</strong></span> <span class='ocrx_word' id='word_1_481' title='bbox 3241 698 3519 754; x_wconf 90' lang='lat' dir='ltr'><strong>dominatu</strong></span> 
     </span>
    </p>
   </div>
   <div class='ocr_carea' id='block_1_65' title="bbox 1944 790 3520 870">
    <p class='ocr_par' dir='ltr' id='par_1_65' title="bbox 1944 790 3520 870">
     <span class='ocr_line' id='line_1_65' title="bbox 1944 790 3520 870; baseline -0.011 -14"><span class='ocrx_word' id='word_1_482' title='bbox 1944 811 2001 856; x_wconf 90' lang='lat' dir='ltr'><strong>et</strong></span> <span class='ocrx_word' id='word_1_483' title='bbox 2030 800 2365 870; x_wconf 77' lang='lat' dir='ltr'><strong>providentia</strong></span> <span class='ocrx_word' id='word_1_484' title='bbox 2393 814 2622 852; x_wconf 89' lang='lat' dir='ltr'><strong>vacuum</strong></span> <span class='ocrx_word' id='word_1_485' title='bbox 2648 798 2961 850; x_wconf 89' lang='lat' dir='ltr'><strong>universum</strong></span> <span class='ocrx_word' id='word_1_486' title='bbox 2998 790 3430 850; x_wconf 75' lang='lat' dir='ltr'><strong>arbitrabantur,</strong></span> <span class='ocrx_word' id='word_1_487' title='bbox 3458 793 3520 839; x_wconf 87' lang='lat' dir='ltr'><strong>ut</strong></span> 
     </span>
    </p>
   </div>
   <div class='ocr_carea' id='block_1_66' title="bbox 1945 874 3519 963">
    <p class='ocr_par' dir='ltr' id='par_1_66' title="bbox 1945 874 3519 963">
     <span class='ocr_line' id='line_1_66' title="bbox 1945 874 3519 963; baseline -0.011 -16"><span class='ocrx_word' id='word_1_488' title='bbox 1945 908 2040 947; x_wconf 79' lang='lat' dir='ltr'><strong>rex</strong></span> <span class='ocrx_word' id='word_1_489' title='bbox 2064 893 2286 963; x_wconf 88' lang='lat' dir='ltr'><strong>quidam</strong></span> <span class='ocrx_word' id='word_1_490' title='bbox 2316 905 2505 945; x_wconf 90' lang='lat' dir='ltr'><strong>eorum</strong></span> <span class='ocrx_word' id='word_1_491' title='bbox 2535 889 2880 956; x_wconf 87' lang='lat' dir='ltr'><strong>impudenter</strong></span> <span class='ocrx_word' id='word_1_492' title='bbox 2910 885 3137 945; x_wconf 87' lang='lat' dir='ltr'><strong>diceret,</strong></span> <span class='ocrx_word' id='word_1_493' title='bbox 3176 900 3194 931; x_wconf 84' lang='grc'><strong>‹</strong></span> <span class='ocrx_word' id='word_1_494' title='bbox 3231 878 3346 934; x_wconf 83' lang='grc' dir='ltr'><strong>Νοη</strong></span> <span class='ocrx_word' id='word_1_495' title='bbox 3394 874 3519 931; x_wconf 81' lang='lat' dir='ltr'><strong>novi</strong></span> 
     </span>
    </p>
   </div>
   <div class='ocr_carea' id='block_1_67' title="bbox 1945 965 3511 1049">
    <p class='ocr_par' dir='ltr' id='par_1_67' title="bbox 1945 965 3511 1049">
     <span class='ocr_line' id='line_1_67' title="bbox 1945 965 3511 1049; baseline -0.013 -10"><span class='ocrx_word' id='word_1_496' title='bbox 1945 985 2255 1049; x_wconf 88' lang='lat' dir='ltr'><strong>Dominum,</strong></span> <span class='ocrx_word' id='word_1_497' title='bbox 2291 990 2394 1047; x_wconf 67' lang='lat' dir='ltr'><strong>iet,</strong></span> <span class='ocrx_word' id='word_1_498' title='bbox 2427 999 2444 1032; x_wconf 81' lang='grc' dir='ltr'><strong>ι</strong></span> <span class='ocrx_word' id='word_1_499' title='bbox 2477 981 2608 1047; x_wconf 87' lang='lat' dir='ltr'><strong>Quis</strong></span> <span class='ocrx_word' id='word_1_500' title='bbox 2633 988 2716 1033; x_wconf 89' lang='lat' dir='ltr'><strong>est</strong></span> <span class='ocrx_word' id='word_1_501' title='bbox 2740 979 2893 1045; x_wconf 79' lang='lat' dir='ltr'><strong>cujus</strong></span> <span class='ocrx_word' id='word_1_502' title='bbox 2920 988 3109 1029; x_wconf 89' lang='lat' dir='ltr'><strong>vocem</strong></span> <span class='ocrx_word' id='word_1_503' title='bbox 3143 968 3360 1025; x_wconf 84' lang='lat' dir='ltr'><strong>audiam</strong></span> <span class='ocrx_word' id='word_1_504' title='bbox 3386 965 3433 1000; x_wconf 84' lang='grc'><strong>⁹¹</strong></span> <span class='ocrx_word' id='word_1_505' title='bbox 3455 966 3511 1021; x_wconf 74' lang='grc' dir='ltr'>τι</span> 
     </span>
    </p>
   </div>
   <div class='ocr_carea' id='block_1_68' title="bbox 1946 1065 3519 1144">
    <p class='ocr_par' dir='ltr' id='par_1_68' title="bbox 1946 1065 3519 1144">
     <span class='ocr_line' id='line_1_68' title="bbox 1946 1065 3519 1144; baseline -0.011 -13"><span class='ocrx_word' id='word_1_506' title='bbox 1946 1078 2071 1131; x_wconf 74' lang='lat' dir='ltr'><strong>Hazc</strong></span> <span class='ocrx_word' id='word_1_507' title='bbox 2102 1090 2262 1144; x_wconf 90' lang='lat' dir='ltr'><strong>porro</strong></span> <span class='ocrx_word' id='word_1_508' title='bbox 2316 1072 2445 1143; x_wconf 80' lang='lat' dir='ltr'><strong>ipsis</strong></span> <span class='ocrx_word' id='word_1_509' title='bbox 2504 1072 2763 1141; x_wconf 83' lang='lat' dir='ltr'><strong>cperibus</strong></span> <span class='ocrx_word' id='word_1_510' title='bbox 2816 1071 2975 1123; x_wconf 75' lang='lat' dir='ltr'><strong>finem</strong></span> <span class='ocrx_word' id='word_1_511' title='bbox 3011 1065 3375 1133; x_wconf 87' lang='lat' dir='ltr'><strong>acceperunt,</strong></span> <span class='ocrx_word' id='word_1_512' title='bbox 3409 1071 3519 1129; x_wconf 79' lang='lat' dir='ltr'><strong>quo</strong></span> 
     </span>
    </p>
   </div>
   <div class='ocr_carea' id='block_1_69' title="bbox 1946 1149 3518 1237">
    <p class='ocr_par' dir='ltr' id='par_1_69' title="bbox 1946 1149 3518 1237">
     <span class='ocr_line' id='line_1_69' title="bbox 1946 1149 3518 1237; baseline -0.013 -13"><span class='ocrx_word' id='word_1_513' title='bbox 1946 1179 2191 1237; x_wconf 90' lang='lat' dir='ltr'><strong>tempore</strong></span> <span class='ocrx_word' id='word_1_514' title='bbox 2225 1166 2471 1221; x_wconf 82' lang='lat' dir='ltr'><strong>ecclesiae</strong></span> <span class='ocrx_word' id='word_1_515' title='bbox 2501 1165 2593 1218; x_wconf 89' lang='lat' dir='ltr'><strong>Dei</strong></span> <span class='ocrx_word' id='word_1_516' title='bbox 2631 1177 2725 1233; x_wconf 90' lang='lat' dir='ltr'><strong>per</strong></span> <span class='ocrx_word' id='word_1_517' title='bbox 2756 1170 2925 1217; x_wconf 83' lang='lat' dir='ltr'><strong>totam</strong></span> <span class='ocrx_word' id='word_1_518' title='bbox 2966 1157 3261 1227; x_wconf 69' lang='lat' dir='ltr'><strong>Egyptum</strong></span> <span class='ocrx_word' id='word_1_519' title='bbox 3310 1149 3518 1207; x_wconf 83' lang='lat' dir='ltr'><strong>consti-</strong></span> 
     </span>
    </p>
   </div>
   <div class='ocr_carea' id='block_1_70' title="bbox 1946 1242 3518 1327">
    <p class='ocr_par' dir='ltr' id='par_1_70' title="bbox 1946 1242 3518 1327">
     <span class='ocr_line' id='line_1_70' title="bbox 1946 1242 3518 1327; baseline -0.013 -11"><span class='ocrx_word' id='word_1_520' title='bbox 1946 1261 2256 1324; x_wconf 83' lang='lat' dir='ltr'><strong>tuebantur,</strong></span> <span class='ocrx_word' id='word_1_521' title='bbox 2284 1274 2346 1313; x_wconf 91' lang='lat' dir='ltr'><strong>ac</strong></span> <span class='ocrx_word' id='word_1_522' title='bbox 2374 1258 2489 1327; x_wconf 89' lang='lat' dir='ltr'><strong>ipse</strong></span> <span class='ocrx_word' id='word_1_523' title='bbox 2527 1257 2787 1310; x_wconf 85' lang='lat' dir='ltr'><strong>Dominus</strong></span> <span class='ocrx_word' id='word_1_524' title='bbox 2837 1254 2903 1307; x_wconf 89' lang='lat' dir='ltr'><strong>ad</strong></span> <span class='ocrx_word' id='word_1_525' title='bbox 2960 1250 3244 1319; x_wconf 66' lang='lat' dir='ltr'><strong>Egyptios</strong></span> <span class='ocrx_word' id='word_1_526' title='bbox 3273 1242 3518 1314; x_wconf 88' lang='lat' dir='ltr'><strong>peregri-</strong></span> 
     </span>
    </p>
   </div>
   <div class='ocr_carea' id='block_1_71' title="bbox 1946 1332 3517 1412">
    <p class='ocr_par' dir='ltr' id='par_1_71' title="bbox 1946 1332 3517 1412">
     <span class='ocr_line' id='line_1_71' title="bbox 1946 1332 3517 1412; baseline -0.016 -4"><span class='ocrx_word' id='word_1_527' title='bbox 1946 1362 2106 1408; x_wconf 84' lang='lat' dir='ltr'><strong>natus</strong></span> <span class='ocrx_word' id='word_1_528' title='bbox 2137 1361 2240 1412; x_wconf 81' lang='lat' dir='ltr'><strong>est.</strong></span> <span class='ocrx_word' id='word_1_529' title='bbox 2268 1364 2397 1405; x_wconf 85' lang='lat' dir='ltr'><strong>suas</strong></span> <span class='ocrx_word' id='word_1_530' title='bbox 2448 1348 2675 1401; x_wconf 89' lang='lat' dir='ltr'><strong>visitans</strong></span> <span class='ocrx_word' id='word_1_531' title='bbox 2703 1343 2965 1409; x_wconf 87' lang='lat' dir='ltr'><strong>ecclesias</strong></span> <span class='ocrx_word' id='word_1_532' title='bbox 3020 1337 3320 1394; x_wconf 87' lang='lat' dir='ltr'><strong>secundum</strong></span> <span class='ocrx_word' id='word_1_533' title='bbox 3362 1332 3517 1393; x_wconf 89' lang='lat' dir='ltr'><strong>illud,</strong></span> 
     </span>
    </p>
   </div>
   <div class='ocr_carea' id='block_1_72' title="bbox 1951 1422 3519 1506">
    <p class='ocr_par' dir='ltr' id='par_1_72' title="bbox 1951 1422 3519 1506">
     <span class='ocr_line' id='line_1_72' title="bbox 1951 1422 3519 1506; baseline -0.015 -10"><span class='ocrx_word' id='word_1_534' title='bbox 1951 1464 1969 1496; x_wconf 82' lang='grc' dir='ltr'><strong>ι</strong></span> <span class='ocrx_word' id='word_1_535' title='bbox 1998 1444 2104 1500; x_wconf 85' lang='lat' dir='ltr'><strong>Ubi</strong></span> <span class='ocrx_word' id='word_1_536' title='bbox 2135 1444 2241 1497; x_wconf 90' lang='lat' dir='ltr'><strong>duo</strong></span> <span class='ocrx_word' id='word_1_537' title='bbox 2280 1440 2363 1493; x_wconf 83' lang='lat' dir='ltr'><strong>vel</strong></span> <span class='ocrx_word' id='word_1_538' title='bbox 2423 1448 2533 1492; x_wconf 87' lang='lat' dir='ltr'><strong>tres</strong></span> <span class='ocrx_word' id='word_1_539' title='bbox 2595 1433 2913 1506; x_wconf 76' lang='lat' dir='ltr'><strong>congregati</strong></span> <span class='ocrx_word' id='word_1_540' title='bbox 2959 1430 3163 1485; x_wconf 84' lang='lat' dir='ltr'><strong>fuerint</strong></span> <span class='ocrx_word' id='word_1_541' title='bbox 3218 1426 3271 1480; x_wconf 89' lang='lat' dir='ltr'><strong>in</strong></span> <span class='ocrx_word' id='word_1_542' title='bbox 3302 1422 3519 1478; x_wconf 84' lang='lat' dir='ltr'><strong>nomine</strong></span> 
     </span>
    </p>
   </div>
   <div class='ocr_carea' id='block_1_73' title="bbox 1945 1516 3518 1599">
    <p class='ocr_par' dir='ltr' id='par_1_73' title="bbox 1945 1516 3518 1599">
     <span class='ocr_line' id='line_1_73' title="bbox 1945 1516 3518 1599; baseline -0.017 -8"><span class='ocrx_word' id='word_1_543' title='bbox 1945 1551 2088 1599; x_wconf 90' lang='lat' dir='ltr'><strong>meo,</strong></span> <span class='ocrx_word' id='word_1_544' title='bbox 2124 1535 2233 1587; x_wconf 92' lang='lat' dir='ltr'><strong>illic</strong></span> <span class='ocrx_word' id='word_1_545' title='bbox 2264 1546 2383 1586; x_wconf 87' lang='lat' dir='ltr'><strong>sum</strong></span> <span class='ocrx_word' id='word_1_546' title='bbox 2416 1531 2468 1585; x_wconf 92' lang='lat' dir='ltr'><strong>in</strong></span> <span class='ocrx_word' id='word_1_547' title='bbox 2510 1528 2687 1583; x_wconf 89' lang='lat' dir='ltr'><strong>medio</strong></span> <span class='ocrx_word' id='word_1_548' title='bbox 2734 1539 2921 1581; x_wconf 87' lang='lat' dir='ltr'><strong>eorum</strong></span> <span class='ocrx_word' id='word_1_549' title='bbox 2953 1523 3022 1575; x_wconf 83' lang='lat'><strong>&quot;.</strong></span> <span class='ocrx_word' id='word_1_550' title='bbox 3066 1540 3085 1574; x_wconf 71' lang='grc' dir='ltr'><strong>ι</strong></span> <span class='ocrx_word' id='word_1_551' title='bbox 3116 1517 3195 1572; x_wconf 82' lang='lat' dir='ltr'><strong>ita</strong></span> <span class='ocrx_word' id='word_1_552' title='bbox 3222 1516 3388 1585; x_wconf 81' lang='lat' dir='ltr'><strong>igitur</strong></span> <span class='ocrx_word' id='word_1_553' title='bbox 3430 1526 3518 1567; x_wconf 88' lang='lat' dir='ltr'><strong>ec-</strong></span> 
     </span>
    </p>
   </div>
   <div class='ocr_carea' id='block_1_74' title="bbox 1947 1612 3519 1693">
    <p class='ocr_par' dir='ltr' id='par_1_74' title="bbox 1947 1612 3519 1693">
     <span class='ocr_line' id='line_1_74' title="bbox 1947 1612 3519 1693; baseline -0.015 -11"><span class='ocrx_word' id='word_1_554' title='bbox 1947 1629 2123 1682; x_wconf 79' lang='lat' dir='ltr'><strong>clesi:e</strong></span> <span class='ocrx_word' id='word_1_555' title='bbox 2157 1626 2373 1693; x_wconf 86' lang='lat' dir='ltr'><strong>quidem</strong></span> <span class='ocrx_word' id='word_1_556' title='bbox 2410 1622 2526 1691; x_wconf 91' lang='lat' dir='ltr'><strong>ejus</strong></span> <span class='ocrx_word' id='word_1_557' title='bbox 2558 1619 2734 1691; x_wconf 83' lang='lat' dir='ltr'><strong>gratia</strong></span> <span class='ocrx_word' id='word_1_558' title='bbox 2763 1614 3063 1687; x_wconf 76' lang='lat' dir='ltr'><strong>fulgebant,</strong></span> <span class='ocrx_word' id='word_1_559' title='bbox 3091 1612 3397 1666; x_wconf 65' lang='lat' dir='ltr'><strong>dmmonum</strong></span> <span class='ocrx_word' id='word_1_560' title='bbox 3427 1619 3519 1660; x_wconf 74' lang='lat' dir='ltr'><strong>au-</strong></span> 
     </span>
    </p>
   </div>
   <div class='ocr_carea' id='block_1_75' title="bbox 1948 1709 3101 1788">
    <p class='ocr_par' dir='ltr' id='par_1_75' title="bbox 1948 1709 3101 1788">
     <span class='ocr_line' id='line_1_75' title="bbox 1948 1709 3101 1788; baseline -0.013 -13"><span class='ocrx_word' id='word_1_561' title='bbox 1948 1731 2053 1776; x_wconf 90' lang='lat' dir='ltr'><strong>tem</strong></span> <span class='ocrx_word' id='word_1_562' title='bbox 2081 1719 2153 1774; x_wconf 88' lang='lat' dir='ltr'><strong>ibi</strong></span> <span class='ocrx_word' id='word_1_563' title='bbox 2184 1717 2483 1788; x_wconf 86' lang='lat' dir='ltr'><strong>vigentium</strong></span> <span class='ocrx_word' id='word_1_564' title='bbox 2510 1728 2666 1769; x_wconf 88' lang='lat' dir='ltr'><strong>error</strong></span> <span class='ocrx_word' id='word_1_565' title='bbox 2700 1709 3101 1767; x_wconf 87' lang='lat' dir='ltr'><strong>destruebatur.</strong></span> 
     </span>
    </p>
   </div>
   <div class='ocr_carea' id='block_1_76' title="bbox 2017 1883 3517 1963">
    <p class='ocr_par' dir='ltr' id='par_1_76' title="bbox 2017 1883 3517 1963">
     <span class='ocr_line' id='line_1_76' title="bbox 2017 1883 3517 1963; baseline -0.009 -12"><span class='ocrx_word' id='word_1_566' title='bbox 2017 1898 2184 1954; x_wconf 77' lang='lat' dir='ltr'><strong>Vens.</strong></span> <span class='ocrx_word' id='word_1_567' title='bbox 2221 1897 2274 1952; x_wconf 74' lang='grc'>2.</span> <span class='ocrx_word' id='word_1_568' title='bbox 2315 1916 2333 1949; x_wconf 80' lang='grc' dir='ltr'><strong>ι</strong></span> <span class='ocrx_word' id='word_1_569' title='bbox 2367 1896 2433 1951; x_wconf 84' lang='lat' dir='ltr'><strong>Et</strong></span> <span class='ocrx_word' id='word_1_570' title='bbox 2464 1893 2846 1950; x_wconf 80' lang='lat' dir='ltr'><strong>excitabuntur</strong></span> <span class='ocrx_word' id='word_1_571' title='bbox 2864 1886 3102 1963; x_wconf 55' lang='lat' dir='ltr'><strong>[Egyptii</strong></span> <span class='ocrx_word' id='word_1_572' title='bbox 3128 1883 3181 1941; x_wconf 83' lang='lat' dir='ltr'><strong>in</strong></span> <span class='ocrx_word' id='word_1_573' title='bbox 3205 1884 3517 1954; x_wconf 70' lang='lat' dir='ltr'><strong>Egypuos,</strong></span> 
     </span>
    </p>
   </div>
   <div class='ocr_carea' id='block_1_77' title="bbox 1947 1977 3522 2047">
    <p class='ocr_par' dir='ltr' id='par_1_77' title="bbox 1947 1977 3522 2047">
     <span class='ocr_line' id='line_1_77' title="bbox 1947 1977 3522 2047; baseline -0.012 -1"><span class='ocrx_word' id='word_1_574' title='bbox 1947 2001 2003 2047; x_wconf 90' lang='lat' dir='ltr'><strong>et</strong></span> <span class='ocrx_word' id='word_1_575' title='bbox 2042 1992 2267 2047; x_wconf 85' lang='lat' dir='ltr'><strong>bellabit</strong></span> <span class='ocrx_word' id='word_1_576' title='bbox 2311 1991 2473 2045; x_wconf 89' lang='lat' dir='ltr'><strong>homo</strong></span> <span class='ocrx_word' id='word_1_577' title='bbox 2501 1988 2758 2042; x_wconf 87' lang='lat' dir='ltr'><strong>adversus</strong></span> <span class='ocrx_word' id='word_1_578' title='bbox 2793 1983 3025 2040; x_wconf 77' lang='lat' dir='ltr'><strong>fratrem</strong></span> <span class='ocrx_word' id='word_1_579' title='bbox 3053 1994 3233 2044; x_wconf 91' lang='lat' dir='ltr'><strong>suum,</strong></span> <span class='ocrx_word' id='word_1_580' title='bbox 3274 1987 3327 2031; x_wconf 88' lang='lat' dir='ltr'><strong>et</strong></span> <span class='ocrx_word' id='word_1_581' title='bbox 3357 1977 3522 2032; x_wconf 87' lang='lat' dir='ltr'><strong>homo</strong></span> 
     </span>
    </p>
   </div>
   <div class='ocr_carea' id='block_1_78' title="bbox 1948 2069 3522 2152">
    <p class='ocr_par' dir='ltr' id='par_1_78' title="bbox 1948 2069 3522 2152">
     <span class='ocr_line' id='line_1_78' title="bbox 1948 2069 3522 2152; baseline -0.012 -12"><span class='ocrx_word' id='word_1_582' title='bbox 1948 2085 2206 2140; x_wconf 89' lang='lat' dir='ltr'><strong>adversus</strong></span> <span class='ocrx_word' id='word_1_583' title='bbox 2238 2082 2545 2152; x_wconf 81' lang='lat' dir='ltr'><strong>proximum</strong></span> <span class='ocrx_word' id='word_1_584' title='bbox 2592 2092 2775 2132; x_wconf 85' lang='lat' dir='ltr'><strong>suum.</strong></span> <span class='ocrx_word' id='word_1_585' title='bbox 2809 2097 2828 2129; x_wconf 70' lang='grc' dir='ltr'><strong>ι</strong></span> <span class='ocrx_word' id='word_1_586' title='bbox 2888 2076 2957 2130; x_wconf 86' lang='lat' dir='ltr'><strong>Et</strong></span> <span class='ocrx_word' id='word_1_587' title='bbox 3007 2077 3120 2129; x_wconf 87' lang='lat' dir='ltr'><strong>haec</strong></span> <span class='ocrx_word' id='word_1_588' title='bbox 3158 2071 3377 2141; x_wconf 82' lang='lat' dir='ltr'><strong>quidem</strong></span> <span class='ocrx_word' id='word_1_589' title='bbox 3420 2069 3522 2122; x_wconf 88' lang='lat' dir='ltr'><strong>im-</strong></span> 
     </span>
    </p>
   </div>
   <div class='ocr_carea' id='block_1_79' title="bbox 1945 2168 3523 2247">
    <p class='ocr_par' dir='ltr' id='par_1_79' title="bbox 1945 2168 3523 2247">
     <span class='ocr_line' id='line_1_79' title="bbox 1945 2168 3523 2247; baseline -0.008 -20"><span class='ocrx_word' id='word_1_590' title='bbox 1945 2176 2230 2247; x_wconf 87' lang='lat' dir='ltr'><strong>plebantur</strong></span> <span class='ocrx_word' id='word_1_591' title='bbox 2249 2183 2369 2243; x_wconf 87' lang='lat' dir='ltr'><strong>post</strong></span> <span class='ocrx_word' id='word_1_592' title='bbox 2392 2173 2755 2241; x_wconf 79' lang='lat' dir='ltr'><strong>evangelicam</strong></span> <span class='ocrx_word' id='word_1_593' title='bbox 2784 2168 3251 2239; x_wconf 74' lang='lat' dir='ltr'><strong>pnedicationem,</strong></span> <span class='ocrx_word' id='word_1_594' title='bbox 3273 2177 3393 2233; x_wconf 68' lang='lat' dir='ltr'><strong>quae</strong></span> <span class='ocrx_word' id='word_1_595' title='bbox 3424 2175 3523 2230; x_wconf 87' lang='lat' dir='ltr'><strong>per</strong></span> 
     </span>
    </p>
   </div>
   <div class='ocr_carea' id='block_1_80' title="bbox 1949 2258 3521 2337">
    <p class='ocr_par' dir='ltr' id='par_1_80' title="bbox 1949 2258 3521 2337">
     <span class='ocr_line' id='line_1_80' title="bbox 1949 2258 3521 2337; baseline -0.01 -12"><span class='ocrx_word' id='word_1_596' title='bbox 1949 2280 2111 2325; x_wconf 86' lang='lat' dir='ltr'><strong>totam</strong></span> <span class='ocrx_word' id='word_1_597' title='bbox 2146 2268 2437 2337; x_wconf 68' lang='lat' dir='ltr'><strong>Egyptum</strong></span> <span class='ocrx_word' id='word_1_598' title='bbox 2486 2266 2751 2335; x_wconf 87' lang='lat' dir='ltr'><strong>pervasit,</strong></span> <span class='ocrx_word' id='word_1_599' title='bbox 2802 2278 2912 2334; x_wconf 89' lang='lat' dir='ltr'><strong>quo</strong></span> <span class='ocrx_word' id='word_1_600' title='bbox 2942 2271 3187 2331; x_wconf 89' lang='lat' dir='ltr'><strong>tempore</strong></span> <span class='ocrx_word' id='word_1_601' title='bbox 3225 2258 3521 2312; x_wconf 88' lang='lat' dir='ltr'><strong>inanimala</strong></span> 
     </span>
    </p>
   </div>
   <div class='ocr_carea' id='block_1_81' title="bbox 1946 2346 3524 2423">
    <p class='ocr_par' dir='ltr' id='par_1_81' title="bbox 1946 2346 3524 2423">
     <span class='ocr_line' id='line_1_81' title="bbox 1946 2346 3524 2423; baseline -0.011 -8"><span class='ocrx_word' id='word_1_602' title='bbox 1946 2358 2234 2415; x_wconf 82' lang='lat' dir='ltr'><strong>simulacra</strong></span> <span class='ocrx_word' id='word_1_603' title='bbox 2286 2372 2314 2408; x_wconf 87' lang='lat' dir='ltr'><strong>a</strong></span> <span class='ocrx_word' id='word_1_604' title='bbox 2368 2357 2606 2411; x_wconf 86' lang='lat' dir='ltr'><strong>statione</strong></span> <span class='ocrx_word' id='word_1_605' title='bbox 2668 2368 2764 2408; x_wconf 90' lang='lat' dir='ltr'><strong>sua</strong></span> <span class='ocrx_word' id='word_1_606' title='bbox 2814 2367 2975 2423; x_wconf 88' lang='lat' dir='ltr'><strong>quam</strong></span> <span class='ocrx_word' id='word_1_607' title='bbox 3012 2366 3041 2405; x_wconf 88' lang='lat' dir='ltr'><strong>a</strong></span> <span class='ocrx_word' id='word_1_608' title='bbox 3081 2347 3279 2403; x_wconf 67' lang='lat' dir='ltr'><strong>sarculo</strong></span> <span class='ocrx_word' id='word_1_609' title='bbox 3316 2346 3524 2401; x_wconf 89' lang='lat' dir='ltr'><strong>obtine-</strong></span> 
     </span>
    </p>
   </div>
   <div class='ocr_carea' id='block_1_82' title="bbox 1944 2436 3524 2514">
    <p class='ocr_par' dir='ltr' id='par_1_82' title="bbox 1944 2436 3524 2514">
     <span class='ocr_line' id='line_1_82' title="bbox 1944 2436 3524 2514; baseline -0.011 -8"><span class='ocrx_word' id='word_1_610' title='bbox 1944 2452 2097 2514; x_wconf 86' lang='lat' dir='ltr'><strong>bant,</strong></span> <span class='ocrx_word' id='word_1_611' title='bbox 2138 2463 2367 2503; x_wconf 84' lang='lat' dir='ltr'><strong>excussa</strong></span> <span class='ocrx_word' id='word_1_612' title='bbox 2419 2456 2582 2514; x_wconf 88' lang='lat' dir='ltr'><strong>sunt,</strong></span> <span class='ocrx_word' id='word_1_613' title='bbox 2635 2454 2693 2500; x_wconf 90' lang='lat' dir='ltr'><strong>ut</strong></span> <span class='ocrx_word' id='word_1_614' title='bbox 2732 2460 2840 2499; x_wconf 92' lang='lat' dir='ltr'><strong>nou</strong></span> <span class='ocrx_word' id='word_1_615' title='bbox 2878 2442 3022 2497; x_wconf 91' lang='lat' dir='ltr'><strong>ultra</strong></span> <span class='ocrx_word' id='word_1_616' title='bbox 3073 2456 3142 2494; x_wconf 82' lang='lat' dir='ltr'><strong>ex</strong></span> <span class='ocrx_word' id='word_1_617' title='bbox 3187 2436 3369 2507; x_wconf 88' lang='lat' dir='ltr'><strong>populi</strong></span> <span class='ocrx_word' id='word_1_618' title='bbox 3415 2436 3524 2490; x_wconf 79' lang='lat' dir='ltr'><strong>fre-</strong></span> 
     </span>
    </p>
   </div>
   <div class='ocr_carea' id='block_1_83' title="bbox 1948 2532 3523 2613">
    <p class='ocr_par' dir='ltr' id='par_1_83' title="bbox 1948 2532 3523 2613">
     <span class='ocr_line' id='line_1_83' title="bbox 1948 2532 3523 2613; baseline -0.01 -15"><span class='ocrx_word' id='word_1_619' title='bbox 1948 2543 2165 2613; x_wconf 90' lang='lat' dir='ltr'><strong>quentia</strong></span> <span class='ocrx_word' id='word_1_620' title='bbox 2209 2542 2444 2596; x_wconf 89' lang='lat' dir='ltr'><strong>lirmiter</strong></span> <span class='ocrx_word' id='word_1_621' title='bbox 2491 2550 2657 2603; x_wconf 83' lang='lat' dir='ltr'><strong>stare,</strong></span> <span class='ocrx_word' id='word_1_622' title='bbox 2710 2552 2807 2592; x_wconf 90' lang='lat' dir='ltr'><strong>nec</strong></span> <span class='ocrx_word' id='word_1_623' title='bbox 2854 2535 3023 2591; x_wconf 85' lang='lat' dir='ltr'><strong>solida</strong></span> <span class='ocrx_word' id='word_1_624' title='bbox 3063 2532 3359 2587; x_wconf 86' lang='lat' dir='ltr'><strong>subsistere</strong></span> <span class='ocrx_word' id='word_1_625' title='bbox 3395 2541 3523 2597; x_wconf 84' lang='lat' dir='ltr'><strong>pos-</strong></span> 
     </span>
    </p>
   </div>
   <div class='ocr_carea' id='block_1_84' title="bbox 1946 2620 3522 2699">
    <p class='ocr_par' dir='ltr' id='par_1_84' title="bbox 1946 2620 3522 2699">
     <span class='ocr_line' id='line_1_84' title="bbox 1946 2620 3522 2699; baseline -0.01 -11"><span class='ocrx_word' id='word_1_626' title='bbox 1946 2642 2109 2689; x_wconf 90' lang='lat' dir='ltr'><strong>sent:</strong></span> <span class='ocrx_word' id='word_1_627' title='bbox 2145 2632 2425 2687; x_wconf 77' lang='lat' dir='ltr'><strong>daemones</strong></span> <span class='ocrx_word' id='word_1_628' title='bbox 2456 2647 2585 2686; x_wconf 89' lang='lat' dir='ltr'><strong>vero</strong></span> <span class='ocrx_word' id='word_1_629' title='bbox 2626 2629 2849 2699; x_wconf 89' lang='lat' dir='ltr'><strong>maligni</strong></span> <span class='ocrx_word' id='word_1_630' title='bbox 2873 2668 2887 2691; x_wconf 89' lang='lat'><strong>,</strong></span> <span class='ocrx_word' id='word_1_631' title='bbox 2926 2625 3015 2694; x_wconf 91' lang='lat' dir='ltr'><strong>qui</strong></span> <span class='ocrx_word' id='word_1_632' title='bbox 3064 2625 3117 2679; x_wconf 94' lang='lat' dir='ltr'><strong>in</strong></span> <span class='ocrx_word' id='word_1_633' title='bbox 3163 2622 3294 2693; x_wconf 86' lang='lat' dir='ltr'><strong>ipsis</strong></span> <span class='ocrx_word' id='word_1_634' title='bbox 3334 2636 3434 2676; x_wconf 93' lang='lat' dir='ltr'><strong>ceu</strong></span> <span class='ocrx_word' id='word_1_635' title='bbox 3465 2620 3522 2674; x_wconf 66' lang='lat' dir='ltr'><strong>in</strong></span> 
     </span>
    </p>
   </div>
   <div class='ocr_carea' id='block_1_85' title="bbox 1948 2710 3523 2795">
    <p class='ocr_par' dir='ltr' id='par_1_85' title="bbox 1948 2710 3523 2795">
     <span class='ocr_line' id='line_1_85' title="bbox 1948 2710 3523 2795; baseline -0.01 -17"><span class='ocrx_word' id='word_1_636' title='bbox 1948 2723 2183 2779; x_wconf 84' lang='lat' dir='ltr'><strong>latibulis</strong></span> <span class='ocrx_word' id='word_1_637' title='bbox 2214 2724 2471 2795; x_wconf 76' lang='lat' dir='ltr'><strong>agebant,</strong></span> <span class='ocrx_word' id='word_1_638' title='bbox 2507 2724 2559 2777; x_wconf 91' lang='lat' dir='ltr'><strong>in</strong></span> <span class='ocrx_word' id='word_1_639' title='bbox 2591 2722 2656 2775; x_wconf 85' lang='lat' dir='ltr'><strong>iis</strong></span> <span class='ocrx_word' id='word_1_640' title='bbox 2696 2722 2827 2788; x_wconf 81' lang='lat' dir='ltr'><strong>ipsis</strong></span> <span class='ocrx_word' id='word_1_641' title='bbox 2860 2715 2993 2771; x_wconf 89' lang='lat' dir='ltr'><strong>nihil</strong></span> <span class='ocrx_word' id='word_1_642' title='bbox 3032 2730 3153 2770; x_wconf 89' lang='lat' dir='ltr'><strong>esse</strong></span> <span class='ocrx_word' id='word_1_643' title='bbox 3185 2710 3523 2783; x_wconf 90' lang='lat' dir='ltr'><strong>comprobati</strong></span> 
     </span>
    </p>
   </div>
   <div class='ocr_carea' id='block_1_86' title="bbox 1950 2803 3524 2881">
    <p class='ocr_par' dir='ltr' id='par_1_86' title="bbox 1950 2803 3524 2881">
     <span class='ocr_line' id='line_1_86' title="bbox 1950 2803 3524 2881; baseline -0.01 -11"><span class='ocrx_word' id='word_1_644' title='bbox 1950 2825 2096 2870; x_wconf 88' lang='lat' dir='ltr'><strong>sunt.</strong></span> <span class='ocrx_word' id='word_1_645' title='bbox 2134 2813 2601 2881; x_wconf 85' lang='lat' dir='ltr'><strong>Quemadmodum</strong></span> <span class='ocrx_word' id='word_1_646' title='bbox 2633 2812 2777 2866; x_wconf 88' lang='lat' dir='ltr'><strong>enim</strong></span> <span class='ocrx_word' id='word_1_647' title='bbox 2809 2807 2987 2864; x_wconf 89' lang='lat' dir='ltr'><strong>civilis</strong></span> <span class='ocrx_word' id='word_1_648' title='bbox 3018 2803 3282 2860; x_wconf 87' lang='lat' dir='ltr'><strong>tumultus</strong></span> <span class='ocrx_word' id='word_1_649' title='bbox 3314 2817 3412 2871; x_wconf 85' lang='lat' dir='ltr'><strong>per</strong></span> <span class='ocrx_word' id='word_1_650' title='bbox 3441 2809 3524 2855; x_wconf 92' lang='lat' dir='ltr'><strong>to-</strong></span> 
     </span>
    </p>
   </div>
   <div class='ocr_carea' id='block_1_87' title="bbox 1948 2893 3521 2979">
    <p class='ocr_par' dir='ltr' id='par_1_87' title="bbox 1948 2893 3521 2979">
     <span class='ocr_line' id='line_1_87' title="bbox 1948 2893 3521 2979; baseline -0.011 -16"><span class='ocrx_word' id='word_1_651' title='bbox 1948 2918 2058 2963; x_wconf 88' lang='lat' dir='ltr'><strong>tam</strong></span> <span class='ocrx_word' id='word_1_652' title='bbox 2091 2907 2383 2979; x_wconf 65' lang='lat' dir='ltr'><strong>:Egyptum</strong></span> <span class='ocrx_word' id='word_1_653' title='bbox 2416 2904 2825 2965; x_wconf 83' lang='lat' dir='ltr'><strong>concitabatur,</strong></span> <span class='ocrx_word' id='word_1_654' title='bbox 2869 2899 3080 2970; x_wconf 79' lang='lat' dir='ltr'><strong>papulis</strong></span> <span class='ocrx_word' id='word_1_655' title='bbox 3112 2893 3521 2956; x_wconf 88' lang='lat' dir='ltr'><strong>dissidentibus,</strong></span> 
     </span>
    </p>
   </div>
   <div class='ocr_carea' id='block_1_88' title="bbox 1950 2985 3519 3070">
    <p class='ocr_par' dir='ltr' id='par_1_88' title="bbox 1950 2985 3519 3070">
     <span class='ocr_line' id='line_1_88' title="bbox 1950 2985 3519 3070; baseline -0.013 -14"><span class='ocrx_word' id='word_1_656' title='bbox 1950 2998 2245 3070; x_wconf 88' lang='lat' dir='ltr'><strong>divisisque</strong></span> <span class='ocrx_word' id='word_1_657' title='bbox 2283 2996 2477 3054; x_wconf 86' lang='lat' dir='ltr'><strong>studiis</strong></span> <span class='ocrx_word' id='word_1_658' title='bbox 2504 3010 2601 3065; x_wconf 91' lang='lat' dir='ltr'><strong>per</strong></span> <span class='ocrx_word' id='word_1_659' title='bbox 2634 2996 2824 3048; x_wconf 92' lang='lat' dir='ltr'><strong>domos</strong></span> <span class='ocrx_word' id='word_1_660' title='bbox 2868 3001 3056 3046; x_wconf 87' lang='lat' dir='ltr'><strong>mutuo</strong></span> <span class='ocrx_word' id='word_1_661' title='bbox 3085 2985 3475 3042; x_wconf 85' lang='lat' dir='ltr'><strong>altercantibus</strong></span> <span class='ocrx_word' id='word_1_662' title='bbox 3506 3000 3519 3035; x_wconf 88' lang='lat'>:</span> 
     </span>
    </p>
   </div>
   <div class='ocr_carea' id='block_1_89' title="bbox 1952 3075 3524 3162">
    <p class='ocr_par' dir='ltr' id='par_1_89' title="bbox 1952 3075 3524 3162">
     <span class='ocr_line' id='line_1_89' title="bbox 1952 3075 3524 3162; baseline -0.01 -17"><span class='ocrx_word' id='word_1_663' title='bbox 1952 3091 2093 3162; x_wconf 90' lang='lat' dir='ltr'><strong>quod</strong></span> <span class='ocrx_word' id='word_1_664' title='bbox 2130 3106 2199 3146; x_wconf 81' lang='lat' dir='ltr'><strong>ex</strong></span> <span class='ocrx_word' id='word_1_665' title='bbox 2234 3090 2443 3146; x_wconf 86' lang='lat' dir='ltr'><strong>civibus</strong></span> <span class='ocrx_word' id='word_1_666' title='bbox 2478 3086 2716 3159; x_wconf 81' lang='lat' dir='ltr'><strong>regionis</strong></span> <span class='ocrx_word' id='word_1_667' title='bbox 2763 3082 2973 3147; x_wconf 81' lang='lat' dir='ltr'><strong>incolis,</strong></span> <span class='ocrx_word' id='word_1_668' title='bbox 3009 3081 3098 3136; x_wconf 91' lang='lat' dir='ltr'><strong>alii</strong></span> <span class='ocrx_word' id='word_1_669' title='bbox 3147 3079 3364 3149; x_wconf 89' lang='lat' dir='ltr'><strong>quidem</strong></span> <span class='ocrx_word' id='word_1_670' title='bbox 3397 3075 3524 3130; x_wconf 86' lang='lat' dir='ltr'><strong>reli-</strong></span> 
     </span>
    </p>
   </div>
   <div class='ocr_carea' id='block_1_90' title="bbox 1951 3170 3523 3250">
    <p class='ocr_par' dir='ltr' id='par_1_90' title="bbox 1951 3170 3523 3250">
     <span class='ocr_line' id='line_1_90' title="bbox 1951 3170 3523 3250; baseline -0.009 -13"><span class='ocrx_word' id='word_1_671' title='bbox 1951 3192 2039 3237; x_wconf 89' lang='lat' dir='ltr'><strong>cto</strong></span> <span class='ocrx_word' id='word_1_672' title='bbox 2072 3183 2338 3237; x_wconf 90' lang='lat' dir='ltr'><strong>diabolico</strong></span> <span class='ocrx_word' id='word_1_673' title='bbox 2364 3196 2425 3235; x_wconf 89' lang='lat' dir='ltr'><strong>ac</strong></span> <span class='ocrx_word' id='word_1_674' title='bbox 2459 3178 2782 3250; x_wconf 67' lang='lat' dir='ltr'><strong>Egyptiaco</strong></span> <span class='ocrx_word' id='word_1_675' title='bbox 2817 3190 3025 3240; x_wconf 87' lang='lat' dir='ltr'><strong>errore,</strong></span> <span class='ocrx_word' id='word_1_676' title='bbox 3056 3175 3121 3229; x_wconf 90' lang='lat' dir='ltr'><strong>ad</strong></span> <span class='ocrx_word' id='word_1_677' title='bbox 3158 3170 3523 3241; x_wconf 85' lang='lat' dir='ltr'><strong>evangelicam</strong></span> 
     </span>
    </p>
   </div>
   <div class='ocr_carea' id='block_1_91' title="bbox 1950 3263 3525 3345">
    <p class='ocr_par' dir='ltr' id='par_1_91' title="bbox 1950 3263 3525 3345">
     <span class='ocr_line' id='line_1_91' title="bbox 1950 3263 3525 3345; baseline -0.008 -19"><span class='ocrx_word' id='word_1_678' title='bbox 1950 3273 2384 3345; x_wconf 68' lang='lat' dir='ltr'><strong>praedicationem</strong></span> <span class='ocrx_word' id='word_1_679' title='bbox 2415 3271 2769 3332; x_wconf 78' lang='lat' dir='ltr'><strong>accederent,</strong></span> <span class='ocrx_word' id='word_1_680' title='bbox 2806 3267 2897 3321; x_wconf 88' lang='lat' dir='ltr'><strong>alii</strong></span> <span class='ocrx_word' id='word_1_681' title='bbox 2944 3280 3073 3320; x_wconf 89' lang='lat' dir='ltr'><strong>vero</strong></span> <span class='ocrx_word' id='word_1_682' title='bbox 3112 3265 3165 3318; x_wconf 92' lang='lat' dir='ltr'><strong>in</strong></span> <span class='ocrx_word' id='word_1_683' title='bbox 3208 3263 3394 3317; x_wconf 91' lang='lat' dir='ltr'><strong>eodem</strong></span> <span class='ocrx_word' id='word_1_684' title='bbox 3444 3275 3525 3315; x_wconf 89' lang='lat' dir='ltr'><strong>er-</strong></span> 
     </span>
    </p>
   </div>
   <div class='ocr_carea' id='block_1_92' title="bbox 1952 3351 3523 3433">
    <p class='ocr_par' dir='ltr' id='par_1_92' title="bbox 1952 3351 3523 3433">
     <span class='ocr_line' id='line_1_92' title="bbox 1952 3351 3523 3433; baseline -0.008 -14"><span class='ocrx_word' id='word_1_685' title='bbox 1952 3380 2077 3419; x_wconf 90' lang='lat' dir='ltr'><strong>rore</strong></span> <span class='ocrx_word' id='word_1_686' title='bbox 2115 3371 2553 3433; x_wconf 88' lang='lat' dir='ltr'><strong>perseverantes,</strong></span> <span class='ocrx_word' id='word_1_687' title='bbox 2586 3357 2913 3428; x_wconf 77' lang='lat' dir='ltr'><strong>inexpiabile</strong></span> <span class='ocrx_word' id='word_1_688' title='bbox 2941 3356 3139 3412; x_wconf 89' lang='lat' dir='ltr'><strong>bellum</strong></span> <span class='ocrx_word' id='word_1_689' title='bbox 3183 3362 3369 3409; x_wconf 89' lang='lat' dir='ltr'><strong>contra</strong></span> <span class='ocrx_word' id='word_1_690' title='bbox 3405 3351 3523 3406; x_wconf 90' lang='lat' dir='ltr'><strong>illos</strong></span> 
     </span>
    </p>
   </div>
   <div class='ocr_carea' id='block_1_93' title="bbox 1951 3446 3523 3526">
    <p class='ocr_par' dir='ltr' id='par_1_93' title="bbox 1951 3446 3523 3526">
     <span class='ocr_line' id='line_1_93' title="bbox 1951 3446 3523 3526; baseline -0.009 -15"><span class='ocrx_word' id='word_1_691' title='bbox 1951 3458 2295 3511; x_wconf 84' lang='lat' dir='ltr'><strong>excitarent:</strong></span> <span class='ocrx_word' id='word_1_692' title='bbox 2337 3456 2417 3510; x_wconf 88' lang='lat' dir='ltr'><strong>sic</strong></span> <span class='ocrx_word' id='word_1_693' title='bbox 2470 3454 2633 3526; x_wconf 88' lang='lat' dir='ltr'><strong>igitur</strong></span> <span class='ocrx_word' id='word_1_694' title='bbox 2669 3450 3017 3521; x_wconf 88' lang='lat' dir='ltr'><strong>insurgebant</strong></span> <span class='ocrx_word' id='word_1_695' title='bbox 3056 3446 3291 3518; x_wconf 64' lang='lat' dir='ltr'><strong>Egyptii</strong></span> <span class='ocrx_word' id='word_1_696' title='bbox 3331 3452 3523 3500; x_wconf 85' lang='lat' dir='ltr'><strong>contra</strong></span> 
     </span>
    </p>
   </div>
   <div class='ocr_carea' id='block_1_94' title="bbox 1951 3542 3417 3619">
    <p class='ocr_par' dir='ltr' id='par_1_94' title="bbox 1951 3542 3417 3619">
     <span class='ocr_line' id='line_1_94' title="bbox 1951 3542 3417 3619; baseline -0.005 -16"><span class='ocrx_word' id='word_1_697' title='bbox 1951 3548 2252 3619; x_wconf 67' lang='lat' dir='ltr'><strong>Egyptios.</strong></span> <span class='ocrx_word' id='word_1_698' title='bbox 3416 3542 3417 3545; x_wconf 61' lang='grc'><em>“</em></span> 
     </span>
    </p>
   </div>
   <div class='ocr_carea' id='block_1_95' title="bbox 2026 3632 3523 3705">
    <p class='ocr_par' dir='ltr' id='par_1_95' title="bbox 2026 3632 3523 3705">
     <span class='ocr_line' id='line_1_95' title="bbox 2026 3632 3523 3705; baseline -0.005 -14"><span class='ocrx_word' id='word_1_699' title='bbox 2026 3638 2188 3693; x_wconf 77' lang='lat' dir='ltr'><strong>Vens.</strong></span> <span class='ocrx_word' id='word_1_700' title='bbox 2221 3638 2346 3705; x_wconf 56' lang='lat'><strong>3,1.</strong></span> <span class='ocrx_word' id='word_1_701' title='bbox 2370 3656 2388 3689; x_wconf 76' lang='grc' dir='ltr'><strong>ι</strong></span> <span class='ocrx_word' id='word_1_702' title='bbox 2410 3636 2611 3691; x_wconf 86' lang='lat' dir='ltr'><strong>Civitas</strong></span> <span class='ocrx_word' id='word_1_703' title='bbox 2644 3635 2902 3691; x_wconf 86' lang='lat' dir='ltr'><strong>adversus</strong></span> <span class='ocrx_word' id='word_1_704' title='bbox 2935 3632 3232 3699; x_wconf 84' lang='lat' dir='ltr'><strong>civitatem,</strong></span> <span class='ocrx_word' id='word_1_705' title='bbox 3260 3640 3523 3686; x_wconf 88' lang='lat' dir='ltr'><strong>etnomus</strong></span> 
     </span>
    </p>
   </div>
   <div class='ocr_carea' id='block_1_96' title="bbox 1952 3722 3521 3795">
    <p class='ocr_par' dir='ltr' id='par_1_96' title="bbox 1952 3722 3521 3795">
     <span class='ocr_line' id='line_1_96' title="bbox 1952 3722 3521 3795; baseline -0.006 -10"><span class='ocrx_word' id='word_1_706' title='bbox 1952 3746 2211 3785; x_wconf 81' lang='lat' dir='ltr'><strong>adversus</strong></span> <span class='ocrx_word' id='word_1_707' title='bbox 2268 3745 2505 3785; x_wconf 91' lang='lat' dir='ltr'><strong>nomum.</strong></span> <span class='ocrx_word' id='word_1_708' title='bbox 2545 3728 2609 3781; x_wconf 86' lang='lat' dir='ltr'><strong>Et</strong></span> <span class='ocrx_word' id='word_1_709' title='bbox 2636 3727 2943 3782; x_wconf 90' lang='lat' dir='ltr'><strong>turbabitur</strong></span> <span class='ocrx_word' id='word_1_710' title='bbox 2987 3726 3208 3795; x_wconf 76' lang='lat' dir='ltr'><strong>Spiritus</strong></span> <span class='ocrx_word' id='word_1_711' title='bbox 3244 3722 3521 3793; x_wconf 65' lang='lat' dir='ltr'><strong>Egyptlo-</strong></span> 
     </span>
    </p>
   </div>
   <div class='ocr_carea' id='block_1_97' title="bbox 1953 3811 3524 3890">
    <p class='ocr_par' dir='ltr' id='par_1_97' title="bbox 1953 3811 3524 3890">
     <span class='ocr_line' id='line_1_97' title="bbox 1953 3811 3524 3890; baseline -0.007 -15"><span class='ocrx_word' id='word_1_712' title='bbox 1953 3836 2071 3875; x_wconf 87' lang='lat' dir='ltr'><strong>rum</strong></span> <span class='ocrx_word' id='word_1_713' title='bbox 2119 3822 2170 3874; x_wconf 91' lang='lat' dir='ltr'><strong>in</strong></span> <span class='ocrx_word' id='word_1_714' title='bbox 2223 3820 2388 3890; x_wconf 87' lang='lat' dir='ltr'><strong>ipsis,</strong></span> <span class='ocrx_word' id='word_1_715' title='bbox 2435 3828 2488 3873; x_wconf 92' lang='lat' dir='ltr'><strong>et</strong></span> <span class='ocrx_word' id='word_1_716' title='bbox 2538 3816 2819 3873; x_wconf 88' lang='lat' dir='ltr'><strong>consilium</strong></span> <span class='ocrx_word' id='word_1_717' title='bbox 2864 3830 3048 3871; x_wconf 90' lang='lat' dir='ltr'><strong>eorum</strong></span> <span class='ocrx_word' id='word_1_718' title='bbox 3107 3811 3401 3882; x_wconf 87' lang='lat' dir='ltr'><strong>dissipabo.</strong></span> <span class='ocrx_word' id='word_1_719' title='bbox 3457 3811 3524 3866; x_wconf 81' lang='lat' dir='ltr'><strong>Et</strong></span> 
     </span>
    </p>
   </div>
   <div class='ocr_carea' id='block_1_98' title="bbox 1954 3906 3523 3979">
    <p class='ocr_par' dir='ltr' id='par_1_98' title="bbox 1954 3906 3523 3979">
     <span class='ocr_line' id='line_1_98' title="bbox 1954 3906 3523 3979; baseline -0.006 -14"><span class='ocrx_word' id='word_1_720' title='bbox 1954 3911 2361 3979; x_wconf 79' lang='lat' dir='ltr'><strong>interrogabunt</strong></span> <span class='ocrx_word' id='word_1_721' title='bbox 2429 3910 2557 3963; x_wconf 88' lang='lat' dir='ltr'><strong>deos</strong></span> <span class='ocrx_word' id='word_1_722' title='bbox 2606 3923 2735 3961; x_wconf 85' lang='lat' dir='ltr'><strong>suos</strong></span> <span class='ocrx_word' id='word_1_723' title='bbox 2799 3914 2850 3961; x_wconf 84' lang='lat' dir='ltr'><strong>et</strong></span> <span class='ocrx_word' id='word_1_724' title='bbox 2921 3906 3211 3959; x_wconf 81' lang='lat' dir='ltr'><strong>simulacra</strong></span> <span class='ocrx_word' id='word_1_725' title='bbox 3260 3917 3399 3967; x_wconf 90' lang='lat' dir='ltr'><strong>sua,</strong></span> <span class='ocrx_word' id='word_1_726' title='bbox 3470 3911 3523 3957; x_wconf 88' lang='lat' dir='ltr'><strong>et</strong></span> 
     </span>
    </p>
   </div>
   <div class='ocr_carea' id='block_1_99' title="bbox 1953 3993 3521 4071">
    <p class='ocr_par' dir='ltr' id='par_1_99' title="bbox 1953 3993 3521 4071">
     <span class='ocr_line' id='line_1_99' title="bbox 1953 3993 3521 4071; baseline -0.004 -15"><span class='ocrx_word' id='word_1_727' title='bbox 1953 4018 2069 4065; x_wconf 85' lang='lat' dir='ltr'><strong>eos,</strong></span> <span class='ocrx_word' id='word_1_728' title='bbox 2101 4002 2191 4071; x_wconf 93' lang='lat' dir='ltr'><strong>qui</strong></span> <span class='ocrx_word' id='word_1_729' title='bbox 2232 4001 2300 4055; x_wconf 90' lang='lat' dir='ltr'><strong>de</strong></span> <span class='ocrx_word' id='word_1_730' title='bbox 2347 4009 2490 4053; x_wconf 85' lang='lat' dir='ltr'><strong>terra</strong></span> <span class='ocrx_word' id='word_1_731' title='bbox 2548 3998 2844 4067; x_wconf 89' lang='lat' dir='ltr'><strong>loquuntur</strong></span> <span class='ocrx_word' id='word_1_732' title='bbox 2872 4036 2888 4061; x_wconf 94' lang='lat'><strong>,</strong></span> <span class='ocrx_word' id='word_1_733' title='bbox 2930 4005 2985 4049; x_wconf 89' lang='lat' dir='ltr'><strong>et</strong></span> <span class='ocrx_word' id='word_1_734' title='bbox 3027 3993 3417 4062; x_wconf 82' lang='lat' dir='ltr'><strong>ventriluquos.</strong></span> <span class='ocrx_word' id='word_1_735' title='bbox 3458 3993 3521 4049; x_wconf 79' lang='lat' dir='ltr'><strong>Et</strong></span> 
     </span>
    </p>
   </div>
   <div class='ocr_carea' id='block_1_100' title="bbox 1956 4083 3522 4161">
    <p class='ocr_par' dir='ltr' id='par_1_100' title="bbox 1956 4083 3522 4161">
     <span class='ocr_line' id='line_1_100' title="bbox 1956 4083 3522 4161; baseline -0.006 -15"><span class='ocrx_word' id='word_1_736' title='bbox 1956 4094 2161 4146; x_wconf 85' lang='lat' dir='ltr'><strong>tradam</strong></span> <span class='ocrx_word' id='word_1_737' title='bbox 2217 4090 2507 4161; x_wconf 64' lang='lat' dir='ltr'><strong>Egyptum</strong></span> <span class='ocrx_word' id='word_1_738' title='bbox 2551 4090 2603 4143; x_wconf 92' lang='lat' dir='ltr'><strong>in</strong></span> <span class='ocrx_word' id='word_1_739' title='bbox 2659 4102 2851 4140; x_wconf 89' lang='lat' dir='ltr'><strong>manus</strong></span> <span class='ocrx_word' id='word_1_740' title='bbox 2900 4086 3211 4147; x_wconf 86' lang='lat' dir='ltr'><strong>hominum,</strong></span> <span class='ocrx_word' id='word_1_741' title='bbox 3261 4083 3522 4138; x_wconf 87' lang='lat' dir='ltr'><strong>durorum</strong></span> 
     </span>
    </p>
   </div>
   <div class='ocr_carea' id='block_1_101' title="bbox 1954 4175 3521 4247">
    <p class='ocr_par' dir='ltr' id='par_1_101' title="bbox 1954 4175 3521 4247">
     <span class='ocr_line' id='line_1_101' title="bbox 1954 4175 3521 4247; baseline -0.006 -12"><span class='ocrx_word' id='word_1_742' title='bbox 1954 4181 2319 4244; x_wconf 90' lang='lat' dir='ltr'><strong>dominorum,</strong></span> <span class='ocrx_word' id='word_1_743' title='bbox 2350 4190 2402 4233; x_wconf 87' lang='lat' dir='ltr'><strong>et</strong></span> <span class='ocrx_word' id='word_1_744' title='bbox 2444 4192 2598 4247; x_wconf 85' lang='lat' dir='ltr'><strong>reges</strong></span> <span class='ocrx_word' id='word_1_745' title='bbox 2627 4176 2744 4231; x_wconf 90' lang='lat' dir='ltr'><strong>duri</strong></span> <span class='ocrx_word' id='word_1_746' title='bbox 2786 4175 3207 4229; x_wconf 90' lang='lat' dir='ltr'><strong>dominabuntur</strong></span> <span class='ocrx_word' id='word_1_747' title='bbox 3248 4187 3455 4229; x_wconf 91' lang='lat' dir='ltr'><strong>eorum.</strong></span> <span class='ocrx_word' id='word_1_748' title='bbox 3498 4191 3521 4226; x_wconf 72' lang='grc' dir='ltr'><strong>ι</strong></span> 
     </span>
    </p>
   </div>
   <div class='ocr_carea' id='block_1_102' title="bbox 1954 4267 3523 4341">
    <p class='ocr_par' dir='ltr' id='par_1_102' title="bbox 1954 4267 3523 4341">
     <span class='ocr_line' id='line_1_102' title="bbox 1954 4267 3523 4341; baseline -0.006 -13"><span class='ocrx_word' id='word_1_749' title='bbox 1954 4273 2110 4328; x_wconf 81' lang='lat' dir='ltr'><strong>Nomi</strong></span> <span class='ocrx_word' id='word_1_750' title='bbox 2169 4273 2311 4340; x_wconf 90' lang='lat' dir='ltr'><strong>apud</strong></span> <span class='ocrx_word' id='word_1_751' title='bbox 2360 4269 2647 4341; x_wconf 71' lang='lat' dir='ltr'><strong>A‘Sgyptios</strong></span> <span class='ocrx_word' id='word_1_752' title='bbox 2699 4267 2966 4335; x_wconf 86' lang='lat' dir='ltr'><strong>hodieque</strong></span> <span class='ocrx_word' id='word_1_753' title='bbox 3028 4277 3291 4321; x_wconf 82' lang='lat' dir='ltr'><strong>vocantur</strong></span> <span class='ocrx_word' id='word_1_754' title='bbox 3337 4278 3523 4319; x_wconf 90' lang='lat' dir='ltr'><strong>eorum</strong></span> 
     </span>
    </p>
   </div>
   <div class='ocr_carea' id='block_1_103' title="bbox 1955 4356 3521 4435">
    <p class='ocr_par' dir='ltr' id='par_1_103' title="bbox 1955 4356 3521 4435">
     <span class='ocr_line' id='line_1_103' title="bbox 1955 4356 3521 4435; baseline -0.006 -17"><span class='ocrx_word' id='word_1_755' title='bbox 1955 4366 2223 4435; x_wconf 84' lang='lat' dir='ltr'><strong>regiones,</strong></span> <span class='ocrx_word' id='word_1_756' title='bbox 2261 4378 2381 4431; x_wconf 83' lang='lat' dir='ltr'><strong>quae</strong></span> <span class='ocrx_word' id='word_1_757' title='bbox 2433 4364 2595 4415; x_wconf 87' lang='lat' dir='ltr'><strong>etiam</strong></span> <span class='ocrx_word' id='word_1_758' title='bbox 2644 4360 2833 4415; x_wconf 84' lang='lat' dir='ltr'><strong>eadem</strong></span> <span class='ocrx_word' id='word_1_759' title='bbox 2866 4357 2934 4412; x_wconf 92' lang='lat' dir='ltr'><strong>de</strong></span> <span class='ocrx_word' id='word_1_760' title='bbox 2973 4371 3135 4413; x_wconf 87' lang='lat' dir='ltr'><strong>causa</strong></span> <span class='ocrx_word' id='word_1_761' title='bbox 3182 4366 3368 4411; x_wconf 82' lang='lat' dir='ltr'><strong>mutuo</strong></span> <span class='ocrx_word' id='word_1_762' title='bbox 3411 4356 3521 4410; x_wconf 85' lang='lat' dir='ltr'><strong>dis-</strong></span> 
     </span>
    </p>
   </div>
   <div class='ocr_carea' id='block_1_104' title="bbox 1956 4447 3523 4510">
    <p class='ocr_par' dir='ltr' id='par_1_104' title="bbox 1956 4447 3523 4510">
     <span class='ocr_line' id='line_1_104' title="bbox 1956 4447 3523 4510; baseline -0.007 0"><span class='ocrx_word' id='word_1_763' title='bbox 1956 4458 2155 4510; x_wconf 84' lang='lat' dir='ltr'><strong>sident.</strong></span> <span class='ocrx_word' id='word_1_764' title='bbox 2194 4454 2488 4509; x_wconf 83' lang='lat' dir='ltr'><strong>Atbeorum</strong></span> <span class='ocrx_word' id='word_1_765' title='bbox 2537 4462 2717 4506; x_wconf 90' lang='lat' dir='ltr'><strong>autem</strong></span> <span class='ocrx_word' id='word_1_766' title='bbox 2764 4450 2871 4503; x_wconf 83' lang='lat' dir='ltr'><strong>vita</strong></span> <span class='ocrx_word' id='word_1_767' title='bbox 2921 4448 2990 4503; x_wconf 88' lang='lat' dir='ltr'><strong>ab</strong></span> <span class='ocrx_word' id='word_1_768' title='bbox 3042 4447 3286 4503; x_wconf 87' lang='lat' dir='ltr'><strong>instituto</strong></span> <span class='ocrx_word' id='word_1_769' title='bbox 3330 4461 3523 4501; x_wconf 86' lang='lat' dir='ltr'><strong>secun-</strong></span> 
     </span>
    </p>
   </div>
   <div class='ocr_carea' id='block_1_105' title="bbox 1955 4540 3522 4607">
    <p class='ocr_par' dir='ltr' id='par_1_105' title="bbox 1955 4540 3522 4607">
     <span class='ocr_line' id='line_1_105' title="bbox 1955 4540 3522 4607; baseline -0.004 -7"><span class='ocrx_word' id='word_1_770' title='bbox 1955 4547 2079 4600; x_wconf 90' lang='lat' dir='ltr'><strong>dum</strong></span> <span class='ocrx_word' id='word_1_771' title='bbox 2138 4546 2301 4599; x_wconf 90' lang='lat' dir='ltr'><strong>Deum</strong></span> <span class='ocrx_word' id='word_1_772' title='bbox 2351 4542 2743 4607; x_wconf 86' lang='lat' dir='ltr'><strong>dissentiebat,</strong></span> <span class='ocrx_word' id='word_1_773' title='bbox 2788 4551 2844 4595; x_wconf 89' lang='lat' dir='ltr'><strong>et</strong></span> <span class='ocrx_word' id='word_1_774' title='bbox 2889 4554 3083 4593; x_wconf 90' lang='lat' dir='ltr'><strong>nomus</strong></span> <span class='ocrx_word' id='word_1_775' title='bbox 3121 4540 3379 4593; x_wconf 86' lang='lat' dir='ltr'><strong>adversus</strong></span> <span class='ocrx_word' id='word_1_776' title='bbox 3422 4554 3522 4594; x_wconf 86' lang='lat' dir='ltr'><strong>no-</strong></span> 
     </span>
    </p>
   </div>
   <div class='ocr_carea' id='block_1_106' title="bbox 1955 4629 3521 4707">
    <p class='ocr_par' dir='ltr' id='par_1_106' title="bbox 1955 4629 3521 4707">
     <span class='ocr_line' id='line_1_106' title="bbox 1955 4629 3521 4707; baseline -0.004 -16"><span class='ocrx_word' id='word_1_777' title='bbox 1955 4652 2099 4691; x_wconf 87' lang='lat' dir='ltr'><strong>mum</strong></span> <span class='ocrx_word' id='word_1_778' title='bbox 2138 4637 2482 4707; x_wconf 85' lang='lat' dir='ltr'><strong>insurgebat,</strong></span> <span class='ocrx_word' id='word_1_779' title='bbox 2524 4633 2835 4702; x_wconf 82' lang='lat' dir='ltr'><strong>evangelica</strong></span> <span class='ocrx_word' id='word_1_780' title='bbox 2878 4631 2995 4702; x_wconf 88' lang='lat' dir='ltr'><strong>lege</strong></span> <span class='ocrx_word' id='word_1_781' title='bbox 3037 4633 3107 4702; x_wconf 80' lang='grc' dir='ltr'><strong>(ε.</strong></span> <span class='ocrx_word' id='word_1_782' title='bbox 3151 4629 3321 4702; x_wconf 81' lang='grc' dir='ltr'>νόμῳ)</span> <span class='ocrx_word' id='word_1_783' title='bbox 3357 4629 3521 4701; x_wconf 70' lang='lat' dir='ltr'><strong>Egy-</strong></span> 
     </span>
    </p>
   </div>
   <div class='ocr_carea' id='block_1_107' title="bbox 1954 4719 3523 4797">
    <p class='ocr_par' dir='ltr' id='par_1_107' title="bbox 1954 4719 3523 4797">
     <span class='ocr_line' id='line_1_107' title="bbox 1954 4719 3523 4797; baseline -0.004 -17"><span class='ocrx_word' id='word_1_784' title='bbox 1954 4730 2184 4797; x_wconf 84' lang='lat' dir='ltr'><strong>ptiorum</strong></span> <span class='ocrx_word' id='word_1_785' title='bbox 2232 4726 2425 4795; x_wconf 83' lang='lat' dir='ltr'><strong>legalia</strong></span> <span class='ocrx_word' id='word_1_786' title='bbox 2477 4727 2860 4787; x_wconf 85' lang='lat' dir='ltr'><strong>subvertente,</strong></span> <span class='ocrx_word' id='word_1_787' title='bbox 2913 4738 2975 4777; x_wconf 92' lang='lat' dir='ltr'><strong>ac</strong></span> <span class='ocrx_word' id='word_1_788' title='bbox 3026 4722 3264 4777; x_wconf 88' lang='lat' dir='ltr'><strong>vicissim</strong></span> <span class='ocrx_word' id='word_1_789' title='bbox 3302 4719 3523 4775; x_wconf 89' lang='lat' dir='ltr'><strong>idolola-</strong></span> 
     </span>
    </p>
   </div>
   <div class='ocr_carea' id='block_1_108' title="bbox 1957 4812 3525 4889">
    <p class='ocr_par' dir='ltr' id='par_1_108' title="bbox 1957 4812 3525 4889">
     <span class='ocr_line' id='line_1_108' title="bbox 1957 4812 3525 4889; baseline -0.003 -17"><span class='ocrx_word' id='word_1_790' title='bbox 1957 4820 2070 4873; x_wconf 74' lang='lat' dir='ltr'><strong>tria:</strong></span> <span class='ocrx_word' id='word_1_791' title='bbox 2109 4818 2222 4889; x_wconf 83' lang='lat' dir='ltr'><strong>lege</strong></span> <span class='ocrx_word' id='word_1_792' title='bbox 2268 4818 2506 4872; x_wconf 86' lang='lat' dir='ltr'><strong>salutare</strong></span> <span class='ocrx_word' id='word_1_793' title='bbox 2539 4818 2762 4870; x_wconf 88' lang='lat' dir='ltr'><strong>verbum</strong></span> <span class='ocrx_word' id='word_1_794' title='bbox 2789 4824 3154 4885; x_wconf 87' lang='lat' dir='ltr'><strong>oppugnante.</strong></span> <span class='ocrx_word' id='word_1_795' title='bbox 3198 4812 3323 4867; x_wconf 67' lang='lat' dir='ltr'><strong>Haec</strong></span> <span class='ocrx_word' id='word_1_796' title='bbox 3358 4826 3525 4883; x_wconf 83' lang='lat' dir='ltr'><strong>porro</strong></span> 
     </span>
    </p>
   </div>
   <div class='ocr_carea' id='block_1_109' title="bbox 1953 4904 3522 4977">
    <p class='ocr_par' dir='ltr' id='par_1_109' title="bbox 1953 4904 3522 4977">
     <span class='ocr_line' id='line_1_109' title="bbox 1953 4904 3522 4977; baseline -0.003 -16"><span class='ocrx_word' id='word_1_797' title='bbox 1953 4910 2133 4963; x_wconf 87' lang='lat' dir='ltr'><strong>omnia</strong></span> <span class='ocrx_word' id='word_1_798' title='bbox 2183 4908 2605 4977; x_wconf 82' lang='lat' dir='ltr'><strong>contingebant,</strong></span> <span class='ocrx_word' id='word_1_799' title='bbox 2662 4904 3040 4976; x_wconf 70' lang='lat' dir='ltr'><strong>Egyptiorum</strong></span> <span class='ocrx_word' id='word_1_800' title='bbox 3099 4917 3425 4958; x_wconf 89' lang='lat' dir='ltr'><strong>consensum</strong></span> <span class='ocrx_word' id='word_1_801' title='bbox 3466 4910 3522 4956; x_wconf 86' lang='lat' dir='ltr'><strong>et</strong></span> 
     </span>
    </p>
   </div>
   <div class='ocr_carea' id='block_1_110' title="bbox 1954 4999 3522 5056">
    <p class='ocr_par' dir='ltr' id='par_1_110' title="bbox 1954 4999 3522 5056">
     <span class='ocr_line' id='line_1_110' title="bbox 1954 4999 3522 5056; baseline -0.006 0"><span class='ocrx_word' id='word_1_802' title='bbox 1954 5002 2297 5056; x_wconf 84' lang='lat' dir='ltr'><strong>concordiam</strong></span> <span class='ocrx_word' id='word_1_803' title='bbox 2334 5002 2480 5055; x_wconf 89' lang='lat' dir='ltr'><strong>circa</strong></span> <span class='ocrx_word' id='word_1_804' title='bbox 2524 5001 2813 5055; x_wconf 90' lang='lat' dir='ltr'><strong>multorum</strong></span> <span class='ocrx_word' id='word_1_805' title='bbox 2858 4999 3079 5052; x_wconf 87' lang='lat' dir='ltr'><strong>deorum</strong></span> <span class='ocrx_word' id='word_1_806' title='bbox 3118 5010 3356 5050; x_wconf 89' lang='lat' dir='ltr'><strong>errorem</strong></span> <span class='ocrx_word' id='word_1_807' title='bbox 3391 5009 3522 5048; x_wconf 88' lang='lat' dir='ltr'><strong>cou-</strong></span> 
     </span>
    </p>
   </div>
   <div class='ocr_carea' id='block_1_111' title="bbox 1956 5085 3522 5160">
    <p class='ocr_par' dir='ltr' id='par_1_111' title="bbox 1956 5085 3522 5160">
     <span class='ocr_line' id='line_1_111' title="bbox 1956 5085 3522 5160; baseline -0.005 -15"><span class='ocrx_word' id='word_1_808' title='bbox 1956 5092 2212 5147; x_wconf 85' lang='lat' dir='ltr'><strong>l‘undente</strong></span> <span class='ocrx_word' id='word_1_809' title='bbox 2244 5092 2491 5157; x_wconf 90' lang='lat' dir='ltr'><strong>Domino,</strong></span> <span class='ocrx_word' id='word_1_810' title='bbox 2546 5091 2639 5160; x_wconf 91' lang='lat' dir='ltr'><strong>qui</strong></span> <span class='ocrx_word' id='word_1_811' title='bbox 2683 5091 2749 5143; x_wconf 87' lang='lat' dir='ltr'><strong>ad</strong></span> <span class='ocrx_word' id='word_1_812' title='bbox 2796 5089 2942 5156; x_wconf 90' lang='lat' dir='ltr'><strong>ipsos</strong></span> <span class='ocrx_word' id='word_1_813' title='bbox 2991 5088 3308 5141; x_wconf 85' lang='lat' dir='ltr'><strong>advenerat.</strong></span> <span class='ocrx_word' id='word_1_814' title='bbox 3346 5085 3522 5152; x_wconf 85' lang='lat' dir='ltr'><strong>Quare</strong></span> 
     </span>
    </p>
   </div>
   <div class='ocr_carea' id='block_1_112' title="bbox 1953 5180 3522 5252">
    <p class='ocr_par' dir='ltr' id='par_1_112' title="bbox 1953 5180 3522 5252">
     <span class='ocr_line' id='line_1_112' title="bbox 1953 5180 3522 5252; baseline -0.006 -14"><span class='ocrx_word' id='word_1_815' title='bbox 1953 5185 2247 5238; x_wconf 86' lang='lat' dir='ltr'><strong>secundum</strong></span> <span class='ocrx_word' id='word_1_816' title='bbox 2277 5183 2524 5252; x_wconf 85' lang='lat' dir='ltr'><strong>Aquilam</strong></span> <span class='ocrx_word' id='word_1_817' title='bbox 2559 5184 2779 5247; x_wconf 78' lang='lat' dir='ltr'><strong>dicitur,</strong></span> <span class='ocrx_word' id='word_1_818' title='bbox 2815 5202 2833 5234; x_wconf 84' lang='lat'><strong>(</strong></span> <span class='ocrx_word' id='word_1_819' title='bbox 2874 5182 2941 5235; x_wconf 90' lang='lat' dir='ltr'><strong>Et</strong></span> <span class='ocrx_word' id='word_1_820' title='bbox 2976 5180 3295 5235; x_wconf 88' lang='lat' dir='ltr'><strong>seditionem</strong></span> <span class='ocrx_word' id='word_1_821' title='bbox 3324 5191 3522 5245; x_wconf 87' lang='lat' dir='ltr'><strong>ponam</strong></span> 
     </span>
    </p>
   </div>
   <div class='ocr_carea' id='block_1_113' title="bbox 1950 5272 3559 5350">
    <p class='ocr_par' dir='ltr' id='par_1_113' title="bbox 1950 5272 3559 5350">
     <span class='ocr_line' id='line_1_113' title="bbox 1950 5272 3559 5350; baseline -0.006 -18"><span class='ocrx_word' id='word_1_822' title='bbox 1950 5278 2089 5332; x_wconf 86' lang='lat' dir='ltr'><strong>inter</strong></span> <span class='ocrx_word' id='word_1_823' title='bbox 2130 5278 2412 5350; x_wconf 60' lang='lat' dir='ltr'><strong>IEgyptios</strong></span> <span class='ocrx_word' id='word_1_824' title='bbox 2440 5288 2492 5331; x_wconf 92' lang='lat' dir='ltr'><strong>et</strong></span> <span class='ocrx_word' id='word_1_825' title='bbox 2523 5276 2844 5347; x_wconf 64' lang='lat' dir='ltr'><strong>Egyptios;</strong></span> <span class='ocrx_word' id='word_1_826' title='bbox 2889 5295 2907 5326; x_wconf 70' lang='grc' dir='ltr'><strong>ι</strong></span> <span class='ocrx_word' id='word_1_827' title='bbox 2943 5276 3237 5330; x_wconf 86' lang='lat' dir='ltr'><strong>secundum</strong></span> <span class='ocrx_word' id='word_1_828' title='bbox 3276 5272 3522 5343; x_wconf 87' lang='lat' dir='ltr'><strong>Symma—</strong></span> <span class='ocrx_word' id='word_1_829' title='bbox 3555 5274 3559 5279; x_wconf 81' lang='grc'><strong><em>’</em></strong></span> 
     </span>
    </p>
   </div>
   <div class='ocr_carea' id='block_1_114' title="bbox 1947 5359 3521 5434">
    <p class='ocr_par' dir='ltr' id='par_1_114' title="bbox 1947 5359 3521 5434">
     <span class='ocr_line' id='line_1_114' title="bbox 1947 5359 3521 5434; baseline -0.003 -13"><span class='ocrx_word' id='word_1_830' title='bbox 1947 5367 2106 5421; x_wconf 88' lang='lat' dir='ltr'><strong>chum</strong></span> <span class='ocrx_word' id='word_1_831' title='bbox 2152 5383 2298 5431; x_wconf 81' lang='lat' dir='ltr'><strong>vero,</strong></span> <span class='ocrx_word' id='word_1_832' title='bbox 2355 5385 2373 5417; x_wconf 77' lang='grc' dir='ltr'><strong>ι</strong></span> <span class='ocrx_word' id='word_1_833' title='bbox 2432 5365 2773 5421; x_wconf 87' lang='lat' dir='ltr'><strong>Committam</strong></span> <span class='ocrx_word' id='word_1_834' title='bbox 2829 5363 3117 5434; x_wconf 67' lang='lat' dir='ltr'><strong>Egyptios</strong></span> <span class='ocrx_word' id='word_1_835' title='bbox 3176 5378 3299 5418; x_wconf 86' lang='lat' dir='ltr'><strong>cum</strong></span> <span class='ocrx_word' id='word_1_836' title='bbox 3358 5359 3521 5430; x_wconf 65' lang='lat' dir='ltr'><strong>Egy-</strong></span> 
     </span>
    </p>
   </div>
   <div class='ocr_carea' id='block_1_115' title="bbox 1947 5451 3520 5526">
    <p class='ocr_par' dir='ltr' id='par_1_115' title="bbox 1947 5451 3520 5526">
     <span class='ocr_line' id='line_1_115' title="bbox 1947 5451 3520 5526; baseline -0.002 -18"><span class='ocrx_word' id='word_1_837' title='bbox 1947 5466 2093 5526; x_wconf 91' lang='lat' dir='ltr'><strong>ptus.</strong></span> <span class='ocrx_word' id='word_1_838' title='bbox 2139 5476 2158 5508; x_wconf 71' lang='grc' dir='ltr'><strong>ι</strong></span> <span class='ocrx_word' id='word_1_839' title='bbox 2206 5456 2301 5511; x_wconf 87' lang='lat' dir='ltr'><strong>llis</strong></span> <span class='ocrx_word' id='word_1_840' title='bbox 2350 5472 2510 5526; x_wconf 87' lang='lat' dir='ltr'><strong>porro</strong></span> <span class='ocrx_word' id='word_1_841' title='bbox 2554 5453 2730 5510; x_wconf 86' lang='lat' dir='ltr'><strong>alIinia</strong></span> <span class='ocrx_word' id='word_1_842' title='bbox 2792 5465 2847 5512; x_wconf 90' lang='lat' dir='ltr'><strong>et</strong></span> <span class='ocrx_word' id='word_1_843' title='bbox 2893 5454 3110 5517; x_wconf 88' lang='lat' dir='ltr'><strong>similia,</strong></span> <span class='ocrx_word' id='word_1_844' title='bbox 3172 5453 3280 5505; x_wconf 91' lang='lat' dir='ltr'><strong>imo</strong></span> <span class='ocrx_word' id='word_1_845' title='bbox 3340 5451 3520 5519; x_wconf 79' lang='lat' dir='ltr'><strong>potius</strong></span> 
     </span>
    </p>
   </div>
   <div class='ocr_carea' id='block_1_116' title="bbox 1945 5541 3517 5621">
    <p class='ocr_par' dir='ltr' id='par_1_116' title="bbox 1945 5541 3517 5621">
     <span class='ocr_line' id='line_1_116' title="bbox 1945 5541 3517 5621; baseline -0.006 -18"><span class='ocrx_word' id='word_1_846' title='bbox 1945 5548 2132 5605; x_wconf 87' lang='lat' dir='ltr'><strong>eadem</strong></span> <span class='ocrx_word' id='word_1_847' title='bbox 2177 5548 2291 5621; x_wconf 89' lang='lat' dir='ltr'><strong>ipsa</strong></span> <span class='ocrx_word' id='word_1_848' title='bbox 2327 5549 2445 5605; x_wconf 90' lang='lat' dir='ltr'><strong>aliis</strong></span> <span class='ocrx_word' id='word_1_849' title='bbox 2487 5548 2669 5605; x_wconf 88' lang='lat' dir='ltr'><strong>verbis</strong></span> <span class='ocrx_word' id='word_1_850' title='bbox 2713 5548 2968 5605; x_wconf 89' lang='lat' dir='ltr'><strong>Dominus</strong></span> <span class='ocrx_word' id='word_1_851' title='bbox 3012 5554 3195 5601; x_wconf 86' lang='lat' dir='ltr'><strong>noster</strong></span> <span class='ocrx_word' id='word_1_852' title='bbox 3234 5546 3289 5599; x_wconf 91' lang='lat' dir='ltr'><strong>in</strong></span> <span class='ocrx_word' id='word_1_853' title='bbox 3338 5541 3517 5597; x_wconf 83' lang='lat' dir='ltr'><strong>Evan-</strong></span> 
     </span>
    </p>
   </div>
  </div>
