4120 6294
348 258 449 311 225

1310 252 1821 310 COMMENTARIA
1861 254 1928 308 IN
1972 253 2225 310 ISAIAM.
2268 283 2338 294 —
2374 254 2529 312 CAP.
2571 256 2717 313 XIX.

3520 257 3634 316 29.6

348 374 562 447 ἰχθύων,
592 376 799 448 δηλαδή
835 376 947 429 τῶν
984 374 1339 447 ἀνθρωπίνων
1372 373 1599 445 ῖψυχῶν,
1644 373 1917 444 πενθήσεις

2040 380 2148 427 tur.
2199 371 2324 429 Illos
2361 382 2545 428 autem
2584 389 2615 428 a
2667 370 2935 444 propheta
2964 381 3299 427 memoratos
3326 371 3630 442 piscatores

345 466 603 534 λέγονται.
632 469 865 539 Νοήσεις
893 466 950 520 δὲ
980 467 1107 529 τοὺς
1136 466 1196 518 ὲν
1216 464 1295 536 τῷ
1325 466 1579 537 προφήτῃ
1606 465 1934 530 λεγομένους

344 559 511 621 ἁλιεῖς
549 561 647 614 καὶ
678 558 1005 630 ἀμφιϐολεῖς
1047 557 1107 625 ἐξ
1144 557 1347 630 ἑτέρων
1379 557 1576 612 ἀλιέων
1624 558 1719 611 καὶ
1762 574 1934 627 σαγη-

337 651 569 712 νευτῶν,
605 652 748 720 λέγω
775 651 840 721 δή
870 650 980 705 τῶν
1010 651 1345 713 ἀποστόλων,
1390 651 1485 705 καί
1534 650 1794 722 μαθητῶν
1832 650 1930 705 τοῦ

343 743 597 815 Σωτῆρος
646 742 826 815 ἡμῶν,
869 737 953 807 οἷς
999 742 1238 811 ἐλέγετο,
1290 762 1309 793 r
1344 740 1531 811 Δεῦτε,
1574 745 1671 797 καὶ
1718 744 1931 811 ποιήσω

343 836 486 905 ὑμᾶς
506 836 683 899 ἁλιεῖς
702 834 1023 907 ἀνθρώπων.
1063 854 1082 887 ι
1110 836 1172 888 Εἰ
1206 834 1317 908 γὰρ
1345 830 1490 890 οὗτοι
1510 835 1600 889 διὰ
1622 836 1722 906 τῆς
1748 834 1930 889 αὑτῶν

342 924 689 990 διδασκαλίας
719 927 978 999 ἐθήρευον
1003 926 1104 990 τάς
1130 926 1239 979 τῶν
1265 926 1569 999 ἀνθρώπων
1609 927 1808 998 ψυχὰς,
1842 928 1931 981 ἔλ-

342 1035 528 1083 κοντες
553 1020 650 1073 ἐπὶ
694 1020 989 1090 σωτηρίαν,
1024 1020 1112 1074 διὰ
1150 1020 1203 1073 τί
1235 1022 1338 1074 οὑκ
1365 1018 1432 1073 ἂν
1471 1020 1646 1082 είποις
1678 1020 1772 1074 καὶ
1800 1019 1929 1083 τοὺς

341 1111 657 1177 Αἰγυπτίων
710 1111 1033 1181 λεγομένους
1059 1111 1248 1174 τάλιεῖς
1288 1112 1383 1164 καὶ
1428 1110 1751 1180 ἀμφιὸολείς
1798 1111 1929 1174 τοὺς

340 1200 505 1253 πάλαι
526 1200 885 1265 διδασκάλους
910 1201 1009 1271 τῆς
1034 1202 1161 1272 παρ’
1191 1202 1377 1265 αὐτοῖς
1411 1199 1731 1269 φιλοσοφίας
1759 1195 1921 1265 εἶναι,

338 1290 385 1341 οἳ
425 1290 517 1343 διὰ
566 1292 666 1361 τῆς
702 1292 1083 1361 Αἰγυπτιακῆς
1133 1293 1410 1363 γοητείας,
1462 1293 1784 1362 ὲπαγίδευον
1830 1286 1954 1346 καὶ(

336 1382 526 1453 ὥσπερ
561 1382 840 1447 ὲδελὲαζον
871 1384 996 1447 τοὺς
1027 1383 1119 1436 ὑπ’
1158 1383 1337 1437 αὐτῶν
1371 1384 1762 1454 ἁλισκομένους

408 1490 427 1521 ι
465 1469 581 1523 Καὶ
606 1470 667 1523 ὲν
693 1474 854 1524 παντί
885 1472 995 1524 ἕλει
1020 1471 1265 1541 καλάμου
1295 1474 1389 1525 καὶ
1430 1472 1709 1545 παπύρου,
1738 1474 1831 1527 καὶ
1858 1474 1922 1527 τὸ

332 1560 427 1628 ἁχὶ
455 1559 521 1612 τὸ
556 1560 785 1631 χλωρὸν,
818 1562 928 1613 πᾶν
960 1562 1020 1614 τὸ
1053 1561 1238 1632 κύκλῳ
1261 1561 1355 1614 τοῦ
1381 1564 1650 1633 ποταμοῦ,
1679 1563 1775 1616 καὶ
1808 1564 1917 1617 πᾶν

329 1652 390 1704 τὸ
421 1651 783 1722 σπειρόμενον
821 1652 909 1705 διὰ
946 1651 1040 1705 τοῦ
1086 1652 1335 1723 ποταμοῦ
1367 1652 1765 1726 ξηρανθήσεται
1796 1654 1920 1707 ἀνε-

333 1742 629 1815 μόφθορον.
660 1746 768 1797 Καὶ
806 1744 1150 1810 στενάξουσιν
1176 1747 1224 1799 οἰ
1253 1746 1446 1810 ἁλιεῖς,
1476 1746 1569 1799 καὶ
1600 1745 1918 1813 στενάξουσι
1950 1726 1993 1781 Β

328 1837 536 1897 πάντες
565 1838 615 1889 οἰ
648 1836 932 1906 βάλλοντες
969 1836 1264 1909 ἄγκιστρον
1293 1839 1372 1901 εἰς
1405 1838 1498 1891 τὸν
1532 1838 1801 1910 ποταμὸν,
1825 1838 1919 1891 καὶ

324 1930 374 1981 οἰ
404 1928 693 1998 βάλλοντες
719 1931 964 2001 σαγήνας
992 1930 1087 1983 καὶ
1120 1930 1441 2000 ἀμφιϐολεῖς
1466 1929 1846 2003 πενθήσουσιν.
1894 1950 1913 1983 ι

324 2021 575 2092 Παντελῆ
607 2021 664 2074 δὲ
702 2017 855 2091 οἶμαι
902 2021 1165 2093 ξηρασίαν
1210 2021 1417 2075 ὑδάτων
1462 2022 1553 2076 διὰ
1595 2023 1800 2077 τούτων
1829 2040 1920 2095 ση-

328 2109 566 2180 μαίνειν,
605 2110 681 2172 ὡς
719 2110 853 2181 μηδὲ
901 2109 1047 2180 ίχνος
1077 2110 1297 2164 νοτίδων
1340 2111 1551 2166 ὑδάτων
1583 2113 1720 2183 μήτε
1748 2114 1805 2165 ὲν
1838 2110 1918 2182 τῷ

322 2202 560 2273 παταμῷ
594 2202 901 2270 φαίνεσθαι,
939 2204 1075 2273 μήτε
1109 2204 1167 2255 ὲν
1204 2202 1283 2273 τῷ
1306 2201 1415 2256 ἕλει
1461 2204 1590 2275 μήτ’
1619 2204 1763 2281 ἀμφὶ
1809 2203 1918 2257 τῶν

322 2295 592 2364 ποταμῶν
619 2293 793 2356 ἐκτός,
822 2293 949 2363 μήτ’
971 2295 1027 2345 ὲν
1046 2292 1195 2363 αὑτῷ
1216 2294 1386 2364 μέσῳ,
1412 2295 1537 2366 μήτ’
1558 2296 1615 2347 ὲν
1639 2294 1914 2366 διώρυξιν,

325 2378 456 2458 μήτ’
481 2387 541 2438 ὲν
567 2386 850 2455 στασίμοις
889 2383 1106 2438 ὑδασινο
1144 2384 1318 2453 λεῖψιν
1361 2385 1418 2437 δὲ
1451 2384 1666 2458 ἀθρόως
1710 2385 1917 2439 τούτων

321 2478 545 2533 ἔσεσθαι
587 2478 864 2542 ἀπάντων,
899 2477 975 2540 ὡς
1008 2478 1259 2549 μηδαμοῦ
1302 2477 1404 2547 τῆς
1445 2479 1763 2547 Αἰγυπτίων
1813 2483 1917 2550 γῆς

322 2568 496 2623 ὕδατα
541 2569 860 2640 ὑφεστάναι.
907 2567 1047 2622 Ἀλλ’
1085 2563 1239 2633 οὗτος
1278 2570 1307 2622 ὁ
1350 2569 1506 2637 λόγος
1546 2571 1642 2623 καὶ
1681 2570 1772 2623 τὸν
1815 2572 1916 2624 οὐκ

320 2662 580 2717 ἐθέλοντα
603 2660 850 2732 βιάζεται
872 2661 964 2714 ἐπὶ
987 2661 1252 2733 τροπικὴν
1282 2661 1631 2732 μεταϐαίνειν
1656 2661 1913 2734 θεωρίαν·

319 2754 468 2808 ὥστε
494 2753 554 2820 ἐξ
586 2754 831 2822 ἀνάγκης
863 2753 1140 2823 ποταμοὺς
1160 2754 1255 2808 καί⁵
1284 2754 1452 2807 ὑδατα
1473 2757 1615 2809 νοεῖν
1640 2755 1915 2823 Αἰγύπτια

322 2847 445 2919 ἦτοι
466 2846 538 2900 τὰ
560 2845 737 2918 πλήθη
760 2846 865 2916 τῆς
890 2845 1272 2915 Αἰγυπτιακῆς
1295 2845 1598 2916 δυνάμεως,
1626 2846 1660 2917 ἢ
1684 2847 1784 2919 τὴν
1818 2846 1916 2916 βα-

325 2939 533 2993 σιλείαν
576 2938 754 2991 αὐτῶν
802 2938 902 3008 τὴν
951 2937 1117 2991 πάλαι
1162 2936 1413 3008 ποταμοῦ
1456 2938 1613 3008 δίκην
1651 2938 1914 3009 πλημμυ-

324 3030 527 3100 ροΰπν
552 3030 587 3101 ἢ
617 3030 737 3083 καθ,
767 3029 962 3101 ἑτέραν
1004 3028 1253 3102 ἐκδοχὴν,
1290 3030 1392 3100 τὴν
1422 3031 1575 3125 παρ’.
1592 3030 1911 3099 Αἰγυπτίοις
1940 3063 1984 3125 c

318 3124 385 3176 τὸ
403 3122 638 3177 παλαιὸν
658 3121 1011 3193 ἀκμάζουσαν
1028 3119 1366 3190 φιλοσοφίαν,
1390 3122 1519 3193 περὶ
1544 3116 1612 3193 ἧς
1636 3122 1905 3176 λέλεκται·

328 3232 349 3266 s
388 3216 502 3268 Καὶ
537 3211 831 3284 ἐπαιδεύθη
858 3212 1100 3281 Μωῦσῆς
1135 3211 1285 3283 πάσῃ
1312 3210 1474 3282 σοφίᾳ
1500 3213 1835 3281 Αἰγυπτίων.
1886 3233 1905 3265 ι

323 3305 504 3377 Πολλὴ
528 3306 637 3377 γάρ
662 3322 746 3369 τις
766 3300 834 3373 ἦν
856 3303 1015 3375 αὑτὴ,
1042 3303 1135 3356 καὶ
1162 3303 1335 3372 μέγας
1355 3305 1384 3357 ὁ
1412 3306 1538 3375 παρ’
1564 3304 1748 3368 αὐτοῖς
1772 3305 1910 3375 ῥέων

322 3397 591 3468 ποταμὸς,
619 3398 649 3448 ὁ
685 3396 787 3467 τῆς
825 3397 958 3467 παρ’
1005 3394 1189 3458 αὑτοῖς
1236 3393 1661 3466 θαυμαζομένης
1716 3397 1911 3465 σοφίας

322 3488 499 3556 λόγος.
528 3487 733 3540 Τούτου
770 3485 827 3538 δὲ
864 3486 1077 3556 ὑπῆρχε
1124 3486 1265 3555 μέρη
1296 3485 1468 3538 πολλὰ
1500 3502 1912 3557 κατακερματι-

322 3577 556 3651 ζομένου
583 3580 663 3641 εἰς
685 3577 955 3649 διώρυγας
978 3578 1201 3642 πολλὰς,
1230 3578 1327 3630 κα)⁸
1354 3579 1435 3641 εἰς
1465 3578 1690 3643 πολλοὺς
1735 3580 1914 3651 μαθη-

320 3666 420 3729 τάς
457 3665 569 3718 τῶν
618 3665 740 3719 καθ’
780 3666 1009 3719 ἕκαστον
1062 3666 1173 3718 τῶν
1215 3667 1343 3735 παρ’
1380 3668 1563 3729 αὑτοῖς
1615 3667 1909 3739 μαθήσεων

320 3756 516 3825 λόγων,
547 3756 607 3821 ἐξ
634 3750 709 3811 ὧν
730 3756 893 3826 ἑφυον
915 3758 1016 3809 οὐκ
1051 3757 1285 3829 ἄμπελοι
1318 3757 1439 3810 οὑδὲ
1476 3758 1676 3822 ἐλαῖαι,
1708 3761 1827 3814 οὐδέ
1856 3777 1908 3812 τι

317 3848 427 3901 τῶν
484 3847 779 3919 καρπίμων
817 3848 927 3902 τῶν
970 3849 1283 3916 ἀναγκαίων
1328 3851 1582 3923 δένδρων,
1624 3851 1762 3906 ἀλλὰ
1812 3854 1910 3908 πά-

320 3956 514 4010 ¹πυρος,
555 3939 797 4010 κάλαμος
821 3942 917 3995 καὶ
947 3942 1007 3995 τὸ
1040 3942 1249 4012 χλωρὸν
1279 3943 1392 4014 ἀχί.
1442 3944 1695 4015 Σαγήνας
1722 3944 1778 3997 δὲ
1804 3946 1902 3997 αύ-

318 4029 429 4084 τῶν
456 4032 671 4101 νοήσεις
704 4031 814 4084 ἀπὸ
837 4031 938 4100 τῆς
978 4032 1072 4085 τοῦ
1102 4033 1354 4103 Σωτῆρος
1390 4035 1547 4104 ἡμῶν
1589 4034 1907 4107 παραϐολῆς

318 4118 388 4173 δι’
421 4115 492 4193 ἧς
528 4120 743 4192 εἴρηται
763 4138 776 4153 ⁸
818 4141 835 4174 ι
882 4123 1073 4194 Ὁμοία
1100 4124 1247 4178 ἐστὶν
1274 4126 1307 4194 ἡ
1336 4124 1577 4194 βασιλεία
1608 4126 1717 4179 τῶν
1741 4128 1907 4197 ούρα-

316 4212 427 4265 νῶν
455 4214 664 4283 σαγήνῃ
708 4213 968 4286 βληθείσῃ
992 4217 1073 4278 εἰς
1105 4216 1204 4287 τὴν
1241 4215 1539 4283 θάλασσαν,
1578 4220 1673 4271 καὶ
1712 4220 1907 4275 συλλα-

315 4302 491 4377 ϐούσῃ
518 4304 627 4357 ἀπὸ
660 4305 859 4369 παντὸς
890 4306 1078 4374 γένους
1108 4306 1320 4376 ἰχθύων.
1358 4326 1376 4358 ι
1423 4308 1630 4380 ’Ὠσπερ
1659 4310 1715 4363 δὲ
1751 4314 1808 4365 ὲν
1836 4314 1902 4382 τῇ

2034 474 2091 519 et
2143 465 2279 520 retia
2322 465 2593 533 jacientes
2638 464 2917 537 intelligas
2966 479 3030 520 ex
3092 464 3215 521 aliis
3258 463 3630 535 piscatoribus

2034 565 2089 610 et
2134 557 2351 625 sagenis
2396 558 2710 622 utentibus;
2762 572 2830 613 ex
2883 557 3148 627 apostolis
3197 558 3321 614 dico
3364 566 3421 615 et
3467 558 3632 615 disci-

2033 648 2176 719 pulis
2217 648 2517 705 Salvatoris
2558 650 2767 714 nostri,
2821 650 3020 721 quibus
3071 649 3389 716 dicebatur,
3439 669 3461 703 ι
3520 650 3629 707 Ve-

2033 741 2169 806 nite,
2214 748 2270 795 et
2320 739 2513 796 faciam
2544 756 2642 798 vos
2706 741 3011 811 piscatores
3065 741 3349 797 hominum
3376 740 3446 797 “.
3496 759 3518 796 ι
3565 740 3628 798 Si

2030 832 2176 887 enim
2224 831 2312 887 isti
2345 832 2593 888 doctrina
2626 848 2726 888 sua
2762 832 3046 888 hominum
3076 834 3292 889 animas
3333 832 3627 904 piscabatu-

2030 935 2143 990 tur,
2183 926 2251 981 ad
2306 927 2534 982 salutem
2583 925 2706 983 illas
2743 927 3062 994 trahentes,
3121 941 3223 982 cur
3268 940 3375 982 non
3414 924 3627 982 dixeris

2031 1030 2363 1073 memoratos
2405 1016 2529 1072 illos
2576 1016 2963 1088 Egyptiorum
3021 1019 3328 1089 piscatores
3382 1024 3439 1072 et
3482 1015 3624 1071 retia

2021 1108 2293 1177 jacientes
2318 1154 2332 1176 ,
2372 1109 2542 1166 fuisse
2587 1110 2709 1166 illos
2751 1109 2883 1165 olim
2929 1109 3290 1180 philosophiae
3326 1109 3620 1173 doctores,

2026 1200 2118 1270 qui
2156 1215 2255 1271 per
2277 1200 2630 1274 Egyptiacas
2658 1202 2966 1273 praestigias
3032 1201 3409 1272 illaqueabant
3445 1208 3500 1256 et
3535 1200 3624 1255 in-

2026 1292 2289 1348 escabant
2314 1306 2408 1347 eos
2439 1308 2577 1364 quos
2613 1306 2810 1363 capere
2842 1303 3097 1364 poterant
3123 1293 3147 1347 ?

2101 1465 2260 1522 Vens.
2282 1469 2335 1537 7,
2368 1466 2422 1523 8.
2458 1485 2477 1520 ι
2514 1466 2581 1522 ΕΙ.
2606 1468 2659 1523 in
2689 1470 2837 1524 omni
2871 1466 3065 1538 palude
3093 1465 3289 1523 calami
3316 1473 3370 1522 et
3401 1465 3618 1537 papyri,

2021 1569 2078 1615 et
2130 1558 2257 1614 achi
2286 1560 2472 1614 virens
2496 1573 2659 1615 omne
2697 1560 2904 1615 circum
2932 1558 3157 1630 ﬂumen,
3187 1568 3243 1613 et
3280 1572 3442 1613 omne
3469 1556 3619 1628 quod

2021 1651 2323 1706 seminatur
2362 1651 2429 1704 ad
2461 1647 2684 1717 flumen,
2722 1659 2936 1706 arescet
2981 1658 3037 1705 et
3068 1658 3236 1705 vento
3277 1648 3502 1719 peribit.
3543 1648 3613 1703 Et

2022 1752 2238 1815 gement
2276 1743 2600 1813 piscatores,
2655 1753 2711 1797 et
2756 1749 2977 1812 gement
3009 1756 3199 1797 omnes
3247 1742 3341 1811 qui
3394 1740 3621 1795 mittunt

2024 1834 2244 1889 hamum
2281 1836 2334 1888 in
2377 1833 2598 1897 flumen,
2635 1842 2687 1889 et
2731 1836 2825 1904 qui
2873 1836 3100 1889 mittunt
3136 1847 3391 1903 sagenas,
3428 1842 3487 1887 et
3520 1833 3615 1903 qui

2022 1926 2245 1980 mittunt
2286 1927 2450 1993 retia,
2513 1926 2797 1995 lugehunt.
2850 1946 2868 1978 ι
2914 1924 3011 1980 His
3052 1926 3422 1979 omnimodatn
3464 1924 3616 1980 arbi-

2023 2024 2138 2069 tror
2187 2031 2451 2086 aquarum
2506 2016 2819 2071 siccitatem
2874 2015 3145 2082 indicari,
3203 2015 3278 2069 ita
3331 2024 3394 2070 ut
3438 2030 3617 2085 neque

2021 2108 2308 2179 vestigium
2349 2107 2596 2163 humoris
2635 2122 2826 2177 aqum,
2869 2106 2952 2161 vel
2989 2108 3041 2161 in
3077 2106 3269 2171 ﬂuvio,
3305 2107 3389 2162 vel
3430 2108 3483 2162 in
3526 2123 3614 2177 pa-

2019 2199 2169 2264 lude,
2224 2200 2312 2254 vel
2348 2208 2504 2254 eXtra
2545 2197 2768 2254 [lumina
2796 2199 2851 2253 in
2888 2200 3147 2263 circuitu,
3194 2200 3278 2254 vel
3316 2201 3369 2255 in
3409 2201 3611 2263 medio.

2020 2292 2102 2347 vel
2137 2292 2190 2346 in
2218 2291 2519 2355 canalibus,
2553 2291 2640 2346 vel
2671 2292 2724 2346 in
2761 2292 2919 2361 aquis
2948 2308 3055 2349 non
3088 2290 3405 2361 nitentibus,
3437 2307 3605 2364 appa-

2022 2391 2177 2449 reat,
2233 2381 2329 2436 sed
2369 2383 2616 2436 omnium
2656 2381 2949 2437 confertim
2990 2383 3244 2437 vacuitas
3290 2392 3346 2437 et
3385 2384 3610 2451 penuria

2022 2474 2202 2527 futura
2239 2474 2343 2536 sit,
2396 2472 2471 2528 ita
2503 2482 2563 2527 ut
2606 2474 2660 2527 in
2692 2472 2926 2543 Egypto
2955 2489 3224 2543 nusquam
3265 2489 3422 2544 aqua:
3455 2490 3611 2530 com-
3678 2528 3681 2531 .

2018 2575 2264 2633 pareant.
2298 2564 2497 2621 Verum
2534 2565 2621 2621 hic
2647 2581 2829 2621 sermo
2856 2566 2943 2621 vel
2976 2567 3207 2620 invitum
3232 2581 3506 2637 quemque
3540 2569 3611 2622 ad

2020 2656 2300 2725 ﬁguratam
2356 2659 2782 2729 speculationem
2838 2660 2889 2713 vi
2944 2660 3251 2729 pertrahit,
3294 2660 3368 2714 ita
3404 2668 3466 2714 ut
3511 2674 3609 2716 ne-

2018 2748 2259 2803 cessario
2303 2762 2399 2817 per
2428 2748 2755 2820 Egyptiaca
2786 2750 3011 2806 flumina
3074 2763 3129 2807 et
3180 2767 3350 2821 aquas
3410 2752 3608 2808 intelli-

2018 2849 2112 2905 gas
2141 2834 2477 2908 Egyptiaca:
2508 2839 2764 2907 potentiae
2792 2840 2896 2893 vim
2939 2850 2996 2895 et
3031 2842 3457 2908 multitudinem,
3509 2859 3607 2900 nec

2019 2941 2123 2979 non
2165 2942 2387 2997 regnum
2425 2942 2641 2991 eorum,
2683 2930 2828 2997 quod
2867 2930 2995 2985 olim
3038 2930 3277 2989 fluminis
3311 2913 3486 2989 instar
3512 2950 3606 2990 ex-

2017 3020 2293 3087 undabat;
2337 3021 2452 3074 sive
2500 3024 2801 3077 secundum
2847 3024 3011 3078 aliam
3059 3026 3457 3094 interpretandi
3511 3043 3602 3081 ra-

2019 3112 2241 3173 tionem,
2299 3114 2695 3183 philosophiam
2735 3116 2866 3170 olim
2897 3117 3037 3186 apud
3083 3116 3373 3190 Egyptios
3404 3121 3603 3175 floren-

2017 3210 2155 3255 tem:
2195 3202 2261 3257 de
2304 3218 2415 3272 qua
2452 3206 2655 3260 dictum
2700 3221 2815 3271 est,
2862 3226 2881 3259 ι
2932 3210 3220 3265 lnstitutns
3259 3222 3345 3267 est
3388 3212 3641 3283 Moyses-

2014 3290 2067 3343 in
2110 3293 2254 3345 omni
2292 3294 2561 3361 sapientia
2602 3294 2990 3367 Egyptiorum
3017 3302 3088 3357 ⁸⁸.
3129 3319 3148 3353 ι
3183 3302 3375 3372 Magna
3406 3306 3607 3375 quippe

2012 3383 2318 3452 antiquitus
2364 3384 2451 3439 illa
2499 3395 2655 3450 erat,
2700 3404 2956 3459 magnum
3002 3392 3074 3446 ibi
3112 3392 3351 3463 ﬂumen,
3408 3410 3606 3465 magna

2011 3489 2227 3545 quoque
2256 3492 2425 3545 penes
2466 3479 2587 3534 illos
2624 3493 2744 3536 erat
2785 3485 3093 3552 sapientiae,
3127 3502 3290 3555 quam
3330 3488 3603 3543 miraban-

2014 3575 2123 3633 tur,
2169 3570 2330 3623 ratio.
2364 3570 2547 3625 Mnltze
2590 3588 2755 3642 porro
2800 3586 2981 3643 partes
3019 3590 3179 3632 erant
3215 3579 3375 3650 hujus
3424 3579 3604 3635 flumi-

2011 3662 2314 3747 nis,_divisi
2348 3680 2542 3733 nempe
2583 3668 2636 3721 in
2671 3667 2869 3725 multos
2891 3671 3147 3737 canales,
3188 3673 3241 3727 in
3278 3673 3477 3730 multos
3518 3677 3603 3730 ni-

2015 3756 2210 3810 mirum
2252 3758 2548 3828 discipulos
2578 3763 2873 3817 secundum
2915 3765 3094 3818 varias
3129 3766 3467 3837 singulorum
3517 3769 3601 3823 di-

2010 3848 2310 3917 sciplinas:
2357 3865 2423 3903 ex
2447 3852 2650 3919 quibus
2672 3853 3015 3920 pullulabant
3052 3872 3158 3911 non
3189 3859 3386 3925 vincte,
3420 3874 3600 3931 neque
3682 3860 3683 3863 “

2011 3937 2187 4004 olivae,
2237 3955 2413 4011 neque
2460 3942 2569 3997 alia
2610 3946 2877 4014 quaepiam
2908 3960 2975 4001 ex
3013 3946 3285 4006 fructibus
3312 3967 3377 4007 ac
3407 3967 3599 4009 neces-

2011 4030 2173 4083 sariis
2228 4029 2561 4099 arboribus,
2612 4034 2707 4087 sed
2753 4049 3019 4104 papyrus,
3069 4038 3314 4095 calamus
3364 4051 3419 4095 et
3475 4045 3597 4098 aclti

2010 4120 2213 4175 virens.
2242 4119 2487 4192 Sagenas
2515 4138 2678 4192 porro
2710 4139 2903 4180 eorum
2936 4127 3214 4199 intelligas
3240 4144 3307 4184 ex
3333 4134 3596 4201 parabola

2010 4210 2342 4276 Salvatoris,
2418 4227 2524 4281 qua
2604 4213 2837 4279 dicitur,
2904 4236 2923 4268 ι
2969 4218 3160 4273 Simile
3216 4229 3301 4276 est
3368 4237 3596 4292 regnum

2008 4300 2269 4355 ccelorum
2298 4317 2517 4371 sagenze
2545 4305 2722 4360 missa:
2746 4307 2798 4361 in
2838 4323 3010 4376 mare,
3044 4322 3099 4364 et
3119 4326 3187 4365 ex
3212 4316 3360 4368 omni
3395 4331 3597 4387 genere

314 4393 607 4465 παραϐολῇ
629 4398 676 4448 οἰ
703 4396 981 4468 ἄνθρωποι
1013 4395 1195 4467 ἰχθύες
1222 4397 1491 4468 εἴρηνται,
1521 4401 1613 4453 καὶ
1638 4406 1848 4474 σαγήνη
1875 4405 1905 4456 ὁ

2016 4393 2237 4461 piscium
2273 4400 2623 4466 congreganti
2655 4400 2725 4453 ⁸⁸.
2769 4418 2786 4451 ι
2847 4400 3319 4467 Quemadmodum
3356 4422 3489 4463 vero
3536 4410 3592 4465 in

315 4484 448 4554 περὶ
476 4484 580 4553 τῆς
608 4483 883 4553 βασιλείας
910 4487 1017 4539 τῶν
1047 4487 1292 4559 οὐρανῶν
1334 4489 1687 4557 εὑαγγελικὺς
1709 4492 1864 4561 λόγος
1884 4512 1899 4524 υ

313 4574 491 4639 οὕτως
519 4576 614 4628 καὶ
642 4576 877 4630 ἐνταῦθα
904 4578 936 4647 ἡ
974 4577 1314 4642 πολύπλοκος
1336 4581 1577 4653 δεινότης
1607 4583 1700 4636 τοῦ
1741 4586 1903 4653 Alvu-

315 4665 476 4718 πτὶου
525 4665 706 4733 λόγου,
749 4666 835 4737 εἴη
885 4667 951 4720 ἂν
1006 4670 1215 4740 σαγήνη
1253 4672 1345 4723 καὶ
1391 4672 1459 4724 τά
1513 4672 1902 4747 ἀμφίϐληστρα

313 4758 546 4827 ὁμοίως·
576 4761 624 4810 οἰ
653 4758 709 4811 δὲ
739 4763 1161 4832 σαγηνευόμενοι
1186 4764 1325 4833 πρὸς
1364 4764 1544 4818 αὑτῶν
1572 4766 1753 4835 ἰχθύες
1790 4763 1900 4820 εἷεν

311 4849 363 4899 οἰ
401 4850 519 4910 ταῖς
562 4848 866 4919 ἀπατηλατς
906 4851 1241 4920 σοφιστείαις
1283 4855 1363 4916 εἰς
1410 4856 1517 4907 πᾶν
1557 4851 1697 4919 εἶδος
1736 4856 1898 4911 ἀθέου

310 4938 734 5009 δεισιδαιμονίας
794 4940 1212 5013 ὑποσυρόμενοι.
1268 4944 1554 5010 Στενάξειν
1624 4945 1755 5014 γοῦν
1805 4950 1899 5001 καὶ

313 5029 605 5101 πενθήσειν
629 5028 876 5097 λέγονται
902 5032 949 5081 οἰ
980 5019 1303 5101 άμφιδολεῖς
1332 5033 1432 5102 τῆς
1455 5034 1753 5103 Αἰγύπτου,
1790 5055 1897 5109 μη-

312 5121 431 5175 κέτι
456 5122 669 5192 ἔχοντες
707 5122 968 5193 ἐργασίαν
994 5124 1083 5177 διὰ
1116 5126 1208 5177 τὸν
1245 5125 1664 5197 ἐπιδημήσαντα
1711 5130 1896 5193 αὐτοῖς

310 5211 547 5283 Χριστὸν
581 5212 676 5265 καὶ
714 5212 817 5281 τὴν
853 5214 1034 5266 πᾶσαν
1078 5213 1256 5267 αὑτῶν
1295 5214 1485 5283 σοφίαν
1530 5217 1892 5283 ἀπολέσαντα,

310 5302 455 5355 κατά
476 5302 557 5367 τὸ,
584 5322 603 5352 ι
626 5302 838 5355 Ἀπολῶ
854 5304 953 5374 τὴν
979 5304 1169 5372 σοφίαν
1193 5304 1299 5357 τῶν
1318 5307 1516 5375 σοφῶν,
1541 5309 1635 5361 καὶ
1655 5310 1750 5380 τὴν
1780 5310 1894 5363 σύν-

313 5412 425 5450 εσιν
445 5396 554 5448 τῶν
582 5396 820 5448 συνετῶν
840 5396 1107 5451 ἀθετήσω.
1146 5419 1165 5450 ι

385 5680 426 5711 ⁵⁸
456 5679 645 5736 Matth.
687 5679 866 5747 ",19.
942 5683 984 5716 "
1014 5686 1135 5741 Act.
1162 5699 1268 5756 .vn,
1298 5686 1387 5741 Ἠ.
1467 5687 1513 5720 ³⁸
1538 5687 1722 5747 Matth.
1757 5705 1877 5757 xm,
1901 5691 1989 5748 47.

2005 4487 2267 4556 parabole
2303 4489 2553 4544 homines
2587 4506 2683 4561 pro
2712 4494 2972 4562 piscibus,
2991 4509 3043 4551 et
3078 4513 3176 4566 pro
3208 4514 3406 4570 sagena
3423 4516 3593 4557 evan-

2005 4578 2209 4649 gelicus
2256 4581 2321 4635 de
2375 4597 2542 4652 regno
2593 4584 2855 4641 cmlorum
2896 4601 3077 4642 sermo
3132 4590 3367 4657 dicitur,
3428 4593 3499 4648 ita
3539 4604 3592 4653 et

2004 4670 2111 4725 hoc
2146 4672 2266 4727 loco
2307 4674 2580 4744 implicata
2616 4676 2704 4732 illa
2745 4677 3058 4750 Egyptiaci
3098 4687 3368 4741 sermonis
3410 4690 3589 4757 gravi-

2008 4773 2110 4827 tas,
2145 4781 2243 4834 pro
2274 4782 2473 4835 sagcna
2507 4779 2563 4823 et
2598 4772 2804 4825 retibus
2830 4774 3086 4829 similiter
3122 4778 3461 4846 accipiatur;
3509 4779 3588 4849 pi-

2005 4872 2127 4911 sces
2161 4874 2289 4911 vero
2331 4859 2396 4914 iis
2466 4862 2613 4930 capti
2672 4861 2897 4929 fuerint,
2932 4867 3024 4935 qui
3076 4867 3360 4925 fallacibus
3408 4872 3586 4941 sophi-

2010 4950 2277 5004 smatibns
2324 4950 2376 5005 in
2435 4967 2653 5007 onmem
2701 4955 2878 5025 impia:
2900 4958 3306 5026 superstitionis
3350 4965 3586 5030 speciem

2000 5038 2380 5093 detrahuntur.
2423 5041 2648 5097 Luctum
2692 5058 2824 5114 ergo
2878 5055 2928 5101 et
2968 5049 3244 5116 planctum
3279 5054 3453 5106 aeluri
3499 5056 3583 5107 di-

1997 5139 2196 5182 cuntur
2227 5130 2465 5201 Egyptii
2524 5136 2868 5204 piscatores,
2924 5140 3051 5208 quia
3104 5142 3428 5199 adveniente
3476 5147 3581 5201 sibi

1996 5221 2234 5286 Christo,
2295 5235 2349 5277 ct
2387 5240 2604 5281 omnem
2655 5229 2973 5297 sapientiam
3019 5248 3173 5287 suam
3225 5238 3581 5303 destruente,

2003 5312 2211 5366 nullum
2247 5327 2496 5384 superest
2528 5319 2661 5389 ipsis
2693 5336 2829 5390 Opus
2858 5324 3146 5392 agendum,
3190 5327 3483 5381 secundum
3520 5329 3581 5381 i1-

1997 5401 2127 5457 lnd:
2173 5424 2191 5457 (
2234 5405 2460 5462 Perdam
2503 5412 2826 5479 sapientiam
2873 5418 3223 5485 sapientium,
3260 5429 3315 5475 et
3340 5420 3579 5489 pruden-

2000 5499 2129 5553 tiam
2164 5500 2512 5569 prudentium
2548 5504 2865 5575 despiciam.
2898 5525 2917 5558 ι
