4120 6294
581 365 686 421 2’27

1277 349 1539 410 EUSEBII
1577 342 2050 404 CESARIENSIS
2079 342 2226 398 UPP.
2268 339 2448 395 PARS
2475 339 2562 394 lll.
2593 368 2663 379 —
2689 335 3095 394 EXEGETICA.

3691 333 3800 389 228

652 481 811 538 Vens.
839 481 891 534 9.
929 497 949 530 ι
986 478 1052 533 Et
1079 472 1320 530 confusio
1347 469 1710 539 apprehendet
1735 481 1850 528 eos,
1885 464 1977 533 qui
2002 476 2127 532 ope-

2307 478 2323 509 ι
2363 457 2472 509 Καὶ
2503 458 2728 526 αἰσχύνη
2755 454 2978 525 λήψεται
3003 453 3126 515 τοὺς
3149 451 3544 522 ἐργαζομένους
3568 449 3628 502 τὸ
3653 449 3801 503 λίνον

581 583 770 628 rantur
799 571 964 624 linum
999 565 1238 628 scissile,
1274 571 1329 617 et
1359 562 1448 629 qui
1493 568 1782 628 operantur
1825 557 2069 625 byssum.
2103 573 2122 604 ι

581 666 696 721 Hoc
723 663 906 718 modo-
929 669 1107 716 mente
1137 657 1316 726 capias
1344 669 1438 708 eos
1471 653 1561 721 qui
1617 658 1908 720 operantur
1935 648 2126 710 linum,

579 768 754 822 neque
800 754 1011 807 lirmum
1046 747 1184 816 quod
1235 746 1407 814 rumpi
1445 751 1702 811 nequeat,
1758 741 1850 795 sed
1883 739 2125 802 scissile,

580 856 882 899 sermonem
928 839 1173 892 videlicet
1231 835 1545 889 dissolutum
1593 843 1647 886 et
1704 831 2026 904 discissum,
2077 839 2131 883 et

581 937 799 1006 byssum
826 929 1068 986 similiter
1096 946 1110 981 :
1161 926 1286 995 quia
1315 924 1504 979 isthmc
1539 924 1605 975 ab
1633 920 1881 990 Egyptio
1909 918 2131 972 ﬂumine

582 1023 898 1078 fovebantur
961 1026 1017 1070 et
1076 1014 1461 1084 irrigahantur.
1519 1010 1696 1077 Quare
1750 1008 1826 1062 ait
1874 1009 2130 1062 harumce

581 1126 761 1169 rerum
813 1107 1048 1162 artifices
1093 1105 1367 1174 planctum
1422 1101 1692 1175 edituros,
1728 1097 1951 1167 quando
1987 1096 2129 1149 nulla

582 1201 808 1267 amplius
847 1196 932 1250 lila
965 1194 1240 1264 sapientia:
1275 1206 1387 1245 sua:
1413 1189 1479 1243 ad
1516 1190 1772 1242 amictum
1799 1197 1854 1240 et
1881 1196 2128 1239 ornatum

582 1291 713 1361 ipsis
757 1289 1000 1343 aderunt.
1043 1285 1160 1338 Liui
1197 1283 1336 1361 enim
1382 1294 1447 1334 ac
1495 1279 1640 1348 hyssi
1686 1277 1837 1344 copia
1881 1286 2129 1330 ornatum

583 1360 684 1434 sibi
718 1387 772 1432 et
801 1378 1172 1431 indumentum
1204 1360 1600 1438 eicogitabant,
1632 1366 1888 1434 captiosis
1912 1364 2132 1433 quihus-

581 1469 704 1521 dam
745 1477 799 1521 et
843 1463 1123 1518 fallacibus
1173 1459 1330 1513 dictis
1373 1457 1646 1511 mendacia
1682 1470 1774 1510 sua
1807 1455 2128 1525 aperientes.

651 1653 813 1706 Vens.
845 1650 929 1704 l0.
963 1668 983 1701 ι
1017 1648 1080 1702 Et
1113 1656 1271 1702 erunt
1298 1647 1388 1717 qui
1418 1654 1709 1715 operantur
1733 1661 1795 1700 ea
1825 1647 1876 1700 in
1909 1646 2128 1701 dolore:

2234 553 2292 603 τὸ
2329 549 2559 620 σχιστὸν,
2603 549 2697 601 καὶ
2736 547 2862 609 τοὺς
2905 544 3306 615 ἐργαζομένους
3355 542 3453 612 τὴν
3504 540 3715 611 βύσσον.
3773 560 3794 592 ι
3835 564 3864 587 ο

2235 642 2387 696 Οὕτω
2423 642 2631 711 νοήσεις
2673 641 2795 700 τοὺς
2842 636 3235 707 ἐργαζομένους
3274 634 3335 686 τὸ
3376 634 3538 696 λίνον,
3572 630 3692 684 οὔτε
3736 632 3802 684 τὸ

2237 734 2458 803 στερρὸν
2487 733 2580 783 καὶ
2611 730 2865 801 άρῤαγὲς,
2896 727 3032 780 ἀλλὰ
3058 727 3117 778 τὸ
3145 727 3377 797 σχιστὸν,
3410 723 3565 792 λόγον
3599 722 3800 794 δηλαδὴ

2233 822 2580 894 διερρωγότα,
2627 822 2721 872 καὶ
2766 818 3156 889 διεσχισμένον,
3209 817 3302 869 καὶ
3353 815 3449 886 τὴν
3502 814 3694 885 βύσσον
3740 813 3802 865 δὲ

2233 912 2516 975 ὡσαύτως·
2573 912 2693 963 ἐπεὶ
2739 911 2831 964 καὶ
2875 907 3011 962 αὐτὰ
3054 906 3145 960 τοῦ
3192 905 3499 974 Αἰγυπτίων
3549 900 3801 972 ποταμοῦ

2238 1005 2502 1074 μετεῖχεν,
2539 1001 2596 1067 ἐξ
2644 998 2809 1054 αὑτοῦ
2856 998 3206 1070 ἀρδευόμενα.
3256 997 3346 1049 Διὸ
3378 995 3470 1049 καὶ
3504 995 3629 1056 τοὺς
3669 990 3801 1045 τού-

2233 1111 2340 1146 των
2382 1095 2543 1163 φησὶν
2579 1093 2815 1163 ἐργάτας
2853 1088 3126 1154 στενάξειν
3169 1091 3197 1142 ό
3239 1088 3428 1155 λόγος·
3475 1087 3562 1140 ὅτε
3595 1083 3800 1154 μηκέτι

2235 1185 2417 1246 αὐτοῖς
2450 1181 2585 1254 πρὸς
2613 1181 2901 1252 περιϐολὴν
2944 1178 3037 1230 καὶ
3080 1178 3282 1247 κόσμον
3310 1178 3410 1246 τῆς
3444 1176 3569 1245 παρ’
3613 1174 3800 1236 αὐτοῖς

2237 1275 2426 1342 σοφίας
2457 1272 2526 1324 τὰ
2553 1271 2638 1324 διὰ
2682 1270 2881 1322 τούτων
2915 1269 3204 1338 ὑφάσματα
3234 1269 3548 1337 ηὑπόριστο.
3584 1264 3683 1317 Διὰ
3713 1262 3800 1316 λί-

2235 1383 2324 1418 νου
2368 1365 2474 1433 γὰρ
2523 1363 2706 1432 ὥσπερ
2752 1362 2844 1414 καὶ
2887 1360 3080 1430 βύσσου
3130 1359 3329 1427 κόσμον
3371 1357 3463 1410 καὶ
3508 1353 3801 1426 περιϐολὴν

2236 1456 2446 1515 ἑαυτοῖς
2472 1453 2744 1514 ἐπενόουν,
2781 1451 3020 1512 πιθανοῖς
3048 1466 3156 1501 τισι
3181 1449 3273 1502 καὶ
3303 1447 3595 1519 ἀπατηλοῖς
3619 1446 3802 1514 λόγοις

2237 1545 2296 1596 τὸ
2328 1545 2455 1613 παρ’
2489 1545 2670 1604 αὐτοῖς
2699 1542 2890 1611 ψεῦδος
2917 1540 3301 1600 καλύπτοντες.

2311 1654 2328 1682 ι
2367 1636 2474 1687 Καὶ
2511 1635 2719 1686 ἔσονται
2765 1636 2813 1685 οἰ
2848 1633 3197 1703 ἐργαζόμενοι
3235 1631 3371 1684 αὐτὰ
3399 1631 3456 1682 ἐν
3489 1629 3665 1700 ὀδύνῃο
3705 1627 3803 1680 καὶ

582 1750 636 1794 et
666 1753 853 1794 omnes
888 1740 977 1807 qui
1019 1738 1220 1792 faciunt
1274 1739 1490 1808 zythum
1526 1737 1796 1802 dolebunt,
1839 1749 1893 1793 et
1940 1740 2130 1792 animis

2241 1725 2439 1788 πάντες
2484 1727 2532 1777 οἱ
2569 1724 2846 1787 ποιοῦντες
2892 1723 2982 1775 τὸν
3027 1722 3183 1786 ζύθον
3231 1721 3648 1791 λυπηθήσονται,
3703 1719 3802 1772 καὶ

583 1830 794 1884 cadent.
832 1848 853 1880 )
900 1828 1170 1883 Gemitum
1206 1827 1447 1881 edituros
1480 1828 1556 1880 ait
1601 1828 1688 1894 qui
1736 1827 1972 1892 faciunt,
2026 1845 2129 1881 non

2233 1815 2328 1876 τὰς
2371 1814 2543 1884 ψυχὰς
2587 1815 2892 1867 πεσοῦνται.
2931 1831 2948 1863 ι
2998 1812 3275 1878 Στενάξειν
3315 1811 3373 1864 δὲ
3414 1811 3619 1874 πάντας
3665 1811 3804 1879 φησί

582 1919 762 1972 vinum
794 1933 860 1972 ex
890 1918 1020 1980 vite,
1063 1915 1156 1970 sed
1198 1915 1569 1986 Egyptiacum
1612 1916 1856 1986 zythum,
1891 1917 2032 1986 quod
2082 1928 2130 1971 et

2233 1908 2354 1970 τοὺς
2397 1905 2677 1969 ποιοῦντας
2710 1908 2768 1958 ού
2807 1906 2897 1958 τὸν
2938 1903 2995 1970 ἐξ
3037 1904 3278 1973 ἀμπέλου
3319 1899 3477 1967 οἶνον,
3522 1900 3660 1955 ἀλλὰ
3706 1901 3801 1953 τὸν

556 2011 754 2079 ipsum
799 2009 1039 2077 spurium
1097 2016 1213 2060 erat
1269 2016 1325 2060 et
1385 2006 1687 2072 turbidum;
1734 2023 1840 2075 quo
1895 2008 2130 2079 Egyptii

2234 1998 2594 2066 Αἰγυπτιακὺν
2625 1998 2809 2062 ζύθοψ
2853 1997 2912 2060 ὃς
2939 2000 3032 2051 καὶ
3062 1998 3221 2059 αὐτὸς
3247 1996 3398 2059 νόθος
3428 1991 3496 2066 ἦν
3527 1996 3619 2048 καὶ
3646 1992 3802 2046 τεθο-

582 2110 713 2168 potu
747 2099 1053 2163 utebantur,
1115 2108 1401 2167 antequam
1449 2097 1581 2166 ipsis
1627 2097 1904 2153 adveniret
1953 2099 2130 2154 Domi-

2233 2087 2470 2157 λωμένος
2491 2105 2504 2118 ο
2533 2082 2576 2156 ᾧ
2605 2089 2896 2159 ἐκέχρηντο
2929 2090 3046 2142 ἀντὶ
3087 2086 3248 2140 ποτοῦ
3290 2087 3416 2157 πρὶν
3452 2087 3633 2148 αὐτοῖς
3675 2087 3801 2137 ὲπι-

586 2203 722 2242 ηιη..
750 2186 864 2240 Hoc
891 2201 1053 2254 porro
1084 2186 1406 2250 declinante,
1434 2187 1554 2256 jure
1581 2189 1780 2241 dicitur
1803 2186 2043 2240 futurum
2079 2197 2130 2242 ut

2235 2180 2473 2250 δημῆσαι
2503 2179 2592 2232 τὸν
2630 2179 2832 2249 Κύριον
2858 2182 2906 2232 οἰ
2935 2179 3236 2248 Αἰγύπτιοι.
3273 2178 3380 2231 Καὶ
3402 2176 3590 2230 τούτου
3621 2175 3678 2229 δὲ
3707 2177 3803 2228 ὲκ-

581 2276 701 2346 ejus
739 2275 976 2330 artiﬁces
1021 2275 1291 2344 planctum
1339 2277 1502 2329 edant
1563 2284 1620 2330 et
1666 2276 1860 2330 animis
1896 2277 2130 2331 doleant.

2236 2270 2522 2334 κλίνοντος,
2549 2271 2770 2333 εἰκότως
2807 2272 3077 2334 στενάξειν
3109 2271 3352 2339 λέγονται
3379 2269 3473 2323 καὶ
3500 2268 3596 2332 τὰς
3620 2266 3802 2338 ψυχὰς

581 2366 708 2421 Haec
741 2380 869 2420 vero
898 2380 1152 2434 passuros
1180 2365 1541 2420 comminatur
1575 2365 1790 2436 Egypti
1829 2366 2130 2436 sotlhistas,

2244 2361 2500 2431 ὰλγήσειν
2520 2363 2568 2414 οἰ
2591 2361 2778 2413 τούτου
2805 2363 3040 2431 ποιηταί.
3066 2362 3249 2414 Ταῦτα
3279 2361 3375 2432 μὲν
3399 2356 3489 2413 οὖν
3515 2358 3801 2414 πείσεσθαι

580 2458 728 2527 zythi
757 2457 1014 2520 artiﬁces,
1050 2471 1114 2511 ac
1161 2457 1252 2511 lini
1282 2457 1507 2512 scissilis
1558 2458 1810 2526 byssique
1852 2461 2130 2527 operarios

2233 2452 2358 2514 τοὺς
2416 2451 2513 2520 τῆς
2559 2450 2832 2518 Αἰγύπτου
2882 2451 3138 2521 σοφιστὰς
3192 2451 3420 2514 ἀπειλεῖ,
3482 2448 3803 2513 ζυθοποιούς

580 2558 635 2603 et
661 2548 883 2618 piscium
918 2557 1182 2617 captores,
1234 2550 1325 2617 qui
1373 2546 1752 2618 Egyptiacum
1803 2547 2035 2614 ﬂumen,
2084 2560 2130 2606 et

2235 2558 2384 2604 τινας
2414 2541 2508 2594 καὶ
2535 2540 2677 2593 λίνου
2717 2542 2933 2612 σχιστοῦ
2968 2542 3063 2594 καὶ
3094 2541 3287 2612 βύσσου
3316 2541 3570 2612 ἐργάτας,
3600 2537 3802 2609 ἰχθύων

581 2638 916 2711 Egyptiacaa
952 2639 1226 2706 sapientiae
1256 2653 1558 2695 sermonem
1589 2639 1822 2695 sollicite
1858 2650 2134 2698 curarent.

651 2815 811 2872 Vens.
847 2818 934 2871 H.
990 2835 1008 2869 ι
1067 2816 1134 2872 Et
1184 2817 1332 2873 stulti
1373 2828 1531 2874 erunt
1574 2821 1844 2893 principes
1883 2819 2132 2891 Taneos,

579 2911 848 2981 sapientes
877 2909 1174 2964 consiliarii
1229 2911 1404 2980 regis,
1447 2914 1730 2968 consilium
1771 2930 1957 2970 eorum
2002 2915 2139 2970 inla-

580 3000 839 3054 tnabitur.
881 3018 899 3050 ι
943 2997 1016 3052 lbi
1058 3001 1204 3054 enim
1244 3005 1472 3058 maxime
1512 3005 1662 3073 prius
1706 3009 2015 3064 substitisse
2063 3010 2138 3063 ait

581 3102 768 3143 omnes
814 3090 1092 3144 dlabolicas
1148 3091 1466 3150 idololatria:
1521 3099 1858 3169 praestigias:
1911 3100 2136 3155 ibidem-

2236 2648 2295 2684 τε
2336 2631 2619 2702 θηρευτὰς,
2659 2632 2751 2684 τὸν
2811 2632 3049 2702 ποταμὸν
3097 2632 3186 2684 τὸν
3227 2631 3593 2700 Αἰγυπτιακόν
3637 2645 3801 2701 περι-

2239 2722 2484 2786 έποντας,
2519 2724 2614 2776 καί¹
2640 2723 2731 2775 τὸν
2755 2722 2858 2791 τῆς
2889 2722 3259 2792 Αἰγυπτιακῆς
3293 2722 3484 2791 σοφίας
3513 2721 3688 2789 λόγον.

2313 2830 2332 2864 ι
2371 2812 2481 2865 Καὶ
2512 2812 2682 2883 μωροὶ
2705 2811 2912 2864 ἔσονται
2941 2812 2988 2863 οἰ
3014 2811 3268 2880 ἄρχοντες
3294 2810 3529 2872 Τάνεως,
3561 2809 3610 2862 οἰ
3644 2807 3800 2876 σοφοὶ

2241 2901 2531 2973 σύμϐουλοι
2551 2901 2645 2954 τοῦ
2674 2901 2952 2972 βασιλέως,
2984 2902 3016 2970 ή
3043 2899 3203 2970 βουλὴ
3235 2899 3411 2953 αὐτῶν
3449 2898 3802 2970 μωρανθήσε-

2236 3010 2346 3047 ται.
2379 3011 2397 3042 ι
2441 2993 2526 3044 Ἐν
2555 2992 2726 3064 ταύτῃ
2754 2992 2862 3062 γὰρ
2896 2991 3128 3062 μάλιστά
3157 3008 3288 3059 φησι
3316 2991 3413 3060 τὴν
3448 2993 3623 3042 πᾶσαν
3654 3006 3799 3060 μαγ-

2237 3083 2456 3153 γανείαν
2503 3085 2600 3154 τῆς
2640 3083 2954 3154 δαιμονικῆς
2998 3082 3436 3152 εἰδωλολατρείας
3479 3081 3801 3134 συνεστάναι

581 3194 688 3248 que
728 3188 967 3250 tempore
1014 3181 1210 3251 Moysis
1262 3185 1442 3239 sedem
1492 3162 1743 3244 habuisse
1786 3205 1899 3258 eos,
1948 3193 2036 3260 qui
2079 3195 2130 3247 in

2237 3175 2512 3244 πρότερονο
2551 3173 2779 3226 ἐνταῦθα
2805 3174 2860 3226 δὲ
2887 3173 2947 3224 τὸ
2990 3173 3257 3241 βασίλειον
3281 3173 3422 3243 ἔχειν
3449 3175 3574 3236 τοὺς
3608 3174 3664 3225 ἐν
3684 3175 3810 3251 τοῖς

582 3268 814 3339 Egypto
869 3271 1182 3340 regnabant.
1242 3275 1421 3339 Quare
1477 3280 1679 3333 dictum
1736 3291 1818 3336 est
1881 3285 2029 3353 signa
2081 3287 2133 3339 in

578 3375 772 3431 campo
804 3361 1014 3418 Taneos
1043 3364 1185 3418 edita
1228 3365 1414 3432 fuisse,
1449 3378 1556 3424 tam
1606 3372 1808 3442 Moysis
1857 3386 2131 3445 tempore,

580 3464 743 3518 quam
777 3451 830 3505 in
867 3455 1142 3522 praesenti.
1181 3454 1368 3526 Itaque
1398 3463 1777 3528 peregrinante
1811 3466 2036 3522 Domino
2080 3470 2131 3524 in

583 3539 833 3610 AEgypto,
868 3558 989 3597 cum
1026 3543 1345 3615 Egyptiaco
1368 3548 1588 3607 ﬂumine
1614 3556 1775 3608 etiam
1807 3569 2135 3616 memoratos

582 3631 704 3685 illos
734 3634 1001 3704 principes
1040 3637 1311 3693 demones
1356 3640 1696 3700 inlatuandos
1737 3647 1847 3713 ait,
1895 3652 2130 3719 etiamsi,

581 3723 809 3779 absente
853 3726 1101 3791 Domino,
1142 3731 1462 3796 sapientiam
1507 3747 1691 3802 aperte
1729 3738 2131 3805 proﬁterentur.

581 3813 778 3868 Verum
811 3816 856 3870 is
890 3829 1262 3886 argumentum
1297 3823 1423 3891 ipsis
1463 3825 1676 3890 obtulit,
1718 3845 1781 3884 ac
1811 3833 1992 3897 evicit,
2039 3849 2134 3888 eos

581 3906 714 3960 nihil
742 3909 1017 3975 sapientiae
1049 3910 1284 3980 habere;
1314 3915 1408 3970 sed
1441 3915 1495 3970 in
1515 3916 1726 3974 Domini
1751 3920 1981 3977 adventu
2009 3939 2136 3979 vere

580 3996 773 4052 stultos
814 4013 952 4053 esse.

651 4173 811 4247 νεεδ.
849 4176 935 4238 12,
973 4178 1058 4231 13.
1095 4199 1114 4231 ι
1147 4179 1421 4246 Quomodo
1462 4186 1645 4241 dicetis
1681 4190 1826 4259 regi,
1856 4191 1976 4246 Filii
2006 4208 2134 4260 pruc

577 4262 796 4317 dentum
821 4282 940 4329 nos,
974 4269 1065 4322 lilii
1095 4286 1300 4341 regum,
1323 4275 1414 4342 qui
1459 4277 1524 4329 ab
1563 4278 1715 4332 initio
1747 4280 2003 4335 fuerunt?
2032 4283 2132 4338 Ubi

580 4368 720 4408 nunc
742 4357 1005 4423 sapientes
1032 4361 1104 4413 tui
1126 4361 1149 4413 ἰ
1171 4371 1224 4415 et
1248 4365 1565 4419 annuntient
1592 4369 1706 4431 tibi,
1725 4378 1779 4422 et
1802 4372 1977 4424 dicant
2005 4375 2132 4441 quid

2235 3264 2509 3328 llwi'laéwg
2550 3263 2759 3334 χρόνοις
2805 3262 3180 3332 βασιλεύοντας
3224 3263 3324 3333 τῆς
3368 3263 3662 3332 Αἰγύπτου.
3705 3260 3801 3316 Διὸ

2233 3355 2478 3408 λέλεκται
2518 3355 2576 3407 ὲν
2607 3355 2772 3424 πεδίῳ
2806 3354 3020 3416 Τάνεως
3053 3353 3120 3407 τὰ
3162 3357 3360 3426 σημεῖα
3398 3342 3693 3424 γεγονέναι,
3725 3354 3799 3408 τὰ

2234 3428 2326 3497 ἐπὶ
2354 3444 2631 3506 Μωῦσέως
2672 3445 2767 3497 καὶ
2794 3445 2888 3496 ἐπὶ
2918 3442 3012 3496 τοῦ
3045 3444 3326 3514 παρόντος.
3352 3445 3650 3517 Τοιγαροῦν
3676 3447 3800 3499 ἑπι-

2231 3536 2570 3607 δημήσαντος
2598 3534 2690 3588 τοῦ
2736 3536 2943 3607 Κυρίου
2985 3538 3050 3606 τῇ
3082 3536 3361 3606 Αἰγύπτῳ,
3401 3537 3496 3590 σὺν
3529 3536 3606 3606 τῷ
3631 3538 3799 3604 Αἰγυ-

2232 3629 2373 3698 πτίῳ
2439 3626 2665 3698 ποταμῷ
2721 3627 2816 3680 καὶ
2871 3628 2997 3691 τοὺς
3062 3626 3399 3699 δηλωθέντας
3449 3628 3800 3698 ἀρχοντικοὺς

2231 3719 2486 3790 δαίμονάς
2513 3735 2663 3781 τινας
2697 3716 3141 3788 μωρανθήσεσθαί
3175 3735 3328 3789 φησι,
3364 3719 3566 3790 καίπερ
3603 3718 3796 3787 σοφίαν

2235 3809 2738 3879 ἐπαγγελλομένους
2785 3810 2877 3861 ὅτε
2929 3809 2988 3861 ού
3045 3810 3223 3879 παρῆν
3276 3809 3456 3872 αὐτοῖς
3501 3811 3531 3861 ὁ
3569 3809 3792 3878 Κύριος.

2247 3901 2404 3956 Ἀλλά
2447 3902 2552 3969 γὰρ
2600 3900 2815 3972 ἔλεγχον
2857 3901 3036 3964 αὐτοῖς
3087 3902 3382 3973 ἐπήγαγεν,
3422 3901 3496 3964 ὡς
3539 3901 3795 3971 οὐδεμιᾶς

2237 3993 2476 4060 μετεῖχον
2510 3989 2726 4058 σοφίας·
2766 3990 2936 4060 μωροὶ
2973 3990 3029 4043 δὲ
3072 3985 3214 4060 ἦσαν
3257 3988 3469 4061 άληθῶς
3507 3991 3567 4043 ὲν
3592 3993 3657 4063 τῇ
3695 3990 3793 4043 τοῦ

2235 4082 2437 4152 Κυρίου
2467 4081 2738 4151 παρουσία

2308 4191 2327 4223 ι
2369 4173 2490 4236 Πῶς
2519 4174 2688 4242 ἐρεῖτε
2719 4172 2796 4243 τῷ
2819 4172 3040 4242 βασιλεῖ,
3065 4173 3186 4227 Υἱοὶ
3214 4173 3450 4228 συνετῶν
3480 4159 3660 4245 ἡμε,ἰ³ς,
3681 4175 3794 4228 υἱοὶ

2235 4264 2490 4336 βασιλέων
2531 4264 2638 4316 τῶν
2673 4263 2730 4330 ἐξ
2758 4265 2962 4335 άρχῆς;
2988 4265 3098 4318 Ποῦ
3136 4267 3242 4318 εἰσι
3266 4265 3360 4319 νῦν
3402 4266 3450 4319 οἰ
3483 4267 3633 4335 σοφοί
3665 4283 3793 4333 σου;

2233 4357 2322 4407 καὶ
2365 4355 2834 4423 ἁναγγειλάτωσάν
2881 4373 2980 4418 σοι,
3021 4357 3111 4409 καὶ
3165 4357 3476 4411 εἰπάτωσαν
3514 4358 3567 4410 τί
3606 4357 3796 4427 βεϐού-

577 4445 786 4538 consilii
834 4448 1006 4538 inierit
1045 4449 1300 4538 Dominus
1334 4453 1571 4509 Sabaoth
1619 4471 1778 4526 super
1819 4459 2129 4530 Egyptum.

2233 4445 2411 4500 λευται
2451 4447 2652 4514 Κύριος
2697 4445 2920 4500 Σαϐαὼθ
2965 4447 3049 4498 ἐπ’
3086 4447 3379 4515 Αἴγυπτον.
3439 4448 3711 4514 Ἐξέλιπον
3742 4451 3793 4502 οἱ

581 4532 895 4587 Defecerunt
924 4535 1191 4605 principes
1212 4536 1439 4605 Taneos,
1459 4550 1512 4593 et
1533 4541 1751 4595 exaltati
1786 4557 1909 4597 sunt
1928 4547 2128 4614 princi-

579 4635 673 4688 pes
697 4621 1018 4690 blempheos,
1040 4638 1093 4680 et
1113 4641 1295 4683 errare
1314 4629 1509 4686 facient
1525 4629 1814 4702 Egyptum
1836 4636 2128 4689 secundum

581 4708 768 4762 tribus.
801 4729 818 4760 ι
849 4710 980 4765 Cum
1016 4729 1118 4768 non
1141 4716 1366 4784 amplius
1403 4733 1581 4789 regem
1614 4719 1879 4787 habeatis,
1908 4738 2128 4791 quomo-

578 4795 648 4850 do
671 4801 893 4865 putastis
923 4801 988 4855 de
1021 4805 1298 4872 prudentia
1317 4806 1570 4875 gloriari?
1589 4809 1865 4875 Quomodo
1887 4821 2123 4866 veterum

580 4901 759 4952 regum
802 4888 941 4942 tilios
963 4905 1058 4945 vos
1098 4907 1217 4946 esse
1253 4895 1462 4959 dicitis,
1497 4896 1685 4964 Orum,
1725 4898 1828 4955 Isin
1869 4913 1921 4956 et
1950 4901 2126 4957 Osirin

576 4987 632 5031 et
658 4975 966 5046 Typhonem
999 4981 1334 5050 objicientes,
1359 4998 1519 5055 atque
1537 4987 1845 5056 jactitantes
1879 4993 2126 5058 deorum,

580 5067 796 5118 heroum
836 5077 888 5120 et
912 5081 1238 5125 mortuorum
1277 5088 1472 5141 genera
1512 5077 1635 5130 olim
1669 5079 1723 5132 in
1762 5078 1994 5152 Egypto
2029 5083 2129 5136 im-

579 5171 795 5224 perasse
825 5174 840 5210 :
866 5174 1091 5225 quorum
1124 5164 1341 5218 deorum
1363 5173 1417 5218 et
1447 5181 1624 5236 regum
1662 5185 1777 5234 vos,
1817 5187 1869 5224 tn
1888 5173 2130 5240 prophe-

581 5245 648 5294 tia
687 5245 904 5299 indicati
933 5249 1200 5319 principes
1225 5251 1435 5308 Taneos
1462 5265 1517 5308 et
1547 5254 1874 5326 Mempheos,
1908 5260 2046 5314 ﬁlios
2071 5269 2126 5314 et

581 5343 795 5399 nepotes
825 5351 947 5392 esse
995 5339 1252 5395 dictitatis
1280 5342 1304 5395 ?
1338 5343 1452 5410 Qua
1497 5347 1702 5401 ratione
1731 5350 1804 5403 dii
1838 5365 1902 5405 ac
1950 5351 2125 5406 omnis

579 5423 849 5488 sapientiae
879 5435 1149 5482 consortes
1177 5443 1294 5484 esse
1319 5433 1556 5498 potestis,
1586 5436 1675 5503 qui
1698 5450 1866 5505 neque
1889 5437 2122 5490 futuram

580 5523 807 5566 vestram
842 5516 1259 5575 confutationem
1294 5523 1586 5589 praevidere
1609 5525 1687 5580 vel
1708 5527 1998 5595 pt'mdicere
2028 5543 2125 5596 po-

2231 4536 2486 4608 ἇρχοντες
2524 4537 2759 4600 Τάνεως,
2790 4536 2881 4590 καὶ
2927 4535 3216 4607 ὑψώθησαν
3258 4541 3306 4590 οἰ
3341 4540 3596 4609 ἄρχοντες
3637 4541 3794 4610 Μέμ-

2231 4643 2391 4694 φεως,
2417 4627 2510 4685 καὶ
2547 4627 2875 4695 πλανήσουσι
2904 4626 3000 4696 τὴν
3043 4627 3313 4695 Αἴγυπτον
3358 4628 3498 4683 κατὰ
3542 4629 3731 4698 φυλάς.
3766 4651 3786 4681 ι

2227 4717 2436 4787 Μηκέτι
2473 4716 2579 4788 γὰρ
2616 4717 2950 4788 ὑπάρχοντος
2983 4717 3111 4786 ὑμῖν
3153 4717 3430 4788 βασιλέως,
3466 4737 3583 4783 πως
3609 4719 3711 4774 οἷοί
3733 4723 3794 4776 τέ

2226 4807 2348 4860 ἐστε
2376 4809 2468 4860 ἐπὶ
2489 4808 2696 4861 συνέσει
2723 4809 3076 4879 σεμνύνεσθαι
3096 4826 3110 4874 ;
3134 4810 3257 4873 Πῶς
3282 4811 3338 4862 δὲ
3363 4811 3511 4874 υἱοὺς
3529 4810 3795 4880 βασιλέων

2228 4897 2468 4950 παλαιῶν
2507 4898 2729 4962 ἑαυτοὺς
2771 4895 2908 4952 εἷναί
2947 4916 3103 4967 φατε,
3144 4895 3330 4970 Ὦρον,
3367 4901 3459 4953 καὶ
3498 4903 3654 4966 Ἶσιν,
3697 4905 3794 4956 καὶ

2231 4990 2440 5059 Ὄσιριν
2462 4987 2881 5059 προϐαλλόμενοι
2899 4992 2990 5043 καὶ
3017 4990 3249 5060 Τυφῶνα
3268 4991 3400 5062 (25),
3417 4993 3507 5045 καὶ
3526 4993 3678 5059 θεῶν,
3698 4998 3794 5050 καὶ

2229 5079 2439 5150 ἡρώων,
2477 5081 2570 5131 καί
2612 5079 2817 5132 νεκύων
2849 5081 2976 5152 γένη
3009 5083 3304 5151 φάσκοντες
3341 5085 3432 5136 τὸν
3474 5086 3637 5139 πάλαι
3662 5088 3792 5156 χρό-

2229 5188 2317 5224 νον
2355 5173 2451 5241 τῆς
2494 5171 2766 5238 Αἰγύπτου
2814 5174 3232 5242 κεκρατηκέναι,
3273 5167 3347 5227 ὧν
3384 5174 3519 5226 θεῶν
3564 5177 3655 5228 καὶ
3697 5175 3796 5246 βα-

2233 5263 2420 5314 σιλέων
2443 5262 2590 5324 υἱοὺς
2616 5263 2709 5314 καὶ
2735 5263 3027 5336 ἀπογόνους
3060 5266 3284 5328 ἑαυτοὺς
3308 5261 3446 5318 εἷναί
3475 5283 3613 5333 φατε
3636 5251 3796 5338 ὑμεῖς

2228 5353 2274 5404 οἰ
2306 5351 2394 5403 διὰ
2433 5353 2531 5422 τῆς
2565 5353 2895 5420 προφητείας
2934 5353 3250 5423 δηλούμενοι
3281 5355 3538 5424 ἄρχοντες
3576 5358 3796 5422 Τάνεως

2232 5443 2324 5491 καὶ
2363 5441 2669 5511 Μέμφεως
2700 5443 2822 5505 Ιίὦς
2860 5444 2903 5495 δ“
2945 5444 3009 5497 ἂν
3040 5442 3187 5514 εἴητε
3215 5445 3326 5496 θεοὶ
3353 5446 3384 5514 ἢ
3415 5449 3595 5501 πᾶσαν
3631 5465 3797 5519 μετα-

2236 5539 2448 5601 σχοιητε
2501 5531 2709 5599 σοφίαν,
2766 5534 2898 5604 μηδὲ
2953 5533 3237 5603 δυνάμενοι
3298 5537 3603 5606 προγνῶναι
3656 5539 3795 5609 μηδὲ

650 5707 758 5773 (25)
801 5707 848 5763 5.
879 5709 1246 5779 llicronvmus,
1280 5732 1297 5766 ι
1340 5725 1403 5771 nt
1426 5717 1551 5776 deos
1571 5728 1817 5780 auctores
1857 5723 2031 5786 aeutis
2053 5724 2305 5785 simulent
2333 5728 2503 5788 Oron.
2531 5738 2583 5784 et
2619 5727 2745 5790 Irin.
2779 5739 2833 5786 et
2860 5730 3063 5791 Osirin.
3091 5743 3146 5791 ct
3181 5733 3512 5793 Tveboncm.
3558 5753 3579 5788 ι
