4120 6294
200 324 301 379 229

1164 324 1674 383 COMMENTARIA
1714 323 1780 377 IN
1822 321 2079 378 ISAIAM.
2124 356 2191 365 —
2230 321 2387 377 CAP.
2430 320 2575 378 XIX.

3274 268 3492 382 .250

196 447 601 517 προαγορεῦσαι
625 448 721 501 τὸν
766 448 1033 519 ὑμέτερον
1069 447 1287 519 ἔλεγχον
1325 450 1417 502 καὶ
1449 448 1548 516 τὴν
1572 448 1669 517 τῆς
1695 446 1773 516 βα-

1902 448 2075 511 testis,
2109 460 2285 515 neque
2316 443 2637 498 solutionem
2672 440 2820 510 regni
2848 454 3059 503 eorum,
3097 454 3328 508 quorum
3357 454 3489 495 con-

194 539 399 603 εὐδίας
430 542 730 593 κατάλυσιν
758 540 966 592 τούτων
1005 532 1078 592 ὧν
1113 539 1436 610 ἐτυγχάνετε
1474 538 1787 608 σύμϐουλοι,

193 632 284 693 οὓς
313 634 413 686 καὶ
436 633 751 705 ἐπιτρίδετε
780 634 1064 696 παντοίαις
1086 633 1314 695 πλάναις
1339 631 1751 703 περιϐάλλοντες
1774 648 1786 695 ;

272 743 295 777 ι
329 725 543 798 Κύριος
590 724 699 795 γὰρ
759 725 1020 795 ἐκέρασεν
1068 726 1251 787 αὐτοῖς
1314 724 1533 794 πνεῦμα
1586 724 1791 793 πλανή-

202 829 365 879 σεως,
402 815 501 867 atat
541 813 856 884 ἐπλάνησαν
898 815 995 886 τὴν
1047 816 1321 884 Αἴγυπτον
1357 817 1413 868 ἐν
1480 816 1613 867 πᾶσι
1676 816 1789 875 τοῖς

199 904 392 975 ἔργοις
413 905 619 967 αὐτῶν,
650 905 725 967 ὼς
766 905 1031 959 πλανᾶται
1057 909 1085 958 6
1117 905 1329 975 μεθύων
1392 906 1482 958 καὶ
1550 906 1577 956 6
1638 904 1787 972 ἐμῶν

200 995 337 1063 ἅμα.
386 1014 405 1046 ι
441 993 847 1064 Τεκμαίρεσθαι
874 994 930 1047 δέ
964 996 1079 1046 ἐστι
1104 994 1276 1066 ταύτῃ
1313 996 1411 1063 τῆς
1473 993 1642 1063 μέθης
1689 992 1786 1061 τὴν

200 1084 514 1156 ὑπερϐολὴν
536 1086 644 1139 άπὸ
673 1085 767 1138 τοῦ
803 1086 933 1157 μηδὲ
962 1087 1164 1156 ὁμοίως
1196 1088 1309 1148 τοῖς
1336 1084 1540 1147 λοιποῖς
1574 1083 1786 1154 ἀνθρώ-

198 1192 321 1239 ποις
352 1176 839 1247 εἰδωλολατρεῦσαι
869 1178 1087 1241 αὐτοὺς,
1122 1179 1375 1229 ἐκπεσεῖν
1415 1176 1472 1229 δὲ
1501 1175 1592 1229 καὶ
1625 1175 1783 1245 μέχρι

195 1268 292 1338 τῆς
318 1271 440 1322 τῶν
462 1269 675 1336 ἀλόγων
708 1268 861 1333 ζώων
899 1270 965 1323 ἂν
998 1270 1457 1338 εἰδωλοποιήσεως
1489 1285 1501 1298 ·
1564 1269 1643 1321 διὸ
1708 1268 1786 1319 λέ-

193 1360 408 1425 λεκται,
446 1379 468 1413 ς
502 1362 587 1423 Ὠς
620 1361 883 1416 πλανᾶται
913 1364 941 1414 6
975 1360 1188 1431 μεθύων
1212 1361 1305 1414 καὶ
1331 1362 1358 1412 6
1391 1360 1538 1430 ἐμῶν
1585 1360 1721 1429 ἅμα.
1760 1377 1777 1409 ι

196 1450 438 1525 Τοιαύτη
470 1454 579 1503 τινὶ
644 1453 785 1525 μέθῃ
842 1452 941 1513 τὰς
977 1452 1083 1505 τῶν
1116 1452 1429 1520 Αἰγυπτίων
1468 1450 1782 1521 ἐπλάνησαν

194 1541 377 1611 ψυχὰς
408 1544 461 1607 οἰ
484 1541 807 1612 δηλωθέντες
835 1541 1091 1611 ἄρχοντες
1124 1541 1341 1603 Τάνεως
1367 1542 1461 1594 καὶ
1481 1542 1778 1611 Μέμφεως,

192 1628 271 1695 οἷς
325 1635 496 1697 αὐτὸς
536 1636 564 1686 6
611 1634 813 1701 Κύριος
846 1634 1131 1704 πνεύματα
1170 1634 1487 1703 πλανήσεως
1525 1634 1777 1703 ἐκέρασε.

192 1726 459 1796 Δαίμονες
483 1726 590 1797 γὰρ
615 1726 764 1789 ὄντες
791 1727 1017 1797 πονηροὶ
1046 1728 1139 1779 καὶ
1167 1728 1425 1795 δυνάμεις
1466 1728 1777 1797 ἀντικείμε-

1895 536 2082 591 siliarii
2121 536 2275 599 estis,
2310 549 2447 603 quos
2494 533 2657 586 etiam
2692 531 3030 600 opprimitis,
3066 530 3191 585 dum
3224 532 3495 587 omnimo-

1894 631 1975 683 dis
2002 629 2279 683 erroribus
2312 629 2457 696 ipsos
2489 624 2833 695 complicatis
2858 624 2882 677 ἲ

1963 721 2127 776 Vens.
2156 721 2275 776 HJ
2312 722 2569 773 Dominus
2591 719 2733 772 enim
2763 717 2977 771 miscuit
3006 718 3087 771 eis
3123 718 3372 787 spiritum
3400 730 3493 772 er-

1892 815 2053 877 roris,
2086 822 2139 868 et
2164 828 2351 867 errare
2378 812 2622 867 fecerunt
2658 809 2958 880 IEgyptum
2989 810 3042 863 in
3069 811 3324 865 omnibus
3364 825 3492 877 ope-

1894 906 2041 959 ribus
2070 904 2333 974 ipsorum,
2364 913 2420 957 ut
2444 914 2593 957 errat
2630 903 2720 972 qui
2764 902 2958 957 ebrius
2983 913 3082 966 est,
3109 911 3162 956 et
3200 905 3290 973 qui
3323 902 3492 957 vomit

1889 996 2073 1050 simul.
2116 1014 2135 1046 ι
2168 994 2304 1050 Hinc
2348 1009 2510 1065 porro
2555 995 2969 1061 coniectandum
3005 1003 3088 1048 est
3121 1003 3363 1062 quantus
3412 993 3491 1048 ibi

1890 1087 2053 1141 fuerit
2085 1085 2368 1140 ebrietatis
2416 1100 2697 1148 excessus,
2743 1086 2888 1154 quod
2916 1101 3024 1139 non
3067 1086 3294 1153 perinde
3319 1096 3487 1156 atque

1887 1179 2069 1233 caeteri
2125 1177 2375 1231 homines
2422 1176 2746 1231 idololatriae
2787 1177 2953 1231 dediti
3005 1186 3225 1243 essent,
3272 1177 3366 1231 sed
3420 1191 3490 1232 eo

1887 1283 2059 1339 usque
2088 1269 2419 1323 decidissent
2448 1261 2777 1336 impietatis,
2812 1277 2871 1321 ut
2906 1268 3192 1322 brutorutn
3238 1268 3489 1321 animan-

1886 1361 2019 1414 tium
2049 1360 2338 1414 simulacra
2368 1359 2649 1423 facerent;
2680 1374 2852 1429 quare
2876 1361 3075 1413 dictum
3101 1367 3205 1424 est,
3245 1378 3264 1410 ι
3304 1358 3375 1414 Ut
3395 1374 3487 1413 er-

1886 1460 1970 1505 rat
2001 1451 2093 1520 qui
2130 1452 2311 1506 ebrius
2343 1462 2445 1515 est,
2482 1460 2536 1504 et
2559 1451 2649 1519 qui
2685 1452 2853 1505 vomit
2894 1451 3074 1505 simul.
3112 1471 3131 1502 ι
3173 1452 3255 1505 Ad
3301 1452 3487 1519 hujus-

1885 1543 2368 1599 modiebrietatem
2405 1542 2647 1613 praedicti
2680 1542 2952 1611 principes
2988 1543 3201 1598 Taneos
3238 1552 3291 1599 et
3316 1544 3485 1597 Mem-

1884 1636 2048 1703 pheos
2076 1633 2451 1705 Egyptiorum
2475 1634 2685 1687 animas
2723 1634 3064 1688 deduxerunt
3086 1679 3100 1701 ,
3126 1636 3320 1703 quibus
3368 1638 3486 1704 ipse

1885 1725 2139 1780 Dominus
2161 1728 2384 1794 spiritus
2419 1727 2623 1780 erroris
2660 1727 2901 1781 miscuit.
2931 1726 3063 1780 Nam
3114 1743 3238 1783 cum
3282 1730 3485 1782 dremo-

193 1834 299 1881 ναι,
333 1818 558 1871 ἐναντία
589 1818 665 1887 τῷ
698 1817 815 1887 Θεῷ
841 1820 1121 1888 ἐφρόνουν,
1156 1819 1251 1872 καὶ
1290 1819 1576 1888 θεομαχεῖν
1632 1822 1773 1871 ἐπει-

1882 1831 1977 1870 nes
2011 1790 2231 1886 maligni
2277 1825 2333 1870 et
2386 1816 2713 1870 adversariae
2763 1825 3059 1884 potestates
3114 1826 3331 1884 essent,
3371 1818 3485 1873 Deo

197 1906 389 1977 ρῶντο.
417 1907 512 1959 Διὸ
547 1906 923 1976 παρεδόθησαν
948 1907 1143 1980 πλάνῃ,
1174 1908 1268 1961 τοῦ
1325 1908 1458 1960 Θεοῦ
1496 1910 1779 1979 κρίναντος

195 1998 432 2063 ἐπαξίως
462 1999 563 2067 τῆς
584 2000 849 2070 πονηρίας
890 1999 1068 2053 αὐτῶν
1099 2000 1273 2071 πλάνῃ
1308 2001 1641 2070 παραδοῦναι
1683 2003 1778 2055 αύ-

195 2090 336 2154 τούς.
370 2091 439 2143 Οἰ
468 2091 524 2144 δὲ
555 2091 652 2162 τὴν
683 2091 831 2160 σφῶν
882 2091 1078 2144 κακίαν
1113 2092 1205 2144 ἐπὶ
1257 2093 1383 2156 τοὺς
1427 2095 1775 2161 Αἰγυπτίους,

196 2181 381 2254 ὥσπερ
420 2182 545 2235 τινὰ
578 2183 653 2236 ἰὸν
682 2182 1053 2254 θανατηφόρον
1077 2182 1288 2253 διέχεαν
1308 2226 1323 2249 ,
1352 2186 1445 2238 καὶ
1469 2187 1776 2256 ἐπλάνησαν

194 2272 289 2342 τὴν
323 2273 623 2341 Αἴγυπτον,
664 2292 683 2323 ι
723 2273 809 2335 Ὡς
834 2273 1098 2327 πλανᾶται
1138 2276 1166 2326 6
1193 2272 1405 2344 μεθύων
1436 2275 1527 2327 καὶ
1558 2277 1586 2326 6
1628 2276 1777 2346 ἐμῶν

196 2366 329 2435 ἅμα.
363 2386 382 2418 ι
424 2364 585 2418 Ἀλλὰ
627 2364 950 2419 καὶτούτων
993 2365 1168 2419 αὐτῶν
1227 2366 1386 2437 χάριν
1430 2368 1689 2437 ἐπεδήμει
1750 2370 1778 2420 6

194 2458 397 2528 Κύριος
428 2460 494 2529 τῇ
522 2457 802 2528 Αἰγύπτῳ,
832 2458 939 2522 ἵνα,
966 2459 1164 2522 αὐτοὺς
1198 2460 1293 2529 τῆς
1344 2459 1553 2530 πλάνης
1586 2462 1779 2531 ἀνανῆη

192 2549 289 2617 ψαι
328 2551 585 2621 ποιήσας,
610 2550 827 2621 μακράν
856 2550 1035 2604 αὐτῶν
1058 2551 1407 2625 ἀποσκεδάσῃ
1434 2554 1560 2617 τοὺς
1594 2553 1772 2617 λαούς.

265 2750 285 2781 ι
315 2731 432 2784 Καὶ
478 2731 578 2784 οὐκ
615 2730 766 2785 ἔσται
811 2732 923 2794 τοῖς
948 2731 1266 2800 Αἰγυπτίοις
1297 2730 1454 2803 ἔργον
1480 2731 1509 2784 ὃ
1562 2732 1778 2802 ποιήσει

194 2823 439 2894 κεφαλὴν
477 2824 575 2875 καὶ
636 2822 825 2895 οὐρὰν,
854 2822 1027 2893 ἀρχὴν
1070 2824 1163 2876 καὶ
1211 2822 1380 2886 τέλος.
1414 2842 1433 2875 ›
1486 2822 1778 2890 Ἀπρακτα

192 2913 300 2983 γὰρ
321 2914 507 2977 αὐτοῖς
538 2915 652 2967 ἐστι
673 2914 741 2968 τά
768 2914 1133 2985 ἐνεργούμενα
1156 2915 1223 2968 τὰ
1248 2914 1417 2968 πολλὰ
1445 2916 1573 2987 παρ’
1595 2916 1777 2978 αὐτοῖς

191 3006 607 3076 ἐπιτελούμενα,
630 3005 705 3069 ὠς
749 3006 885 3077 μηδέ
911 3005 1070 3077 ἔργον
1098 3009 1155 3060 ἐν
1177 3006 1361 3069 αὐτοῖς
1408 3008 1544 3078 μήτε
1604 3008 1776 3079 ἀρχὴν

1879 1908 2191 1961 adversaria
2226 1906 2555 1975 sentiebant,
2590 1923 2653 1962 ac
2681 1914 2871 1962 contra
2901 1908 3064 1962 Deum
3103 1925 3347 1980 pugnare
3384 1926 3485 1967 co-

1879 1998 2170 2053 nabantur.
2208 1998 2569 2064 Quamobrem
2619 2000 2793 2053 errori
2851 2000 3031 2053 traditi
3082 2012 3242 2067 sunt,
3296 2004 3483 2057 decer—

1879 2100 2042 2145 nente
2063 2090 2193 2155 Deo,
2228 2090 2372 2159 quod
2400 2090 2654 2159 nequitia:
2676 2106 2864 2145 eorum
2883 2100 3310 2146 consentaneum
3338 2103 3482 2157 erat,

1879 2189 1939 2232 ut
1968 2180 2140 2233 errori
2174 2180 2539 2234 traderentur.
2586 2179 2665 2235 Illi
2714 2196 2845 2235 vero
2880 2182 3162 2245 malitiam.
3201 2199 3298 2237 ceu
3332 2186 3482 2239 virus

1880 2272 2151 2339 quoddam
2207 2271 2551 2337 letliilerum,
2584 2274 2635 2326 in
2686 2272 2976 2347 AZgyptius
3022 2274 3374 2339 dill‘uderunt,
3424 2288 3481 2331 et

1877 2362 2170 2434 Egyptum
2202 2362 2255 2417 in
2289 2379 2530 2419 errorem
2558 2366 2911 2429 induxerunt,
2946 2385 2966 2418 ι
3006 2365 3076 2422 Ut
3110 2378 3259 2423 errat
3286 2370 3353 2433 is,
3382 2370 3477 2440 qui

1877 2453 2059 2507 ebrius
2084 2462 2187 2517 est,
2220 2462 2274 2507 et
2303 2454 2396 2523 qui
2429 2456 2597 2508 vomit
2625 2456 2803 2510 simul.
2832 2476 2850 2507 ι
2874 2455 3072 2513 Verum
3100 2473 3289 2512 eorum
3311 2476 3479 2515 causa

1879 2542 2017 2596 Deus
2055 2542 2106 2595 in
2142 2542 2376 2614 Egypto
2415 2545 2893 2614 peregrinabatur,
2930 2560 3009 2613 ut,
3035 2548 3141 2603 illis
3180 2550 3248 2603 ab
3291 2566 3479 2606 errore

1877 2632 2142 2697 deductis,
2171 2634 2398 2703 populos
2430 2634 2497 2687 ab
2522 2635 2602 2689 eis
2624 2638 2812 2705 procul
2858 2638 3177 2694 dimoveret.

1951 2726 2112 2781 Vens.
2153 2726 2239 2781 15.
2272 2745 2291 2779 ι
2328 2727 2392 2781 Ει
2421 2743 2527 2782 non
2575 2730 2681 2783 erit
2711 2727 2986 2799 Egyptiis
3012 2746 3171 2801 Opus,
3197 2734 3342 2803 quod
3392 2733 3478 2789 fa-

1877 2816 1985 2871 ciat
2024 2827 2185 2887 caput
2219 2826 2273 2872 et
2306 2819 2555 2882 caudam,
2590 2821 2917 2889 principium
2950 2829 3003 2875 et
3052 2821 3237 2877 tinem.
3277 2842 3297 2876 ι
3334 2823 3478 2881 infe-

1874 2916 1963 2961 cta
2006 2909 2205 2977 quippe
2247 2918 2376 2963 sunt
2434 2908 2541 2962 illis
2582 2924 2745 2977 opera
2791 2911 2961 2963 multa
3015 2926 3135 2980 quae
3171 2914 3309 2983 apud
3352 2914 3477 2969 illos

1876 2999 2303 3067 perﬁciebantur
2337 3041 2351 3063 ,
2389 3000 2461 3053 ita
2495 3010 2552 3053 ut
2581 3016 2715 3071 opus
2738 3016 2903 3071 penes
2939 3003 3057 3057 illos
3091 3019 3196 3059 non
3239 3008 3477 3074 reperia-

192 3096 355 3164 ἔχειν,
384 3096 525 3166 μήτε
543 3094 714 3159 τέλος,
745 3094 838 3148 τοῦ
873 3096 1077 3165 Κυρίου
1113 3096 1207 3148 καὶ
1234 3095 1415 3157 τοῦτο,
1448 3096 1522 3159 ὡς
1545 3094 1771 3164 ἀγαθοῦ,

1879 3096 1987 3154 tur,
2028 3092 2168 3159 quod
2198 3091 2281 3145 vel
2314 3090 2633 3160 principium
2666 3091 2748 3145 vel
2781 3092 2940 3146 linem
2975 3094 3194 3157 habeat,
3223 3094 3476 3162 Domino,

192 3187 596 3257 ἐργασαμένου.
632 3186 809 3239 Πολλὰ
841 3187 940 3257 μὲν
968 3188 1077 3257 γὰρ
1112 3188 1170 3238 ἐν
1196 3190 1261 3257 τῇ
1300 3191 1429 3259 παρ’
1454 3189 1771 3256 Αἰγυπτίοις

1879 3190 2064 3250 utpote
2093 3184 2255 3246 bono,
2306 3186 2409 3238 hoc
2441 3187 2510 3238 ita
2554 3196 2869 3254 peragente.
2899 3185 3182 3255 Siquidem
3223 3188 3275 3241 in
3308 3187 3475 3259 Egy-

192 3276 441 3347 πυλυθέῳ
470 3276 647 3347 πλάνῃ
681 3276 817 3347 ἔργα
851 3277 1025 3347 ἀρχὴν
1055 3276 1245 3347 ἔχοντα
1275 3275 1341 3349 ἦν
1372 3279 1465 3331 καὶ
1495 3279 1648 3342 τέλος
1685 3297 1772 3332 νο-

182 3370 461 3442 μιζομένῃ
487 3369 795 3441 ἀκολουθία.
822 3369 979 3423 Κατὰ
998 3370 1055 3425 δέ
1078 3372 1203 3435 τοὺς
1225 3371 1626 3442 δεδηλωμένους
1651 3373 1775 3443 χρό-

194 3477 313 3523 νους
342 3461 443 3529 τῆς
485 3460 580 3513 τοῦ
628 3459 833 3530 Κυρίου
873 3462 952 3523 εἰς
998 3462 1193 3525 αὐτοὺς
1237 3464 1535 3533 παρουσίας
1592 3463 1773 3516 οὐκέτι

192 3555 414 3609 ἔσεσθαι
437 3554 569 3624 παρ’
598 3554 780 3617 αὐτοῖς
813 3552 973 3623 ἔργον
1011 3552 1249 3606 τοιοῦτον
1277 3555 1478 3626 πλῆρες
1512 3555 1605 3607 καὶ
1659 3554 1774 3607 ὁλό-

193 3645 392 3717 κληρον
417 3645 511 3697 καὶ
527 3643 732 3697 τέλειον
750 3660 763 3673 ·
802 3642 917 3695 ἀλλ’
946 3645 994 3696 εἰ
1023 3645 1117 3697 καὶ
1143 3646 1338 3715 εὑρεθῇ
1378 3645 1431 3697 τί
1463 3662 1614 3708 ποτε,
1641 3644 1771 3699 άκέ-

190 3737 356 3804 φαλον
398 3737 551 3789 ἔσται
582 3737 675 3789 καὶ
695 3736 947 3806 ἄναρχον,
985 3736 1170 3800 ἀτελές
1208 3756 1266 3790 τε
1301 3739 1394 3790 καὶ
1452 3738 1772 3810 άσυμπέρα-

194 3844 315 3881 στον
342 3844 356 3858 °
406 3828 435 3881 6
484 3827 547 3899 δὴ
604 3828 699 3881 καὶ
753 3828 899 3881 ἐστιν
928 3827 1073 3900 ἔργῳ
1110 3829 1444 3900 παραλαϐεῖν
1468 3847 1480 3859 ·
1525 3832 1646 3882 ἐπεὶ
1678 3830 1772 3883 καὶ

190 3919 470 3973 ἐκλέλοιπε
496 3918 773 3982 παντελῶς
802 3919 980 3973 αὐτῶν
1008 3922 1041 3990 ἡ
1066 3920 1495 3992 εἰδωλολατρεία.
1529 3921 1770 3975 Τοιαῦτα

188 4012 249 4065 δέ
272 4014 387 4065 ἐστι
423 4013 560 4083 μήτε
613 4010 853 4083 κεφαλὴν
898 4011 1040 4082 ἔχειν
1104 4016 1242 4084 μήτε
1291 4014 1441 4079 τέλος
1488 4017 1567 4080 εἰς
1616 4014 1770 4067 λόγον

194 4085 381 4159 {lavat}
390 4120 543 4158 αενα.

267 4302 286 4333 ι
325 4281 405 4353 Τῇ
434 4283 619 4354 ἡμέρα
641 4284 823 4354 ἐκείνῃ
848 4283 1061 4337 ἔσονται
1090 4283 1376 4352 Αἰγύπτιοι
1404 4285 1479 4347 ὼς
1514 4288 1770 4353 γυναῖκες

190 4372 251 4423 ἐν
285 4372 474 4443 τρόμῳ
502 4372 597 4425 καὶ
639 4374 698 4427 ἐν
750 4373 898 4443 φόϐῳ
929 4374 1037 4427 άπὸ
1096 4374 1384 4444 προσώπου
1433 4377 1531 4444 τῆς
1589 4377 1769 4447 χειρὸς

1876 3274 2051 3340 ptiaca
2075 3274 2363 3328 multorum
2394 3276 2676 3329 numinum
2711 3278 3121 3346 superstitione,
3143 3278 3309 3332 multa
3342 3294 3475 3347 ope-

1874 3380 1933 3417 ra
1990 3365 2310 3433 principium
2359 3375 2415 3420 et
2460 3366 2645 3432 tinem,
2691 3367 2990 3422 secundum
3042 3380 3349 3438 reputatam
3400 3370 3475 3431 ibi

1874 3458 2095 3521 seriem,
2138 3458 2430 3514 habebant.
2472 3463 2541 3515 At
2579 3473 2882 3517 memorato
2920 3465 3187 3520 Dominici
3241 3466 3309 3520 ad
3355 3466 3475 3521 illos

1874 3549 2138 3604 adventus
2162 3553 2515 3620 tempore,ait
2548 3568 2653 3607 non
2678 3555 2818 3608 ultra
2847 3555 2963 3611 fore
2995 3572 3161 3625 penes
3188 3557 3309 3613 illos
3339 3574 3473 3628 opus

1874 3639 2180 3708 hujusmodi
2223 3640 2465 3710 plenum,
2509 3643 2780 3714 integrum
2829 3654 2882 3699 et
2912 3648 3254 3714 perfectum;
3296 3651 3391 3704 sed
3426 3649 3472 3703 si

1874 3730 2161 3801 quodpiam
2186 3732 2556 3801 hujuscemodi
2589 3737 2912 3805 reperiatur,
2938 3737 3113 3807 ipsum
3138 3739 3259 3794 sine
3292 3742 3473 3809 capite

1874 3834 1928 3877 et
1969 3826 2259 3895 principio,
2316 3828 2434 3882 sine
2482 3830 2717 3883 termino
2764 3839 2820 3883 et
2870 3830 2976 3886 tiue
3028 3831 3268 3887 futurum
3322 3848 3467 3888 esse.

1873 3913 2026 3979 Quod
2065 3916 2227 3969 etiam
2284 3917 2401 3985 ipso
2447 3932 2608 3985 opere
2659 3920 2985 3986 completum
3036 3924 3471 3977 animadvertere

1872 4019 1996 4076 est;
2027 4026 2151 4065 nam
2188 4011 2495 4066 idololatria
2525 4012 2740 4082 penitus
2762 4014 2979 4071 defecit.
3002 4014 3113 4085 (24)
3142 4014 3274 4069 lllud
3306 4030 3470 4085 porro

1872 4109 1977 4165 est,
1999 4118 2171 4171 neque
2206 4116 2369 4173 caput
2395 4122 2571 4177 neque
2607 4109 2769 4162 tinem
2806 4107 3025 4173 habere,
3062 4118 3120 4162 ut
3152 4108 3286 4162 satis
3314 4123 3468 4162 com-

1873 4204 2232 4249 monstratum
2263 4208 2365 4252 εει.

1944 4285 2109 4343 Vens.
2137 4289 2222 4342 16.
2262 4308 2279 4340 ι
2319 4289 2374 4344 1η
2412 4291 2500 4346 die
2550 4293 2638 4348 illa
2684 4302 2847 4347 erunt
2887 4292 3129 4364 Egyptii
3161 4292 3311 4348 velut
3346 4308 3468 4348 mn-

1872 4375 2032 4431 lieres
2081 4379 2132 4431 in
2174 4391 2408 4437 tremore
2440 4391 2495 4438 et
2541 4385 2594 4438 in
2646 4385 2837 4440 timore
2873 4401 2901 4438 a
2946 4386 3086 4439 facie
3133 4402 3328 4442 manus
3368 4388 3468 4444 Do-

190 4463 395 4533 Κυρίου
438 4462 686 4525 Σαϐαὼθ,
730 4465 795 4533 ἢν
818 4464 977 4527 αὐτὸς
1013 4464 1261 4517 ἐπιδαλεῖ
1304 4465 1504 4528 αὐτοῖς.
1550 4485 1567 4516 ι
1612 4467 1767 4519 Κατὰ

1877 4470 2004 4524 mini
2040 4472 2299 4539 Sabaoth,
2357 4490 2515 4544 quam
2556 4478 2671 4547 ipse
2701 4478 2956 4533 immittet
3003 4477 3131 4534 illis.
3172 4499 3192 4533 ι
3253 4480 3459 4535 Memo-

191 4556 313 4617 τοὺς
343 4554 703 4618 άποδοθέντας
754 4556 977 4626 χρόνους
1010 4558 1107 4626 τῆς
1134 4556 1371 4623 ἀφίξεως
1415 4557 1508 4609 τοῦ
1566 4558 1766 4629 Κυρίου

190 4646 287 4715 τῆς
308 4648 386 4709 εἰς
419 4646 710 4713 Αἴγυπτον,
769 4647 951 4701 οὐκέτι
1009 4648 1225 4701 ἔσεσθαι
1275 4639 1389 4713 τοῖς
1448 4650 1768 4717 Αἰγυπτίοις

193 4738 444 4808 φρόνημα
472 4737 743 4808 ἀνδρικὸν,
769 4738 1039 4807 γυναικῶν
1086 4739 1142 4792 δὲ
1193 4740 1348 4811 δίκην
1394 4742 1450 4792 ἐν
1484 4742 1633 4811 φόϐῳ
1673 4744 1767 4796 καὶ

193 4831 379 4901 τρόμῳ
400 4830 600 4896 διάξειν
628 4831 808 4885 αὐτῶν
830 4833 920 4886 τὸν
951 4832 1064 4901 βίον
1108 4833 1192 4886 διὰ
1240 4832 1335 4904 τὴν
1384 4836 1765 4887 ἐπαναστᾶσαν

197 4922 375 4982 αὐτοῖς
401 4923 559 4991 χεῖρα
581 4920 675 4973 τοῦ
708 4921 839 4975 Θεοῦ
870 4922 1132 4985 θεσπίζει.
1159 4923 1292 4992 Χεὶρ
1315 4922 1371 4975 δέ
1419 4924 1623 4994 Κυρίου
1685 4926 1765 4989 τίς

195 5012 257 5065 ἂν
286 5010 503 5081 νοηθείη
533 5012 692 5083 ἑτέρα
721 5013 869 5083 παρά
897 5014 993 5085 τὴν
1022 5015 1318 5085 λεγομένην
1363 5014 1542 5078 δεξιὰν
1579 5016 1765 5083 αὐτοῦ,

194 5101 306 5155 ἀλλ’
355 5101 388 5170 ἢ
435 5100 713 5171 Ῥωμαῖκὴ
772 5101 998 5173 δύναμις
1058 5103 1372 5169 ὑποτάξασα
1432 5104 1557 5167 τοὺς
1605 5107 1767 5174 Αἰγυ-

196 5194 382 5255 πτίους
405 5194 497 5245 καὶ
527 5190 873 5264 ὑποχειρίους
902 5197 1245 5267 ποιησαμένη
1268 5196 1356 5248 διὰ
1385 5196 1481 5267 τὴν
1508 5197 1601 5249 τοῦ
1650 5200 1764 5253 Κυο

196 5286 309 5356 ρίου
344 5284 670 5355 παρουσίαν;
706 5284 863 5339 Οὕτω
886 5286 995 5359 γάρ
1021 5304 1147 5339 ποτε
1185 5287 1276 5339 καὶ
1300 5289 1329 5339 6
1365 5286 1610 5350 διάϐολος
1628 5289 1764 5359 πρὸς

191 5378 279 5429 τὸν
343 5374 471 5428 Θεὸν
520 5377 928 5448 ἀναγέγραπται
974 5377 1213 5449 εἰρηκὼς
1270 5380 1397 5449 περὶ
1458 5379 1551 5433 τοῦ
1618 5381 1738 5433 Ἰώὸ

197 5485 214 5514 ι
255 5465 391 5519 Ἀλλ’
421 5467 741 5521 ἀπόστειλον
781 5468 878 5539 τὴν
904 5470 1063 5540 χεῖρά
1088 5487 1206 5533 σου,
1237 5471 1330 5523 καὶ
1360 5470 1494 5539 ἆψαι
1544 5471 1761 5525 πάντων

188 5552 259 5612 ὧν
286 5558 416 5627 ἔχει,
436 5561 486 5611 εἰ
524 5560 599 5629 μὴ
631 5561 714 5623 εἰς
743 5561 1031 5631 πρόσωπόν
1064 5580 1124 5617 σε
1155 5561 1455 5633 εὐλογήσει.
1494 5583 1512 5617 ι
1552 5566 1613 5619 0t
1654 5566 1765 5619 τοί-

257 5649 299 5678 ’⁴¹
331 5647 430 5704 Job
455 5650 611 5715 1,”.

256 5742 361 5814 (ει)
400 5746 577 5803 Locus
607 5746 846 5802 mutilus.

1872 4563 2007 4617 ratis
2056 4565 2319 4621 adventus
2363 4568 2573 4623 Domini
2627 4570 2681 4623 in
2736 4568 3034 4641 Egyptum
3088 4574 3463 4641 temporibus,

1870 4657 2071 4711 nullum
2104 4660 2371 4731 Egyptiis
2399 4663 2637 4717 futurum
2696 4665 2907 4719 virilem
2959 4681 3200 4733 sensum,
3237 4674 3331 4721 sed
3370 4682 3465 4723 eos

1870 4749 2157 4805 mulierum
2194 4754 2365 4807 instar
2404 4754 2458 4809 in
2496 4764 2644 4810 metu
2677 4765 2731 4811 et
2766 4768 3024 4822 tremore,
3059 4760 3130 4813 ob
3174 4759 3465 4813 imminen-

1871 4846 1977 4891 tem
2011 4839 2145 4908 ipsis
2187 4857 2405 4896 manum
2444 4843 2560 4908 Dei,
2586 4846 2749 4898 vitam
2781 4854 3000 4902 acturos
3032 4862 3152 4901 esse
3194 4849 3463 4903 vaticina-

1874 4938 1982 4983 tur.
2030 4931 2219 4989 Manus
2266 4946 2449 5008 autem
2506 4934 2719 4991 Domini
2765 4953 2885 5008 quae
2936 4940 3039 4992 alia
3089 4948 3308 5007 putetur
3341 4957 3463 4997 esse

1869 5033 2063 5089 praeter
2100 5040 2244 5087 eam,
2274 5004 2398 5097 qua;
2432 5039 2657 5082 vocatur
2688 5032 2909 5085 dextera
2943 5031 3083 5099 ejus,
3126 5032 3231 5085 nisi
3258 5032 3462 5087 Itoma-

1869 5128 2058 5168 norum
2089 5118 2353 5183 potentia,
2378 5134 2497 5187 qua:
2525 5118 2810 5191 Egyptios
2841 5122 3053 5191 subegit
3084 5137 3145 5176 ac
3183 5122 3285 5176 sibi
3330 5124 3461 5178 sub-

1871 5203 2012 5258 ditos
2059 5206 2326 5272 reddidit,
2362 5210 2524 5279 idque
2569 5214 2639 5265 ob
2682 5211 2885 5268 Christi
2942 5214 3287 5281 praesentiam
3323 5214 3345 5266 ?
3381 5215 3459 5269 Ita

1870 5296 2068 5365 quippe
2122 5299 2395 5355 diabolum
2454 5303 2519 5357 de
2564 5302 2668 5358 Job
2723 5303 3032 5372 loquentem
3096 5307 3205 5361 Deo
3256 5307 3460 5363 dixisse

1870 5386 2129 5457 scriptum
2170 5402 2254 5445 est
2294 5409 2306 5444 :
2348 5408 2367 5442 ι
2404 5392 2511 5447 Sed
2555 5394 2706 5449 mitte
2736 5410 2951 5449 manum
2983 5405 3161 5457 tuam,
3206 5407 3260 5449 et
3299 5407 3460 5466 tange

1870 5479 2053 5533 omnia
2087 5494 2206 5548 quae
2228 5481 2411 5548 habet,
2446 5484 2547 5537 nisi
2587 5484 2639 5539 in
2672 5484 2867 5540 faciem
2894 5487 3177 5541 benedicat
3205 5487 3297 5539 tibi
3320 5487 3403 5539 ‘7?
3432 5506 3451 5538 ι

1876 5567 1974 5635 Qui
2007 5587 2137 5643 ergo
2163 5574 2456 5633 voluntatis
2493 5577 2587 5633 Dei
2628 5578 2695 5634 ad
2737 5577 3139 5649 subjugandum
3171 5578 3457 5650 Egyptia-
