4120 6294
659 302 759 358 I3!

1358 295 1624 354 EUSEBII
1662 248 2130 351 CASSABIENSIS
2164 289 2317 346 OPP.
2355 289 2532 346 PARS
2567 289 2653 345 Ill.
2694 321 2763 334 --
2797 289 3211 348 EXEGETICA.

3783 289 3899 348 253

660 431 778 476 rum
812 416 1092 487 imperium
1121 417 1353 473 ministri
1386 417 1604 473 fuerunt
1626 456 1642 481 ,
1672 415 1921 470 videlicet
1948 416 2063 484 ipsa
2111 411 2211 468 Ro-

2316 429 2410 464 vuv
2453 412 2902 484 διακονησάμενοι
2936 411 3014 483 τῷ
3057 411 3354 483 βουλήματι
3386 407 3481 463 τοῦ
3528 406 3664 461 Θεοῦ
3700 411 3782 474 είς
3827 409 3896 464 τδ

661 509 803 563 mani
847 503 1119 563 exercitus
1149 507 1406 576 potentia,
1437 520 1627 562 manus
1665 498 1908 561 vocatur.
1943 503 2223 566 Quomodo

660 607 836 650 autem
870 596 1152 651 mulierum
1177 595 1349 649 instar
1396 609 1519 649 cum
1546 595 1736 649 timore
1755 601 1806 649 et
1835 593 2083 663 angustia
2113 592 2221 648 Ro-

660 686 833 740 manis
859 687 1098 740 serviant
1127 683 1366 755 Egyptii
1389 723 1407 750 ,
1451 683 1505 739 id
1541 696 1672 738 sane
1711 696 1817 736 non
1849 689 1934 757 est
1956 681 2100 751 quod
2123 694 2220 735 ex-

657 776 1008 922 Νῗιζη.
1035 884 1053 917 ι
1081 864 1148 919 Ει
1173 863 1279 919 erit
1323 862 1472 933 regio
1495 861 1806 917 Iudaeorum
1851 859 1904 914 in
1934 867 2218 915 terrorem.

657 954 971 1024 Quicunque
999 969 1118 1007 eam
1150 952 1510 1007 nominaverit
1531 951 1688 1020 ipsis,
1719 950 2074 1006 extimescent
2097 963 2222 1019 pro-

656 1058 778 1117 pter
834 1045 1135 1104 consilium.
1170 1044 1308 1113 quod
1359 1042 1632 1098 consuluit
1675 1042 1931 1096 Dominus
1984 1040 2220 1096 Sabaoth

655 1154 816 1208 super
843 1153 983 1192 eam.
1019 1155 1040 1190 ο
1074 1135 1366 1203 Regionem
1393 1148 1520 1189 vero
1556 1132 1860 1189 Iudaeorum
1895 1134 1940 1188 si
1975 1132 2219 1201 Scriptu-

654 1246 771 1285 ram
799 1230 1034 1284 divinam
1072 1228 1276 1282 dixeris
1313 1239 1468 1291 esse,
1495 1225 1806 1294 neutiquam
1859 1225 2218 1290 aberraverls,

653 1335 836 1392 quam,
850 1323 920 1375 oh
934 1321 1040 1375 vim
1058 1320 1268 1390 pietatis
1284 1329 1337 1372 et
1359 1317 1504 1381 ﬁdei,
1523 1317 1611 1384 qui
1634 1317 1914 1372 Dominum
1931 1327 2215 1384 noverunt,

651 1428 774 1469 cum
810 1413 1023 1479 timore,
1059 1423 1285 1466 tremore
1321 1419 1376 1462 et
1399 1413 1701 1464 reverentia
1721 1408 1941 1472 adeunt,
1973 1423 2078 1462 non
2106 1422 2222 1462 am-

591 1535 594 1537 λ
652 1505 794 1573 plius
813 1513 873 1558 ut
903 1504 1028 1558 olim
1063 1503 1375 1570 hlasphema
1407 1501 1550 1554 dicta
1595 1500 1649 1554 in
1699 1513 1818 1555 eam
1857 1498 2215 1569 proferentes,

651 1597 747 1651 sed
774 1597 845 1650 ob
887 1594 1168 1650 Dominum
1209 1593 1261 1646 in
1309 1608 1371 1648 ea
1416 1592 1761 1662 praedicatum
1781 1631 1798 1658 ,
1822 1599 2139 1646 venerantes
2163 1604 2218 1650 et

649 1687 907 1742 colentes.
947 1686 1306 1752 Quamobrem
1343 1684 1588 1754 quisquis
1631 1683 1774 1738 illam
1810 1683 1941 1751 ipsis
1977 1697 2216 1737 comme-

2323 502 2687 573 χειρώσασθαι
2711 504 2810 574 τὴν
2835 505 3146 572 Αἰγυπτίων
3174 501 3369 574 ἀρχὴν,
3391 500 3618 571 δύναμις
3662 497 3800 572 αὕτη
3831 501 3894 555 δδ

2318 585 2387 660 ἦν
2421 591 2454 660 ἡ
2491 591 2800 661 Ῥωμαϊκοῦ
2828 591 3081 663 στρατοῦ,
3115 592 3236 663 χεὶρ
3259 589 3588 660 ὠνόμασται.
3617 587 3802 650 Ὅπως
3831 586 3892 640 δδ

2320 678 2597 746 γυναικῶν
2624 680 2781 750 δίκην
2812 681 2950 752 μετὰ
2979 678 3146 749 φόϐου
3172 679 3266 733 καὶ
3301 678 3539 748 ἀγωνίας
3577 675 3892 730 δουλεύουσι

2331 771 2619 842 Ῥωμαίοις
2647 772 2952 841 Αἰγύπτιοι,
2983 772 3131 825 οὐδὲν
3162 771 3244 825 δεῖ
3269 771 3466 842 λέγειν.

2388 881 2408 914 ι
2448 864 2557 917 Καὶ
2578 862 2731 918 ἔσται
2760 867 2792 935 η
2827 867 2978 936 χώρα
3003 865 3111 918 τῶν
3148 864 3417 918 Ἰουδαίων
3442 865 3554 926 τοῖς
3569 860 3892 930 Αἰγυπτίοις

2318 956 2398 1018 είς
2429 955 2714 1027 φόϐητρόν.
2758 957 2871 1020 Πᾶς
2907 957 2967 1021 δς
3021 956 3116 1010 ἐὰν
3170 955 3411 1027 ὀνομάσῃ
3459 953 3626 1024 αὐτὴν
3678 951 3887 1017 αὐτοῖς,

2318 1043 2713 1116 φοϐηθήσονται
2737 1044 2824 1099 διὰ
2845 1045 2942 1116 τὴν
2976 1043 3188 1116 βουλὴν,
3219 1044 3286 1116 ἢν
3315 1043 3518 1114 Κύριος
3544 1037 3765 1094 Σαϐαὼθ
3796 1036 3892 1107 βε-

2318 1135 2598 1190 ϐούλευται
2621 1138 2705 1188 ἐπ’
2730 1138 2920 1208 αὐτήν.
2946 1156 2964 1188 ›
2995 1136 3191 1207 Χώραν
3219 1134 3277 1187 δὲ
3319 1128 3586 1188 Ἰουδαίων
3611 1130 3708 1202 τὴν
3733 1127 3887 1182 θείαν

2317 1229 2417 1283 οὐκ
2446 1228 2512 1283 ἂν
2547 1229 2811 1300 ἁμάρτοις
2852 1229 3022 1282 εἰπὼν
3059 1228 3310 1298 Γραφήνι
3364 1227 3432 1297 ἢν
3477 1224 3544 1279 δι’
3584 1220 3888 1294 ὑπερϐολὴν

2319 1323 2604 1385 εὐλαϐείας
2642 1322 2735 1375 καὶ
2771 1322 3008 1384 πίστεως
3034 1321 3084 1374 oi
3129 1320 3219 1372 τὸν
3252 1316 3454 1388 Κύριον
3514 1313 3887 1381 ἐπεγνωκότες

2319 1414 2457 1484 μετὰ
2479 1413 2643 1484 φόϐου
2678 1413 2770 1467 καὶ
2811 1411 3015 1484 τρόμου
3075 1412 3169 1466 καὶ
3218 1407 3500 1471 εὐλαϐείας
3547 1403 3885 1480 προσίενται,

2316 1501 2500 1554 οὐκέτι
2531 1501 2606 1565 ὡς
2637 1501 2698 1554 τὸ
2745 1502 2872 1572 πρὶν
2927 1498 3369 1571 βλασφημοῦντες
3423 1496 3612 1567 αὐτὴν,
3636 1495 3769 1549 ἀλλὰ
3791 1510 3885 1547 τι-

2319 1591 2526 1662 μῶντες
2556 1591 2649 1645 καὶ
2678 1591 2922 1655 σέϐοντες
2945 1589 3032 1644 διὰ
3062 1591 3151 1644 τὸν
3197 1591 3255 1642 ὲν
3311 1589 3447 1658 αὐτῇ
3481 1585 3885 1659 κηρυττόμενον

2319 1683 2522 1755 Κύριον
2539 1700 2553 1714 ·
2584 1684 2665 1738 διὸ
2684 1685 2834 1748 πᾶςό
2848 1683 3124 1755 ὀνομάζων
3156 1683 3323 1752 αὐτὴν
3349 1683 3529 1745 αὐτοῖς
3555 1678 3716 1749 φόϐον
3740 1676 3883 1732 Θεοῦ

649 1788 853 1840 morat,
888 1767 1134 1832 timorem
1175 1778 1265 1832 Dei
1299 1777 1431 1846 ipsis
1479 1775 1738 1841 immittit,
1784 1787 1907 1827 nam
1941 1791 1961 1825 ι
1994 1772 2210 1828 Initium

2311 1773 2524 1845 εμποιεί
2570 1776 2785 1839 αὐτοῖς’
2838 1793 2858 1827 t
2893 1774 3059 1847 Ἀρχὴ
3080 1794 3100 1828 ι
3138 1775 3250 1846 γὰρ
3286 1793 3306 1827 t
3329 1774 3519 1845 σοφίας
3569 1771 3728 1843 φόϐος
3759 1772 3881 1828 Κυ-

647 1870 922 1938 sapientite
951 1873 1111 1924 timor
1137 1868 1424 1924 Domini".
1451 1887 1471 1921 ι

687 1990 689 1992 -
723 1960 881 2015 Vens.
911 1961 996 2016 18.
1038 1980 1056 2013 t
1096 1959 1152 2013 lu
1183 1961 1272 2016 die
1302 1959 1390 2014 illa
1413 1965 1574 2013 erunt
1605 1958 1844 2027 quinque
1873 1957 2118 2013 civitates
2157 1955 2210 2011 in

649 2061 790 2105 terra
817 2049 1059 2121 Egypti,
1094 2051 1374 2120 loquentes
1408 2049 1589 2119 lingua
1616 2049 2026 2116 Chanaanitide,
2055 2059 2110 2104 et
2129 2049 2212 2119 ju-

646 2151 830 2198 rantes
855 2158 950 2212 per
994 2157 1188 2198 nomen
1237 2141 1445 2196 Domini
1480 2141 1719 2198 Sabaoth
1750 2159 1763 2195 :
1789 2142 1979 2197 civitas
2006 2141 2212 2197 Asedec

645 2233 922 2289 vocabitur
973 2248 1078 2287 una
1128 2233 1338 2288 civitas.
1370 2252 1389 2285 ι
1432 2233 1547 2287 Etsi
1582 2234 1818 2303 quinque
1872 2233 2112 2288 civitates
2157 2233 2210 2287 in

645 2322 896 2377 vaticinio
956 2321 1233 2385 ferantur,
1291 2333 1344 2376 at
1397 2337 1502 2376 non
1570 2320 1918 2392 ignorantium
1975 2329 2056 2375 est
2091 2319 2210 2376 illas

646 2414 883 2482 quinque
930 2427 1088 2466 unam
1120 2425 1259 2468 esse.
1304 2412 1484 2479 Quare
1537 2427 1728 2466 nomen
1781 2428 1944 2466 unum
1970 2411 2208 2466 omnium

647 2503 894 2567 additur,
925 2502 1162 2564 Asedec.
1200 2503 1342 2570 quod
1393 2503 1777 2571 interpretatur
1815 2501 2207 2573 Symmachus,

654 2612 673 2645 ε
707 2592 856 2648 solis.
886 2611 905 2644 ι
944 2591 1113 2659 Quam
1141 2606 1268 2646 vero
1291 2592 1490 2646 dixeris
1522 2606 1639 2647 eam
1662 2607 1801 2660 esse,
1831 2592 1932 2647 nisi
1961 2601 2208 2648 sanctam

647 2685 740 2740 Dei
772 2683 1083 2744 Ecclesiam,
1132 2697 1250 2752 quae
1284 2683 1576 2737 secundum
1627 2682 1770 2738 LXX
1816 2685 2036 2754 quidem
2072 2683 2209 2738 dici-

645 2783 738 2830 tur
762 2775 983 2836 Asedec,
1014 2775 1157 2841 quod
1203 2771 1490 2843 signiﬁcat,
1527 2791 1546 2824 ι
1584 2773 1840 2841 iustitiae;
1871 2791 1890 2824 ι
1916 2775 2208 2830 secundum

646 2865 1028 2936 Symmachum
1073 2878 1234 2928 vero,
1272 2881 1292 2914 ι
1351 2863 1502 2924 solis,
1551 2882 1571 2916 ι
1613 2864 1678 2917 de
1715 2878 1820 2933 quo
1861 2866 2060 2919 dictum
2102 2874 2207 2928 est,

652 2971 673 3006 ι
713 2953 1046 3007 Timentibus
1075 2959 1248 3006 autem
1273 2965 1358 3004 me
1391 2949 1594 3006 orietur
1631 2950 1708 3005 sol
1737 2951 1978 3020 justitiaa.
2005 2963 2057 3004 et
2098 2966 2210 3006 me-

649 3043 783 3100 dela
811 3045 862 3097 in
889 3042 986 3103 alis
1029 3043 1178 3113 ejus;
1216 3063 1237 3095 ι
1261 3043 1550 3098 secundum
1591 3052 1898 3096 accuratam
1931 3056 2060 3097 vero
2096 3043 2207 3096 dis-

2311 1863 2449 1934 ρίου.
2493 1883 2514 1916 ι

2385 1974 2404 2007 t
2433 1955 2510 2026 Τῇ
2572 1953 2754 2026 ἡμέρᾳ
2805 1955 2988 2028 ἐκείνῃ
3043 1954 3252 2010 ἔσονται
3291 1955 3454 2010 πέντε
3513 1954 3686 2018 πόλεις
3720 1951 3880 2024 ινγῇ

2307 2046 2604 2116 Αἰγύπτου,
2629 2045 2881 2100 λαλοῦσαι
2932 2049 2999 2118 τῇ
3027 2045 3246 2119 γλώσσῃ
3279 2049 3345 2118 τῇ
3375 2045 3752 2109 Χαναανίτιδι,
3778 2042 3882 2099 καὶ

2308 2137 2599 2209 ὀμνύοντες
2621 2138 2700 2209 τῷ
2720 2139 2942 2210 ὀνόματι
2965 2140 3171 2211 Κυρίου
3187 2139 3412 2194 Σαϐαὼθ
3426 2155 3443 2170 ο
3472 2137 3626 2201 πόλις
3657 2136 3880 2191 ’Δσεδδκ

2307 2232 2635 2304 κληθήσεται
2671 2232 2768 2302 μία
2797 2232 2970 2296 πόλις.
3006 2250 3025 2283 ι
3063 2233 3127 2286 Εί
3151 2232 3210 2285 δὲ
3238 2231 3399 2284 πέντε
3426 2229 3670 2299 λέγονται
3693 2228 3880 2291 πόλεις

2305 2324 2363 2378 αί
2393 2321 2803 2396 θεσπιζόμεναι,
2836 2325 2951 2378 ἀλλ’
2982 2325 3042 2378 ού
3076 2323 3181 2396 χρὴ
3209 2325 3441 2392 ἀγνοεῖν,
3473 2321 3549 2385 ὡς
3603 2321 3659 2373 αί
3710 2317 3878 2372 πέντε

2309 2415 2437 2486 μίαν
2465 2417 2811 2486 τυγχάνουσι.
2836 2415 2928 2469 Διὸ
2962 2415 3057 2468 καὶ
3082 2413 3140 2467 tv
3164 2414 3336 2483 ὄνομα
3354 2410 3498 2466 κατὰ
3532 2409 3719 2464 πασῶν
3747 2410 3878 2462 ἑπι-

2306 2504 2519 2575 λέγεται
2551 2507 2615 2559 τὸ
2652 2507 2892 2570 Ἀσεδὲκ,
2922 2507 3060 2576 ὅπερ
3111 2506 3138 2558 ό
3184 2503 3479 2574 Σύμμαχος
3528 2501 3879 2572 ἡρμήνευσεν

2313 2618 2334 2650 ε
2371 2597 2542 2669 ἡλίου.
2569 2616 2588 2650 ι
2622 2598 2755 2650 Τίνα
2778 2597 2875 2668 μὲν
2906 2592 2999 2650 οὖν
3028 2597 3203 2658 εῐποις
3232 2595 3298 2649 ἂν
3318 2593 3520 2663 ταύτην
3550 2588 3740 2661 εἶναιῆ
3771 2591 3877 2663 τὴν

2305 2691 2466 2758 άγίαν
2495 2689 2588 2743 τοῦ
2616 2688 2750 2743 Θεοῦ
2793 2688 3133 2755 Ἐκκλησίαν,
3158 2687 3297 2741 κατὰ
3325 2685 3425 2758 μὲν
3450 2685 3573 2749 τοὺς
3607 2682 3875 2754 Ἕϐδομή-

2308 2798 2471 2834 κοντα
2498 2779 2836 2851 καλουμένην
2883 2781 3123 2840 Ἀσεδὲκ,
3151 2778 3180 2832 ὃ
3203 2779 3269 2848 δὴ
3311 2777 3565 2848 σημαίνει
3619 2794 3638 2827 t
3671 2774 3878 2828 δικαιο-

2309 2872 2501 2942 σύνης·
2543 2890 2562 2923 ι
2593 2870 2736 2925 κατά
2766 2870 2822 2924 δὲ
2852 2870 2943 2925 τὸν
2979 2870 3294 2940 Σύμμαχον,
3317 2888 3336 2921 ι
3365 2868 3538 2940 ἡλίου,
3568 2886 3588 2919 s
3621 2865 3750 2937 περὶ
3805 2857 3874 2920 οὗ

2307 2963 2552 3016 λέλεκται
2570 2980 2583 2992 ·
2624 2982 2642 3014 ι
2673 2963 2798 3027 Τοῖς
2838 2962 2896 3016 δὲ
2926 2960 3275 3031 φοϐουμένοις
3323 2977 3388 3030 με
3439 2959 3683 3014 άνατελετ
3723 2958 3878 3029 ἥλιος

2306 3053 2669 3125 δικαιοσύνης,
2695 3054 2788 3107 καὶ
2822 3055 2992 3116 ίάσεις
3031 3052 3091 3106 tv
3138 3053 3260 3114 ταῖς
3309 3050 3564 3121 πτέρυξιν
3609 3047 3801 3104 αὑτοῦ·
3846 3065 3869 3099 s

649 3132 860 3186 serendi
910 3111 1196 3192 rationem,
1246 3143 1405 3186 terrae
1455 3130 1648 3186 civitas
1681 3132 1910 3196 dicitur,
1941 3136 2084 3201 quod
2133 3133 2204 3186 ita

2311 3144 2451 3198 κατά
2502 3145 2557 3197 δὲ
2589 3111 2905 3216 ἀκριϐὲς
2935 3111 3036 3213 τεῖής
3062 3111 3542 3208 αὑτοῦ-διαλέέεως
3581 3140 3686 3212 γῆς
3718 3138 3876 3206 πόλις

649 3220 794 3273 reddi
820 3222 1007 3290 possit,
1044 3237 1064 3270 ι
1097 3217 1301 3274 Civitas
1333 3221 1797 3274 terrte'vocaliitur
1823 3236 1927 3274 una
1955 3222 2199 3276 civitas.»

643 3307 762 3378 Ipsa
790 3310 995 3379 quippe
1009 3311 1117 3365 sola
1139 3311 1193 3365 in
1217 3311 1460 3366 universa
1492 3321 1631 3365 terra
1664 3312 1770 3366 Deo
1789 3311 1977 3367 civitas
2006 3312 2205 3366 consti-

2307 3235 2575 3298 λέλεκται,
2602 3237 2738 3311 ὅπερ
2782 3235 2954 3298 οὓτως
2983 3236 3049 3290 ἂν
3088 3234 3467 3308 έρμηνευθείη,
3517 3251 3537 3285 t
3563 3230 3877 3303 Πόλιςτῆς

2307 3327 2411 3398 γῆς
2441 3326 2820 3399 κληθήσεταιὴ
2853 3328 2952 3396 μία
2984 3327 3156 3390 πόλις.
3193 3325 3394 3399 {.1th
3425 3325 3533 3397 γὰρ
3561 3323 3694 3396 μόνη
3746 3321 3874 3377 καθ’

647 3401 835 3468 tuitur,
889 3401 960 3456 ita
1010 3411 1069 3456 ut
1105 3403 1171 3457 de
1204 3403 1294 3455 illa
1341 3401 1875 3469 dicatur,tG|oriosa
1902 3404 2042 3458 dicta
2078 3415 2205 3460 sunt

2311 3418 2434 3490 ὅλης
2459 3419 2562 3490 γῆς
2594 3419 2805 3490 ἵδρυται
2845 3418 2926 3488 τῷ
2951 3418 3071 3489 Θεῷ
3097 3418 3268 3482 πόλις,
3327 3418 3404 3481 ὡς
3452 3416 3688 3487 ἐρεῖσθαι
3737 3415 3875 3488 περὶ

646 3491 713 3546 de
742 3499 816 3556 te,
845 3493 1035 3547 civitas
1077 3493 1172 3547 Dei
1189 3495 1256 3547 ".
1290 3513 1310 3546 ι
1353 3493 1600 3564 Quinque
1646 3504 1823 3549 autem
1863 3497 2113 3550 civitates
2148 3496 2203 3550 in

2311 3510 2498 3580 αὐτῆς,
2528 3528 2548 3560 ι
2581 3509 2950 3580 Δεδοξασμένα
2978 3508 3211 3582 ἐλαλήθη
3235 3508 3364 3580 περὶ
3391 3507 3507 3573 σοῦ,
3535 3509 3569 3579 ἡ
3597 3506 3748 3572 πόλις
3773 3505 3874 3560 τοῦ

645 3582 884 3639 Ecclesia
930 3582 1371 3639 luerintdiversae
1393 3585 1624 3640 instituti
1656 3595 1712 3641 et
1740 3585 1898 3661 oﬂicii
1930 3588 2204 3652 rationes;

2311 3598 2460 3652 Θεοῦ.
2505 3618 2524 3650 ι
2554 3598 2721 3652 Πέντε
2743 3598 2800 3651 δὲ
2833 3598 3014 3662 πόλεις
3031 3599 3089 3650 tv
3126 3597 3417 3667 Ἐκκλησία
3435 3597 3546 3650 εἶεν
3575 3596 3642 3651 ἂν
3672 3597 3727 3649 αἱ
3751 3594 3874 3648 διά-

644 3676 879 3744 quinque
898 3689 1026 3730 vero
1056 3685 1183 3730 sunt
1219 3677 1436 3733 ordines
1457 3677 1733 3741 distincti;
1764 3686 1876 3732 tres
1904 3677 2110 3732 scilicet
2131 3678 2203 3732 ita

2311 3705 2462 3760 φοροι
2496 3689 2786 3742 πολιτεῖαι·
2833 3688 2944 3758 (25)
2973 3688 3131 3742 πέντε
3159 3688 3216 3742 δὲ
3244 3672 3498 3758 τάγματα
3549 3685 3870 3759 διῃρημένα,

644 3781 895 3822 numeres
920 3785 936 3821 :
968 3767 1170 3837 primus
1191 3777 1274 3823 est
1295 3768 1579 3838 presulum
1608 3769 1762 3832 ordo,
1785 3770 2048 3824 secundus
2077 3784 2201 3838 pre-

2311 3781 2471 3852 ῆγουν
2499 3784 2647 3852 τρεῖς
2677 3780 3020 3851 ἀριθμήσεις,
3045 3780 3106 3832 τὸ
3161 3779 3376 3852 πρῶτον
3430 3779 3538 3832 τῶν
3596 3777 3872 3850 προέδρων

643 3857 1001 3926 sbyterorum,
1044 3857 1391 3911 diaconorum
1422 3858 1645 3922 tertius,
1685 3869 1908 3926 quartus
1937 3858 2203 3912 illumina-

2311 3871 2513 3940 τάγμα,
2542 3874 2635 3924 καὶ
2654 3872 2714 3925 τὸ
2735 3871 2981 3943 δεύτερον
3004 3871 3113 3925 τῶν
3137 3869 3519 3942 πρεσϐυτέρων
3539 3909 3554 3935 ,
3585 3870 3646 3922 τό
3671 3885 3731 3922 τε
3758 3867 3872 3924 τῶν

647 3959 822 4001 torum
852 3947 906 4000 in
942 3946 1173 4012 Christo,
1206 3958 1502 4016 postremus
1541 3962 1750 4013 eorum,
1776 3950 1866 4017 qui
1897 3949 2199 4003 initiantur.

2311 3961 2564 4016 διακόνων
2591 3964 2654 4017 τὸ
2678 3964 2877 4036 τρίτον,
2909 3964 3003 4017 καὶ
3031 3963 3138 4017 τῶν
3185 3965 3243 4017 tv
3269 3964 3490 4035 Χριστῳ
3519 3959 3870 4033 πεφωτισμέ-

646 4039 933 4095 Sciendum
975 4054 1101 4109 ergo
1132 4050 1217 4093 est
1241 4040 1457 4095 ordines
1485 4041 1721 4110 quinque
1751 4040 1805 4095 in
1843 4040 2080 4095 Ecclesia
2107 4040 2200 4095 Dei

2311 4069 2410 4105 νων
2458 4053 2749 4122 τέταρτον,
2785 4055 2877 4108 καὶ
2931 4055 3023 4108 ἐπὶ
3075 4053 3285 4118 τούτοις
3338 4054 3445 4109 τῶν
3494 4055 3553 4109 tv
3591 4054 3868 4127 εἰσαγωγῇ

647 4131 879 4195 versari;
906 4145 1071 4199 quare
1097 4131 1333 4199 quinque
1374 4131 1617 4186 civitates
1651 4132 1751 4185 sub
1788 4146 1892 4185 una
1928 4133 2200 4196 dicuntur,

2311 4146 2693 4214 τυγχανόντων.
2741 4144 2953 4210 Ἰστέον,
2973 4145 3049 4209 ὡς
3079 4145 3242 4200 πέντε
3260 4145 3517 4217 τάγματα
3529 4143 3870 4199 πολιτεύεται

645 4218 921 4288 ιοίιυεηιεε
970 4218 1145 4289 ιίηευα
1177 4233 1296 4288 (ιιιίε
1343 4213 1470 4272 Olim
1499 4221 1638 4288 ⁸1)υά
1680 4218 1961 4290 Εεῑριίοε
1987 4219 2202 4275 Chana'
2306 4235 2362 4287 tv
2386 4213 2452 4306 τῇ
2494 4236 2784 4307 Ἐκκλησία
2811 4237 2902 4290 τοῦ
2927 4236 3060 4291 Θεοῦ
3083 4237 3196 4291 ’διὸ
3215 4213 3382 4291 πέντε,
3395 4236 3577 4301 πόλεις
3610 4235 3714 4290 ύπὺ
3739 4234 3868 4308 μίαν

648 4325 758 4365 nm
807 4311 1179 4379 repntabatur,
1207 4321 1264 4365 et
1298 4309 1543 4378 iurantes
1572 4325 1677 4365 non
1712 4326 1807 4380 per
1847 4326 1975 4378 eos,
2007 4312 2096 4381 qui
2127 4311 2200 4365 dii

2311 4321 2571 4393 εἴρηνται,
2586 4324 2839 4380 λαλοῦσαι
2865 4329 2931 4398 τῇ
2955 4326 3192 4398 γλώσσῃ,
3216 4327 3382 4380 πάλαι
3401 4328 3530 4398 παρ’
3557 4325 3872 4395 Αἰγυπτίοις

649 4402 800 4471 patrii
847 4402 1322 4465 existimabantur,
1361 4402 1458 4456 sed
1488 4402 1542 4454 in
1589 4401 1804 4456 nomine
1841 4401 2050 4455 Domini
2097 4399 2200 4457 Sa-

2311 4412 2631 4488 νομιζομὲνῃ
2657 4419 3022 4482 Χαναανίτιδι,
3048 4419 3143 4474 καὶ
3175 4418 3462 4489 ὀμνύοντες
3484 4419 3545 4471 ού
3591 4418 3718 4481 τοὺς
3763 4435 3871 4470 πα-

649 4460 829 4554 haotb,
862 4490 952 4558 qui
981 4490 1107 4544 olim
1166 4460 1362 4544 Judaeis
1385 4490 1634 4581 cognitus
1660 4488 1799 4545 Deus
1828 4499 1963 4544 erat.
1993 4489 2092 4545 llic
2119 4490 2206 4548 ille

2311 4460 2701 4576 τρι-ῥξυζθεόὺς
2739 4509 2831 4572 οὓς
2854 4460 3121 4581 ὲνόμιέονῖ
3153 4460 3269 4564 ἁλι-λ’
3300 4511 3333 4580 ἢ
3369 4460 3459 4580 tif:
3487 4460 3714 4581 ὀνόματί
3753 4509 3872 4561 Κυ-

649 4591 765 4635 erat
791 4583 880 4650 qui
912 4584 962 4635 in
994 4582 1133 4636 nube
1157 4580 1284 4646 levi,
1317 4564 1563 4636 biéyerat
1591 4582 1680 4649 qui
1718 4581 1784 4635 ad
1821 4581 1966 4650 ipsos
1995 4582 2210 4639 advenit

650 4672 912 4725 Christus.

715 4853 879 4907 Vens.
921 4854 1006 4907 l9.
1038 4871 1056 4904 ι
1092 4851 1149 4906 in
1200 4854 1285 4908 die
1318 4852 1403 4907 illa
1434 4853 1538 4908 erit
1577 4852 1742 4908 altare
1781 4855 2006 4911 Domino
2037 4856 2090 4910 in
2119 4871 2204 4912 re-

648 4948 802 5015 gione
833 4943 1227 5016 Egyptian-um,
1256 4956 1310 5001 et
1355 4946 1600 5000 columna
1642 4947 1706 4999 ad
1750 4948 2034 5002 terminum
2085 4947 2202 5017 ejus

651 5035 891 5088 Domino.
922 5053 942 5086 ι
975 5035 1048 5087 De
1071 5035 1351 5088 divinitate
1375 5034 1468 5089 Dei
1495 5037 1547 5088 in
1571 5035 1800 5106 Egypto
1822 5040 2199 5094 constituenda

647 5137 699 5178 et
732 5129 797 5181 de
821 5127 1047 5181 diversis
1075 5127 1127 5180 in
1162 5127 1379 5181 civitate
1399 5129 1693 5196 ordinibus,
1708 5131 2040 5195 vaticinatus,
2068 5146 2198 5186 con-

653 5229 934 5284 sequenter
963 5219 1130 5272 altare
1154 5218 1204 5273 iu
1227 5219 1446 5275 civitate
1474 5220 1565 5274 Dei
1613 5219 1845 5275 futurum
1874 5237 2200 5280 commemo-

718 5330 762 5361 "
787 5329 921 5382 Psal.
949 5346 1039 5393 cx,
1066 5330 1149 5384 10.
1226 5331 1270 5363 ⁹⁹
1293 5329 1436 5386 Psal.
1467 5333 1750 5397 Lxxxvi,5.

721 5465 830 5535 (25)
871 5465 966 5520 llic
1016 5464 1404 5536 Hiero_nymus,
1445 5485 1473 5518 ι·
1519 5466 1686 5520 Porro
1723 5469 1810 5535 qui
1861 5469 1914 5522 in
1971 5471 2202 5526 adventu

651 5533 901 5599 Christi,»
928 5536 1022 5595 ait.
1045 5553 1061 5584 ι
1086 5546 1135 5588 et
1164 5533 1403 5588 Humano
1432 5538 1656 5604 imperio
1677 5533 2005 5604 prophetiam
2035 5542 2208 5594 disse-

658 5613 802 5677 runt,
832 5606 1355 5677 quinque-civitates
1393 5605 1475 5657 vel
1521 5605 1687 5673 legem
1737 5605 1980 5675 Domini,
2008 5626 2126 5677 qua:
2153 5612 2205 5665 in

653 5673 973 5728 Alexandria
1020 5673 1246 5736 primum
1299 5676 1646 5740 interpretata
1689 5687 1798 5743 est,
1835 5679 1918 5732 vel
1969 5673 2204 5742 quinque

2312 4596 2426 4666 ρίου
2480 4597 2728 4663 Σαϐαὼθ,
2782 4601 2877 4653 τοῦ
2927 4602 3092 4655 πάλαι
3136 4601 3424 4663 Ἰουδαίοις
3467 4599 3869 4672 γνωριζομένου

2310 4684 2462 4738 Θεοῦ.
2499 4684 2664 4752 Οὗτος
2690 4689 2746 4742 δὲ
2790 4685 2857 4759 ἦν
2884 4692 2912 4743 ό
2958 4691 3051 4743 ἐπὶ
3081 4690 3307 4761 νεφέλης
3331 4689 3570 4760 κούφης,
3601 4679 3758 4752 οὗτος
3808 4686 3871 4741 δὲ

2309 4769 2374 4846 ἦν
2400 4779 2428 4829 ὁ
2460 4778 2798 4850 ἐπιδημήσας
2832 4781 3061 4851 Χριστὸς
3085 4781 3288 4844 αὐτοῖς.

2382 4887 2400 4918 t
2433 4871 2511 4941 Τῇ
2563 4871 2744 4943 ἡμέρᾳ
2766 4873 2947 4942 ἐκείνῃ
2972 4873 3122 4926 ἔσται
3159 4871 3539 4943 θυσιαστήριον
3575 4870 3652 4943 τῷ
3677 4869 3871 4942 Κυρίῳ

2305 4959 2364 5011 tv
2383 4958 2536 5032 χώρᾳ.
2565 4963 2896 5029 Αἰγυπτίων,
2930 4964 3096 5034 στήλη
3125 4964 3260 5036 πρὸς
3291 4963 3352 5016 τὸ
3396 4949 3540 5034 ὅριον
3583 4963 3752 5032 αὐτῆς
3788 4961 3872 5033 τῷ

2304 5052 2510 5122 Κυρίῳ.
2552 5072 2570 5103 ι
2597 5054 2982 5124 Προφητεύσας
3002 5057 3030 5107 ό
3049 5054 3205 5124 λόγος
3233 5055 3362 5125 περὶ
3392 5053 3599 5116 πόλεως
3628 5052 3761 5108 Θεοῦ
3809 5053 3871 5108 tv

2303 5141 2563 5215 Αἰγύπτῳ
2584 5147 3006 5217 συστηωμένης,
3054 5146 3148 5201 καὶ
3174 5145 3284 5199 τῶν
3312 5147 3370 5199 ἐν
3399 5147 3472 5218 τῇ
3509 5145 3661 5199 πόλει
3685 5143 3874 5214 διαφό-

2309 5249 2415 5303 ρων
2446 5237 2761 5307 ταγμάτων,
2785 5239 3086 5303 ἀκολούθως
3113 5238 3495 5310 θυσιαστηρίου
3521 5239 3581 5293 tv
3615 5239 3683 5310 τῇ
3716 5236 3873 5292 πόλει

2311 5478 2566 5551 Ecclesia:
2599 5479 2836 5540 ordines.
2861 5480 3146 5549 episcopos
3167 5520 3184 5548 ,
3211 5479 3869 5551 presbyteros,diaconos.

2311 5547 2494 5629 lideles
2554 5558 2609 5601 et
2641 5547 3077 5629 catechumenos,
3116 5567 3135 5603 ι
3169 5547 3260 5605 ubi
3307 5547 3492 5620 aperte
3537 5547 3752 5606 Eusebii
3793 5548 3874 5604 iu-

2311 5627 2597 5688 terpretem
2621 5627 2748 5688 agit.
