4120 6294
239 298 346 358 $3

1196 293 1703 355 COIHENTARIA
1741 294 1812 353 lN
1848 294 2106 354 lSAlAIl.
2146 328 2215 337 —
2249 293 2402 353 CAP.
2442 294 2588 353 XIX.

3406 294 3519 357 BL

236 414 326 470 τοῦ
362 414 499 469 Θεοῦ
531 414 910 487 γενησομένω
939 413 1291 487 μνημονεύει,
1309 416 1404 468 καὶ
1432 412 1590 469 τοῦτο
1609 412 1827 468 ἔσεσθαι

1932 422 2034 478 rat,
2065 413 2208 483 quod
2246 413 2408 468 modo
2446 427 2705 483 perquam
2753 412 2986 469 mirabili
3033 411 3153 469 fore
3193 409 3346 470 dicit.
3378 411 3517 471 Nam

236 507 575 579 παραδόξως.
596 507 720 560 Τῶν
745 508 856 578 γάρ
883 507 1049 560 πάλαι
1078 508 1207 579 παρ’
1249 506 1568 575 Αἰγυπτίοις
1614 504 1828 576 νομιζο-

239 598 420 670 μένων
451 598 591 652 θεῶν
628 597 1010 661 ἀπολωλότων,
1058 588 1155 651 καὶ
1187 594 1283 650 τοῦ
1342 594 1591 667 ποταμοῦ
1648 593 1829 649 αὐτῶν

235 690 648 756 ἀκλελοιπότος,
679 690 911 743 καὶτῶν
954 690 1229 761 ἀρχόντων
1266 687 1485 753 Τάνεως
1528 691 1624 741 atat
1675 687 1831 758 Μέμ-

237 798 386 851 φεως
423 782 965 854 ἀπομωρανθέντων,
1012 783 1074 836 τὸ
1101 783 1231 853 παρ’
1270 780 1543 845 Ἰουδαίοις
1565 779 1829 852 ὀνομαζό-

238 888 405 942 μενον
447 871 642 942 Κυρίῳ
688 872 1076 944 θυσιαστήριόν
1103 887 1237 943 φησι
1261 870 1660 942 συστήσεσθαι·
1690 870 1719 924 ὃ
1763 870 1829 941 δὴ

237 962 334 1016 καὶ
364 964 398 1033 ή
432 962 545 1017 τῶν
579 966 922 1035 πραγμάτων
966 964 1191 1029 ἔκϐασις
1228 964 1530 1035 ὀφθαλμοῖς
1564 966 1695 1037 ήμτν
1734 964 1831 1018 αύ-

236 1054 354 1116 τοζς
403 1052 722 1106 δείκνυσινο
780 1053 856 1119 ὡς
914 1055 1114 1127 μηκέτι
1174 1056 1255 1120 εἰς
1307 1055 1574 1127 μέλλοντα
1640 1056 1831 1127 καιρὸν

238 1145 552 1218 προώοκᾷν
575 1146 670 1201 τοῦ
711 1146 871 1217 λόγου
895 1149 956 1203 τὺ
987 1147 1355 1219 ἀποτέλεσμα.
1375 1148 1487 1219 (26)
1531 1150 1617 1213 Ὠς
1650 1148 1707 1202 δὲ
1733 1148 1834 1221 μία

240 1238 424 1302 πίστις
463 1238 559 1293 καὶ
592 1238 650 1292 ἓν
676 1240 958 1312 βάπτισμα
987 1242 1083 1295 καὶ
1117 1241 1219 1312 μία
1264 1240 1562 1313 Ἐκκλησία
1586 1240 1829 1313 εἴρηται,

237 1328 383 1385 οὕτω
414 1330 513 1384 καὶ
541 1330 930 1406 θυσιαστήριον
971 1332 1030 1388 ἓν
1071 1333 1193 1388 καθ’
1223 1332 1351 1403 ὅλης
1403 1334 1502 1404 τῆς
1552 1332 1831 1401 Αἰγύπτου

240 1424 616 1497 ὶγηγερμενον
641 1427 700 1478 εν
734 1429 853 1489 ταῖς
876 1426 1194 1496 ικκλησίαις
1208 1426 1301 1480 τοῦ
1314 1425 1449 1480 Θεοῦ
1474 1425 1832 1497 θυσιαστήρια

237 1515 521 1585 τυγχάνει,
580 1515 672 1567 καὶ
703 1515 803 1585 μία
846 1514 911 1585 δή
947 1514 1058 1587 (27)
1090 1516 1260 1585 στήλη
1289 1517 1476 1588 γραξρὴ
1505 1516 1602 1569 σὺν
1634 1515 1713 1586 τῷ
1741 1516 1834 1570 θυ-

239 1606 549 1678 σιαστηρίῳ
576 1608 634 1661 ιν
672 1606 975 1677 δηλωθείοῃ
1020 1606 1175 1660 πόλει
1210 1606 1462 1677 συνέστη,
1526 1606 1835 1678 διορίζουσα

236 1701 365 1763 τοὺς
396 1700 629 1764 πιστοὺς
653 1698 763 1752 τῶν
796 1698 1130 1769 Αἰγυπτίων,
1161 1699 1257 1752 καὶ
1288 1698 1622 1772 ἀφορίζουσα
1634 1700 1833 1765 αὐτοὺς

1931 518 2052 558 cum
2083 504 2155 557 illi
2182 503 2316 560 olim
2343 505 2483 574 apud
2522 503 2813 577 Egyptios
2853 506 3086 574 reputati
3115 504 3191 561 dii
3231 505 3514 576 perierint,

1930 597 2129 651 ﬁumen
2157 596 2395 667 ipsorum
2424 596 2710 662 defecerit,
2734 597 3008 668 principes
3033 590 3248 653 Taneos
3271 606 3327 653 et
3350 596 3518 652 lem-

1933 689 2099 759 pheos
2121 689 2367 745 infatuati
2391 688 2769 755 inierint,eunc
2786 690 2961 747 altare
2987 691 3130 761 apud
3158 686 3374 748 Iudaica
3410 689 3518 747 Do-

1934 780 2082 835 mino
2128 789 2532 850 nuncupatum,
2572 781 3014 838 constituendum
3071 782 3190 838 fore
3233 780 3518 853 ait,quod

1932 882 2063 923 sane
2094 870 2171 924 rei
2206 878 2437 925 eventus
2461 870 2618 925 nobis
2647 870 2720 925 ob
2746 868 2936 925 oculos
2964 870 3153 939 ponit;
3178 870 3254 926 ita
3288 880 3350 925 ut
3382 870 3517 925 dicti

1932 961 2384 1030 complementum
2435 960 2503 1017 ad
2548 960 2788 1017 futurum
2831 969 3044 1030 tempus
3080 977 3190 1017 non
3229 971 3517 1032 exspecta.

1936 1068 2077 1106 mus.
2114 1050 2578 1120 Quemadmodum
2614 1062 2795 1109 autem
2812 1068 2917 1109 una
2950 1051 3107 1120 ﬁdes,
3140 1068 3305 1109 unum
3339 1052 3520 1123 bapti-

1934 1158 2072 1209 sma,
2107 1153 2163 1198 et
2197 1158 2304 1197 una
2332 1142 2571 1199 Ecclesia
2607 1144 2840 1211 dicitur,
2870 1144 2951 1200 sic
2971 1153 3028 1200 et
3049 1144 3242 1200 altaria
3281 1145 3518 1215 plurima

1934 1235 1987 1288 in
2025 1242 2138 1289 tota
2165 1228 2400 1304 Egypto
2422 1232 2735 1298 constituta,
2765 1248 2863 1304 pro
2897 1249 3005 1288 uno
3034 1232 3191 1289 altari
3231 1234 3287 1288 in
3325 1230 3519 1288 Eccle—

1934 1326 2032 1382 siis
2078 1324 2170 1381 Dei
2223 1324 2523 1381 constituto
2558 1320 2806 1380 habenda
2844 1331 3004 1389 sunt,
3034 1333 3090 1380 et
3118 1337 3226 1381 una
3266 1317 3518 1379 columna

1933 1419 2049 1473 sive
2088 1417 2279 1487 cippus
2318 1429 2442 1471 cum
2487 1414 2647 1471 altari
2691 1416 2746 1469 in
2783 1415 2873 1470 illa
2912 1414 3135 1472 civitate
3181 1416 3359 1488 posita
3398 1421 3517 1481 est,

1935 1508 2122 1565 ﬁdeles
2167 1504 2450 1580 Egyptians
2490 1507 2558 1562 ab
2594 1502 2899 1564 inﬁdelibus
2944 1520 3241 1579 segregans
3272 1521 3341 1563 ac
3378 1506 3520 1563 divi-

1936 1606 2089 1661 dens.
2120 1604 2292 1676 Regio
2317 1604 2484 1676 igitur
2513 1604 2600 1659 illa
2634 1601 2970 1673 Judaeorum,
2996 1621 3118 1677 qua:
3156 1608 3209 1661 in
3249 1615 3519 1663 terrorem

1935 1697 2209 1770 .Egyptiis
2231 1697 2411 1753 futura
2442 1697 2662 1762 dicitur,
2699 1694 2977 1754 Judaicam
3024 1696 3337 1763 subindicat
3370 1698 3523 1755 Scri-

236 1763 640 1847 τῶνάπίστων.
688 1791 752 1844 Ἦ
905 1785 998 1845 οὖν
1030 1789 1289 1862 ἀνωτέρω
1317 1763 1696 1862 εἰς’φόὸητρον
1715 1763 1827 1855 τοῖς

1934 1763 2183 1860 pteram,
2220 1805 2283 1843 ac
2334 1788 2548 1846 Veteris
2587 1788 2923 1846 Testamenti
2972 1790 3235 1855 verbum;
3267 1790 3521 1846 columna

237 1881 562 1949 Αἰγυπτίας
605 1880 824 1935 ισεσθαι
869 1881 1136 1953 λεγομένη
1179 1880 1335 1953 χώρα
1384 1881 1493 1935 τῶν
1539 1880 1824 1947 Ἰουδαίων,

237 1972 339 2044 τήν
372 1972 672 2045 Ἰουδαῐκὴν
695 1973 990 2027 αἰνίττεται
1012 1972 1378 2045 Γραφὴν,’καί
1416 1973 1510 2026 τὸν
1558 1973 1661 2044 τῆς
1711 1974 1827 2027 Πα-

238 2062 399 2128 λαιᾶς
424 2062 707 2135 Διαθήκης
730 2062 887 2133 λόγον
909 2078 924 2094 ⁸
946 2064 980 2133 ή
1004 2062 1063 2117 δὲ
1087 2062 1166 2134 τῷ
1194 2062 1432 2136 Χριστοῦ
1450 2064 1824 2136 θυσιαστηρίῳ

1933 1895 2064 1938 vero
2095 1897 2217 1936 cum
2238 1878 2441 1939 Christi
2480 1880 2637 1936 altari
2669 1879 2978 1952 conjuncta,
3008 1878 3143 1937 Novi
3188 1881 3525 1939 Testamenti

1933 1971 2284 2045 Evangelium
2332 1972 2753 2039 luerit,Christi
2805 1972 2991 2031 ﬁdeles
3023 1989 3092 2029 ex
3142 1972 3414 2046 Egyptiia
3450 1976 3523 2029 ab

1930 2064 2237 2119 infidelibus
2260 2063 2664 2120 disterminans.

241 2156 647 2230 συνεζευγμένη
676 2156 849 2229 στήλη
875 2155 937 2210 τὸ
967 2157 1068 2225 τῆς
1096 2158 1307 2229 Καινῆς
1334 2156 1609 2231 Διαθήκης
1640 2158 1727 2230 εἴη
1761 2160 1827 2213 ἀν
1867 2158 2217 2227 Εύαγγιλιον,
2246 2154 2481 2231 διορίζον
2536 2157 2667 2222 τοὺς
2728 2157 2809 2222 εἰς
2862 2158 2956 2213 τὸν
3004 2156 3238 2231 Χριστὸν
3303 2154 3526 2212 πιστεό-

240 2269 439 2316 ααντας
454 2250 564 2305 τῶν
584 2247 896 2320 Αἰγυπτίων
921 2250 1030 2305 ἀπὸ
1050 2250 1161 2304 τῶν
1185 2251 1457 2306 ἀπίστων.

315 2360 336 2395 t
374 2341 487 2396 Καὶ
538 2340 691 2395 ἔσται
739 2343 821 2405 εἰς
871 2344 1096 2414 σημεῖον
1128 2343 1209 2407 εἰς
1235 2342 1327 2398 τὸν
1360 2342 1532 2398 αἰῶνα
1554 2341 1745 2415 Κυρίῳ
1770 2344 1829 2397 ἰν

238 2433 396 2505 χώρᾳ
429 2434 732 2503 Αἰγύπτου,
758 2434 841 2487 ὅτι
868 2434 1226 2505 κεκράξονται
1293 2435 1431 2510 πρὸς
1482 2434 1689 2508 Κύριον
1739 2434 1829 2489 διὰ

236 2524 364 2589 τοὺς
386 2525 668 2589 suam“
694 2525 914 2589 αύτούς.
938 2527 1050 2580 Καὶ
1072 2528 1362 2582 ἀποστελεῖ
1386 2528 1573 2592 αὐτοῖς
1614 2526 1827 2599 ἀνθρω-

240 2633 344 2670 πον
398 2615 461 2682 ὃς
517 2615 680 2670 σώσει
737 2616 965 2681 αὐτούς·
1014 2616 1216 2688 κρίνων
1250 2618 1415 2673 σώσει
1435 2619 1655 2683 αὐτούς.
1714 2620 1829 2673 Καὶ

239 2709 482 2778 γνωστὺς
504 2708 658 2763 ἔσται
684 2708 885 2781 Κύριος
910 2711 1021 2774 τοίς
1046 2711 1382 2779 Αἰγυπτίοις,
1406 2712 1500 2767 καὶ
1527 2710 1826 2781 γνώσονται

236 2803 290 2854 οἰ
326 2801 615 2870 Αἰγύπτιοι
662 2800 756 2855 τὸν
820 2801 1023 2873 Κύριον
1082 2803 1139 2855 ὲν
1184 2804 1250 2874 τῇ
1297 2802 1480 2875 ήμιρᾳ
1504 2801 1826 2875 exambita).

239 2894 529 2965 ποιήσουσι
558 2892 749 2947 θυσίαν
771 2894 864 2948 καὶ
897 2892 1089 2965 δῶρον,
1115 2894 1210 2947 καὶ⁵
1240 2892 1487 2959 εὔξονται
1524 2893 1693 2964 εὐχὰς
1745 2892 1824 2964 τῷ

239 2984 454 3055 Κυρίῳ,
485 2984 579 3037 καὶ
630 2982 991 3037 ἀποδώσουσι.
1030 3001 1051 3035 ι
1099 2982 1191 3036 Διὸ
1240 2983 1317 3054 τῷ
1381 2982 1592 3055 σημείῳ
1649 2981 1824 3052 τούτῳ

2006 2345 2172 2401 Vens.
2202 2344 2292 2413 20,
2314 2344 2407 2398 21.
2442 2361 2462 2395 ι
2504 2342 2572 2397 Et
2594 2340 2701 2397 erit
2728 2341 2782 2395 in
2805 2342 3019 2413 signum
3050 2342 3105 2397 in
3134 2341 3393 2398 saeculum
3418 2340 3523 2395 Do:

1934 2441 2079 2494 mino
2106 2439 2160 2495 in
2189 2438 2408 2508 regione
2430 2433 2670 2506 Egypti,
2694 2424 2949 2502 quoniam
2976 2432 3293 2489 clamabunt
3316 2430 3398 2487 ad
3416 2431 3527 2487 Da-

1931 2534 2134 2589 minum
2172 2541 2393 2602 propter
2424 2528 2794 2598 opprimentes
2838 2539 2954 2581 eos.
2990 2525 3058 2580 Et
3102 2525 3281 2581 mittet
3311 2525 3394 2581 eis
3426 2526 3528 2582 ho—
3620 2535 3623 2538 '

1930 2625 2155 2687 minem,
2198 2622 2289 2691 qui
2321 2618 2702 2684 salvabiteos;
2736 2617 2991 2689 judicans
3034 2617 3266 2673 salvabit
3297 2632 3415 2674 eos.
3455 2618 3526 2675 Et

1930 2726 2091 2772 notus
2126 2714 2232 2770 erit
2270 2712 2535 2768 Dominus
2562 2709 2853 2782 Egyptiis,
2883 2719 2939 2765 et
2988 2720 3319 2781 cognoscent
3349 2708 3526 2783 Egy-

1930 2806 2028 2878 ptii
2072 2805 2356 2860 Dominum
2401 2804 2456 2858 in
2510 2803 2599 2859 die
2626 2803 2737 2869 illa,
2785 2811 2842 2856 et
2875 2799 3077 2856 facient
3110 2801 3443 2857 sacriﬁcium
3470 2810 3529 2858 et

1930 2900 2154 2965 donum,
2205 2909 2260 2953 et
2306 2896 2577 2951 vovebunt
2631 2906 2757 2950 vota
2807 2894 3057 2958 Domino,
3104 2902 3177 2949 et-
3208 2895 3457 2952 reddent.
3498 2913 3521 2946 ι

1931 2990 2315 3059 Quamobrem,
2349 3003 2471 3043 cum
2514 2986 2618 3044 hoc
2646 2987 2803 3056 signo
2831 3001 2953 3043 sese
2981 2986 3193 3041 munire
3232 2986 3528 3043 didicerint

242 3074 795 3145 κατασφραγίζεσθαι
831 3076 1210 3147 μεμαθηκότες
1239 3078 1287 3128 οἰ
1310 3075 1401 3129 τδν
1425 3076 1628 3147 Κύριον
1650 3092 1827 3147 παρα-

1932 3082 2195 3153 Egyptii,
2223 3082 2317 3151 qui
2342 3080 2627 3135 Dominum
2665 3088 3038 3148 susceperunt,
3070 3080 3171 3135 hoc
3226 3086 3529 3135 tutamenta

238 3164 552 3234 δεδεγμένοι
579 3164 867 3232 Αἰγύπτιοι
902 3166 1257 3236 φυλακτηρίῳ
1287 3165 1462 3236 τούτῳ
1494 3166 1791 3237 κέχρηνται
1812 3184 1823 3195 ·

241 3253 381 3309 ὥστε
412 3256 507 3309 καὶ
538 3258 595 3308 ὲν
626 3259 747 3318 ταῖς
781 3256 1021 3326 θλίψεσιν
1046 3257 1195 3328 αὐτῷ
1231 3257 1442 3328 σημείῳ
1475 3256 1657 3329 βοηθῷ
1685 3258 1819 3330 χρώ-

244 3362 394 3399 me:
437 3344 673 3417 ἀναὸοᾷν
712 3346 806 3399 καὶ
826 3346 1202 3401 ἐπικαλεῖσθαι
1239 3350 1330 3402 τὸν
1364 3346 1567 3420 Κύριον
1587 3347 1675 3401 διά
1701 3350 1830 3413 τοὺς

239 3437 616 3502 διαθλίῦοντας
648 3438 864 3502 αὐτούς.
904 3439 1061 3503 Τίνες
1080 3439 1135 3493 δὲ
1164 3435 1303 3511 ἦσαν
1325 3435 1488 3505 οὗτοι,
1524 3439 1634 3494 ἀλλ’
1691 3440 1724 3510 ἢ
1778 3441 1828 3493 οἱ

240 3526 637 3595 ἀπομίνανιτες
664 3530 730 3599 τῇ
759 3528 1002 3600 ἀπωλείᾳ
1038 3530 1325 3598 Αἰγύπτιοι
1348 3570 1363 3595 ,
1413 3531 1541 3602 περὶ
1588 3524 1663 3584 ὧν
1706 3534 1826 3584 κατ’

241 3620 418 3691 ἀρχὰς
459 3620 676 3689 ἐλέγετο
724 3621 822 3692 τῆς
880 3623 1235 3693 προφητείας,
1300 3642 1319 3674 ι
1356 3623 1466 3676 Kat
1523 3625 1829 3695 ἐπαναστή-

245 3728 429 3767 σονται
462 3712 749 3781 Αἰγύπτιοι
791 3714 928 3785 πρὸς
987 3714 1338 3783 Δίγυπτίους,
1392 3715 1487 3769 καὶ
1531 3716 1826 3788 πολεμήσει

244 3803 535 3870 ἄνθρωπος
561 3803 654 3859 τὸν
681 3804 909 3875 ἀδελφὸν
940 3806 1130 3873 αὐτοῦ,
1164 3807 1314 3871 πόλις
1350 3809 1444 3861 ὲπί
1503 3809 1679 3874 πόλιν,
1734 3812 1828 3863 καὶ

247 3898 409 3968 νομὸς
435 3898 530 3950 ὲπί
558 3898 742 3970 νομόν.
788 3917 807 3949 ι

319 4008 341 4041 ι
376 3990 490 4044 Καὶ
520 3990 747 4055 πατάξει
774 3990 977 4064 Κύριος
1003 3992 1130 4057 τοὺς
1156 3991 1487 4061 Αἰγυπτίους
1522 3992 1703 4065 πληγῇ
1732 3994 1827 4047 καὶ

248 4080 459 4135 ἰάσεται
510 4081 738 4147 αὐτούς·
774 4083 869 4137 καὶ
884 4085 1384 4157 ἑπιστραφήσονται
1417 4087 1555 4157 πρὸς
1598 4084 1825 4157 Κύριον,

245 4172 343 4231 καί
364 4172 746 4227 εἰσακούσεται
779 4173 982 4238 αὐτῶν,
1018 4175 1112 4228 καὶ
1139 4175 1351 4229 ίάσεται
1379 4175 1575 4238 αὐτοὺς
1611 4176 1769 4230 ἰάσει.
1801 4194 1821 4228 ι

259 4264 410 4318 ἐπεὶ
441 4262 549 4339 γάρ
576 4282 596 4317 ι
618 4264 679 4321 ὃν
712 4267 905 4337 ἀγαπᾷ
935 4267 1137 4339 Κύριος
1158 4307 1173 4331 ,
1204 4268 1298 4321 καί
1329 4266 1598 4321 παιδεύει·
1635 4285 1827 4339 μαστι-

247 4357 413 4425 γοῑδὲ
465 4356 643 4411 πάντα
674 4358 810 4425 υἰδν,
844 4359 905 4413 ὃν
950 4360 1349 4431 παραδέχεται·
1378 4378 1396 4411 ι
1444 4359 1669 4424 εἰκότως
1732 4360 1826 4415 καὶ

1933 3185 2191 3241 utentur;
2222 3174 2297 3227 ita
2334 3181 2393 3225 ut
2432 3170 2485 3227 in
2541 3171 2803 3228 arumnis
2847 3172 3039 3227 eodem
3066 3172 3223 3241 signo
3246 3185 3345 3241 pro
3372 3170 3531 3240 adju-

1934 3276 2049 3321 tore
2099 3264 2203 3330 usi,
2234 3262 2470 3317 clament
2500 3271 2558 3318 et
2609 3263 2868 3319 invocent
2920 3262 3213 3318 Dominum
3266 3262 3531 3318 adversus

1930 3372 2022 3412 eos
2091 3358 2183 3428 qui
2222 3372 2282 3413 se
2338 3356 2665 3427 oppriment.
2715 3354 2948 3421 Quinam
3000 3363 3181 3410 autem
3229 3352 3307 3409 illi
3344 3363 3527 3418 erant,

1932 3450 2034 3504 nisi
2060 3450 2095 3504 ii
2127 3450 2219 3519 qui
2248 3449 2301 3503 in
2332 3448 2573 3519 pernicie
2599 3456 2921 3504 manserunt
2949 3445 3214 3518 Egyptii,
3235 3446 3302 3501 de
3332 3445 3531 3515 quibus

1930 3541 1984 3595 in
2016 3541 2310 3610 prophetia:
2336 3540 2489 3595 initio
2515 3540 2817 3605 dicebatur,
2839 3556 2858 3589 ι
2883 3538 2953 3593 Ει
2997 3536 3531 3610 insurgentASgyptii

1930 3641 2117 3687 contra
2147 3630 2459 3704 Egyptios,
2477 3641 2532 3686 et
2562 3631 2784 3686 bellabit
2822 3630 2988 3686 homo
3012 3629 3276 3685 advenas
3305 3630 3529 3685 fratrem

1930 3737 2107 3790 suum,
2165 3724 2355 3778 civitas
2385 3723 2648 3778 adversus
2677 3721 2952 3778 civitatem
2973 3762 2988 3788 ,
3011 3729 3069 3775 et
3112 3735 3307 3777 nomus
3335 3722 3531 3778 adver-

1929 3829 2021 3869 SUS
2048 3829 2288 3869 nomum.
2334 3834 2353 3867 ι

2003 3997 2163 4054 Vens.
2188 3996 2279 4052 εἳ.
2300 4016 2317 4049 ι
2338 3998 2405 4051 Ει
2435 3995 2703 4066 percutiet
2723 3994 2981 4051 Dominus
3008 3989 3301 4067 Egyptios
3322 3996 3479 4069 plaga
3504 4035 3522 4061 ,

1929 4101 1985 4145 et
2014 4090 2228 4144 sanabit
2269 4103 2384 4144 eos.
2436 4088 2503 4142 Et
2560 4095 2944 4143 convertentur
2990 4086 3058 4141 ad
3111 4085 3425 4153 Dominum,
3468 4100 3525 4142 et

1927 4180 2179 4236 exaudiet
2204 4194 2318 4244 eos,
2353 4188 2407 4234 et
2442 4180 2663 4234 sanabit
2699 4194 2793 4234 eos
2831 4178 3138 4234 sanatione.
3167 4197 3187 4232 ι
3219 4178 3352 4246 Quia
3376 4178 3524 4235 enim

1934 4290 1953 4323 ι
1997 4287 2154 4343 quem
2186 4271 2357 4342 diligit
2386 4271 2549 4336 Deus,
2586 4273 2858 4341 castigat;
2899 4270 3139 4342 ﬂagellat
3181 4282 3364 4327 autem
3404 4285 3526 4326 om-

1929 4381 2053 4420 nem
2088 4364 2278 4429 ﬁlium,
2303 4377 2465 4433 quem
2505 4363 2735 4432 suscipit
2763 4366 2817 4431 ¹;
2859 4382 2878 4415 ι
2918 4363 3041 4431 jure
3070 4362 3359 4435 Egyptios
3394 4377 3526 4434 per-

244 4448 372 4509 τους
401 4448 732 4516 Αἰγυπτίους
768 4453 1035 4505 πατάσσει
1059 4450 1309 4519 ἀγαπῶν,
1333 4449 1551 4504 ὲπειδάν
1582 4452 1640 4504 ὲν
1672 4452 1827 4523 χρείᾳ

1932 4458 2123 4521 cutiet,
2169 4457 2274 4512 etsi
2304 4455 2513 4527 diligat,
2538 4455 2585 4510 si
2614 4455 2833 4525 quando
2892 4457 3252 4525 castigatione
3292 4464 3349 4511 et
3388 4470 3525 4512 con-

246 4535 504 4603 γίνωνται
524 4539 770 4603 παιδείας
804 4542 897 4594 καὶ
927 4540 1281 4614 ὲπιστροφῆς,
1314 4540 1430 4594 ἀλλ’
1474 4542 1574 4595 οὐκ
1606 4543 1685 4605 εἰς
1718 4559 1825 4613 μαυ

246 4628 422 4700 κράν·
482 4629 647 4700 μηδὲν
696 4630 753 4684 δὲ
801 4630 1169 4706 ὑπερθέμενος
1222 4633 1365 4685 ίᾶται
1422 4636 1488 4704 τῇ
1535 4632 1699 4687 αὑτοῦ
1746 4634 1828 4687 ἰά-

252 4734 355 4772 σει.

324 4829 344 4861 ι
374 4812 456 4881 Τῇ
516 4812 700 4883 ἡμέρᾳ
749 4813 934 4888 ἐκείνῃ
988 4812 1142 4867 ἕσται
1186 4812 1307 4879 ὁδὸς
1351 4814 1628 4883 Αἰγύπτου
1690 4817 1826 4888 πρὸς

262 4901 597 4973 Ἀσσυρίους,
628 4902 725 4957 καὶ
762 4904 1162 4960 εἰσελεύσονται
1206 4905 1482 4979 ’Δσσύριοι
1534 4908 1671 4981 πρὸς
1728 4909 1825 4961 Δί’-

250 5006 476 5061 γυπτον,
501 4996 597 5049 καὶ
624 4994 911 5064 Αἰγύπτιοι
937 4998 1292 5068 πορεύσονται
1315 4998 1452 5070 πρὸς
1488 4999 1826 5071 Ἀσσυρίους,

249 5085 342 5138 καὶ
363 5077 735 5142 δουλεύσουσιν
762 5086 1048 5157 Αἰγύπτιοι
1089 5091 1203 5153 τοῖς
1241 5089 1596 5163 ’Δσσυρίοιςδ
1636 5091 1827 5143 ’Δσσυ-

252 5174 400 5244 piam;
424 5175 483 5228 δὲ
511 5177 748 5233 ἐνταῦθα
770 5174 923 5251 οἶμαι
952 5178 1136 5234 καλεῖν
1179 5180 1279 5252 τὴν
1313 5180 1535 5255 Γραφήν
1554 5182 1683 5247 τοὺς
1715 5182 1814 5238 νῦν

250 5263 619 5336 καλουμένους
644 5267 847 5338 Σύρους
864 5284 880 5301 ο
914 5268 1057 5325 κατά
1074 5269 1137 5324 τὺ
1152 5271 1319 5325 πάλαι
1346 5272 1404 5326 δὲ
1424 5273 1476 5325 οἰ
1504 5270 1604 5343 τήν
1626 5272 1826 5342 Συρίαν

321 5378 341 5410 ¹
373 5376 542 5433 llebr.
575 5395 672 5449 xu,
694 5386 750 5440 θ.

321 5488 438 5569 (26)
464 5509 501 5569 _t
546 5492 630 5569 ita
658 5506 837 5550 autem
872 5513 1037 5553 unum
1079 5500 1251 5556 altare
1288 5499 1509 5561 dicitur,
1554 5499 1826 5567 quomodo

250 5576 374 5639 una
408 5562 564 5639 ﬁdes,
589 5574 646 5619 et
693 5580 859 5639 unum
905 5570 1193 5639 baptisma,
1224 5580 1277 5624 et
1321 5584 1428 5624 una
1468 5562 1726 5623 Ecclesia.
1760 5570 1831 5624 Et

253 5631 1118 5712 malatiwauterminum'ejaa
1152 5631 1399 5712 Domino,
1438 5639 1581 5712 haud
1608 5640 1829 5712 dubium

252 5702 381 5772 quin
413 5702 765 5774 Evangelium
781 5717 837 5761 et
860 5702 1231 5775 apoan'ilnrum
1260 5702 1465 5782 scripta
1504 5707 1823 5780 signiﬁcet.»

456 5821 735 5895 Paeon.
778 5822 896 5886 Gn.
942 5806 1176 5887 XXIV.

1928 4550 2179 4603 versione
2233 4563 2369 4618 opus
2416 4546 2696 4611 habeant;
2732 4550 2827 4603 sed
2878 4548 2931 4602 id
2969 4563 3076 4604 non
3116 4550 3183 4604 ad
3211 4548 3527 4604 diuturnum

1931 4649 2142 4709 tempus
2177 4638 2376 4706 faciet;
2407 4654 2471 4693 ac
2498 4638 2631 4693 nihil
2664 4640 3151 4709 comperendinans
3186 4640 3528 4697 curationem

1932 4739 1986 4785 et
2016 4730 2281 4784 medelam
2314 4731 2615 4786 adhibebit.

2005 4820 2168 4877 Vens.
2191 4821 2282 4876 Ξῖ),
2310 4840 2327 4874 ι
2363 4823 2419 4877 in
2447 4824 2534 4878 die
2568 4823 2657 4877 illa
2685 4824 2794 4879 erit
2814 4824 2901 4878 via
2923 4822 3145 4896 Egypti
3165 4826 3233 4880 ad
3251 4825 3527 4897 Assyrios,

1934 4921 1989 4965 et
2044 4913 2417 4983 ingredientur
2459 4915 2666 4986 Assyrii
2704 4917 2757 4970 in
2804 4915 3099 4988 Egyptum
3125 4956 3141 4982 ,
3179 4925 3237 4972 et
3280 4915 3529 4989 Egyptii

1934 5002 2091 5059 ibunt
2131 5005 2199 5060 ad
2237 5005 2491 5077 Assyrios
2536 5018 2592 5063 et
2625 5009 2867 5065 servient
2908 5008 3150 5081 [Egyptii
3199 5011 3464 5081 Assyriis.
3500 5028 3523 5063 ι

1932 5095 2189 5167 Assyrios
2227 5097 2315 5153 hic
2358 5110 2489 5169 puto
2516 5116 2545 5154 a
2584 5101 2868 5171 Scriptura
2895 5104 3078 5158 vocari
3109 5118 3227 5169 eos,
3259 5104 3355 5173 qui
3383 5117 3531 5158 nunc

1935 5184 2059 5257 Syri
2087 5189 2458 5259 appellantur;
2491 5191 2621 5247 olim
2650 5193 2850 5263 quippe
2876 5194 3084 5264 Assyrii
3114 5193 3530 5260 vocabanturii,

1932 5281 2024 5334 rui
2072 5280 2286 5353 Syriam
2325 5295 2381 5339 et
2418 5283 2866 5341 Mesonoumiam
2924 5287 3258 5346 incolebant.
3314 5287 3529 5344 Inimici

1934 5501 2061 5589 limae
2106 5503 2502 5589 iiieronymus,
2548 5510 2642 5589 qui
2693 5512 2859 5569 etiam
2897 5514 3124 5571 inferius
3158 5516 3226 5572 de
3267 5515 3426 5589 Syris
3472 5528 3527 5576 et

1936 5573 2207 5716 Egyptiis
2235 5573 2341 5631 non
2374 5573 2548 5648 pauca
2566 5573 2698 5663 "hinc
2730 5594 3028 5641 mutuatur.

2033 5644 2125 5716 27)
2158 5648 2580 5716 Στηλοῃοαφία
2609 5652 2749 5710 alius
2768 5658 2988 5716 γραφεῖ.

2033 5644 2125 5717 27)
2158 5644 2580 5718 Στηλοψφία
2609 5652 2749 5710 alius
2768 5658 2988 5725 γραφεῖ.
