4120 6294
642 375 744 430 235

1375 368 1635 425 EUSEBII
1676 365 2137 424 CIESABIENSIS
2172 362 2320 419 OPP.
2361 360 2539 416 PARS
2575 359 2663 416 III.
2691 391 2763 402 —-
2792 356 3202 416 EXEGETICA.

3773 355 3885 414 236

642 504 818 551 autem
853 501 1038 547 mutuo
1071 498 1223 546 erant
1259 488 1490 560 Egyptii
1536 500 1590 542 et
1624 489 1850 559 Assyrii,
1886 481 1946 541 ac
1991 500 2200 554 semper

2305 484 2397 536 καὶ
2429 480 2850 549 Μεσοποταμίαν
2880 477 3154 538 οἰκοῦντες
3198 473 3468 548 Ἀσσύριοι
3495 473 3882 544 ἐχρημάτιζον.

643 594 831 640 mutuo
861 582 1064 639 infesti.
1103 581 1252 635 Nunc
1273 593 1461 634 autem
1495 594 1729 650 presens
1761 594 1940 633 sermo
1969 593 2209 634 commu-

648 677 862 731 nionem
917 675 1048 745 ipsis
1093 685 1148 728 et
1199 672 1628 726 rommistioncm
1679 670 2026 734 vaticinatur,
2071 670 2214 739 quod

644 781 916 836 nunquam
949 766 1081 818 alias
1105 763 1300 818 factum
1336 755 1676 814 fueraI.Nam
1713 771 1834 814 ante
1854 757 2215 813 Romanorum

644 857 928 924 imperium
960 855 1204 926 preprios
1233 866 1385 922 reges
1408 851 1679 906 habebant
1703 848 1943 920 Egyptii
1964 859 2017 904 et
2046 849 2214 920 Assy-

645 944 1000 1015 iii;Egyptii
1051 941 1267 1012 quidem
1323 937 1675 1005 Ptolemzeos,
1706 938 1831 1008 Syri
1881 945 2061 991 autem
2107 937 2217 991 An-

647 1041 807 1097 tiochi
847 1051 897 1095 et
933 1036 1182 1093 Demetrii
1213 1045 1479 1108 posteros,
1515 1035 1567 1088 in
1614 1032 2062 1104 quorum'medio
2105 1033 2213 1088 sita

644 1133 846 1196 Iudaea,
873 1146 900 1184 τι
929 1129 1162 1200 propriis
1192 1128 1317 1182 item
1365 1113 1712 1198 principibus
1742 1125 2049 1196 regebatur.
2080 1124 2215 1180 Cum

645 1231 819 1276 autem
843 1220 1064 1274 Iudaica
1097 1233 1228 1290 gens
1263 1216 1580 1272 intermedia
1615 1215 1957 1278 esset,modo
1984 1229 2013 1268 a
2040 1213 2215 1285 Syris,

644 1311 802 1364 modo
847 1325 875 1362 a
916 1307 1218 1362 Ptolemaeis
1267 1303 1408 1359 bello
1467 1305 1844 1372 impetebatur.
1887 1302 1999 1356 Imo
2051 1303 2214 1357 etiam

644 1401 908 1470 Egyptiis
945 1398 1150 1454 inimici
1201 1395 1320 1466 Syri
1369 1405 1548 1462 erant,
1600 1404 1654 1449 et
1690 1393 1926 1466 Egyptii
1978 1393 2216 1463 Assyriis

645 1495 866 1554 hostes;
895 1489 1194 1544 utminime
1230 1487 1400 1542 libera
1452 1497 1595 1545 esset
1647 1487 1871 1541 alterius
1926 1486 2106 1554 populi
2148 1483 2215 1537 ad

645 1583 870 1636 alterum
904 1580 1184 1651 profectio.
1216 1576 1328 1633 Hoc
1356 1589 1512 1648 pacto
1543 1593 1602 1631 se
1632 1592 1718 1632 res
1755 1577 1880 1630 olim
1922 1576 2211 1630 habebant.

645 1673 714 1724 At
762 1681 877 1740 post
937 1671 1218 1725 adventum
1285 1668 1493 1723 Domini
1547 1669 1598 1720 iu
1653 1666 1979 1736 Egyptum,
2031 1677 2215 1734 pacem

645 1761 1136 1830 profundissimam,
1167 1776 1230 1815 ac
1264 1761 1692 1815 communionem
1721 1757 2214 1825 commerciumque

2325 568 2773 644 Ἑχθροίδέἦσαν
2809 571 3093 639 Αἰγύπτιοι
3128 569 3223 621 καὶ
3266 567 3558 638 Ἀσσύριοι,
3599 567 3694 619 καὶ
3725 566 3890 621 πολέ-

2317 683 2427 736 μιοι
2452 661 2720 718 διετέλουν
2749 661 2899 726 ὄντες
2934 661 2998 714 ἐκ
3019 659 3112 713 τοῦ
3148 659 3364 723 παντός.
3396 657 3511 712 Νῦν
3533 658 3590 712 δέ
3622 659 3653 712 6
3694 657 3894 714 παρὼν

2313 756 2468 823 λόγος
2500 752 2782 808 κοινωνίαν
2810 753 2990 814 αὐτοῖς
3033 750 3123 803 καὶ
3153 747 3431 818 ἐπιμιξίαν
3452 745 3715 813 θεσπίζει,
3745 748 3893 818 ὅπερ

2313 847 2432 902 οὐδὲ
2448 847 2632 902 ἄλλοτε
2662 845 2855 914 γέγονέ
2892 859 3040 897 ποτε.
3067 842 3181 913 Πρὸ
3209 842 3318 912 γάρ
3340 841 3440 912 τῆς
3480 840 3577 894 Ῥιι
3591 841 3764 911 μαίων
3787 840 3894 911 ἀρ-

2314 939 2416 1010 χῆς
2451 937 2746 1003 ίδιάζοντας
2773 931 2917 1006 εἶχον
2966 933 3218 1003 βασιλέας
3247 933 3300 985 οἵ
3351 949 3413 985 τε
3463 931 3744 1001 Αἰγύπτιοι
3792 930 3894 985 καὶ

2328 1028 2635 1100 Ἀσσύριοι⁸
2698 1030 2748 1080 οἰ
2803 1026 3089 1094 Αἰγύπτιοι
3149 1024 3248 1096 μὲν
3301 1023 3429 1088 τοὺς
3478 1020 3844 1092 Πτολεμαίους
3873 1059 3891 1086 ,

2314 1118 2474 1191 Σύροι
2515 1121 2572 1174 δὲ
2624 1121 2749 1184 τοὺς
2787 1119 2895 1173 ἀπὸ
2955 1117 3226 1187 Ἀντιόχου
3283 1116 3376 1169 καὶ
3434 1115 3742 1186 Δημητρίου
3770 1130 3784 1144 ο
3807 1107 3891 1169 ὢν

2319 1214 2455 1284 μέση
2477 1211 2702 1282 κειμένη
2737 1214 2770 1282 ἡ
2812 1211 3040 1265 Ἰουδαία
3081 1210 3175 1262 καὶ
3206 1207 3356 1271 ἰδίοις
3381 1207 3476 1260 καὶ
3494 1207 3631 1277 αὐτὴ
3659 1206 3891 1276 ἃρχουσι

2314 1304 2662 1375 ἐκυϐερνᾶτο.
2695 1301 3173 1373 Μεσολαϐούμενον
3197 1300 3255 1354 δὲ
3294 1299 3356 1352 τὸ
3399 1299 3664 1352 Ἰουδαίων
3710 1297 3890 1360 ἔθνος,

2314 1395 2444 1448 ποτέ
2478 1395 2575 1465 μὲν
2615 1393 2718 1447 ὑπὸ
2745 1393 2929 1465 Σύρων
2955 1393 3298 1462 ἐπολεμεῖτο.
3329 1389 3458 1444 ποτὲ
3498 1390 3555 1444 δέ
3589 1389 3693 1442 ὑπὸ
3749 1387 3894 1441 Πτο-

2315 1486 2572 1556 λεμαίων.
2638 1485 2794 1538 Ἀλλὰ
2825 1488 2919 1538 καὶ
2949 1484 3264 1555 Αἰγυπτίοις
3314 1482 3608 1551 ἐτύγχανον
3641 1483 3690 1534 oi
3723 1479 3891 1549 Σύροι

2317 1566 2584 1646 πολέμιοι·
2621 1577 2908 1645 Αἰγύπτιοι
2949 1577 3005 1630 δὲ
3048 1577 3159 1638 τοῖς
3203 1573 3509 1644 Ἀσσυρίοις
3547 1573 3888 1642 διεμάχοντο,

2314 1668 2388 1731 ὼς
2420 1668 2622 1739 ἄμικτα
2655 1663 2793 1722 εἶναι
2817 1669 2997 1731 αὐτοῖς
3027 1667 3120 1720 καλ⁵
3151 1666 3441 1729 άδιαϐάτας
3487 1665 3583 1729 τάς
3634 1665 3766 1736 πρὸς
3790 1663 3894 1717 ἀλη-

2317 1757 2510 1829 λήλους
2541 1760 2782 1830 πορείας.
2815 1758 3048 1812 Τοιαῦτα
3077 1757 3176 1829 μὲν
3207 1752 3299 1810 οὖν
3338 1755 3630 1826 ἐτύγχανον
3671 1755 3736 1809 τὰ
3780 1755 3892 1810 πά-

644 1851 774 1918 ipsis
813 1850 1048 1903 futurum
1075 1865 1315 1920 prmsens
1362 1865 1543 1904 sermo
1571 1849 1914 1917 praenuntiat.
1953 1846 2043 1899 Ille
2084 1859 2200 1899 verr.

2313 1849 2420 1904 λαι.
2463 1829 2623 1903 Merit
2656 1850 2712 1903 δὲ
2763 1851 2861 1921 τὴν
2890 1849 3073 1920 ἄφιξιν
3102 1850 3195 1902 τοῦ
3227 1848 3433 1920 Κυρίου
3477 1848 3574 1919 τὴν
3605 1848 3686 1911 είς
3716 1847 3886 1916 Λίγυ-

643 1957 758 2007 eos,
787 1941 877 2009 qui
911 1941 1036 1994 olim
1069 1941 1268 1994 inimici
1303 1951 1474 2005 erant,
1506 1939 1673 2008 Syros
1711 1939 1853 2002 dico,
1876 1938 2126 2006 Assyrios
2157 1944 2214 1989 et.

643 2029 913 2095 Israelem,
941 2039 1124 2085 mutuo
1153 2031 1420 2094 conciliat,
1454 2040 1615 2099 atque
1642 2044 1800 2082 unam
1834 2043 2022 2083 omnes
2045 2042 2073 2080 a
2101 2027 2209 2081 Deo

643 2123 1072 2178 benedictionem
1099 2133 1414 2200 accepturos
1447 2124 1609 2189 dicit;
1637 2124 1709 2176 ita
1739 2131 1799 2176 ut
1830 2123 1941 2189 jam
1968 2136 2071 2175 non
2099 2135 2211 2174 am-

641 2216 780 2284 plius
814 2212 974 2268 Israel
1001 2216 1164 2268 altum
1191 2215 1386 2282 sapiat,
1427 2229 1600 2283 neque
1622 2224 1680 2267 nt
1715 2214 1862 2269 solus
1899 2214 2212 2268 benedictus

641 2313 829 2358 contra
851 2305 986 2359 alios
1013 2319 1129 2359 sese
1150 2306 1394 2360 extollat.
1427 2305 1558 2371 Quis
1587 2319 1714 2375 ergo
1750 2304 2020 2360 Romanos
2053 2320 2210 2359 exer-

642 2397 780 2450 rilus
807 2410 872 2450 ex
910 2396 1168 2466 Syrorum
1201 2398 1391 2450 militia
1436 2398 1626 2451 videns
1657 2396 2024 2466 Egyptiorum
2053 2396 2204 2464 capi-

642 2489 785 2540 tibus
816 2488 1117 2553 imminere,
1155 2498 1209 2542 et
1261 2487 1541 2558 Egyptios
1581 2487 1684 2541 illis
1717 2489 1942 2550 servire,
1975 2489 2209 2557 prophe-

642 2579 729 2630 tia:
764 2585 1011 2631 eventum
1038 2592 1138 2632 non
1175 2578 1513 2632 admiretur?
1541 2577 1672 2644 Quis
1722 2593 1826 2630 non
1869 2578 2208 2646 Obstupescat

640 2681 869 2721 cernens
913 2666 1192 2738 Egyptios
1235 2669 1403 2724 libero
1446 2670 1675 2724 transitu
1703 2669 1916 2738 Syriam
1963 2677 2206 2738 petentes

639 2772 703 2811 ac
732 2757 965 2812 vicissim
991 2758 1157 2829 Syros
1189 2761 1305 2816 sine
1326 2761 1479 2816 obice
1518 2760 1570 2814 in
1608 2759 1900 2831 {Egyptum
1945 2761 2206 2815 acceden-

640 2856 740 2912 tes,
770 2856 930 2918 atque
950 2863 1042 2905 eos
1061 2850 1106 2904 vi
1125 2851 1490 2906 dominatricis
1510 2853 1756 2920 potentiae
1784 2851 2027 2905 subditos
2051 2851 2206 2904 esse?

638 2939 896 3010 Quodque
929 2941 1164 2995 omnium
1196 2942 1654 2996 mirabilissimum
1690 2950 1790 3003 est,
1829 2943 1879 2994 in
1926 2941 2205 3010 prophetia

638 3033 799 3094 dixit,
820 3033 1006 3086 eodem
1043 3041 1285 3102 tempore
1323 3033 1463 3102 apud
1499 3031 1665 3102 Syros
1695 3043 1750 3086 et
1786 3030 2103 3102 Egyptios,
2141 3046 2205 3086 ac

638 3124 692 3175 in
737 3133 876 3177 terra
903 3123 1068 3179 Israel
1111 3124 1333 3193 populos
1372 3123 1463 3178 Dei
1506 3125 1644 3188 fore,
1691 3125 1940 3193 ipsosque
1979 3123 2202 3178 benedi-

638 3226 789 3268 etos:
819 3223 877 3266 ut
905 3213 1062 3268 Israel
1093 3229 1197 3268 non
1222 3213 1448 3284 amplius
1472 3211 1681 3267 differat
1706 3213 1773 3267 ab
1797 3211 2069 3282 E5yptio,
2103 3228 2197 3266 ne-

635 3320 739 3374 que
786 3321 815 3359 a
862 3305 1040 3375 Syro;
1103 3319 1272 3374 neque
1332 3306 1469 3373 apud
1519 3305 1684 3358 Deum
1726 3305 1893 3372 pluris
1934 3305 2194 3357 habeatur

635 3398 827 3466 Syrus,
857 3411 1014 3465 quam
1050 3396 1212 3450 Israel
1269 3395 1352 3450 vel
1405 3394 1725 3464 Egyptius;
1761 3410 1930 3464 neque
1951 3395 2191 3448 vicissim

635 3487 917 3558 JEgyptius
952 3489 1127 3541 minor
1151 3489 1221 3540 sit
1247 3488 1386 3556 apud
1423 3489 1588 3542 Deum
1619 3485 1814 3542 Israele
1845 3496 1900 3541 et
1929 3487 2083 3558 Syro.

2313 1960 2445 1996 πτον
2483 1945 2703 2014 εἰρήνην
2732 1942 3052 2012 βαθυτάτην,
3089 1943 3369 2007 κοινωνίας
3397 1959 3456 1994 τε
3485 1943 3578 1995 καί.
3605 1939 3889 2010 ἐπιμιξίας

2312 2036 2340 2086 ὀ
2371 2033 2558 2104 παρὼν
2587 2035 2742 2102 λόγος
2767 2035 2948 2098 αὐτοῖς
2981 2033 3403 2102 εὐαγγελίζεται.
3446 2035 3504 2086 '0
3537 2033 3633 2103 μὲν
3676 2032 3740 2102 δὴ
3788 2026 3888 2084 οῦν

2313 2127 2535 2193 συνάγει
2589 2128 2715 2187 τοὺς
2769 2126 2934 2180 πάλαι
2980 2126 3224 2197 ἐχθροὺς,
3279 2127 3421 2194 λέγω
3467 2125 3530 2197 δὴ
3564 2125 3765 2196 Σύρους
3785 2125 3886 2177 καὶ

2313 2217 2642 2286 Αἰγυπτίους
2669 2219 2762 2270 καὶ
2801 2218 2891 2271 τὸν
2931 2218 3172 2288 Ἰσραὴλ,
3210 2219 3339 2288 μιᾶς
3382 2236 3440 2270 τε
3485 2217 3732 2285 εὐλογίας
3779 2217 3885 2286 τῆς

2312 2309 2459 2378 παρᾶ
2492 2307 2625 2360 Θεοῦ
2655 2306 2931 2372 τεύξεσθαι.
2964 2306 3158 2369 αὐτούς
3189 2322 3350 2375 φησι·
3386 2307 3462 2368 ὡς
3500 2305 3695 2376 μηκέτι
3738 2304 3887 2375 μέγα

2310 2401 2524 2471 φρονεῖν
2547 2399 2636 2451 τὸν
2667 2399 2906 2471 Ἰσραὴλ,
2931 2399 3065 2468 μηδὲ
3091 2397 3516 2468 κατεπαίρεσθαι
3536 2397 3644 2451 τῶν
3680 2398 3883 2460 ἄλλων,

2307 2491 2382 2554 ὡς
2413 2491 2570 2560 μόνον
2600 2490 2983 2561 ηύλογημένον.
3003 2490 3096 2554 Τίς
3113 2485 3226 2551 οῦν,
3241 2489 3535 2560 ὀφθαλμοῖς
3561 2489 3700 2561 ὁρῶν
3716 2507 3885 2562 στρα-

2305 2581 2503 2634 τόπεδα
2550 2581 2834 2651 Ῥωμαϊκὰ
2855 2579 3039 2651 Σύρων
3061 2580 3269 2651 ἀνδρῶν
3309 2581 3448 2635 κατὰ
3469 2579 3706 2651 κεφαλῆς
3765 2580 3883 2634 τῶν

2305 2672 2615 2739 Αἰγυπτίων
2645 2673 3016 2742 ἐγκαθήμενα,
3061 2671 3388 2738 Αἰγυπτίους
3412 2687 3470 2723 τε
3497 2670 3706 2732 τούτοις
3755 2670 3883 2723 δουο

2306 2763 2578 2826 λεύοντας,
2617 2765 2716 2815 οὐκ
2762 2763 2826 2816 ἂν
2884 2761 3183 2832 ἐκπλαγείη
3241 2763 3338 2832 τὴν
3382 2762 3482 2831 τῆς
3541 2760 3880 2832 προφητείας

2308 2853 2679 2918 ἔκϐασινςΤίς
2728 2853 2785 2905 δέ
2839 2853 2899 2906 ού
2952 2853 3284 2923 θαυμάσεται
3340 2852 3482 2922 ὀρῶν
3545 2851 3878 2920 Αἰγυπτίους

2305 2944 2473 3007 ἀδεῶς
2497 2943 2589 2996 ἐπὶ
2616 2945 2714 3013 τὴν
2748 2944 2932 3015 Σύρων
2959 2943 3324 3006 διαϐαίνοντας
3355 2943 3557 3014 χώραν,
3584 2943 3784 3015 Σύρους
3809 2960 3877 2997 τε

2303 3034 2594 3097 ἀκωλύτως
2623 3034 2997 3096 ἐπιϐαίνοντας
3036 3036 3148 3097 τοῖς
3189 3035 3524 3102 Αἰγυπτίοις,
3553 3034 3777 3107 δυνάμει
3807 3051 3876 3087 τε

2303 3125 2628 3196 ἀρχοντικῆς
2657 3124 2903 3190 ἐξουσίας
2949 3125 3513 3196 καταδεδουλωμένους
3538 3126 3764 3190 αύτούς,
3796 3125 3877 3178 Τὸ

2300 3216 2357 3269 δέ
2386 3215 2639 3269 ἁπάντων
2687 3215 3111 3286 παραδοξότατον
3129 3255 3144 3278 ,
3169 3214 3371 3286 ταύτην
3397 3217 3567 3287 ἤρατο
3607 3216 3746 3270 κατὰ
3775 3217 3876 3271 τδν

2300 3307 2459 3362 αὐτὸν
2504 3309 2694 3378 χρόνον
2727 3307 2876 3378 παρά
2908 3308 3098 3378 Σύροις
3139 3309 3234 3361 καὶ
3262 3311 3387 3379 παρ’
3420 3308 3738 3377 Αἰγυπτίοις,
3775 3310 3876 3362 καὶ

2300 3402 2358 3452 ἐν
2392 3402 2457 3469 τῇ
2484 3402 2553 3470 γῇ
2581 3399 2676 3452 τοῦ
2720 3400 2933 3470 Ἰσραὴλ
2966 3400 3129 3462 λαοὺς
3174 3399 3389 3453 ἔσεσθαι
3440 3400 3518 3470 τῷ
3575 3399 3713 3470 Θεῷ,
3773 3415 3874 3454 και

2301 3489 2519 3552 τούτους
2539 3490 2982 3562 ηύλογημένουςο
3021 3490 3096 3554 ὼς
3150 3492 3284 3563 μηδέ
3339 3492 3538 3563 μηκέτι
3591 3492 3872 3563 διαφέρειν

633 3567 722 3633 τὸν
764 3581 974 3652 Ἰσραὴλ
1001 3581 1092 3634 τοῦ
1135 3581 1449 3649 Αἰγυπτίου,
1489 3581 1626 3651 μήτε
1670 3580 1762 3633 τοῦ
1803 3580 1996 3652 Σύρου,
2049 3583 2180 3652 μηδὲ
2218 3583 2548 3638 διαλλάττειν
2608 3584 2757 3656 παρὰ
2806 3585 2924 3654 Θεῷ
2941 3584 3172 3657 κρείττω
3191 3585 3282 3638 τὸν
3304 3585 3474 3648 Σύρον
3498 3584 3592 3638 τοῦ
3627 3584 3866 3657 Ἰσραὴλ,

637 3672 766 3742 μηδὲ
825 3672 916 3724 τοῦ
948 3672 1260 3740 Αίγυπτίου,
1324 3671 1445 3742 μηδ’
1479 3667 1547 3724 αὖ
1600 3670 1760 3724 πάλιν
1813 3671 1903 3724 τὸν
1962 3672 2251 3740 Αἰγύπτιον
2291 3673 2639 3730 ἐλαττοῦσθαι
2693 3677 2842 3746 παρὰ
2901 3676 3020 3747 Θεῷ
3076 3675 3170 3730 τοῦ
3239 3677 3452 3748 Ἰσραὴλ
3495 3677 3528 3748 ἦ
3597 3677 3690 3730 τοῦ
3757 3679 3870 3732 Σύ-

634 3781 726 3834 ρου
737 3805 746 3815 .

706 3852 866 3908 Vsus.
906 3854 999 3906 24.
1046 3873 1064 3905 ι
1093 3856 1149 3907 In
1189 3855 1278 3908 die
1330 3856 1418 3910 illa
1466 3855 1571 3909 erit
1607 3855 1768 3909 Israel
1806 3857 1995 3911 tertius
2046 3858 2186 3930 inter

634 3945 933 4014 1E3yptios,
983 3954 1032 3998 et
1073 3945 1211 3998 inter
1258 3946 1506 4015 Assyrios
1565 3948 1878 4001 benedictus
1917 3947 1969 4000 in
2019 3956 2183 4010 terra,

634 4046 794 4100 quam
830 4031 1103 4086 benedixit
1141 4033 1396 4087 Dominus
1423 4032 1678 4096 Sabaoth,
1711 4036 1801 4105 qui
1832 4035 1982 4098 dicit,
2019 4034 2185 4090 Bene-

635 4124 812 4179 dictus
843 4123 1069 4192 populus
1096 4138 1270 4190 meus,
1289 4127 1381 4194 qui
1420 4138 1500 4180 est
1527 4127 1578 4180 in
1597 4127 1850 4198 Egypto,
1868 4138 1921 4181 et
1947 4129 1996 4180 in
2015 4132 2183 4200 Assy-

632 4215 752 4277 riis,
799 4224 852 4268 ct
891 4214 1177 4269 hazreditas
1225 4231 1342 4270 mea
1392 4216 1577 4270 Israel.
1609 4239 1626 4270 ι
1685 4218 1839 4284 Quod
1867 4220 1912 4273 si
1947 4218 2176 4283 dicatur,

2363 3875 2381 3906 ι
2408 3855 2485 3924 Τῇ
2511 3851 2692 3922 ἡμέρᾳ
2725 3850 2908 3921 ἐκείνῃ
2928 3850 3078 3902 ἔσται
3119 3848 3331 3920 Ἰσραὴλ
3354 3847 3536 3919 τρίτος
3559 3849 3617 3901 ἐν
3636 3849 3744 3912 τοῖς
3774 3850 3867 3902 Αἰ-

2286 3946 2553 4016 γυπτίοις,
2602 3943 2695 3994 καὶ
2720 3942 2776 3992 ἐν
2820 3943 2930 4002 τοῖς
2967 3939 3269 4010 Ἀσσυρίοις
3299 3937 3666 4009 ηύλογημένος
3708 3940 3766 3996 ὲν
3793 3941 3863 4010 τῇ

2285 4042 2377 4109 γῇ,
2407 4038 2472 4106 ἢν
2502 4035 2768 4104 ηὑλόγησε
2802 4031 3003 4103 Κύριος
3055 4029 3276 4085 Σαϐαὼθ
3326 4033 3354 4083 ὁ
3381 4030 3551 4098 λέγων
3574 4046 3588 4060 ·
3625 4030 3865 4100 Εὐλογη-

2287 4129 2441 4198 μένος
2466 4128 2493 4178 ὁ
2521 4126 2647 4187 λαός
2681 4142 2779 4196 μου
2817 4125 2846 4175 ὁ
2870 4125 2928 4177 ἐν
2949 4123 3226 4193 Αἰγύπτῳ,
3259 4124 3353 4175 καί⁵
3379 4123 3408 4174 ὁ
3432 4123 3489 4175 ἐν
3529 4122 3855 4192 Ἀσσυρίοις,

2283 4219 2374 4283 καὶ
2404 4222 2434 4286 ἡ
2463 4216 2790 4287 κληρονομία
2824 4232 2925 4284 μου
2957 4213 3187 4285 Ἰσραήλ.
3215 4233 3232 4265 ι
3269 4213 3396 4266 Ἐὰν
3415 4213 3470 4266 δὲ
3503 4212 3723 4284 λέγηται
3749 4214 3863 4284 τρί-

632 4308 845 4363 tertium
872 4307 1032 4361 Israel
1066 4308 1210 4362 inter
1238 4307 1523 4380 Egyptios
1555 4321 1609 4363 et
1652 4311 1905 4380 Assyrios
1937 4311 2176 4365 futurqu

2301 4327 2372 4372 ξος
2412 4307 2623 4378 Ἰσραὴλ
2667 4309 2724 4359 ἐν
2771 4307 2882 4369 τοῖς
2925 4305 3243 4372 Αἰγυπτίοις
3273 4304 3368 4357 καὶ
3419 4306 3476 4356 ἐν
3505 4305 3615 4367 τοῖς
3661 4304 3854 4356 Ἀσσυ-

629 4412 766 4460 esse,
809 4396 1148 4451 benedictum
1195 4397 1246 4449 in
1301 4408 1466 4462 terra,
1498 4413 1655 4466 quam
1691 4400 1967 4453 benedixit
2002 4400 2182 4454 Domi-

628 4503 732 4540 nus
777 4487 1128 4552 exercituum,
1157 4501 1223 4540 ne
1263 4487 1424 4540 aliam
1451 4496 1698 4555 putemus
1732 4502 1852 4542 esse
1886 4497 2085 4542 terram
2115 4491 2181 4541 ab

629 4577 868 4630 Ecclesia
926 4576 1040 4630 Dei.
1089 4574 1194 4630 Per
1247 4576 1415 4631 Israel
1458 4585 1639 4628 autem
1691 4575 1915 4645 intelligi
1975 4587 2177 4646 potest,

627 4670 828 4722 chorus
855 4669 1032 4722 omnis
1061 4679 1373 4723 sanctorum
1406 4668 1886 4738 religiosorumque
1915 4669 2174 4730 virorum,

626 4762 716 4830 qui
748 4775 813 4813 ex
845 4758 1064 4815 Judaica
1089 4770 1248 4830 gente
1274 4761 1516 4816 defuncti
1547 4769 1688 4815 sunt.
1731 4761 2073 4830 Quapropter
2092 4761 2176 4814 di-

625 4855 783 4914 citur,
833 4871 850 4904 ι
880 4853 946 4905 Et
977 4853 1261 4907 Imreditas
1295 4867 1413 4907 mea
1454 4852 1644 4906 Israel.
1675 4852 1806 4906 Nam
1837 4854 2054 4921 quando
2097 4852 2177 4906 dt-

624 4943 842 4997 videbat
869 4943 1184 4998 Altissimus
1221 4953 1437 5021 gentes,
1485 4943 1627 4997 facta
1662 4955 1747 4998 est
1797 4959 1922 5014 pars
1964 4945 2176 4999 Domini

625 5031 850 5098 populus
879 5030 994 5097 ejus
1037 5030 1226 5095 Jacob,
1274 5032 1548 5086 funiculus
1581 5032 1910 5086 haereditatis
1945 5031 2064 5100 ejus
2101 5033 2177 5086 Is-

625 5120 732 5172 rael
758 5123 832 5173 ’.ι
862 5121 1009 5175 Nunc
1032 5130 1210 5176 autem
1238 5120 1478 5192 Egyptii
1513 5124 1738 5190 populus
1767 5125 1904 5192 ejus,
1935 5132 1987 5177 et
2013 5138 2174 5192 popu-

626 5209 708 5261 Ius
739 5212 853 5279 ejus
882 5210 1216 5276 benedictus,
1251 5223 1547 5274 vocantur;
1580 5221 1634 5264 et
1659 5210 1865 5281 Assyrii
1896 5211 2166 5265 similiter.

624 5299 752 5352 Illud
778 5311 974 5365 autem,
1024 5299 1120 5354 «In
1170 5310 1337 5367 terra,
1398 5316 1558 5370 quam
1613 5300 1888 5355 benedixit
1914 5300 2174 5355 Dominus

626 5388 881 5453 Sabaoth,
922 5411 940 5440 ο
982 5391 1048 5444 ad
1091 5391 1366 5446 caelestem
1400 5405 1614 5460 quoque
1653 5399 1850 5444 terram
1880 5389 2168 5452 referatur,

2289 4401 2419 4470 ρίοις
2448 4397 2682 4459 ἔσεσθαι,
2703 4395 3058 4466 εὐλογημένος
3090 4395 3148 4446 ἐν
3175 4398 3241 4465 τῇ
3270 4397 3339 4464 γῇ
3369 4395 3434 4464 ἣν
3460 4393 3712 4464 εύλόγησε
3735 4392 3855 4447 Κύ-

2289 4506 2397 4560 ριος
2426 4486 2670 4551 Σαϐαὼθ,
2706 4487 2777 4556 μὴ
2801 4486 2989 4556 ἑτέραν
3017 4484 3320 4555 νομίζωμεν
3351 4479 3607 4555 εἶναιτὴν
3633 4484 3734 4553 γῆν
3755 4483 3857 4554 τῆς

2298 4580 2616 4649 Ἐκκλησίας
2653 4578 2743 4631 τοῦ
2781 4577 2936 4632 Θεοῦ.
3005 4575 3215 4646 Ἰσραὴλ
3246 4575 3302 4627 δέ
3343 4575 3575 4628 νοεῖσθαι
3629 4573 3852 4629 δύναται

2287 4672 2378 4724 καὶ
2400 4673 2505 4734 πᾶς
2531 4674 2562 4723 ὁ
2605 4670 2760 4740 χορὸς
2792 4669 2897 4720 τῶν
2927 4667 3096 4734 ἁγίων
3140 4667 3232 4719 καὶ
3264 4665 3520 4734 θεοφιλῶν
3549 4665 3756 4736 ἀνδρῶν
3783 4668 3852 4719 ὲκ

2279 4763 2370 4814 τοῦ
2407 4763 2667 4815 Ἰουδαίων
2699 4760 2881 4822 ἔθνους
2911 4757 3409 4828 προεξεληλυθότων
3451 4757 3544 4810 τοῦ
3587 4758 3722 4827 βίου.
3756 4758 3850 4810 Διὸ

2279 4851 2554 4904 λέλεκται·
2594 4869 2611 4900 ι
2636 4851 2796 4918 Καὶή
2825 4848 3152 4919 κληρονομία
3179 4863 3278 4917 μου
3320 4847 3557 4918 Ἰσραήλ.
3591 4848 3719 4900 Ὅτε
3738 4846 3850 4920 γὰρ

2279 4941 2578 5013 διεμέριζεν
2605 4943 2633 4994 ὁ
2669 4941 2926 5009 Ὕψιστος
2971 4938 3118 5008 ἔθνη,
3153 4938 3382 5008 ἐγενήθη
3433 4955 3587 5009 μερ;ς
3638 4938 3847 5008 Κυρίου

2279 5032 2404 5095 λαὸς
2455 5031 2620 5088 αὑτοῦ
2684 5029 2894 5095 Ἰακὼϐ,
2947 5029 3227 5098 σχοίνισμα
3277 5028 3635 5098 κληρονομίας
3683 5027 3848 5081 αὑτοῦ

2290 5121 2521 5192 Ἰσραήλ.
2553 5139 2571 5174 ι
2603 5119 2715 5173 Νῦν
2742 5120 2799 5172 δέ
2829 5119 2919 5171 καί
2941 5118 3219 5186 Αἰγύπτιοι
3255 5118 3382 5180 λαὸς
3412 5117 3574 5171 αὐτοῦ
3607 5119 3846 5188 εἴρηται,

2278 5206 2527 5274 καὶλαὸς
2559 5209 2722 5264 αὐτοῦ
2760 5209 3135 5280 εὐλογημένος,
3185 5209 3277 5261 καὶ
3314 5208 3582 5278 Ἀσσύριοι
3623 5209 3844 5278 ὁμοίως.

2277 5300 2348 5352 Τὸ
2372 5301 2448 5365 δέ,
2483 5315 2502 5352 ‹
2523 5303 2612 5353 Ἐν
2641 5303 2707 5371 τῇ
2740 5304 2809 5370 γῇ
2839 5301 2905 5370 ἢν
2935 5299 3203 5371 ηὑλόγησε
3231 5300 3433 5370 Κύριος
3467 5299 3710 5366 Σαϐαὼθ,
3737 5321 3756 5354 ι
3787 5304 3845 5355 ἐ-

2277 5409 2358 5460 χοι
2384 5392 2447 5445 ἂν
2471 5392 2566 5462 τὴν
2601 5392 2876 5460 ἀναφορὰν
2915 5393 3008 5445 καὶ
3059 5393 3149 5444 ἐπὶ
3183 5392 3280 5463 τὴν
3326 5393 3663 5462 ἐπουράνιον,
3715 5397 3846 5464 περὶ

623 5482 686 5533 de
726 5496 826 5547 qua
861 5481 992 5536 dicit
1018 5482 1288 5551 Salvator,
1335 5501 1352 5534 ι
1390 5483 1538 5538 Beati
1575 5483 2025 5550 mites,quoniam
2067 5480 2166 5549 ipsi

2301 5480 2340 5555 ις
2370 5501 2529 5554 φησιν
2557 5487 2585 5537 ὁ
2617 5485 2835 5555 Σωτήρδ
2870 5504 2888 5535 ι
2912 5485 3183 5555 Μακάριοι
3240 5485 3288 5536 οί
3323 5487 3536 5555 πραεῖς,
3563 5485 3646 5536 δτι
3688 5484 3846 5538 αὐτοὶ

691 5695 708 5720 ⁹
741 5693 886 5746 Deut.
925 5710 1092 5758 χχχιι,
1125 5698 1176 5746 8.
