4120 6294
263 346 364 402 ειετ

1218 335 1729 397 COMMENTARIA
1771 336 1841 391 IN
1882 334 2138 392 lSAlAM.
2180 366 2247 376 —
2284 335 2434 391 CAP.
2476 334 2597 392 XX.

3424 343 3534 399 358

262 456 726 531 κληρονομήσουσι
781 463 884 526 την
937 453 1071 524 γῆν·
1104 473 1122 505 ι
1154 452 1282 507 ἔνθα
1316 454 1410 507 καὶ
1440 456 1472 523 ή
1524 452 1840 523 ἐπουράνιος

1950 452 2305 520 possidebunt
2332 461 2533 507 terram
2556 454 2600 516 ³,
2639 472 2658 505 ι
2694 454 2786 510 ubi
2826 465 2881 511 et
2922 457 3165 514 ccclesiis
3198 456 3531 529 Jerusalem,

270 548 643 620 Ἰερουσαλὴμ,
674 547 768 601 καὶ
796 546 859 599 τὸ
887 545 1027 600 Σιὼν
1048 546 1173 618 ὅρος
1204 546 1524 616 ἐπουράνιον
1549 543 1706 596 Θεοῦ.

780 636 1175 703 κεψΑΑιιιοΝ
1229 636 1314 689 ιιι.

328 750 346 782 ι
366 729 477 783 Τοῦ
504 730 662 793 ἔτους
692 720 755 782 οὗ
788 728 1004 799 εἰσῆλθε
1035 726 1286 782 Ταναθὰν
1320 729 1401 790 εἰς
1437 725 1700 791 Ἀζωτον,
1726 728 1844 797 ήνί-

258 840 323 876 κα
355 822 643 894 ἀπεστάλη
699 821 804 875 ὑπὸ
845 820 1011 893 Ἀρνὰ
1065 819 1332 890 βασιλέως
1373 819 1694 889 Ἀσσυρίων,
1749 818 1843 872 καὶ

257 914 565 986 ἐπολέμησε
590 913 693 985 τὴν
715 912 977 977 ’Δζωτον,
1005 914 1101 966 καὶ
1127 910 1455 965 κατελάϐετο
1476 912 1649 981 αὑτήν
1674 929 1687 940 ο
1718 912 1841 963 τότε

257 1005 487 1077 ὲλάλησε
522 1006 726 1076 Κύριος
775 1005 913 1075 πρὸς
947 1003 1175 1057 Ἡσαΐαν
1213 1004 1386 1071 λέγων
1410 1019 1424 1033 ο
1457 1002 1717 1073 Πορεύου,
1748 1004 1843 1057 καὶ

254 1095 416 1165 ἄφελε
440 1095 533 1148 τὸν
565 1095 766 1148 σάκκον
792 1094 900 1147 άπὸ
928 1094 1028 1164 τῆς
1050 1091 1251 1161 ὀσφύος
1284 1108 1396 1145 σου.
1425 1111 1444 1145 ι
1472 1093 1763 1162 Θαυμάσαι
1786 1093 1843 1147 δὲ

255 1185 365 1239 ἔστι
390 1185 487 1238 τὸν
515 1183 854 1256 προφητικὸν
892 1183 1026 1253 βίον,
1054 1183 1114 1237 ὸν
1145 1187 1174 1238 6
1211 1184 1310 1255 μὲν
1352 1184 1671 1248 Ἀπόστολος
1702 1202 1844 1256 παρ-

249 1278 478 1349 έστησεν
521 1275 716 1341 εἰπὼν,
749 1294 767 1327 ι
809 1275 1105 1348 Περιῆλθον
1125 1278 1184 1330 ὲν
1207 1276 1499 1347 μηλωταῖς,
1527 1278 1585 1330 ὲν
1616 1278 1845 1347 αἰγείοις

248 1370 538 1440 δέρμασιν,
559 1368 963 1439 ὑστερούμενοι,
994 1367 1318 1438 Θλιΰόμενοι,
1335 1367 1761 1438 κακουχούμενοι
1779 1386 1791 1398 ·
1819 1387 1838 1419 ι

251 1464 283 1534 ή
307 1463 365 1516 δὲ
384 1460 642 1535 παροῦσα
668 1461 860 1532 Γραφὴ
882 1460 964 1513 ἑνὶ
990 1460 1247 1531 ὲνὸύματι
1276 1462 1465 1534 σάκκῳ
1493 1463 1585 1515 τὸν
1618 1462 1844 1516 Ἡσαΐαν

253 1574 421 1629 κεχρη
430 1556 596 1627 μένον
617 1556 849 1623 εἰσάγει,
886 1551 1184 1607 πενθοῦντα
1202 1553 1402 1625 δηλαδὴ
1416 1555 1528 1613 ,καὶ
1552 1555 1844 1608 άποκλαιό-

251 1664 409 1717 μενον
444 1648 575 1709 τοὺς
606 1644 692 1697 διὰ
725 1644 825 1707 τάς
868 1642 1353 1708 οἰκείαςηάσεὸείας
1396 1645 1613 1717 μακρὰν
1646 1646 1845 1699 ἀποπί-

248 1756 477 1800 πτοντας
505 1737 599 1790 τοῦ
630 1736 787 1790 Θεοῦ.

317 1849 335 1881 ι
366 1831 482 1883 Καὶ
512 1830 581 1883 τά
645 1828 903 1884 σανδάλιά
936 1846 1029 1883 σου
1069 1828 1336 1882 ὑπόλυσαι
1372 1829 1481 1881 άπὸ
1504 1829 1612 1882 τῶν
1665 1828 1843 1881 ποδῶν

249 1936 360 1974 σου.
419 1922 535 1974 Καὶ
565 1921 825 1992 εποίησεν
862 1919 1057 1984 οὕτως,
1115 1918 1481 1990 πορευόμενος
1512 1919 1718 1990 γυμνὸς
1750 1921 1843 1973 καὶ

246 2012 595 2077 ἁνυπόδετος.
630 2014 741 2067 Καὶ
775 2008 897 2066 εἶπε
928 2012 1154 2083 Κύριος,
1186 2012 1246 2065 ὃν
1272 2012 1473 2084 τρόπον
1510 2013 1842 2083 πεπόρευται

256 2104 488 2168 Ἡσαΐας
515 2107 544 2157 6
576 2107 705 2167 παῖς
741 2122 842 2175 μου
866 2105 1083 2175 γυμνὸς
1101 2104 1195 2157 καὶ
1218 2105 1546 2167 άνυπόδετος
1566 2106 1691 2175 τρία
1723 2104 1841 2174 ἔτη,

246 2198 368 2266 τρία
397 2196 495 2267 ἔτη
520 2196 674 2250 ἔσται
701 2199 782 2259 εἰς
812 2200 1011 2268 σημεῖα
1038 2198 1133 2251 καὶ
1160 2197 1362 2267 τέρατα
1394 2200 1505 2260 τοῖς
1526 2198 1843 2264 Αἰγυπτίοις

246 2290 338 2340 κιί
363 2288 636 2357 Αἰθίοψιν.
667 2308 685 2338 ι
718 2288 791 2340 Τὸ
816 2288 872 2340 δὲ
903 2288 1261 2341 κελευσθέντα
1281 2290 1485 2357 γυμνὸν
1511 2288 1722 2357 βαδίσαι
1752 2291 1844 2341 καὶ

248 2381 321 2451 μὴ
351 2380 643 2451 μελλῆσαι,
667 2382 872 2451 πρᾶξαι
900 2382 961 2434 δὲ
990 2381 1147 2434 τοῦτο
1171 2381 1512 2451 παραχρῆμα
1539 2384 1624 2434 ἐπ’
1646 2381 1845 2449 ὀφθαλ-

248 2471 364 2541 μῶν
424 2471 538 2523 τῶν
588 2471 875 2541 παρόντων
918 2470 1087 2539 αύτῷ,
1128 2471 1390 2541 μεγίστης
1448 2471 1692 2540 ὑπακοῆς
1752 2471 1843 2523 καὶ

248 2562 556 2633 προθυμίας
588 2563 691 2630 τῆς
725 2563 861 2634 πρὸς
894 2564 984 2616 τὸν
1013 2563 1145 2615 Θεὸν
1175 2564 1371 2634 δεῖγμα
1402 2564 1629 2632 γένοιτο,
1668 2582 1845 2634 παραυ

249 2656 529 2725 στήματός
576 2672 637 2708 τε
673 2655 767 2707 καὶ
795 2657 1139 2726 φρονήματος
1169 2656 1501 2728 ἐπῃρμένου,
1539 2658 1718 2709 πᾶσαν
1748 2657 1843 2726 τὴν

248 2748 376 2815 παρ’
413 2744 725 2816 ἀνθρώποις
754 2745 911 2812 δόξαν
962 2748 1019 2797 ἐν
1041 2747 1215 2800 οὐδενί
1241 2748 1545 2817 τιθεμένου.
1570 2748 1756 2801 Ταῦτα
1787 2748 1844 2801 δὲ

249 2835 561 2906 πράξαντος
591 2835 684 2889 τοῦ
712 2837 1015 2907 προφήτου,
1048 2837 1119 2889 τὰ
1145 2838 1307 2906 ὅμοια
1332 2837 1614 2890 πείσεσθαι
1648 2838 1725 2907 τῷ
1748 2836 1842 2891 τοῦ

249 2929 532 2999 προφήτου
570 2930 810 2998 σχήματι
874 2930 998 2992 τοὺς
1053 2930 1385 2997 Αἰγυπτίους
1438 2928 1843 2999 πολεμηθέντας

250 3022 353 3073 ὑπὸ
398 3021 697 3090 Ἀσσυρίων
739 3020 900 3091 φησὶν
928 3023 957 3073 6
990 3021 1143 3083 Θεὸς,
1174 3022 1415 3090 γυμνοὺς
1450 3023 1545 3074 καὶ
1584 3021 1843 3073 ἀνυποδέ-

248 3130 370 3175 τους
391 3111 825 3183 ἁπαχθήσεσθαι,
858 3113 915 3164 οὐ
944 3113 1154 3182 μόνους,
1186 3112 1322 3165 ἀλλά
1349 3113 1441 3164 καὶ
1466 3113 1592 3175 τοὺς
1620 3114 1840 3165 ὲπικου-
1867 3142 1911 3201 C

254 3206 444 3273 ρήσειν
474 3202 568 3254 καὶ
626 3202 1007 3272 συμμαχήσειν
1060 3203 1241 3265 αὐτοῖς
1270 3202 1622 3264 ὲλπισθέντας
1656 3203 1836 3256 Αἰθίο-

250 3309 379 3357 πας.
412 3293 508 3362 Τῷ
556 3292 663 3364 γὰρ
714 3291 909 3361 πλήθει
939 3292 1049 3346 τῶν
1099 3294 1371 3346 Αἰθιόπων
1417 3295 1511 3346 καὶ
1541 3296 1607 3364 τῇ
1634 3294 1837 3348 τούτων

249 3388 413 3459 χειρὶ,
445 3385 655 3456 μεγάλα
688 3388 806 3437 κατ’
839 3387 1013 3437 ἐκεῖνο
1068 3386 1258 3456 καιροῦ
1314 3386 1645 3456 δυναμένων,
1703 3387 1836 3458 Θαρ-

251 3481 471 3549 ροῦντες
523 3480 570 3530 οἰ
626 3478 932 3545 Αἰγύπτιοι,
982 3479 1463 3550 καταφρονητικῶς
1495 3480 1699 3549 εἴχοντο
1731 3480 1838 3533 τῶν

263 3572 560 3642 Ἀσσυρίων
579 3588 595 3600 σ
624 3569 739 3622 ἀλλ’
771 3572 798 3622 6
840 3569 971 3633 Θεὸς
1003 3571 1062 3623 τὸ
1096 3570 1286 3640 μέλλον
1316 3572 1603 3641 προφαίνει
1642 3572 1835 3639 λέγων,

259 3665 389 3716 ιὐν
424 3660 631 3730 τρόπον
658 3660 989 3729 πεπόρευται
1021 3663 1048 3713 6
1091 3663 1220 3724 παῖς
1246 3679 1346 3732 μου
1389 3662 1611 3725 Ἡσαΐας
1634 3662 1837 3731 γυμνὸς

252 3752 344 3805 καὶ
379 3751 725 3814 ἀνυπόδετος,
761 3770 777 3800 ι
813 3754 907 3804 καὶ
930 3752 999 3803 τὰ
1027 3751 1171 3822 ἑξῆς.

326 3842 679 3903 ι”Οτιοῦτως
711 3841 826 3905 ἄξει
873 3843 1125 3912 βασιλεὺς
1169 3844 1468 3914 Ἀσσυρίων
1512 3844 1612 3914 τὴν
1638 3848 1838 3915 αἰχμα-

253 3935 449 3987 λωσίαν
482 3934 757 4001 Αἰγύπτου
782 3934 876 3985 καί
906 3934 1199 3996 Αἰθιόπων,
1231 3936 1543 3997 νεανίσκους
1579 3937 1669 3988 καὶ
1703 3955 1836 4006 πρε-

254 4027 451 4089 σϐύτας
486 4028 724 4095 γυμνοὺς
756 4027 847 4077 καὶ
873 4026 1252 4089 ἁνυποδέτους,
1288 4028 1835 4097 ἀνακεκαλυμμένους

254 4118 347 4189 τὴν
368 4118 631 4187 αἰσχύνην
660 4117 955 4184 Αἰγύπτου.
984 4138 999 4166 ι
1033 4118 1180 4181 Δόξει
1214 4117 1279 4171 τὰ
1324 4120 1658 4188 προκείμενα
1683 4121 1836 4171 ὲναν-

253 4210 338 4262 τία
368 4205 507 4261 εἰναι
536 4211 648 4271 τοῖς
680 4208 882 4278 ἀρτίως
933 4210 1262 4278 εἰρημένοις,
1310 4210 1375 4262 δι’
1400 4204 1473 4264 ὧν
1506 4209 1720 4262 ἔσεσθαι
1747 4212 1837 4262 Αἰ-

250 4299 498 4367 γυπτίων
531 4299 627 4350 καὶ
684 4298 982 4367 Ἀσσυρίων
1010 4299 1290 4367 ἐπιμιξίαν
1322 4299 1540 4369 εἴρηκεν
1575 4302 1601 4351 ὁ
1639 4300 1794 4366 λόγος
1820 4317 1831 4327 ·

248 4390 344 4441 νῦν
377 4391 431 4442 δὲ
468 4390 558 4441 τὸν
591 4389 813 4456 βασιλέα
863 4389 970 4443 τῶν
1011 4390 1306 4459 Ἀσσυρίων
1340 4388 1715 4458 αἰχμαλώτους
1742 4391 1835 4461 λή-

1946 556 2001 599 οι
2027 543 2156 598 Sion
2189 559 2345 599 mons
2367 546 2613 600 caelestis
2641 546 2732 600 Dei
2759 556 2865 601 est.

2538 636 2772 693 CAPUT
2810 638 2930 696 XX.

2018 728 2183 783 Vsus.
2216 729 2267 793 l,
2295 728 2351 784 2.
2392 747 2410 779 ι
2455 726 2510 782 In
2549 743 2693 783 anno
2738 744 2849 799 quo
2887 731 3171 801 ingressus
3218 721 3308 788 est
3351 732 3533 788 Tana-

1948 818 2075 872 than
2106 820 2358 881 Azolum,
2394 833 2516 873 cum
2546 820 2746 877 missus
2778 832 2866 876 est
2896 821 2965 877 ab
2997 824 3144 877 Arna
3200 841 3329 895 rege
3360 826 3530 896 Assy-

1945 911 2174 975 riorum,
2202 919 2258 964 et
2287 914 2620 982 oppugnavit
2643 913 2898 977 Azotum,
2936 924 2989 970 et
3019 917 3166 985 cepit
3203 931 3363 972 eam:
3401 926 3531 973 tunc

1945 999 2161 1054 locutus
2208 1010 2293 1055 est
2340 1001 2607 1056 Dominus
2651 1004 2718 1057 ad
2762 1004 2955 1058 Isaiam
2993 1006 3209 1072 dicens,
3262 1008 3434 1074 Vade,
3473 1020 3531 1066 et

1945 1089 2101 1144 aufer
2160 1105 2379 1146 saccum
2406 1109 2436 1146 ιι
2469 1092 2671 1149 lumbis
2707 1096 2833 1149 luis.
2868 1114 2888 1147 ι
2934 1096 3122 1152 Mirari
3167 1099 3314 1156 subit
3396 1116 3526 1171 pro-

1945 1183 2217 1254 phetieam
2275 1185 2482 1244 vitam,
2534 1201 2699 1254 quam
2749 1188 3049 1257 Apostolus
3095 1190 3394 1247 declaravit
3441 1193 3529 1248 his

1945 1276 2149 1340 verbis,
2193 1294 2212 1326 ι
2238 1272 2581 1331 Circuierunt
2612 1279 2665 1331 in
2699 1279 2915 1333 melotis
2944 1290 2999 1335 et
3044 1282 3097 1336 in
3134 1284 3373 1352 caprinis
3414 1287 3529 1355 pel-

1945 1360 2111 1426 libus,
2160 1374 2405 1434 egentes,
2453 1367 2775 1436 angustiati,
2830 1368 3018 1425 afﬂicti
3070 1371 3112 1424 ‘.
3150 1391 3170 1424 ι
3221 1371 3348 1428 llaec
3395 1389 3527 1433 vero

1947 1448 2231 1521 Scriptura
2289 1453 2521 1509 Isaiam.
2558 1471 2668 1510 uno
2724 1460 2980 1514 vestitum
3065 1476 3225 1519 sacco
3281 1466 3525 1525 inducit:

1946 1539 2217 1608 lugentem
2249 1542 2483 1605 scilicet,
2530 1556 2585 1599 et
2619 1545 3053 1617 illacrymantem
3124 1566 3288 1622 super
3327 1556 3394 1612 iis
3431 1556 3528 1629 qui

1946 1634 2015 1689 ob
2049 1635 2361 1704 impietates
2393 1650 2518 1691 suas
2546 1638 2734 1706 procul
2762 1640 3084 1697 exciderant
3114 1659 3143 1698 a
3183 1644 3310 1701 Deo.

1874 1801 1918 1855 Β
2018 1813 2181 1871 Vens.
2212 1817 2265 1871 5.
2310 1836 2329 1869 ι
2359 1817 2425 1872 Ει
2454 1819 2828 1875 calceamenla
2863 1832 2952 1879 tua
3000 1826 3150 1882 solve
3183 1829 3250 1885 de
3296 1831 3525 1897 pedibus

1947 1907 2077 1961 tuis.
2116 1907 2182 1962 Et
2212 1907 2343 1963 fecit
2385 1912 2485 1978 ita,
2528 1913 2812 1969 ambulans
2838 1916 3014 1973 nudus
3042 1928 3097 1973 et
3139 1919 3525 1978 discalceatus.

1944 1995 2013 2051 Et
2042 1999 2182 2053 dixit
2206 2000 2489 2068 Dominus,
2516 2007 2976 2073 quemadmodum
3004 2012 3304 2069 ambulavit
3333 2030 3527 2073 servus

1946 2103 2101 2143 meus
2163 2089 2329 2147 Isaias
2362 2094 2539 2149 nudus
2589 2105 2645 2149 et
2670 2098 3026 2154 discalceatus
3057 2113 3169 2158 tres
3194 2119 3390 2173 annos,
3414 2118 3529 2164 tres

1946 2182 2071 2235 anni
2101 2196 2261 2237 erunt
2289 2186 2339 2237 in
2373 2189 2528 2256 signa
2558 2200 2612 2242 et
2648 2192 2893 2261 prodigia
2923 2192 3197 2265 IEgypliis
3231 2209 3286 2251 et
3312 2199 3528 2255 Ethio-

1945 2276 2123 2342 pibus.
2162 2295 2179 2326 ι
2238 2275 2391 2343 Quod
2445 2278 2707 2347 jubeatur
2752 2286 2928 2339 nudus
2977 2288 3232 2343 incedere
3280 2300 3334 2345 et
3384 2291 3526 2347 nihil

1946 2368 2214 2433 cunctari,
2251 2371 2409 2437 i'dque
2460 2372 2751 2428 confestim
2795 2391 2956 2446 agere
3004 2380 3058 2431 in
3108 2379 3283 2434 oculis
3330 2392 3526 2437 astan-

1947 2458 2102 2523 tium,
2162 2461 2412 2516 maximae
2468 2479 2601 2519 sane
2654 2467 3029 2535 obsequentia:
3081 2486 3208 2540 erga
3250 2472 3419 2527 Deum
3469 2485 3528 2530 et

1944 2550 2460 2621 alacritatis,parati
2492 2556 2620 2609 item
2647 2559 3007 2629 sublimisque
3037 2563 3208 2615 animi
3235 2579 3527 2635 argumen-

1946 2652 2056 2696 tum
2092 2643 2280 2709 fuerit,
2308 2647 2398 2715 qui
2433 2648 2727 2704 humanam
2768 2652 2995 2720 gloriam
3025 2669 3090 2708 ne
3122 2652 3273 2710 ﬂocci
3302 2658 3522 2725 quidem

1945 2732 2130 2788 faciat.
2164 2736 2289 2792 Haec
2333 2751 2513 2793 autem
2568 2752 2762 2811 agente
2814 2746 3101 2813 propheta,
3137 2748 3201 2802 iis
3243 2764 3362 2817 quae
3389 2767 3523 2820 pro-

1945 2827 2106 2894 pheta
2162 2833 2613 2898 reprtesenlabal,
2659 2836 2856 2889 similia
2916 2853 3176 2907 passuros
3232 2842 3524 2914 Egyptios

1945 2917 2014 2971 ab
2045 2918 2286 2989 Assyriis
2317 2920 2615 2977 debellatos
2658 2928 2906 2993 praedicit
2942 2928 3112 2995 Deus;
3168 2934 3343 2989 nudos
3371 2936 3523 2991 vide-

1944 3007 2069 3062 licet
2096 3020 2150 3063 et
2181 3011 2541 3067 discalceatos
2586 3017 2878 3071 abductum
2915 3020 3015 3085 iri;
3054 3038 3230 3092 neque
3260 3026 3381 3081 illos
3411 3038 3524 3082 tan-

1946 3112 2079 3167 tum,
2132 3108 2223 3157 sed
2274 3108 2439 3160 etiam
2498 3109 2805 3178 IEthiopas,
2843 3126 2979 3179 quos
3033 3115 3099 3167 ad
3157 3119 3417 3172 auxilium
3464 3131 3521 3175 et

1943 3197 2317 3250 commilitium
2362 3211 2621 3253 venturos
2668 3215 2789 3255 esse
2835 3207 3185 3269 sperabatur.
3241 3207 3520 3278 Siquidem

1941 3287 2263 3357 Aithiopum
2296 3306 2361 3345 eo
2392 3302 2637 3362 tempore
2672 3298 2961 3349 admodum
3003 3300 3333 3368 potentium,
3384 3305 3494 3356 mul

1942 3381 2158 3435 titudini
2204 3394 2258 3435 et
2294 3388 2475 3438 manui
2522 3385 2750 3441 ﬁdentes
2802 3387 3069 3459 )Egyptii,
3116 3394 3372 3459 Assyrios
3425 3400 3493 3450 de

1940 3475 2148 3540 spectui
2182 3476 2459 3529 habebant
2486 3495 2497 3529 :
2527 3489 2577 3530 at
2604 3478 2745 3533 Dens
2785 3481 3024 3535 futurum
3059 3497 3389 3551 prmnuutlat
3434 3492 3484 3542 di

1940 3579 2092 3631 cens,
2130 3584 2147 3615 ι
2180 3565 2649 3630 Quemadmodum
2676 3572 2977 3627 ambulavit
3034 3590 3223 3631 servus
3276 3595 3430 3633 meus
3478 3582 3522 3633 l-

1941 3659 2083 3711 saias
2120 3662 2295 3713 nudus
2321 3671 2375 3715 et
2402 3662 2777 3727 discalceatus,
2803 3684 2819 3715 ι
2850 3675 2903 3719 et
2941 3680 3158 3722 caetera.

2013 3838 2175 3895 Vens.
2219 3841 2271 3895 4.
2340 3862 2358 3894 ι
2393 3844 2659 3911 Quoniam
2714 3850 2793 3903 sic
2839 3862 2963 3919 aget
3013 3867 3105 3906 rex
3160 3853 3515 3924 Assyriorum

1942 3936 2310 4003 captivitatem
2338 3938 2563 4009 Egypti
2592 3951 2645 3995 et
2666 3941 3006 4012 Ethiopum,
3030 3946 3258 4013 juvenes
3279 3959 3334 4003 et
3362 3966 3520 4005 senes

1942 4025 2116 4077 nudos
2165 4036 2221 4079 et
2250 4029 2631 4095 discalceatos,
2678 4036 3051 4103 discoopertos
3096 4041 3302 4107 pudore
3350 4042 3517 4112 Egy-

1940 4117 2040 4183 pti.
2070 4135 2087 4167 ι
2129 4118 2253 4173 llaec
2310 4133 2458 4176 certe
2511 4124 2599 4192 iis,
2636 4140 2756 4193 qua:
2797 4130 2958 4194 paulo
3001 4141 3125 4185 ante
3172 4134 3311 4185 dicta
3362 4150 3512 4198 sunt,

1941 4213 2217 4265 contraria
2248 4214 2559 4283 videantur,
2604 4218 2760 4286 queis
2818 4222 2960 4273 inter
2996 4222 3279 4293 Egyptios
3317 4234 3371 4279 et
3418 4229 3520 4280 As-

1944 4302 2124 4369 syrios
2158 4304 2595 4371 conjunctionem
2624 4318 2679 4361 et
2702 4314 3091 4366 commercium
3146 4314 3256 4368 fore
3302 4317 3521 4377 diceba-

1948 4402 2033 4444 tur
2062 4411 2073 4444 :
2106 4412 2250 4449 nunc
2278 4405 2459 4451 autem
2502 4399 2579 4452 ait
2612 4415 2790 4470 regem
2827 4403 3175 4473 Assyriorum
3202 4406 3433 4473 juvenes
3465 4420 3523 4462 et

247 4480 447 4550 ψεσθαί
478 4496 612 4549 φησι
636 4479 744 4531 τῶν
765 4480 1073 4546 Αἰγυπτίων
1100 4482 1225 4542 τοὺς
1255 4481 1567 4542 νεανίσκους
1597 4484 1688 4533 καὶ
1714 4485 1839 4545 τοὺς

1944 4499 2103 4539 senes
2136 4486 2515 4558 [Egyptiorum
2568 4496 2740 4548 nudos
2780 4506 2831 4548 et
2869 4496 3225 4550 discalcealos
3271 4498 3518 4565 captivos

249 4569 567 4643 πρεσϐύτας
601 4571 839 4638 γυμνοὺς
876 4572 967 4622 καὶ
996 4572 1371 4635 ἀνυποδέτους.
1417 4572 1679 4643 Εὑρεοείη
1702 4573 1743 4624 δ’
1774 4574 1838 4625 ἂν

247 4663 402 4724 λύσις
457 4660 557 4730 τῆς
585 4660 837 4730 ἀπορίας,
872 4662 919 4712 εἰ
970 4664 1360 4732 ἐπιστήσαιμεν
1406 4664 1481 4733 τῷ
1514 4666 1698 4733 τρόπῳ
1745 4666 1837 4717 τοῦ

250 4750 591 4825 προφητικοῦ
628 4753 953 4821 πνεύματος.
1000 4755 1086 4816 Ὠς
1120 4755 1228 4825 γὰρ
1272 4758 1336 4824 τῇ
1382 4756 1641 4825 Αἰγύπτῳ
1668 4773 1837 4827 προσ-

249 4848 398 4917 έσχε,
433 4850 638 4902 συνεῖδε
698 4852 793 4919 μὲν
822 4852 913 4903 καὶ
943 4849 1009 4901 τὰ
1044 4850 1357 4918 παραυτίκα
1386 4854 1497 4912 τοῖς
1526 4851 1837 4919 Αἰγυπτίοις

251 4941 517 5009 μέλλοντα
533 4941 748 4993 ἔσεσθαι
781 4943 920 4995 κατὰ
953 4942 1151 5011 τὸνροῦ
1182 4947 1459 5014 προφήτου
1484 4944 1693 5014 χρόνον,
1726 4946 1833 4995 άπ-

249 5034 448 5087 έϐλεπε
515 5032 573 5085 δὲ
606 5034 699 5085 καὶ
728 5036 820 5086 ἐπὶ
843 5034 912 5088 τὰ
948 5038 1174 5107 μακροῖς
1212 5035 1435 5106 ὓστερον
1461 5037 1671 5105 χρόνοις
1704 5038 1838 5089 ἀπο-

246 5123 530 5195 ῦησόμενα
577 5126 793 5195 χρηστὰ
825 5127 951 5196 περὶ
982 5127 1079 5196 τὴν
1130 5126 1235 5177 τῶν
1266 5128 1579 5201 Αἰγυπτίων
1634 5128 1832 5199 χώραν.

249 5213 385 5269 Εἶτα
442 5216 634 5288 πρῶτα
684 5219 896 5289 χρηστά
946 5218 1207 5281 Θεσπίσας
1232 5218 1320 5271 διὰ
1362 5219 1472 5271 τῶν
1506 5220 1832 5293 ἔμπροσθεν,

245 5308 342 5361 ἐπὶ
373 5309 438 5360 τά
469 5311 806 5381 παραχρῆμα
834 5312 1172 5379 γενησόμενα
1216 5310 1549 5380 μεταϐαίνει.
1605 5314 1839 5383 Αυπηρα

244 5401 303 5452 δὲ
338 5404 448 5463 τοῖς
476 5402 793 5469 Αἰγυπτίοις
819 5401 992 5454 ταῦτα
1018 5397 1085 5469 ἦν
1106 5417 1117 5430 ⁸
1148 5401 1182 5454 ἃ
1210 5403 1303 5455 καὶ
1350 5404 1449 5455 οὐκ
1488 5406 1566 5467 εἰς
1612 5406 1829 5476 μακρὰν

246 5492 551 5563 ἐπληῳῦτο
583 5495 705 5545 κατ’
734 5494 930 5553 αὐτοὺς
959 5492 1217 5559 ἐκείνους,
1252 5496 1373 5547 καθ’
1398 5495 1489 5559 οὓς
1541 5499 1569 5549 6
1621 5500 1832 5569 προφή-

244 5601 348 5656 της
397 5585 725 5657 ἐγνωρίζετο
778 5586 1019 5656 χρόνους.
1083 5586 1417 5655 Ἀναγκαίως
1466 5588 1522 5639 δὲ
1572 5588 1630 5641 τὸ
1690 5589 1834 5644 Οεῖον

306 5789 490 5845 Μιιιιι.
515 5790 653 5862 νηὶ.
736 5790 764 5839 ⁵.
789 5789 953 5843 llehr.
988 5805 1062 5853 χι,
1097 5790 1163 5843 37

1943 4577 2299 4633 abducturum
2326 4597 2466 4637 esse.
2497 4583 2661 4648 Cujus
2687 4596 2865 4639 tamen
2914 4586 3248 4643 difﬁcultatis
3292 4590 3517 4643 solutio-

1942 4684 2063 4722 nem
2100 4673 2453 4738 reperiemus,
2490 4677 2530 4726 si
2574 4692 2778 4731 morem
2831 4682 3177 4735 attendamus
3214 4684 3516 4749 prophetici

1943 4764 2196 4829 spiritus.
2232 4762 2299 4817 Ut
2327 4768 2468 4818 enim
2509 4766 2744 4837 Egyplo
2788 4772 3028 4825 animum
3076 4773 3393 4836 adhibebat,
3440 4775 3521 4823 vi-

1941 4856 2105 4907 debat
2159 4856 2377 4923 quidem
2413 4871 2473 4908 ea
2506 4873 2627 4925 qua:
2678 4875 2803 4913 mox
2853 4859 3127 4931 [Egyptiis
3158 4862 3208 4914 in
3242 4863 3356 4930 ipso
3386 4878 3516 4931 pru-

1944 4948 2121 5012 pheta:
2155 4957 2417 5015 tempore,
2448 4962 2712 5003 eventura
2746 4963 2935 5017 erant;
2972 4956 3208 5022 itemque
3232 4957 3522 5022 prospicie-

1945 5036 2037 5089 bat
2067 5038 2205 5090 bona
2244 5036 2334 5090 illa
2382 5054 2500 5105 qua:
2549 5041 2807 5095 diuturno
2840 5055 2961 5110 post
2995 5055 3237 5113 tempore
3270 5046 3320 5097 in
3351 5044 3491 5116 IEgy

1944 5130 2177 5196 ptiorum
2210 5136 2432 5202 regione
2460 5134 2639 5187 futura
2666 5146 2844 5188 erant.
2882 5135 3016 5189 llinc
3046 5151 3166 5189 cum
3196 5136 3348 5204 prius
3380 5138 3518 5192 bona

1948 5220 2270 5276 vaticinatus
2299 5238 2464 5287 esset,
2501 5227 2568 5278 ad
2610 5240 2673 5278 ea
2714 5241 2835 5292 qua:
2883 5241 3006 5279 mox
3054 5236 3321 5280 eventura
3364 5242 3525 5282 erant

1944 5314 2261 5377 pertransit.
2306 5313 2429 5368 lla-c
2470 5331 2633 5384 porro
2678 5315 2953 5387 Egyptiis
3001 5320 3201 5385 tristia,
3250 5335 3370 5388 (ποτε
3424 5337 3523 5374 nec

1938 5402 2027 5454 diu
2056 5413 2245 5471 postea
2276 5406 2494 5474 impleta
2525 5416 2672 5471 sunt,
2707 5409 2897 5462 iisdem
2932 5411 3065 5478 ipsis
3102 5426 3209 5480 quo
3254 5412 3518 5479 propheta

1941 5496 2265 5563 conspicuus
2308 5509 2363 5552 et
2410 5510 2574 5555 notus
2615 5512 2735 5555 erat
2779 5505 3135 5571 temporibus.
3193 5499 3519 5555 Necessario

1942 5595 2118 5641 autem
2149 5588 2383 5659 Spiritus
2412 5591 2626 5647 divinus
2659 5594 2721 5648 dc
2764 5594 2975 5648 Domini
3012 5596 3061 5649 in
3096 5592 3390 5665 .‘Egypunn
3420 5593 3516 5645 ad-
