4120 6294
615 327 736 395 ιω

1319 331 1591 390 EUSEBll
1627 330 2098 390 CESABIENSIS
2131 330 2280 391 OPP.
2321 330 2502 390 PARS
2538 334 2629 390 Ill.
2672 365 2740 376 -
2780 333 3187 392 EXEGETICA.

3750 334 3864 391 ειο

626 464 807 520 ventu,
830 460 896 510 et
926 452 992 508 de
1016 451 1176 508 bonis
1203 449 1401 507 ibidem
1432 452 1486 506 in
1520 450 1806 524 Egyptios
1829 451 2164 506 conterendis

2278 419 2503 520 Πνεῦμα
2525 450 2626 521 τῆς
2657 452 2784 513 περὶ
2810 450 2903 503 τοῦ
2935 450 3142 523 Κυρίου
3173 451 3251 512 είς
3296 447 3568 518 Αἴγυπτον
3595 446 3856 517 ἀφίξεως.

625 547 970 608 vaticinatus,
998 559 1060 600 ea
1089 559 1209 614 qua
1245 546 1366 598 mox
1397 544 1555 600 linem
1596 553 1818 598 nactura
1849 554 2007 598 erant
2047 543 2177 599 sub-

624 638 779 701 didit,
834 644 894 690 ut
937 649 968 689 a
1019 635 1362 704 prasentium
1393 644 1589 689 eventu
1628 650 1712 698 ea,
1753 649 1873 704 qua:
1922 633 2178 689 diuturno

622 740 742 799 post
771 739 1015 801 tempore
1038 728 1214 783 futura
1253 737 1434 792 erant,
1461 726 1741 782 credibilia
1765 734 1950 780 essent
1983 726 2052 780 iis
2082 726 2177 793 qui

623 829 752 874 tunc
776 819 1206 889 propheticorum
1231 829 1538 870 sermonum
1553 816 1826 871 auditores
1844 823 2022 870 erant.
2053 814 2177 871 Haec

619 923 751 978 ergo
776 924 896 979 qua:
913 907 1024 977 jam
1055 915 1370 969 tractamus,
1400 920 1504 960 non
1551 916 1709 960 erant
1755 914 1881 960 ante
1925 920 2176 975 pranun-

616 997 1093 1056 tiatiscontraria:
1122 995 1212 1051 illa
1243 997 1443 1066 quippe
1470 1010 1568 1065 pro
1591 997 1926 1067 temporibus
1958 997 2015 1050 in
2051 1011 2175 1067 pro-

624 1092 800 1161 pbetia
829 1091 1060 1154 notatis;
1101 1089 1217 1144 haec
1263 1103 1392 1144 vero
1423 1101 1523 1158 pro
1559 1086 1720 1144 rebus
1753 1102 1876 1143 mox
1923 1089 2175 1159 gerendis

619 1181 956 1238 enuntiabat.

649 1385 652 1387 λ
687 1360 854 1417 Vsus.
886 1359 940 1414 5.
987 1377 1004 1410 ι
1030 1357 1094 1412 Et
1124 1357 1523 1413 confundentur
1551 1357 1790 1426 superati
1822 1355 2062 1428 Egyptii
2104 1356 2173 1410 ab

617 1453 984 1524 Aitbiopibus,
1022 1451 1075 1506 in
1101 1450 1294 1518 quibus
1321 1449 1666 1506 confidebant
1706 1450 1981 1522 Egyptii:
2015 1457 2171 1505 erant

616 1545 760 1599 enim
800 1543 931 1614 ipsis
957 1541 1145 1612 gloria.
1169 1558 1190 1594 ι
1236 1540 1635 1599 Erubescentes
1673 1540 1886 1597 scilicet
1927 1541 1994 1596 de
2021 1541 2087 1596 iis
2117 1541 2168 1594 in

616 1637 813 1705 quibus
833 1634 1208 1698 conﬁdebant;
1250 1633 1324 1687 ita
1359 1643 1418 1688 ut
1449 1647 1573 1689 sese
1609 1633 1711 1704 ipsi
1753 1633 2076 1689 damnarent
2113 1643 2170 1689 et

617 1733 922 1794 arguerent.

689 1817 848 1872 Vens.
881 1814 932 1869 6.
973 1814 1080 1869 «Ει
1102 1814 1283 1869 dicent
1307 1815 1396 1884 qui
1432 1814 1674 1869 habitant
1724 1814 1777 1868 in
1823 1813 1998 1869 insula
2041 1814 2166 1881 hac,
2199 1801 2244 1858 Β

615 1908 752 1962 Ecce
801 1921 900 1962 nos
944 1903 1371 1969 conﬁdebamus,
1433 1915 1487 1958 ut
1538 1905 1602 1958 ad
1652 1916 1842 1959 eorum
1901 1903 2166 1959 auxilium

616 1998 1048 2068 confugeremus,
1108 1998 1198 2067 qui
1238 2011 1344 2051 non
1395 2003 1688 2066 potuerunt
1726 1996 1932 2051 servari
1984 2010 2014 2050 a
2043 1998 2170 2067 rege

613 2091 978 2161 Assyriorum,
1007 2100 1062 2144 et
1082 2087 1347 2158 quomodo
1370 2101 1468 2141 nos
1500 2085 1874 2142 servabimur?
1899 2104 1917 2137 ι

1189 2177 1412 2234 CAPUT
1452 2177 1594 2233 XXI.

686 2272 1008 2335 Vsas.l,‘2.
1064 2289 1082 2323 ι
1117 2269 1262 2327 Visio
1311 2270 1531 2325 deserti.
1577 2268 1733 2324 Sicut
1783 2268 2020 2338 procella
2075 2283 2170 2340 per

614 2368 885 2422 desertum
926 2363 1143 2426 transit,
1178 2375 1245 2417 ex
1269 2361 1483 2415 deserto
1521 2359 1745 2415 veniens
1771 2373 1806 2437 a7
1831 2369 1971 2413 terra
2008 2377 2022 2413 :
2058 2367 2169 2414 ter-

613 2457 788 2514 ribilis
811 2456 948 2511 visio
981 2463 1035 2510 et
1074 2454 1229 2516 dura,
1262 2447 1567 2506 renuntiata
1603 2459 1687 2506 est
1718 2450 1870 2505 mihi.
1911 2451 2168 2506 Contem-

613 2558 737 2620 ptor
765 2546 1078 2608 contemnit,
1111 2553 1166 2599 et
1203 2543 1417 2613 iniquus
1448 2542 1629 2611 inique
1653 2542 1783 2610 agit.
1823 2543 1903 2597 Ad
1929 2556 2016 2596 me
2041 2541 2163 2596 Ela-

613 2641 778 2706 mitae,
808 2649 864 2693 et
897 2637 1053 2707 legati
1097 2636 1383 2691 Persarum
1427 2633 1492 2687 ad
1539 2648 1628 2688 me
1664 2634 1902 2689 veniunt.
1933 2651 1953 2686 ι
1983 2633 2166 2690 Perse

614 2735 793 2801 itaque
818 2744 923 2784 non
959 2729 1046 2783 diu
1075 2737 1256 2797 postea
1289 2725 1563 2782 Medorum
1588 2726 1870 2796 imperium
1902 2727 2166 2797 excipien-

611 2835 714 2888 tes,
749 2821 1035 2892 Babylonis
1078 2819 1335 2889 reliquias
1363 2826 1690 2874 everterunt.
1716 2816 1844 2873 lure
1890 2818 2056 2890 igitur
2092 2834 2166 2873 ae-

612 2913 772 2966 stimo
799 2911 916 2965 hare
953 2911 1165 2965 hostilia
1193 2909 1332 2963 facta
1366 2909 1431 2964 de
1455 2908 1729 2980 Babylone
1753 2910 1878 2966 dici.
1903 2910 2040 2977 Quid
2061 2911 2164 2967 sibi

609 3003 725 3055 vult
759 3011 936 3055 autem
968 3015 1088 3054 cum
1113 3001 1212 3063 ait,
1248 3019 1266 3051 ‹
1294 2999 1442 3054 Visio
1465 2999 1704 3054 deserti?
1736 3020 1754 3052 ι
1808 3000 1926 3054 1am
1971 3001 2164 3057 exhinc

610 3089 938 3157 Babylonem
963 3097 1119 3143 vocat
1149 3089 1444 3154 desertum,
1493 3097 1714 3158 propter
1742 3101 1804 3143 ea
1831 3103 1949 3157 quae
1979 3091 2044 3143 de
2073 3105 2165 3144 va-

609 3180 794 3234 stitate
841 3178 958 3246 ejus
995 3179 1048 3232 in
1091 3176 1371 3246 prophetia
1418 3175 1685 3232 feruntur.
1733 3177 1915 3245 Quare
1947 3194 2010 3234 ex
2043 3195 2160 3250 per-

607 3283 740 3324 sona
785 3268 952 3338 ipsius
993 3266 1284 3337 Babylonis
1332 3266 1445 3320 haec
1488 3266 1630 3322 dicta
1679 3267 1847 3323 fuisse
1903 3270 2160 3335 arbitror,

607 3361 761 3430 quasi
801 3359 959 3423 mala,
992 3373 1111 3427 qua:
1133 3366 1390 3412 eventura
1419 3357 1519 3411 sibi
1548 3368 1702 3412 erant
1741 3359 1961 3414 auribus
1999 3376 2160 3416 acce-

608 3453 796 3523 pisset,
824 3465 886 3504 ac
915 3459 1250 3520 precaretur,
1283 3459 1341 3501 ut
1364 3448 1556 3502 horum
1594 3449 1810 3504 auditus
1860 3451 2160 3518 pertransi-

609 3553 714 3608 ret,
753 3553 916 3612 utque
948 3558 1031 3606 ea,
1072 3556 1191 3610 quae
1221 3541 1670 3608 exspectabantur
1700 3558 1803 3596 non
1833 3545 2157 3598 acciderent.

681 3635 843 3689 Vens.
869 3633 921 3688 ὅ.
956 3651 975 3683 ι
1010 3631 1162 3686 Nunc
1190 3631 1383 3698 lugebo
1423 3641 1476 3684 et
1505 3632 1828 3686 consolabor
1877 3648 1979 3687 me.
2022 3633 2159 3688 Pro-

606 3723 1057 3796 ptereaimpletus
1079 3731 1162 3778 est
1193 3722 1403 3776 lumbus
1437 3735 1587 3776 meus
1607 3722 1893 3788 solutione,
1929 3731 1984 3778 et
2008 3724 2159 3780 dolo-

608 3834 695 3873 res
729 3817 1039 3870 invaserunt
1067 3830 1150 3869 me
1171 3824 1422 3884 tanquam
1451 3815 1860 3884 parturientem.
1890 3833 1908 3867 ι
1934 3815 2154 3883 Verum,

609 3917 670 3962 ut
694 3921 790 3974 par
819 3914 918 3971 est,
947 3921 1088 3959 nunc
1126 3903 1338 3975 lugebo,
1379 3905 1523 3974 quod
1557 3920 1660 3960 non
1694 3913 1856 3960 antea
1899 3904 2153 3973 feceram,

608 3996 734 4066 quia
761 3997 988 4065 superba
1013 4008 1184 4060 eram,
1211 4003 1268 4049 et
1299 3995 1559 4049 adversus
1597 3995 1834 4064 reliquas
1855 4005 2044 4065 gentes
2071 4011 2156 4052 me

609 4085 933 4140 extollebant
963 4122 978 4147 ,
1017 4083 1088 4136 ita
1131 4092 1192 4137 ut
1235 4084 1356 4138 aliis
1387 4099 1558 4139 essem
1591 4084 1764 4139 luctus
1794 4100 1978 4141 causa.
2004 4084 2158 4142 Nunc

606 4191 737 4231 vero
763 4190 861 4245 ego
886 4178 996 4244 ipsa
1027 4173 1281 4244 Babylon,
1321 4189 1441 4229 cum
1487 4177 1684 4245 populo
1713 4192 1831 4232 meo
1859 4177 2073 4248 lugebo,
2104 4187 2160 4234 et

601 4270 750 4325 luctu
805 4282 890 4325 me
930 4267 1286 4330 consolabor;
1320 4268 1445 4338 quia
1486 4283 1572 4323 me
1618 4284 1799 4323 rerum
1849 4270 2158 4338 huiusmodi

602 4360 850 4414 nuntium
874 4357 1129 4427 perculit:
1176 4357 1329 4426 cujus
1359 4373 1520 4412 causa
1556 4359 1795 4428 repletus
1831 4370 1913 4430 est
1945 4362 2158 4416 lumbus

2277 543 2372 596 καὶ
2403 542 2532 613 περὶ
2568 541 2678 594 τῶν
2715 541 2803 594 ἐπ’
2832 542 2969 612 αὐτῇ
2999 539 3375 612 γενησομένων
3395 541 3508 603 τοῖς
3540 539 3860 608 Δίγυπτίοις

2275 633 2493 703 ἀγαθῶν
2525 633 2810 698 θεσπίσαν,
2848 633 2915 686 τὰ
2969 632 3311 705 παραχρῆμα
3365 630 3623 704 μέλλοντα
3663 632 3858 699 τέλους

2275 726 2562 796 τυγχάνειν
2595 724 2832 795 συνῆψεν
2855 741 2868 754 ο
2915 724 3003 778 ῐνα
3033 723 3142 777 ἀπὸ
3171 724 3272 795 τῆς
3308 723 3418 777 τῶν
3442 722 3724 797 παρόντων
3760 724 3859 778 ἐκ-

2275 817 2484 882 ϐάσεως
2512 819 2604 870 καὶ
2631 817 2702 870 τὰ
2736 818 2966 888 μακροῖς
2997 813 3222 888 ὕστερον
3253 815 3464 886 χρόνοις
3497 814 3756 886 μέλλοντα
3777 814 3860 885 τι.

2273 906 2460 962 νεσθαι
2495 904 2806 976 πιστευθείη
2837 907 2950 969 τοῖς
2983 904 3103 957 τότε
3129 903 3434 976 τηνικαῦτα
3457 903 3565 958 τῶν
3586 920 3856 976 προφητισ

2273 998 2386 1052 κῶν
2408 998 2581 1067 λόγων
2610 996 2959 1051 ἐπακούουσι.
2995 997 3109 1050 Οὐκ
3149 991 3219 1067 ἦν
3245 991 3338 1050 οὖν
3363 996 3577 1051 ἐναντία
3615 995 3686 1050 τὰ
3715 1013 3853 1067 προ-

2273 1090 2500 1161 κείμενα
2518 1089 2628 1143 τῶν
2645 1087 2734 1142 διὰ
2760 1087 2868 1142 τῶν
2889 1085 3197 1159 ἐμπροσθεν
3217 1087 3703 1159 προφητευομένων
3726 1103 3742 1118 ο
3776 1086 3855 1141 τὰ

2275 1182 2373 1253 μὲν
2418 1181 2527 1252 γὰρ
2558 1183 2638 1244 είς
2665 1182 2792 1244 τοὺς
2838 1178 3349 1251 προφητευομένους
3399 1180 3657 1251 χρόνους·
3690 1178 3759 1233 τὰ
3787 1179 3853 1233 δέ

2271 1275 2400 1345 περὶ
2417 1274 2524 1329 τῶν
2552 1272 2778 1342 Εγγιστα
2804 1274 3183 1352 γενησομένων
3213 1271 3479 1341 ἁνεφὼνει
3835 1330 3841 1339 ,

2346 1383 2366 1417 ι
2394 1365 2504 1418 ΚαὶΙ
2549 1363 3065 1436 ἀναισχυνθήσονται
3101 1363 3424 1434 ἡττηθέντες
3465 1365 3517 1417 οῖ
3561 1364 3851 1435 Αἰγύπτιοι

2269 1458 2361 1510 ἐπὶ
2391 1459 2504 1522 τοῖς
2533 1455 2798 1526 Δίθίοψιν,
2825 1457 2912 1525 ἐφ’
2948 1450 3030 1520 οἷς
3073 1451 3212 1527 ἦσαν
3244 1455 3561 1521 πεποιθότες
3599 1459 3650 1512 oi
3681 1456 3851 1527 Αίγύ-

2269 1564 2414 1600 πτιοι
2433 1563 2448 1578 ο
2489 1542 2628 1619 ἦσαν
2655 1546 2766 1618 γὰρ
2793 1545 2975 1610 αὐτοῖς
3003 1545 3129 1613 δόξα
3151 1563 3165 1578 ·
3189 1564 3209 1598 ι
3263 1545 3622 1618 ἐρυθριῶντες
3655 1548 3738 1616 ἐφ’
3761 1541 3851 1611 οἷς

2268 1637 2530 1710 ἐθάρσουν
2560 1637 2654 1691 καὶ
2695 1635 3105 1690 ἐπεποίθεισαν·
3156 1635 3234 1701 ὡς
3277 1636 3706 1705 καταγινώσκειν
3745 1638 3848 1691 καὶ

2272 1727 2583 1799 μέμφεσθαι
2613 1727 2808 1791 αὐτοὺς
2833 1725 3077 1791 ἑαυτούς.

2349 1837 2368 1870 ι
2393 1819 2503 1873 Καὶ
2525 1817 2741 1890 ἐροῦσιν
2769 1820 2819 1872 ot
2866 1816 3245 1880 κατοικοῦντες
3283 1818 3342 1872 ἐν
3358 1819 3426 1889 τῇ
3453 1818 3602 1890 νήσῳ
3624 1817 3800 1892 ταύτῃ
3823 1835 3840 1850 ·

2290 1910 2422 1964 Ἰδοὺ
2451 1912 2613 1982 ἡμεῖς
2643 1905 2786 1982 ἦμεν
2817 1909 3133 1973 πεποιθότες
3177 1908 3274 1964 τοῦ
3301 1911 3493 1979 φυγεῖν
3534 1910 3614 1973 είς
3643 1911 3848 1974 αὐτοὺς

2269 2005 2349 2064 είς
2377 2002 2648 2074 βοήθειαν,
2674 2003 2724 2057 οἳ
2753 2003 2852 2058 οὐκ
2876 2003 3134 2073 ἠδύναντο
3167 2001 3400 2074 σωθῆναι
3441 2002 3551 2056 ἀπὸ
3575 2002 3846 2074 βασιλέως

2282 2095 2576 2168 Ἀσσυρίων
2597 2112 2611 2126 ·
2639 2096 2732 2151 καὶ
2765 2095 2880 2160 πῶς
2903 2097 3064 2167 ἡμεῖς
3095 2094 3455 2167 σωθησόμεθα
3478 2111 3494 2160 ;
3520 2113 3538 2146 ι

2775 2184 3168 2242 ΚΕΦΑΛΔΙΟΝ
3197 2188 3326 2241 KA'.

2347 2295 2365 2328 ι
2389 2278 2460 2330 Τὸ
2513 2279 2694 2351 ὅραμα
2719 2278 2817 2350 τῆς
2859 2279 3084 2350 ἐρήμου.
3134 2277 3222 2341 Ὠς
3245 2275 3496 2345 καταιγὶς
3536 2275 3605 2331 δι’
3631 2276 3845 2348 ἐρήμου

2266 2360 2481 2434 διέλθοι,
2513 2368 2572 2434 ἐξ
2598 2369 2804 2442 ἐρήμου
2833 2368 3098 2441 ἐρχομένη
3126 2369 3191 2423 ἐκ
3214 2368 3318 2439 γῆς
3337 2381 3353 2401 ο
3385 2367 3611 2438 φοϐερὸν
3631 2367 3692 2420 τὸ
3708 2368 3844 2438 ὅρα-

2269 2479 2367 2533 μα,
2401 2464 2495 2516 καὶ
2522 2462 2755 2534 σκληρὸν
2786 2461 3058 2531 ἀνηγγέλη
3092 2478 3201 2533 μοι.
3243 2461 3303 2514 '0
3333 2459 3539 2515 ἀθετῶν
3586 2458 3786 2526 ἀθετεῖ,
3809 2461 3845 2514 ό

2267 2550 2484 2622 ἀνομῶν
2512 2552 2724 2622 ἁνομεῖ.
2787 2550 2902 2604 Ἐπ’
2934 2549 3056 2621 ἐμοὶ
3110 2550 3162 2602 οἱ
3197 2548 3476 2620 Ἑλαμῖται
3503 2548 3596 2602 καὶ
3622 2549 3672 2601 οῖ
3704 2547 3843 2619 πρι-

2267 2643 2416 2706 σϐεις
2445 2641 2553 2695 τῶν
2586 2639 2808 2713 Περσῶν
2849 2640 2933 2693 ἐπ’
2965 2639 3066 2711 ἐμὲ
3097 2639 3364 2711 ἔρχονται.
3394 2659 3413 2692 ι
3449 2640 3657 2712 Πέρσαι
3682 2639 3838 2709 γοῦν,

2264 2733 2482 2807 Μήδους
2499 2735 2600 2788 οὐκ
2631 2735 2709 2799 είς
2739 2733 2952 2804 μακρὰν
2991 2731 3380 2803 διαδεξάμενοι,
3401 2732 3471 2786 τὰ
3492 2732 3715 2802 λείψανα
3737 2733 3843 2804 τῆς

2265 2825 2582 2890 Βαϐυλῶνος
2615 2825 2882 2879 καθεῖλον.
2908 2824 3144 2887 Εἰκότως
3169 2819 3262 2878 οὖν
3283 2824 3410 2895 περὶ
3434 2823 3747 2887 Βαϐυλῶνος
3765 2824 3840 2878 τὰ

2265 2920 2535 2991 πολεμικὰ
2564 2917 2813 2988 είρῆσθαι
2843 2915 3100 2988 ήγοῦμαι.
3129 2915 3194 2968 Τί
3226 2914 3284 2968 δέ
3341 2914 3586 2985 βούλεται
3624 2915 3654 2966 ὁ
3677 2913 3842 2984 λόγος

2266 3013 2512 3082 φάσκων,
2550 3009 2663 3064 «Τὸ
2706 3010 2887 3080 ὅραμα
2937 3007 3039 3077 τῆς
3087 3008 3331 3079 ἐρήμους
3360 3026 3378 3059 ι
3429 3005 3705 3060 Ἐντεῦθεν
3729 3003 3838 3077 ήδη

2266 3102 2558 3156 Βαϐυλῶνα
2599 3100 2802 3174 ἔρημον
2832 3098 3083 3170 ὀνομάζει
3110 3099 3197 3154 διὰ
3227 3099 3296 3152 τὰ
3322 3097 3677 3152 θεσπισθέντα
3703 3097 3840 3170 περὶ

2264 3195 2365 3266 τῆς
2396 3195 2627 3267 ἐρημίας
2655 3192 2842 3262 αὐτῆς.
2873 3191 2963 3244 Διὸ
2988 3193 3052 3244 ἐκ
3087 3189 3376 3262 προσώπου
3400 3190 3500 3262 τῆς
3519 3189 3839 3254 Βαϐυλῶνος

2263 3287 2431 3356 αὐτῆς
2459 3283 2607 3356 οἶμαι
2632 3283 2806 3338 ταῦτα
2830 3283 3098 3352 λέγεσθαι,
3129 3283 3204 3347 ὠς
3227 3284 3307 3347 είς
3327 3283 3497 3354 ἀκοὴν
3531 3279 3840 3354 παραδεξα-

2265 3377 2432 3449 μένης
2450 3379 2518 3431 τὰ
2547 3377 2806 3449 μέλλοντα
2830 3375 2967 3446 αὐτῇ
2995 3375 3203 3430 ἐπιέναι
3235 3374 3399 3439 κακὰ,
3435 3373 3731 3446 εὐχομένης
3768 3389 3838 3427 τε

2262 3467 2547 3540 παρελθεῖν
2569 3466 2666 3538 τὴν
2697 3467 2885 3537 ἀκοὴν,
2919 3465 3013 3518 καὶ
3047 3465 3121 3537 μὴ
3150 3465 3400 3534 γενέσθαι
3424 3465 3494 3519 τὰ
3523 3462 3836 3537 προσδοκῶ.

2265 3580 2422 3632 μενα.

2335 3676 2353 3707 ι
2374 3655 2486 3710 Νῦν
2515 3654 2754 3719 στενάξω
2785 3654 2878 3709 καὶ
2909 3651 3274 3725 παρακαλὲσω
3294 3651 3546 3722 ἐμαυτόν.
3579 3650 3676 3704 Διὰ
3707 3648 3838 3704 τοῦ-

2260 3761 2320 3796 το
2348 3743 2650 3814 ἐνεπλήσθη
2679 3745 2713 3814 ἡ
2736 3741 2906 3813 ὀσφύς
2938 3759 3036 3814 μου
3063 3740 3349 3804 ἐκλύσεως,
3373 3740 3468 3795 καὶ
3497 3740 3682 3804 ὠδῖνες
3704 3740 3834 3797 ἰλα-

2261 3836 2351 3890 ϐόν
2386 3853 2452 3906 με
2482 3836 2557 3899 ὡς
2605 3835 2910 3890 τίκτουσαν.
2935 3855 2954 3887 ι
2997 3834 3134 3887 Ἀλλ’
3157 3833 3232 3896 ὡς
3263 3833 3406 3888 ἔοικε
3444 3833 3540 3889 νῦν
3571 3834 3830 3900 στενάξω,

2257 3926 2392 3995 ὅπερ
2427 3925 2689 3995 πρότερον
2722 3924 2822 3978 οὑκ
2847 3923 3133 3996 ἐπραττον,
3171 3923 3516 3994 ὑπερήφανος
3545 3919 3698 3987 οὖσα,
3733 3925 3833 3978 καὶ

2258 4015 2365 4068 τῶν
2390 4012 2590 4067 λοιπῶν
2639 4012 2806 4067 ἐθνῶν
2848 4013 3283 4084 κατεπαιρομένη
3309 4030 3323 4042 ο
3375 4013 3451 4077 ὡς
3487 4013 3692 4084 ἑτέροις
3729 4016 3832 4086 ἐμ-

2259 4108 2431 4159 ποιεῖν
2455 4103 2802 4176 στεναγμούς.
2845 4102 2958 4157 Νῦν
2987 4103 3044 4156 δὲ
3076 4102 3214 4173 αὑτὴ
3243 4101 3353 4172 ἐγὼ
3379 4101 3656 4168 Βαϐυλὼν,
3683 4105 3778 4159 καὶ
3799 4106 3831 4158 ό

2260 4198 2317 4250 ἐν
2347 4196 2469 4267 ἐμοὶ⁵
2487 4194 2635 4259 λαὸς,
2669 4192 2927 4260 στενάξω,
2957 4194 3051 4250 καὶ⁵
3079 4193 3439 4268 παρακαλέσω
3467 4195 3708 4267 ἐμαυτὴν
3735 4195 3830 4251 διὰ

2257 4285 2349 4341 τοῦ
2375 4285 2681 4358 στεναγμοῦ
2701 4303 2715 4319 ·
2740 4283 2925 4356 ἐπειδὴ
2943 4285 3226 4357 καθήψατό
3278 4304 3376 4357 μου
3397 4287 3431 4358 ή
3461 4287 3588 4359 περὶ
3613 4287 3719 4340 τῶν
3745 4287 3832 4340 λε-

2257 4375 2491 4447 χθέντων
2505 4375 2748 4445 ἀγγελία,
2762 4369 2829 4448 ἦς
2841 4376 3000 4431 ἕνεκα
3027 4374 3268 4447 ἐπλήσθη
3297 4377 3331 4447 ὴ
3354 4375 3523 4447 ὀσφύς
3545 4394 3645 4448 μου
3669 4377 3830 4432 ἐκλύ-

601 4465 755 4504 meus
791 4449 1074 4512 solutione,
1115 4450 1205 4518 qui
1255 4449 1384 4503 olim
1440 4451 1762 4519 praecinctus
1824 4463 1944 4508 erat
1975 4463 2032 4508 et
2075 4455 2154 4508 la-

2264 4483 2397 4528 σεως
2444 4466 2609 4522 πάλαι
2641 4467 3046 4539 κατεσφιγμένη
3108 4469 3203 4521 καὶ
3229 4468 3636 4540 νεανιευομένη·
3664 4468 3828 4542 ὀδύνη

606 4539 887 4594 sciviebat.
917 4538 1077 4593 Dolor
1101 4537 1228 4593 item
1267 4549 1322 4593 et
1349 4539 1559 4594 labores
1590 4553 1678 4595 me
1700 4551 2058 4609 occuparunt,
2084 4543 2154 4597 ita

602 4642 666 4684 ut
696 4646 796 4700 ego
827 4629 1082 4700 Babylon,
1117 4630 1242 4683 olim
1287 4631 1502 4686 carteris
1530 4632 1805 4696 terribilis,
1842 4633 1973 4688 nihil
2000 4633 2155 4689 diffe-

602 4737 719 4776 ram
749 4739 778 4777 a
815 4723 1037 4777 muliere
1088 4722 1348 4790 pariente.
1395 4721 1519 4777 Haec
1559 4738 1720 4792 porro
1765 4724 1895 4779 mihi
1939 4726 2154 4782 accide-

601 4824 748 4881 runt,
785 4815 912 4884 quia
963 4813 1135 4869 fateor
1169 4827 1254 4867 me
1291 4813 1474 4883 inique
1506 4799 1703 4883 egisse,
1735 4829 1856 4870 cum
1885 4816 2154 4871 neminem

600 4903 1170 4960 commonefacientem
1195 4918 1282 4958 me
1313 4904 1576 4967 audirem,
1612 4913 1666 4959 et
1693 4919 1815 4961 cum
1852 4907 1982 4960 mihi
2011 4921 2155 4962 cura:

603 5006 764 5058 esset.
804 5004 863 5048 ut
888 5005 1093 5050 rectum
1116 4995 1250 5050 nihil
1281 4996 1597 5066 aspicerem.
1633 4996 1833 5064 Quare,
1866 4999 1966 5065 ait,
2012 5013 2156 5055 nunc

602 5085 908 5139 conﬁtendo
940 5085 1082 5141 dico.

672 5174 838 5232 Vsus.
870 5176 928 5230 4.
972 5194 992 5227 ι
1023 5176 1206 5248 Inique
1245 5176 1354 5249 egi,
1392 5180 1534 5248 quod
1585 5192 1693 5232 non
1739 5179 2022 5236 viderem:
2055 5196 2153 5237 cor

603 5283 780 5322 mcum
829 5277 1000 5334 errat,
1043 5269 1303 5336 iniquitas
1349 5282 1472 5324 mea
1510 5268 1771 5340 demergit
1814 5286 1900 5326 me
1926 5287 1943 5326 :
1972 5273 2152 5327 anima

603 5373 718 5411 mea
750 5359 802 5412 in
833 5369 982 5414 metu
1008 5369 1319 5414 versatum
1350 5358 1477 5415 Hac
1504 5374 1638 5415 sane
1671 5369 1803 5430 puto
1821 5364 2150 5433 ppropheta

601 5450 739 5502 dicta
793 5448 977 5516 fuisse,
1033 5448 1324 5520 Babylonis
1377 5465 1660 5520 personam
1711 5436 2046 5524 assumente,
2097 5465 2153 5510 et

599 5539 752 5607 quasi
775 5539 1041 5606 ejusdem,
1077 5541 1190 5597 sive
1221 5541 1397 5612 gentis
1441 5543 1685 5598 eamdem
1730 5543 2017 5603 incolentis
2052 5560 2151 5602 no-

599 5632 745 5686 mine
784 5631 896 5685 haec
917 5631 1059 5686 dicta
1096 5631 1348 5701 proferri.

675 5720 917 5779 Vens.'5.
985 5740 1003 5774 ι
1031 5720 1278 5792 Ριιερεη
1337 5737 1602 5795 mensam,
1641 5729 1927 5798 comedite,
1945 5733 2146 5805 bibite;

2257 4575 2316 4611 τε
2345 4558 2439 4612 καὶ
2487 4557 2638 4612 πόνοι
2667 4558 2965 4613 κατέλαϐόν
3001 4575 3089 4629 με,
3140 4559 3215 4624 ὡς
3249 4560 3415 4630 μηδὲν
3451 4560 3728 4633 διαφέρειν
3754 4579 3827 4634 με

2256 4649 2352 4722 τὴν
2376 4643 2688 4717 Βαϐυλῶνα,
2719 4651 2819 4722 τὴν
2845 4651 3011 4705 πάλαι
3029 4651 3234 4723 ἑτέροις
3252 4649 3416 4706 οὖσαν
3444 4651 3699 4726 φοϐερὰν,
3727 4671 3829 4724 γυ-

2257 4739 2439 4803 ναικὸς
2456 4739 2762 4810 τικτούσης.
2792 4739 2976 4794 Ταῦτα
3003 4739 3060 4794 δέ
3095 4759 3182 4812 μοι
3224 4740 3586 4815 συμϐέϐηκεν,
3616 4745 3831 4820 ἐπιδή-

2256 4845 2358 4900 περ
2375 4829 2618 4900 ὁμολογῶ
2639 4830 2974 4902 ἠδικηκέναι,
2998 4832 3084 4885 ὅτε
3105 4833 3326 4904 μηδενὸς
3347 4835 3541 4906 ήκουον
3558 4834 3666 4891 τῶν
3682 4854 3828 4911 παρ-

2255 4919 2542 4975 αινούντων
2571 4938 2682 4992 μοι,
2715 4922 2808 4974 καὶ
2855 4923 2944 4976 ὅτε
2975 4923 3208 4992 σπουδὴν
3230 4925 3525 5007 ἐποιούμην
3547 4927 3711 5000 μηδέν
3727 4929 3827 5004 δρ-

2255 5007 2344 5064 θὸν
2375 5010 2614 5082 βλέπειν.
2641 5012 2752 5076 Διὸ,
2788 5013 2940 5083 φησὶ,
2972 5011 3067 5067 νῦν
3097 5015 3557 5090 ἐξομολογουμένη
3593 5017 3759 5092 φημί·
3810 5058 3814 5062 -

2327 5206 2346 5240 ι
2367 5188 2630 5262 Ἠδίκησα
2645 5188 2739 5244 τοῦ
2765 5190 2838 5262 μὴ
2864 5190 3106 5261 βλέπεινο
3132 5191 3452 5267 πλανᾶταιή
3477 5184 3674 5269 καρδία
3694 5215 3827 5270 μου,

2254 5281 2344 5332 καὶ
2377 5282 2635 5352 ήάνομία
2669 5299 2770 5353 μου
2809 5281 3055 5352 βαπτίζει
3087 5301 3188 5354 με·
3221 5286 3254 5356 ή
3282 5284 3427 5358 ψυχή
3459 5305 3563 5358 μου
3591 5289 3825 5364 ἐφέστη-

2251 5387 2348 5424 κεν
2363 5373 2442 5436 είς
2463 5371 2642 5441 φόϐον.
2677 5390 2696 5423 ι
2729 5372 2910 5428 Ταῦτα
2938 5374 3035 5446 μὲν
3059 5370 3213 5444 οἶμαι
3234 5374 3483 5448 λελέχθαι
3502 5379 3580 5450 τῷ
3606 5384 3824 5455 προφή-

2249 5475 2338 5534 τῃ,
2368 5460 2799 5534 προσωποιοῦντι
2848 5463 2946 5536 τὴν
2968 5463 3282 5532 Βαϐυλῶνα,
3305 5467 3402 5521 καὶ
3451 5467 3527 5533 ὡς
3547 5469 3608 5537 ἐξ
3629 5471 3822 5544 αὐτῆς.

2248 5553 2282 5624 ἢ
2311 5553 2404 5606 καὶ
2436 5552 2529 5607 τοῦ
2567 5555 2626 5606 ἐν
2659 5555 2799 5626 αὐτῇ
2837 5555 3212 5620 κατοικοῦντος
3251 5555 3438 5624 ἔθνους
3465 5560 3535 5615 τὰ
3554 5562 3822 5634 εἰρημένα

2248 5645 2626 5717 προέρχεσθαι.

2322 5754 2342 5787 ι
2364 5736 2678 5806 Ἑτοίμασον
2727 5737 2827 5810 τὴν
2869 5739 3166 5811 τράπεζαν,
3217 5744 3440 5817 φάγετε,
3489 5745 3662 5800 πίετι⁶
3684 5746 3823 5805 dvo.
