4120 6294
3754 341 3865 396 ειε

635 345 744 401 265
1312 345 1574 402 EUSEBll
1609 343 2078 403 CESARIENSIS
2112 342 2264 402 OPP.
2304 342 2482 400 PARS
2516 343 2606 399 Ill.
2644 373 2714 387 —-
2748 341 3158 400 EXEGETICA.

715 460 872 517 Vsus.
896 460 984 516 12.
1045 481 1064 513 ι
1109 462 1173 516 Et
1203 476 1304 531 ego
1334 463 1637 520 custodiam
1665 480 1766 520 vos
1798 465 1885 519 die
1913 479 1976 519 ac
2007 473 2148 520 noctt

2251 501 2260 525 ι
2359 482 2381 515 ι
2404 462 2574 530 Κάγὼ
2599 462 2656 516 δὲ
2686 463 2904 532 φυλάξω
2929 463 3072 531 ὑμᾶς
3095 461 3164 514 δι’
3191 462 3400 533 ἡμέρας
3417 461 3509 515 καὶ
3535 461 3744 525 νυκτὸς,
3765 462 3864 515 καὶ

635 566 691 609 et
724 554 862 622 apud
890 570 976 609 me
1003 555 1174 610 eritis.
1209 575 1230 610 ι
1277 556 1334 610 Si
1379 558 1502 627 quis
1534 559 1590 611 in
1625 559 1780 612 vobis
1812 558 2014 611 auxilio
2055 573 2148 628 opu

2288 554 2418 625 παρ’
2445 554 2568 624 ἐμοὶ
2594 554 2835 622 γένεσθε.
2866 573 2886 606 ι
2921 553 2990 606 El
3021 570 3106 616 τις
3135 556 3194 607 ἐν
3233 555 3360 624 ὑμῖν
3390 552 3641 624 βοηθείας
3666 552 3858 614 δεῖται,

635 644 847 708 habeat,
872 659 901 698 a
937 659 1024 700 me
1053 653 1259 713 quaerat
1285 660 1441 714 opem
1473 664 1487 700 :
1518 657 1574 701 et
1596 647 1640 701 si
1669 646 1790 715 quis
1828 646 2058 701 salutem
2094 662 2148 700 cu

2287 649 2417 717 παρ’
2459 646 2595 717 ἐμοῦ
2636 646 2868 717 ζητείτω
2900 645 3001 717 τὴν
3056 645 3336 717 βοήθειαν·
3369 645 3462 698 καὶ
3483 644 3537 698 εῐ
3558 662 3644 707 τις
3689 642 3860 698 αὑτοῦ

634 744 720 790 rat
771 751 944 801 suam,
979 739 1046 792 ad
1073 751 1157 792 me
1185 737 1387 794 veniat.
1431 756 1449 788 ›
1478 737 1605 794 Ηίεε
1629 738 1844 808 quidem
1868 740 2010 793 dicta
2055 738 2146 792 mil

2285 737 2611 808 πεφρόντικε
2647 736 2941 808 σωτηρίας,
2973 739 3102 808 παρ’
3130 736 3257 808 ἐμοὶ
3303 737 3499 808 ἡκέτω.
3534 734 3716 789 Ταῦτα
3753 734 3858 804 μὲν

629 826 886 882 videntur
916 830 979 882 ad
1013 843 1108 883 eos
1149 843 1215 883 ex
1268 829 1536 897 Nummis,
1563 833 1656 900 qui
1684 841 1887 886 terrore
1937 838 2148 885 conster

2283 829 2530 900 εἰρῆσθαί
2565 845 2654 899 μοι
2682 829 2828 882 δοκεῖ
2851 829 2987 899 πρὸς
3034 830 3161 892 τοὺς
3189 828 3554 900 ἐπτοημένους
3579 827 3668 880 τὸν
3690 825 3858 895 φόϐον

631 918 742 970 nati
775 926 948 982 erant,
978 932 1112 986 quos
1141 919 1210 975 ad
1245 935 1304 975 se
1330 929 1488 975 vocat
1527 920 1691 984 Deus,
1740 920 2011 988 pollicitus
2055 919 2148 988 ipsi

2283 922 2391 974 τῶν
2429 921 2762 991 Ἰδουμαίων,
2802 921 2895 985 οὓς
2929 921 3064 993 πρὸς
3110 921 3302 974 ἑαυτὸν
3343 919 3603 975 ἀνακαλεῖ
3641 921 3670 972 6
3695 917 3854 980 Θεὸς,

625 1007 884 1061 auxilium
913 1023 1092 1074 suum,
1127 1010 1172 1064 si
1201 1019 1380 1067 tamen
1414 1012 1467 1065 in
1503 1026 1563 1066 se
1592 1023 1968 1080 permaneant.

2282 1012 2746 1083 ἐπαγγελλόμενος
2772 1013 2869 1084 τὴν
2921 1015 3046 1084 παρ’
3094 1011 3259 1066 αὐτοῦ
3294 1011 3563 1083 βοήθειαν,
3594 1011 3641 1062 εἰ
3672 1024 3855 1080 παρα-

2284 1104 2494 1174 μένοιεν
2515 1107 2571 1159 ὲν
2606 1104 2776 1175 αὐτῷ.

696 1185 857 1242 Vsus.
889 1189 1078 1245 15-15.
1119 1209 1138 1241 ι
1166 1191 1220 1246 ln
1273 1191 1411 1247 saltu
1447 1205 1674 1261 vespere
1707 1191 1967 1253 dormias,
1998 1201 2088 1242 aut
2124 1193 2148 1242 ἰ]

2354 1215 2372 1247 ι
2419 1196 2506 1249 Ἐν
2552 1194 2630 1266 τῷ
2673 1193 2863 1266 δρυμῷ
2897 1194 3136 1265 ἑσπέρας
3171 1192 3460 1265 κοιμηθῇς,
3493 1193 3526 1264 ἢ
3563 1193 3620 1245 ἐν
3647 1192 3712 1262 τῇ
3741 1188 3852 1261 όδιῖι

621 1279 706 1333 via
737 1279 954 1346 Dzdan,
987 1283 1042 1336 in
1071 1296 1352 1338 occursum
1401 1284 1608 1338 sitienti
1652 1297 1846 1350 aquam
1894 1281 2052 1346 ferte,
2086 1296 2148 1348 qu

2277 1285 2490 1338 Δαιδάν·
2523 1285 2603 1347 εἰς
2637 1283 2961 1353 συνάντησιν
2992 1281 3214 1351 διψῶντι
3236 1281 3380 1354 ὕδωρ
3410 1282 3624 1354 φέρετε,
3653 1281 3853 1333 olivet-

619 1369 875 1427 lmbitatis
932 1374 986 1429 in
1029 1373 1248 1444 regione
1289 1374 1544 1428 Tltzeman
1573 1392 1587 1428 :
1617 1375 1844 1444 panibus
1902 1373 2148 1430 occurrit

2277 1372 2497 1437 κοῦντες
2526 1375 2583 1427 ὲν
2605 1375 2670 1444 τῇ
2721 1373 2875 1446 χώρᾳ
2900 1373 3130 1444 Θαιμάν·
3159 1372 3343 1443 ἄρτοις
3395 1372 3685 1425 συναντᾶτε
3732 1371 3851 1431 τοῖς

617 1460 969 1532 fugientibus,
998 1475 1216 1535 propter
1252 1466 1646 1520 multitudinem
1693 1467 2020 1528 occisorum,
2050 1480 2148 1534 pro

2275 1464 2563 1533 φεύγουσιν
2593 1464 2682 1519 διὰ
2699 1465 2759 1518 τὸ
2784 1463 2986 1535 πλῆθος
3011 1465 3119 1521 τῶν
3150 1465 3586 1535 πεφονευμένων,
3617 1463 3709 1517 καὶ
3755 1461 3851 1515 διὰ

618 1564 741 1624 pter
769 1556 1160 1611 multitudinem
1195 1559 1513 1618 errantium,
1538 1568 1756 1627 propter
1781 1557 2148 1610 multitudineu

2272 1557 2333 1608 τὸ
2367 1557 2570 1627 πλῆθος
2616 1556 2725 1610 τῶν
2771 1557 3159 1627 πλανωμένων,
3185 1558 3280 1611 καὶ
3301 1557 3388 1610 διὰ
3414 1555 3474 1610 τὸ
3501 1555 3700 1626 πλῆθος
3742 1553 3848 1623 τῆς

614 1646 799 1714 gladii,
846 1656 900 1701 et
947 1657 1163 1718 propter
1211 1648 1604 1702 multitudinem
1651 1662 1877 1702 arcuum
1933 1647 2148 1700 inteuso

2274 1647 2567 1717 μαχαίρας,
2614 1646 2708 1699 καὶ
2756 1646 2845 1699 διὰ
2874 1645 2936 1698 τὸ
2972 1645 3175 1715 πλῆθος
3207 1644 3316 1697 τῶν
3355 1643 3700 1713 τοξευμάτων
3733 1641 3846 1694 τῶν

610 1751 754 1800 rum,
793 1745 849 1791 et
880 1747 1098 1806 propter
1140 1737 1540 1792 multitudinem
1599 1751 1786 1791 eorum
1834 1737 1924 1805 qui
1957 1735 2148 1789 cecide

2271 1737 2692 1807 διατεταμένων,
2741 1737 2835 1790 καὶ
2867 1735 2954 1788 διὰ
2993 1736 3056 1789 τὸ
3101 1734 3304 1806 πλῆθος
3338 1734 3448 1788 τῶν
3478 1733 3844 1787 πεπτωκότων

611 1836 740 1880 runt
765 1827 817 1881 in
845 1826 1006 1883 bello.
1035 1846 1053 1881 ι
1097 1827 1219 1883 Jam
1270 1829 1411 1884 enim
1459 1829 1784 1883 instantibus
1825 1843 2024 1897 vosque
2066 1841 2148 1880 ca}

2270 1829 2328 1881 ἐν
2353 1827 2431 1898 τῷ
2466 1828 2706 1900 πολέμῳ.
2739 1846 2759 1879 ι
2807 1827 2945 1899 Ἤδη
2973 1828 3083 1900 γάρ
3115 1827 3450 1881 ἐπιστάντων
3473 1825 3581 1878 τῶν
3607 1840 3844 1878 κατακο-

609 1917 860 1974 dentibus
912 1921 1253 1986 adversariis,
1290 1935 1446 1990 quam
1493 1921 1706 1988 plurimi
1751 1927 1983 1973 vestrum
2020 1919 2164 1986 peri-

608 2009 744 2064 bunt
776 2027 790 2063 :
817 2011 860 2065 sl
900 2020 1078 2066 autem
1108 2027 1248 2067 unus
1275 2028 1341 2066 ex
1369 2012 1540 2076 vobis,
1574 2021 1657 2064 vet
1687 2011 1812 2076 duo,
1849 2012 1935 2064 vel
1973 2012 2160 2065 admo-

607 2099 734 2154 dum
780 2102 937 2170 paucl
973 2102 1273 2158 incolumes
1305 2103 1597 2166 evaserint,
1625 2101 1745 2171 fuga
1788 2101 2015 2156 salutem
2062 2116 2161 2154 na-

603 2202 709 2261 cti;
741 2195 826 2250 bis
857 2209 976 2266 ego,
1011 2205 1196 2267 utpote
1228 2177 1577 2268 fugientibus,
1610 2207 1666 2252 et
1701 2197 1825 2266 fuga
1855 2195 2162 2265 defatigatis

603 2293 659 2339 et
685 2287 898 2350 solutis,
922 2301 1042 2341 cum
1075 2288 1238 2342 urbes
1264 2287 1579 2342 incolendas
1602 2302 1705 2339 non
1737 2285 1994 2347 habeant,
2027 2297 2162 2350 pra:-

600 2377 738 2444 cipio
780 2379 926 2432 utin
976 2378 1115 2432 saltu
1169 2378 1312 2432 etin
1371 2379 1600 2432 desertis
1651 2375 1807 2437 locis,
1862 2382 2160 2440 occupaute

597 2480 848 2536 vespera.
883 2468 1170 2523 dormiant.
1209 2467 1408 2522 Verum
1439 2481 1505 2520 ne
1536 2465 1679 2518 fame
1723 2475 1971 2529 pereant,
2002 2463 2158 2518 lassis

598 2563 704 2617 il'is
751 2573 805 2618 et
857 2563 1164 2618 sitientibus
1196 2562 1376 2618 oﬂ‘erri
1426 2577 1619 2630 aquam
1650 2572 1706 2616 et
1740 2577 1935 2632 panem
1975 2559 2152 2628 iubeo.

597 2655 692 2710 llis
726 2668 902 2710 autem
949 2671 1040 2710 vos
1085 2657 1346 2725 alloquor,
1371 2655 1464 2724 qui
1502 2655 1780 2717 'Ih:cmau,
1828 2655 1907 2708 sic
1954 2654 2153 2707 dictam

596 2747 897 2816 regionem,
935 2747 1172 2801 incolitis
1203 2762 1216 2798 :
1253 2761 1388 2815 quos
1437 2749 1684 2800 convenit
1729 2745 1998 2813 fugientes
2031 2758 2154 2812 per-

594 2835 904 2890 humaniter
949 2837 1200 2904 excipere
1243 2847 1296 2889 et
1349 2846 1609 2890 tractare.
1657 2834 1792 2888 Puto
1839 2844 2016 2888 autem
2060 2848 2153 2888 eos

593 2939 718 2978 cum
757 2926 1032 2982 civitatem
1066 2928 1303 2981 incolere
1333 2941 1439 2980 non
1479 2927 1706 2996 possint,
1735 2928 1788 2980 in
1831 2925 1934 2980 viis
1962 2935 2016 2978 et
2045 2924 2152 2978 sal-

2268 1921 2508 1973 πτόντων
2531 1921 2674 1991 ὑμᾶς
2701 1919 2989 1991 πολεμίων,
3019 1921 3067 1973 οἱ
3103 1921 3201 1990 μὲν
3233 1917 3472 1971 πλεῖστοι
3499 1917 3606 1970 τῶν
3624 1919 3682 1970 ὲν
3710 1917 3843 1986 ὑμῖν

2264 2012 2610 2076 ἀπόλλυνται,
2654 2007 2736 2075 εἷς
2779 2011 2837 2065 δέ
2865 2028 2970 2065 που
3007 2012 3101 2064 καὶ
3125 2009 3394 2081 δεύτερος,
3443 2009 3593 2080 ῆκαὶ
3637 2008 3844 2079 σφόδρα

2265 2103 2487 2175 βραχεῖς
2535 2106 2582 2156 εἰ
2624 2103 2980 2176 περισωθεὶεν
3007 2105 3150 2173 φυγῇ
3193 2101 3290 2172 τὴν
3319 2101 3591 2172 σωτηρίαν
3623 2097 3844 2171 ποριζό-

2265 2211 2436 2264 μενοι,
2497 2193 2706 2257 τούτοις
2752 2193 2934 2257 αὐτοῖς
2984 2191 3093 2261 ἐγὼ
3135 2191 3599 2263 παρακελεύομαι,
3638 2189 3842 2244 ὡσανεὶ

2261 2284 2520 2354 φεύγουσι
2575 2286 2670 2338 καὶ
2722 2287 2787 2337 ὲκ
2831 2284 2928 2355 τῆς
2962 2283 3140 2353 φυγῆς
3190 2282 3545 2354 παρειμένοις
3587 2281 3687 2352 ἤδη
3743 2281 3842 2335 καὶ

2260 2377 2656 2448 ἐκλελυμένοις,
2693 2376 3031 2448 μηκέτιγοῦν
3065 2375 3219 2428 πόλιν
3239 2377 3405 2429 οἰκεῖν
3438 2374 3669 2445 ἔχοντες,
3691 2365 3841 2427 οὗτοι

2258 2471 2316 2520 ὲν
2347 2469 2539 2541 δρυμῷ
2577 2471 2669 2524 καὶ
2702 2470 2759 2522 ὲν
2786 2469 3013 2540 ἐρήμοις
3055 2468 3261 2531 τόποις,
3300 2466 3713 2536 καταλαὸούσης
3738 2465 3840 2518 αύ-

2256 2563 2381 2625 τοὺς
2428 2561 2665 2633 ἑσπέρας
2718 2559 3164 2632 κοιμηθήσονται.
3221 2559 3358 2612 Ἀλλ’
3405 2559 3492 2612 ἵνα
3565 2557 3638 2629 μὴ
3690 2556 3838 2627 λιμῷ

2255 2653 2622 2725 διαφθαρεῖεν,
2652 2651 2989 2723 κεκμηκόσιν
3013 2650 3196 2713 αὐτοῖς
3223 2650 3316 2702 καὶ
3345 2648 3568 2719 διψῶσιν
3595 2645 3702 2701 ἀπὸ
3731 2664 3836 2700 κα-

2259 2747 2452 2814 μάτου,
2485 2745 2813 2816 προσφέρειν
2855 2743 2998 2814 ὕδωρ
3040 2743 3134 2795 καὶ
3172 2741 3334 2812 ἄρτον
3368 2738 3831 2811 παρακελεύομαι.

2255 2837 2440 2890 Ταῦτα
2474 2837 2530 2891 δὲ
2564 2837 2698 2908 πρὸς
2743 2837 2888 2906 ὑμᾶς
2943 2852 3086 2904 φημι
3141 2836 3267 2897 τοὺς
3297 2834 3398 2904 τὴν
3440 2830 3656 2903 Θαιμάν
3688 2827 3835 2883 οὓτω

2254 2928 2595 2998 καλουμένην
2652 2924 2834 2997 χώραν
2882 2924 3186 2987 οἰκοῦντας,
3238 2922 3331 2987 οὒς
3387 2923 3585 2994 πρέπει
3642 2921 3835 2987 δεξιῶς

594 3017 740 3070 tibus
778 3016 1124 3071 babitaturos
1156 3032 1297 3072 esse.
1329 3017 1691 3083 Quamobrem
1729 3034 1794 3070 ne
1841 3016 2148 3085 despiciatis

2251 3018 2608 3089 ἀποδέχεσθαι
2658 3017 2752 3069 καὶ
2793 3015 3332 3086 φιλανθρωπεύεσθαι
3387 3015 3515 3077 τοὺς
3562 3013 3827 3084 φυγάδας.

590 3121 687 3160 eos
729 3107 821 3175 qui
875 3117 984 3160 tam
1034 3107 1421 3162 miserabiliter
1461 3106 1601 3160 fame
1648 3116 1871 3175 pereunt
1898 3146 1914 3167 ,
1954 3109 2042 3174 qui
2082 3121 2146 3159 ex

588 3199 940 3254 inimicorum
973 3201 1152 3269 gladio
1192 3201 1323 3255 salvi
1369 3211 1658 3254 evaserunt
1687 3217 1702 3254 :
1738 3202 1880 3268 quod
1915 3201 2149 3253 maxime

587 3302 656 3344 ex
699 3299 842 3344 tanta
884 3291 1227 3345 multitudine
1268 3300 1562 3355 evaserint,
1616 3290 1833 3344 caeteris
1883 3291 2150 3359 pereunti-

587 3380 712 3440 bus.
747 3390 840 3434 aut
869 3381 922 3433 in
954 3380 1078 3434 aliis
1110 3381 1339 3435 desertis
1369 3382 1501 3435 locis
1530 3381 1862 3434 errantibus.

2256 3107 2420 3180 Οἶμαι
2441 3109 2497 3162 δὲ
2531 3109 2685 3163 πόλιν
2719 3108 2796 3160 ἔτι
2839 3109 3111 3160 κατοικεῖν
3149 3107 3209 3158 οὐ
3242 3105 3548 3176 δυνάμενοι,
3590 3105 3648 3159 ὲν
3691 3104 3834 3168 ὁδοῖς

2253 3203 2346 3255 καὶ
2369 3202 2592 3272 δρυμοῖς
2640 3199 3078 3270 αὐλισθήσονται.
3121 3198 3212 3250 Διὸ
3255 3197 3330 3268 μὴ
3357 3197 3619 3268 παρίδητε
3656 3195 3833 3262 οὕτως

2250 3292 2483 3364 οἰκτρῶς
2503 3291 2644 3362 λιμῷ
2673 3290 3055 3361 φθειρομένους
3083 3291 3210 3351 τοὺς
3239 3288 3601 3352 διασωθέντας
3633 3289 3697 3340 ὲκ
3724 3287 3832 3358 τῆς

2248 3383 2357 3437 τῶν
2401 3384 2672 3453 πολεμίων
2722 3383 3014 3453 μαχαίρας
3071 3381 3120 3435 οἳ
3171 3379 3406 3451 μάλιστα
3458 3382 3524 3434 ὲκ
3569 3378 3828 3433 τοσούτου

589 3469 826 3541 πλήθους
855 3471 1164 3541 δεδύνηνται
1185 3473 1486 3542 διαφυγεῖν,
1521 3473 1628 3527 τῶν
1653 3475 1852 3528 λοιπῶν
1884 3474 2254 3542 ἀπολωλότων,
2303 3477 2335 3547 ἢ
2383 3479 2476 3530 καὶ
2514 3475 3000 3546 ἀποπλανηθέντων
3052 3477 3110 3528 ἐν
3157 3474 3363 3545 ἑτέροις
3421 3473 3830 3544 ἀπῳκισμένοις

583 3563 790 3628 τόποις.

659 3655 821 3724 Vsus.
855 3656 944 3723 ‘16,
973 3658 1058 3711 l7.
1089 3676 1108 3709 ι
1133 3657 1396 3724 Quoniam
1429 3661 1508 3714 sic
1533 3661 1666 3714 dixit
1696 3663 1824 3714 mihi
1860 3661 2141 3723 Dominus.

581 3747 770 3802 Adbuc
811 3762 982 3801 anuus
1012 3756 1269 3818 tanquam
1326 3763 1501 3804 annus
1548 3752 1893 3815 mercenarii,
1926 3751 2146 3805 deﬁciet

584 3841 756 3911 gloria
799 3841 1033 3895 iiliorum
1068 3840 1362 3897 Cetlarzet
1401 3844 1544 3913 quod
1598 3843 1868 3911 reliquum
1923 3855 2000 3896 est
2056 3858 2145 3895 ar-

582 3947 742 3986 cuum
783 3930 1003 3985 fortium
1043 3931 1274 3986 liliorum
1318 3933 1514 3997 Cedar,
1548 3934 1655 3987 erit
1693 3933 1970 4003 exiguum,
2007 3948 2144 4000 quo-

583 4020 729 4076 niam
763 4023 1018 4077 Dominus
1049 4023 1190 4078 Deus
1211 4021 1374 4077 lsrael
1407 4021 1616 4077 locutus
1647 4016 1748 4076 est.
1782 4042 1802 4073 ι
1827 4021 1980 4088 Quod
2013 4036 2140 4089 pro-

581 4126 672 4182 pe,
707 4123 762 4167 et
804 4114 962 4182 quasi
1013 4113 1153 4166 intra
1198 4114 1392 4183 januas
1436 4114 1733 4184 ingressum
1788 4114 1858 4170 sit
1898 4112 2143 4169 Idumaeas

580 4204 922 4258 exitiumzet
948 4204 1094 4274 quod
1143 4206 1367 4261 omnino
1418 4206 1474 4259 in
1515 4207 1811 4276 perniciem
1849 4206 1971 4260 ituri
2005 4205 2138 4268 sint,

580 4294 893 4366 Babyloniis
939 4311 1126 4351 eorum
1181 4299 1346 4352 urbes
1395 4298 1828 4363 incendentibus,
1859 4312 1925 4352 ac
1970 4306 2140 4351 totam

578 4389 856 4458 Legionem
909 4387 1331 4465 populantibus,
1384 4391 1530 4443 clare
1583 4390 1927 4457 prtenuntiat.
1987 4388 2141 4444 Unus

581 4483 802 4553 quippe,
841 4481 940 4542 ait,
976 4481 1275 4534 intercedet
1322 4497 1519 4544 annus,
1549 4491 1605 4534 et
1636 4481 1902 4551 sagittarii
1941 4481 2137 4545 Cedar,

580 4572 819 4637 etiamsi,
848 4573 1044 4636 inquit,
1066 4573 1264 4624 mirum
1293 4564 1472 4636 sitéin
1513 4572 1630 4642 ejus
1670 4576 1748 4627 rei
1777 4572 2138 4641 suspicionem
2171 4612 2214 4664 υ

579 4665 881 4725 venientes,
921 4662 1173 4716 deﬁcient
1219 4672 1276 4716 et
1326 4663 1596 4730 peribunt.
1645 4661 1893 4731 Veraque
1946 4663 2140 4730 praedi-

579 4756 689 4808 ctio
717 4764 817 4818 est,
860 4753 1117 4806 Dominus
1158 4751 1302 4804 enim
1359 4750 1502 4804 Deus
1556 4749 1726 4804 Israel
1772 4750 1986 4804 locutus
2033 4758 2136 4803 est.

581 4846 795 4899 Veritas
817 4854 994 4896 autem
1023 4857 1300 4911 nunquam
1331 4843 1642 4897 mentietur.

1137 5038 1364 5096 CAPUT
1404 5038 1567 5093 XXII.

649 5201 810 5256 Vens.
845 5201 898 5254 1.
924 5221 943 5253 ι
973 5199 1126 5254 Visio
1152 5199 1307 5253 vallis
1339 5199 1492 5253 Sion.
1524 5198 1663 5264 Quid
1695 5198 1893 5256 fastum
1912 5211 1996 5256 est
2019 5201 2135 5264 tibi,

576 5296 826 5360 quoniam
867 5308 1014 5348 nunc
1055 5292 1388 5345 ascettdiStis
1425 5304 1616 5345 omnes
1653 5290 1703 5343 in
1744 5300 1884 5347 tecta
1910 5294 2084 5350 vana?
2113 5315 2130 5345 ι

576 5386 818 5440 Praesens
847 5385 1002 5440 vallis
1037 5383 1220 5438 Sionis
1250 5384 1409 5439 visio.
1441 5398 1544 5435 nou
1576 5384 1641 5436 de
1681 5383 1813 5453 ipse
1827 5386 2015 5450 Sione,
2041 5387 2134 5441 sed

579 5477 646 5529 de
676 5477 956 5542 adiacente
978 5476 1116 5530 valle
1140 5476 1357 5530 dicitur.
1390 5474 1755 5539 Quamobrem
1798 5479 1873 5532 ait
1900 5477 2088 5547 postea
2116 5497 2128 5530 :

581 5586 599 5617 ι
630 5566 693 5619 Et
717 5575 877 5619 erunt
903 5566 1085 5622 electa
1106 5568 1268 5622 valles
1299 5577 1423 5628 tuae,
1461 5564 1808 5632 replebuntur
1841 5570 2128 5623 curribus:

575 5659 783 5728 equites
841 5673 969 5714 vero
1028 5660 1315 5714 occludeut
1377 5674 1562 5730 portas
1628 5667 1809 5714 tuas.»
1887 5662 2134 5715 Arbitror

576 5765 736 5819 porro
772 5749 942 5808 Deum
989 5751 1074 5808 bis
1117 5750 1475 5820 ahjcctioncm
1521 5751 1733 5811 lsraclis
1758 5765 2130 5813 ctcxtremam

2328 3681 2346 3713 ι
2391 3663 2533 3715 Διότι
2571 3660 2744 3724 οὕτως
2791 3657 2910 3714 εἶπέ
2943 3678 3032 3730 μοι
3063 3660 3284 3732 Κύριοςσ
3321 3660 3442 3714 Ἔτι
3474 3659 3718 3723 ἐνιαυτὸς
3746 3657 3826 3725 ὡς

2249 3753 2492 3815 ἐνιαυτὸς
2520 3751 2812 3823 μισθωτοῦ,
2843 3751 3078 3820 ἐκλείψει
3110 3753 3143 3821 ἡ
3169 3750 3295 3816 δόξα
3319 3750 3427 3805 τῶν
3453 3749 3583 3805 υἱῶν
3607 3749 3824 3822 Κηδάρ,

2250 3844 2344 3895 καὶ
2359 3844 2418 3896 τὸ
2440 3844 2762 3896 κατάλοιπον
2779 3843 2887 3895 τῶν
2908 3841 3253 3911 τοξευμάτων
3282 3840 3392 3894 τῶν
3423 3839 3659 3912 ἰσχυρῶν
3689 3839 3825 3895 υἱῶν

2249 3935 2440 4005 Κηδάρ
2472 3934 2622 3988 ἔσται
2653 3934 2851 4001 ὀλίγον,
2886 3935 2967 3986 ὃτι
2996 3933 3198 4004 Κύριος
3226 3935 3255 3986 6
3278 3931 3408 3996 Θεὸς
3451 3930 3668 4004 Ἰσραὴλ
3695 3930 3823 3986 ἑλά-

2247 4029 2429 4099 λησεν.
2464 4048 2484 4079 ι
2516 4029 2640 4081 Ὅτι
2683 4028 2904 4096 γέγονεν
2954 4029 3138 4095 ἐγγὺς,
3173 4027 3268 4080 καὶ
3314 4020 3428 4080 οἷον
3455 4026 3586 4079 εἴσω
3621 4026 3821 4098 βέϐηκε

2248 4120 2426 4191 θυρῶν
2458 4123 2486 4174 ό
2514 4121 2613 4197 τῇς
2663 4121 2968 4190 Ἰδουμαίας
3017 4119 3256 4189 ὄλεθρος,
3301 4120 3397 4173 καὶ
3435 4120 3518 4173 ὅτι
3552 4119 3728 4191 πάντη
3761 4137 3822 4173 τε

2246 4214 2342 4264 καὶ
2401 4211 2616 4275 πάντως
2667 4214 2972 4282 οἰχήσονται
3027 4211 3164 4282 πρὸς
3216 4209 3508 4276 ἀπώλειαν,
3548 4227 3821 4282 κατεμπι-

2247 4305 2497 4375 πράντων
2530 4307 2712 4368 αὐτοῖς
2765 4303 2862 4368 τὰς
2913 4304 3096 4367 πόλεις
3149 4304 3258 4357 τῶν
3300 4302 3676 4368 Βαϐυλωνίων,
3726 4304 3824 4358 καὶ

2247 4397 2459 4450 ἅπασαν
2485 4397 2542 4449 δὲ
2570 4395 2978 4466 καταδῃούντων
3009 4396 3107 4466 τὴν
3145 4397 3350 4467 χώραν,
3381 4395 3822 4467 προαπαγγέλλει

2248 4486 2452 4555 σαφῶς.
2495 4482 2590 4549 Εἷς
2626 4485 2734 4556 γὰρ
2769 4486 2942 4548 ἔσται,
2973 4487 3158 4555 φησὶν,
3197 4487 3226 4537 ὁ
3259 4486 3503 4550 ἐνιαυτὸς
3526 4487 3555 4539 6
3591 4486 3818 4557 μεταξὺ,

2245 4579 2338 4630 καὶ
2371 4581 2418 4632 οἱ
2447 4579 2544 4649 τῆς
2573 4577 2765 4648 Κηδάρ
2801 4578 3034 4641 τοξόται,
3071 4577 3267 4643 καίτοι,
3303 4579 3487 4649 φησὶν,
3514 4579 3614 4632 οὐκ
3651 4579 3821 4634 ἀθαύ-

2246 4685 2466 4738 μαστον·
2500 4670 2586 4722 ἐπ’
2627 4668 2772 4738 αὐτῷ
2803 4669 2860 4721 δὲ
2884 4669 3056 4740 τούτῳ
3083 4670 3180 4740 τὴν
3206 4669 3472 4740 ὑπόληψιν
3500 4671 3818 4742 ἐσχηκότες,

2243 4757 2550 4827 ἐκλείψουσί
2575 4775 2634 4810 τε
2666 4758 2760 4810 καὶ
2791 4758 3135 4812 ἀπολοῦνται.
3162 4761 3270 4814 Καὶ
3297 4761 3502 4832 ἀληθὴς
3527 4764 3560 4833 η
3581 4765 3820 4834 προαγό-

2246 4864 2444 4916 ρευσιςο
2478 4847 2680 4918 Κύριος
2711 4847 2820 4918 γὰρ
2847 4848 3104 4920 ἐλάλησεν
3129 4852 3156 4903 ὁ
3177 4850 3310 4915 Θεὸς
3344 4852 3580 4923 Ἰσραήλ.
3605 4854 3819 4910 Ψεύσε-

2244 4953 2333 4991 ται
2370 4937 2423 4990 δὲ
2451 4937 2647 5008 μᾶλλον
2676 4938 2976 5009 οὺδαμῶςὴ
3007 4939 3249 5011 ἀλήθεια.

2762 5053 3150 5110 ΚΕΦΑΛΑῘΟΝ
3176 5058 3301 5111 KB‘.

2318 5222 2341 5259 ι’
2392 5209 2463 5261 Τὸ
2489 5211 2670 5278 ὅραμα
2698 5210 2797 5279 τῆς
2829 5211 3111 5282 φάραγγος
3158 5214 3319 5268 Σιών,
3343 5217 3409 5269 Τί
3449 5217 3667 5286 ἐγένετό
3707 5238 3814 5286 σοι,

2242 5302 2321 5353 ὅτι
2352 5301 2446 5354 νῦν
2474 5302 2702 5372 ἀνέὸητε
2727 5302 2928 5368 πάντες
2959 5307 3040 5368 εἰς
3079 5305 3303 5376 δώματα
3338 5309 3576 5378 μάταια,
3609 5331 3626 5363 ι
3649 5313 3726 5367 Τό
3753 5331 3818 5382 γε

2247 5395 2351 5463 μὴν
2403 5394 2762 5464 προκείμενον
2822 5397 3106 5466 φάραγγος
3165 5399 3304 5451 Σιὼν
3363 5401 3546 5473 ὅραμα
3594 5404 3654 5457 ού
3717 5405 3818 5476 τῆς

2239 5486 2406 5554 αὐτῆς
2441 5485 2598 5549 Σιὼν,
2638 5485 2772 5538 ἀλλὰ
2809 5488 2935 5559 περὶ
2981 5488 3082 5556 τῆς
3133 5492 3497 5563 προκειμένης
3533 5495 3669 5566 αὐτῇ
3712 5499 3817 5564 φά·-

2239 5595 2442 5647 ραγγος
2469 5579 2701 5648 εἴρηται.
2743 5581 2939 5651 Διόπερ
2995 5582 3120 5652 ἑξῆς
3150 5584 3351 5653 προῖὼν
3396 5585 3424 5637 δ
3472 5585 3627 5653 λόγος
3655 5591 3810 5660 φησί·

2243 5687 2261 5718 ι
2305 5671 2415 5723 Καὶ
2443 5670 2652 5724 ἔσονται
2708 5673 2960 5726 ὲκλεκταὶ
2989 5675 3272 5746 φάραγγές
3305 5695 3420 5742 σου,
3472 5679 3809 5750 πλησθήσον-

2240 5780 2324 5817 ται
2373 5765 2647 5834 optrito”
2695 5770 2738 5820 οἰ
2785 5767 2841 5821 δὲ
2871 5772 3068 5834 ,ἱππεῖς
3107 5772 3442 5844 ἐμφράξουσι
3492 5771 3589 5836 τὰς
3635 5771 3808 5839 πύλας
