4120 6294
326 302 423 356 2ίὸ

1238 300 1733 358 εοιιΜεΝτΑιιιΑ
1778 298 2137 355 lN-ISAIAM.
2180 333 2249 341 —
2286 302 2435 358 CAP.
2480 301 2646 356 XXII.

3462 304 3569 359 9.46

329 438 436 473 σου.
470 436 488 471 ι
532 414 701 488 Οἶμαι
748 418 836 472 διὰ
869 417 1076 471 τούτων
1110 418 1198 471 τὸν
1228 417 1358 471 Θεὸν
1388 418 1487 488 τὴν
1510 417 1778 487 ἀποϐολὴν
1803 416 1888 469 τοῦ

1999 417 2115 485 ejus
2141 418 2356 471 ruinam
2387 418 2701 488 signiﬁcare
2737 419 2896 483 velle,
2938 418 3195 486 ipsosque
3223 419 3274 471 in
3312 418 3570 489 alienige~

336 511 545 583 Ἰσραὴλ
574 512 668 564 καὶ
696 512 792 580 τὴν
822 509 1058 579 ἐσχάτην
1085 509 1398 562 ἀπόπτωσιν
1432 510 1671 580 σημῆναι
1705 507 1889 577 βουλό-

329 619 502 671 μενον,
529 604 587 653 ἐν
620 600 697 670 τῷ
718 600 956 670 τάγματι
978 600 1083 652 τῶν
1099 599 1408 668 ἀλλοφύλων
1436 600 1629 661 αὐτοὺς
1658 598 1893 651 κατατά-

328 693 428 756 ξαι,
461 692 663 763 μέσους
692 690 1141 762 παραληφθέντας
1153 691 1252 759 τῆς
1283 690 1391 742 τῶν
1419 690 1729 758 ἀλλοφύλων
1748 690 1888 759 Γρα-

322 784 445 855 φῆς.
476 782 639 835 Ἀλλά
667 781 759 834 καὶ
779 781 876 853 τὴν
900 782 1105 835 πτῶσιν
1133 782 1233 852 τῆς
1273 780 1619 851 Ἰερουσαλὴμ
1652 780 1889 850 ἡγοῦμαι

319 870 632 943 δηλοῦσθαι,
664 870 753 923 διά
783 870 941 923 τοῦτο
982 871 1239 939 φάραγγα
1280 867 1418 923 Σιὼν
1450 868 1749 939 ὀνομάζων.
1782 867 1892 919 Καὶ

321 964 490 1027 ἄλλως
516 962 573 1015 δὲ
616 962 889 1032 μέμφεται
914 964 942 1014 6
970 963 1101 1025 Θεὸς
1121 959 1215 1013 τοῦ
1256 959 1521 1013 Ἰουδαίων
1555 958 1739 1021 ἔθνους
1767 960 1891 1020 τοὺς

318 1055 696 1117 ἀποπεσόντας
727 1053 821 1107 τοῦ
854 1054 1016 1123 ὕψους
1049 1053 1140 1107 τοῦ
1161 1051 1444 1116 θεοσεϐοῦς
1476 1051 1887 1121 πολιτεύματος,

318 1147 508 1217 ὥσπερ
545 1145 610 1216 δὴ
628 1148 683 1199 ἐν
714 1144 920 1199 κοιλάσι
952 1145 1046 1199 καὶ
1072 1146 1129 1197 ἐν
1156 1143 1533 1215 φάραγξι,τοῦ
1566 1144 1663 1213 τῆς
1694 1144 1889 1205 κακίας

320 1237 480 1306 βυθοῦ
538 1236 1054 1298 καταπεπτωκότας.
1108 1234 1247 1288 Σιὼν
1306 1236 1403 1305 μὲν
1430 1235 1538 1305 γὰρ
1582 1235 1706 1305 ὅρος
1744 1236 1892 1287 ἐστὶν

317 1329 542 1399 ὑψηλὸν,
585 1328 668 1398 ἐφ’
699 1324 758 1381 οὗ
788 1330 816 1381 6
860 1325 992 1389 νεὼς
1021 1326 1115 1379 τοῦ
1146 1325 1280 1380 Θεοῦ
1316 1326 1643 1395 ᾠκοδόμητο·
1674 1325 1753 1377 διὸ
1804 1324 1891 1377 λέ-

316 1419 521 1473 λεκται’
560 1438 579 1470 ι
630 1419 745 1471 Ἐπ’
772 1418 895 1488 ὅρος
917 1417 1116 1488 ὑψηλὸν
1142 1416 1393 1485 ἀνάϐηθι,
1427 1418 1454 1469 6
1476 1416 1891 1485 εὐαγγελιζόμε-

314 1528 401 1573 νος
429 1509 592 1563 Σιών·
648 1529 667 1560 ι
707 1511 821 1573 καὶ,
856 1529 873 1561 ι
920 1509 1363 1580 Προσεληλύθατε
1414 1508 1556 1561 ’Σιὼν
1609 1508 1745 1580 ὄρει,
1798 1509 1890 1562 καὶ

315 1602 464 1653 πόλει
496 1600 637 1655 Θεοῦ
664 1600 864 1665 ζῶντος
906 1600 1254 1671 Ἰερουσαλὴμ
1295 1601 1619 1671 ἐπουρανίῳ.
1664 1621 1681 1653 ι
1721 1602 1829 1654 Καὶ
1861 1602 1889 1652 6

313 1691 542 1760 λόγοςδὲ
569 1695 599 1747 6
630 1694 979 1761 εύαγγελικὺς
1006 1694 1093 1746 διά
1120 1692 1211 1744 τοῦ
1234 1690 1370 1745 Σιὼν
1385 1691 1507 1762 ὅρος
1532 1690 1890 1762 σημαίνεσθαι

1996 522 2188 561 narum
2216 509 2403 562 ordine
2437 521 2739 576 reponere;
2770 522 2893 559 nam
2941 507 3100 561 medii
3141 508 3281 561 inter
3312 508 3569 578 alienige—

1994 612 2091 649 nas
2132 597 2186 649 in
2240 596 2520 667 Scriptura
2568 597 2843 659 locantur.
2898 596 3005 650 Sed
3046 600 3211 652 etiam
3257 609 3388 667 puto
3441 614 3566 653 eum

1995 687 2375 757 Hierosolyma:
2405 682 2617 743 ruinam
2637 689 2933 753 declarare,
2964 689 3192 758 ideoque
3217 691 3407 746 vallem
3438 690 3569 746 Sion

1993 780 2166 846 ipsam
2218 794 2433 834 vocare.
2483 780 2737 847 Alioquin
2795 795 2925 834 vero
2956 794 2988 833 e
3035 778 3344 835 Judmorum
3408 789 3571 849 gente

1994 872 2134 925 Deus
2156 887 2250 927 eos
2275 874 2546 942 coarguit,
2571 873 2663 942 qui
2694 887 2725 927 a
2746 871 2985 941 religiosi
3018 872 3252 927 instituti
3287 873 3571 927 cacumine

1992 962 2335 1024 deciderunt,
2360 979 2459 1017 ceu
2498 964 2551 1016 in
2591 963 2758 1017 valles
2800 972 2857 1017 et
2891 963 3178 1034 voragines
3209 962 3571 1031 profundissi-

1995 1068 2094 1106 n.:e
2146 1052 2359 1107 malitiae
2410 1053 2633 1122 delapsi.
2663 1053 2874 1107 Etenim
2932 1050 3062 1107 Sion
3120 1067 3274 1106 mons
3310 1061 3393 1106 est
3428 1065 3567 1119 pra:—

1993 1143 2152 1208 altus,
2185 1143 2238 1196 in
2270 1159 2376 1212 quo
2407 1143 2662 1212 templum
2699 1144 2791 1197 Dei
2833 1143 3161 1196 aediﬁcatum
3198 1150 3317 1194 erat
3348 1158 3359 1193 :
3394 1155 3567 1210 quare

1994 1236 2234 1289 dicitur:
2268 1252 2284 1283 ι
2317 1232 2491 1303 Super
2542 1244 2778 1289 montem
2843 1232 3115 1286 excelsum
3174 1232 3430 1298 ascende,
3474 1232 3565 1300 qui

1994 1326 2339 1394 evangelizas
2392 1325 2592 1389 Sion";
2625 1343 2643 1376 ι
2704 1335 2759 1378 et
2812 1340 2824 1375 :
2881 1324 3253 1378 «Accessistis
3312 1324 3380 1377 ad
3437 1322 3572 1378 Sion

1995 1427 2259 1479 montem,
2294 1426 2347 1470 et
2396 1418 2668 1470 civitatem
2710 1417 2802 1472 Dei
2842 1415 3076 1468 viventis
3120 1413 3421 1469 Jerusalem
3450 1427 3569 1468 co:-

1994 1507 2189 1561 lestem
2210 1508 2249 1564 ⁶.
2281 1527 2298 1558 ι
2339 1508 2717 1577 Evangelicum
2762 1520 2942 1561 autem
2970 1520 3276 1562 sermonem
3306 1519 3403 1573 per
3437 1503 3569 1559 Sion

1995 1609 2233 1653 montem
2291 1598 2583 1668 signiﬁcari
2632 1599 2884 1666 snperius
2933 1606 3419 1653 commonstratum
3463 1605 3571 1649 est.

1992 1692 2093 1767 Qui
2144 1705 2307 1760 porro
2340 1706 2405 1744 ex
2456 1692 2559 1745 hac
2593 1706 2686 1758 spe
2718 1690 3051 1753 deciderunt,
3084 1690 3142 1743 in
3170 1686 3368 1743 vallem
3416 1684 3568 1740 Sioni

310 1785 398 1838 διὰ
422 1785 535 1838 τῶν
563 1785 871 1856 ἔμπροσθεν
900 1785 1259 1838 ἐπεδείκνυτο.
1294 1785 1358 1837 Οἱ
1402 1784 1458 1837 δὲ
1484 1784 1687 1853 ταύτης
1732 1785 1888 1836 ἐκπε-

1993 1781 2331 1847 adjucentem
2358 1780 2560 1850 delapsi
2596 1792 2722 1835 sunt
2760 1802 2770 1835 :
2803 1795 2927 1834 nam
2976 1793 3166 1834 rursus
3200 1779 3454 1832 virtutem
3486 1793 3568 1831 se—

311 1878 496 1940 σόντες
512 1876 613 1945 τῆς
643 1876 853 1940 ἐλπίδος
875 1877 931 1928 ἐν
956 1877 1199 1947 φάραγγι
1220 1875 1595 1947 παρακειμένῃ
1624 1875 1720 1945 τῆς
1752 1874 1891 1928 Σιὼν

278 1954 281 1959 ’
310 1968 657 2023 πεπτώκασι·
685 1968 846 2023 πάλιν
896 1969 1004 2041 γὰρ
1036 1972 1208 2041 ἀρετῇ
1238 1968 1405 2022 κακία
1438 1968 1762 2037 παρέπεται,
1812 1968 1890 2029 εἰς

307 2063 374 2129 ἢν
406 2060 675 2131 ἐμπίπτει
708 2064 737 2114 6
781 2063 878 2132 τῆς
911 2061 1111 2131 ἀρετῆς
1150 2059 1545 2125 ἐξολισθαίνων.
1578 2058 1733 2112 Οὕτω
1761 2057 1890 2123 γοῦν

306 2151 472 2217 οίτῆς
509 2152 743 2214 πίστεως
773 2152 1234 2222 ἐξαμαρτάνοντες
1261 2152 1339 2213 είς
1354 2150 1611 2203 ἀπιστίαν
1637 2150 1891 2221 περιτρέ-

309 2257 522 2295 πονται.
564 2242 618 2294 '0
639 2244 813 2295 τοίνυν
837 2243 901 2295 ἐκ
922 2242 1223 2313 περιτομῆς
1240 2242 1387 2306 λαὸς,
1412 2240 1505 2293 τοῦ
1532 2241 1889 2308 εὐαγγελικοῦ

310 2331 478 2401 ideo;
541 2333 808 2393 ἐκπεσὼν.
857 2334 1079 2403 καὶτῆς
1126 2332 1448 2403 ἐπουρανίου
1483 2330 1618 2383 Σιὼν
1657 2330 1889 2384 ἀπαλλο-

308 2423 581 2493 τριωθεὶς,
624 2427 704 2488 εἰς
721 2424 814 2478 τὸν
851 2425 950 2495 τῆς
974 2425 1231 2487 ἀπιστίας
1260 2426 1599 2495 περιετράπη
1622 2424 1885 2496 κρημνὸνο

307 2514 389 2567 διὸ
435 2515 526 2568 καὶ
555 2517 613 2568 ἐν
661 2515 977 2584 ἀλλοφύλοις
1007 2514 1279 2584 ἐλογίσθη.
1318 2514 1477 2568 Ὅθεν
1515 2516 1547 2584 ἡ
1583 2514 1887 2586 προφητεία

306 2605 407 2677 τὴν
442 2606 679 2675 ἐσχάτην
708 2606 888 2660 αὐτῶν
928 2606 1197 2676 ἀποϐολὴν
1229 2606 1593 2676 αἰνιττομένη,
1623 2606 1685 2658 τὸ
1737 2604 1889 2675 ῥῆμα

310 2697 404 2767 τῆς
434 2697 717 2769 φάραγγος
746 2696 1068 2768 ἀνέγραψεν.
1115 2698 1264 2750 Ἐπεὶ
1295 2698 1368 2768 μή
1394 2699 1508 2750 ἐστι
1536 2696 1889 2767 προσωπολη-

307 2788 405 2857 ψία
451 2790 604 2861 παρὰ
632 2790 709 2860 τῷ
755 2789 896 2860 Θεῷ,
930 2788 1121 2843 τούτου
1160 2790 1319 2860 χάριν
1349 2792 1407 2842 ἐν
1433 2792 1542 2853 τοῖς
1591 2789 1729 2842 κατά
1778 2790 1887 2841 τῶν

307 2878 622 2947 ἀλλοφύλων
643 2878 879 2947 ἐλέγχοις
910 2877 1074 2947 μέσος
1099 2875 1430 2946 ἐμϐέϐληται
1462 2875 1554 2927 καὶ
1575 2876 1603 2926 ὁ
1633 2877 1759 2945 περὶ
1788 2875 1888 2945 τῆς

309 2968 447 3023 Σιὼν
475 2969 654 3037 λόγος.
675 2969 766 3021 Διὸ
806 2969 901 3022 καὶ
926 2968 1053 3030 τοὺς
1082 2967 1180 3037 τῆς
1217 2966 1567 3037 Ἰερουσαλὴμ
1596 2967 1886 3037 οἰκήτορας

309 3060 500 3131 ῶσπερ
534 3063 591 3113 ἐν
620 3059 935 3128 ἀλλοφύλοις
959 3058 1282 3115 κατατάττει
1309 3058 1504 3122 ὁΘεὸς,
1530 3059 1623 3110 καὶ
1646 3056 1743 3128 τὴν
1764 3058 1883 3110 κατ’

309 3150 487 3203 αὐτῶν
514 3148 779 3220 προφέρει
806 3148 1002 3220 ψῆφον.

384 3259 406 3294 t
461 3239 795 3311 Ἐνεπλήσθη
828 3243 861 3312 ὴ
894 3240 1047 3305 πόλις
1357 3242 1405 3293 oi
1428 3240 1761 3311 τραυματίαι
1793 3258 1886 3294 σου

308 3330 371 3385 οὔ
388 3332 718 3403 τραυματίαι
737 3332 1027 3403 μαχαίρας·
1042 3332 1147 3385 οὐδ’
1162 3334 1211 3385 οἱ
1225 3333 1405 3401 νεκροί
1422 3349 1512 3385 σου
1531 3332 1713 3403 νεκροὶ
1734 3331 1887 3383 πολέ-

310 3438 437 3492 μου.
478 3440 498 3473 ι
522 3420 753 3491 Θεωρῶν
771 3420 827 3473 δέ
853 3423 881 3473 ὁ
912 3422 1196 3493 προφήτης
1225 3421 1302 3491 τῷ
1324 3422 1592 3491 πνεύματι
1624 3422 1722 3484 τὰς
1746 3421 1887 3474 κατὰ

306 3512 405 3568 τοῦ
457 3514 712 3583 Σωτῆρος
757 3512 884 3582 βοὰς
924 3512 1123 3581 αὐτῶν,
1158 3516 1254 3591 καὶ
1291 3515 1390 3578 τὰς
1425 3514 1617 3579 ἀθέους
1640 3516 1758 3567 κατ’
1786 3516 1885 3567 αύ-

308 3602 405 3657 τοῦ
457 3603 826 3675 βλασφημίας,
891 3605 957 3657 δι’
1015 3604 1081 3669 ἃς
1134 3605 1553 3677 ἀπεόλήθησαν,
1614 3606 1883 3679 ἐπιφέρειο

390 3801 409 3834 ι
462 3779 844 3852 Ἐνεπλήσθηή
866 3779 1016 3843 πόλις
1033 3779 1294 3851 βοώντων.
1323 3782 1528 3846 Πάντες
1556 3785 1608 3835 οι
1631 3782 1887 3854 ἄρχοντές

308 3889 407 3927 σου
451 3872 778 3941 πεφεύγασι,
814 3872 907 3924 καὶ
954 3873 1001 3924 οἱ
1042 3871 1260 3946 άλόντες
1313 3874 1563 3946 σκληρῶς
1614 3876 1887 3945 δεδεμένοι

304 3966 438 4029 εἰσὶ,
477 3965 569 4018 καὶ
590 3965 639 4017 οἱ
672 3963 943 4033 ίσχύοντες
979 3967 1035 4019 ἐν
1070 3966 1151 4019 σοὶ
1176 3966 1363 4037 πόρρω
1396 3967 1715 4037 πεφεύγασι.
1751 3988 1766 4018 ι
1798 3968 1887 4021 Διὸ

302 4057 491 4111 οὐκέτι
520 4055 663 4108 κατά
691 4055 752 4108 τὸ
782 4055 1008 4108 παλαιὸν
1041 4058 1168 4127 παρ’
1196 4058 1379 4120 αὐτοῖς
1404 4058 1465 4110 οὐ
1506 4056 1762 4127 βασιλεῖς,
1789 4060 1886 4128 ούχ

303 4144 623 4221 ἡγούμενοι,
654 4149 754 4201 οὐκ
803 4150 1097 4222 ἀρχιερεῖς,
1150 4150 1212 4204 ού
1267 4152 1563 4221 προφῆται,
1614 4151 1727 4204 ἀλλ’
1768 4152 1887 4204 οὐδὲ

302 4244 615 4313 Φαρισαῖοι,
664 4241 787 4293 οὐδὲ
842 4241 1208 4304 Σαδδουκαῖοι,
1242 4241 1363 4294 οὐδὲ
1399 4243 1512 4295 ὅσοι
1560 4242 1621 4295 τὸ
1660 4244 1887 4296 παλαιὸν

301 4335 429 4396 ταῖς
464 4331 593 4401 παρ’
620 4315 800 4394 αὐτοῖς
831 4331 1025 4401 ἀρχαῖς
1053 4330 1358 4399 τετίμηντο.
1382 4329 1567 4383 Ταῦτα
1608 4329 1829 4383 συνιδὼν
1860 4332 1888 4382 6

302 4422 597 4491 προφήτης
622 4418 697 4489 τῷ
735 4417 1025 4488 πνεύματι,
1068 4418 1162 4470 καὶ
1192 4418 1291 4489 τὴν
1323 4421 1388 4471 ἐκ
1424 4420 1680 4472 τοσούτου
1722 4419 1887 4488 ὕψους

304 4513 404 4564 ἐπὶ
452 4510 550 4581 τὴν
588 4510 823 4580 ἐσχάτην
855 4508 1052 4563 κακίαν
1095 4508 1283 4579 ῶσπερ
1321 4509 1443 4562 τινὰ
1475 4512 1756 4581 φάραγγα,
1790 4510 1887 4583 τὴν

304 4600 518 4655 πτῶσιν
537 4598 631 4653 τοῦ
675 4599 943 4654 Ἰουδαίων
974 4597 1104 4653 λαοῦ
1122 4598 1520 4670 ἀπολοφύρεται
1550 4601 1743 4668 λέγων·

384 4795 403 4827 ι
440 4774 537 4828 Διὰ
566 4773 724 4828 τοῦτο
751 4771 898 4838 εἶπα,
928 4776 1126 4844 Ἀφετέ
1162 4791 1251 4844 με,
1300 4773 1509 4844 πικρῶς
1558 4774 1881 4845 κλαύσομαι,

311 4870 386 4939 μὴ
444 4864 808 4935 κατισχύσητε
845 4868 1179 4937 παρακαλεῖν
1226 4884 1293 4937 με
1329 4866 1420 4920 ἐπὶ
1466 4866 1527 4918 τὸ
1571 4866 1883 4938 σύντριμμα

309 4963 407 5033 τῆς
452 4961 721 5032 θυγατρὸς
772 4960 865 5013 τοῦ
907 4961 1094 5028 γένους
1139 4978 1261 5032 μου.
1296 4980 1314 5012 ι
1363 4956 1493 5013 Οἶδα
1535 4961 1663 5030 γάρ,
1700 4961 1883 5032 φησὶν,

311 5053 575 5124 ἀκριϐῶς,
610 5052 704 5104 καὶ
735 5050 812 5121 τῷ
847 5050 1116 5121 πνεύματι
1151 5050 1393 5122 προορῶ,
1421 5052 1515 5103 καὶ
1536 5050 1624 5102 διά
1649 5051 1713 5103 τά
1748 5068 1885 5123 προ-

311 5144 569 5215 λεχθέντα
614 5142 814 5205 πάντα,
859 5143 954 5195 καὶ⁵
983 5144 1017 5213 ἡ
1050 5142 1203 5206 πόλις
1233 5145 1266 5213 ἡ
1295 5141 1374 5213 τῷ
1401 5142 1520 5210 Θεῷ
1551 5143 1886 5214 ἀνακειμένη

310 5234 618 5298 ἁλώσεται,
650 5236 745 5288 καὶ
784 5235 978 5298 πάντες
1001 5236 1051 5289 oi.
1088 5236 1147 5287 ἐν
1170 5236 1308 5305 αὐτῇ
1348 5237 1427 5297 εἰς
1472 5232 1646 5303 χαρὰν
1680 5234 1889 5305 ἐχθρῶν

313 5327 799 5397 παραδοθήσονται.
832 5326 1031 5397 Διόπερ
1082 5325 1334 5379 ἐντεῦθεν
1389 5325 1492 5395 ήδη
1524 5325 1888 5396 ἀποδύρομαι,

313 5419 404 5471 καὶ¹
434 5418 623 5490 ῶσπερ
672 5420 768 5472 ἐπὶ
813 5418 1051 5489 γνησίοις
1084 5417 1318 5488 ἐμαυτοῦ
1381 5417 1706 5487 σπλάγχνοις
1757 5420 1890 5471 ἁπο-

313 5509 584 5581 κλαίομαι.

367 5718 540 5775 'lsai.
581 5731 677 5783 ιι,
712 5713 768 5769 9.
846 5714 865 5745 ‘
893 5711 1051 5770 llebr.
1092 5714 1300 5784 111,22.

1993 1876 2179 1943 quitur
2219 1874 2445 1939 malitia,
2496 1875 2547 1927 in
2588 1888 2749 1943 quam
2783 1871 2988 1926 decidit
3028 1870 3120 1939 qui
3152 1885 3216 1924 ex
3252 1870 3453 1923 virtute
3481 1870 3571 1923 de-

1992 1966 2212 2020 labitur.
2240 1963 2330 2019 Sic
2362 1964 2527 2035 igitur
2559 1965 2649 2032 qui
2683 1978 2752 2018 ex
2785 1962 2894 2017 [ide
2923 1961 3182 2016 aberrant
3223 1962 3289 2015 ad
3320 1961 3572 2015 incredu-

1992 2056 2197 2111 litatem
2240 2067 2548 2111 vertuntur.
2592 2056 2827 2125 Populus
2865 2059 3054 2126 itaque
3088 2069 3154 2109 ex
3196 2052 3572 2108 circumcisio-

1993 2163 2081 2212 ne,
2124 2163 2189 2201 ex
2246 2149 2564 2217 evangelico
2613 2149 2897 2203 cacumine
2944 2148 3143 2218 lapsus,
3178 2156 3234 2201 et
3282 2160 3311 2198 a
3359 2144 3571 2199 cmlesti

1994 2239 2122 2294 Sion
2155 2241 2511 2306 abalienatus,
2544 2242 2597 2295 in
2623 2242 2987 2311 przecipitium
3017 2238 3420 2295 incredulitatis
3444 2252 3565 2291 cor-

1991 2332 2152 2385 ruit:
2198 2348 2369 2400 quare
2426 2332 2568 2387 inter
2647 2331 2982 2402 alienigenas
3048 2340 3349 2398 reputatur.
3415 2328 3572 2384 Unde

1991 2422 2272 2491 prophetia
2309 2432 2607 2478 extremam
2647 2438 2837 2478 eorum
2891 2422 3160 2492 repulsam
3211 2420 3567 2480 adnmbrans,

1992 2513 2217 2568 verbum
2252 2514 2409 2569 vallis
2439 2514 2751 2584 descripsit.
2783 2515 2920 2581 Quia
2954 2529 3082 2569 vero
3111 2529 3215 2568 non
3246 2522 3333 2567 est
3378 2524 3565 2579 perso-

1991 2619 2181 2659 narum
2231 2606 2475 2674 acceptio
2523 2607 2663 2675 apud
2709 2606 2915 2670 Deum,
2966 2606 3087 2659 ideo
3146 2605 3199 2659 in
3242 2603 3569 2672 alienigena-

1991 2709 2109 2748 rum
2152 2695 2667 2764 reprehensionibus
2700 2696 2913 2750 medius
2939 2695 3004 2749 de
3037 2693 3205 2749 Sione
3255 2707 3436 2748 sermo
3478 2691 3566 2744 in-

1988 2800 2169 2843 sertus
2202 2796 2307 2844 est.
2352 2787 2615 2854 Quocirca
2646 2787 3037 2859 Hierosolymae
3065 2785 3294 2849 incolas,
3326 2784 3478 2855 quasi
3514 2784 3567 2836 in

1990 2877 2313 2948 alienigenis
2361 2878 2503 2932 Deus
2550 2877 2853 2941 constituit,
2886 2876 3324 2945 sententiamque
3364 2874 3571 2944 profert

1988 2972 2270 3027 adversum
2298 2969 2437 3027 illos.

2067 3223 2230 3281 Vens.
2257 3224 2312 3280 2.
2350 3242 2369 3276 ι
2402 3225 2627 3295 Repleta
2674 3235 2756 3282 est
2790 3236 2987 3282 emtas
3021 3226 3383 3286 clamantibus
3412 3245 3425 3281 :
3458 3228 3574 3279 vnl-

1994 3316 2167 3370 nerati
2206 3317 2308 3382 ttti,
2341 3333 2449 3371 non
2487 3317 2754 3371 vulnerati
2795 3318 3006 3387 gladio;
3042 3332 3214 3387 neque
3237 3319 3433 3371 mortui
3471 3320 3571 3381 tui,

1994 3408 2192 3461 mortui
2223 3407 2383 3462 bello.
2412 3428 2430 3460 ι
2466 3407 3047 3479 Ξρὶιίιιιιοοιιερίοαιυε
3091 3410 3352 3481 propheta
3379 3425 3571 3465 eorum

1993 3510 2183 3555 contra
2239 3500 2582 3557 Salvatorem
2618 3501 2909 3569 clamores,
2959 3502 3263 3572 impiasque
3301 3504 3353 3557 in
3396 3505 3573 3572 ipsum

1994 3593 2382 3663 blasphemias,
2415 3608 2649 3664 quarum
2696 3609 2864 3650 causa
2893 3594 3078 3664 rejecti
3120 3607 3269 3651 sum.
3297 3596 3575 3665 subjungit

1995 3688 2122 3743 illud
2156 3703 2171 3741 ι
3204 3690 3221 3700 ⁴
3260 3762 3263 3763 ν

2066 3777 2228 3833 Vens.
2260 3780 2313 3834 5.
2356 3800 2374 3832 ι
2404 3779 2623 3849 Repleta
2666 3788 2747 3836 est
2782 3781 2977 3837 civitas
3008 3781 3394 3844 clamantibus.
3444 3783 3574 3836 Om-

1994 3883 2091 3924 nes
2127 3870 2397 3939 principes
2436 3873 2512 3925 tui
2562 3870 2841 3941 fugerunt,
2872 3881 2928 3927 et
2973 3873 3115 3942 capti
3163 3874 3370 3927 duriter
3406 3874 3573 3926 vincti

1995 3972 2143 4025 sunt,
2172 3974 2228 4016 et
2254 3964 2344 4031 qui
2383 3972 2629 4032 potentes
2675 3976 2802 4019 sunt
2849 3964 2902 4017 in
2938 3974 3011 4030 te,
3040 3965 3198 4033 longe
3234 3965 3507 4033 ingenuit.
3545 3984 3565 4019 ι

1994 4052 2175 4118 Quare
2207 4066 2312 4105 non
2349 4053 2580 4120 amplius
2607 4061 2666 4106 ut
2704 4053 3008 4122 antiquitus
3032 4068 3209 4124 rcges,
3245 4070 3349 4108 non
3384 4056 3575 4117 duces,

1995 4146 2103 4197 non
2138 4143 2472 4207 sacerdOtes,
2503 4157 2609 4197 non
2657 4144 2936 4212 propheta:
2962 4145 3104 4214 apud
3136 4145 3253 4199 illus
3284 4155 3440 4206 sunt;
3473 4147 3570 4199 sed

1996 4249 2171 4304 neque
2217 4234 2496 4299 Pharisaei,
2543 4248 2718 4304 neque
2764 4234 3031 4299 Saducazi,
3067 4251 3245 4305 neque
3291 4236 3387 4289 alii
3414 4249 3575 4303 qnnt-

1995 4322 2271 4393 quotolim
2308 4337 2496 4378 eorum
2528 4325 2940 4395 magistratibus
2972 4325 3243 4394 perfuncti
3270 4337 3415 4380 sunt.
3452 4326 3577 4379 Ηςυε

1962 4429 2117 4467 cum
2167 4416 2361 4483 spiritu
2408 4428 2658 4471 cerneret
2703 4418 3000 4487 pmpbeta,
3054 4432 3262 4473 necnon
3308 4418 3455 4472 illum
3507 4436 3574 4473 ρ(

1976 4516 2141 4559 tanta
2190 4506 2523 4561 sublimitate
2581 4509 2631 4561 iu
2690 4517 2995 4563 extremam
3052 4508 3353 4567 maiitiam.
3386 4524 3480 4563 ceu
3521 4512 3571 4562 in

1990 4598 2285 4667 quamdam
2333 4597 2548 4663 vallem,
2582 4598 2793 4655 Judaici
2837 4598 3020 4669 populi
3072 4598 3306 4668 lapsum,
3340 4599 3490 4653 lnctn
3517 4615 3578 4654 se

1993 4685 2289 4739 discruciat
2320 4686 2507 4739 dicens
2541 4705 2553 4739 :

2062 4776 2225 4833 Vens.
2270 4778 2323 4831 4.
2376 4777 2712 4845 «Propterea
2775 4778 2919 4843 dixi,
2987 4780 3151 4834 sinite
3219 4795 3342 4846 me,
3392 4796 3577 4835 amare

1989 4870 2149 4937 ﬂebo,
2196 4886 2300 4925 non
2349 4871 2595 4940 poteritis
2648 4870 2915 4925 consolari
2986 4886 3072 4926 me
3138 4887 3301 4941 super
3372 4875 3573 4927 contri-

1991 4964 2135 5016 tione
2190 4961 2311 5016 ﬁlia:
2363 4962 2581 5031 generis
2636 4963 2764 5017 mei.
2794 4981 2813 5015 ι
2851 4961 2984 5017 Nam
3020 4976 3274 5019 accurate
3306 4964 3453 5027 novi,
3502 4966 3573 5018 in-

1989 5054 2126 5122 quit,
2159 5062 2212 5107 et
2235 5054 2429 5123 spiritu
2460 5055 2754 5123 praevideo,
2780 5056 2949 5109 etiam
2984 5070 3051 5111 ex
3084 5057 3149 5110 iis
3176 5058 3429 5112 omnibus
3458 5074 3578 5127 qn.e

1994 5160 2154 5214 supra
2198 5145 2339 5199 dicta
2393 5153 2541 5209 sunt,
2582 5145 2857 5199 civitatem
2893 5146 3003 5200 Deo
3050 5149 3321 5202 addictam
3354 5150 3545 5217 capien

1997 5237 2146 5299 dam,
2177 5244 2231 5289 et
2254 5249 2443 5291 omnes
2473 5236 2567 5306 qui
2606 5236 2658 5289 in
2701 5236 2793 5298 illa
2834 5246 2980 5301 sunt,
3008 5237 3060 5291 in
3098 5239 3353 5307 gaudimn
3398 5238 3574 5290 inimi-

1997 5342 2183 5383 corum
2240 5329 2444 5383 dandos
2485 5343 2629 5383 esse.
2696 5331 2879 5395 Quare
2922 5329 3034 5399 jam
3070 5330 3269 5385 exhinc
3314 5330 3489 5399 lugeo,
3522 5342 3577 5384 υι

1996 5421 2148 5491 quasi
2175 5423 2414 5491 genuina
2448 5421 2654 5478 viscera
2685 5438 2802 5478 mea
2836 5421 3075 5491 deploro.
