  <div class='ocr_page' id='page_1' title='image "/cluster/home/n/w/nwhite01/storage/ocr_20150623/24/pst.000005712083/142.png"; bbox 0 0 4120 6294; ppageno 0'>
   <div class='ocr_carea' id='block_1_1' title="bbox 190 370 298 427">
    <p class='ocr_par' dir='ltr' id='par_1_1' title="bbox 190 370 298 427">
     <span class='ocr_line' id='line_1_1' title="bbox 190 370 298 427; baseline 0 0"><span class='ocrx_word' id='word_1_1' title='bbox 190 370 298 427; x_wconf 68' lang='grc' dir='ltr'>ω</span> 
     </span>
    </p>
   </div>
   <div class='ocr_carea' id='block_1_2' title="bbox 1162 348 2577 430">
    <p class='ocr_par' dir='ltr' id='par_1_2' title="bbox 1162 348 2577 430">
     <span class='ocr_line' id='line_1_2' title="bbox 1162 348 2577 430; baseline -0.006 0"><span class='ocrx_word' id='word_1_2' title='bbox 1162 348 1671 430; x_wconf 58' lang='lat' dir='ltr'><strong>conuentum</strong></span> <span class='ocrx_word' id='word_1_3' title='bbox 1707 371 1776 429; x_wconf 81' lang='lat' dir='ltr'><strong>IN</strong></span> <span class='ocrx_word' id='word_1_4' title='bbox 1814 372 2074 430; x_wconf 73' lang='lat' dir='ltr'><strong>lSAlAI.</strong></span> <span class='ocrx_word' id='word_1_5' title='bbox 2111 404 2177 415; x_wconf 88' lang='lat'><strong>—</strong></span> <span class='ocrx_word' id='word_1_6' title='bbox 2209 368 2366 428; x_wconf 64' lang='lat' dir='ltr'><strong>cap.</strong></span> <span class='ocrx_word' id='word_1_7' title='bbox 2406 364 2577 424; x_wconf 80' lang='lat' dir='ltr'><strong>xm.</strong></span> 
     </span>
    </p>
   </div>
   <div class='ocr_carea' id='block_1_3' title="bbox 3362 362 3473 419">
    <p class='ocr_par' dir='ltr' id='par_1_3' title="bbox 3362 362 3473 419">
     <span class='ocr_line' id='line_1_3' title="bbox 3362 362 3473 419; baseline 0 0"><span class='ocrx_word' id='word_1_8' title='bbox 3362 362 3473 419; x_wconf 62' lang='lat' dir='ltr'><strong>Q50</strong></span> 
     </span>
    </p>
   </div>
   <div class='ocr_carea' id='block_1_4' title="bbox 201 479 1792 564">
    <p class='ocr_par' dir='ltr' id='par_1_4' title="bbox 201 490 1791 564">
     <span class='ocr_line' id='line_1_4' title="bbox 201 490 1791 564; baseline 0.002 -21"><span class='ocrx_word' id='word_1_9' title='bbox 201 490 242 543; x_wconf 77' lang='grc' dir='ltr'><strong>εί</strong></span> <span class='ocrx_word' id='word_1_10' title='bbox 262 492 739 564; x_wconf 69' lang='grc' dir='ltr'><strong>κατηγορούμενος</strong></span> <span class='ocrx_word' id='word_1_11' title='bbox 786 491 1111 563; x_wconf 68' lang='grc' dir='ltr'><strong>ὶπενόησαν,</strong></span> <span class='ocrx_word' id='word_1_12' title='bbox 1132 490 1233 554; x_wconf 79' lang='grc' dir='ltr'><strong>τὰς</strong></span> <span class='ocrx_word' id='word_1_13' title='bbox 1263 490 1374 544; x_wconf 84' lang='grc' dir='ltr'><strong>τῶν</strong></span> <span class='ocrx_word' id='word_1_14' title='bbox 1406 491 1791 559; x_wconf 70' lang='grc' dir='ltr'><strong>πρεσϐυτέριον</strong></span> 
     </span>
    </p>
   </div>
   <div class='ocr_carea' id='block_1_5' title="bbox 1894 479 3478 564">
    <p class='ocr_par' dir='ltr' id='par_1_5' title="bbox 1895 479 3478 562">
     <span class='ocr_line' id='line_1_5' title="bbox 1895 479 3478 562; baseline -0.008 -15"><span class='ocrx_word' id='word_1_15' title='bbox 1895 507 2092 562; x_wconf 89' lang='lat' dir='ltr'><strong>aquam</strong></span> <span class='ocrx_word' id='word_1_16' title='bbox 2124 490 2227 547; x_wconf 93' lang='lat' dir='ltr'><strong>sibi</strong></span> <span class='ocrx_word' id='word_1_17' title='bbox 2258 488 2669 560; x_wconf 79' lang='lat' dir='ltr'><strong>excogitarunt,</strong></span> <span class='ocrx_word' id='word_1_18' title='bbox 2699 482 2959 540; x_wconf 86' lang='lat' dir='ltr'><strong>videlicet</strong></span> <span class='ocrx_word' id='word_1_19' title='bbox 2988 479 3271 538; x_wconf 85' lang='lat' dir='ltr'><strong>seniorum</strong></span> <span class='ocrx_word' id='word_1_20' title='bbox 3306 481 3478 555; x_wconf 85' lang='lat' dir='ltr'><strong>tradi-</strong></span> 
     </span>
    </p>
   </div>
   <div class='ocr_carea' id='block_1_6' title="bbox 202 579 1788 657">
    <p class='ocr_par' dir='ltr' id='par_1_6' title="bbox 202 579 1788 657">
     <span class='ocr_line' id='line_1_6' title="bbox 202 579 1788 657; baseline 0 -18"><span class='ocrx_word' id='word_1_21' title='bbox 202 584 545 656; x_wconf 62' lang='lat' dir='ltr'><strong>npaﬁéastc,</strong></span> <span class='ocrx_word' id='word_1_22' title='bbox 575 588 664 654; x_wconf 61' lang='grc' dir='ltr'><strong>ἐφ’</strong></span> <span class='ocrx_word' id='word_1_23' title='bbox 696 579 789 647; x_wconf 78' lang='grc' dir='ltr'><strong>αἶς</strong></span> <span class='ocrx_word' id='word_1_24' title='bbox 807 585 905 638; x_wconf 82' lang='grc' dir='ltr'><strong>καὶ</strong></span> <span class='ocrx_word' id='word_1_25' title='bbox 940 584 1081 654; x_wconf 75' lang='grc' dir='ltr'><strong>μέγα</strong></span> <span class='ocrx_word' id='word_1_26' title='bbox 1122 583 1413 657; x_wconf 71' lang='grc' dir='ltr'><strong>φρονοῦσιν</strong></span> <span class='ocrx_word' id='word_1_27' title='bbox 1438 586 1486 638; x_wconf 82' lang='lat' dir='ltr'><strong>oi</strong></span> <span class='ocrx_word' id='word_1_28' title='bbox 1527 586 1657 657; x_wconf 76' lang='grc' dir='ltr'><strong>παρ’</strong></span> <span class='ocrx_word' id='word_1_29' title='bbox 1690 587 1788 639; x_wconf 81' lang='grc' dir='ltr'><strong>αύ-</strong></span> 
     </span>
    </p>
   </div>
   <div class='ocr_carea' id='block_1_7' title="bbox 201 675 1787 748">
    <p class='ocr_par' dir='ltr' id='par_1_7' title="bbox 201 675 1787 748">
     <span class='ocr_line' id='line_1_7' title="bbox 201 675 1787 748; baseline -0.002 -18"><span class='ocrx_word' id='word_1_30' title='bbox 201 677 305 739; x_wconf 75' lang='grc' dir='ltr'><strong>τοίς</strong></span> <span class='ocrx_word' id='word_1_31' title='bbox 341 676 671 748; x_wconf 80' lang='grc' dir='ltr'><strong>καλούμενοι</strong></span> <span class='ocrx_word' id='word_1_32' title='bbox 718 675 1068 747; x_wconf 80' lang='grc' dir='ltr'><strong>δευτερωταί.</strong></span> <span class='ocrx_word' id='word_1_33' title='bbox 1127 694 1146 727; x_wconf 77' lang='grc' dir='ltr'><strong>ι</strong></span> <span class='ocrx_word' id='word_1_34' title='bbox 1184 675 1293 729; x_wconf 78' lang='grc' dir='ltr'><strong>Καὶ</strong></span> <span class='ocrx_word' id='word_1_35' title='bbox 1332 676 1432 728; x_wconf 81' lang='grc' dir='ltr'><strong>οὐκ</strong></span> <span class='ocrx_word' id='word_1_36' title='bbox 1464 675 1787 745; x_wconf 77' lang='grc' dir='ltr'><strong>ὲνεϐλέψατε</strong></span> 
     </span>
    </p>
   </div>
   <div class='ocr_carea' id='block_1_8' title="bbox 201 766 1791 839">
    <p class='ocr_par' dir='ltr' id='par_1_8' title="bbox 201 766 1791 839">
     <span class='ocr_line' id='line_1_8' title="bbox 201 766 1791 839; baseline 0.002 -20"><span class='ocrx_word' id='word_1_37' title='bbox 201 766 276 829; x_wconf 73' lang='grc' dir='ltr'><strong>είς</strong></span> <span class='ocrx_word' id='word_1_38' title='bbox 292 767 384 819; x_wconf 69' lang='lat' dir='ltr'><strong>vi»</strong></span> <span class='ocrx_word' id='word_1_39' title='bbox 409 767 508 822; x_wconf 74' lang='grc' dir='ltr'><strong>ἀπ’</strong></span> <span class='ocrx_word' id='word_1_40' title='bbox 537 766 715 837; x_wconf 74' lang='grc' dir='ltr'><strong>ἀρχῆς</strong></span> <span class='ocrx_word' id='word_1_41' title='bbox 737 766 1040 839; x_wconf 76' lang='grc' dir='ltr'><strong>ποιήσαντα</strong></span> <span class='ocrx_word' id='word_1_42' title='bbox 1064 767 1253 837; x_wconf 79' lang='grc' dir='ltr'><strong>αὐτὴν,</strong></span> <span class='ocrx_word' id='word_1_43' title='bbox 1295 768 1386 821; x_wconf 78' lang='grc' dir='ltr'><strong>καὶ</strong></span> <span class='ocrx_word' id='word_1_44' title='bbox 1414 766 1505 821; x_wconf 80' lang='grc' dir='ltr'><strong>τὸν</strong></span> <span class='ocrx_word' id='word_1_45' title='bbox 1528 768 1791 822; x_wconf 76' lang='grc' dir='ltr'><strong>κτίσαντα</strong></span> 
     </span>
    </p>
   </div>
   <div class='ocr_carea' id='block_1_9' title="bbox 200 855 1789 929">
    <p class='ocr_par' dir='ltr' id='par_1_9' title="bbox 200 855 1789 929">
     <span class='ocr_line' id='line_1_9' title="bbox 200 855 1789 929; baseline 0.001 -19"><span class='ocrx_word' id='word_1_46' title='bbox 200 856 365 927; x_wconf 72' lang='grc' dir='ltr'><strong>αὐτὴν</strong></span> <span class='ocrx_word' id='word_1_47' title='bbox 390 858 499 910; x_wconf 79' lang='grc' dir='ltr'><strong>οὐκ</strong></span> <span class='ocrx_word' id='word_1_48' title='bbox 534 855 726 910; x_wconf 76' lang='grc' dir='ltr'><strong>εἴδετε.</strong></span> <span class='ocrx_word' id='word_1_49' title='bbox 769 874 791 909; x_wconf 72' lang='grc' dir='ltr'><strong>ι</strong></span> <span class='ocrx_word' id='word_1_50' title='bbox 832 857 991 926; x_wconf 67' lang='grc' dir='ltr'><strong>Λέγω</strong></span> <span class='ocrx_word' id='word_1_51' title='bbox 1028 857 1093 928; x_wconf 77' lang='grc' dir='ltr'><strong>δὴ</strong></span> <span class='ocrx_word' id='word_1_52' title='bbox 1124 856 1225 929; x_wconf 83' lang='grc' dir='ltr'><strong>τὴν</strong></span> <span class='ocrx_word' id='word_1_53' title='bbox 1253 857 1492 912; x_wconf 79' lang='grc' dir='ltr'><strong>παλαιὰν</strong></span> <span class='ocrx_word' id='word_1_54' title='bbox 1524 857 1649 910; x_wconf 85' lang='grc' dir='ltr'><strong>τῶν·</strong></span> <span class='ocrx_word' id='word_1_55' title='bbox 1667 856 1789 911; x_wconf 77' lang='grc' dir='ltr'><strong>θεο-</strong></span> 
     </span>
    </p>
   </div>
   <div class='ocr_carea' id='block_1_10' title="bbox 203 945 1788 1018">
    <p class='ocr_par' dir='ltr' id='par_1_10' title="bbox 203 945 1788 1018">
     <span class='ocr_line' id='line_1_10' title="bbox 203 945 1788 1018; baseline 0.001 -20"><span class='ocrx_word' id='word_1_56' title='bbox 203 946 479 1000; x_wconf 65' lang='lat' dir='ltr'><strong>«vatim</strong></span> <span class='ocrx_word' id='word_1_57' title='bbox 511 945 743 1017; x_wconf 80' lang='grc' dir='ltr'><strong>Γραφῶν</strong></span> <span class='ocrx_word' id='word_1_58' title='bbox 772 946 1179 1018; x_wconf 90' lang='grc' dir='ltr'><strong>κολυμϐήθραν,</strong></span> <span class='ocrx_word' id='word_1_59' title='bbox 1212 946 1309 1017; x_wconf 78' lang='grc' dir='ltr'><strong>τὴν</strong></span> <span class='ocrx_word' id='word_1_60' title='bbox 1341 947 1449 1001; x_wconf 72' lang='grc' dir='ltr'><strong>ἀπὺ</strong></span> <span class='ocrx_word' id='word_1_61' title='bbox 1476 947 1667 1017; x_wconf 84' lang='grc' dir='ltr'><strong>πηγῶν</strong></span> <span class='ocrx_word' id='word_1_62' title='bbox 1693 945 1788 1000; x_wconf 87' lang='grc' dir='ltr'><strong>τοῦ</strong></span> 
     </span>
    </p>
   </div>
   <div class='ocr_carea' id='block_1_11' title="bbox 203 1035 1115 1111">
    <p class='ocr_par' dir='ltr' id='par_1_11' title="bbox 203 1035 1115 1111">
     <span class='ocr_line' id='line_1_11' title="bbox 203 1035 1115 1111; baseline 0.003 -21"><span class='ocrx_word' id='word_1_63' title='bbox 203 1035 342 1092; x_wconf 76' lang='grc' dir='ltr'><strong>θείου</strong></span> <span class='ocrx_word' id='word_1_64' title='bbox 374 1035 521 1092; x_wconf 81' lang='grc' dir='ltr'><strong>Πνεύ</strong></span> <span class='ocrx_word' id='word_1_65' title='bbox 528 1053 699 1107; x_wconf 86' lang='grc' dir='ltr'><strong>ματος</strong></span> <span class='ocrx_word' id='word_1_66' title='bbox 723 1038 1115 1111; x_wconf 66' lang='grc' dir='ltr'><strong>προχεομένην.</strong></span> 
     </span>
    </p>
   </div>
   <div class='ocr_carea' id='block_1_12' title="bbox 271 1126 1788 1201">
    <p class='ocr_par' dir='ltr' id='par_1_12' title="bbox 271 1126 1788 1201">
     <span class='ocr_line' id='line_1_12' title="bbox 271 1126 1788 1201; baseline 0.002 -23"><span class='ocrx_word' id='word_1_67' title='bbox 271 1145 292 1178; x_wconf 81' lang='grc' dir='ltr'><strong>ι</strong></span> <span class='ocrx_word' id='word_1_68' title='bbox 324 1126 444 1180; x_wconf 62' lang='grc' dir='ltr'><strong>Καὶ</strong></span> <span class='ocrx_word' id='word_1_69' title='bbox 473 1126 703 1181; x_wconf 63' lang='grc' dir='ltr'><strong>ἐκάλεσε</strong></span> <span class='ocrx_word' id='word_1_70' title='bbox 732 1127 935 1199; x_wconf 75' lang='grc' dir='ltr'><strong>Κύριος</strong></span> <span class='ocrx_word' id='word_1_71' title='bbox 957 1126 1186 1181; x_wconf 83' lang='grc' dir='ltr'><strong>Σαϐαὼθ</strong></span> <span class='ocrx_word' id='word_1_72' title='bbox 1220 1128 1279 1181; x_wconf 83' lang='grc' dir='ltr'><strong>ὲν</strong></span> <span class='ocrx_word' id='word_1_73' title='bbox 1298 1130 1365 1200; x_wconf 75' lang='grc' dir='ltr'><strong>τῇ</strong></span> <span class='ocrx_word' id='word_1_74' title='bbox 1399 1128 1583 1199; x_wconf 75' lang='grc' dir='ltr'><strong>ήμέρᾳ</strong></span> <span class='ocrx_word' id='word_1_75' title='bbox 1603 1128 1788 1201; x_wconf 76' lang='grc' dir='ltr'><strong>ἐκείνῃ</strong></span> 
     </span>
    </p>
   </div>
   <div class='ocr_carea' id='block_1_13' title="bbox 201 1216 1788 1289">
    <p class='ocr_par' dir='ltr' id='par_1_13' title="bbox 201 1216 1788 1289">
     <span class='ocr_line' id='line_1_13' title="bbox 201 1216 1788 1289; baseline 0 -17"><span class='ocrx_word' id='word_1_76' title='bbox 201 1216 481 1288; x_wconf 65' lang='grc' dir='ltr'><strong>κλαυθμὸν</strong></span> <span class='ocrx_word' id='word_1_77' title='bbox 512 1218 611 1273; x_wconf 80' lang='grc' dir='ltr'><strong>καὶ</strong></span> <span class='ocrx_word' id='word_1_78' title='bbox 645 1219 874 1272; x_wconf 79' lang='grc' dir='ltr'><strong>κοπετὸν</strong></span> <span class='ocrx_word' id='word_1_79' title='bbox 906 1218 998 1272; x_wconf 76' lang='grc' dir='ltr'><strong>καὶ</strong></span> <span class='ocrx_word' id='word_1_80' title='bbox 1048 1216 1298 1289; x_wconf 81' lang='grc' dir='ltr'><strong>ξύρησιν,</strong></span> <span class='ocrx_word' id='word_1_81' title='bbox 1334 1220 1429 1273; x_wconf 78' lang='grc' dir='ltr'><strong>καὶ</strong></span> <span class='ocrx_word' id='word_1_82' title='bbox 1456 1216 1625 1281; x_wconf 79' lang='grc' dir='ltr'><strong>ζῶσιν</strong></span> <span class='ocrx_word' id='word_1_83' title='bbox 1651 1219 1788 1272; x_wconf 81' lang='grc' dir='ltr'><strong>σάκ-</strong></span> 
     </span>
    </p>
   </div>
   <div class='ocr_carea' id='block_1_14' title="bbox 198 1309 1787 1384">
    <p class='ocr_par' dir='ltr' id='par_1_14' title="bbox 198 1309 1787 1384">
     <span class='ocr_line' id='line_1_14' title="bbox 198 1309 1787 1384; baseline 0 -20"><span class='ocrx_word' id='word_1_84' title='bbox 198 1325 327 1364; x_wconf 63' lang='grc' dir='ltr'><strong>ων·</strong></span> <span class='ocrx_word' id='word_1_85' title='bbox 356 1309 520 1364; x_wconf 72' lang='grc' dir='ltr'><strong>αὐτοὶ</strong></span> <span class='ocrx_word' id='word_1_86' title='bbox 536 1310 932 1384; x_wconf 63' lang='lat' dir='ltr'><strong>stqu</strong></span> <span class='ocrx_word' id='word_1_87' title='bbox 965 1310 1305 1382; x_wconf 79' lang='grc' dir='ltr'><strong>εὐφροσύνην</strong></span> <span class='ocrx_word' id='word_1_88' title='bbox 1334 1311 1430 1365; x_wconf 78' lang='grc' dir='ltr'><strong>καὶ</strong></span> <span class='ocrx_word' id='word_1_89' title='bbox 1448 1310 1787 1382; x_wconf 80' lang='grc' dir='ltr'><strong>ἁγαλλίαμα,</strong></span> 
     </span>
    </p>
   </div>
   <div class='ocr_carea' id='block_1_15' title="bbox 199 1397 1790 1475">
    <p class='ocr_par' dir='ltr' id='par_1_15' title="bbox 199 1397 1790 1475">
     <span class='ocr_line' id='line_1_15' title="bbox 199 1397 1790 1475; baseline 0.002 -22"><span class='ocrx_word' id='word_1_90' title='bbox 199 1397 497 1470; x_wconf 56' lang='lat' dir='ltr'><strong>&quot;time;</strong></span> <span class='ocrx_word' id='word_1_91' title='bbox 520 1400 758 1471; x_wconf 83' lang='grc' dir='ltr'><strong>μόσχους</strong></span> <span class='ocrx_word' id='word_1_92' title='bbox 781 1401 878 1455; x_wconf 82' lang='grc' dir='ltr'><strong>καὶ</strong></span> <span class='ocrx_word' id='word_1_93' title='bbox 896 1400 1118 1467; x_wconf 84' lang='grc' dir='ltr'><strong>θύοντες</strong></span> <span class='ocrx_word' id='word_1_94' title='bbox 1144 1402 1412 1475; x_wconf 85' lang='grc' dir='ltr'><strong>πρόϐατα,</strong></span> <span class='ocrx_word' id='word_1_95' title='bbox 1429 1401 1571 1455; x_wconf 84' lang='grc' dir='ltr'><strong>ὥστε</strong></span> <span class='ocrx_word' id='word_1_96' title='bbox 1594 1405 1790 1472; x_wconf 78' lang='grc' dir='ltr'><strong>φαγεῖν</strong></span> 
     </span>
    </p>
   </div>
   <div class='ocr_carea' id='block_1_16' title="bbox 198 1487 1789 1563">
    <p class='ocr_par' dir='ltr' id='par_1_16' title="bbox 198 1487 1789 1563">
     <span class='ocr_line' id='line_1_16' title="bbox 198 1487 1789 1563; baseline 0.001 -20"><span class='ocrx_word' id='word_1_97' title='bbox 198 1488 427 1561; x_wconf 60' lang='lat' dir='ltr'><strong>apt-va,</strong></span> <span class='ocrx_word' id='word_1_98' title='bbox 455 1490 555 1544; x_wconf 79' lang='grc' dir='ltr'><strong>καὶ</strong></span> <span class='ocrx_word' id='word_1_99' title='bbox 577 1492 722 1545; x_wconf 81' lang='grc' dir='ltr'><strong>πιεῖν</strong></span> <span class='ocrx_word' id='word_1_100' title='bbox 745 1487 908 1554; x_wconf 81' lang='grc' dir='ltr'><strong>οῐνον,</strong></span> <span class='ocrx_word' id='word_1_101' title='bbox 940 1490 1209 1561; x_wconf 75' lang='grc' dir='ltr'><strong>λέγοντες,</strong></span> <span class='ocrx_word' id='word_1_102' title='bbox 1243 1492 1511 1563; x_wconf 69' lang='grc' dir='ltr'><strong>Φάγωμεν</strong></span> <span class='ocrx_word' id='word_1_103' title='bbox 1531 1493 1626 1546; x_wconf 70' lang='grc' dir='ltr'><strong>καὶ</strong></span> <span class='ocrx_word' id='word_1_104' title='bbox 1649 1492 1789 1546; x_wconf 83' lang='grc' dir='ltr'><strong>πίω-</strong></span> 
     </span>
    </p>
   </div>
   <div class='ocr_carea' id='block_1_17' title="bbox 203 1578 1791 1655">
    <p class='ocr_par' dir='ltr' id='par_1_17' title="bbox 203 1578 1791 1655">
     <span class='ocr_line' id='line_1_17' title="bbox 203 1578 1791 1655; baseline 0.001 -19"><span class='ocrx_word' id='word_1_105' title='bbox 203 1597 319 1652; x_wconf 76' lang='grc' dir='ltr'><strong>μεν⁴</strong></span> <span class='ocrx_word' id='word_1_106' title='bbox 347 1579 547 1653; x_wconf 76' lang='grc' dir='ltr'><strong>αὖριον</strong></span> <span class='ocrx_word' id='word_1_107' title='bbox 585 1581 696 1654; x_wconf 75' lang='grc' dir='ltr'><strong>γὰρ</strong></span> <span class='ocrx_word' id='word_1_108' title='bbox 743 1582 1181 1655; x_wconf 78' lang='grc' dir='ltr'><strong>ἀποθνήσκομεν.</strong></span> <span class='ocrx_word' id='word_1_109' title='bbox 1222 1601 1241 1635; x_wconf 78' lang='lat' dir='ltr'><strong>t</strong></span> <span class='ocrx_word' id='word_1_110' title='bbox 1284 1584 1341 1637; x_wconf 92' lang='lat' dir='ltr'><strong>&#39;O</strong></span> <span class='ocrx_word' id='word_1_111' title='bbox 1388 1583 1486 1655; x_wconf 68' lang='grc' dir='ltr'><strong>μὲν</strong></span> <span class='ocrx_word' id='word_1_112' title='bbox 1531 1578 1625 1637; x_wconf 80' lang='grc' dir='ltr'><strong>οὖν</strong></span> <span class='ocrx_word' id='word_1_113' title='bbox 1659 1583 1791 1647; x_wconf 80' lang='grc' dir='ltr'><strong>Θεὸς</strong></span> 
     </span>
    </p>
   </div>
   <div class='ocr_carea' id='block_1_18' title="bbox 203 1672 1791 1747">
    <p class='ocr_par' dir='ltr' id='par_1_18' title="bbox 203 1672 1791 1747">
     <span class='ocr_line' id='line_1_18' title="bbox 203 1672 1791 1747; baseline 0.001 -21"><span class='ocrx_word' id='word_1_114' title='bbox 203 1672 414 1744; x_wconf 72' lang='grc' dir='ltr'><strong>μεγάλα</strong></span> <span class='ocrx_word' id='word_1_115' title='bbox 444 1674 775 1744; x_wconf 82' lang='grc' dir='ltr'><strong>τολμήσασι,</strong></span> <span class='ocrx_word' id='word_1_116' title='bbox 818 1673 893 1747; x_wconf 75' lang='grc' dir='ltr'><strong>μή</strong></span> <span class='ocrx_word' id='word_1_117' title='bbox 924 1673 1245 1746; x_wconf 85' lang='grc' dir='ltr'><strong>βουλόμενος</strong></span> <span class='ocrx_word' id='word_1_118' title='bbox 1281 1673 1510 1729; x_wconf 83' lang='grc' dir='ltr'><strong>θάνατον</strong></span> <span class='ocrx_word' id='word_1_119' title='bbox 1532 1676 1791 1746; x_wconf 83' lang='grc' dir='ltr'><strong>ἁμαρτω-</strong></span> 
     </span>
    </p>
   </div>
   <div class='ocr_carea' id='block_1_19' title="bbox 198 1761 1795 1837">
    <p class='ocr_par' dir='ltr' id='par_1_19' title="bbox 198 1761 1795 1837">
     <span class='ocr_line' id='line_1_19' title="bbox 198 1761 1795 1837; baseline 0.001 -20"><span class='ocrx_word' id='word_1_120' title='bbox 198 1761 287 1817; x_wconf 82' lang='grc' dir='ltr'><strong>λοῦ</strong></span> <span class='ocrx_word' id='word_1_121' title='bbox 313 1762 393 1827; x_wconf 81' lang='grc' dir='ltr'><strong>ὡς</strong></span> <span class='ocrx_word' id='word_1_122' title='bbox 415 1762 521 1836; x_wconf 77' lang='grc' dir='ltr'><strong>τήν</strong></span> <span class='ocrx_word' id='word_1_123' title='bbox 546 1764 837 1836; x_wconf 81' lang='grc' dir='ltr'><strong>μετάνοιαν</strong></span> <span class='ocrx_word' id='word_1_124' title='bbox 868 1764 1055 1829; x_wconf 84' lang='grc' dir='ltr'><strong>αὐτοῦ,</strong></span> <span class='ocrx_word' id='word_1_125' title='bbox 1089 1765 1307 1837; x_wconf 83' lang='grc' dir='ltr'><strong>θρηνεῖν</strong></span> <span class='ocrx_word' id='word_1_126' title='bbox 1324 1766 1520 1829; x_wconf 77' lang='grc' dir='ltr'><strong>αὐτοὺς</strong></span> <span class='ocrx_word' id='word_1_127' title='bbox 1546 1766 1641 1820; x_wconf 76' lang='grc' dir='ltr'><strong>καὶ</strong></span> <span class='ocrx_word' id='word_1_128' title='bbox 1664 1764 1795 1819; x_wconf 82' lang='grc' dir='ltr'><strong>ἁπο-</strong></span> 
     </span>
    </p>
   </div>
   <div class='ocr_carea' id='block_1_20' title="bbox 1893 572 3477 651">
    <p class='ocr_par' dir='ltr' id='par_1_20' title="bbox 1893 572 3477 651">
     <span class='ocr_line' id='line_1_20' title="bbox 1893 572 3477 651; baseline -0.006 -13"><span class='ocrx_word' id='word_1_129' title='bbox 1893 585 2088 649; x_wconf 89' lang='lat' dir='ltr'><strong>tiones,</strong></span> <span class='ocrx_word' id='word_1_130' title='bbox 2118 582 2173 637; x_wconf 92' lang='lat' dir='ltr'><strong>in</strong></span> <span class='ocrx_word' id='word_1_131' title='bbox 2230 581 2429 651; x_wconf 89' lang='lat' dir='ltr'><strong>quibus</strong></span> <span class='ocrx_word' id='word_1_132' title='bbox 2456 577 2626 633; x_wconf 87' lang='lat' dir='ltr'><strong>altum</strong></span> <span class='ocrx_word' id='word_1_133' title='bbox 2680 582 2905 646; x_wconf 82' lang='lat' dir='ltr'><strong>sapiunt</strong></span> <span class='ocrx_word' id='word_1_134' title='bbox 2934 574 2994 640; x_wconf 90' lang='lat' dir='ltr'><strong>ii,</strong></span> <span class='ocrx_word' id='word_1_135' title='bbox 3022 573 3117 644; x_wconf 91' lang='lat' dir='ltr'><strong>qui</strong></span> <span class='ocrx_word' id='word_1_136' title='bbox 3159 572 3301 644; x_wconf 83' lang='lat' dir='ltr'><strong>apud</strong></span> <span class='ocrx_word' id='word_1_137' title='bbox 3350 573 3477 629; x_wconf 85' lang='lat' dir='ltr'><strong>illos</strong></span> 
     </span>
    </p>
   </div>
   <div class='ocr_carea' id='block_1_21' title="bbox 1891 664 3474 743">
    <p class='ocr_par' dir='ltr' id='par_1_21' title="bbox 1891 664 3474 743">
     <span class='ocr_line' id='line_1_21' title="bbox 1891 664 3474 743; baseline -0.008 -12"><span class='ocrx_word' id='word_1_138' title='bbox 1891 674 2202 731; x_wconf 72' lang='lat' dir='ltr'><strong>Deuterotat</strong></span> <span class='ocrx_word' id='word_1_139' title='bbox 2238 672 2600 743; x_wconf 71' lang='lat' dir='ltr'><strong>appellantur.</strong></span> <span class='ocrx_word' id='word_1_140' title='bbox 2631 689 2650 722; x_wconf 82' lang='grc' dir='ltr'><strong>ι</strong></span> <span class='ocrx_word' id='word_1_141' title='bbox 2672 669 2741 724; x_wconf 83' lang='lat' dir='ltr'><strong>Et</strong></span> <span class='ocrx_word' id='word_1_142' title='bbox 2773 683 2880 724; x_wconf 80' lang='lat' dir='ltr'><strong>non</strong></span> <span class='ocrx_word' id='word_1_143' title='bbox 2914 664 3234 737; x_wconf 73' lang='lat' dir='ltr'><strong>respexistis</strong></span> <span class='ocrx_word' id='word_1_144' title='bbox 3265 665 3319 721; x_wconf 81' lang='lat' dir='ltr'><strong>in</strong></span> <span class='ocrx_word' id='word_1_145' title='bbox 3348 678 3474 720; x_wconf 83' lang='lat' dir='ltr'><strong>eum</strong></span> 
     </span>
    </p>
   </div>
   <div class='ocr_carea' id='block_1_22' title="bbox 1891 756 3477 836">
    <p class='ocr_par' dir='ltr' id='par_1_22' title="bbox 1891 756 3477 836">
     <span class='ocr_line' id='line_1_22' title="bbox 1891 756 3477 836; baseline -0.008 -14"><span class='ocrx_word' id='word_1_146' title='bbox 1891 768 1983 836; x_wconf 86' lang='lat' dir='ltr'><strong>qui</strong></span> <span class='ocrx_word' id='word_1_147' title='bbox 2011 768 2079 821; x_wconf 89' lang='lat' dir='ltr'><strong>ab</strong></span> <span class='ocrx_word' id='word_1_148' title='bbox 2108 764 2264 821; x_wconf 89' lang='lat' dir='ltr'><strong>initio</strong></span> <span class='ocrx_word' id='word_1_149' title='bbox 2306 764 2436 819; x_wconf 77' lang='lat' dir='ltr'><strong>fecit</strong></span> <span class='ocrx_word' id='word_1_150' title='bbox 2471 762 2647 827; x_wconf 89' lang='lat' dir='ltr'><strong>illam,</strong></span> <span class='ocrx_word' id='word_1_151' title='bbox 2666 769 2725 815; x_wconf 89' lang='lat' dir='ltr'><strong>et</strong></span> <span class='ocrx_word' id='word_1_152' title='bbox 2748 758 3087 815; x_wconf 71' lang='lat' dir='ltr'><strong>conditorem</strong></span> <span class='ocrx_word' id='word_1_153' title='bbox 3110 756 3232 825; x_wconf 78' lang='lat' dir='ltr'><strong>ejus</strong></span> <span class='ocrx_word' id='word_1_154' title='bbox 3255 772 3364 811; x_wconf 90' lang='lat' dir='ltr'><strong>non</strong></span> <span class='ocrx_word' id='word_1_155' title='bbox 3395 756 3477 810; x_wconf 88' lang='lat' dir='ltr'><strong>vi-</strong></span> 
     </span>
    </p>
   </div>
   <div class='ocr_carea' id='block_1_23' title="bbox 1892 845 3475 921">
    <p class='ocr_par' dir='ltr' id='par_1_23' title="bbox 1892 845 3475 921">
     <span class='ocr_line' id='line_1_23' title="bbox 1892 845 3475 921; baseline -0.006 -8"><span class='ocrx_word' id='word_1_156' title='bbox 1892 860 2069 915; x_wconf 83' lang='lat' dir='ltr'><strong>distis.</strong></span> <span class='ocrx_word' id='word_1_157' title='bbox 2101 876 2121 910; x_wconf 76' lang='grc' dir='ltr'><strong>ι</strong></span> <span class='ocrx_word' id='word_1_158' title='bbox 2154 857 2231 913; x_wconf 90' lang='lat' dir='ltr'><strong>De</strong></span> <span class='ocrx_word' id='word_1_159' title='bbox 2265 857 2433 913; x_wconf 85' lang='lat' dir='ltr'><strong>veteri</strong></span> <span class='ocrx_word' id='word_1_160' title='bbox 2463 855 2770 911; x_wconf 79' lang='lat' dir='ltr'><strong>divinarum</strong></span> <span class='ocrx_word' id='word_1_161' title='bbox 2807 845 3218 921; x_wconf 83' lang='lat' dir='ltr'><strong>Scripturarum</strong></span> <span class='ocrx_word' id='word_1_162' title='bbox 3260 846 3475 919; x_wconf 82' lang='lat' dir='ltr'><strong>piscina</strong></span> 
     </span>
    </p>
   </div>
   <div class='ocr_carea' id='block_1_24' title="bbox 1892 942 3328 1023">
    <p class='ocr_par' dir='ltr' id='par_1_24' title="bbox 1892 942 3328 1023">
     <span class='ocr_line' id='line_1_24' title="bbox 1892 942 3328 1023; baseline -0.007 -18"><span class='ocrx_word' id='word_1_163' title='bbox 1892 950 2112 1023; x_wconf 85' lang='lat' dir='ltr'><strong>loquor,</strong></span> <span class='ocrx_word' id='word_1_164' title='bbox 2139 964 2261 1021; x_wconf 74' lang='lat' dir='ltr'><strong>qua:</strong></span> <span class='ocrx_word' id='word_1_165' title='bbox 2285 962 2317 1003; x_wconf 90' lang='lat' dir='ltr'><strong>a</strong></span> <span class='ocrx_word' id='word_1_166' title='bbox 2339 945 2581 1004; x_wconf 78' lang='lat' dir='ltr'><strong>fontibus</strong></span> <span class='ocrx_word' id='word_1_167' title='bbox 2610 943 2782 1003; x_wconf 89' lang='lat' dir='ltr'><strong>divini</strong></span> <span class='ocrx_word' id='word_1_168' title='bbox 2809 942 3049 1015; x_wconf 73' lang='lat' dir='ltr'><strong>Spiritus</strong></span> <span class='ocrx_word' id='word_1_169' title='bbox 3084 950 3328 998; x_wconf 87' lang='lat' dir='ltr'><strong>emanat.</strong></span> 
     </span>
    </p>
   </div>
   <div class='ocr_carea' id='block_1_25' title="bbox 1962 1116 3474 1196">
    <p class='ocr_par' dir='ltr' id='par_1_25' title="bbox 1962 1116 3474 1196">
     <span class='ocr_line' id='line_1_25' title="bbox 1962 1116 3474 1196; baseline -0.005 -15"><span class='ocrx_word' id='word_1_170' title='bbox 1962 1126 2130 1183; x_wconf 77' lang='lat' dir='ltr'><strong>Vens.</strong></span> <span class='ocrx_word' id='word_1_171' title='bbox 2164 1125 2252 1190; x_wconf 71' lang='lat'><strong>12,</strong></span> <span class='ocrx_word' id='word_1_172' title='bbox 2284 1124 2373 1196; x_wconf 76' lang='lat' dir='ltr'><strong>t3.</strong></span> <span class='ocrx_word' id='word_1_173' title='bbox 2408 1142 2427 1176; x_wconf 77' lang='grc' dir='ltr'><strong>ι</strong></span> <span class='ocrx_word' id='word_1_174' title='bbox 2450 1123 2518 1179; x_wconf 80' lang='lat' dir='ltr'><strong>Et</strong></span> <span class='ocrx_word' id='word_1_175' title='bbox 2572 1122 2793 1178; x_wconf 87' lang='lat' dir='ltr'><strong>vocavit</strong></span> <span class='ocrx_word' id='word_1_176' title='bbox 2836 1119 3101 1175; x_wconf 82' lang='lat' dir='ltr'><strong>Dominus</strong></span> <span class='ocrx_word' id='word_1_177' title='bbox 3144 1116 3385 1176; x_wconf 75' lang='lat' dir='ltr'><strong>Sabaoth</strong></span> <span class='ocrx_word' id='word_1_178' title='bbox 3416 1118 3474 1174; x_wconf 88' lang='lat' dir='ltr'><strong>in</strong></span> 
     </span>
    </p>
   </div>
   <div class='ocr_carea' id='block_1_26' title="bbox 1892 1210 3475 1286">
    <p class='ocr_par' dir='ltr' id='par_1_26' title="bbox 1892 1210 3475 1286">
     <span class='ocr_line' id='line_1_26' title="bbox 1892 1210 3475 1286; baseline -0.004 -13"><span class='ocrx_word' id='word_1_179' title='bbox 1892 1218 1980 1273; x_wconf 87' lang='lat' dir='ltr'><strong>die</strong></span> <span class='ocrx_word' id='word_1_180' title='bbox 2008 1218 2096 1273; x_wconf 91' lang='lat' dir='ltr'><strong>illa</strong></span> <span class='ocrx_word' id='word_1_181' title='bbox 2137 1216 2346 1281; x_wconf 82' lang='lat' dir='ltr'><strong>ﬂetum,</strong></span> <span class='ocrx_word' id='word_1_182' title='bbox 2377 1226 2434 1271; x_wconf 89' lang='lat' dir='ltr'><strong>et</strong></span> <span class='ocrx_word' id='word_1_183' title='bbox 2479 1216 2783 1286; x_wconf 85' lang='lat' dir='ltr'><strong>planctum,</strong></span> <span class='ocrx_word' id='word_1_184' title='bbox 2806 1224 2861 1268; x_wconf 92' lang='lat' dir='ltr'><strong>et</strong></span> <span class='ocrx_word' id='word_1_185' title='bbox 2892 1212 3243 1268; x_wconf 87' lang='lat' dir='ltr'><strong>abrasionem</strong></span> <span class='ocrx_word' id='word_1_186' title='bbox 3274 1220 3333 1268; x_wconf 90' lang='lat' dir='ltr'><strong>et</strong></span> <span class='ocrx_word' id='word_1_187' title='bbox 3359 1210 3475 1267; x_wconf 87' lang='lat' dir='ltr'><strong>cin-</strong></span> 
     </span>
    </p>
   </div>
   <div class='ocr_carea' id='block_1_27' title="bbox 1893 1302 3473 1375">
    <p class='ocr_par' dir='ltr' id='par_1_27' title="bbox 1893 1302 3473 1375">
     <span class='ocr_line' id='line_1_27' title="bbox 1893 1302 3473 1375; baseline -0.006 -10"><span class='ocrx_word' id='word_1_188' title='bbox 1893 1318 2107 1365; x_wconf 88' lang='lat' dir='ltr'><strong>cturam</strong></span> <span class='ocrx_word' id='word_1_189' title='bbox 2141 1321 2427 1363; x_wconf 87' lang='lat' dir='ltr'><strong>saccorum</strong></span> <span class='ocrx_word' id='word_1_190' title='bbox 2455 1325 2471 1363; x_wconf 89' lang='lat'><strong>:</strong></span> <span class='ocrx_word' id='word_1_191' title='bbox 2497 1306 2576 1361; x_wconf 85' lang='lat' dir='ltr'><strong>illi</strong></span> <span class='ocrx_word' id='word_1_192' title='bbox 2604 1316 2787 1360; x_wconf 85' lang='lat' dir='ltr'><strong>autem</strong></span> <span class='ocrx_word' id='word_1_193' title='bbox 2819 1303 2988 1360; x_wconf 64' lang='lat' dir='ltr'><strong>laetati</strong></span> <span class='ocrx_word' id='word_1_194' title='bbox 3025 1310 3085 1359; x_wconf 91' lang='lat' dir='ltr'><strong>et</strong></span> <span class='ocrx_word' id='word_1_195' title='bbox 3113 1302 3292 1375; x_wconf 93' lang='lat' dir='ltr'><strong>gavisi</strong></span> <span class='ocrx_word' id='word_1_196' title='bbox 3324 1310 3473 1367; x_wconf 80' lang='lat' dir='ltr'><strong>sunt,</strong></span> 
     </span>
    </p>
   </div>
   <div class='ocr_carea' id='block_1_28' title="bbox 1887 1397 3480 1472">
    <p class='ocr_par' dir='ltr' id='par_1_28' title="bbox 1887 1397 3480 1472">
     <span class='ocr_line' id='line_1_28' title="bbox 1887 1397 3480 1472; baseline -0.004 -16"><span class='ocrx_word' id='word_1_197' title='bbox 1887 1402 2202 1472; x_wconf 84' lang='lat' dir='ltr'><strong>)ugulantes</strong></span> <span class='ocrx_word' id='word_1_198' title='bbox 2248 1399 2451 1455; x_wconf 82' lang='lat' dir='ltr'><strong>vitulos</strong></span> <span class='ocrx_word' id='word_1_199' title='bbox 2498 1408 2554 1454; x_wconf 88' lang='lat' dir='ltr'><strong>et</strong></span> <span class='ocrx_word' id='word_1_200' title='bbox 2606 1405 2911 1453; x_wconf 85' lang='lat' dir='ltr'><strong>mactantes</strong></span> <span class='ocrx_word' id='word_1_201' title='bbox 2961 1409 3117 1461; x_wconf 83' lang='lat' dir='ltr'><strong>oves,</strong></span> <span class='ocrx_word' id='word_1_202' title='bbox 3146 1402 3207 1450; x_wconf 87' lang='lat' dir='ltr'><strong>ut</strong></span> <span class='ocrx_word' id='word_1_203' title='bbox 3250 1397 3480 1450; x_wconf 90' lang='lat' dir='ltr'><strong>ederent</strong></span> 
     </span>
    </p>
   </div>
   <div class='ocr_carea' id='block_1_29' title="bbox 1892 1485 3496 1557">
    <p class='ocr_par' dir='ltr' id='par_1_29' title="bbox 1892 1485 3496 1557">
     <span class='ocr_line' id='line_1_29' title="bbox 1892 1485 3496 1557; baseline -0.006 -8"><span class='ocrx_word' id='word_1_204' title='bbox 1892 1508 2107 1557; x_wconf 79' lang='lat' dir='ltr'><strong>carnes,</strong></span> <span class='ocrx_word' id='word_1_205' title='bbox 2139 1501 2195 1548; x_wconf 91' lang='lat' dir='ltr'><strong>et</strong></span> <span class='ocrx_word' id='word_1_206' title='bbox 2218 1492 2471 1547; x_wconf 76' lang='lat' dir='ltr'><strong>biberent</strong></span> <span class='ocrx_word' id='word_1_207' title='bbox 2501 1490 2709 1555; x_wconf 87' lang='lat' dir='ltr'><strong>vinum,</strong></span> <span class='ocrx_word' id='word_1_208' title='bbox 2740 1487 3005 1552; x_wconf 84' lang='lat' dir='ltr'><strong>dicentes,</strong></span> <span class='ocrx_word' id='word_1_209' title='bbox 3042 1485 3398 1543; x_wconf 88' lang='lat' dir='ltr'><strong>contedamus</strong></span> <span class='ocrx_word' id='word_1_210' title='bbox 3418 1492 3496 1540; x_wconf 79' lang='lat' dir='ltr'><strong>et‘</strong></span> 
     </span>
    </p>
   </div>
   <div class='ocr_carea' id='block_1_30' title="bbox 1892 1574 3475 1652">
    <p class='ocr_par' dir='ltr' id='par_1_30' title="bbox 1892 1574 3475 1652">
     <span class='ocr_line' id='line_1_30' title="bbox 1892 1574 3475 1652; baseline -0.007 -9"><span class='ocrx_word' id='word_1_211' title='bbox 1892 1586 2169 1652; x_wconf 81' lang='lat' dir='ltr'><strong>bibamus,</strong></span> <span class='ocrx_word' id='word_1_212' title='bbox 2200 1599 2326 1640; x_wconf 87' lang='lat' dir='ltr'><strong>cras</strong></span> <span class='ocrx_word' id='word_1_213' title='bbox 2366 1583 2514 1638; x_wconf 90' lang='lat' dir='ltr'><strong>enim</strong></span> <span class='ocrx_word' id='word_1_214' title='bbox 2566 1582 2885 1637; x_wconf 88' lang='lat' dir='ltr'><strong>moriemur.</strong></span> <span class='ocrx_word' id='word_1_215' title='bbox 2912 1598 2931 1632; x_wconf 77' lang='grc' dir='ltr'><strong>ι</strong></span> <span class='ocrx_word' id='word_1_216' title='bbox 2984 1578 3130 1635; x_wconf 84' lang='lat' dir='ltr'><strong>Deus</strong></span> <span class='ocrx_word' id='word_1_217' title='bbox 3160 1578 3347 1650; x_wconf 88' lang='lat' dir='ltr'><strong>igitur,</strong></span> <span class='ocrx_word' id='word_1_218' title='bbox 3380 1574 3475 1648; x_wconf 90' lang='lat' dir='ltr'><strong>qui</strong></span> 
     </span>
    </p>
   </div>
   <div class='ocr_carea' id='block_1_31' title="bbox 1892 1668 3478 1745">
    <p class='ocr_par' dir='ltr' id='par_1_31' title="bbox 1892 1668 3478 1745">
     <span class='ocr_line' id='line_1_31' title="bbox 1892 1668 3478 1745; baseline -0.009 -10"><span class='ocrx_word' id='word_1_219' title='bbox 1892 1694 2001 1735; x_wconf 92' lang='lat' dir='ltr'><strong>non</strong></span> <span class='ocrx_word' id='word_1_220' title='bbox 2034 1676 2151 1732; x_wconf 87' lang='lat' dir='ltr'><strong>vult</strong></span> <span class='ocrx_word' id='word_1_221' title='bbox 2203 1685 2432 1731; x_wconf 87' lang='lat' dir='ltr'><strong>mortem</strong></span> <span class='ocrx_word' id='word_1_222' title='bbox 2482 1672 2806 1745; x_wconf 87' lang='lat' dir='ltr'><strong>peccatoris,</strong></span> <span class='ocrx_word' id='word_1_223' title='bbox 2836 1671 2930 1726; x_wconf 86' lang='lat' dir='ltr'><strong>sed</strong></span> <span class='ocrx_word' id='word_1_224' title='bbox 2978 1669 3152 1740; x_wconf 88' lang='lat' dir='ltr'><strong>magis</strong></span> <span class='ocrx_word' id='word_1_225' title='bbox 3203 1668 3478 1739; x_wconf 63' lang='lat' dir='ltr'><strong>peniten-</strong></span> 
     </span>
    </p>
   </div>
   <div class='ocr_carea' id='block_1_32' title="bbox 1895 1761 3478 1839">
    <p class='ocr_par' dir='ltr' id='par_1_32' title="bbox 1895 1761 3478 1839">
     <span class='ocr_line' id='line_1_32' title="bbox 1895 1761 3478 1839; baseline -0.007 -14"><span class='ocrx_word' id='word_1_226' title='bbox 1895 1771 2050 1836; x_wconf 84' lang='lat' dir='ltr'><strong>tiam,</strong></span> <span class='ocrx_word' id='word_1_227' title='bbox 2084 1769 2231 1839; x_wconf 83' lang='lat' dir='ltr'><strong>ipsos</strong></span> <span class='ocrx_word' id='word_1_228' title='bbox 2287 1782 2481 1837; x_wconf 83' lang='lat' dir='ltr'><strong>magna</strong></span> <span class='ocrx_word' id='word_1_229' title='bbox 2546 1764 2791 1821; x_wconf 81' lang='lat' dir='ltr'><strong>facinora</strong></span> <span class='ocrx_word' id='word_1_230' title='bbox 2836 1775 3142 1833; x_wconf 72' lang='lat' dir='ltr'><strong>aggressos,</strong></span> <span class='ocrx_word' id='word_1_231' title='bbox 3194 1761 3383 1833; x_wconf 90' lang='lat' dir='ltr'><strong>lugere</strong></span> <span class='ocrx_word' id='word_1_232' title='bbox 3420 1769 3478 1814; x_wconf 90' lang='lat' dir='ltr'><strong>et</strong></span> 
     </span>
    </p>
   </div>
   <div class='ocr_carea' id='block_1_33' title="bbox 198 1846 1792 1941">
    <p class='ocr_par' dir='ltr' id='par_1_33' title="bbox 198 1851 1790 1926">
     <span class='ocr_line' id='line_1_33' title="bbox 198 1851 1790 1926; baseline 0.001 -21"><span class='ocrx_word' id='word_1_233' title='bbox 198 1851 482 1907; x_wconf 70' lang='grc' dir='ltr'><strong>κλαίω-θαι</strong></span> <span class='ocrx_word' id='word_1_234' title='bbox 523 1854 623 1926; x_wconf 80' lang='grc' dir='ltr'><strong>τὴν</strong></span> <span class='ocrx_word' id='word_1_235' title='bbox 668 1852 877 1908; x_wconf 66' lang='grc' dir='ltr'><strong>ἑαυτῶν</strong></span> <span class='ocrx_word' id='word_1_236' title='bbox 908 1853 1183 1909; x_wconf 81' lang='grc' dir='ltr'><strong>ἀπώλειαν</strong></span> <span class='ocrx_word' id='word_1_237' title='bbox 1239 1852 1698 1925; x_wconf 75' lang='grc' dir='ltr'><strong>παρεκελεύσατο·</strong></span> <span class='ocrx_word' id='word_1_238' title='bbox 1739 1855 1790 1907; x_wconf 91' lang='grc' dir='ltr'><strong>οί</strong></span> 
     </span>
    </p>
   </div>
   <div class='ocr_carea' id='block_1_34' title="bbox 1894 1846 3475 1941">
    <p class='ocr_par' dir='ltr' id='par_1_34' title="bbox 1894 1849 3475 1941">
     <span class='ocr_line' id='line_1_34' title="bbox 1894 1849 3475 1941; baseline -0.008 -25"><span class='ocrx_word' id='word_1_239' title='bbox 1894 1862 2190 1934; x_wconf 81' lang='lat' dir='ltr'><strong>perniciem</strong></span> <span class='ocrx_word' id='word_1_240' title='bbox 2235 1860 2369 1915; x_wconf 79' lang='lat' dir='ltr'><strong>ﬂere</strong></span> <span class='ocrx_word' id='word_1_241' title='bbox 2397 1872 2552 1914; x_wconf 89' lang='lat' dir='ltr'><strong>suam</strong></span> <span class='ocrx_word' id='word_1_242' title='bbox 2568 1854 2766 1941; x_wconf 65' lang='lat' dir='ltr'><strong>jubet;</strong></span> <span class='ocrx_word' id='word_1_243' title='bbox 2806 1854 2884 1911; x_wconf 87' lang='lat' dir='ltr'><strong>illi</strong></span> <span class='ocrx_word' id='word_1_244' title='bbox 2918 1868 3049 1909; x_wconf 89' lang='lat' dir='ltr'><strong>vero</strong></span> <span class='ocrx_word' id='word_1_245' title='bbox 3079 1852 3134 1907; x_wconf 91' lang='lat' dir='ltr'><strong>in</strong></span> <span class='ocrx_word' id='word_1_246' title='bbox 3161 1849 3475 1920; x_wconf 73' lang='lat' dir='ltr'><strong>huiusmodi</strong></span> 
     </span>
    </p>
   </div>
   <div class='ocr_carea' id='block_1_35' title="bbox 194 1942 1791 2017">
    <p class='ocr_par' dir='ltr' id='par_1_35' title="bbox 194 1942 1791 2017">
     <span class='ocr_line' id='line_1_35' title="bbox 194 1942 1791 2017; baseline 0.002 -20"><span class='ocrx_word' id='word_1_247' title='bbox 194 1942 247 1997; x_wconf 75' lang='grc' dir='ltr'><strong>δι</strong></span> <span class='ocrx_word' id='word_1_248' title='bbox 275 1944 337 1999; x_wconf 68' lang='grc' dir='ltr'><strong>ὲν</strong></span> <span class='ocrx_word' id='word_1_249' title='bbox 358 1945 627 2009; x_wconf 79' lang='grc' dir='ltr'><strong>τοιούτοις</strong></span> <span class='ocrx_word' id='word_1_250' title='bbox 673 1947 863 2010; x_wconf 78' lang='grc' dir='ltr'><strong>κακοῖς</strong></span> <span class='ocrx_word' id='word_1_251' title='bbox 900 1944 1297 2017; x_wconf 72' lang='grc' dir='ltr'><strong>ἐξεταζόμενοι,</strong></span> <span class='ocrx_word' id='word_1_252' title='bbox 1321 1948 1397 2011; x_wconf 83' lang='grc' dir='ltr'><strong>ὡς</strong></span> <span class='ocrx_word' id='word_1_253' title='bbox 1432 1946 1498 2000; x_wconf 81' lang='grc' dir='ltr'><strong>ἂν</strong></span> <span class='ocrx_word' id='word_1_254' title='bbox 1543 1947 1791 2014; x_wconf 78' lang='grc' dir='ltr'><strong>ἀπεγνω-</strong></span> 
     </span>
    </p>
   </div>
   <div class='ocr_carea' id='block_1_36' title="bbox 195 2034 1791 2115">
    <p class='ocr_par' dir='ltr' id='par_1_36' title="bbox 195 2034 1791 2115">
     <span class='ocr_line' id='line_1_36' title="bbox 195 2034 1791 2115; baseline 0.004 -29"><span class='ocrx_word' id='word_1_255' title='bbox 195 2034 350 2098; x_wconf 76' lang='grc' dir='ltr'><strong>κότες</strong></span> <span class='ocrx_word' id='word_1_256' title='bbox 386 2035 599 2089; x_wconf 73' lang='grc' dir='ltr'><strong>ἑαυτῶν</strong></span> <span class='ocrx_word' id='word_1_257' title='bbox 622 2035 917 2107; x_wconf 73' lang='grc' dir='ltr'><strong>σωτηρίαν,</strong></span> <span class='ocrx_word' id='word_1_258' title='bbox 938 2038 1020 2100; x_wconf 86' lang='grc' dir='ltr'><strong>είς</strong></span> <span class='ocrx_word' id='word_1_259' title='bbox 1040 2036 1298 2091; x_wconf 80' lang='grc' dir='ltr'><strong>ἀπόνοιαν</strong></span> <span class='ocrx_word' id='word_1_260' title='bbox 1314 2036 1630 2103; x_wconf 69' lang='grc' dir='ltr'><strong>ἐξώκειλαν,</strong></span> <span class='ocrx_word' id='word_1_261' title='bbox 1649 2037 1791 2115; x_wconf 77' lang='grc' dir='ltr'><strong>μέθῃ</strong></span> 
     </span>
    </p>
   </div>
   <div class='ocr_carea' id='block_1_37' title="bbox 194 2126 1793 2202">
    <p class='ocr_par' dir='ltr' id='par_1_37' title="bbox 194 2126 1793 2202">
     <span class='ocr_line' id='line_1_37' title="bbox 194 2126 1793 2202; baseline 0.005 -25"><span class='ocrx_word' id='word_1_262' title='bbox 194 2126 292 2177; x_wconf 77' lang='grc' dir='ltr'><strong>καὶ</strong></span> <span class='ocrx_word' id='word_1_263' title='bbox 320 2128 507 2197; x_wconf 75' lang='grc' dir='ltr'><strong>τρυφῇ</strong></span> <span class='ocrx_word' id='word_1_264' title='bbox 543 2126 770 2191; x_wconf 79' lang='grc' dir='ltr'><strong>ἑαυτοὺς</strong></span> <span class='ocrx_word' id='word_1_265' title='bbox 796 2127 1063 2195; x_wconf 71' lang='grc' dir='ltr'><strong>ικϐόντις,</strong></span> <span class='ocrx_word' id='word_1_266' title='bbox 1102 2128 1179 2192; x_wconf 84' lang='grc' dir='ltr'><strong>ὡς</strong></span> <span class='ocrx_word' id='word_1_267' title='bbox 1198 2129 1260 2183; x_wconf 84' lang='grc' dir='ltr'><strong>οὐ</strong></span> <span class='ocrx_word' id='word_1_268' title='bbox 1282 2128 1672 2202; x_wconf 80' lang='grc' dir='ltr'><strong>διαδεξομένης</strong></span> <span class='ocrx_word' id='word_1_269' title='bbox 1692 2131 1793 2185; x_wconf 83' lang='grc' dir='ltr'><strong>αὑ-</strong></span> 
     </span>
    </p>
   </div>
   <div class='ocr_carea' id='block_1_38' title="bbox 192 2215 1795 2292">
    <p class='ocr_par' dir='ltr' id='par_1_38' title="bbox 192 2215 1795 2292">
     <span class='ocr_line' id='line_1_38' title="bbox 192 2215 1795 2292; baseline 0.004 -24"><span class='ocrx_word' id='word_1_270' title='bbox 192 2217 321 2278; x_wconf 77' lang='grc' dir='ltr'><strong>τοὺς</strong></span> <span class='ocrx_word' id='word_1_271' title='bbox 370 2215 513 2269; x_wconf 79' lang='grc' dir='ltr'><strong>Θεοῦ</strong></span> <span class='ocrx_word' id='word_1_272' title='bbox 560 2216 797 2288; x_wconf 82' lang='grc' dir='ltr'><strong>κρίσεως</strong></span> <span class='ocrx_word' id='word_1_273' title='bbox 830 2218 969 2290; x_wconf 78' lang='grc' dir='ltr'><strong>μετὰ</strong></span> <span class='ocrx_word' id='word_1_274' title='bbox 1017 2218 1119 2291; x_wconf 79' lang='grc' dir='ltr'><strong>τήν</strong></span> <span class='ocrx_word' id='word_1_275' title='bbox 1161 2218 1258 2274; x_wconf 90' lang='grc' dir='ltr'><strong>τοῦ</strong></span> <span class='ocrx_word' id='word_1_276' title='bbox 1289 2218 1485 2292; x_wconf 81' lang='grc' dir='ltr'><strong>θνητοῦ</strong></span> <span class='ocrx_word' id='word_1_277' title='bbox 1540 2219 1659 2291; x_wconf 84' lang='grc' dir='ltr'><strong>βίου</strong></span> <span class='ocrx_word' id='word_1_278' title='bbox 1709 2237 1795 2275; x_wconf 72' lang='grc' dir='ltr'><strong>το-</strong></span> 
     </span>
    </p>
   </div>
   <div class='ocr_carea' id='block_1_39' title="bbox 192 2306 415 2377">
    <p class='ocr_par' dir='ltr' id='par_1_39' title="bbox 192 2306 415 2377">
     <span class='ocr_line' id='line_1_39' title="bbox 192 2306 415 2377; baseline 0.013 -17"><span class='ocrx_word' id='word_1_279' title='bbox 192 2306 415 2377; x_wconf 82' lang='grc' dir='ltr'><strong>λιυτήν.</strong></span> 
     </span>
    </p>
   </div>
   <div class='ocr_carea' id='block_1_40' title="bbox 274 2396 1792 2469">
    <p class='ocr_par' dir='ltr' id='par_1_40' title="bbox 274 2396 1792 2469">
     <span class='ocr_line' id='line_1_40' title="bbox 274 2396 1792 2469; baseline 0.005 -21"><span class='ocrx_word' id='word_1_280' title='bbox 274 2414 293 2447; x_wconf 80' lang='lat' dir='ltr'><strong>t</strong></span> <span class='ocrx_word' id='word_1_281' title='bbox 328 2396 443 2450; x_wconf 77' lang='grc' dir='ltr'><strong>Καὶ</strong></span> <span class='ocrx_word' id='word_1_282' title='bbox 471 2396 972 2469; x_wconf 72' lang='grc' dir='ltr'><strong>ἀνακεκαλυμμένα</strong></span> <span class='ocrx_word' id='word_1_283' title='bbox 991 2398 1170 2453; x_wconf 81' lang='grc' dir='ltr'><strong>ταῦτά</strong></span> <span class='ocrx_word' id='word_1_284' title='bbox 1201 2402 1308 2454; x_wconf 86' lang='grc' dir='ltr'><strong>είσι</strong></span> <span class='ocrx_word' id='word_1_285' title='bbox 1340 2402 1399 2455; x_wconf 80' lang='grc' dir='ltr'><strong>ὲν</strong></span> <span class='ocrx_word' id='word_1_286' title='bbox 1417 2404 1531 2467; x_wconf 77' lang='grc' dir='ltr'><strong>τοῖς</strong></span> <span class='ocrx_word' id='word_1_287' title='bbox 1545 2402 1649 2457; x_wconf 75' lang='grc' dir='ltr'><strong>ὠσὶ</strong></span> <span class='ocrx_word' id='word_1_288' title='bbox 1675 2402 1792 2456; x_wconf 78' lang='grc' dir='ltr'><strong>Κυ-</strong></span> 
     </span>
    </p>
   </div>
   <div class='ocr_carea' id='block_1_41' title="bbox 197 2487 1793 2564">
    <p class='ocr_par' dir='ltr' id='par_1_41' title="bbox 197 2487 1793 2564">
     <span class='ocr_line' id='line_1_41' title="bbox 197 2487 1793 2564; baseline 0.004 -24"><span class='ocrx_word' id='word_1_289' title='bbox 197 2487 317 2558; x_wconf 83' lang='grc' dir='ltr'><strong>ρίου</strong></span> <span class='ocrx_word' id='word_1_290' title='bbox 340 2487 596 2542; x_wconf 79' lang='grc' dir='ltr'><strong>Σαϐαὼθ.</strong></span> <span class='ocrx_word' id='word_1_291' title='bbox 638 2507 658 2541; x_wconf 74' lang='grc' dir='ltr'><strong>ι</strong></span> <span class='ocrx_word' id='word_1_292' title='bbox 696 2490 789 2543; x_wconf 83' lang='grc' dir='ltr'><strong>Διὸ</strong></span> <span class='ocrx_word' id='word_1_293' title='bbox 818 2490 1008 2564; x_wconf 79' lang='grc' dir='ltr'><strong>ὥσπερ</strong></span> <span class='ocrx_word' id='word_1_294' title='bbox 1037 2492 1225 2563; x_wconf 78' lang='grc' dir='ltr'><strong>δεσμῷ</strong></span> <span class='ocrx_word' id='word_1_295' title='bbox 1251 2492 1388 2547; x_wconf 88' lang='grc' dir='ltr'><strong>Θεοῦ</strong></span> <span class='ocrx_word' id='word_1_296' title='bbox 1419 2492 1793 2549; x_wconf 77' lang='grc' dir='ltr'><strong>καταθεθείσιν</strong></span> 
     </span>
    </p>
   </div>
   <div class='ocr_carea' id='block_1_42' title="bbox 192 2576 1789 2653">
    <p class='ocr_par' dir='ltr' id='par_1_42' title="bbox 192 2576 1789 2653">
     <span class='ocr_line' id='line_1_42' title="bbox 192 2576 1789 2653; baseline 0.006 -24"><span class='ocrx_word' id='word_1_297' title='bbox 192 2576 385 2641; x_wconf 71' lang='grc' dir='ltr'><strong>αὐτοῖς</strong></span> <span class='ocrx_word' id='word_1_298' title='bbox 412 2580 480 2649; x_wconf 75' lang='grc' dir='ltr'><strong>τῇ</strong></span> <span class='ocrx_word' id='word_1_299' title='bbox 516 2578 759 2650; x_wconf 76' lang='grc' dir='ltr'><strong>ἁμαρτίᾳ</strong></span> <span class='ocrx_word' id='word_1_300' title='bbox 778 2579 1052 2650; x_wconf 80' lang='grc' dir='ltr'><strong>ἀπόφασις</strong></span> <span class='ocrx_word' id='word_1_301' title='bbox 1072 2580 1418 2653; x_wconf 72' lang='grc' dir='ltr'><strong>εξενήνεκται</strong></span> <span class='ocrx_word' id='word_1_302' title='bbox 1447 2585 1569 2636; x_wconf 82' lang='grc' dir='ltr'><strong>κατ’</strong></span> <span class='ocrx_word' id='word_1_303' title='bbox 1588 2583 1789 2650; x_wconf 77' lang='grc' dir='ltr'><strong>αὐτῶν,</strong></span> 
     </span>
    </p>
   </div>
   <div class='ocr_carea' id='block_1_43' title="bbox 194 2668 1791 2748">
    <p class='ocr_par' dir='ltr' id='par_1_43' title="bbox 194 2668 1791 2748">
     <span class='ocr_line' id='line_1_43' title="bbox 194 2668 1791 2748; baseline 0.006 -28"><span class='ocrx_word' id='word_1_304' title='bbox 194 2668 441 2737; x_wconf 71' lang='grc' dir='ltr'><strong>φήσασαο</strong></span> <span class='ocrx_word' id='word_1_305' title='bbox 481 2685 503 2718; x_wconf 80' lang='lat' dir='ltr'><strong>t</strong></span> <span class='ocrx_word' id='word_1_306' title='bbox 526 2668 638 2722; x_wconf 78' lang='grc' dir='ltr'><strong>οὐκ</strong></span> <span class='ocrx_word' id='word_1_307' title='bbox 670 2669 1003 2742; x_wconf 81' lang='grc' dir='ltr'><strong>ἀφεθήσεται</strong></span> <span class='ocrx_word' id='word_1_308' title='bbox 1028 2674 1062 2745; x_wconf 82' lang='grc' dir='ltr'><strong>ή</strong></span> <span class='ocrx_word' id='word_1_309' title='bbox 1088 2674 1314 2746; x_wconf 85' lang='grc' dir='ltr'><strong>τοιαύτη</strong></span> <span class='ocrx_word' id='word_1_310' title='bbox 1349 2674 1591 2747; x_wconf 81' lang='grc' dir='ltr'><strong>ἁμαρτία</strong></span> <span class='ocrx_word' id='word_1_311' title='bbox 1616 2676 1791 2748; x_wconf 80' lang='grc' dir='ltr'><strong>ὑμῶν,</strong></span> 
     </span>
    </p>
   </div>
   <div class='ocr_carea' id='block_1_44' title="bbox 195 2757 1574 2832">
    <p class='ocr_par' dir='ltr' id='par_1_44' title="bbox 195 2757 1574 2832">
     <span class='ocr_line' id='line_1_44' title="bbox 195 2757 1574 2832; baseline -0.008 -11"><span class='ocrx_word' id='word_1_312' title='bbox 195 2757 305 2821; x_wconf 69' lang='lat' dir='ltr'><strong>hac</strong></span> <span class='ocrx_word' id='word_1_313' title='bbox 334 2758 670 2832; x_wconf 77' lang='grc' dir='ltr'><strong>ἀποθάνητε.</strong></span> <span class='ocrx_word' id='word_1_314' title='bbox 718 2780 740 2814; x_wconf 76' lang='lat'><strong>.</strong></span> <span class='ocrx_word' id='word_1_315' title='bbox 1567 2804 1574 2810; x_wconf 92' lang='lat'><strong>.</strong></span> 
     </span>
    </p>
   </div>
   <div class='ocr_carea' id='block_1_45' title="bbox 273 2848 1792 2929">
    <p class='ocr_par' dir='ltr' id='par_1_45' title="bbox 273 2848 1792 2929">
     <span class='ocr_line' id='line_1_45' title="bbox 273 2848 1792 2929; baseline 0.009 -29"><span class='ocrx_word' id='word_1_316' title='bbox 273 2868 294 2901; x_wconf 77' lang='grc' dir='ltr'><strong>ι</strong></span> <span class='ocrx_word' id='word_1_317' title='bbox 329 2848 475 2902; x_wconf 71' lang='grc' dir='ltr'><strong>Τάδε</strong></span> <span class='ocrx_word' id='word_1_318' title='bbox 508 2849 654 2920; x_wconf 68' lang='grc' dir='ltr'><strong>λέγει</strong></span> <span class='ocrx_word' id='word_1_319' title='bbox 681 2852 887 2926; x_wconf 83' lang='grc' dir='ltr'><strong>Κύριος</strong></span> <span class='ocrx_word' id='word_1_320' title='bbox 923 2853 1176 2909; x_wconf 68' lang='grc' dir='ltr'><strong>Σαϐαὼθ⁸</strong></span> <span class='ocrx_word' id='word_1_321' title='bbox 1210 2856 1454 2929; x_wconf 76' lang='grc' dir='ltr'><strong>Πορεύου</strong></span> <span class='ocrx_word' id='word_1_322' title='bbox 1477 2859 1558 2922; x_wconf 88' lang='grc' dir='ltr'><strong>είς</strong></span> <span class='ocrx_word' id='word_1_323' title='bbox 1591 2875 1792 2915; x_wconf 78' lang='grc' dir='ltr'><strong>παστο-</strong></span> 
     </span>
    </p>
   </div>
   <div class='ocr_carea' id='block_1_46' title="bbox 197 2942 1795 3023">
    <p class='ocr_par' dir='ltr' id='par_1_46' title="bbox 197 2942 1795 3023">
     <span class='ocr_line' id='line_1_46' title="bbox 197 2942 1795 3023; baseline 0.006 -27"><span class='ocrx_word' id='word_1_324' title='bbox 197 2942 392 3015; x_wconf 60' lang='grc' dir='ltr'><strong>ῳόριον</strong></span> <span class='ocrx_word' id='word_1_325' title='bbox 424 2944 562 3015; x_wconf 74' lang='grc' dir='ltr'><strong>πρὸς</strong></span> <span class='ocrx_word' id='word_1_326' title='bbox 594 2946 806 3016; x_wconf 80' lang='grc' dir='ltr'><strong>Σομνὰν</strong></span> <span class='ocrx_word' id='word_1_327' title='bbox 839 2947 929 3000; x_wconf 76' lang='grc' dir='ltr'><strong>τὸν</strong></span> <span class='ocrx_word' id='word_1_328' title='bbox 951 2948 1176 3019; x_wconf 79' lang='grc' dir='ltr'><strong>ταμίαν,</strong></span> <span class='ocrx_word' id='word_1_329' title='bbox 1211 2950 1309 3003; x_wconf 72' lang='grc' dir='ltr'><strong>καὶ</strong></span> <span class='ocrx_word' id='word_1_330' title='bbox 1333 2946 1486 3004; x_wconf 80' lang='grc' dir='ltr'><strong>εἶπον</strong></span> <span class='ocrx_word' id='word_1_331' title='bbox 1510 2950 1679 3023; x_wconf 82' lang='grc' dir='ltr'><strong>αὐτῷ’</strong></span> <span class='ocrx_word' id='word_1_332' title='bbox 1729 2952 1795 3005; x_wconf 89' lang='grc' dir='ltr'><strong>Τί</strong></span> 
     </span>
    </p>
   </div>
   <div class='ocr_carea' id='block_1_47' title="bbox 200 3028 1795 3115">
    <p class='ocr_par' dir='ltr' id='par_1_47' title="bbox 200 3028 1795 3115">
     <span class='ocr_line' id='line_1_47' title="bbox 200 3028 1795 3115; baseline 0.004 -26"><span class='ocrx_word' id='word_1_333' title='bbox 200 3050 285 3089; x_wconf 77' lang='grc' dir='ltr'><strong>σοι</strong></span> <span class='ocrx_word' id='word_1_334' title='bbox 317 3028 459 3100; x_wconf 77' lang='grc' dir='ltr'><strong>ὧδε;</strong></span> <span class='ocrx_word' id='word_1_335' title='bbox 484 3036 592 3089; x_wconf 78' lang='grc' dir='ltr'><strong>Καὶ</strong></span> <span class='ocrx_word' id='word_1_336' title='bbox 605 3036 659 3089; x_wconf 91' lang='grc' dir='ltr'><strong>τί</strong></span> <span class='ocrx_word' id='word_1_337' title='bbox 682 3040 766 3091; x_wconf 85' lang='grc' dir='ltr'><strong>σοι</strong></span> <span class='ocrx_word' id='word_1_338' title='bbox 786 3038 936 3091; x_wconf 68' lang='grc' dir='ltr'><strong>ἐστιν</strong></span> <span class='ocrx_word' id='word_1_339' title='bbox 964 3031 1089 3103; x_wconf 81' lang='grc' dir='ltr'><strong>ὧδε,</strong></span> <span class='ocrx_word' id='word_1_340' title='bbox 1108 3040 1192 3093; x_wconf 80' lang='grc' dir='ltr'><strong>ὅτι</strong></span> <span class='ocrx_word' id='word_1_341' title='bbox 1216 3040 1561 3113; x_wconf 63' lang='grc' dir='ltr'><strong>ἐλατόμησας</strong></span> <span class='ocrx_word' id='word_1_342' title='bbox 1584 3042 1795 3115; x_wconf 82' lang='grc' dir='ltr'><strong>σεαυτῷ</strong></span> 
     </span>
    </p>
   </div>
   <div class='ocr_carea' id='block_1_48' title="bbox 201 3120 1794 3205">
    <p class='ocr_par' dir='ltr' id='par_1_48' title="bbox 201 3120 1794 3205">
     <span class='ocr_line' id='line_1_48' title="bbox 201 3120 1794 3205; baseline 0.002 -23"><span class='ocrx_word' id='word_1_343' title='bbox 201 3120 305 3182; x_wconf 75' lang='grc' dir='ltr'><strong>ὧδε</strong></span> <span class='ocrx_word' id='word_1_344' title='bbox 341 3130 643 3199; x_wconf 70' lang='grc' dir='ltr'><strong>μνημεῖονε</strong></span> <span class='ocrx_word' id='word_1_345' title='bbox 695 3130 791 3183; x_wconf 77' lang='grc' dir='ltr'><strong>καὶ</strong></span> <span class='ocrx_word' id='word_1_346' title='bbox 813 3130 1075 3202; x_wconf 68' lang='grc' dir='ltr'><strong>ἐποίησας</strong></span> <span class='ocrx_word' id='word_1_347' title='bbox 1108 3131 1323 3203; x_wconf 83' lang='grc' dir='ltr'><strong>σεαυτῷ</strong></span> <span class='ocrx_word' id='word_1_348' title='bbox 1348 3134 1408 3186; x_wconf 73' lang='grc' dir='ltr'><strong>εν</strong></span> <span class='ocrx_word' id='word_1_349' title='bbox 1432 3132 1622 3205; x_wconf 80' lang='grc' dir='ltr'><strong>ὑψηλῷ</strong></span> <span class='ocrx_word' id='word_1_350' title='bbox 1657 3150 1794 3205; x_wconf 85' lang='grc' dir='ltr'><strong>μνη-</strong></span> 
     </span>
    </p>
   </div>
   <div class='ocr_carea' id='block_1_49' title="bbox 206 3219 1792 3297">
    <p class='ocr_par' dir='ltr' id='par_1_49' title="bbox 206 3219 1792 3297">
     <span class='ocr_line' id='line_1_49' title="bbox 206 3219 1792 3297; baseline 0.006 -25"><span class='ocrx_word' id='word_1_351' title='bbox 206 3220 380 3289; x_wconf 74' lang='grc' dir='ltr'><strong>μεῖον,</strong></span> <span class='ocrx_word' id='word_1_352' title='bbox 408 3220 507 3274; x_wconf 75' lang='grc' dir='ltr'><strong>καὶ</strong></span> <span class='ocrx_word' id='word_1_353' title='bbox 539 3219 785 3292; x_wconf 64' lang='grc' dir='ltr'><strong>ἔγραψας</strong></span> <span class='ocrx_word' id='word_1_354' title='bbox 822 3222 1037 3294; x_wconf 83' lang='grc' dir='ltr'><strong>σεαυτῷ</strong></span> <span class='ocrx_word' id='word_1_355' title='bbox 1066 3224 1126 3277; x_wconf 76' lang='grc' dir='ltr'><strong>εν</strong></span> <span class='ocrx_word' id='word_1_356' title='bbox 1164 3224 1344 3295; x_wconf 78' lang='grc' dir='ltr'><strong>πέτρᾳ</strong></span> <span class='ocrx_word' id='word_1_357' title='bbox 1377 3228 1618 3297; x_wconf 86' lang='grc' dir='ltr'><strong>σκηνήν;</strong></span> <span class='ocrx_word' id='word_1_358' title='bbox 1661 3226 1792 3282; x_wconf 76' lang='grc' dir='ltr'><strong>Ἰδοὺ</strong></span> 
     </span>
    </p>
   </div>
   <div class='ocr_carea' id='block_1_50' title="bbox 202 3308 1794 3390">
    <p class='ocr_par' dir='ltr' id='par_1_50' title="bbox 202 3308 1794 3390">
     <span class='ocr_line' id='line_1_50' title="bbox 202 3308 1794 3390; baseline 0.007 -27"><span class='ocrx_word' id='word_1_359' title='bbox 202 3308 268 3381; x_wconf 62' lang='grc' dir='ltr'><strong>δή</strong></span> <span class='ocrx_word' id='word_1_360' title='bbox 294 3310 506 3381; x_wconf 78' lang='grc' dir='ltr'><strong>Κύριος</strong></span> <span class='ocrx_word' id='word_1_361' title='bbox 538 3310 768 3366; x_wconf 84' lang='grc' dir='ltr'><strong>Σαϐαὼθ</strong></span> <span class='ocrx_word' id='word_1_362' title='bbox 817 3313 1041 3373; x_wconf 71' lang='grc' dir='ltr'><strong>ἑκϐαλεῖ</strong></span> <span class='ocrx_word' id='word_1_363' title='bbox 1071 3316 1165 3371; x_wconf 77' lang='grc' dir='ltr'><strong>καὶ</strong></span> <span class='ocrx_word' id='word_1_364' title='bbox 1195 3317 1443 3388; x_wconf 75' lang='grc' dir='ltr'><strong>ὲκτρίψει</strong></span> <span class='ocrx_word' id='word_1_365' title='bbox 1473 3318 1663 3390; x_wconf 73' lang='grc' dir='ltr'><strong>ἄνδρα,</strong></span> <span class='ocrx_word' id='word_1_366' title='bbox 1697 3319 1794 3374; x_wconf 74' lang='grc' dir='ltr'><strong>καὶ</strong></span> 
     </span>
    </p>
   </div>
   <div class='ocr_carea' id='block_1_51' title="bbox 205 3400 1792 3478">
    <p class='ocr_par' dir='ltr' id='par_1_51' title="bbox 205 3400 1792 3478">
     <span class='ocr_line' id='line_1_51' title="bbox 205 3400 1792 3478; baseline 0.008 -25"><span class='ocrx_word' id='word_1_367' title='bbox 205 3400 394 3469; x_wconf 65' lang='grc' dir='ltr'><strong>ἀφελεῖ</strong></span> <span class='ocrx_word' id='word_1_368' title='bbox 424 3401 525 3473; x_wconf 80' lang='grc' dir='ltr'><strong>τὴν</strong></span> <span class='ocrx_word' id='word_1_369' title='bbox 553 3404 744 3475; x_wconf 84' lang='grc' dir='ltr'><strong>στολήν</strong></span> <span class='ocrx_word' id='word_1_370' title='bbox 765 3422 883 3470; x_wconf 85' lang='grc' dir='ltr'><strong>σου,</strong></span> <span class='ocrx_word' id='word_1_371' title='bbox 912 3407 1008 3461; x_wconf 72' lang='grc' dir='ltr'><strong>καὶ</strong></span> <span class='ocrx_word' id='word_1_372' title='bbox 1034 3407 1129 3463; x_wconf 79' lang='grc' dir='ltr'><strong>τὸν</strong></span> <span class='ocrx_word' id='word_1_373' title='bbox 1166 3410 1430 3478; x_wconf 79' lang='grc' dir='ltr'><strong>στέφανόν</strong></span> <span class='ocrx_word' id='word_1_374' title='bbox 1463 3427 1559 3464; x_wconf 90' lang='grc' dir='ltr'><strong>σου</strong></span> <span class='ocrx_word' id='word_1_375' title='bbox 1590 3411 1681 3465; x_wconf 83' lang='grc' dir='ltr'><strong>τὸν</strong></span> <span class='ocrx_word' id='word_1_376' title='bbox 1706 3412 1792 3467; x_wconf 71' lang='grc' dir='ltr'><strong>ἔν-</strong></span> 
     </span>
    </p>
   </div>
   <div class='ocr_carea' id='block_1_52' title="bbox 203 3490 1796 3577">
    <p class='ocr_par' dir='ltr' id='par_1_52' title="bbox 203 3490 1796 3577">
     <span class='ocr_line' id='line_1_52' title="bbox 203 3490 1796 3577; baseline 0.009 -32"><span class='ocrx_word' id='word_1_377' title='bbox 203 3490 373 3560; x_wconf 66' lang='grc' dir='ltr'><strong>δοξον,</strong></span> <span class='ocrx_word' id='word_1_378' title='bbox 407 3495 505 3548; x_wconf 80' lang='grc' dir='ltr'><strong>καὶ</strong></span> <span class='ocrx_word' id='word_1_379' title='bbox 535 3495 680 3566; x_wconf 78' lang='grc' dir='ltr'><strong>ῥίψει</strong></span> <span class='ocrx_word' id='word_1_380' title='bbox 733 3514 794 3550; x_wconf 83' lang='grc' dir='ltr'><strong>σε</strong></span> <span class='ocrx_word' id='word_1_381' title='bbox 811 3500 893 3562; x_wconf 84' lang='grc' dir='ltr'><strong>είς</strong></span> <span class='ocrx_word' id='word_1_382' title='bbox 923 3496 1109 3572; x_wconf 78' lang='grc' dir='ltr'><strong>χώραν</strong></span> <span class='ocrx_word' id='word_1_383' title='bbox 1153 3500 1395 3573; x_wconf 82' lang='grc' dir='ltr'><strong>μεγάλην</strong></span> <span class='ocrx_word' id='word_1_384' title='bbox 1424 3503 1517 3557; x_wconf 77' lang='grc' dir='ltr'><strong>καὶ</strong></span> <span class='ocrx_word' id='word_1_385' title='bbox 1549 3504 1796 3577; x_wconf 82' lang='grc' dir='ltr'><strong>ἀμέτρη-</strong></span> 
     </span>
    </p>
   </div>
   <div class='ocr_carea' id='block_1_53' title="bbox 204 3588 1795 3666">
    <p class='ocr_par' dir='ltr' id='par_1_53' title="bbox 204 3588 1795 3666">
     <span class='ocr_line' id='line_1_53' title="bbox 204 3588 1795 3666; baseline 0.006 -27"><span class='ocrx_word' id='word_1_386' title='bbox 204 3600 316 3650; x_wconf 80' lang='grc' dir='ltr'><strong>τον,</strong></span> <span class='ocrx_word' id='word_1_387' title='bbox 366 3588 463 3641; x_wconf 78' lang='grc' dir='ltr'><strong>καὶ</strong></span> <span class='ocrx_word' id='word_1_388' title='bbox 508 3590 625 3641; x_wconf 73' lang='grc' dir='ltr'><strong>ἐκεῖ</strong></span> <span class='ocrx_word' id='word_1_389' title='bbox 682 3588 949 3663; x_wconf 78' lang='grc' dir='ltr'><strong>ἀποθανῇ·</strong></span> <span class='ocrx_word' id='word_1_390' title='bbox 986 3592 1081 3645; x_wconf 65' lang='grc' dir='ltr'><strong>καὶ⁴</strong></span> <span class='ocrx_word' id='word_1_391' title='bbox 1133 3591 1289 3664; x_wconf 80' lang='grc' dir='ltr'><strong>θήσει</strong></span> <span class='ocrx_word' id='word_1_392' title='bbox 1318 3593 1380 3647; x_wconf 85' lang='grc' dir='ltr'><strong>τὸ</strong></span> <span class='ocrx_word' id='word_1_393' title='bbox 1411 3594 1567 3666; x_wconf 76' lang='grc' dir='ltr'><strong>ἅρμα</strong></span> <span class='ocrx_word' id='word_1_394' title='bbox 1599 3611 1693 3649; x_wconf 86' lang='grc' dir='ltr'><strong>σου</strong></span> <span class='ocrx_word' id='word_1_395' title='bbox 1731 3595 1795 3649; x_wconf 75' lang='grc' dir='ltr'><strong>τὸ</strong></span> 
     </span>
    </p>
   </div>
   <div class='ocr_carea' id='block_1_54' title="bbox 207 3677 1791 3758">
    <p class='ocr_par' dir='ltr' id='par_1_54' title="bbox 207 3677 1791 3758">
     <span class='ocr_line' id='line_1_54' title="bbox 207 3677 1791 3758; baseline 0.006 -28"><span class='ocrx_word' id='word_1_396' title='bbox 207 3677 372 3731; x_wconf 66' lang='grc' dir='ltr'><strong>καλὸν</strong></span> <span class='ocrx_word' id='word_1_397' title='bbox 401 3680 485 3743; x_wconf 87' lang='grc' dir='ltr'><strong>είς</strong></span> <span class='ocrx_word' id='word_1_398' title='bbox 514 3679 761 3751; x_wconf 76' lang='grc' dir='ltr'><strong>ἀτιμίαν,</strong></span> <span class='ocrx_word' id='word_1_399' title='bbox 809 3684 906 3737; x_wconf 73' lang='grc' dir='ltr'><strong>καὶ</strong></span> <span class='ocrx_word' id='word_1_400' title='bbox 937 3684 1029 3738; x_wconf 74' lang='grc' dir='ltr'><strong>τὸν</strong></span> <span class='ocrx_word' id='word_1_401' title='bbox 1064 3678 1216 3738; x_wconf 77' lang='grc' dir='ltr'><strong>οἷκον</strong></span> <span class='ocrx_word' id='word_1_402' title='bbox 1258 3682 1354 3738; x_wconf 87' lang='grc' dir='ltr'><strong>τοῦ</strong></span> <span class='ocrx_word' id='word_1_403' title='bbox 1410 3685 1669 3758; x_wconf 76' lang='grc' dir='ltr'><strong>ἄρχοντός</strong></span> <span class='ocrx_word' id='word_1_404' title='bbox 1696 3704 1791 3740; x_wconf 89' lang='grc' dir='ltr'><strong>σου</strong></span> 
     </span>
    </p>
   </div>
   <div class='ocr_carea' id='block_1_55' title="bbox 206 3770 1793 3850">
    <p class='ocr_par' dir='ltr' id='par_1_55' title="bbox 206 3770 1793 3850">
     <span class='ocr_line' id='line_1_55' title="bbox 206 3770 1793 3850; baseline 0.004 -26"><span class='ocrx_word' id='word_1_405' title='bbox 206 3770 287 3833; x_wconf 68' lang='grc' dir='ltr'><strong>αις</strong></span> <span class='ocrx_word' id='word_1_406' title='bbox 316 3770 710 3842; x_wconf 72' lang='grc' dir='ltr'><strong>καταπάτημαο</strong></span> <span class='ocrx_word' id='word_1_407' title='bbox 747 3774 841 3828; x_wconf 82' lang='grc' dir='ltr'><strong>καὶ</strong></span> <span class='ocrx_word' id='word_1_408' title='bbox 870 3775 1218 3849; x_wconf 76' lang='grc' dir='ltr'><strong>ἀφαιρεθήσῃ</strong></span> <span class='ocrx_word' id='word_1_409' title='bbox 1251 3780 1315 3831; x_wconf 68' lang='grc' dir='ltr'><strong>εκ</strong></span> <span class='ocrx_word' id='word_1_410' title='bbox 1346 3779 1445 3849; x_wconf 82' lang='grc' dir='ltr'><strong>τῆς</strong></span> <span class='ocrx_word' id='word_1_411' title='bbox 1478 3778 1793 3850; x_wconf 74' lang='grc' dir='ltr'><strong>οἰκονομίας</strong></span> 
     </span>
    </p>
   </div>
   <div class='ocr_carea' id='block_1_56' title="bbox 207 3862 1793 3939">
    <p class='ocr_par' dir='ltr' id='par_1_56' title="bbox 207 3862 1793 3939">
     <span class='ocr_line' id='line_1_56' title="bbox 207 3862 1793 3939; baseline 0.004 -19"><span class='ocrx_word' id='word_1_412' title='bbox 207 3876 301 3920; x_wconf 73' lang='grc' dir='ltr'><strong>σου</strong></span> <span class='ocrx_word' id='word_1_413' title='bbox 333 3862 429 3916; x_wconf 79' lang='grc' dir='ltr'><strong>καὶ</strong></span> <span class='ocrx_word' id='word_1_414' title='bbox 482 3864 546 3917; x_wconf 78' lang='grc' dir='ltr'><strong>εκ</strong></span> <span class='ocrx_word' id='word_1_415' title='bbox 590 3864 691 3937; x_wconf 84' lang='grc' dir='ltr'><strong>τῆς</strong></span> <span class='ocrx_word' id='word_1_416' title='bbox 740 3865 982 3931; x_wconf 78' lang='grc' dir='ltr'><strong>στάσεώς</strong></span> <span class='ocrx_word' id='word_1_417' title='bbox 1028 3883 1145 3922; x_wconf 87' lang='grc' dir='ltr'><strong>σου.</strong></span> <span class='ocrx_word' id='word_1_418' title='bbox 1209 3887 1230 3921; x_wconf 79' lang='lat' dir='ltr'><strong>t</strong></span> <span class='ocrx_word' id='word_1_419' title='bbox 1284 3870 1481 3939; x_wconf 82' lang='grc' dir='ltr'><strong>Ἔλεγε</strong></span> <span class='ocrx_word' id='word_1_420' title='bbox 1534 3870 1714 3925; x_wconf 86' lang='grc' dir='ltr'><strong>τοίνυν</strong></span> <span class='ocrx_word' id='word_1_421' title='bbox 1762 3874 1793 3927; x_wconf 88' lang='grc' dir='ltr'><strong>ό</strong></span> 
     </span>
    </p>
   </div>
   <div class='ocr_carea' id='block_1_57' title="bbox 215 3953 1793 4036">
    <p class='ocr_par' dir='ltr' id='par_1_57' title="bbox 215 3953 1793 4036">
     <span class='ocr_line' id='line_1_57' title="bbox 215 3953 1793 4036; baseline 0.006 -28"><span class='ocrx_word' id='word_1_422' title='bbox 215 3953 469 4029; x_wconf 70' lang='grc' dir='ltr'><strong>Ἐϐραῖος</strong></span> <span class='ocrx_word' id='word_1_423' title='bbox 487 3957 749 4030; x_wconf 77' lang='grc' dir='ltr'><strong>ἀρχιερέα</strong></span> <span class='ocrx_word' id='word_1_424' title='bbox 771 3958 1095 4032; x_wconf 84' lang='grc' dir='ltr'><strong>γεγενῆσθαι</strong></span> <span class='ocrx_word' id='word_1_425' title='bbox 1131 3960 1226 4016; x_wconf 78' lang='grc' dir='ltr'><strong>τὸν</strong></span> <span class='ocrx_word' id='word_1_426' title='bbox 1264 3961 1478 4034; x_wconf 69' lang='grc' dir='ltr'><strong>Σομνὰν</strong></span> <span class='ocrx_word' id='word_1_427' title='bbox 1505 3967 1793 4036; x_wconf 83' lang='grc' dir='ltr'><strong>τρυφητήν</strong></span> 
     </span>
    </p>
   </div>
   <div class='ocr_carea' id='block_1_58' title="bbox 202 4047 1792 4126">
    <p class='ocr_par' dir='ltr' id='par_1_58' title="bbox 202 4047 1792 4126">
     <span class='ocr_line' id='line_1_58' title="bbox 202 4047 1792 4126; baseline 0.006 -27"><span class='ocrx_word' id='word_1_428' title='bbox 202 4062 347 4111; x_wconf 83' lang='grc' dir='ltr'><strong>τινα,</strong></span> <span class='ocrx_word' id='word_1_429' title='bbox 371 4048 468 4102; x_wconf 72' lang='grc' dir='ltr'><strong>καὶ</strong></span> <span class='ocrx_word' id='word_1_430' title='bbox 494 4048 588 4101; x_wconf 79' lang='grc' dir='ltr'><strong>τὸν</strong></span> <span class='ocrx_word' id='word_1_431' title='bbox 626 4047 739 4118; x_wconf 87' lang='grc' dir='ltr'><strong>βίον</strong></span> <span class='ocrx_word' id='word_1_432' title='bbox 769 4048 1005 4121; x_wconf 69' lang='grc' dir='ltr'><strong>ἄσεμνον</strong></span> <span class='ocrx_word' id='word_1_433' title='bbox 1035 4051 1225 4123; x_wconf 76' lang='grc' dir='ltr'><strong>ἄνδραο</strong></span> <span class='ocrx_word' id='word_1_434' title='bbox 1260 4052 1338 4117; x_wconf 84' lang='grc' dir='ltr'><strong>ὼς</strong></span> <span class='ocrx_word' id='word_1_435' title='bbox 1368 4055 1461 4107; x_wconf 76' lang='grc' dir='ltr'><strong>καὶ</strong></span> <span class='ocrx_word' id='word_1_436' title='bbox 1502 4053 1792 4126; x_wconf 80' lang='grc' dir='ltr'><strong>προδοῦναι</strong></span> 
     </span>
    </p>
   </div>
   <div class='ocr_carea' id='block_1_59' title="bbox 201 4136 1793 4218">
    <p class='ocr_par' dir='ltr' id='par_1_59' title="bbox 201 4136 1793 4218">
     <span class='ocr_line' id='line_1_59' title="bbox 201 4136 1793 4218; baseline 0.005 -26"><span class='ocrx_word' id='word_1_437' title='bbox 201 4136 297 4193; x_wconf 66' lang='grc' dir='ltr'><strong>τὸν</strong></span> <span class='ocrx_word' id='word_1_438' title='bbox 313 4137 445 4192; x_wconf 71' lang='grc' dir='ltr'><strong>λαὸν</strong></span> <span class='ocrx_word' id='word_1_439' title='bbox 460 4137 573 4210; x_wconf 70' lang='lat'><strong>(28)</strong></span> <span class='ocrx_word' id='word_1_440' title='bbox 588 4140 683 4193; x_wconf 75' lang='grc' dir='ltr'><strong>καὶ</strong></span> <span class='ocrx_word' id='word_1_441' title='bbox 698 4140 1065 4214; x_wconf 82' lang='grc' dir='ltr'><strong>αὐτομολῆσαι</strong></span> <span class='ocrx_word' id='word_1_442' title='bbox 1078 4144 1217 4216; x_wconf 79' lang='grc' dir='ltr'><strong>πρὸς</strong></span> <span class='ocrx_word' id='word_1_443' title='bbox 1231 4144 1436 4218; x_wconf 86' lang='grc' dir='ltr'><strong>Σεναχη</strong></span> <span class='ocrx_word' id='word_1_444' title='bbox 1444 4147 1670 4218; x_wconf 80' lang='grc' dir='ltr'><strong>ρεὶμτὸν</strong></span> <span class='ocrx_word' id='word_1_445' title='bbox 1684 4146 1793 4201; x_wconf 82' lang='grc' dir='ltr'><strong>τῶν</strong></span> 
     </span>
    </p>
   </div>
   <div class='ocr_carea' id='block_1_60' title="bbox 215 4227 1793 4307">
    <p class='ocr_par' dir='ltr' id='par_1_60' title="bbox 215 4227 1793 4307">
     <span class='ocr_line' id='line_1_60' title="bbox 215 4227 1793 4307; baseline 0.006 -24"><span class='ocrx_word' id='word_1_446' title='bbox 215 4227 521 4285; x_wconf 71' lang='grc' dir='ltr'><strong>’Λσσηοίων</strong></span> <span class='ocrx_word' id='word_1_447' title='bbox 567 4228 810 4297; x_wconf 72' lang='grc' dir='ltr'><strong>βασιλέα,</strong></span> <span class='ocrx_word' id='word_1_448' title='bbox 862 4233 1002 4305; x_wconf 79' lang='grc' dir='ltr'><strong>πρὸς</strong></span> <span class='ocrx_word' id='word_1_449' title='bbox 1048 4233 1109 4289; x_wconf 77' lang='grc' dir='ltr'><strong>ὃν</strong></span> <span class='ocrx_word' id='word_1_450' title='bbox 1158 4235 1438 4290; x_wconf 62' lang='grc' dir='ltr'><strong>ἐκελεύετο</strong></span> <span class='ocrx_word' id='word_1_451' title='bbox 1490 4237 1726 4307; x_wconf 78' lang='grc' dir='ltr'><strong>βαδίζειν</strong></span> <span class='ocrx_word' id='word_1_452' title='bbox 1763 4240 1793 4293; x_wconf 85' lang='grc' dir='ltr'><strong>ὁ</strong></span> 
     </span>
    </p>
   </div>
   <div class='ocr_carea' id='block_1_61' title="bbox 204 4320 1789 4403">
    <p class='ocr_par' dir='ltr' id='par_1_61' title="bbox 204 4320 1789 4403">
     <span class='ocr_line' id='line_1_61' title="bbox 204 4320 1789 4403; baseline 0.007 -30"><span class='ocrx_word' id='word_1_453' title='bbox 204 4320 497 4395; x_wconf 69' lang='grc' dir='ltr'><strong>προφήτης</strong></span> <span class='ocrx_word' id='word_1_454' title='bbox 527 4324 609 4386; x_wconf 85' lang='grc' dir='ltr'><strong>είς</strong></span> <span class='ocrx_word' id='word_1_455' title='bbox 643 4322 707 4377; x_wconf 75' lang='grc' dir='ltr'><strong>τὸ</strong></span> <span class='ocrx_word' id='word_1_456' title='bbox 726 4326 1162 4399; x_wconf 68' lang='grc' dir='ltr'><strong>παστοφόριονά</strong></span> <span class='ocrx_word' id='word_1_457' title='bbox 1187 4328 1329 4383; x_wconf 81' lang='grc' dir='ltr'><strong>κατὰ</strong></span> <span class='ocrx_word' id='word_1_458' title='bbox 1352 4330 1444 4383; x_wconf 80' lang='grc' dir='ltr'><strong>τὸν</strong></span> <span class='ocrx_word' id='word_1_459' title='bbox 1472 4330 1789 4403; x_wconf 88' lang='grc' dir='ltr'><strong>Σύμμαχον,</strong></span> 
     </span>
    </p>
   </div>
   <div class='ocr_carea' id='block_1_62' title="bbox 208 4411 1792 4495">
    <p class='ocr_par' dir='ltr' id='par_1_62' title="bbox 208 4411 1792 4495">
     <span class='ocr_line' id='line_1_62' title="bbox 208 4411 1792 4495; baseline 0.008 -30"><span class='ocrx_word' id='word_1_460' title='bbox 208 4430 231 4464; x_wconf 74' lang='grc' dir='ltr'><strong>ι</strong></span> <span class='ocrx_word' id='word_1_461' title='bbox 255 4411 824 4484; x_wconf 77' lang='grc' dir='ltr'><strong>τδνσκηνοποιοῦντα,</strong></span> <span class='ocrx_word' id='word_1_462' title='bbox 869 4436 888 4468; x_wconf 77' lang='grc' dir='ltr'><strong>ι</strong></span> <span class='ocrx_word' id='word_1_463' title='bbox 934 4417 1139 4488; x_wconf 79' lang='grc' dir='ltr'><strong>ήκατά</strong></span> <span class='ocrx_word' id='word_1_464' title='bbox 1164 4420 1259 4473; x_wconf 82' lang='grc' dir='ltr'><strong>τὸν</strong></span> <span class='ocrx_word' id='word_1_465' title='bbox 1302 4420 1553 4485; x_wconf 71' lang='grc' dir='ltr'><strong>Ἀκύλαν,</strong></span> <span class='ocrx_word' id='word_1_466' title='bbox 1594 4442 1613 4475; x_wconf 81' lang='lat' dir='ltr'><strong>t</strong></span> <span class='ocrx_word' id='word_1_467' title='bbox 1653 4422 1792 4495; x_wconf 81' lang='grc' dir='ltr'><strong>πρὸς</strong></span> 
     </span>
    </p>
   </div>
   <div class='ocr_carea' id='block_1_63' title="bbox 1892 1944 3475 2019">
    <p class='ocr_par' dir='ltr' id='par_1_63' title="bbox 1892 1944 3475 2019">
     <span class='ocr_line' id='line_1_63' title="bbox 1892 1944 3475 2019; baseline -0.009 -8"><span class='ocrx_word' id='word_1_468' title='bbox 1892 1954 2052 2011; x_wconf 88' lang='lat' dir='ltr'><strong>malis</strong></span> <span class='ocrx_word' id='word_1_469' title='bbox 2077 1960 2385 2016; x_wconf 84' lang='lat' dir='ltr'><strong>versantes,</strong></span> <span class='ocrx_word' id='word_1_470' title='bbox 2409 1948 2566 2019; x_wconf 87' lang='lat' dir='ltr'><strong>quasi</strong></span> <span class='ocrx_word' id='word_1_471' title='bbox 2598 1949 2666 2004; x_wconf 92' lang='lat' dir='ltr'><strong>de</strong></span> <span class='ocrx_word' id='word_1_472' title='bbox 2688 1948 2865 2003; x_wconf 87' lang='lat' dir='ltr'><strong>salute</strong></span> <span class='ocrx_word' id='word_1_473' title='bbox 2887 1947 3246 2015; x_wconf 82' lang='lat' dir='ltr'><strong>desperantes</strong></span> <span class='ocrx_word' id='word_1_474' title='bbox 3269 1959 3393 2009; x_wconf 87' lang='lat' dir='ltr'><strong>sua,</strong></span> <span class='ocrx_word' id='word_1_475' title='bbox 3420 1944 3475 1997; x_wconf 92' lang='lat' dir='ltr'><strong>in</strong></span> 
     </span>
    </p>
   </div>
   <div class='ocr_carea' id='block_1_64' title="bbox 1891 2034 3479 2113">
    <p class='ocr_par' dir='ltr' id='par_1_64' title="bbox 1891 2034 3479 2113">
     <span class='ocr_line' id='line_1_64' title="bbox 1891 2034 3479 2113; baseline -0.008 -13"><span class='ocrx_word' id='word_1_476' title='bbox 1891 2044 2160 2101; x_wconf 87' lang='lat' dir='ltr'><strong>insaniam</strong></span> <span class='ocrx_word' id='word_1_477' title='bbox 2210 2049 2562 2113; x_wconf 88' lang='lat' dir='ltr'><strong>proruerunt,</strong></span> <span class='ocrx_word' id='word_1_478' title='bbox 2622 2038 2874 2095; x_wconf 79' lang='lat' dir='ltr'><strong>ebrietati</strong></span> <span class='ocrx_word' id='word_1_479' title='bbox 2924 2048 2982 2093; x_wconf 91' lang='lat' dir='ltr'><strong>et</strong></span> <span class='ocrx_word' id='word_1_480' title='bbox 3030 2034 3295 2106; x_wconf 85' lang='lat' dir='ltr'><strong>voluptati</strong></span> <span class='ocrx_word' id='word_1_481' title='bbox 3354 2049 3479 2089; x_wconf 82' lang='lat' dir='ltr'><strong>sese</strong></span> 
     </span>
    </p>
   </div>
   <div class='ocr_carea' id='block_1_65' title="bbox 1891 2125 3477 2203">
    <p class='ocr_par' dir='ltr' id='par_1_65' title="bbox 1891 2125 3477 2203">
     <span class='ocr_line' id='line_1_65' title="bbox 1891 2125 3477 2203; baseline -0.006 -12"><span class='ocrx_word' id='word_1_482' title='bbox 1891 2135 2181 2198; x_wconf 78' lang='lat' dir='ltr'><strong>dedentes;</strong></span> <span class='ocrx_word' id='word_1_483' title='bbox 2209 2132 2364 2203; x_wconf 84' lang='lat' dir='ltr'><strong>quasi</strong></span> <span class='ocrx_word' id='word_1_484' title='bbox 2398 2145 2592 2203; x_wconf 87' lang='lat' dir='ltr'><strong>nempe</strong></span> <span class='ocrx_word' id='word_1_485' title='bbox 2624 2138 2747 2201; x_wconf 88' lang='lat' dir='ltr'><strong>post</strong></span> <span class='ocrx_word' id='word_1_486' title='bbox 2771 2129 2979 2186; x_wconf 81' lang='lat' dir='ltr'><strong>exitum</strong></span> <span class='ocrx_word' id='word_1_487' title='bbox 3008 2143 3075 2183; x_wconf 79' lang='lat' dir='ltr'><strong>ex</strong></span> <span class='ocrx_word' id='word_1_488' title='bbox 3101 2128 3205 2183; x_wconf 88' lang='lat' dir='ltr'><strong>hac</strong></span> <span class='ocrx_word' id='word_1_489' title='bbox 3239 2126 3351 2181; x_wconf 91' lang='lat' dir='ltr'><strong>vita</strong></span> <span class='ocrx_word' id='word_1_490' title='bbox 3381 2125 3477 2181; x_wconf 82' lang='lat' dir='ltr'><strong>Dei</strong></span> 
     </span>
    </p>
   </div>
   <div class='ocr_carea' id='block_1_66' title="bbox 1886 2221 3235 2295">
    <p class='ocr_par' dir='ltr' id='par_1_66' title="bbox 1886 2221 3235 2295">
     <span class='ocr_line' id='line_1_66' title="bbox 1886 2221 3235 2295; baseline -0.005 -15"><span class='ocrx_word' id='word_1_491' title='bbox 1886 2224 2149 2295; x_wconf 82' lang='lat' dir='ltr'><strong>judicium</strong></span> <span class='ocrx_word' id='word_1_492' title='bbox 2190 2222 2505 2294; x_wconf 80' lang='lat' dir='ltr'><strong>neutiquam</strong></span> <span class='ocrx_word' id='word_1_493' title='bbox 2538 2221 2658 2278; x_wconf 85' lang='lat' dir='ltr'><strong>illos</strong></span> <span class='ocrx_word' id='word_1_494' title='bbox 2687 2230 3037 2292; x_wconf 77' lang='lat' dir='ltr'><strong>excepturum</strong></span> <span class='ocrx_word' id='word_1_495' title='bbox 3067 2227 3235 2276; x_wconf 89' lang='lat' dir='ltr'><strong>csset.</strong></span> 
     </span>
    </p>
   </div>
   <div class='ocr_carea' id='block_1_67' title="bbox 1967 2397 3480 2461">
    <p class='ocr_par' dir='ltr' id='par_1_67' title="bbox 1967 2397 3480 2461">
     <span class='ocr_line' id='line_1_67' title="bbox 1967 2397 3480 2461; baseline -0.005 0"><span class='ocrx_word' id='word_1_496' title='bbox 1967 2404 2129 2461; x_wconf 71' lang='lat' dir='ltr'><strong>Vnus.</strong></span> <span class='ocrx_word' id='word_1_497' title='bbox 2163 2404 2252 2459; x_wconf 68' lang='lat' dir='ltr'><strong>tt.</strong></span> <span class='ocrx_word' id='word_1_498' title='bbox 2284 2416 2313 2457; x_wconf 73' lang='grc' dir='ltr'><strong>ι·</strong></span> <span class='ocrx_word' id='word_1_499' title='bbox 2329 2403 2399 2460; x_wconf 85' lang='lat' dir='ltr'><strong>Et</strong></span> <span class='ocrx_word' id='word_1_500' title='bbox 2448 2403 2566 2459; x_wconf 63' lang='lat' dir='ltr'><strong>hac</strong></span> <span class='ocrx_word' id='word_1_501' title='bbox 2596 2400 2837 2459; x_wconf 83' lang='lat' dir='ltr'><strong>revelata</strong></span> <span class='ocrx_word' id='word_1_502' title='bbox 2872 2410 3000 2456; x_wconf 90' lang='lat' dir='ltr'><strong>sunt</strong></span> <span class='ocrx_word' id='word_1_503' title='bbox 3032 2400 3085 2454; x_wconf 90' lang='lat' dir='ltr'><strong>in</strong></span> <span class='ocrx_word' id='word_1_504' title='bbox 3118 2398 3343 2455; x_wconf 86' lang='lat' dir='ltr'><strong>auribus</strong></span> <span class='ocrx_word' id='word_1_505' title='bbox 3370 2397 3480 2454; x_wconf 88' lang='lat' dir='ltr'><strong>Do-</strong></span> 
     </span>
    </p>
   </div>
   <div class='ocr_carea' id='block_1_68' title="bbox 1894 2488 3479 2561">
    <p class='ocr_par' dir='ltr' id='par_1_68' title="bbox 1894 2488 3479 2561">
     <span class='ocr_line' id='line_1_68' title="bbox 1894 2488 3479 2561; baseline -0.005 -10"><span class='ocrx_word' id='word_1_506' title='bbox 1894 2495 2027 2551; x_wconf 85' lang='lat' dir='ltr'><strong>mini</strong></span> <span class='ocrx_word' id='word_1_507' title='bbox 2076 2494 2339 2556; x_wconf 86' lang='lat' dir='ltr'><strong>Sabaoth.</strong></span> <span class='ocrx_word' id='word_1_508' title='bbox 2374 2513 2394 2547; x_wconf 76' lang='grc' dir='ltr'><strong>ι</strong></span> <span class='ocrx_word' id='word_1_509' title='bbox 2429 2493 2612 2561; x_wconf 83' lang='lat' dir='ltr'><strong>Quare</strong></span> <span class='ocrx_word' id='word_1_510' title='bbox 2668 2493 2781 2548; x_wconf 88' lang='lat' dir='ltr'><strong>illis</strong></span> <span class='ocrx_word' id='word_1_511' title='bbox 2831 2501 3056 2561; x_wconf 83' lang='lat' dir='ltr'><strong>peccato</strong></span> <span class='ocrx_word' id='word_1_512' title='bbox 3116 2504 3216 2546; x_wconf 84' lang='lat' dir='ltr'><strong>ceu</strong></span> <span class='ocrx_word' id='word_1_513' title='bbox 3261 2488 3479 2543; x_wconf 90' lang='lat' dir='ltr'><strong>vinculo</strong></span> 
     </span>
    </p>
   </div>
   <div class='ocr_carea' id='block_1_69' title="bbox 1894 2580 3479 2656">
    <p class='ocr_par' dir='ltr' id='par_1_69' title="bbox 1894 2580 3479 2656">
     <span class='ocr_line' id='line_1_69' title="bbox 1894 2580 3479 2656; baseline -0.004 -13"><span class='ocrx_word' id='word_1_514' title='bbox 1894 2588 1989 2643; x_wconf 86' lang='lat' dir='ltr'><strong>Dei</strong></span> <span class='ocrx_word' id='word_1_515' title='bbox 2022 2588 2244 2651; x_wconf 85' lang='lat' dir='ltr'><strong>vinctis,</strong></span> <span class='ocrx_word' id='word_1_516' title='bbox 2274 2587 2395 2643; x_wconf 69' lang='lat' dir='ltr'><strong>haec</strong></span> <span class='ocrx_word' id='word_1_517' title='bbox 2421 2585 2698 2641; x_wconf 85' lang='lat' dir='ltr'><strong>sententia</strong></span> <span class='ocrx_word' id='word_1_518' title='bbox 2741 2584 3019 2656; x_wconf 76' lang='lat' dir='ltr'><strong>profertur</strong></span> <span class='ocrx_word' id='word_1_519' title='bbox 3049 2601 3062 2636; x_wconf 95' lang='lat'>:</span> <span class='ocrx_word' id='word_1_520' title='bbox 3100 2601 3118 2632; x_wconf 78' lang='grc' dir='ltr'><strong>ι</strong></span> <span class='ocrx_word' id='word_1_521' title='bbox 3147 2580 3263 2637; x_wconf 73' lang='lat' dir='ltr'><strong>Non</strong></span> <span class='ocrx_word' id='word_1_522' title='bbox 3292 2580 3479 2637; x_wconf 87' lang='lat' dir='ltr'><strong>dimit-</strong></span> 
     </span>
    </p>
   </div>
   <div class='ocr_carea' id='block_1_70' title="bbox 1897 2671 3309 2748">
    <p class='ocr_par' dir='ltr' id='par_1_70' title="bbox 1897 2671 3309 2748">
     <span class='ocr_line' id='line_1_70' title="bbox 1897 2671 3309 2748; baseline -0.006 -15"><span class='ocrx_word' id='word_1_523' title='bbox 1897 2685 2041 2733; x_wconf 86' lang='lat' dir='ltr'><strong>tetur</strong></span> <span class='ocrx_word' id='word_1_524' title='bbox 2065 2677 2221 2733; x_wconf 85' lang='lat' dir='ltr'><strong>vobis</strong></span> <span class='ocrx_word' id='word_1_525' title='bbox 2251 2676 2355 2733; x_wconf 88' lang='lat' dir='ltr'><strong>hoc</strong></span> <span class='ocrx_word' id='word_1_526' title='bbox 2378 2683 2687 2748; x_wconf 89' lang='lat' dir='ltr'><strong>peccatum,</strong></span> <span class='ocrx_word' id='word_1_527' title='bbox 2713 2675 2891 2731; x_wconf 89' lang='lat' dir='ltr'><strong>donec</strong></span> <span class='ocrx_word' id='word_1_528' title='bbox 2924 2671 3260 2729; x_wconf 89' lang='lat' dir='ltr'><strong>moriantini.</strong></span> <span class='ocrx_word' id='word_1_529' title='bbox 3288 2690 3309 2724; x_wconf 75' lang='grc' dir='ltr'><strong>ι</strong></span> 
     </span>
    </p>
   </div>
   <div class='ocr_carea' id='block_1_71' title="bbox 1964 2852 3479 2914">
    <p class='ocr_par' dir='ltr' id='par_1_71' title="bbox 1964 2852 3479 2914">
     <span class='ocr_line' id='line_1_71' title="bbox 1964 2852 3479 2914; baseline -0.002 -1"><span class='ocrx_word' id='word_1_530' title='bbox 1964 2856 2132 2914; x_wconf 74' lang='lat' dir='ltr'><strong>Vens.</strong></span> <span class='ocrx_word' id='word_1_531' title='bbox 2163 2855 2343 2913; x_wconf 68' lang='lat'><strong>15-19.</strong></span> <span class='ocrx_word' id='word_1_532' title='bbox 2378 2876 2397 2909; x_wconf 74' lang='grc' dir='ltr'><strong>ι</strong></span> <span class='ocrx_word' id='word_1_533' title='bbox 2423 2855 2551 2913; x_wconf 67' lang='lat' dir='ltr'><strong>Haec</strong></span> <span class='ocrx_word' id='word_1_534' title='bbox 2568 2856 2698 2913; x_wconf 87' lang='lat' dir='ltr'><strong>dicit</strong></span> <span class='ocrx_word' id='word_1_535' title='bbox 2724 2856 2988 2912; x_wconf 89' lang='lat' dir='ltr'><strong>Dominus</strong></span> <span class='ocrx_word' id='word_1_536' title='bbox 3016 2854 3255 2910; x_wconf 86' lang='lat' dir='ltr'><strong>Sabaoth</strong></span> <span class='ocrx_word' id='word_1_537' title='bbox 3283 2874 3296 2908; x_wconf 92' lang='lat'><strong>:</strong></span> <span class='ocrx_word' id='word_1_538' title='bbox 3328 2852 3479 2910; x_wconf 77' lang='lat' dir='ltr'><strong>Vade</strong></span> 
     </span>
    </p>
   </div>
   <div class='ocr_carea' id='block_1_72' title="bbox 1897 2945 3478 3018">
    <p class='ocr_par' dir='ltr' id='par_1_72' title="bbox 1897 2945 3478 3018">
     <span class='ocr_line' id='line_1_72' title="bbox 1897 2945 3478 3018; baseline -0.004 -15"><span class='ocrx_word' id='word_1_539' title='bbox 1897 2948 1951 3003; x_wconf 91' lang='lat' dir='ltr'><strong>in</strong></span> <span class='ocrx_word' id='word_1_540' title='bbox 2000 2949 2411 3018; x_wconf 85' lang='lat' dir='ltr'><strong>pastophorium</strong></span> <span class='ocrx_word' id='word_1_541' title='bbox 2462 2948 2531 3003; x_wconf 85' lang='lat' dir='ltr'><strong>ad</strong></span> <span class='ocrx_word' id='word_1_542' title='bbox 2585 2948 2845 3003; x_wconf 75' lang='lat' dir='ltr'><strong>Somnum</strong></span> <span class='ocrx_word' id='word_1_543' title='bbox 2903 2948 3251 3018; x_wconf 87' lang='lat' dir='ltr'><strong>penuarium,</strong></span> <span class='ocrx_word' id='word_1_544' title='bbox 3285 2954 3342 3000; x_wconf 92' lang='lat' dir='ltr'><strong>et</strong></span> <span class='ocrx_word' id='word_1_545' title='bbox 3382 2945 3478 2998; x_wconf 82' lang='lat' dir='ltr'><strong>dic</strong></span> 
     </span>
    </p>
   </div>
   <div class='ocr_carea' id='block_1_73' title="bbox 1894 3033 3480 3108">
    <p class='ocr_par' dir='ltr' id='par_1_73' title="bbox 1894 3033 3480 3108">
     <span class='ocr_line' id='line_1_73' title="bbox 1894 3033 3480 3108; baseline -0.003 -14"><span class='ocrx_word' id='word_1_546' title='bbox 1894 3038 1945 3094; x_wconf 84' lang='lat' dir='ltr'><strong>ei</strong></span> <span class='ocrx_word' id='word_1_547' title='bbox 1981 3056 1996 3092; x_wconf 91' lang='lat'><strong>:</strong></span> <span class='ocrx_word' id='word_1_548' title='bbox 2028 3038 2170 3107; x_wconf 80' lang='lat' dir='ltr'><strong>Quid</strong></span> <span class='ocrx_word' id='word_1_549' title='bbox 2210 3037 2306 3094; x_wconf 86' lang='lat' dir='ltr'><strong>tibi</strong></span> <span class='ocrx_word' id='word_1_550' title='bbox 2347 3038 2481 3093; x_wconf 77' lang='lat' dir='ltr'><strong>hic?</strong></span> <span class='ocrx_word' id='word_1_551' title='bbox 2521 3038 2583 3094; x_wconf 80' lang='grc' dir='ltr'><strong>Ει</strong></span> <span class='ocrx_word' id='word_1_552' title='bbox 2616 3038 2749 3108; x_wconf 83' lang='lat' dir='ltr'><strong>quid</strong></span> <span class='ocrx_word' id='word_1_553' title='bbox 2780 3038 2879 3093; x_wconf 84' lang='lat' dir='ltr'><strong>tibi</strong></span> <span class='ocrx_word' id='word_1_554' title='bbox 2909 3048 3018 3102; x_wconf 89' lang='lat' dir='ltr'><strong>est,</strong></span> <span class='ocrx_word' id='word_1_555' title='bbox 3053 3036 3195 3105; x_wconf 88' lang='lat' dir='ltr'><strong>quod</strong></span> <span class='ocrx_word' id='word_1_556' title='bbox 3225 3033 3480 3092; x_wconf 76' lang='lat' dir='ltr'><strong>excidisti</strong></span> 
     </span>
    </p>
   </div>
   <div class='ocr_carea' id='block_1_74' title="bbox 1898 3124 3478 3186">
    <p class='ocr_par' dir='ltr' id='par_1_74' title="bbox 1898 3124 3478 3186">
     <span class='ocr_line' id='line_1_74' title="bbox 1898 3124 3478 3186; baseline -0.001 -1"><span class='ocrx_word' id='word_1_557' title='bbox 1898 3130 1995 3185; x_wconf 85' lang='lat' dir='ltr'><strong>tibi</strong></span> <span class='ocrx_word' id='word_1_558' title='bbox 2045 3130 2136 3185; x_wconf 86' lang='lat' dir='ltr'><strong>hic</strong></span> <span class='ocrx_word' id='word_1_559' title='bbox 2169 3132 2718 3186; x_wconf 74' lang='lat' dir='ltr'><strong>monumentum&#39;tet</strong></span> <span class='ocrx_word' id='word_1_560' title='bbox 2772 3129 2954 3185; x_wconf 76' lang='lat' dir='ltr'><strong>fecisti</strong></span> <span class='ocrx_word' id='word_1_561' title='bbox 3009 3129 3105 3184; x_wconf 90' lang='lat' dir='ltr'><strong>tibi</strong></span> <span class='ocrx_word' id='word_1_562' title='bbox 3155 3128 3209 3182; x_wconf 92' lang='lat' dir='ltr'><strong>in</strong></span> <span class='ocrx_word' id='word_1_563' title='bbox 3258 3124 3478 3184; x_wconf 67' lang='lat' dir='ltr'><strong>excelso</strong></span> 
     </span>
    </p>
   </div>
   <div class='ocr_carea' id='block_1_75' title="bbox 1898 3206 3482 3293">
    <p class='ocr_par' dir='ltr' id='par_1_75' title="bbox 1898 3206 3482 3293">
     <span class='ocr_line' id='line_1_75' title="bbox 1898 3206 3482 3293; baseline -0.002 -17"><span class='ocrx_word' id='word_1_564' title='bbox 1898 3230 2332 3289; x_wconf 86' lang='lat' dir='ltr'><strong>monumentum,</strong></span> <span class='ocrx_word' id='word_1_565' title='bbox 2366 3231 2422 3277; x_wconf 89' lang='lat' dir='ltr'><strong>et</strong></span> <span class='ocrx_word' id='word_1_566' title='bbox 2448 3222 2721 3293; x_wconf 88' lang='lat' dir='ltr'><strong>scripsisti</strong></span> <span class='ocrx_word' id='word_1_567' title='bbox 2766 3222 2865 3277; x_wconf 90' lang='lat' dir='ltr'><strong>tibi</strong></span> <span class='ocrx_word' id='word_1_568' title='bbox 2896 3206 2949 3277; x_wconf 87' lang='lat' dir='ltr'><strong>in</strong></span> <span class='ocrx_word' id='word_1_569' title='bbox 2981 3229 3135 3288; x_wconf 86' lang='lat' dir='ltr'><strong>petra</strong></span> <span class='ocrx_word' id='word_1_570' title='bbox 3164 3220 3482 3276; x_wconf 72' lang='lat' dir='ltr'><strong>tabernacu-</strong></span> 
     </span>
    </p>
   </div>
   <div class='ocr_carea' id='block_1_76' title="bbox 1893 3312 3480 3385">
    <p class='ocr_par' dir='ltr' id='par_1_76' title="bbox 1893 3312 3480 3385">
     <span class='ocr_line' id='line_1_76' title="bbox 1893 3312 3480 3385; baseline -0.003 -16"><span class='ocrx_word' id='word_1_571' title='bbox 1893 3312 2047 3369; x_wconf 80' lang='grc' dir='ltr'><strong>Γυιηῖ</strong></span> <span class='ocrx_word' id='word_1_572' title='bbox 2080 3314 2220 3370; x_wconf 85' lang='lat' dir='ltr'><strong>Ecce</strong></span> <span class='ocrx_word' id='word_1_573' title='bbox 2244 3324 2396 3371; x_wconf 90' lang='lat' dir='ltr'><strong>certe</strong></span> <span class='ocrx_word' id='word_1_574' title='bbox 2428 3315 2690 3371; x_wconf 85' lang='lat' dir='ltr'><strong>Dominus</strong></span> <span class='ocrx_word' id='word_1_575' title='bbox 2715 3313 2957 3369; x_wconf 87' lang='lat' dir='ltr'><strong>Sabaoth</strong></span> <span class='ocrx_word' id='word_1_576' title='bbox 2980 3313 3165 3385; x_wconf 82' lang='lat' dir='ltr'><strong>ejiciet</strong></span> <span class='ocrx_word' id='word_1_577' title='bbox 3187 3323 3238 3368; x_wconf 89' lang='lat' dir='ltr'><strong>et</strong></span> <span class='ocrx_word' id='word_1_578' title='bbox 3280 3319 3480 3367; x_wconf 89' lang='lat' dir='ltr'><strong>atteret</strong></span> 
     </span>
    </p>
   </div>
   <div class='ocr_carea' id='block_1_77' title="bbox 1892 3407 3478 3475">
    <p class='ocr_par' dir='ltr' id='par_1_77' title="bbox 1892 3407 3478 3475">
     <span class='ocr_line' id='line_1_77' title="bbox 1892 3407 3478 3475; baseline -0.001 -14"><span class='ocrx_word' id='word_1_579' title='bbox 1892 3408 2095 3475; x_wconf 79' lang='lat' dir='ltr'><strong>virum,</strong></span> <span class='ocrx_word' id='word_1_580' title='bbox 2125 3415 2182 3463; x_wconf 89' lang='lat' dir='ltr'><strong>et</strong></span> <span class='ocrx_word' id='word_1_581' title='bbox 2209 3407 2423 3465; x_wconf 80' lang='lat' dir='ltr'><strong>auferet</strong></span> <span class='ocrx_word' id='word_1_582' title='bbox 2450 3408 2709 3463; x_wconf 78' lang='lat' dir='ltr'><strong>amictum</strong></span> <span class='ocrx_word' id='word_1_583' title='bbox 2739 3416 2910 3473; x_wconf 85' lang='lat' dir='ltr'><strong>tuum,</strong></span> <span class='ocrx_word' id='word_1_584' title='bbox 2948 3416 3004 3462; x_wconf 91' lang='lat' dir='ltr'><strong>et</strong></span> <span class='ocrx_word' id='word_1_585' title='bbox 3042 3421 3301 3463; x_wconf 82' lang='lat' dir='ltr'><strong>coronam</strong></span> <span class='ocrx_word' id='word_1_586' title='bbox 3328 3416 3478 3460; x_wconf 88' lang='lat' dir='ltr'><strong>tuam</strong></span> 
     </span>
    </p>
   </div>
   <div class='ocr_carea' id='block_1_78' title="bbox 1893 3501 3484 3573">
    <p class='ocr_par' dir='ltr' id='par_1_78' title="bbox 1893 3501 3484 3573">
     <span class='ocr_line' id='line_1_78' title="bbox 1893 3501 3484 3573; baseline -0.001 -19"><span class='ocrx_word' id='word_1_587' title='bbox 1893 3501 2213 3573; x_wconf 87' lang='lat' dir='ltr'><strong>gloriosam.</strong></span> <span class='ocrx_word' id='word_1_588' title='bbox 2245 3510 2301 3557; x_wconf 88' lang='lat' dir='ltr'><strong>et</strong></span> <span class='ocrx_word' id='word_1_589' title='bbox 2329 3501 2583 3572; x_wconf 83' lang='lat' dir='ltr'><strong>projiciet</strong></span> <span class='ocrx_word' id='word_1_590' title='bbox 2614 3512 2669 3558; x_wconf 94' lang='lat' dir='ltr'><strong>te</strong></span> <span class='ocrx_word' id='word_1_591' title='bbox 2699 3502 2752 3556; x_wconf 94' lang='lat' dir='ltr'><strong>in</strong></span> <span class='ocrx_word' id='word_1_592' title='bbox 2795 3501 3076 3573; x_wconf 77' lang='lat' dir='ltr'><strong>regionem</strong></span> <span class='ocrx_word' id='word_1_593' title='bbox 3123 3514 3374 3572; x_wconf 84' lang='lat' dir='ltr'><strong>magnam</strong></span> <span class='ocrx_word' id='word_1_594' title='bbox 3424 3505 3484 3553; x_wconf 88' lang='lat' dir='ltr'><strong>et</strong></span> 
     </span>
    </p>
   </div>
   <div class='ocr_carea' id='block_1_79' title="bbox 1894 3590 3479 3662">
    <p class='ocr_par' dir='ltr' id='par_1_79' title="bbox 1894 3590 3479 3662">
     <span class='ocr_line' id='line_1_79' title="bbox 1894 3590 3479 3662; baseline 0.001 -18"><span class='ocrx_word' id='word_1_595' title='bbox 1894 3590 2240 3655; x_wconf 79' lang='lat' dir='ltr'><strong>immensam,</strong></span> <span class='ocrx_word' id='word_1_596' title='bbox 2270 3599 2327 3646; x_wconf 89' lang='lat' dir='ltr'><strong>et</strong></span> <span class='ocrx_word' id='word_1_597' title='bbox 2354 3591 2431 3647; x_wconf 88' lang='lat' dir='ltr'><strong>ibi</strong></span> <span class='ocrx_word' id='word_1_598' title='bbox 2472 3591 2759 3658; x_wconf 87' lang='lat' dir='ltr'><strong>morieris;</strong></span> <span class='ocrx_word' id='word_1_599' title='bbox 2789 3600 2846 3647; x_wconf 92' lang='lat' dir='ltr'><strong>et</strong></span> <span class='ocrx_word' id='word_1_600' title='bbox 2886 3602 3053 3662; x_wconf 90' lang='lat' dir='ltr'><strong>ponet</strong></span> <span class='ocrx_word' id='word_1_601' title='bbox 3076 3606 3295 3647; x_wconf 90' lang='lat' dir='ltr'><strong>currum</strong></span> <span class='ocrx_word' id='word_1_602' title='bbox 3324 3600 3479 3646; x_wconf 90' lang='lat' dir='ltr'><strong>tuum</strong></span> 
     </span>
    </p>
   </div>
   <div class='ocr_carea' id='block_1_80' title="bbox 1890 3681 3480 3754">
    <p class='ocr_par' dir='ltr' id='par_1_80' title="bbox 1890 3681 3480 3754">
     <span class='ocr_line' id='line_1_80' title="bbox 1890 3681 3480 3754; baseline 0.003 -19"><span class='ocrx_word' id='word_1_603' title='bbox 1890 3681 2180 3751; x_wconf 88' lang='lat' dir='ltr'><strong>pulchrum</strong></span> <span class='ocrx_word' id='word_1_604' title='bbox 2210 3681 2264 3737; x_wconf 88' lang='lat' dir='ltr'><strong>in</strong></span> <span class='ocrx_word' id='word_1_605' title='bbox 2284 3682 2543 3750; x_wconf 85' lang='lat' dir='ltr'><strong>dedecus,</strong></span> <span class='ocrx_word' id='word_1_606' title='bbox 2562 3692 2619 3737; x_wconf 89' lang='lat' dir='ltr'><strong>et</strong></span> <span class='ocrx_word' id='word_1_607' title='bbox 2631 3683 2849 3738; x_wconf 89' lang='lat' dir='ltr'><strong>domum</strong></span> <span class='ocrx_word' id='word_1_608' title='bbox 2871 3682 3132 3754; x_wconf 70' lang='lat' dir='ltr'><strong>principis</strong></span> <span class='ocrx_word' id='word_1_609' title='bbox 3155 3682 3232 3738; x_wconf 92' lang='lat' dir='ltr'><strong>tui</strong></span> <span class='ocrx_word' id='word_1_610' title='bbox 3257 3684 3313 3738; x_wconf 91' lang='lat' dir='ltr'><strong>in</strong></span> <span class='ocrx_word' id='word_1_611' title='bbox 3345 3697 3480 3739; x_wconf 86' lang='lat' dir='ltr'><strong>con-</strong></span> 
     </span>
    </p>
   </div>
   <div class='ocr_carea' id='block_1_81' title="bbox 1893 3771 3497 3848">
    <p class='ocr_par' dir='ltr' id='par_1_81' title="bbox 1893 3771 3497 3848">
     <span class='ocr_line' id='line_1_81' title="bbox 1893 3771 3497 3848; baseline 0.001 -20"><span class='ocrx_word' id='word_1_612' title='bbox 1893 3771 2255 3829; x_wconf 81' lang='lat' dir='ltr'><strong>culcationem</strong></span> <span class='ocrx_word' id='word_1_613' title='bbox 2275 3790 2290 3827; x_wconf 91' lang='lat'><strong>:</strong></span> <span class='ocrx_word' id='word_1_614' title='bbox 2314 3784 2368 3830; x_wconf 88' lang='lat' dir='ltr'><strong>et</strong></span> <span class='ocrx_word' id='word_1_615' title='bbox 2394 3789 2423 3829; x_wconf 92' lang='lat' dir='ltr'><strong>a</strong></span> <span class='ocrx_word' id='word_1_616' title='bbox 2447 3774 2855 3845; x_wconf 84' lang='lat' dir='ltr'><strong>dispensatione</strong></span> <span class='ocrx_word' id='word_1_617' title='bbox 2880 3783 2969 3831; x_wconf 88' lang='lat' dir='ltr'><strong>tua</strong></span> <span class='ocrx_word' id='word_1_618' title='bbox 2997 3783 3053 3830; x_wconf 91' lang='lat' dir='ltr'><strong>et</strong></span> <span class='ocrx_word' id='word_1_619' title='bbox 3072 3772 3363 3832; x_wconf 77' lang='lat' dir='ltr'><strong>a&#39;statione</strong></span> <span class='ocrx_word' id='word_1_620' title='bbox 3389 3785 3497 3848; x_wconf 24' lang='lat' dir='ltr'><strong>tua.</strong></span> 
     </span>
    </p>
   </div>
   <div class='ocr_carea' id='block_1_82' title="bbox 1892 3861 3483 3937">
    <p class='ocr_par' dir='ltr' id='par_1_82' title="bbox 1892 3861 3483 3937">
     <span class='ocr_line' id='line_1_82' title="bbox 1892 3861 3483 3937; baseline -0.001 -16"><span class='ocrx_word' id='word_1_621' title='bbox 1892 3861 2187 3923; x_wconf 81' lang='lat' dir='ltr'><strong>arceberis.</strong></span> <span class='ocrx_word' id='word_1_622' title='bbox 2218 3884 2241 3919; x_wconf 72' lang='grc' dir='ltr'><strong>ι</strong></span> <span class='ocrx_word' id='word_1_623' title='bbox 2278 3866 2371 3923; x_wconf 79' lang='lat' dir='ltr'><strong>Ait</strong></span> <span class='ocrx_word' id='word_1_624' title='bbox 2421 3866 2606 3937; x_wconf 81' lang='lat' dir='ltr'><strong>itaque</strong></span> <span class='ocrx_word' id='word_1_625' title='bbox 2656 3866 2939 3932; x_wconf 63' lang='lat' dir='ltr'><strong>ﬂebrmus,</strong></span> <span class='ocrx_word' id='word_1_626' title='bbox 2991 3866 3251 3923; x_wconf 79' lang='lat' dir='ltr'><strong>Somnant</strong></span> <span class='ocrx_word' id='word_1_627' title='bbox 3312 3863 3483 3920; x_wconf 81' lang='lat' dir='ltr'><strong>fuisse</strong></span> 
     </span>
    </p>
   </div>
   <div class='ocr_carea' id='block_1_83' title="bbox 1891 3958 3481 4040">
    <p class='ocr_par' dir='ltr' id='par_1_83' title="bbox 1891 3958 3481 4040">
     <span class='ocr_line' id='line_1_83' title="bbox 1891 3958 3481 4040; baseline -0.008 -15"><span class='ocrx_word' id='word_1_628' title='bbox 1891 3968 2240 4040; x_wconf 78' lang='lat' dir='ltr'><strong>pontiﬁcem,</strong></span> <span class='ocrx_word' id='word_1_629' title='bbox 2286 3960 2647 4031; x_wconf 86' lang='lat' dir='ltr'><strong>voluptarium</strong></span> <span class='ocrx_word' id='word_1_630' title='bbox 2685 3967 2739 4014; x_wconf 90' lang='lat' dir='ltr'><strong>et</strong></span> <span class='ocrx_word' id='word_1_631' title='bbox 2801 3958 3069 4014; x_wconf 71' lang='lat' dir='ltr'><strong>indecorae</strong></span> <span class='ocrx_word' id='word_1_632' title='bbox 3127 3958 3251 4013; x_wconf 66' lang='lat' dir='ltr'><strong>vita</strong></span> <span class='ocrx_word' id='word_1_633' title='bbox 3304 3958 3481 4015; x_wconf 88' lang='lat' dir='ltr'><strong>homi-</strong></span> 
     </span>
    </p>
   </div>
   <div class='ocr_carea' id='block_1_84' title="bbox 1893 4049 3479 4128">
    <p class='ocr_par' dir='ltr' id='par_1_84' title="bbox 1893 4049 3479 4128">
     <span class='ocr_line' id='line_1_84' title="bbox 1893 4049 3479 4128; baseline -0.008 -9"><span class='ocrx_word' id='word_1_634' title='bbox 1893 4077 2049 4128; x_wconf 86' lang='lat' dir='ltr'><strong>nem,</strong></span> <span class='ocrx_word' id='word_1_635' title='bbox 2090 4060 2164 4116; x_wconf 89' lang='lat' dir='ltr'><strong>ita</strong></span> <span class='ocrx_word' id='word_1_636' title='bbox 2217 4065 2279 4112; x_wconf 87' lang='lat' dir='ltr'><strong>ut</strong></span> <span class='ocrx_word' id='word_1_637' title='bbox 2324 4055 2488 4110; x_wconf 89' lang='lat' dir='ltr'><strong>etiam</strong></span> <span class='ocrx_word' id='word_1_638' title='bbox 2524 4050 2779 4124; x_wconf 88' lang='lat' dir='ltr'><strong>populum</strong></span> <span class='ocrx_word' id='word_1_639' title='bbox 2830 4052 3088 4121; x_wconf 87' lang='lat' dir='ltr'><strong>proderet</strong></span> <span class='ocrx_word' id='word_1_640' title='bbox 3135 4061 3192 4108; x_wconf 89' lang='lat' dir='ltr'><strong>et</strong></span> <span class='ocrx_word' id='word_1_641' title='bbox 3234 4049 3479 4107; x_wconf 81' lang='lat' dir='ltr'><strong>transfu-</strong></span> 
     </span>
    </p>
   </div>
   <div class='ocr_carea' id='block_1_85' title="bbox 1893 4142 3480 4223">
    <p class='ocr_par' dir='ltr' id='par_1_85' title="bbox 1893 4142 3480 4223">
     <span class='ocr_line' id='line_1_85' title="bbox 1893 4142 3480 4223; baseline -0.005 -17"><span class='ocrx_word' id='word_1_642' title='bbox 1893 4159 2049 4223; x_wconf 84' lang='lat' dir='ltr'><strong>geret</strong></span> <span class='ocrx_word' id='word_1_643' title='bbox 2087 4150 2156 4205; x_wconf 79' lang='lat' dir='ltr'><strong>atl</strong></span> <span class='ocrx_word' id='word_1_644' title='bbox 2193 4145 2549 4203; x_wconf 85' lang='lat' dir='ltr'><strong>Senacberim</strong></span> <span class='ocrx_word' id='word_1_645' title='bbox 2581 4143 2929 4220; x_wconf 78' lang='lat' dir='ltr'><strong>Assyriorum</strong></span> <span class='ocrx_word' id='word_1_646' title='bbox 2964 4158 3167 4215; x_wconf 86' lang='lat' dir='ltr'><strong>regem,</strong></span> <span class='ocrx_word' id='word_1_647' title='bbox 3203 4159 3364 4216; x_wconf 86' lang='lat' dir='ltr'><strong>quem</strong></span> <span class='ocrx_word' id='word_1_648' title='bbox 3389 4142 3480 4212; x_wconf 75' lang='lat' dir='ltr'><strong>ju-</strong></span> 
     </span>
    </p>
   </div>
   <div class='ocr_carea' id='block_1_86' title="bbox 1894 4222 3479 4312">
    <p class='ocr_par' dir='ltr' id='par_1_86' title="bbox 1894 4222 3479 4312">
     <span class='ocr_line' id='line_1_86' title="bbox 1894 4222 3479 4312; baseline -0.003 -14"><span class='ocrx_word' id='word_1_649' title='bbox 1894 4222 2054 4298; x_wconf 86' lang='lat' dir='ltr'><strong>betur</strong></span> <span class='ocrx_word' id='word_1_650' title='bbox 2090 4222 2351 4312; x_wconf 76' lang='lat' dir='ltr'><strong>propheta</strong></span> <span class='ocrx_word' id='word_1_651' title='bbox 2393 4238 2448 4292; x_wconf 86' lang='lat' dir='ltr'><strong>in</strong></span> <span class='ocrx_word' id='word_1_652' title='bbox 2490 4235 2844 4309; x_wconf 85' lang='lat' dir='ltr'><strong>pastophorio</strong></span> <span class='ocrx_word' id='word_1_653' title='bbox 2893 4237 3076 4304; x_wconf 84' lang='lat' dir='ltr'><strong>adire;</strong></span> <span class='ocrx_word' id='word_1_654' title='bbox 3102 4238 3239 4305; x_wconf 75' lang='lat' dir='ltr'><strong>sive,</strong></span> <span class='ocrx_word' id='word_1_655' title='bbox 3280 4253 3479 4293; x_wconf 84' lang='lat' dir='ltr'><strong>secun-</strong></span> 
     </span>
    </p>
   </div>
   <div class='ocr_carea' id='block_1_87' title="bbox 1893 4328 3474 4406">
    <p class='ocr_par' dir='ltr' id='par_1_87' title="bbox 1893 4328 3474 4406">
     <span class='ocr_line' id='line_1_87' title="bbox 1893 4328 3474 4406; baseline -0.004 -15"><span class='ocrx_word' id='word_1_656' title='bbox 1893 4334 2021 4391; x_wconf 89' lang='lat' dir='ltr'><strong>duut</strong></span> <span class='ocrx_word' id='word_1_657' title='bbox 2048 4332 2460 4406; x_wconf 78' lang='lat' dir='ltr'><strong>Symmachum,</strong></span> <span class='ocrx_word' id='word_1_658' title='bbox 2492 4348 2513 4384; x_wconf 74' lang='grc' dir='ltr'><strong>σ</strong></span> <span class='ocrx_word' id='word_1_659' title='bbox 2540 4330 2607 4385; x_wconf 84' lang='lat' dir='ltr'><strong>ad</strong></span> <span class='ocrx_word' id='word_1_660' title='bbox 2638 4328 3110 4385; x_wconf 80' lang='lat' dir='ltr'><strong>tabernaculorum</strong></span> <span class='ocrx_word' id='word_1_661' title='bbox 3137 4329 3402 4386; x_wconf 78' lang='lat' dir='ltr'><strong>artiﬁcem</strong></span> <span class='ocrx_word' id='word_1_662' title='bbox 3421 4347 3474 4399; x_wconf 85' lang='lat' dir='ltr'><strong>;t</strong></span> 
     </span>
    </p>
   </div>
   <div class='ocr_carea' id='block_1_88' title="bbox 1892 4422 3482 4504">
    <p class='ocr_par' dir='ltr' id='par_1_88' title="bbox 1892 4422 3482 4504">
     <span class='ocr_line' id='line_1_88' title="bbox 1892 4422 3482 4504; baseline -0.003 -20"><span class='ocrx_word' id='word_1_663' title='bbox 1892 4442 2013 4494; x_wconf 87' lang='lat' dir='ltr'><strong>seu,</strong></span> <span class='ocrx_word' id='word_1_664' title='bbox 2047 4425 2343 4504; x_wconf 85' lang='lat' dir='ltr'><strong>secundum</strong></span> <span class='ocrx_word' id='word_1_665' title='bbox 2395 4422 2672 4493; x_wconf 80' lang='lat' dir='ltr'><strong>Aquilam,</strong></span> <span class='ocrx_word' id='word_1_666' title='bbox 2731 4439 2752 4476; x_wconf 74' lang='grc' dir='ltr'><strong>ι</strong></span> <span class='ocrx_word' id='word_1_667' title='bbox 2784 4423 2852 4477; x_wconf 86' lang='lat' dir='ltr'><strong>ad</strong></span> <span class='ocrx_word' id='word_1_668' title='bbox 2906 4422 3252 4479; x_wconf 87' lang='lat' dir='ltr'><strong>tabernacula</strong></span> <span class='ocrx_word' id='word_1_669' title='bbox 3311 4422 3482 4495; x_wconf 81' lang='lat' dir='ltr'><strong>ligen-</strong></span> 
     </span>
    </p>
   </div>
   <div class='ocr_carea' id='block_1_89' title="bbox 199 4500 1792 4586">
    <p class='ocr_par' dir='ltr' id='par_1_89' title="bbox 199 4500 1791 4580">
     <span class='ocr_line' id='line_1_89' title="bbox 199 4500 1791 4580; baseline 0.008 -25"><span class='ocrx_word' id='word_1_670' title='bbox 199 4500 297 4556; x_wconf 71' lang='grc' dir='ltr'><strong>⁴εόν</strong></span> <span class='ocrx_word' id='word_1_671' title='bbox 324 4502 652 4574; x_wconf 68' lang='grc' dir='ltr'><strong>σκηνοῦντω</strong></span> <span class='ocrx_word' id='word_1_672' title='bbox 682 4524 705 4558; x_wconf 79' lang='lat' dir='ltr'><strong>t</strong></span> <span class='ocrx_word' id='word_1_673' title='bbox 750 4505 894 4562; x_wconf 76' lang='grc' dir='ltr'><strong>οὓτω</strong></span> <span class='ocrx_word' id='word_1_674' title='bbox 918 4506 1029 4580; x_wconf 77' lang='grc' dir='ltr'><strong>γὰρ</strong></span> <span class='ocrx_word' id='word_1_675' title='bbox 1050 4508 1399 4580; x_wconf 78' lang='grc' dir='ltr'><strong>ἡρμήνευσαν</strong></span> <span class='ocrx_word' id='word_1_676' title='bbox 1429 4512 1567 4567; x_wconf 89' lang='grc' dir='ltr'><strong>Θεοῦ</strong></span> <span class='ocrx_word' id='word_1_677' title='bbox 1596 4514 1661 4567; x_wconf 81' lang='grc' dir='ltr'><strong>τὺ</strong></span> <span class='ocrx_word' id='word_1_678' title='bbox 1682 4531 1791 4568; x_wconf 84' lang='grc' dir='ltr'><strong>πα-</strong></span> 
     </span>
    </p>
   </div>
   <div class='ocr_carea' id='block_1_90' title="bbox 1894 4500 3479 4586">
    <p class='ocr_par' dir='ltr' id='par_1_90' title="bbox 1896 4500 3479 4586">
     <span class='ocr_line' id='line_1_90' title="bbox 1896 4500 3479 4586; baseline -0.003 -11"><span class='ocrx_word' id='word_1_679' title='bbox 1896 4528 2084 4586; x_wconf 62' lang='lat' dir='ltr'><strong>tem,»</strong></span> <span class='ocrx_word' id='word_1_680' title='bbox 2140 4518 2214 4573; x_wconf 86' lang='lat' dir='ltr'><strong>ita</strong></span> <span class='ocrx_word' id='word_1_681' title='bbox 2272 4500 2427 4571; x_wconf 83' lang='lat' dir='ltr'><strong>enim</strong></span> <span class='ocrx_word' id='word_1_682' title='bbox 2490 4514 2904 4585; x_wconf 86' lang='lat' dir='ltr'><strong>pastophorium</strong></span> <span class='ocrx_word' id='word_1_683' title='bbox 2968 4514 3065 4570; x_wconf 86' lang='lat' dir='ltr'><strong>Dei</strong></span> <span class='ocrx_word' id='word_1_684' title='bbox 3136 4514 3479 4586; x_wconf 82' lang='lat' dir='ltr'><strong>interpretati</strong></span> 
     </span>
    </p>
   </div>
   <div class='ocr_carea' id='block_1_91' title="bbox 203 4594 1797 4679">
    <p class='ocr_par' dir='ltr' id='par_1_91' title="bbox 203 4594 1797 4679">
     <span class='ocr_line' id='line_1_91' title="bbox 203 4594 1797 4679; baseline 0.008 -31"><span class='ocrx_word' id='word_1_685' title='bbox 203 4594 515 4666; x_wconf 71' lang='grc' dir='ltr'><strong>στοφόριονο</strong></span> <span class='ocrx_word' id='word_1_686' title='bbox 549 4598 726 4651; x_wconf 75' lang='grc' dir='ltr'><strong>εἰπεῖν</strong></span> <span class='ocrx_word' id='word_1_687' title='bbox 750 4614 813 4652; x_wconf 86' lang='grc' dir='ltr'><strong>τε</strong></span> <span class='ocrx_word' id='word_1_688' title='bbox 843 4598 1011 4670; x_wconf 78' lang='grc' dir='ltr'><strong>αὐτῷ·</strong></span> <span class='ocrx_word' id='word_1_689' title='bbox 1034 4601 1249 4671; x_wconf 77' lang='grc' dir='ltr'><strong>Μάτην,</strong></span> <span class='ocrx_word' id='word_1_690' title='bbox 1268 4597 1314 4656; x_wconf 84' lang='grc' dir='ltr'><strong>ὧ</strong></span> <span class='ocrx_word' id='word_1_691' title='bbox 1334 4598 1511 4669; x_wconf 76' lang='grc' dir='ltr'><strong>οὗτος,</strong></span> <span class='ocrx_word' id='word_1_692' title='bbox 1536 4606 1631 4659; x_wconf 77' lang='grc' dir='ltr'><strong>καὶ</strong></span> <span class='ocrx_word' id='word_1_693' title='bbox 1661 4623 1797 4679; x_wconf 88' lang='lat' dir='ltr'><strong>«po-</strong></span> 
     </span>
    </p>
   </div>
   <div class='ocr_carea' id='block_1_92' title="bbox 203 4686 1797 4770">
    <p class='ocr_par' dir='ltr' id='par_1_92' title="bbox 203 4686 1797 4770">
     <span class='ocr_line' id='line_1_92' title="bbox 203 4686 1797 4770; baseline 0.009 -31"><span class='ocrx_word' id='word_1_694' title='bbox 203 4686 389 4751; x_wconf 66' lang='grc' dir='ltr'><strong>πετῶς</strong></span> <span class='ocrx_word' id='word_1_695' title='bbox 421 4687 607 4743; x_wconf 68' lang='grc' dir='ltr'><strong>δνθάόε</strong></span> <span class='ocrx_word' id='word_1_696' title='bbox 633 4689 815 4762; x_wconf 81' lang='grc' dir='ltr'><strong>σαυτῷ</strong></span> <span class='ocrx_word' id='word_1_697' title='bbox 844 4691 980 4763; x_wconf 83' lang='grc' dir='ltr'><strong>πρὸς</strong></span> <span class='ocrx_word' id='word_1_698' title='bbox 998 4695 1067 4764; x_wconf 69' lang='grc' dir='ltr'><strong>τῇ</strong></span> <span class='ocrx_word' id='word_1_699' title='bbox 1098 4693 1275 4767; x_wconf 72' lang='grc' dir='ltr'><strong>πέτρα</strong></span> <span class='ocrx_word' id='word_1_700' title='bbox 1306 4697 1373 4768; x_wconf 83' lang='grc' dir='ltr'><strong>τῇ</strong></span> <span class='ocrx_word' id='word_1_701' title='bbox 1407 4697 1585 4770; x_wconf 77' lang='grc' dir='ltr'><strong>ὑψηλῇ</strong></span> <span class='ocrx_word' id='word_1_702' title='bbox 1612 4699 1797 4754; x_wconf 74' lang='grc' dir='ltr'><strong>ἐλατό-</strong></span> 
     </span>
    </p>
   </div>
   <div class='ocr_carea' id='block_1_93' title="bbox 209 4781 1797 4862">
    <p class='ocr_par' dir='ltr' id='par_1_93' title="bbox 209 4781 1797 4862">
     <span class='ocr_line' id='line_1_93' title="bbox 209 4781 1797 4862; baseline 0.006 -28"><span class='ocrx_word' id='word_1_703' title='bbox 209 4793 392 4849; x_wconf 71' lang='grc' dir='ltr'><strong>μησας</strong></span> <span class='ocrx_word' id='word_1_704' title='bbox 425 4784 709 4851; x_wconf 73' lang='grc' dir='ltr'><strong>μνημεῖον,</strong></span> <span class='ocrx_word' id='word_1_705' title='bbox 748 4781 1022 4848; x_wconf 87' lang='grc' dir='ltr'><strong>κοιλαίνας</strong></span> <span class='ocrx_word' id='word_1_706' title='bbox 1067 4785 1127 4837; x_wconf 71' lang='grc' dir='ltr'><strong>ὲν</strong></span> <span class='ocrx_word' id='word_1_707' title='bbox 1169 4784 1321 4857; x_wconf 74' lang='grc' dir='ltr'><strong>αὐτῷ</strong></span> <span class='ocrx_word' id='word_1_708' title='bbox 1361 4786 1656 4859; x_wconf 83' lang='grc' dir='ltr'><strong>γράμμασι</strong></span> <span class='ocrx_word' id='word_1_709' title='bbox 1696 4790 1797 4862; x_wconf 84' lang='grc' dir='ltr'><strong>τῆς</strong></span> 
     </span>
    </p>
   </div>
   <div class='ocr_carea' id='block_1_94' title="bbox 208 4868 1797 4951">
    <p class='ocr_par' dir='ltr' id='par_1_94' title="bbox 208 4868 1797 4951">
     <span class='ocr_line' id='line_1_94' title="bbox 208 4868 1797 4951; baseline 0.009 -29"><span class='ocrx_word' id='word_1_710' title='bbox 208 4868 410 4923; x_wconf 70' lang='grc' dir='ltr'><strong>σαυτοῦ</strong></span> <span class='ocrx_word' id='word_1_711' title='bbox 444 4870 670 4942; x_wconf 82' lang='grc' dir='ltr'><strong>γνώμης</strong></span> <span class='ocrx_word' id='word_1_712' title='bbox 717 4872 982 4944; x_wconf 88' lang='grc' dir='ltr'><strong>σύμϐολα·</strong></span> <span class='ocrx_word' id='word_1_713' title='bbox 1016 4875 1117 4929; x_wconf 85' lang='grc' dir='ltr'><strong>οὐκ</strong></span> <span class='ocrx_word' id='word_1_714' title='bbox 1167 4876 1343 4941; x_wconf 72' lang='grc' dir='ltr'><strong>εἰδὼς,</strong></span> <span class='ocrx_word' id='word_1_715' title='bbox 1386 4879 1467 4932; x_wconf 77' lang='grc' dir='ltr'><strong>ὅτι</strong></span> <span class='ocrx_word' id='word_1_716' title='bbox 1493 4880 1619 4951; x_wconf 84' lang='grc' dir='ltr'><strong>ὄρος</strong></span> <span class='ocrx_word' id='word_1_717' title='bbox 1654 4882 1797 4935; x_wconf 82' lang='grc' dir='ltr'><strong>κατὰ</strong></span> 
     </span>
    </p>
   </div>
   <div class='ocr_carea' id='block_1_95' title="bbox 208 4956 1792 5038">
    <p class='ocr_par' dir='ltr' id='par_1_95' title="bbox 208 4956 1792 5038">
     <span class='ocr_line' id='line_1_95' title="bbox 208 4956 1792 5038; baseline 0.006 -23"><span class='ocrx_word' id='word_1_718' title='bbox 208 4960 305 5015; x_wconf 82' lang='grc' dir='ltr'><strong>σοῦ</strong></span> <span class='ocrx_word' id='word_1_719' title='bbox 338 4961 687 5033; x_wconf 61' lang='grc' dir='ltr'><strong>ἐξενήνεκται</strong></span> <span class='ocrx_word' id='word_1_720' title='bbox 728 4956 881 5037; x_wconf 77' lang='grc' dir='ltr'><strong>παρὰ</strong></span> <span class='ocrx_word' id='word_1_721' title='bbox 917 4967 1123 5038; x_wconf 81' lang='grc' dir='ltr'><strong>Κυρίου</strong></span> <span class='ocrx_word' id='word_1_722' title='bbox 1180 4966 1428 5034; x_wconf 81' lang='grc' dir='ltr'><strong>Σαϐαὼθ,</strong></span> <span class='ocrx_word' id='word_1_723' title='bbox 1485 4973 1515 5024; x_wconf 88' lang='grc' dir='ltr'><strong>ό</strong></span> <span class='ocrx_word' id='word_1_724' title='bbox 1555 4970 1792 5027; x_wconf 85' lang='grc' dir='ltr'><strong>κελεύων</strong></span> 
     </span>
    </p>
   </div>
   <div class='ocr_carea' id='block_1_96' title="bbox 204 5051 1802 5135">
    <p class='ocr_par' dir='ltr' id='par_1_96' title="bbox 204 5051 1802 5135">
     <span class='ocr_line' id='line_1_96' title="bbox 204 5051 1802 5135; baseline 0.008 -30"><span class='ocrx_word' id='word_1_725' title='bbox 204 5051 603 5125; x_wconf 75' lang='grc' dir='ltr'><strong>καθαιρεθέντα</strong></span> <span class='ocrx_word' id='word_1_726' title='bbox 624 5070 685 5107; x_wconf 79' lang='grc' dir='ltr'><strong>σε</strong></span> <span class='ocrx_word' id='word_1_727' title='bbox 700 5056 800 5128; x_wconf 85' lang='grc' dir='ltr'><strong>τῆς</strong></span> <span class='ocrx_word' id='word_1_728' title='bbox 826 5058 1011 5130; x_wconf 80' lang='grc' dir='ltr'><strong>τιμῆς,</strong></span> <span class='ocrx_word' id='word_1_729' title='bbox 1039 5054 1107 5131; x_wconf 77' lang='grc' dir='ltr'><strong>ἧς</strong></span> <span class='ocrx_word' id='word_1_730' title='bbox 1133 5060 1227 5113; x_wconf 74' lang='grc' dir='ltr'><strong>ἐπὶ</strong></span> <span class='ocrx_word' id='word_1_731' title='bbox 1246 5059 1341 5113; x_wconf 89' lang='grc' dir='ltr'><strong>τοῦ</strong></span> <span class='ocrx_word' id='word_1_732' title='bbox 1368 5061 1633 5133; x_wconf 90' lang='grc' dir='ltr'><strong>παρόντος</strong></span> <span class='ocrx_word' id='word_1_733' title='bbox 1665 5082 1802 5135; x_wconf 57' lang='grc' dir='ltr'><strong>μετ-κ</strong></span> 
     </span>
    </p>
   </div>
   <div class='ocr_carea' id='block_1_97' title="bbox 206 5141 1790 5227">
    <p class='ocr_par' dir='ltr' id='par_1_97' title="bbox 206 5141 1790 5227">
     <span class='ocr_line' id='line_1_97' title="bbox 206 5141 1790 5227; baseline 0.032 -38"><span class='ocrx_word' id='word_1_734' title='bbox 206 5144 377 5211; x_wconf 59' lang='lat' dir='ltr'><strong>dlce,</strong></span> <span class='ocrx_word' id='word_1_735' title='bbox 410 5141 505 5197; x_wconf 75' lang='grc' dir='ltr'><strong>καὶ</strong></span> <span class='ocrx_word' id='word_1_736' title='bbox 542 5144 896 5215; x_wconf 69' lang='grc' dir='ltr'><strong>γυμνωθέντα</strong></span> <span class='ocrx_word' id='word_1_737' title='bbox 929 5148 1029 5219; x_wconf 83' lang='grc' dir='ltr'><strong>τῆς</strong></span> <span class='ocrx_word' id='word_1_738' title='bbox 1052 5151 1444 5223; x_wconf 66' lang='grc' dir='ltr'><strong>σηρικειμένης</strong></span> <span class='ocrx_word' id='word_1_739' title='bbox 1467 5169 1549 5206; x_wconf 67' lang='grc' dir='ltr'><strong>σοι</strong></span> <span class='ocrx_word' id='word_1_740' title='bbox 1575 5155 1790 5227; x_wconf 44' lang='lat' dir='ltr'><strong>nam!“</strong></span> 
     </span>
    </p>
   </div>
   <div class='ocr_carea' id='block_1_98' title="bbox 204 5232 1790 5315">
    <p class='ocr_par' dir='ltr' id='par_1_98' title="bbox 204 5232 1790 5315">
     <span class='ocr_line' id='line_1_98' title="bbox 204 5232 1790 5315; baseline 0.009 -29"><span class='ocrx_word' id='word_1_741' title='bbox 204 5232 304 5287; x_wconf 76' lang='grc' dir='ltr'><strong>τοῦ</strong></span> <span class='ocrx_word' id='word_1_742' title='bbox 334 5249 397 5291; x_wconf 74' lang='grc' dir='ltr'><strong>τε</strong></span> <span class='ocrx_word' id='word_1_743' title='bbox 452 5235 721 5305; x_wconf 78' lang='grc' dir='ltr'><strong>στεφάνου</strong></span> <span class='ocrx_word' id='word_1_744' title='bbox 763 5237 858 5291; x_wconf 79' lang='grc' dir='ltr'><strong>καὶ</strong></span> <span class='ocrx_word' id='word_1_745' title='bbox 906 5240 1006 5311; x_wconf 79' lang='grc' dir='ltr'><strong>τῆς</strong></span> <span class='ocrx_word' id='word_1_746' title='bbox 1032 5240 1201 5313; x_wconf 74' lang='grc' dir='ltr'><strong>ἄλλης</strong></span> <span class='ocrx_word' id='word_1_747' title='bbox 1240 5243 1417 5314; x_wconf 78' lang='grc' dir='ltr'><strong>δόξης.</strong></span> <span class='ocrx_word' id='word_1_748' title='bbox 1449 5246 1790 5315; x_wconf 69' lang='grc' dir='ltr'><strong>πορρωτάτω</strong></span> 
     </span>
    </p>
   </div>
   <div class='ocr_carea' id='block_1_99' title="bbox 202 5322 1797 5412">
    <p class='ocr_par' dir='ltr' id='par_1_99' title="bbox 202 5322 1797 5412">
     <span class='ocr_line' id='line_1_99' title="bbox 202 5322 1797 5412; baseline 0.009 -36"><span class='ocrx_word' id='word_1_749' title='bbox 202 5326 306 5412; x_wconf 67' lang='grc' dir='ltr'><strong>τῇς</strong></span> <span class='ocrx_word' id='word_1_750' title='bbox 353 5322 590 5380; x_wconf 70' lang='grc' dir='ltr'><strong>ὶνταῦθα</strong></span> <span class='ocrx_word' id='word_1_751' title='bbox 616 5326 744 5397; x_wconf 76' lang='grc' dir='ltr'><strong>γῆς,</strong></span> <span class='ocrx_word' id='word_1_752' title='bbox 785 5329 877 5383; x_wconf 79' lang='grc' dir='ltr'><strong>ἐπὶ</strong></span> <span class='ocrx_word' id='word_1_753' title='bbox 907 5328 1065 5401; x_wconf 73' lang='grc' dir='ltr'><strong>ξένης</strong></span> <span class='ocrx_word' id='word_1_754' title='bbox 1107 5328 1253 5397; x_wconf 77' lang='grc' dir='ltr'><strong>τινὸς</strong></span> <span class='ocrx_word' id='word_1_755' title='bbox 1297 5334 1391 5388; x_wconf 76' lang='grc' dir='ltr'><strong>καὶ</strong></span> <span class='ocrx_word' id='word_1_756' title='bbox 1436 5335 1655 5406; x_wconf 85' lang='grc' dir='ltr'><strong>μακρὰν</strong></span> <span class='ocrx_word' id='word_1_757' title='bbox 1686 5337 1797 5389; x_wconf 82' lang='grc' dir='ltr'><strong>ἀπ-</strong></span> 
     </span>
    </p>
   </div>
   <div class='ocr_carea' id='block_1_100' title="bbox 200 5415 1801 5498">
    <p class='ocr_par' dir='ltr' id='par_1_100' title="bbox 200 5415 1801 5498">
     <span class='ocr_line' id='line_1_100' title="bbox 200 5415 1801 5498; baseline 0.009 -32"><span class='ocrx_word' id='word_1_758' title='bbox 200 5415 523 5487; x_wconf 64' lang='grc' dir='ltr'><strong>ῳκισμένης</strong></span> <span class='ocrx_word' id='word_1_759' title='bbox 546 5416 731 5489; x_wconf 84' lang='grc' dir='ltr'><strong>χώρας</strong></span> <span class='ocrx_word' id='word_1_760' title='bbox 760 5419 1073 5476; x_wconf 78' lang='grc' dir='ltr'><strong>ἀποθανεῖν.</strong></span> <span class='ocrx_word' id='word_1_761' title='bbox 1101 5423 1381 5495; x_wconf 83' lang='grc' dir='ltr'><strong>Περιττῶς</strong></span> <span class='ocrx_word' id='word_1_762' title='bbox 1413 5427 1523 5498; x_wconf 76' lang='grc' dir='ltr'><strong>ἄρα</strong></span> <span class='ocrx_word' id='word_1_763' title='bbox 1552 5427 1801 5496; x_wconf 71' lang='grc' dir='ltr'><strong>ἐφιλοκά-</strong></span> 
     </span>
    </p>
   </div>
   <div class='ocr_carea' id='block_1_101' title="bbox 203 5505 1797 5591">
    <p class='ocr_par' dir='ltr' id='par_1_101' title="bbox 203 5505 1797 5591">
     <span class='ocr_line' id='line_1_101' title="bbox 203 5505 1797 5591; baseline 0.009 -32"><span class='ocrx_word' id='word_1_764' title='bbox 203 5505 322 5569; x_wconf 60' lang='lat' dir='ltr'><strong>lete</strong></span> <span class='ocrx_word' id='word_1_765' title='bbox 353 5507 449 5562; x_wconf 72' lang='grc' dir='ltr'><strong>τὸν</strong></span> <span class='ocrx_word' id='word_1_766' title='bbox 483 5509 652 5564; x_wconf 73' lang='grc' dir='ltr'><strong>πολὺν</strong></span> <span class='ocrx_word' id='word_1_767' title='bbox 690 5511 898 5567; x_wconf 73' lang='grc' dir='ltr'><strong>ἰκεϊνον</strong></span> <span class='ocrx_word' id='word_1_768' title='bbox 929 5515 1179 5584; x_wconf 82' lang='grc' dir='ltr'><strong>συνάγων</strong></span> <span class='ocrx_word' id='word_1_769' title='bbox 1206 5515 1458 5583; x_wconf 86' lang='grc' dir='ltr'><strong>πλοῦτον,</strong></span> <span class='ocrx_word' id='word_1_770' title='bbox 1481 5517 1551 5571; x_wconf 83' lang='grc' dir='ltr'><strong>τὰ</strong></span> <span class='ocrx_word' id='word_1_771' title='bbox 1574 5518 1797 5591; x_wconf 70' lang='grc' dir='ltr'><strong>ἅρματα</strong></span> 
     </span>
    </p>
   </div>
   <div class='ocr_carea' id='block_1_102' title="bbox 206 5598 1792 5684">
    <p class='ocr_par' dir='ltr' id='par_1_102' title="bbox 206 5598 1792 5684">
     <span class='ocr_line' id='line_1_102' title="bbox 206 5598 1792 5684; baseline 0.008 -32"><span class='ocrx_word' id='word_1_772' title='bbox 206 5600 302 5653; x_wconf 77' lang='grc' dir='ltr'><strong>καὶ</strong></span> <span class='ocrx_word' id='word_1_773' title='bbox 327 5598 425 5655; x_wconf 72' lang='grc' dir='ltr'><strong>τὸν</strong></span> <span class='ocrx_word' id='word_1_774' title='bbox 449 5599 635 5657; x_wconf 76' lang='grc' dir='ltr'><strong>λοιπὸν</strong></span> <span class='ocrx_word' id='word_1_775' title='bbox 654 5601 844 5675; x_wconf 79' lang='grc' dir='ltr'><strong>τῦφον,</strong></span> <span class='ocrx_word' id='word_1_776' title='bbox 872 5604 933 5660; x_wconf 79' lang='grc' dir='ltr'><strong>ὃν</strong></span> <span class='ocrx_word' id='word_1_777' title='bbox 950 5604 1120 5660; x_wconf 75' lang='grc' dir='ltr'><strong>εἰσέτι</strong></span> <span class='ocrx_word' id='word_1_778' title='bbox 1140 5608 1235 5662; x_wconf 70' lang='grc' dir='ltr'><strong>καὶ</strong></span> <span class='ocrx_word' id='word_1_779' title='bbox 1259 5608 1354 5664; x_wconf 89' lang='grc' dir='ltr'><strong>νῦν</strong></span> <span class='ocrx_word' id='word_1_780' title='bbox 1380 5610 1792 5684; x_wconf 78' lang='grc' dir='ltr'><strong>περιϐέϐλησαι.</strong></span> 
     </span>
    </p>
   </div>
   <div class='ocr_carea' id='block_1_103' title="bbox 272 5714 1788 5797">
    <p class='ocr_par' dir='ltr' id='par_1_103' title="bbox 272 5714 1788 5797">
     <span class='ocr_line' id='line_1_103' title="bbox 272 5714 1788 5797; baseline 0.008 -24"><span class='ocrx_word' id='word_1_781' title='bbox 272 5714 400 5797; x_wconf 55' lang='grc'><strong>⁸(9.8)</strong></span> <span class='ocrx_word' id='word_1_782' title='bbox 437 5717 531 5774; x_wconf 77' lang='lat' dir='ltr'><strong>Sic</strong></span> <span class='ocrx_word' id='word_1_783' title='bbox 554 5716 968 5797; x_wconf 65' lang='lat' dir='ltr'><strong>_!lieronymus_,</strong></span> <span class='ocrx_word' id='word_1_784' title='bbox 1004 5741 1025 5775; x_wconf 75' lang='grc' dir='ltr'><strong>ι</strong></span> <span class='ocrx_word' id='word_1_785' title='bbox 1060 5724 1234 5795; x_wconf 85' lang='lat' dir='ltr'><strong>Supra</strong></span> <span class='ocrx_word' id='word_1_786' title='bbox 1282 5726 1519 5783; x_wconf 81' lang='lat' dir='ltr'><strong>diximus</strong></span> <span class='ocrx_word' id='word_1_787' title='bbox 1552 5725 1788 5785; x_wconf 74' lang='lat' dir='ltr'><strong>Subitam</strong></span> 
     </span>
    </p>
   </div>
   <div class='ocr_carea' id='block_1_104' title="bbox 210 5783 1784 5869">
    <p class='ocr_par' dir='ltr' id='par_1_104' title="bbox 210 5783 1784 5869">
     <span class='ocr_line' id='line_1_104' title="bbox 210 5783 1784 5869; baseline 0.012 -29"><span class='ocrx_word' id='word_1_788' title='bbox 210 5783 390 5844; x_wconf 49' lang='lat' dir='ltr'><strong>fuisse&quot;</strong></span> <span class='ocrx_word' id='word_1_789' title='bbox 418 5790 757 5862; x_wconf 70' lang='lat' dir='ltr'><strong>pontiﬁcem,</strong></span> <span class='ocrx_word' id='word_1_790' title='bbox 785 5783 878 5862; x_wconf 73' lang='lat' dir='ltr'><strong>qui</strong></span> <span class='ocrx_word' id='word_1_791' title='bbox 924 5783 1165 5866; x_wconf 67' lang='lat' dir='ltr'><strong>Assyriis</strong></span> <span class='ocrx_word' id='word_1_792' title='bbox 1210 5798 1450 5869; x_wconf 86' lang='lat' dir='ltr'><strong>prodidit</strong></span> <span class='ocrx_word' id='word_1_793' title='bbox 1483 5783 1784 5859; x_wconf 67' lang='lat' dir='ltr'><strong>civitatem.</strong></span> 
     </span>
    </p>
   </div>
   <div class='ocr_carea' id='block_1_105' title="bbox 1899 4605 3481 4681">
    <p class='ocr_par' dir='ltr' id='par_1_105' title="bbox 1899 4605 3481 4681">
     <span class='ocr_line' id='line_1_105' title="bbox 1899 4605 3481 4681; baseline -0.003 -12"><span class='ocrx_word' id='word_1_794' title='bbox 1899 4619 2065 4669; x_wconf 89' lang='lat' dir='ltr'><strong>sunt:</strong></span> <span class='ocrx_word' id='word_1_795' title='bbox 2097 4610 2308 4681; x_wconf 80' lang='lat' dir='ltr'><strong>ipsique</strong></span> <span class='ocrx_word' id='word_1_796' title='bbox 2342 4608 2529 4665; x_wconf 84' lang='lat' dir='ltr'><strong>dicere</strong></span> <span class='ocrx_word' id='word_1_797' title='bbox 2574 4608 2908 4681; x_wconf 65' lang='lat' dir='ltr'><strong>precipitur,</strong></span> <span class='ocrx_word' id='word_1_798' title='bbox 2954 4605 3104 4679; x_wconf 75' lang='lat' dir='ltr'><strong>Heus</strong></span> <span class='ocrx_word' id='word_1_799' title='bbox 3146 4618 3227 4675; x_wconf 88' lang='lat' dir='ltr'><strong>tu,</strong></span> <span class='ocrx_word' id='word_1_800' title='bbox 3275 4608 3481 4665; x_wconf 75' lang='lat' dir='ltr'><strong>frustra</strong></span> 
     </span>
    </p>
   </div>
   <div class='ocr_carea' id='block_1_106' title="bbox 1895 4700 3482 4770">
    <p class='ocr_par' dir='ltr' id='par_1_106' title="bbox 1895 4700 3482 4770">
     <span class='ocr_line' id='line_1_106' title="bbox 1895 4700 3482 4770; baseline 0 -12"><span class='ocrx_word' id='word_1_801' title='bbox 1895 4713 1952 4758; x_wconf 89' lang='lat' dir='ltr'><strong>et</strong></span> <span class='ocrx_word' id='word_1_802' title='bbox 1988 4710 2192 4758; x_wconf 85' lang='lat' dir='ltr'><strong>temere</strong></span> <span class='ocrx_word' id='word_1_803' title='bbox 2231 4701 2321 4756; x_wconf 85' lang='lat' dir='ltr'><strong>hic</strong></span> <span class='ocrx_word' id='word_1_804' title='bbox 2354 4700 2449 4754; x_wconf 86' lang='lat' dir='ltr'><strong>tibi</strong></span> <span class='ocrx_word' id='word_1_805' title='bbox 2486 4700 2541 4755; x_wconf 91' lang='lat' dir='ltr'><strong>in</strong></span> <span class='ocrx_word' id='word_1_806' title='bbox 2576 4700 2683 4755; x_wconf 89' lang='lat' dir='ltr'><strong>alta</strong></span> <span class='ocrx_word' id='word_1_807' title='bbox 2724 4709 2879 4770; x_wconf 90' lang='lat' dir='ltr'><strong>petra</strong></span> <span class='ocrx_word' id='word_1_808' title='bbox 2925 4710 3334 4757; x_wconf 86' lang='lat' dir='ltr'><strong>monumentum</strong></span> <span class='ocrx_word' id='word_1_809' title='bbox 3381 4718 3482 4758; x_wconf 80' lang='lat' dir='ltr'><strong>ex-</strong></span> 
     </span>
    </p>
   </div>
   <div class='ocr_carea' id='block_1_107' title="bbox 1895 4788 3481 4863">
    <p class='ocr_par' dir='ltr' id='par_1_107' title="bbox 1895 4788 3481 4863">
     <span class='ocr_line' id='line_1_107' title="bbox 1895 4788 3481 4863; baseline 0.001 -16"><span class='ocrx_word' id='word_1_810' title='bbox 1895 4791 2129 4857; x_wconf 83' lang='lat' dir='ltr'><strong>cidisti,</strong></span> <span class='ocrx_word' id='word_1_811' title='bbox 2158 4789 2441 4859; x_wconf 88' lang='lat' dir='ltr'><strong>insculptis</strong></span> <span class='ocrx_word' id='word_1_812' title='bbox 2478 4788 2678 4846; x_wconf 86' lang='lat' dir='ltr'><strong>litteris</strong></span> <span class='ocrx_word' id='word_1_813' title='bbox 2722 4791 3015 4847; x_wconf 82' lang='lat' dir='ltr'><strong>voluntatis</strong></span> <span class='ocrx_word' id='word_1_814' title='bbox 3068 4801 3174 4847; x_wconf 71' lang='lat' dir='ltr'><strong>tua:</strong></span> <span class='ocrx_word' id='word_1_815' title='bbox 3233 4792 3481 4863; x_wconf 78' lang='lat' dir='ltr'><strong>symbols</strong></span> 
     </span>
    </p>
   </div>
   <div class='ocr_carea' id='block_1_108' title="bbox 1898 4878 3480 4953">
    <p class='ocr_par' dir='ltr' id='par_1_108' title="bbox 1898 4878 3480 4953">
     <span class='ocr_line' id='line_1_108' title="bbox 1898 4878 3480 4953; baseline 0 -17"><span class='ocrx_word' id='word_1_816' title='bbox 1898 4890 2294 4953; x_wconf 60' lang='lat' dir='ltr'><strong>reprcsentans</strong></span> <span class='ocrx_word' id='word_1_817' title='bbox 2337 4899 2352 4935; x_wconf 87' lang='lat'>:</span> <span class='ocrx_word' id='word_1_818' title='bbox 2398 4879 2657 4949; x_wconf 80' lang='lat' dir='ltr'><strong>ignorans</strong></span> <span class='ocrx_word' id='word_1_819' title='bbox 2699 4880 2975 4936; x_wconf 87' lang='lat' dir='ltr'><strong>decretum</strong></span> <span class='ocrx_word' id='word_1_820' title='bbox 3015 4894 3047 4935; x_wconf 88' lang='lat' dir='ltr'><strong>a</strong></span> <span class='ocrx_word' id='word_1_821' title='bbox 3104 4880 3330 4935; x_wconf 86' lang='lat' dir='ltr'><strong>Domino</strong></span> <span class='ocrx_word' id='word_1_822' title='bbox 3378 4878 3480 4936; x_wconf 85' lang='lat' dir='ltr'><strong>Sa-</strong></span> 
     </span>
    </p>
   </div>
   <div class='ocr_carea' id='block_1_109' title="bbox 1898 4970 3478 5041">
    <p class='ocr_par' dir='ltr' id='par_1_109' title="bbox 1898 4970 3478 5041">
     <span class='ocr_line' id='line_1_109' title="bbox 1898 4970 3478 5041; baseline -0.002 -12"><span class='ocrx_word' id='word_1_823' title='bbox 1898 4973 2061 5029; x_wconf 85' lang='lat' dir='ltr'><strong>baoth</strong></span> <span class='ocrx_word' id='word_1_824' title='bbox 2087 4981 2274 5028; x_wconf 89' lang='lat' dir='ltr'><strong>contra</strong></span> <span class='ocrx_word' id='word_1_825' title='bbox 2306 4980 2359 5026; x_wconf 87' lang='lat' dir='ltr'><strong>te</strong></span> <span class='ocrx_word' id='word_1_826' title='bbox 2383 4971 2624 5041; x_wconf 83' lang='lat' dir='ltr'><strong>prodire,</strong></span> <span class='ocrx_word' id='word_1_827' title='bbox 2649 4985 2758 5041; x_wconf 91' lang='lat' dir='ltr'><strong>quo</strong></span> <span class='ocrx_word' id='word_1_828' title='bbox 2786 4980 2841 5026; x_wconf 91' lang='lat' dir='ltr'><strong>te</strong></span> <span class='ocrx_word' id='word_1_829' title='bbox 2867 4970 3043 5039; x_wconf 73' lang='lat' dir='ltr'><strong>iubet,</strong></span> <span class='ocrx_word' id='word_1_830' title='bbox 3077 4970 3283 5028; x_wconf 89' lang='lat' dir='ltr'><strong>honore</strong></span> <span class='ocrx_word' id='word_1_831' title='bbox 3315 4986 3478 5041; x_wconf 87' lang='lat' dir='ltr'><strong>quem</strong></span> 
     </span>
    </p>
   </div>
   <div class='ocr_carea' id='block_1_110' title="bbox 1900 5061 3475 5135">
    <p class='ocr_par' dir='ltr' id='par_1_110' title="bbox 1900 5061 3475 5135">
     <span class='ocr_line' id='line_1_110' title="bbox 1900 5061 3475 5135; baseline -0.001 -17"><span class='ocrx_word' id='word_1_832' title='bbox 1900 5079 2044 5118; x_wconf 90' lang='lat' dir='ltr'><strong>nunc</strong></span> <span class='ocrx_word' id='word_1_833' title='bbox 2091 5063 2306 5118; x_wconf 88' lang='lat' dir='ltr'><strong>obtines</strong></span> <span class='ocrx_word' id='word_1_834' title='bbox 2344 5061 2725 5128; x_wconf 87' lang='lat' dir='ltr'><strong>deturbatum,</strong></span> <span class='ocrx_word' id='word_1_835' title='bbox 2770 5063 3005 5130; x_wconf 89' lang='lat' dir='ltr'><strong>amictu,</strong></span> <span class='ocrx_word' id='word_1_836' title='bbox 3055 5078 3164 5135; x_wconf 91' lang='lat' dir='ltr'><strong>quo</strong></span> <span class='ocrx_word' id='word_1_837' title='bbox 3210 5062 3475 5127; x_wconf 82' lang='lat' dir='ltr'><strong>inducris,</strong></span> 
     </span>
    </p>
   </div>
   <div class='ocr_carea' id='block_1_111' title="bbox 1897 5152 3477 5227">
    <p class='ocr_par' dir='ltr' id='par_1_111' title="bbox 1897 5152 3477 5227">
     <span class='ocr_line' id='line_1_111' title="bbox 1897 5152 3477 5227; baseline 0.001 -18"><span class='ocrx_word' id='word_1_838' title='bbox 1897 5168 2099 5209; x_wconf 90' lang='lat' dir='ltr'><strong>corona</strong></span> <span class='ocrx_word' id='word_1_839' title='bbox 2122 5168 2187 5207; x_wconf 89' lang='lat' dir='ltr'><strong>ac</strong></span> <span class='ocrx_word' id='word_1_840' title='bbox 2218 5152 2428 5227; x_wconf 87' lang='lat' dir='ltr'><strong>reliquo</strong></span> <span class='ocrx_word' id='word_1_841' title='bbox 2450 5154 2648 5209; x_wconf 87' lang='lat' dir='ltr'><strong>decore</strong></span> <span class='ocrx_word' id='word_1_842' title='bbox 2676 5163 2925 5221; x_wconf 82' lang='lat' dir='ltr'><strong>exutum,</strong></span> <span class='ocrx_word' id='word_1_843' title='bbox 2950 5154 3144 5224; x_wconf 87' lang='lat' dir='ltr'><strong>procul</strong></span> <span class='ocrx_word' id='word_1_844' title='bbox 3172 5156 3277 5210; x_wconf 82' lang='lat' dir='ltr'><strong>hac</strong></span> <span class='ocrx_word' id='word_1_845' title='bbox 3307 5165 3477 5220; x_wconf 89' lang='lat' dir='ltr'><strong>terra,</strong></span> 
     </span>
    </p>
   </div>
   <div class='ocr_carea' id='block_1_112' title="bbox 1899 5243 3480 5319">
    <p class='ocr_par' dir='ltr' id='par_1_112' title="bbox 1899 5243 3480 5319">
     <span class='ocr_line' id='line_1_112' title="bbox 1899 5243 3480 5319; baseline 0.003 -20"><span class='ocrx_word' id='word_1_846' title='bbox 1899 5245 1953 5299; x_wconf 92' lang='lat' dir='ltr'><strong>in</strong></span> <span class='ocrx_word' id='word_1_847' title='bbox 1988 5243 2273 5315; x_wconf 82' lang='lat' dir='ltr'><strong>peregrina</strong></span> <span class='ocrx_word' id='word_1_848' title='bbox 2310 5256 2365 5300; x_wconf 90' lang='lat' dir='ltr'><strong>et</strong></span> <span class='ocrx_word' id='word_1_849' title='bbox 2408 5244 2773 5301; x_wconf 82' lang='lat' dir='ltr'><strong>remotissima</strong></span> <span class='ocrx_word' id='word_1_850' title='bbox 2826 5249 3048 5317; x_wconf 86' lang='lat' dir='ltr'><strong>regione</strong></span> <span class='ocrx_word' id='word_1_851' title='bbox 3098 5246 3339 5319; x_wconf 77' lang='lat' dir='ltr'><strong>defungi.</strong></span> <span class='ocrx_word' id='word_1_852' title='bbox 3371 5246 3480 5303; x_wconf 85' lang='lat' dir='ltr'><strong>Su-</strong></span> 
     </span>
    </p>
   </div>
   <div class='ocr_carea' id='block_1_113' title="bbox 1898 5334 3481 5409">
    <p class='ocr_par' dir='ltr' id='par_1_113' title="bbox 1898 5334 3481 5409">
     <span class='ocr_line' id='line_1_113' title="bbox 1898 5334 3481 5409; baseline 0.003 -20"><span class='ocrx_word' id='word_1_853' title='bbox 1898 5334 2104 5405; x_wconf 82' lang='lat' dir='ltr'><strong>perﬂue</strong></span> <span class='ocrx_word' id='word_1_854' title='bbox 2135 5335 2299 5406; x_wconf 85' lang='lat' dir='ltr'><strong>igitur</strong></span> <span class='ocrx_word' id='word_1_855' title='bbox 2328 5344 2505 5391; x_wconf 84' lang='lat' dir='ltr'><strong>tantas</strong></span> <span class='ocrx_word' id='word_1_856' title='bbox 2537 5334 2658 5391; x_wconf 88' lang='lat' dir='ltr'><strong>illas</strong></span> <span class='ocrx_word' id='word_1_857' title='bbox 2686 5334 2907 5392; x_wconf 86' lang='lat' dir='ltr'><strong>divitias</strong></span> <span class='ocrx_word' id='word_1_858' title='bbox 2934 5336 3181 5394; x_wconf 69' lang='lat' dir='ltr'><strong>Studiose</strong></span> <span class='ocrx_word' id='word_1_859' title='bbox 3218 5337 3481 5409; x_wconf 84' lang='lat' dir='ltr'><strong>colligere</strong></span> 
     </span>
    </p>
   </div>
   <div class='ocr_carea' id='block_1_114' title="bbox 1898 5426 3480 5508">
    <p class='ocr_par' dir='ltr' id='par_1_114' title="bbox 1898 5426 3480 5508">
     <span class='ocr_line' id='line_1_114' title="bbox 1898 5426 3480 5508; baseline 0.002 -27"><span class='ocrx_word' id='word_1_860' title='bbox 1898 5426 2204 5497; x_wconf 74' lang='lat' dir='ltr'><strong>satagebas,</strong></span> <span class='ocrx_word' id='word_1_861' title='bbox 2246 5440 2311 5483; x_wconf 82' lang='lat' dir='ltr'><strong>ac</strong></span> <span class='ocrx_word' id='word_1_862' title='bbox 2366 5440 2559 5483; x_wconf 88' lang='lat' dir='ltr'><strong>currus</strong></span> <span class='ocrx_word' id='word_1_863' title='bbox 2596 5436 3005 5500; x_wconf 87' lang='lat' dir='ltr'><strong>superbumque</strong></span> <span class='ocrx_word' id='word_1_864' title='bbox 3036 5429 3203 5484; x_wconf 88' lang='lat' dir='ltr'><strong>alium</strong></span> <span class='ocrx_word' id='word_1_865' title='bbox 3239 5443 3480 5508; x_wconf 83' lang='lat' dir='ltr'><strong>appara-</strong></span> 
     </span>
    </p>
   </div>
   <div class='ocr_carea' id='block_1_115' title="bbox 1899 5511 3480 5593">
    <p class='ocr_par' dir='ltr' id='par_1_115' title="bbox 1899 5511 3480 5593">
     <span class='ocr_line' id='line_1_115' title="bbox 1899 5511 3480 5593; baseline 0.003 -21"><span class='ocrx_word' id='word_1_866' title='bbox 1899 5528 2032 5582; x_wconf 87' lang='lat' dir='ltr'><strong>tum,</strong></span> <span class='ocrx_word' id='word_1_867' title='bbox 2073 5532 2181 5587; x_wconf 91' lang='lat' dir='ltr'><strong>quo</strong></span> <span class='ocrx_word' id='word_1_868' title='bbox 2224 5511 2370 5574; x_wconf 78' lang='lat' dir='ltr'><strong>nunc</strong></span> <span class='ocrx_word' id='word_1_869' title='bbox 2397 5518 2662 5575; x_wconf 89' lang='lat' dir='ltr'><strong>indueris.</strong></span> <span class='ocrx_word' id='word_1_870' title='bbox 2708 5516 2835 5576; x_wconf 69' lang='lat' dir='ltr'><strong>Haec</strong></span> <span class='ocrx_word' id='word_1_871' title='bbox 2875 5519 3001 5578; x_wconf 90' lang='lat' dir='ltr'><strong>item</strong></span> <span class='ocrx_word' id='word_1_872' title='bbox 3040 5520 3309 5593; x_wconf 87' lang='lat' dir='ltr'><strong>quispiam</strong></span> <span class='ocrx_word' id='word_1_873' title='bbox 3342 5530 3480 5577; x_wconf 90' lang='lat' dir='ltr'><strong>tem-</strong></span> 
     </span>
    </p>
   </div>
   <div class='ocr_carea' id='block_1_116' title="bbox 1900 5606 3474 5686">
    <p class='ocr_par' dir='ltr' id='par_1_116' title="bbox 1900 5606 3474 5686">
     <span class='ocr_line' id='line_1_116' title="bbox 1900 5606 3474 5686; baseline 0.003 -21"><span class='ocrx_word' id='word_1_874' title='bbox 1900 5612 2018 5681; x_wconf 90' lang='lat' dir='ltr'><strong>pori</strong></span> <span class='ocrx_word' id='word_1_875' title='bbox 2051 5610 2323 5682; x_wconf 86' lang='lat' dir='ltr'><strong>passionis</strong></span> <span class='ocrx_word' id='word_1_876' title='bbox 2365 5609 2675 5668; x_wconf 80' lang='lat' dir='ltr'><strong>Senatoris</strong></span> <span class='ocrx_word' id='word_1_877' title='bbox 2714 5614 2888 5668; x_wconf 87' lang='lat' dir='ltr'><strong>nostri</strong></span> <span class='ocrx_word' id='word_1_878' title='bbox 2919 5606 3282 5686; x_wconf 76' lang='lat' dir='ltr'><strong>congruenter</strong></span> <span class='ocrx_word' id='word_1_879' title='bbox 3320 5624 3474 5685; x_wconf 85' lang='lat' dir='ltr'><strong>apta-</strong></span> 
     </span>
    </p>
   </div>
   <div class='ocr_carea' id='block_1_117' title="bbox 1896 5719 3477 5797">
    <p class='ocr_par' dir='ltr' id='par_1_117' title="bbox 1896 5719 3477 5797">
     <span class='ocr_line' id='line_1_117' title="bbox 1896 5719 3477 5797; baseline 0 -14"><span class='ocrx_word' id='word_1_880' title='bbox 1896 5728 2002 5783; x_wconf 79' lang='lat' dir='ltr'><strong>Sed</strong></span> <span class='ocrx_word' id='word_1_881' title='bbox 2032 5728 2157 5797; x_wconf 87' lang='lat' dir='ltr'><strong>quia</strong></span> <span class='ocrx_word' id='word_1_882' title='bbox 2187 5719 2294 5783; x_wconf 72' lang='lat' dir='ltr'><strong>huc</strong></span> <span class='ocrx_word' id='word_1_883' title='bbox 2320 5726 2631 5787; x_wconf 82' lang='lat' dir='ltr'><strong>traditionis</strong></span> <span class='ocrx_word' id='word_1_884' title='bbox 2658 5736 2743 5788; x_wconf 87' lang='lat' dir='ltr'><strong>est</strong></span> <span class='ocrx_word' id='word_1_885' title='bbox 2774 5726 3082 5796; x_wconf 71' lang='lat' dir='ltr'><strong>Hebraicae,</strong></span> <span class='ocrx_word' id='word_1_886' title='bbox 3108 5735 3160 5784; x_wconf 82' lang='lat' dir='ltr'><strong>et</strong></span> <span class='ocrx_word' id='word_1_887' title='bbox 3187 5724 3477 5797; x_wconf 85' lang='lat' dir='ltr'><strong>Scriptura</strong></span> 
     </span>
    </p>
   </div>
   <div class='ocr_carea' id='block_1_118' title="bbox 1897 5798 2426 5870">
    <p class='ocr_par' dir='ltr' id='par_1_118' title="bbox 1897 5798 2426 5870">
     <span class='ocr_line' id='line_1_118' title="bbox 1897 5798 2426 5870; baseline -0.008 -15"><span class='ocrx_word' id='word_1_888' title='bbox 1897 5813 2007 5857; x_wconf 87' lang='lat' dir='ltr'><strong>non</strong></span> <span class='ocrx_word' id='word_1_889' title='bbox 2039 5798 2295 5870; x_wconf 85' lang='lat' dir='ltr'><strong>loquitur,</strong></span> <span class='ocrx_word' id='word_1_890' title='bbox 2320 5804 2426 5855; x_wconf 87' lang='lat' dir='ltr'><strong>etc.</strong></span> 
     </span>
    </p>
   </div>
  </div>
