4120 6294
1105 363 1612 423 COMMENTARIA
1655 365 1720 420 ΙΝ
1762 362 2016 419 ISAIAM.
2059 392 2128 402 ——
2164 360 2319 417 CAP.
2372 358 2566 415 XXIII.

3365 359 3473 415 23‘

190 480 417 554 πρώτοις
453 497 717 552 σημαινει
743 479 849 552 τὴν
892 478 1223 535 ἐπελθοῦσαν
1248 484 1315 551 τῇ
1363 480 1525 552 Τύρῳ
1568 481 1760 551 πολιορ

1884 475 2156 546 signiﬁcat
2200 475 2440 529 futuram
2485 471 2613 542 Tyri
2664 468 3003 526 obsidionem
3037 484 3053 523 :
3085 485 3192 541 quo
3227 478 3475 541 tempore

190 575 312 627 κίαν
336 590 352 604 ·
378 571 496 626 καθ’
534 571 594 625 δν
629 569 828 640 χρόνον
862 569 1142 632 ἐπιστάςό
1184 568 1467 641 Ἀσσύριος
1502 569 1641 639 μετά
1669 567 1777 619 τῶν

188 666 364 719 ἄλλων
395 662 564 717 ἐθνῶν
592 662 686 714 καὶ
709 659 882 731 αὐτὴν
908 655 1018 713 εἷλε
1057 661 1151 713 καὶ
1182 660 1279 730 τὴν
1308 659 1535 722 Σιδῶνα,
1565 658 1641 721 ὡς
1682 659 1776 710 καὶ

187 758 243 808 ἐν
276 758 398 817 ταις
437 752 634 818 ἐξωθεν
661 750 963 821 ἐμφέρεται
1006 750 1286 821 ἱστορίαις.
1348 751 1435 803 Ἐν
1475 749 1556 819 τῷ
1600 746 1777 817 καιρῷ

186 849 367 901 τοίνυν
391 844 623 914 ἐκείνῳ,
644 842 767 895 καθ’
795 843 855 895 ὃν
883 843 980 913 τὴν
1010 841 1281 910 τοσαύτην
1309 841 1523 912 ἐκείνην
1549 840 1776 908 ὑπέμει-

186 958 274 992 νεν
300 936 540 1007 ἐρημίαν
566 937 599 1006 ἡ
624 935 840 1006 Τυρίων
874 935 1047 998 πόλις,
1076 935 1222 996 εἰκὸς
1244 929 1311 1004 ἧν
1340 934 1536 997 αὐτοὺς
1578 933 1775 1003 μηκέτι

189 1030 325 1103 μηδὲ
371 1028 593 1100 συνήθει
627 1025 928 1098 κεχρῆσθαι
966 1025 1228 1096 ἐμπορίᾳ,
1265 1027 1552 1088 ναυτικοὺς
1591 1024 1772 1086 ὄντας,

186 1122 278 1177 καὶ
310 1120 545 1174 πάντοτε
582 1118 988 1190 πραγματείαις
1015 1120 1136 1179 ταῖς
1166 1117 1254 1169 διὰ
1282 1116 1557 1186 θαλάσσης
1584 1114 1774 1184 σχολά-

185 1210 399 1276 ζοντας.
480 1209 899 1279 ’Δφανισθείσης
944 1206 1125 1260 τοίνυν
1175 1211 1274 1279 τῆς
1326 1208 1540 1279 Τύρου,
1588 1209 1772 1261 οὐκέτι

183 1298 323 1372 ἦσαν
370 1304 424 1356 οἰ
472 1303 573 1365 τὰς
622 1302 891 1372 ἐμπορίας
940 1300 999 1365 ἐξ
1043 1302 1216 1371 αὐτῆς
1266 1301 1613 1371 κομίζοντες,
1665 1301 1773 1355 ἀπὸ

182 1393 533 1465 Καρχηδόνος
564 1393 815 1457 εἰωθότες
846 1393 1088 1447 διαπλεῖν
1128 1394 1220 1445 ἐπὶ
1250 1393 1348 1465 τὴν
1378 1394 1574 1465 Τύρον.
1612 1413 1628 1444 ι
1660 1394 1771 1446 Καὶ

178 1487 361 1541 οὐκέτι
394 1486 645 1557 ἐρχονται
692 1488 756 1539 ἐκ
796 1488 897 1557 γῆς
936 1486 1233 1539 Κιττιέων·
1281 1480 1447 1555 ἦκται
1490 1484 1773 1555 αἰχμάλω-

174 1596 288 1640 τος.
337 1598 356 1629 ι
398 1577 638 1645 Λέγεται
684 1577 742 1630 δὲ
791 1580 823 1650 ἠ
876 1577 1101 1647 Κύπρος
1146 1578 1290 1630 οὕτω
1330 1576 1620 1648 δηλοῦσθαι
1678 1579 1771 1632 καὶ

170 1666 426 1718 Κιττίων
479 1660 621 1719 εἰναι
661 1665 815 1718 πόλιν
854 1668 913 1718 ἐν
955 1669 1116 1737 αὐτῇ,
1151 1667 1218 1719 δι’
1255 1662 1323 1738 ἦς
1364 1668 1672 1738 παρέπλεον
1718 1669 1767 1720 οί

1882 568 2277 637 superveniens
2304 567 2565 643 Assyrius
2592 580 2718 621 cum
2748 565 2869 619 aliis
2894 564 3171 635 gentibus.
3197 575 3255 620 et
3298 564 3472 635 ipsam

1879 671 1934 714 et
1964 660 2222 714 Sidonem
2264 657 2441 726 cepit,
2484 664 2544 710 ut
2574 655 2743 710 etiam
2788 656 2842 709 in
2874 665 3189 710 exterarum
3226 655 3471 710 historiis

1882 760 2158 805 narratur.
2204 746 2300 802 Illo
2350 747 2537 815 itaque
2588 754 2863 816 tempore,
2913 761 3025 817 quo
3061 746 3352 816 Tyriorum
3391 748 3473 800 cl-

1877 846 2017 899 vitas
2048 851 2253 899 tantam
2290 856 2452 911 passa
2494 849 2583 895 est
2615 840 2953 905 vastitatem,
2981 855 3324 911 consequens
3351 852 3471 897 erat

1880 935 2002 989 illos
2054 948 2161 988 non
2228 932 2393 987 solito
2447 930 2783 985 commercio
2830 932 2949 995 uti;
3010 933 3213 987 nautici
3268 933 3470 1002 quippe

1879 1035 2074 1088 erant,
2122 1040 2184 1079 ac
2222 1038 2437 1095 semper
2512 1022 2743 1077 marinis
2802 1021 3259 1092 negotiationibus
3306 1040 3468 1078 vaca-

1878 1119 2031 1173 bant.
2067 1116 2252 1171 Deleta
2297 1118 2480 1183 itaque
2510 1114 2676 1185 Tyro,
2709 1114 2842 1170 nulli
2884 1119 3157 1187 erantqui
3189 1133 3289 1187 pro
3316 1136 3470 1175 more

1878 1225 2089 1265 merces
2156 1210 2282 1265 inde
2345 1210 2818 1265 transveherent:
2868 1209 2903 1263 ii
2957 1224 3088 1265 vero
3135 1210 3469 1283 Carthagine

1876 1299 2079 1369 Tyrum
2116 1300 2375 1368 navigare
2424 1298 2696 1354 solebant.
2736 1317 2755 1351 ι
2790 1299 2855 1353 Et
2902 1314 3008 1354 non
3054 1301 3194 1355 ultra
3242 1303 3470 1358 veniunt

1874 1391 1940 1445 de
1989 1399 2131 1445 terra
2163 1389 2480 1445 Citiensium
2509 1410 2523 1445 :
2561 1389 2835 1447 abductus
2880 1402 2965 1446 est
2999 1394 3271 1462 captivus.
3296 1413 3313 1446 ι
3370 1394 3467 1452 llis

1877 1481 2109 1536 indicari
2164 1480 2403 1550 Cyprum
2435 1482 2658 1545 dicitur,
2690 1482 3091 1552 Cittiorumque
3119 1485 3310 1539 urbem
3363 1486 3466 1541 ibi-

1873 1573 1995 1626 dem
2048 1582 2302 1639 exstare,
2357 1573 2443 1628 cui
2492 1572 2905 1643 adnavigabant
2943 1575 3036 1644 qui
3086 1573 3233 1646 Tyro
3279 1576 3465 1632 solve-

1872 1663 2024 1717 bant.

167 1758 280 1811 ἀπὸ
304 1758 412 1827 τῆς
441 1758 621 1827 Τύρου
649 1758 1067 1828 ναυτιλλόμενοι.

241 1868 263 1899 ι
330 1849 457 1903 Τίνι
508 1852 683 1920 ὅμοιοι
736 1850 1023 1917 γεγόνασιν
1074 1852 1124 1903 oi
1172 1851 1552 1914 κατοικοῦντες
1596 1852 1653 1903 ἐν
1704 1853 1760 1921 τῇ

1949 1844 2112 1900 Vens.
2140 1845 2260 1900 2-4.
2308 1865 2326 1897 ι
2356 1846 2453 1901 Cui
2490 1844 2699 1900 similes
2740 1843 2867 1899 facti
2903 1854 3032 1899 sunt
3077 1848 3167 1915 qui
3207 1847 3461 1905 habitant

159 1940 340 2011 νήσῳ,
373 1942 667 2013 μετάϐολοι
686 1942 957 2013 Φοινίκης,
979 1943 1346 2014 διαπερῶντες
1368 1945 1467 2013 τὴν
1492 1944 1760 1999 θάλασσαν

1879 1946 1931 1998 in
1966 1942 2164 2006 insula,
2201 1940 2571 2010 negotiatores
2598 1937 2913 2001 Phreniciae,
2946 1939 3278 2007 trajicientes
3311 1954 3463 1995 mare

156 2033 221 2083 ἐν
251 2032 417 2085 ὕδατι
439 2032 653 2101 mihi);
681 2033 899 2102 σπέρμα
925 2032 1237 2102 μεταϐόλων
1254 2035 1329 2097 ὡς
1356 2034 1569 2103 ἀμητοῦ
1592 2036 1760 2103 εἰσφε-

1876 2034 1927 2087 ἰιι
1966 2046 2106 2100 aqua
2150 2031 2359 2085 multa?
2410 2046 2595 2086 semen
2634 2031 3031 2100 negotiatorum
3067 2032 3223 2099 quasi
3270 2032 3463 2086 messis

161 2123 445 2193 ρομὲνου·
484 2125 536 2176 οί
574 2124 861 2194 μετάϐολοι
908 2125 1015 2178 τῶν
1058 2124 1249 2181 ἐθνῶν.
1297 2125 1645 2196 Αίσχύνθητι,
1680 2127 1760 2178 Σι-

1874 2134 2258 2194 comportatze;
2310 2126 2678 2194 negotiatores
2721 2124 2985 2192 gentium.
3021 2123 3319 2188 Erubesce,
3374 2124 3463 2179 Si-

154 2214 291 2277 δὼν,
339 2212 501 2268 εἶπεν
540 2217 573 2285 ἡ
624 2214 887 2270 θάλασσα.
940 2217 1005 2269 Ἤ
1044 2216 1101 2269 δὲ
1147 2218 1298 2287 ίσχὺς
1346 2222 1445 2289 τῆς
1491 2219 1760 2288 Θαλάσσης

1872 2220 1999 2280 don,
2037 2218 2172 2270 dixit
2206 2231 2375 2270 mare.
2410 2215 2693 2271 Fortitudo
2722 2226 2908 2271 autem
2953 2216 3123 2270 maris
3156 2217 3309 2276 dixit,
3344 2215 3461 2271 Non

150 2302 318 2359 εἶπεν
342 2322 357 2335 ·
391 2306 511 2360 Οὐκ
535 2305 744 2370 ὢδινον,
774 2308 895 2360 οὐδὲ
922 2308 1129 2373 ἔτεκον,
1156 2309 1278 2361 οὐδὲ
1303 2308 1567 2381 ἐξέθρεψα
1597 2312 1760 2364 νεανί-

1874 2310 2170 2381 parturivi,
2215 2323 2314 2362 nec
2364 2310 2580 2377 peperi,
2628 2323 2729 2363 nec
2779 2310 3017 2363 enutrivi
3060 2309 3311 2378 juvenes,
3360 2325 3461 2365 nec

150 2413 355 2459 «κους,
418 2396 541 2449 οὐδὲ
595 2397 784 2467 ὖψωσα
832 2400 1148 2471 παρθένους.
1211 2421 1229 2453 ι
1281 2401 1397 2455 Νῦν
1442 2403 1497 2455 δὲ
1545 2405 1764 2458 πάντων

147 2488 389 2559 ἀθρόως
421 2492 846 2563 ἀφῃρημένους,
888 2494 1115 2546 καὶτῶν
1161 2494 1533 2566 νομιζομένων
1578 2499 1765 2563 αὐτοῖς

145 2582 397 2647 ἀγαθῶν
435 2585 821 2655 στερηθέντας,
868 2585 1128 2657 αἰσχύνην
1169 2588 1531 2657 καταχέεσθαι
1596 2607 1760 2660 προσ-

1871 2600 2114 2651 eversos,
2149 2584 2356 2653 pudore
2384 2581 2623 2638 suﬂ‘undi
2652 2584 2941 2649 convenit;
2984 2599 3083 2639 nec
3119 2598 3218 2639 eos
3246 2584 3456 2665 solum,

144 2673 283 2742 ήκει
304 2690 320 2704 ·
376 2674 455 2747 μὴ
494 2676 711 2745 μόνους,
739 2676 873 2730 ἀλλά
902 2678 995 2730 καὶ
1028 2680 1153 2741 τοὺς
1180 2681 1245 2731 ἐκ
1285 2681 1542 2747 γειτόνων
1580 2682 1760 2747 αὐτοῖς

1871 2678 1964 2730 sed
1999 2677 2165 2731 etiam
2198 2676 2411 2732 vicinos
2442 2692 2632 2733 eorum
2684 2675 2981 2730 Sidonios:
3022 2674 3107 2729 vel
3152 2677 3271 2745 ipso
3318 2679 3457 2733 nisti

143 2764 461 2831 οἰκοῦντας
507 2767 819 2832 Σιδωνίους·
873 2771 1157 2840 μονονουχὶ
1202 2772 1298 2824 καὶ
1342 2771 1442 2841 τῆς
1483 2771 1760 2844 θαλάσσης

1869 2772 2023 2839 quasi
2068 2785 2255 2825 vocem
2299 2769 2605 2831 emittente,
2654 2782 2719 2822 ac
2767 2768 3006 2837 lugente,
3038 2769 3185 2837 quod
3226 2767 3459 2838 juvenes

143 2855 364 2927 αὐτῆς,
395 2856 582 2931 φωνην
614 2858 885 2931 ἀφιείσης,
914 2861 1008 2913 καὶ
1035 2859 1451 2933 ἀποθρηνούσης
1476 2863 1647 2933 αὐτῆς
1672 2864 1760 2917 διὰ

1866 2870 1924 2913 et
1956 2860 2213 2928 virgines,
2234 2873 2372 2929 quos
2398 2859 2652 2923 enutriat,
2676 2873 2783 2913 non
2816 2859 3034 2914 habeat.
3065 2858 3332 2925 Quoniam
3368 2878 3461 2915 an-

145 2942 214 2995 τὸ
251 2944 470 3017 μηκέτι
517 2945 662 3017 ἐχειν
698 2947 793 3011 οὓς
833 2947 1022 3019 θρέψει
1070 2951 1385 3013 νεανίσκους
1425 2952 1520 3005 καὶ
1552 2952 1759 3023 παρθέο

1870 2951 2121 3021 tiquitus,
2148 2966 2247 3006 ceu
2290 2951 2458 3005 maris
2492 2949 2664 3017 ipsius
2710 2950 2909 3018 proles,
2937 2952 3006 3007 ab
3032 2965 3098 3006 eo
3134 2950 3451 3021 alebantur,

146 3052 307 3099 νους-
347 3037 478 3090 Ὀτι
502 3037 565 3091 τὺ
591 3039 819 3093 παλαιὸν
844 3041 1032 3114 ὥσπερ
1064 3043 1337 3113 θαλάσσης
1371 3044 1541 3116 αὐτῆς
1568 3048 1760 3115 γεννή-

1865 3061 1973 3113 quo
2004 3055 2244 3116 tempore
2290 3061 2377 3100 res
2406 3044 2694 3115 Tyriorum
2725 3044 2991 3101 ﬂorebant
3017 3064 3032 3103 :
3070 3065 3213 3103 nunc
3242 3058 3452 3117 autem,

90 3192 91 3195 η
156 3144 312 3195 ματα
367 3128 463 3181 ὑπ’
502 3130 672 3201 αὐτῆς
718 3132 1039 3204 ἐτρέφοντο,
1098 3135 1189 3189 ὅτε
1226 3135 1376 3206 ἤνθει
1425 3136 1495 3189 τὰ
1544 3137 1759 3207 Τυρίων

1867 3134 2013 3208 Tyro
2061 3138 2258 3202 deleta,
2303 3137 2425 3204 jure
2468 3140 2615 3206 ipsos
2664 3137 2811 3207 luget
2860 3153 3047 3203 mare,
3091 3150 3149 3196 et
3191 3140 3455 3197 fortitudo

154 3220 512 3293 πράγματα·
550 3221 645 3275 νῦν
676 3223 734 3276 δὲ
767 3225 853 3278 ὅτε
899 3227 1096 3297 μηκέτι
1138 3228 1306 3292 ἐστὶν,
1354 3229 1579 3292 εἰκότως
1624 3230 1760 3282 ἀπο-

1867 3228 1982 3297 ejus
2015 3228 2365 3290 lamentatur,
2400 3228 2631 3283 ﬁliorum
2664 3229 2889 3283 exitium
2921 3230 3232 3298 deplorans.

1873 2400 2103 2454 exaltavi
2142 2398 2399 2468 virgines.
2425 2417 2444 2449 ι
2487 2398 2643 2453 Nunc
2681 2408 2863 2453 autem
2903 2414 2999 2454 eos
3028 2400 3286 2454 omnibus
3322 2417 3457 2455 con-

1872 2493 2052 2546 fertim
2100 2493 2341 2554 orbatos,
2369 2500 2426 2546 et
2460 2492 2650 2555 bonis,
2681 2492 2754 2544 ita
2796 2492 2874 2545 illi
2921 2492 3307 2560 opinabantur,
3338 2493 3461 2549 suis

160 3309 421 3365 κλαίεται
448 3313 648 3377 αὐτοὺς
671 3317 704 3384 ή
741 3316 1004 3381 θάλασσα,
1044 3320 1138 3373 καὶ
1169 3320 1202 3390 ἡ
1230 3321 1383 3391 ἰσχὺς
1422 3323 1593 3392 αὐτῆς
1623 3323 1761 3376 ἀπο-

163 3394 476 3467 θρηνεῖται,
508 3400 602 3453 ἐπὶ
627 3401 838 3466 τέκνοις
864 3406 1197 3461 ἀπολωλόσιν
1227 3408 1623 3480 ὀλοφυρομένη.

240 3503 262 3537 ι
307 3487 481 3541 Ὅταν
505 3489 565 3542 δὲ
591 3491 854 3545 ἀκουστὸν
885 3495 1111 3566 γένηται
1138 3498 1197 3551 ἐν
1220 3497 1502 3569 Αἰγύπτῳ,
1526 3498 1757 3570 λήψεται

167 3576 368 3671 αὐτοὺς
396 3581 560 3652 ὀδύνη
590 3584 718 3655 περὶ
744 3585 941 3656 Τύρου.
986 3589 1272 3643 ’Δπέλθετε
1300 3593 1379 3655 είς
1413 3592 1793 3671 Καρχηδόνα,ρ

171 3670 458 3737 ὀλολύξατε
499 3675 551 3727 οἰ
590 3678 972 3742 κατοικοῦντες
1010 3683 1069 3734 ἐν
1099 3685 1165 3753 τῇ
1209 3684 1360 3753 νήσῳ
1401 3684 1593 3755 ταύτῃ.
1642 3685 1757 3739 Οὐκ

171 3763 308 3834 αὑτὴ
342 3760 412 3833 ἦν
446 3766 479 3837 ἡ
510 3764 670 3838 ὕϐρις
695 3768 790 3821 ἀπ’
816 3770 1010 3841 ἀρχῆς,
1058 3774 1223 3845 πρινὴ
1250 3774 1620 3845 παραδοθῆναι
1654 3776 1755 3828 αύ-

170 3854 307 3923 τήν;
357 3854 455 3919 Τίς
499 3857 671 3911 ταῦτα
712 3860 1031 3915 ἐϐούλευσεν
1070 3864 1164 3917 ἐπὶ
1197 3864 1406 3936 Τύρον;
1446 3866 1538 3938 Μὴ
1572 3868 1756 3937 ἥσσων

170 3943 340 4005 ἐστὶν,
382 3943 419 4015 ἢ
458 3946 558 3997 οὐκ
598 3948 807 4017 ἰσχύει;
854 3951 917 4003 Ol
951 3950 1181 4023 ἔμποροι
1233 3954 1403 4024 αὐτῆς
1453 3957 1501 4008 οἰ
1556 3956 1756 4023 ἔνδοξοι

171 4034 432 4105 ἀρχοντες
458 4037 561 4106 τῆς
580 4039 701 4108 γῆς.
724 4040 930 4111 Κύριος
949 4044 1176 4099 Σαϐαὼθ
1204 4047 1561 4101 ἐϐουλεύσατο
1580 4066 1757 4121 παρα-

172 4122 331 4177 λῦσαι
365 4126 549 4179 πᾶσαν
586 4128 686 4197 τὴν
736 4128 892 4201 ὓϐριν
927 4133 1034 4186 τῶν
1070 4135 1323 4200 ἐνδόξων,
1360 4139 1454 4190 καὶ
1487 4140 1755 4208 ἀτιμάσαι

173 4216 280 4266 πᾶν
308 4214 519 4279 ἔνδοξον
558 4217 651 4269 ἐπὶ
681 4218 779 4289 τῆς
823 4221 948 4293 γῆς.
989 4242 1008 4275 ι
1070 4224 1230 4277 Ἀλλά
1257 4228 1351 4279 καὶ
1389 4231 1423 4299 ἡ
1456 4230 1753 4297 Αἴγυπτος,

173 4306 232 4358 ἐκ
253 4307 514 4374 γειτόνων
545 4312 947 4383 παρακειμένη,
988 4315 1047 4368 ἐν
1076 4316 1257 4390 ὀδύνῃ,
1300 4320 1452 4388 φησὶ,
1484 4324 1756 4392 καταστή-

175 4412 342 4460 σεται,
372 4400 729 4469 φροντίζουσα
766 4403 857 4456 καὶ
890 4404 1232 4473 ἀγωνίζουσα
1269 4409 1399 4483 περὶ
1441 4412 1632 4481 αὐτῆς,
1677 4414 1751 4483 μή

92 4520 99 4525 -
176 4505 247 4559 πη
281 4489 349 4541 τὰ
381 4490 546 4559 ὃμοια
578 4492 729 4566 πάθῃ
759 4497 825 4565 τῇ
861 4496 1093 4566 Τυρίων.
1125 4492 1227 4551 Ὧν
1249 4499 1391 4554 οὕτω
1423 4504 1751 4573 γενομένων,

1931 3499 2097 3553 Vsus.
2125 3497 2248 3554 5-9.
2308 3518 2326 3549 ι
2358 3496 2591 3565 Quando
2644 3508 2825 3551 autem
2891 3498 3135 3553 auditum
3186 3499 3348 3554 fuerit
3396 3500 3448 3554 in
3514 3484 3517 3487 Δ

1857 3582 2124 3654 Egypto,
2149 3599 2246 3639 eos
2276 3586 2461 3653 capiet
2503 3584 2663 3639 dolor
2691 3586 2757 3639 de
2780 3584 2945 3655 Tyro.
2974 3588 3132 3641 Abite
3164 3587 3454 3660 Carthagi-

1860 3691 1984 3729 nem
2014 3691 2027 3729 :
2060 3662 2264 3731 ulula‘te
2295 3676 2387 3746 qui
2423 3677 2662 3731 incolitis
2702 3678 2933 3732 insulam
2986 3681 3145 3736 hanc.
3176 3680 3451 3749 Numquid

1860 3768 1974 3823 haec
2020 3779 2141 3823 erat
2186 3768 2383 3837 injuria
2431 3768 2501 3822 ab
2547 3770 2728 3838 initio,
2771 3762 3087 3840 priusquam
3132 3775 3445 3830 traderetur

1860 3860 2007 3928 ipsa?
2034 3858 2168 3926 Quis
2211 3861 2329 3915 haec
2376 3860 2650 3914 consuluit
2700 3876 2863 3929 super
2890 3862 3136 3932 Tyrum?
3175 3863 3311 3917 Num
3347 3866 3448 3918 im-

1858 3952 2108 4007 becillior
2135 3961 2242 4016 est,
2273 3960 2366 4006 aut
2396 3966 2503 4005 non
2537 3952 2743 4008 viribus
2771 3954 2951 4007 valet?
2978 3954 3303 4011 Mercatores
3327 3956 3447 4024 ejus

1858 4042 2101 4116 gloriosi,
2143 4044 2416 4114 principes
2442 4054 2623 4099 terras.
2672 4046 2931 4099 Dominus
2962 4044 3206 4101 Sabaoth
3236 4047 3444 4101 delibe-

1858 4133 2001 4188 ravit
2039 4134 2335 4189 dissolvere
2370 4136 2681 4189 universam
2733 4136 3119 4191 contumeliam
3177 4137 3444 4207 glorioso-

1856 4243 2017 4293 rum,
2068 4239 2125 4283 et
2188 4229 2481 4299 ignominia
2532 4230 2749 4285 adicere
2811 4246 2973 4286 omne
3034 4232 3327 4302 gloriosum
3388 4234 3443 4289 in

1858 4329 2069 4374 terra.»
2102 4318 2303 4375 Verum
2333 4322 2494 4376 etiam
2536 4321 2806 4393 Egyptus
2846 4338 2877 4377 e
2918 4324 3096 4378 vicino
3141 4326 3338 4393 posita,
3387 4326 3443 4380 in

1856 4412 2062 4476 dolore,
2102 4416 2305 4485 inquit,
2349 4418 2733 4481 constituetur,
2770 4416 3095 4471 sollicita‘et
3127 4419 3285 4471 anxia
3324 4434 3445 4487 pro«

1859 4512 1977 4572 pter
2009 4503 2171 4563 illam.
2217 4520 2285 4558 ne
2334 4506 2587 4561 videlicet
2636 4522 2821 4576 parem
2865 4504 3042 4575 Tyria:
3072 4506 3442 4561 calamitatem

176 4580 222 4631 εἰ
247 4578 496 4644 δύνασθε,
530 4584 684 4653 φησί,
720 4585 857 4655 μετά
881 4588 1007 4651 τοὺς
1038 4589 1383 4656 ἀπολωλότας
1408 4566 1754 4664 ὑπολειφθέῷ

1865 4596 2112 4665 patiatur.
2150 4596 2333 4652 Rebus
2371 4610 2550 4653 autem
2588 4600 2659 4653 ita
2689 4601 2891 4669 gestis.
2932 4600 2990 4654 Si
3041 4601 3291 4669 potestis,
3338 4603 3438 4663 ait,

177 4690 262 4734 τες
290 4674 347 4724 ἐν
382 4677 447 4744 τῇ
483 4675 661 4747 Τύρῳ,
690 4677 912 4749 διάϐητε
941 4680 1233 4751 φεύγοντες
1274 4685 1367 4735 ἐπὶ
1397 4688 1525 4750 τοὺς
1557 4686 1752 4757 ὑμετέ-

184 4782 302 4834 ρους
342 4768 609 4832 ἀποίκους
655 4770 751 4841 τὴν
797 4773 1122 4844 Καρχηδόνα
1166 4775 1479 4841 οἰκοῦντας·
1528 4782 1751 4833 κάκεῖσε

185 4859 566 4928 ἁπομείναντες
614 4862 1029 4917 ἁποκλαύσασθε
1074 4865 1175 4935 τὴν
1205 4866 1428 4920 ιέαυτῶν
1476 4871 1711 4941 πατρίδα
1734 4912 1747 4935 ,

186 4951 651 5021 καταμεμφόμενοι
686 4954 759 5025 μὴ
792 4955 1010 5026 ἐτέρους
1038 4957 1123 5025 ἐφ’
1161 4952 1242 5021 οἷς
1268 4960 1584 5025 πεποίθατε,
1616 4963 1752 5016 ἀλλά

186 5044 271 5112 τὴν
314 5043 471 5115 ὑμῶν
520 5044 701 5098 αὐτῶν
752 5046 1132 5121 ὑπερηφανίαν
1179 5051 1273 5104 καὶ
1329 5053 1430 5123 τὴν
1479 5054 1659 5125 ὓϐριν,

188 5137 376 5201 πάντας
401 5137 600 5201 αὐτοὺς
627 5138 969 5209 περιϐάλλειν
1001 5142 1314 5213 ἐπειρᾶσθε.
1342 5144 1424 5197 Τὰ
1450 5145 1507 5198 δὲ
1542 5147 1748 5217 συμϐε-

186 5224 372 5295 ϐηκότα
407 5228 556 5298 ὑμῖν,
586 5220 633 5281 ὧ
665 5227 875 5299 Τύριοι,
914 5230 990 5303 μὴ
1033 5234 1376 5306 είμαρμένης
1410 5237 1749 5307 ἐπιγράφετε

187 5318 405 5389 ἀνάγκη·
460 5319 600 5373 ἀλλὰ
653 5322 923 5389 ζητήσατε
974 5326 1107 5395 παρ’
1144 5322 1397 5389 Δἑαυτοῖς,
1442 5327 1527 5390 τίς
1574 5328 1747 5381 ταῦτα

187 5410 543 5476 ἐϐουλεύσατο,
576 5412 657 5475 τίς
693 5411 877 5483 ἔκρινε
915 5415 1083 5469 ταῦτα
1118 5417 1312 5471 παθεῖν
1342 5420 1441 5489 τὴν
1471 5420 1744 5493 ὑμετέραν

187 5500 413 5573 πατρίδα.
458 5498 771 5570 Ζητούντες
794 5502 904 5574 γὰρ
937 5505 1197 5579 εὑρήσετε
1242 5508 1301 5560 ἐν
1347 5509 1533 5581 δικαίᾳ
1564 5511 1745 5581 κρίσει

184 5593 235 5645 τὰ
268 5592 497 5647 τοιαῦτα
552 5592 985 5665 συμϐεϐηκέναι·
1028 5598 1233 5670 Κύριος
1269 5601 1376 5672 γὰρ
1424 5599 1671 5669 Σαϐαὼθ,
1716 5605 1747 5657 ό

182 5685 302 5759 ππρά
343 5685 542 5757 μόνοις
592 5681 865 5754 Ἑϐραίοις
932 5686 1366 5759 θεολογούμενος,
1427 5690 1613 5745 τοῦτον
1660 5690 1744 5756 ἐξ·

174 5779 339 5849 ήνεγκε
376 5776 481 5831 τὸν
508 5775 660 5845 ὅρον·

1854 4702 1950 4740 vos
2000 4688 2120 4755 qui,
2172 4689 2329 4743 caesis
2364 4688 2503 4755 aliis,
2551 4689 2606 4742 in
2666 4690 2798 4744 urbe
2847 4689 2993 4760 Tyro
3028 4692 3227 4746 residui
3282 4692 3439 4756 estis,

1855 4779 2092 4847 trajicite
2118 4780 2326 4850 profugi
2359 4781 2425 4834 ad
2454 4780 2677 4836 colonos
2711 4792 2923 4837 vestros
2949 4784 3437 4853 Carthaginienses.

1852 4870 1965 4925 Illic
1988 4886 2117 4926 vero
2140 4881 2539 4927 commorantes
2577 4873 2805 4941 patriam
2855 4875 3051 4941 lugete,
3079 4884 3132 4927 et
3160 4887 3435 4942 accusatis,

1855 4978 1961 5016 non
1992 4963 2127 5017 alios
2159 4966 2468 5034 quospiam,
2497 4965 2693 5032 quibus
2738 4954 3005 5028 ti'debatis,
3054 4966 3147 5020 sed
3197 4978 3435 5021 vestram

1855 5056 2163 5123 superbiam
2212 5064 2269 5109 et
2308 5056 2719 5120 contumeliam,
2755 5073 2859 5125 qua
2897 5056 3017 5111 illos
3048 5074 3241 5113 omnes
3285 5075 3437 5113 com-

1854 5147 2056 5215 plicare
2085 5148 2263 5202 conati
2304 5150 2456 5203 estis.
2488 5150 2681 5204 Casum
2716 5164 2878 5218 porro
2906 5160 3169 5217 vestrum,
3196 5167 3230 5206 o
3258 5149 3435 5223 Tyrii,

1853 5254 1922 5293 ne
1972 5239 2067 5293 fati
2116 5241 2431 5295 necessitati
2487 5242 2806 5304 ascribatis;
2856 5244 2952 5298 sed
2996 5232 3047 5297 in
3102 5246 3258 5299 vobis
3304 5248 3438 5313 ipsis

1851 5332 2099 5399 quaerite,
2128 5332 2250 5399 quis
2282 5333 2398 5387 hinc
2446 5334 2675 5388 consilia
2714 5336 2919 5399 inierit,
2952 5336 3076 5405 quis
3106 5339 3173 5389 ad
3224 5348 3432 5393 tantam

1852 5424 2215 5479 calamitatem
2256 5422 2509 5495 patriam
2570 5436 2808 5481 vestram
2876 5428 3237 5482 damnaverit.
3292 5428 3431 5483 Nam

1854 5516 2223 5585 disquirentes
2256 5518 2694 5587 depreliendetis.
2736 5521 2851 5576 haec
2876 5520 3025 5587 justo
3051 5520 3259 5587 judicio
3287 5524 3433 5576 acci-

1852 5609 2033 5664 disse:
2068 5610 2329 5665 Dominus
2378 5612 2579 5680 quippe
2630 5614 2903 5680 Sabaoth,
2947 5614 3039 5683 qui
3092 5614 3233 5682 apud
3290 5614 3433 5669 solus

1855 5698 2107 5756 Ilehraeos
2169 5716 2267 5769 pro
2321 5702 2429 5757 Deu
2488 5704 2734 5771 habetur,
2790 5708 2891 5762 hoc
2951 5705 3232 5760 decretum
3302 5718 3432 5773 Pw“

1802 5819 1807 5823 -
1855 5793 1990 5847 tulit.
