4120 6294
181 342 297 404 υτ

1105 342 1607 407 ΟΟΜΙΕΝΤΑΒΙΑ
1647 341 1713 398 ΙΝ
1752 340 2014 399 ISAHM.
2049 372 2121 385 —
2158 338 2312 397 CAP.
2355 338 2547 396 XXIV.

3369 343 3478 402 ιη

270 478 291 513 ι
324 460 435 515 Καὶ
462 460 612 515 ἔσται
642 460 816 531 αὐτῆς
849 460 883 529 ἡ
916 458 1177 531 ἐμπορία,
1205 459 1299 512 καὶ
1334 459 1365 510 6
1394 455 1587 528 μισθὸς
1624 455 1779 525 am;

1956 451 2123 509 Vens.
2151 454 2240 509 18.
2287 471 2306 505 ι
2340 452 2405 508 Et
2457 454 2564 509 erit
2613 452 2731 522 ejus
2802 456 3101 528 negotiatio
3140 464 3197 513 et
3260 472 3477 517 merces

190 550 402 622 Κυρίῳ.
431 572 451 603 ι
480 551 593 621 (‘13)
617 549 764 621 ὀδή
786 551 883 602 καὶ
906 548 1210 620 πληροῦται
1237 548 1358 602 καθ’
1382 549 1531 619 ήμᾶς
1557 547 1772 609 αὐτούς.

189 640 309 713 ἰ”ης
332 641 446 715 γὰρ
488 640 817 712 Ἑκκλησίας
852 639 947 693 τοῦ
974 639 1111 693 Θεοῦ
1139 637 1432 709 ίδρυμένης
1470 638 1530 691 ιν
1560 640 1628 707 τῇ
1673 636 1778 690 Τυ-

190 732 330 804 ρίων
378 731 563 796 πόλει,
590 730 781 803 ὥσπερ
822 726 916 784 οὖν
951 730 1045 783 καὶ
1074 732 1133 784 tv
1175 732 1286 793 τοῖς
1320 728 1529 793 λοιποῖς
1576 727 1774 793 ιθνεσι,

188 821 364 876 πολλὰ
383 823 496 877 τῶν
520 824 580 875 ιν
602 822 741 892 αὐτῇ
777 821 1141 893 μισθωμάτων
1169 820 1235 873 ὲκ
1262 818 1651 892 πραγματείας
1682 836 1777 873 κο-

189 915 505 986 μιζομένην
526 914 811 983 ἁγιάζεται
832 913 910 984 τῷ
925 912 1112 986 Κυρίῳ
1133 913 1554 985 προσφερόμνα
1566 914 1635 983 τῇ
1652 911 1777 965 Ἐκ-

187 1008 392 1080 κλησίᾳ
405 1007 594 1062 αὑτοῦ·
608 1007 813 1078 ἄπεροί
830 1005 1147 1077 κομίζοντες
1161 1005 1534 1079 προσφέρουσι
1563 1005 1661 1059 σὺν
1687 1005 1777 1059 εὑ·-

186 1101 401 1173 λαϐείᾳ.
423 1120 444 1153 ι
464 1102 582 1155 οὐκ
593 1101 776 1163 αὐτοῖς
792 1099 1205 1171 συναχθήσεται,
1218 1098 1476 1163 ἀλλὰτοίς
1492 1096 1781 1153 κατοικοῦ-

190 1210 276 1248 σιν
300 1193 487 1247 εναντι
529 1192 733 1265 Κυρίου
752 1208 767 1222 ’
798 1193 951 1246 πᾶσα
978 1193 1013 1264 ή
1043 1191 1286 1264 ιμπορία
1321 1192 1524 1264 αὐτῆς,
1555 1193 1774 1261 φαγεῖν,

190 1287 286 1342 καὶ
308 1291 477 1349 πιεῖν,
492 1286 591 1339 καὶ
613 1284 1016 1357 ἐμπλησθῆναι,
1035 1285 1131 1338 καὶ
1146 1285 1227 1349 είς
1245 1272 1540 1357 συμϐολὴν,
1562 1301 1668 1358 μνη
1676 1284 1775 1356 μό-

188 1395 344 1433 συνον
394 1378 577 1433 ἔναντι
610 1378 846 1449 Κυρίου·
902 1396 921 1429 ι
964 1376 1167 1450 δηλαδὴ
1201 1380 1314 1441 τοῖς
1347 1377 1645 1450 παρέδροις
1678 1376 1775 1430 τοῦ

188 1456 614 1544 θυσιαστηρίου·
658 1468 803 1525 οὕτω
849 1470 959 1542 γὰρ
999 1469 1207 1541 Κύριος
1243 1470 1527 1537 διετάξατο
1561 1472 1677 1534 τοῖς
1714 1469 1777 1523 τὸ

187 1564 529 1635 Εὑαγγέλιον
565 1563 1023 1634 καταγγέλλουσιν
1064 1565 1130 1617 ὲκ
1159 1563 1255 1617 τοῦ
1286 1562 1620 1633 Εὐαγγελίου
1652 1563 1772 1635 ζῇν·

188 1657 280 1711 καὶ
301 1660 353 1711 οι
376 1655 459 1726 τῷ
492 1654 863 1727 θυσιαστηρῴ
894 1653 1338 1725 παρεδρεύοντες,
1374 1652 1455 1725 τῷ
1482 1653 1778 1724 θυσιαστη-

188 1747 288 1819 ρίῳ
309 1746 769 1818 συμμερίζεσθαι.
796 1745 1015 1809 Τούτοις
1037 1741 1131 1800 οὖν
1152 1745 1358 1811 αὐτοῖς,
1385 1745 1461 1809 ὡς
1480 1744 1547 1800 ἂν
1571 1746 1775 1817 ἱερεῦσι

1886 554 2074 599 sancta
2110 542 2359 598 Domino.
2385 561 2404 595 ι
2441 543 2593 611 Quod
2624 555 2774 600 certe
2810 555 2998 601 nostro
3030 556 3275 618 tempore
3318 564 3475 606 com-

1885 635 2089 705 pletum
2118 635 2414 691 cernimus.
2454 634 2589 689 Nam
2641 651 2766 691 cum
2811 635 3055 693 Ecclesia
3098 637 3195 696 Dei
3230 638 3287 695 in
3338 641 3478 699 urbe

1885 725 2196 798 Tyriorum,
2230 726 2454 794 perinde
2490 735 2657 798 atque
2702 728 2757 783 in
2789 727 3016 797 reliquis
3046 730 3307 801 gentibus
3348 730 3479 787 fun-

1885 817 2011 872 data
2064 818 2171 881 sit,
2234 817 2417 873 multa
2460 832 2532 874 ex
2577 818 2698 889 ejus
2765 820 3040 876 mercibus
3107 822 3479 891 negotiatione

1882 910 2056 979 partis
2088 908 2314 965 Domino
2339 919 2763 976 consecrantur,
2793 908 3056 967 Ecclesia
3084 911 3204 983 ejus
3232 912 3431 970 oblata
3453 928 3473 968 :

1882 1015 2004 1072 qua:
2037 1016 2160 1057 cum
2202 1002 2407 1072 pietate
2446 1016 2477 1057 a
2508 1002 2883 1073 praebentibus
2927 1000 3257 1060 oll'eruntur.
3302 1019 3324 1057 ι
3355 1002 3476 1061 Non
3524 1028 3529 1033 ί

1885 1094 2017 1165 ipsis
2058 1095 2511 1165 congregabitur;
2553 1094 2650 1151 sed
2679 1094 2793 1158 .iis,
2839 1094 2934 1165 qui
2986 1093 3240 1152 habitant
3284 1110 3473 1152 coram

1883 1184 2132 1240 Domino.
2161 1184 2351 1247 Omnis
2393 1186 2691 1257 negotiatio
2730 1184 2875 1255 elus,
2913 1194 2976 1241 ut
3006 1186 3156 1254 edat,
3202 1195 3260 1243 et
3290 1187 3473 1257 bibat,

1882 1287 1939 1333 et
1966 1277 2215 1344 satietur,
2244 1288 2303 1333 et
2342 1278 2396 1333 in
2444 1278 2787 1348 symbolum,
2832 1288 3244 1335 monumentum
3288 1295 3475 1337 coram

1884 1366 2143 1433 Domino;
2178 1366 2437 1423 videlicet
2470 1367 2735 1446 ministris
2772 1367 2962 1424 altaris
2994 1386 3009 1424 :
3042 1370 3124 1425 sic
3167 1371 3311 1425 enim
3345 1385 3478 1441 prae-

1883 1457 2027 1527 cepit
2050 1456 2308 1513 Dominus
2335 1456 2401 1513 iis
2425 1458 2519 1528 qui
2548 1458 2901 1531 Evangelium
2929 1462 3275 1529 annuntiant,
3316 1471 3373 1518 ut
3402 1477 3474 1519 ex

1882 1549 2174 1621 Evangelia
2198 1551 2418 1617 vivant,
2448 1559 2506 1607 et
2532 1558 2592 1605 ut
2633 1550 2672 1606 ii
2700 1552 2791 1622 qui
2833 1552 2992 1608 altari
3020 1561 3222 1619 astant,
3260 1553 3316 1608 in
3348 1568 3476 1625 por-

1885 1640 2085 1695 tionem
2133 1640 2326 1697 altaris
2364 1642 2744 1698 admittantur.
2780 1642 2876 1698 ﬂis
2921 1658 3055 1715 ergo
3096 1643 3251 1715 ipsis,
3286 1653 3475 1715 utpote

1883 1734 2262 1789 sacerdotibus
2297 1734 2433 1801 Dei,
2491 1734 2867 1791 habitantibus
2908 1736 2963 1791 in
3007 1745 3305 1808 conspectu
3349 1735 3462 1792 Do.

187 1836 277 1891 τοῦ
306 1836 446 1891 Θεοῦ
475 1840 592 1901 τοῖς
616 1835 962 1891 κατοικοῦσιν
991 1835 1173 1890 ἔναντι
1202 1837 1409 1908 Κυρίου
1426 1876 1443 1902 ,
1472 1839 1573 1899 τὰς
1597 1837 1779 1908 ἀπαρ-

1886 1827 2041 1893 mini,
2077 1827 2345 1895 primitias
2391 1825 2686 1884 oﬂ'erentes
2733 1829 3019 1883 memorati
3075 1829 3365 1895 homines,
3413 1846 3474 1885 re

185 1929 287 1999 1a;
316 1928 729 2001 προσφέροντες
751 1929 801 1983 oi
829 1926 1182 1999 δηλωθέντες,
1204 1928 1355 2001 εργῳ
1384 1928 1652 2001 πληροῦσι
1681 1928 1783 2001 τήν

189 2022 511 2088 φάσκουσαν
531 2020 890 2093 προφητείαν·
923 2039 942 2071 ι
973 2020 1086 2074 Καὶ
1109 2019 1263 2075 ἔσται
1282 2021 1549 2093 ἐμπόριον
1573 2021 1779 2086 αὐτοῖς,

192 2112 284 2166 καὶ
314 2111 515 2183 μισθὸς
536 2113 742 2177 αὐτοῖς,
775 2131 795 2163 ι
842 2112 937 2166 καὶ
970 2111 1039 2165 τὰ
1066 2110 1214 2183 ἑξῆς.

704 2244 1104 2300 ΚΕΦΑΛΑΙΟΝ
1138 2244 1268 2298 KA'.

264 2398 284 2432 ι
326 2378 464 2434 Ἰδοὺ
506 2377 711 2451 Κύριος
748 2380 1106 2451 καταφθείρει
1138 2379 1237 2451 τὴν
1274 2378 1601 2449 οἰκουμένην
1628 2377 1777 2451 ὅλην,

187 2473 282 2526 καὶ
304 2471 589 2543 ἐρημώσει
618 2472 810 2543 αὐτὴν,
844 2474 937 2526 καὶ
990 2470 1327 2541 ἀνακαλύψει
1372 2473 1435 2524 τὸ
1486 2472 1780 2541 πρόσωπον

186 2565 381 2634 αὐτῆς.
421 2583 443 2616 ι
495 2564 712 2635 Ἐπειδὴ
743 2565 852 2635 γὰρ
899 2582 918 2616 ι
974 2563 1069 2617 τοῦ
1119 2564 1325 2635 Κυρίου
1372 2565 1406 2635 ή
1450 2564 1519 2633 γῆ
1578 2563 1673 2616 καὶ
1720 2563 1781 2616 τὸ

188 2656 473 2727 πλήρωμα
510 2656 700 2726 αὐτῆς,
739 2675 758 2707 r
796 2656 997 2710 ὠσανεὶ
1017 2656 1239 2710 πάντων
1276 2655 1580 2727 ἀνθρώπων
1613 2655 1777 2727 κηδό-

190 2764 377 2817 μενος,
410 2747 879 2820 διαστέλλεται-τῇ
917 2748 1211 2820 οἰκουμένῃ
1240 2748 1311 2801 τὰ
1343 2748 1471 2819 περὶ
1508 2748 1606 2818 τῆς
1646 2746 1778 2817 μελ-

190 2838 391 2911 λούσης
442 2839 691 2904 ἃπαντας
736 2838 1054 2912 ἀνθρώπους
1094 2838 1449 2911 διαλήψεσθαι
1494 2839 1587 2896 τοῦ
1644 2837 1777 2891 Θεοῦ

1884 1918 1998 1987 ipsa
2042 1927 2100 1973 et
2148 1933 2317 1989 opere
2354 1918 2582 1990 implent
2618 1919 2962 1990 prophetiam
3012 1935 3136 1991 quae
3186 1921 3297 1988 ait,
3351 1939 3372 1975 ι
3406 1922 3475 1978 Et

1882 2010 1990 2067 erit
2032 2010 2335 2082 emporium
2397 2010 2565 2081 ipsis,
2608 2022 2665 2067 et
2713 2026 2924 2069 merces
2990 2012 3143 2083 ipsis.
3172 2031 3193 2067 ι
3239 2023 3296 2070 et
3358 2029 3471 2070 cat-

1886 2110 2023 2159 tera.

2438 2242 2672 2300 CAPUT
2724 2241 2917 2299 XXIV.

1957 2378 2117 2435 Vens.
2153 2381 2206 2435 Ι.
2247 2399 2268 2432 ι
2319 2381 2459 2437 Ecce
2494 2381 2756 2437 Dominus
2806 2392 3122 2453 corrumpet
3168 2390 3339 2438 totum
3378 2398 3470 2439 or-

1881 2473 2026 2539 bem,
2054 2482 2110 2529 et
2140 2474 2375 2530 vastabit
2414 2489 2562 2539 eum,
2608 2485 2664 2531 et
2706 2474 2973 2532 revelabit
3035 2474 3234 2531 faciem
3280 2476 3434 2548 ejus.

1881 2565 2018 2632 Quia
2050 2584 2069 2617 ι
2113 2567 2257 2621 enim
2287 2586 2307 2618 ί
2347 2566 2559 2621 Domini
2602 2576 2686 2622 est
2713 2577 2855 2623 terra
2875 2578 2931 2624 et
2953 2567 3235 2639 plenitudo
3261 2569 3463 2639 ejusnp

1884 2662 2144 2723 tanquam
2178 2656 2270 2726 qui
2306 2656 2585 2711 hominum
2623 2658 2866 2711 omnium
2918 2672 3107 2713 curam
3147 2667 3323 2730 gerat,
3347 2657 3469 2714 orbi

1881 2752 2152 2801 terrarum
2193 2747 2432 2815 explicat
2470 2761 2535 2802 ea
2564 2763 2686 2817 qum
2712 2749 2778 2804 ad
2832 2749 2927 2805 Dei
2968 2748 3237 2817 judicium
3297 2750 3469 2821 perti-

1883 2847 2031 2900 nent,
2086 2837 2155 2892 de
2188 2839 2461 2894 universis
2491 2839 2801 2895 hominibus
2856 2840 3193 2908 habendum,
3245 2856 3350 2910 qua
3380 2840 3472 2901 die

190 2932 446 3003 κρίσεως,
479 2935 537 2986 έν
559 2932 742 3005 ἡμέρᾳ
778 2934 865 2987 ὅτε
893 2934 1069 3005 κρινεῖ
1097 2933 1127 2986 6
1156 2932 1288 2995 Θεὸς
1320 2932 1389 2985 τὰ
1419 2930 1638 3003 κρυπτὰ
1670 2930 1777 2986 τῶν

1885 2929 2139 2998 iudicabit
2155 2928 2297 2986 Deus
2309 2932 2519 2987 occulta
2541 2932 2842 2999 hominum,
2866 2952 2885 2985 ι
2906 2931 2967 2986 Et
2983 2932 3363 3004 dispergeteos
3375 2932 3471 3003 qui

188 3022 528 3095 ἀνθρώπων,
584 3043 602 3075 ι
659 3026 754 3078 καὶ
808 3024 1093 3096 διασπερεῖ
1140 3024 1269 3088 τοὺς
1322 3024 1663 3088 ἐνοικοῦντας
1720 3026 1779 3079 ἐν

190 3116 353 3187 αὐτῇ.
424 3135 444 3166 ι
500 3115 573 3167 Ἦ
633 3115 774 3169 κατὰ
826 3116 920 3169 τὸν
978 3114 1209 3169 ’Δκὺλαν
1267 3117 1360 3169 καὶ
1423 3116 1774 3181 Θεοδοτίωνα,

196 3225 219 3259 ε
254 3205 639 3279 διασκορπίζει
685 3206 875 3270 ἄλλους
919 3204 1173 3277 ἀλλαχοῦ,
1216 3226 1234 3258 ι
1275 3206 1417 3259 κατὰ
1448 3206 1547 3277 τὴν
1580 3206 1775 3261 ἀναλο-

193 3298 316 3366 γίαν
349 3298 462 3352 τῶν
483 3299 715 3353 ἑκάστου
746 3297 1000 3369 πράξεων
1019 3314 1032 3327 ’
1059 3297 1252 3351 πολλαὶ
1283 3297 1393 3370 γὰρ
1428 3300 1588 3368 μοναὶ
1628 3298 1780 3372 παρὰ

194 3388 494 3461 τῷΠατρὶ,
534 3388 706 3459 μέγας
741 3406 801 3442 τε
836 3391 931 3443 καὶ
964 3389 1131 3453 πολὺς
1173 3392 1202 3443 6
1242 3388 1336 3442 τοῦ
1376 3388 1511 3442 Θεοῦ
1554 3390 1778 3461 κόσμος,

194 3486 269 3551 ὡς
298 3485 563 3540 δύνασθαι
602 3486 781 3549 πάσας
817 3484 1176 3556 ὑποδέχεσθαι
1222 3484 1445 3548 καὶτὰς
1491 3484 1551 3552 ἐξ
1586 3486 1783 3549 αίῶνος

196 3574 348 3645 ινιτ-ᾖ
390 3578 464 3645 γῇ
512 3574 980 3646 πεπολιτευμένας
1020 3573 1217 3645 ψυχὰς,
1261 3574 1371 3629 τῶν
1428 3575 1525 3646 μὲν
1570 3575 1783 3629 ἀσεϐῶν

198 3667 285 3720 τὸν
322 3667 460 3739 ᾅδην
501 3668 597 3721 καὶ
630 3667 692 3719 τὸ
725 3666 831 3720 ὑπὸ
858 3666 963 3737 γῆν
1003 3668 1339 3738 οἰκητήριον,
1394 3667 1642 3731 σκοτίους
1689 3669 1784 3722 καὶ

200 3758 467 3829 ἀοράτους
509 3758 717 3828 μυχοὺς
761 3758 1225 3829 κληρωσαμένων,
1273 3759 1415 3813 κατὰ
1464 3760 1544 3823 τὸ,
1588 3779 1605 3811 ι
1656 3761 1783 3813 Εἰσ-

197 3850 507 3904 ελεύσονται
531 3855 609 3915 είς
631 3849 701 3905 τὰ
726 3849 1015 3905 κατώτατα
1038 3850 1135 3922 τῆς
1165 3851 1289 3923 γῆς’
1320 3852 1784 3925 παραδοθήσονται

196 3946 275 4006 εἰς
303 3945 498 4017 χεῖρας
531 3944 824 4016 ῥομφαίας,
876 3943 1095 4021 μερίδες
1134 3938 1433 3999 ἀλωπέκων
1467 3944 1717 3999 ἔσονταιο
1759 3966 1778 3998 ο

200 4034 303 4090 τῶν
346 4037 407 4089 δὲ
456 4034 696 4089 εὐσεϐῶν
753 4036 1232 4109 ἁρπαγησομένων
1284 4038 1344 4091 ὲν
1404 4037 1655 4108 νεφέλαις
1702 4039 1785 4103 είς

193 4128 505 4197 ἀπάντησιν
535 4126 628 4181 τοῦ
667 4128 876 4201 Κνρίου
903 4130 985 4192 είς
1012 4129 1297 4201 ἀέραλκαὶ
1336 4128 1510 4195 οὕτως
1554 4130 1783 4184 πάντοτε.

196 4224 295 4275 σὺν
326 4219 523 4292 Κυρίῳ
548 4220 951 4291 γενησομένων.

274 4332 293 4363 ι
332 4312 447 4367 Καὶ
478 4312 630 4366 ἔσται
662 4314 691 4367 6
722 4312 849 4378 λαὸς
881 4313 957 4378 ὼς
990 4315 1019 4368 6
1051 4313 1252 4386 ἱερεὺς,
1297 4312 1391 4367 καὶ
1422 4313 1452 4365 6
1486 4315 1615 4377 παῖς
1646 4314 1721 4377 ὡς
1754 4314 1783 4365 6

192 4405 413 4479 κύριος,
442 4406 537 4461 καὶ
568 4407 603 4478 ή
636 4405 941 4477 θεράπαινα
978 4407 1053 4472 ὡς
1081 4409 1116 4480 ή
1150 4406 1335 4477 κυρία.
1374 4404 1621 4460 Ἔσταιό
1650 4406 1782 4475 ἀγο-

198 4496 389 4571 ράζων
423 4496 498 4559 ὡς
535 4496 561 4549 6
603 4497 818 4562 πωλῶν,
856 4515 952 4552 και
984 4498 1014 4551 6
1056 4496 1316 4562 δανείζων
1362 4486 1439 4561 ὣς
1477 4497 1507 4549 6
1542 4496 1783 4560 δανειζό-
1809 4521 1860 4581 D

202 4606 392 4661 μενος,
425 4590 520 4643 καὶ
547 4591 577 4643 6
606 4588 837 4659 ὀφείλων
860 4590 937 4655 ὡς
967 4592 996 4644 6
1023 4583 1068 4660 ᾧ
1098 4589 1322 4660 ὀφείλει’
1364 4608 1383 4642 ι
1425 4588 1780 4661 σημαίνοντος

196 4681 301 4737 τοῦ
347 4681 508 4750 λόγου
555 4681 651 4737 τοῦ
712 4682 1050 4756 προφητικοῦ
1104 4683 1195 4737 τὸν
1252 4685 1353 4754 τῆς
1397 4682 1507 4736 τῶν
1566 4682 1782 4753 νεκρῶν

199 4773 555 4837 ἀναστάσεως
628 4776 847 4847 τρόπον.
908 4774 1154 4829 Ἐπειδὰν
1205 4775 1261 4829 δὲ
1323 4775 1677 4847 ἀνακαλυφθῇ
1714 4774 1785 4829 τὰ

200 4867 628 4937 ἐγκεκρυμμένα
670 4869 729 4922 ὲν
764 4872 831 4940 τῇ
861 4871 931 4940 γῇ
970 4857 1218 4940 σώματα,
1258 4869 1700 4940 παραστήσονται
1734 4868 1784 4921 οί

201 4957 514 5030 κρινόμενοι
548 4959 654 5031 πρὸ
700 4958 795 5013 τοῦ
846 4960 1087 5034 βήματος
1112 4959 1205 5014 τοῦ
1244 4960 1477 5033 μεγάλου
1512 4960 1701 5033 κριτοῦ
1727 4960 1786 5028 se

204 5051 325 5105 τσου
370 5050 605 5116 πάντες,
648 5051 724 5115 ὡς
758 5052 892 5123 μηδὲ
927 5051 1205 5124 διαφέρειν
1234 5050 1361 5115 τοὺς
1401 5052 1460 5105 έν
1491 5050 1571 5123 τῷ
1602 5051 1783 5123 θνητῷ

204 5144 310 5216 βίῳ
337 5143 469 5197 ποτὲ
495 5143 753 5211 δόξαντας
777 5144 938 5199 πλέον
966 5162 1020 5199 τι
1044 5143 1333 5216 ἐσχηκέναι
1360 5143 1479 5216 ἦτοι
1516 5144 1575 5197 ὲν
1616 5143 1783 5212 ἀξιώ-

206 5254 362 5309 ματι.
398 5236 431 5307 ἢ
462 5234 629 5304 γένει,
732 5234 968 5307 πλούτῳ,
1015 5234 1123 5290 τῶν
1161 5235 1539 5306 ἐνδεεστέρων.
1571 5236 1783 5301 Πάντες

202 5327 314 5401 γὰρ
348 5326 410 5394 ἐξ
431 5330 547 5383 ῐσου
574 5328 695 5384 τότε
728 5329 1168 5403 παραστήσονται
1190 5326 1269 5399 τῷ
1291 5326 1495 5399 βήματι
1520 5326 1615 5381 τοῦ
1644 5329 1783 5399 Χρι-

204 5421 355 5475 στοῦ·
392 5418 592 5491 καὶτῷ
629 5420 766 5491 ίερετ
797 5418 1192 5492 παραπλησίως
1224 5420 1253 5473 6
1284 5418 1432 5486 λαὸς,
1463 5418 1557 5472 καὶ
1582 5419 1784 5488 ὁμοίως

276 5532 298 5565 ⁸
328 5532 469 5587 Psal.
499 5530 591 5595 23,
631 5546 670 5585 ι.

296 5624 390 5696 29)
431 5623 558 5679 Hec
606 5624 678 5677 ita
726 5624 989 5696 etprimit-
1012 5623 1387 5696 Hieronymus,
1429 5643 1449 5677 ι
1479 5622 1779 5680 Cernamus

205 5696 259 5751 in
284 5694 429 5767 Tyro
474 5694 1014 5767 esstructasngristi
1049 5694 1310 5749 ecclesias
1334 5712 1347 5759 ;
1374 5696 1781 5767 consideremus

202 5765 343 5837 opes
364 5767 633 5832 omnium,
660 5765 804 5834 quod
864 5780 971 5820 non
1031 5774 1379 5836 reponantur,
1426 5779 1525 5822 nec
1562 5766 1779 5821 thesau-

774 5531 796 5564 ’
829 5530 973 5589 Psal.
1006 5546 1141 5595 uti,
1174 5531 1259 5585 ll.

1882 3022 2135 3077 habitant
2168 3023 2220 3077 in
2246 3025 2386 3092 ipso.
2414 3043 2433 3076 ι
2456 3021 2583 3080 Sive
2612 3025 2910 3080 secundum
2937 3024 3193 3096 Aquilam
3214 3033 3270 3081 et
3288 3025 3470 3081 Theo-

1881 3118 2178 3184 dotionem,
2252 3136 2271 3170 ι
2309 3118 2551 3189 Dissipat
2607 3119 2742 3173 alios
2800 3118 2952 3187 alibi,
2993 3137 3014 3173 ι
3079 3133 3181 3189 pro
3254 3118 3472 3175 ratione

1884 3225 2109 3279 operum
2167 3209 2475 3280 cujusque:
2518 3226 2643 3265 nam
2694 3211 2877 3266 multa:
2946 3211 3264 3267 mansiones
3316 3212 3471 3285 apud

1883 3298 2140 3354 Patrem:
2178 3315 2517 3370 magnusque
2557 3310 2612 3354 et
2651 3310 2839 3355 vastus
2867 3310 2953 3356 est
2992 3300 3095 3357 Dei
3122 3302 3378 3367 mundus,
3411 3312 3472 3361 ut

1882 3394 2053 3464 possit
2089 3392 2212 3449 illas
2256 3407 2448 3449 omnes
2483 3393 2768 3449 continere
2801 3393 3035 3458 animas,
3067 3409 3189 3465 qua:
3215 3410 3246 3449 a
3269 3395 3471 3451 saeculo

1885 3486 1937 3539 in
1977 3494 2126 3540 terra
2149 3474 2381 3540 versatae
2426 3495 2559 3540 sunt
2600 3503 2616 3541 :
2652 3485 2835 3556 impiis
2865 3485 3138 3542 infernum
3167 3496 3223 3542 et
3250 3488 3470 3543 subter-

1884 3589 2110 3630 raneum
2150 3574 2511 3642 domicilium,
2538 3575 2855 3632 tenebrosos
2893 3576 3109 3633 scilicet
3135 3586 3191 3632 et
3226 3578 3470 3634 occuitos

1883 3682 2131 3722 recessus
2159 3666 2356 3733 nactis,
2387 3667 2685 3723 secundum
2718 3668 2869 3734 illud,
2898 3688 2917 3723 ι
2952 3669 3257 3727 lntrolbunt
3296 3671 3349 3726 in
3387 3671 3472 3727 in-

1884 3759 2090 3816 feriora
2139 3771 2299 3817 terra:
2340 3777 2355 3815 :
2391 3762 2676 3818 tradentur
2720 3764 2776 3818 in
2810 3778 3002 3819 manus
3051 3763 3240 3834 gladii,
3286 3774 3477 3834 partes

1886 3855 2127 3926 vulpium
2147 3857 2373 3924 erunt‘;
2400 3873 2418 3907 ι
2439 3854 2542 3926 piis
2564 3869 2693 3911 vero
2712 3857 2883 3926 raptis
2911 3856 2967 3911 in
2993 3854 3228 3911 nubibus
3252 3858 3473 3913 obviam

1893 3948 2120 4005 Domino
2156 3948 2211 4005 in
2264 3963 2412 4015 aera,
2467 3956 2523 4003 et
2564 3949 2649 4003 sic
2692 3962 2908 4017 semper
2958 3962 3083 4003 cum
3118 3946 3347 4004 Domino
3382 3949 3469 4007 iu-

1888 4041 2048 4095 turis.

1959 4308 2123 4366 Vens.
2148 4310 2206 4365 2.
2244 4328 2263 4362 ι
2300 4310 2365 4365 Et
2386 4310 2491 4366 erit
2536 4324 2765 4381 populus
2797 4318 3055 4380 tanquam
3105 4312 3389 4377 sacerdos,
3414 4320 3472 4368 et

1886 4418 2076 4458 servus
2108 4412 2364 4474 tanquam
2406 4404 2684 4469 dominus,
2731 4412 2786 4457 et
2822 4402 3022 4458 famula
3078 4413 3334 4475 tanquam
3370 4406 3469 4461 do-

1888 4494 2055 4549 mina.
2096 4493 2215 4549 Erit
2258 4494 2351 4563 'qui
2382 4496 2515 4550 emit
2574 4505 2831 4565 tanquam
2863 4495 2955 4565 qui
2994 4496 3202 4559 vendit,
3246 4498 3338 4565 qui
3390 4498 3470 4552 le.-

1888 4586 2005 4638 nori
2041 4584 2132 4637 dat
2181 4590 2439 4655 tanquam
2476 4584 2568 4655 qui
2599 4585 2817 4653 accipit,
2871 4585 2966 4655 qui
2999 4585 3159 4641 debet
3208 4594 3469 4655 tanquam

1888 4676 1937 4729 is
1958 4676 2045 4730 cui
2072 4676 2253 4733 debet.
2287 4695 2306 4728 ι
2341 4676 2668 4747 Prophetico
2693 4691 2846 4733 more
2871 4678 3292 4734 resurrectionis
3319 4694 3469 4735 mor-

1892 4777 2109 4823 tuorum
2142 4772 2358 4824 modum
2399 4768 2690 4840 significat.
2719 4768 2854 4825 Cum
2882 4780 3065 4825 autem
3096 4770 3332 4825 revelata
3357 4769 3473 4826 fue-

1891 4858 2006 4914 rint
2041 4874 2105 4915 ea
2156 4875 2274 4929 quae
2316 4860 2367 4914 in
2412 4868 2561 4915 terra
2618 4863 2839 4917 condita
2872 4876 3127 4932 corpora,
3181 4861 3273 4933 qui
3325 4862 3473 4933 judi-

1893 4953 2050 5007 candi
2084 4963 2210 5008 sunt
2247 4965 2371 5009 ante
2411 4953 2647 5009 tribunal
2696 4954 2880 5027 magni
2941 4954 3159 5024 iudicis,
3189 4970 3258 5010 ex
3314 4970 3472 5026 asque

1892 5065 2081 5105 onmes
2125 5051 2419 5118 sistentur,
2461 5051 2536 5105 ita
2576 5060 2637 5107 ut
2673 5052 2766 5121 qui
2820 5052 2951 5107 olim
3004 5053 3059 5107 in
3093 5052 3307 5108 mortali
3359 5054 3472 5111 vita

1893 5143 2096 5214 aliquid
2134 5143 2255 5214 plus
2293 5143 2416 5199 aliis
2447 5145 2651 5199 habere
2688 5144 3014 5199 videbantur
3036 5147 3156 5201 sive
3182 5145 3467 5211 dignitate,

1888 5232 2005 5289 sive
2032 5249 2252 5305 genere,
2276 5235 2393 5291 sive
2424 5234 2650 5299 divitiis,
2676 5234 2809 5289 nihil
2840 5233 3093 5290 diﬂ'erant
3125 5252 3153 5289 a
3186 5237 3472 5306 pauperio-

1889 5326 2063 5381 ribus.
2140 5327 2343 5383 Omnes
2404 5328 2552 5383 enim
2608 5328 2892 5399 aequaliter
2943 5328 3200 5383 tribunali
3263 5329 3470 5385 Christi

1891 5421 2172 5491 sistentur,
2204 5421 2432 5493 perinde
2465 5430 2524 5476 ut
2560 5421 2843 5487 sacerdos,
2890 5422 2965 5477 ita
2995 5431 3052 5476 et
3105 5427 3362 5492 populus,
3414 5432 3473 5478 et

1882 5627 2150 5712 rigentur,
2190 5628 2287 5685 sed
2333 5628 2531 5685 dentur
2562 5626 2650 5685 his
2693 5625 2791 5698 qui
2834 5625 3079 5682 habitant
3129 5639 3311 5682 coram
3356 5622 3468 5683 Do-

1884 5715 1935 5755 Ιυ
1943 5714 2050 5756 Illo.
2076 5718 2095 5751 ι
