4120 6294
658 338 767 397 ειςο

660 457 883 529 perinde
910 453 1002 510 alii
1053 463 1264 516 omnes,

663 548 842 619 ceptlo
880 546 1021 616 apud
1059 543 1246 599 Deum.
1304 539 1670 607 Quamobrem
1706 534 1846 606 apud
1885 532 1987 587 Job
2029 532 2232 619 dictum

663 618 795 694 est:
838 655 858 690 ο
891 636 1097 691 Parvus
1127 643 1181 689 et
1228 644 1457 701 magnus
1504 629 1615 683 illic
1660 634 1828 693 sunt,
1883 633 1941 679 et
2003 618 2236 677 famulus

665 746 772 784 non
807 737 1058 783 metuens
1105 722 1380 779 dominum
1426 733 1584 774 suum
1622 718 1685 770 '°.
1720 735 1740 768 ι

735 817 900 874 Vens.
929 817 985 882 5,
1019 817 1073 869 ι.
1122 832 1141 865 ι
1175 810 1536 880 Corruptione
1566 813 1949 877 corrumpetur
1976 813 2152 867 terra,
2181 809 2238 856 et

666 909 976 981 direptione
1019 905 1308 975 diripietur
1338 913 1484 957 terra
1515 913 1530 952 :
1562 915 1623 956 os
1660 899 1804 955 enim
1857 893 2069 952 Domini
2103 893 2239 949 dixit

667 1003 803 1056 lure.
831 998 991 1055 Luxit
1022 1007 1189 1060 terra,
1219 1005 1274 1050 et
1324 1001 1615 1062 corruptus
1637 1001 1723 1046 est
1759 989 1907 1044 orbis
1934 1005 1947 1042 :
1984 985 2241 1041 luxerunt

667 1095 865 1152 excelsi
914 1103 1094 1148 terrae.
1127 1111 1146 1144 ι
1174 1089 1307 1144 Nam
1342 1087 1547 1159 prolata
1591 1099 1689 1155 per
1727 1081 2044 1154 prophetam
2069 1093 2098 1132 a
2130 1078 2240 1133 Deo

667 1184 961 1249 sententia,
990 1188 1103 1237 haec
1126 1180 1441 1249 contingent
1474 1177 1564 1238 iis,
1611 1173 1704 1245 qui
1748 1173 1990 1242 peiorem
2035 1179 2237 1224 sortem

668 1278 816 1332 nacti
874 1277 1078 1332 fuerint
1112 1292 1125 1328 ι
1159 1287 1293 1343 quos
1340 1269 1545 1325 terreni
1604 1281 1798 1322 sensus
1832 1279 1993 1320 causa
2040 1271 2239 1316 terram

667 1379 845 1426 vocat.
881 1363 1342 1434 Quemadmodum
1386 1359 1529 1416 enim
1561 1357 1688 1412 olim
1732 1357 1862 1410 Adae
1889 1353 2095 1409 dictum
2133 1360 2238 1416 est,

673 1480 693 1512 ι
730 1460 898 1513 Terra
930 1473 1010 1521 es.
1046 1465 1099 1511 et
1128 1456 1178 1508 in
1207 1462 1410 1508 terram
1461 1449 1755 1508 reverteris
1785 1447 1827 1478 ¹¹
1850 1487 1866 1512 ,
1900 1464 1919 1498 ι
1955 1445 2036 1499 sic
2067 1453 2121 1499 et
2175 1442 2240 1497 iis

668 1551 762 1620 qui
798 1559 1038 1618 tempore
1090 1532 1258 1600 divini
1315 1541 1525 1613 indicii,
1580 1537 1869 1608 voluptarii
1904 1543 1960 1590 et
1997 1534 2241 1604 corporis

670 1646 934 1703 amantes,
964 1650 1026 1689 ac
1054 1633 1277 1704 proinde
1311 1631 1509 1684 terreni
1558 1638 1612 1684 et
1649 1626 1894 1682 carnales
1922 1623 2239 1694 deprehensi

671 1731 897 1794 fuerint,
931 1727 1297 1794 corruptionis
1337 1723 1660 1792 supplicium
1695 1718 2078 1773 comminatur.
2113 1718 2270 1782 Quae,

674 1831 854 1874 autem
885 1819 956 1872 sit
995 1827 1139 1870 terra
1175 1816 1363 1884 lugens
1412 1823 1466 1867 et
1496 1812 1616 1882 quis
1657 1811 1806 1865 orbis
1837 1817 2144 1877 corruptus,
2186 1808 2237 1860 in

673 1908 1024 1978 sequentibus
1052 1905 1320 1967 declarat,
1376 1921 1394 1952 ‹
1428 1901 1704 1955 Luxeruut
1732 1897 1932 1953 excelsi
1982 1907 2176 1952 terrae:
2219 1916 2236 1948 ι

676 2000 774 2058 hos
807 2002 1006 2070 quippe
1039 1998 1270 2051 maxime
1302 1996 1380 2048 ira
1424 1993 1514 2048 Dei
1548 1993 1784 2052 invadet,
1817 1989 2068 2058 quoniam
2097 2007 2117 2040 ‹
2155 2003 2245 2043 su-

675 2096 856 2167 perbis
894 2092 1117 2155 resistit,
1173 2086 1467 2144 humilibus
1505 2095 1686 2139 autem
1726 2084 1819 2136 dat
1873 2081 2101 2150 gratiam
2135 2081 2238 2133 η.»

743 2272 909 2328 Vsus.
941 2270 995 2326 5.
1031 2287 1049 2321 t
1087 2267 1255 2322 Terra
1295 2266 1408 2335 egit
1439 2264 1603 2331 impie
1642 2271 1863 2331 prepler
1909 2261 2246 2314 habitatores

675 2381 840 2422 suos:
878 2363 1002 2432 quia
1033 2359 1370 2431 prmvaricati
1402 2366 1526 2411 sunt
1557 2354 1725 2422 legem
1775 2352 2009 2417 Domini,
2039 2361 2093 2404 et
2134 2351 2247 2404 dis-

679 2461 996 2524 sipaverunt
1045 2460 1101 2505 et
1138 2454 1482 2502 mutaverunt
1527 2453 1815 2516 przeccpta,
1861 2451 2243 2496 testamentum

676 2558 964 2604 aeternum.
1013 2563 1031 2596 ι
1071 2547 1270 2597 Omnes
1323 2541 1524 2608 quippe
1579 2535 1820 2591 homines
1853 2533 1940 2602 qui
1993 2546 2022 2584 a
2053 2530 2247 2586 saeculo

679 2639 868 2694 orbem
899 2635 1260 2697 incoluerunt,
1295 2631 1464 2686 Graeci
1519 2628 1674 2683 simul
1713 2637 1768 2681 et
1817 2624 2056 2688 barbari,
2091 2631 2249 2677 natu-

677 2729 777 2784 rali
811 2737 1030 2797 accepta
1070 2725 1205 2794 lege,
1225 2731 1279 2777 et
1302 2730 1563 2791 praecepta
1595 2718 1687 2772 Dei
1718 2718 1770 2770 in
1812 2715 2099 2770 animabus
2136 2712 2248 2766 suis

680 2820 946 2888 insculpta
980 2819 1260 2881 habentes,
1288 2825 1446 2883 atque
1481 2818 1861 2866 testamentum
1897 2827 1925 2860 a
1967 2806 2164 2862 Saecula
2196 2805 2247 2858 in

678 2909 948 2966 communi
1017 2906 1283 2974 cogitandi
1347 2905 1504 2957 modo
1556 2904 1977 2969 complectentes
2012 2915 2026 2950 :
2062 2903 2247 2961 postea

682 3001 776 3054 alii
809 3015 869 3054 se
896 3000 1136 3067 peccatis
1151 3005 1338 3051 contra
1367 3007 1610 3046 naturam
1635 2989 1975 3049 dediderunt,
1995 2986 2252 3040 naturalis

1349 320 1616 384 unseen
1654 313 2128 378 emsanrsusrs
2165 309 2316 370 ore.
2357 304 2542 365 rans
2577 303 2668 361 nt.
2707 333 2781 347 -
2817 274 3237 358 exeamus.

1317 447 1446 518 quia
1479 461 1586 502 non
1617 454 1703 502 est
1741 452 2094 514 personarum
2142 450 2234 491 ac-

2351 431 2558 494 πάντες·
2584 428 2706 482 ἐπεὶ
2736 428 2811 498 μή
2838 425 2954 478 ἐστι
2986 414 3410 495 προσωποληψία
3459 411 3609 484 παρὰ
3649 409 3729 482 τῷ
3769 408 3916 481 Θεῷ.

3806 288 3922 345 ﬁt}

2335 524 2427 578 Διὸ
2472 522 2690 593 εἴρηται
2740 513 2892 588 παρὰ
2931 513 3011 585 τῷ
3070 512 3223 566 Ἰὼϐ·
3277 528 3298 562 ι
3343 505 3556 580 Μικρὸς
3601 503 3697 558 καὶ
3739 501 3925 593 μέγας

2336 616 2453 669 ἐκεῖ
2503 592 2638 676 ἐστι,
2706 611 2802 663 καὶ
2847 607 3102 679 θεράπων
3151 603 3214 656 ού
3275 596 3526 661 δεδοικὼς
3579 594 3672 649 τόν
3718 592 3920 666 κύριον

2336 703 2524 761 αὐτοῦ.
2567 722 2586 755 ι

2412 817 2432 849 ‹
2481 795 2662 869 Φθορᾷ
2710 791 3046 864 φθαρήσεται
3085 789 3119 859 η
3151 787 3244 858 γῆ,
3291 786 3388 839 καὶ
3427 781 3674 854 προνομῇ
3708 789 3914 848 προνο-

2341 887 2666 960 μευθήσεται
2707 884 2742 956 ἡ
2781 884 2877 954 γῆ·
2925 881 2987 934 τὸ
3031 879 3140 951 γὰρ
3196 877 3372 947 στόμα
3423 871 3629 946 Κυρίου
3680 869 3920 941 statim

2337 979 2529 1034 ταῦτα.
2577 975 2903 1046 Ἐπένθησεν
2946 975 2979 1044 ἡ
3017 972 3090 1043 γῆ
3129 970 3222 1024 καὶ
3260 967 3472 1039 ὲφθάρη
3521 968 3556 1037 ἡ
3587 961 3915 1034 οἰκουμένη·

2339 1069 2644 1142 ἐπένθησαν
2663 1070 2712 1121 oi
2741 1066 2934 1137 ὑψηλοὶ
2963 1065 3063 1134 τῆς
3092 1062 3216 1134 γῆς.
3260 1079 3278 1112 ι
3319 1059 3504 1130 Φωνῆς
3528 1057 3642 1128 »γὰρ
3669 1056 3924 1125 ἀποφαν-

2337 1163 2498 1234 τικῆς
2525 1159 2660 1216 Θεοῦ
2681 1159 2769 1214 διὰ
2799 1158 2892 1212 τοῦ
2940 1156 3215 1230 προφήτου
3261 1149 3702 1224 προενεχθείσης,
3742 1145 3920 1200 ταῦτα

2339 1232 2491 1307 ἔσται
2514 1254 2628 1315 τοῖς
2657 1250 2755 1321 τὴν
2793 1249 3011 1319 χείρονα
3052 1243 3204 1315 λῆξιν
3234 1239 3504 1312 εἰληχόσιν
3525 1255 3538 1268 ·
3581 1236 3676 1300 οὓς
3716 1233 3805 1288 διὰ
3852 1232 3925 1288 τὸ

2339 1346 2541 1416 γεῶδες
2584 1343 2838 1415 φρόνημα
2897 1340 2999 1410 γῆν
3048 1334 3324 1406 ὀνομάζει.
3377 1331 3588 1402 Ὠσπερ
3631 1327 3739 1400 γάρ
3783 1342 3920 1381 ποτε

2341 1431 2533 1506 ἐλέχθη
2556 1433 2634 1504 τῷ
2670 1432 2860 1504 Ἀδὰμ,
2897 1450 2916 1482 ι
2958 1428 3036 1500 Γῆ
3069 1423 3139 1491 εἰ,
3179 1425 3272 1479 καὶ
3302 1424 3382 1487 εἰς
3408 1423 3512 1492 γῆν
3550 1417 3848 1491 ἁπελεύσῃ,
3889 1436 3913 1471 ›

2339 1526 2482 1581 οὕτω
2509 1525 2726 1588 καὶτοῖς
2747 1521 2889 1578 κατὰ
2916 1523 3007 1575 τὸν
3028 1519 3218 1592 καιρὸν
3249 1515 3349 1586 τῆς
3378 1512 3471 1568 τοῦ
3501 1511 3636 1576 Θεοῦ
3681 1511 3924 1582 κρίσεως

2342 1618 2643 1691 φιληδόνοις
2689 1618 2783 1671 καὶ
2831 1613 3191 1686 φιλοσώμασι,
3238 1610 3332 1664 καὶ
3376 1607 3463 1661 διὰ
3501 1605 3657 1660 τοῦτο
3706 1605 3923 1675 γηῖνοις

2342 1715 2436 1766 καὶ
2463 1712 2736 1782 σαρκίνοις
2762 1705 3211 1780 εύρεθησομένοις
3239 1706 3272 1774 ἡ
3298 1701 3592 1771 διαφθορᾶς
3622 1697 3921 1768 ὴπείληται

2341 1804 2594 1875 τιμωρία.
2631 1803 2727 1865 Τίς
2759 1801 2814 1854 δέ
2841 1802 2986 1852 ἐστιν
3026 1800 3058 1868 ὴ
3096 1793 3365 1849 πενθοῦσα
3405 1792 3477 1861 γῆ
3510 1789 3604 1844 καὶ
3648 1788 3923 1858 φθαρεῖσα

2341 1896 2654 1966 οἰκουμένη,
2706 1894 2960 1961 διασαφεῖ
3011 1889 3323 1958 ἐπιφέρων·
3399 1905 3418 1937 (
3491 1881 3825 1951 Ἐπὲνθησαν
3863 1880 3922 1933 οἱ

2343 1989 2535 2060 ὑψηλοὶ
2566 1989 2664 2059 τῆς
2712 1988 2846 2057 γῆς·
2893 2004 2912 2036 ι
2961 1983 3193 2054 μάλιστα
3259 1979 3369 2051 γὰρ
3438 1976 3659 2038 τούτους
3700 1976 3732 2045 η
3776 1972 3921 2044 ὀργὴ

2343 2082 2436 2135 τοῦ
2461 2081 2594 2134 Θεοῦ
2619 2077 3020 2150 μετελεύσεται,
3052 2074 3174 2126 ἐπεὶ
3211 2092 3228 2123 ι
3270 2069 3638 2141 ὑπερηφάνοις
3665 2065 3926 2120 ἀντιτάσ-

2346 2192 2516 2239 σεται,
2543 2173 2814 2234 ταπεινοῖς
2836 2171 2892 2223 δὲ
2911 2169 3092 2222 δίδωσι
3128 2165 3305 2237 χάριν.
3339 2183 3356 2215 i

2419 2285 2437 2317 ι
2476 2267 2538 2318 Ἡ
2556 2265 2626 2335 γῆ
2652 2264 2894 2334 ὴνόμησε
2916 2261 3002 2334 διὰ
3021 2261 3148 2322 τοὺς
3177 2254 3564 2315 κατοικοῦντας
3579 2251 3765 2320 αὑτήν·
3781 2249 3928 2303 διότι

2347 2359 2663 2430 παρέϐησαν
2700 2356 2790 2408 τὸν
2825 2355 2986 2423 νόμον
3032 2351 3239 2420 Κυρίου
3286 2349 3378 2402 καὶ
3422 2346 3792 2405 διεσκέδασαν,
3823 2339 3931 2412 ἡλ-

2345 2445 2509 2510 λαξαν
2535 2443 2603 2497 τά
2632 2441 3044 2513 προστάγματα,
3076 2438 3340 2507 διαθήκην
3378 2434 3614 2488 αἰώνιον.
3655 2452 3674 2484 ι
3711 2431 3928 2492 Πάντες

2346 2537 2454 2607 γὰρ
2488 2535 2760 2604 ἄνθρωποι
2792 2534 2840 2584 oi
2873 2529 2933 2593 ἐξ
2959 2528 3155 2592 αἰῶνος
3185 2529 3282 2598 τὴν
3309 2525 3630 2596 οἰκουμένην
3661 2523 3930 2592 οἰκήσαν-

2347 2643 2456 2688 τες,
2479 2623 2739 2693 Ἒλληνες
2765 2620 2899 2692 ὁμοῦ
2930 2620 3024 2672 καὶ
3053 2618 3337 2689 βάρϐαροι,
3371 2617 3461 2668 τὸν
3491 2614 3716 2683 φυσικὸν
3747 2613 3923 2683 νόμον

2348 2715 2746 2788 παρειληφότες
2783 2714 2877 2766 καὶ
2905 2715 2974 2764 τὰ
3015 2710 3410 2780 προστάγματα
3455 2707 3548 2760 τοῦ
3603 2705 3735 2759 Θεοῦ
3795 2705 3931 2765 ταῖς

2350 2809 2557 2862 ἑαυτῶν
2583 2807 2778 2876 ψυχαῖς
2813 2804 3023 2874 ἔχοντες
3060 2798 3505 2870 ἐγγεγραμμένα,
3555 2798 3654 2866 τήν
3698 2813 3756 2847 τε
3797 2793 3929 2846 διο.-

2351 2901 2521 2971 θήκην
2542 2900 2638 2969 τὴν
2661 2896 2719 2962 ἐξ
2742 2896 2931 2958 αἰῶνος
2955 2897 3012 2948 ὲν
3040 2895 3158 2955 ταῖς
3201 2893 3409 2953 κοιναῖς
3440 2889 3670 2951 ἐννοίαις
3719 2886 3924 2940 ὑποδε-

2350 2992 2618 3061 δεγμένοι,
2647 2989 2876 3042 κᾶπειτα
2903 2985 3123 3045 ἑαυτοὺς
3151 2985 3262 3045 τοῖς
3293 2980 3442 3065 πη,ρά
3479 2979 3638 3050 φύσιν
3672 2979 3932 3049 ἁμαρτή-

681 3091 820 3162 legis
851 3101 1274 3156 transgressores
1303 3084 1476 3139 eil'ecti
1517 3091 1665 3136 sunt.
1734 3079 2093 3147 Quamobrem
2128 3079 2249 3144 jure

2353 3101 2483 3154 μασι
2514 3079 2886 3140 ὲκδεδωκότες,
2920 3074 3232 3146 παραϐάται
3259 3071 3354 3124 τοῦ
3390 3068 3621 3139 φυσικοῦ
3663 3069 3932 3137 γεγόνασι

2394 3176 2402 3180 -
2590 3175 2597 3180 .
2641 3173 2650 3180 .
2712 3172 2750 3180 λ.
2848 3169 2930 3180 ιιι
3256 3179 3271 3180 7
3320 3164 3397 3180 I,,
3446 3178 3499 3180 κ-
3577 3160 3639 3180 _"
3684 3158 3804 3180 n_!__
3845 3159 3894 3180 Ω-

686 3186 752 3236 ad
793 3179 1022 3234 tribunal
1049 3178 1137 3230 Dei
1171 3179 1450 3242 sistentur,
1483 3175 1536 3229 in
1569 3174 1772 3242 judicio
1803 3170 2249 3240 transgressionis

686 3288 798 3330 aute
830 3272 1091 3326 rationem
1124 3269 1325 3323 daturi.

756 3448 920 3504 Vsus.
962 3448 1116 3503 6-10.
1175 3465 1192 3499 ι
1246 3446 1478 3528 Propter
1514 3448 1617 3503 hoc
1673 3446 1981 3502 maledictio
2038 3448 2252 3514 vorabit

689 3550 907 3604 terram,
964 3540 1216 3608 quoniam
1265 3548 1623 3608 peccaverunt
1678 3540 1770 3607 qui
1838 3538 2077 3593 incolunt
2109 3553 2248 3592 eam.

688 3632 809 3687 Ideo
840 3646 1100 3701 pauperes
1150 3641 1307 3684 erunt
1365 3630 1697 3686 habitatores
1761 3639 1940 3691 terrae,
1997 3641 2051 3684 et
2090 3629 2253 3682 relin-

686 3732 919 3792 quentur
949 3723 1188 3775 homines
1216 3722 1393 3790 pauci.
1424 3721 1652 3792 Lugehit
1688 3722 1894 3780 vinum.
1937 3720 2139 3790 lugebit
2179 3722 2256 3772 vi-

690 3828 829 3865 nea:
863 3811 1215 3880 ingemiscent
1261 3825 1452 3865 omnes
1513 3809 1604 3880 qui
1677 3809 1996 3864 [astabantur
2051 3813 2254 3863 animo.

687 3903 936 3958 Cessavit
976 3904 1226 3972 gaudium
1288 3911 1687 3974 tympanorum,
1753 3906 1987 3960 cessavit
2025 3920 2129 3960 vox
2177 3907 2255 3958 ci-

695 3999 880 4050 tharae.
931 3995 1294 4060 Erubuerunt,
1347 4011 1450 4050 non
1502 3997 1755 4050 biberunt
1798 3983 1979 4050 vinum
2017 4014 2029 4049 :
2071 4011 2255 4050 amara

699 4088 838 4140 facta
876 4097 961 4140 est
1003 4087 1171 4140 sicera
1209 4087 1513 4140 bibentibus
1546 4103 1558 4138 :
1594 4088 1834 4142 desolata
1857 4099 1942 4143 est
1967 4089 2142 4142 omnis
2184 4091 2262 4142 ci-

695 4180 865 4242 vitas;
900 4178 1112 4232 claudet
1140 4179 1353 4237 domum
1382 4191 1448 4230 ne
1473 4187 1652 4246 pateat
1682 4180 1988 4246 ingressas?
2013 4197 2030 4229 ι
2058 4179 2255 4244 Quent-

694 4270 987 4323 admodum
1061 4269 1112 4320 in
1181 4267 1444 4334 principio
1487 4266 1810 4331 creationis,
1878 4269 2109 4322 nondum
2167 4284 2261 4322 cx-

696 4360 917 4414 sistente
967 4366 1212 4424 peccato,
1278 4356 1553 4410 benedixit
1595 4356 1733 4409 Deus
1767 4358 2065 4420 hominem,
2097 4357 2174 4410 sic
2208 4366 2262 4410 et

2349 3176 2532 3244 νόμου.
2575 3173 2666 3224 Διὸ
2706 3172 2770 3240 δὴ
2811 3169 3046 3234 εὐλόγως
3088 3164 3530 3234 παραστήσονται
3572 3160 3650 3230 τῷ
3684 3158 3809 3228 θείῳ
3841 3159 3937 3211 δι’

2350 3266 2650 3335 καστηρίῳ,
2702 3260 3088 3332 κριθησόμενοι
3138 3258 3213 3319 ῶς
3269 3255 3425 3322 λόγον
3484 3251 3772 3327 ὑφέξοντες.
3821 3251 3933 3320 τῆς

2349 3355 2557 3410 ἑαυτῶν
2592 3350 2971 3424 παραϐάσεως.

2425 3467 2442 3498 r
2482 3445 2580 3498 Διὰ
2607 3444 2761 3497 τοῦτο
2788 3441 2894 3513 ἀρὰ
2919 3441 3092 3493 ἔδεται
3121 3439 3219 3509 τὴν
3246 3437 3369 3507 γῆν,
3405 3435 3486 3488 ὅτι
3522 3432 3840 3502 ἡμάρτοσαν
3877 3431 3935 3481 οἱ

2352 3537 2728 3597 κατοικοῦντες
2780 3535 2965 3604 αὑτήν.
3011 3533 3109 3584 Διὰ
3150 3529 3310 3583 τοῦτο
3354 3526 3558 3595 πτωχοὶ
3607 3524 3816 3576 ἔσονται
3873 3522 3935 3573 οἱ

2352 3629 2683 3690 ἐνοικοῦντες
2707 3630 2763 3680 ὲν
2786 3629 2852 3696 τῇ
2883 3628 2975 3695 γῇ,
3017 3625 3112 3676 καὶ
3145 3617 3663 3688 καταλειφθήσονται
3710 3613 3936 3684 ἄνθρω-

2355 3741 2444 3774 ποι
2469 3722 2656 3788 ὀλίγοι.
2692 3718 2953 3786 Πενθήσει
2986 3712 3146 3780 οἶνος,
3191 3711 3447 3781 πενθήσει
3494 3707 3756 3779 ἄμπελος,
3802 3722 3937 3758 στε-

2354 3815 2571 3877 νάξουσι
2601 3811 2798 3872 πάντες
2827 3810 2875 3860 οἱ
2909 3807 3316 3877 εὐφραινόμενοι
3341 3803 3440 3872 τὴν
3467 3800 3664 3870 ψυχήν.
3703 3799 3938 3850 Πέπαυ-

2355 3923 2442 3958 ται
2473 3902 2776 3972 εὐφροσύνη
2809 3899 3123 3970 τυμπάνων,
3160 3896 3431 3948 πέπαυται
3474 3891 3624 3962 φωνὴ
3671 3888 3934 3960 κιθάρας.

2369 3995 2762 4068 ᾙσχύνθησαν,
2811 3993 2910 4045 οὐκ
2947 3991 3127 4043 ἔπινον
3167 3986 3336 4041 οἷνον’
3374 3985 3570 4056 πικρὸν
3614 3984 3823 4051 ἐγίνετο
3867 3981 3938 4033 τὸ

2360 4087 2550 4156 σίκερα
2587 4087 2698 4146 τοῖς
2727 4084 2999 4137 πίνουσιν·
3033 4077 3302 4151 ἠρημώθη
3333 4079 3482 4130 πᾶσα
3505 4075 3688 4137 πόλιςο
3721 4074 3938 4126 κλείσει

2358 4180 2532 4232 οἰκίαν
2578 4176 2671 4229 τοῦ
2727 4176 2799 4245 μὴ
2831 4172 3110 4226 εἰσελθεῖν.
3151 4188 3169 4221 ι
3205 4170 3414 4239 Ὥσπερ
3454 4168 3508 4220 δὲ
3547 4169 3602 4218 ὲν
3647 4167 3788 4236 ἀρχῇ
3829 4167 3940 4236 τῆς

2358 4269 2731 4340 κοσμοποιίας,
2765 4267 2930 4337 μήπω
2963 4262 3235 4335 ἁμαρτίας
3261 4261 3593 4329 ὑποστάσης,
3626 4257 3939 4328 ηὐλόγησεν

2359 4365 2386 4416 ὁ
2413 4361 2543 4423 Θεὸς
2569 4361 2658 4412 τὸν
2690 4358 2996 4429 ἄνθρωπον,
3033 4355 3204 4418 οὕτως
3236 4355 3329 4406 ἐπὶ
3354 4350 3631 4421 συντελείᾳ
3668 4349 3775 4400 τῶν
3801 4347 3941 4400 αἰώ-

683 4452 750 4504 in
792 4449 1253 4502 consummatione
1291 4446 1630 4500 smculorum.
1682 4446 1867 4516 Neque
1896 4448 2037 4501 enim
2070 4463 2250 4502 omnes

2360 4472 2483 4507 νων.
2527 4452 2659 4506 υύδὲ
2699 4450 2808 4521 γὰρ
2847 4449 3053 4510 πάντας
3093 4444 3364 4510 στενάξειν
3406 4444 3539 4512 φησί
3579 4444 3702 4505 τοὺς
3747 4443 3804 4492 ὲν
3851 4440 3940 4510 τῷ

699 4544 754 4596 in
810 4542 1062 4612 praesenti
1107 4541 1214 4593 vita
1267 4549 1549 4594 versantes
1621 4541 1976 4610 ingemituros
2014 4542 2108 4604 ait,
2163 4544 2255 4596 sed

700 4643 906 4687 tantum
929 4647 1044 4696 eos,
1069 4633 1156 4701 qni
1185 4634 1234 4685 in
1269 4632 1375 4684 lata
1416 4642 1469 4686 et
1498 4635 1729 4702 spatiosa
1771 4635 1856 4686 via
1900 4634 2258 4697 incesserunt,

697 4725 792 4792 qui
825 4725 1221 4792 compotatione
1254 4731 1309 4777 et
1348 4723 1473 4777 luxu
1505 4740 1604 4779 sua
1642 4727 1822 4779 omnia
1849 4725 2214 4795 dilapidarnnt
2244 4747 2258 4783 :

696 4819 791 4888 qui
832 4834 936 4872 non
965 4816 1106 4871 ultra
1149 4816 1514 4885 voluptatibus
1557 4817 1850 4883 fruuntur,
1907 4821 2001 4874 sed
2043 4821 2109 4875 de
2145 4829 2261 4874 tur-

700 4909 856 4977 pibus
896 4921 958 4960 ac
991 4906 1214 4960 nefariis
1249 4907 1414 4976 gestis
1452 4908 1566 4962 suis
1604 4909 1858 4973 convicti,
1913 4911 2117 4979 pudore
2147 4910 2264 4965 suf-

700 4996 1018 5049 fnnduntur.
1055 4997 1375 5065 Plerumque
1408 5006 1586 5051 autem
1611 4997 1917 5069 Theologus
1934 5001 2117 5054 vinum
2149 5015 2261 5054 me-

702 5101 939 5149 morans,
996 5087 1275 5140 hominum
1315 5087 1640 5154 voluptatem
1703 5089 2088 5157 subindicavit,
2151 5093 2264 5145 sive

704 5180 1001 5232 mercedem
1030 5178 1264 5243 malitiae,
1298 5188 1458 5247 atque
1488 5180 1681 5234 anima:
1717 5192 2017 5246 veternum,
2043 5183 2135 5252 qui
2169 5199 2263 5237 co-

701 5272 1017 5340 gitationum
1050 5281 1318 5324 rectarum
1362 5278 1414 5325 et
1459 5273 1782 5327 naturalium
1816 5276 2078 5329 rationem
2108 5290 2264 5329 ever-

706 5364 787 5417 tit.
817 5361 928 5428 Qua
964 5363 1222 5417 ebrietate
1274 5363 1425 5431 quasi
1477 5363 1794 5432 evigilantes
1824 5367 1917 5434 qui
1975 5376 2100 5421 tunc
2137 5383 2263 5434 snp-

705 5451 864 5593 pgcio
916 5449 1251 5517 afﬁcientur,
1323 5466 1483 5507 voces
1553 5462 1607 5506 et
1677 5453 1941 5509 clamores
2007 5453 2260 5525 lugubres

705 5556 733 5592 ε
778 5540 988 5593 nudent.

705 5540 988 5595 effundent.

779 5719 931 5775 "Joh
961 5720 1141 5789 “1,19.
1203 5721 1396 5776 “Gen.
1431 5739 1511 5787 tu,
1547 5722 1623 5776 i9.
1706 5724 1746 5754 "
1777 5721 1960 5780 Iacob.
1984 5741 2055 5790 tv,
2079 5725 2131 5778 6.

2366 4547 2588 4617 παρόντι
2627 4543 2745 4615 βίῳ,
2772 4541 2884 4595 ἀλλ’
2909 4541 2942 4611 ἢ
2973 4542 3098 4602 τοὺς
3125 4538 3222 4609 τὴν
3248 4537 3504 4590 πλατεῖαν
3545 4537 3638 4588 καὶ
3687 4533 3938 4605 εὐρύχω-

2368 4654 2457 4709 ρον
2481 4635 2802 4698 ὼδευκότας,
2835 4630 3199 4701 οἰνοφλυγίαις
3226 4629 3320 4684 καὶ
3338 4627 3596 4690 ἀσωτίαις
3622 4626 3690 4680 τὰ
3722 4627 3942 4678 ἑαυτῶν

2363 4729 2834 4800 κατατρίψανταςθ
2896 4727 2942 4778 οἰ
2993 4725 3088 4777 καὶ
3140 4721 3332 4793 μηκέτι
3398 4719 3611 4790 ἔχοντες
3658 4719 3755 4790 τὴν
3824 4719 3942 4772 τῶν

2362 4821 2560 4892 ἡδονῶν
2607 4820 2933 4872 ἀπόλαυσιν·
2994 4813 3128 4868 ἀλλὰ
3169 4814 3262 4866 καὶ
3321 4811 3664 4881 ἐλεγχόμενοι
3714 4810 3797 4878 ἐφ’
3843 4804 3946 4873 αἷς

2361 4912 2599 4984 ἔπραξαν
2630 4913 2879 4981 αἰσχραῖς
2917 4909 3010 4961 καὶ
3036 4907 3314 4976 ἀθεμίτοις
3352 4901 3632 4974 πράξεσιν,
3673 4901 3945 4972 αἰσχύνην

2370 4977 2780 5075 καταχεοῦνται.
2815 5000 3078 5061 Πολλάκις
3111 4999 3166 5051 δὲ
3203 4999 3230 5049 ὁ
3257 4977 3528 5063 Θεολόγος
3553 4995 3694 5046 οίνου
3724 5010 3944 5063 μνημο-

2369 5097 2580 5159 νεύσας,
2599 5094 2692 5165 τὴν
2718 5093 2824 5146 τῶν
2851 5090 3148 5160 ἀνθρώπων
3185 5089 3392 5159 τρυφὴν
3420 5084 3654 5157 ᾐνίξατο,
3682 5085 3714 5154 ἢ
3751 5084 3810 5136 τὸ
3839 5088 3945 5156 τῆς

2368 5186 2565 5248 κακίας
2590 5183 2845 5255 μίσθωμα
2878 5183 2970 5235 καὶ
3000 5192 3090 5234 τον
3118 5179 3216 5249 τῆς
3246 5178 3422 5248 ψυχῆς
3449 5176 3634 5246 κάρον,
3660 5177 3948 5246 παρατρέ-

2368 5295 2537 5331 ποντα
2566 5279 2664 5347 τὴν
2694 5276 2929 5329 διάνοιαν
2973 5273 3080 5326 τῶν
3124 5271 3298 5344 ὀρθῶν
3332 5270 3426 5323 καὶ
3473 5267 3615 5322 κατὰ
3653 5266 3815 5337 φύσιν
3848 5267 3946 5320 λο-

2368 5370 2607 5441 γισμῶν·
2642 5364 2702 5423 οὗ
2745 5367 3089 5440 μεθύσματος
3128 5367 3316 5435 ῶσπερ
3361 5362 3714 5431 διανήψαντες
3734 5360 3784 5413 oi
3822 5361 3946 5412 τότε

2368 5459 2754 5532 κολαζόμενοι,
2837 5458 3018 5526 φωνὰς
3094 5456 3369 5526 ἀφήσουσι
3451 5452 3545 5505 καὶ
3621 5448 3750 5519 βοὰς
3826 5466 3948 5503 mv-

2368 5551 2544 5615 θικάς.
