4120 6294
189 332 260 389 261
1080 330 1585 389 COMMENTARIA
1630 328 1695 383 IN
1734 326 1991 383 ISMAM.
2035 358 2104 368 --
2139 328 2294 385 CAP.
2332 326 2524 385 XXIV.

3343 337 3455 395 282

243 466 259 497 ι
307 446 613 513 Ὀλολύζετε
642 448 780 520 περὶ
810 447 901 502 τοῦ
936 450 1082 503 οῐνου
1120 451 1369 520 πανταχῆ
1398 466 1411 479 ο
1465 450 1738 503 πέπαυται

1923 442 2089 499 Vens.
2124 445 2306 501 li-l3.
2337 463 2373 498 ιι
2394 445 2601 501 Ululate
2632 459 2731 517 pro
2758 447 2887 503 vino
2916 448 3119 521 ubique
3160 465 3175 503 :
3210 455 3452 511 cessavit

189 543 306 597 πᾶσα
325 542 657 613 εὐφροσύνη,
703 542 915 614 ἀπῆλθε
956 545 1108 598 πᾶσα
1146 544 1455 616 εὐφροσύνη
1498 547 1599 616 τῆς
1626 546 1749 614 γῆς.

188 630 265 683 Καὶ
294 631 819 702 ιαταλειφθήσονται
848 631 1034 696 πόλεις
1064 632 1161 705 ερη
1172 650 1284 703 μοι,
1313 634 1409 687 καὶ
1432 629 1572 687 οἴκοι
1595 636 1755 702 ὲγκα-

185 722 558 793 ταλελειμμένοι
590 723 951 779 ἀπολοῦνται.
990 725 1178 780 Ταῦτα
1205 725 1384 779 πάντα
1410 726 1563 779 ἔσται
1592 727 1650 779 ὲν
1684 730 1750 797 τῇ

184 816 321 883 τῇ,ὲν
349 815 496 885 μέσῳ
522 815 640 868 τῶν
671 815 866 870 ὲθνῶν.
896 818 993 871 Ὃν
1023 818 1225 888 τρόπον
1260 815 1357 870 ὲάν
1384 835 1469 881 τις
1510 819 1753 889 καλαμή.

186 922 309 974 σηται
344 906 552 969 δλαίαν,
588 904 775 970 οὕτως
804 908 1216 978 καλαμήσονται
1245 908 1444 973 αὐτούς
1482 926 1497 941 ·
1528 911 1623 963 κα)¹
1652 910 1748 963 ὲάν

184 996 420 1066 παύσηται
461 1000 491 1050 ό
532 998 842 1070 τρυγητός.
890 1016 909 1051 ι
962 998 1051 1062 Ὠς
1086 998 1289 1069 μηδένα
1331 1000 1748 1072 περιλειφθῆναι

182 1088 266 1139 τῶν
291 1088 518 1152 ἀσεϐῶν,
561 1088 712 1142 ἀλλά
759 1092 854 1144 καὶ
896 1090 1093 1161 μέχρις
1136 1090 1255 1155 ἑνὸς
1290 1092 1390 1163 τὴν
1429 1093 1611 1164 κρίσιν
1653 1092 1747 1147 τοῦ

181 1180 287 1233 Θεοῦ
313 1181 610 1251 μετελθεῖν.
657 1184 747 1247 Ὠς
778 1184 887 1254 γὰρ
932 1185 980 1235 oi
1026 1184 1121 1235 τὸν
1155 1187 1256 1254 τῆς
1301 1186 1492 1250 ἐλαίας
1533 1188 1747 1257 καρπὸν

180 1271 528 1341 ἀναλεγόμενοι
560 1272 838 1343 καλάμοις
854 1272 1076 1326 εἰώθασι
1106 1272 1417 1345 διακρούειν
1450 1275 1544 1327 καὶ
1574 1290 1743 1328 κατα-

180 1361 329 1417 δαλείν
365 1362 527 1433 μέχρι
576 1364 680 1417 καὶ
728 1367 877 1435 μιᾶς,
914 1362 1070 1416 εἵπου
1106 1365 1503 1437 περιλειφθείη,
1537 1366 1631 1419 καὶ
1669 1367 1745 1430 ὼς

183 1453 295 1522 μετά
343 1454 430 1507 τὸν
482 1456 765 1525 τρυγητὸν
826 1455 1139 1517 ἐπανιόντες
1184 1456 1329 1519 τινὲς
1389 1456 1744 1524 ἀναλέγονται

182 1546 330 1615 ῥῶγάς
357 1565 508 1609 τινας
532 1546 766 1618 βραχεῖς
790 1546 820 1617 ἢ
845 1548 1078 1619 βότρυας
1102 1550 1231 1613 τούς
1251 1548 1737 1620 παραλειφθέντας·

180 1639 250 1690 τὸν
279 1638 429 1691 αὐτὸν
456 1640 672 1710 τρόπον
708 1641 801 1693 καὶ
844 1642 967 1704 τοὺς
1004 1641 1227 1703 ἀσεϐεῖς
1260 1640 1608 1705 ἀναλέξονται
1647 1643 1741 1695 καὶ

182 1730 340 1797 μέχρις
358 1731 493 1793 ἑνὸς,
512 1732 593 1793 ὡς
613 1731 819 1801 μηδένα
836 1731 1119 1801 διαφυγεῖν
1143 1732 1241 1802 τὴν
1266 1732 1360 1785 τοῦ
1376 1730 1511 1783 Θεοῦ
1535 1732 1737 1803 κρίσιν.

1858 538 2039 591 omnis
2079 537 2285 601 latitia,
2330 538 2584 593 discessit
2615 539 2798 593 omnis
2826 539 3223 599 laetitia-terrae.
3260 543 3328 598 Et
3358 559 3451 602 ro—

1858 624 2172 695 linquentur
2205 629 2369 683 urbes
2400 628 2651 691 deserta',
2681 638 2737 682 et
2768 629 2961 685 domus
3001 632 3281 689 derelictae
3325 650 3452 705 per-

1857 715 2033 773 ibunt.
2078 717 2207 772 llaec
2260 719 2442 772 omnia
2486 729 2649 774 erunt
2708 720 2760 773 in
2798 728 2966 789 terra,
3011 722 3064 778 in
3101 725 3282 780 medio
3311 740 3447 797 gen-

1856 808 2011 864 tium.
2044 808 2511 875 Quemadmodum
2568 811 2612 865 si
2669 812 2792 880 quis
2824 816 3069 868 excutiat
3100 816 3325 882 olivam,
3367 819 3455 875 sic

1852 902 2133 955 excutient
2182 900 2363 971 ipsos;
2400 911 2456 955 et
2496 902 2542 955 si
2586 903 2833 971 quiescat
2864 905 3159 959 vindemia.
3204 923 3224 959 ι
3263 906 3340 961 Ita
3388 916 3449 963 ut

1853 992 2033 1045 nullus
2066 992 2358 1061 impiorum
2390 994 2645 1048 residuus
2686 994 2788 1059 sit,
2834 995 2930 1049 sed
2980 997 3046 1051 ad
3076 1013 3241 1051 unum
3272 1014 3447 1069 usque

1849 1098 2041 1137 omnes
2063 1083 2328 1152 judicium
2366 1083 2461 1138 Dei
2493 1085 2746 1139 subeant.
2783 1084 3257 1152 Quemadmodum
3290 1093 3445 1147 enim

1850 1176 1941 1243 qui
1974 1160 2131 1229 olivae
2164 1174 2399 1229 fructum
2437 1177 2725 1246 colligunt,
2784 1179 3007 1246 perticis
3062 1180 3240 1237 solent
3282 1183 3444 1239 olive

1847 1282 2016 1338 grana
2045 1278 2302 1324 excutere
2343 1284 2409 1324 ac
2446 1268 2687 1339 dejicere
2724 1284 2897 1339 usque
2929 1272 2996 1325 ad
3043 1288 3230 1337 unum,
3260 1273 3442 1329 sicubi

1848 1359 2258 1429 derelinquatur
2287 1376 2301 1413 :
2336 1376 2401 1415 ac
2433 1361 2888 1430 quemadmodum
2930 1373 3056 1432 post
3082 1366 3441 1433 vindemiam,

1850 1463 2191 1507 revertentes
2236 1454 2456 1523 quidam
2497 1469 2695 1525 parvos
2719 1458 2907 1513 acinos
2926 1468 2982 1513 et
3022 1474 3152 1513 uvas
3190 1460 3440 1518 residuas

1846 1544 2141 1613 coiliguttt,
2184 1546 2259 1599 ita
2294 1556 2350 1602 et
2380 1547 2574 1617 impios
2602 1550 2859 1621 colligent
2914 1566 3088 1619 usque
3126 1554 3195 1608 ad
3230 1570 3433 1623 unum;

1847 1637 1919 1689 ita
1952 1648 2009 1690 ut
2046 1638 2311 1707 judicium
2356 1638 2450 1694 Dei
2488 1656 2647 1695 nemo
2687 1642 3053 1712 subterfugiat

234 1815 427 1875 ιΟῦτοι
482 1822 582 1895 βοῇ
622 1826 984 1894 φωνήσουσιν.
1030 1845 1048 1875 ι
1085 1824 1240 1887 Τίνες
1282 1824 1335 1877 δὲ
1378 1817 1524 1876 οῦτοι
1558 1802 1736 1894 ἀλλ’ἢ

1914 1816 2078 1873 Vsus.
2112 1819 2200 1874 M.
2235 1838 2253 1870 ι
2278 1819 2342 1874 Hi
2367 1821 2604 1877 clamore
2637 1823 3099 1879 vociferabantur.
3138 1844 3157 1877 ι
3198 1826 3431 1893 Quinam

176 1913 310 1965 οίτοῦ
340 1916 652 1985 κρείττονος
686 1918 998 1987 τάγματοςς
1034 1912 1157 1970 Εἶεν
1204 1916 1247 1969 δ’
1282 1916 1346 1968 ἂν
1386 1912 1529 1969 οὗτοι
1564 1917 1612 1968 el
1639 1917 1738 1986 τῆς

178 2003 298 2073 ταρά
330 2005 443 2076 Θεῷ
494 2007 921 2078 μεγαλειότητος
964 2009 1276 2078 ἠξιωμένοι.
1326 2027 1341 2057 ι
1387 2010 1451 2061 Οἱ
1479 2008 1535 2061 δὲ
1568 2026 1737 2061 κατα-

177 2095 446 2162 λειφθέντες
484 2102 580 2152 ἐπὶ
606 2100 707 2170 τῆς
738 2100 842 2168 γῆς
874 2100 1337 2170 εὐφρανθήσονται
1370 2100 1484 2169 ἃμα
1515 2102 1579 2169 τῇ
1610 2099 1735 2169 δόξῃ

177 2188 376 2259 Κυρίου·
415 2192 830 2262 ταραχθήσεται
866 2193 926 2245 τὸ
961 2193 1104 2261 ὕδωρ
1146 2194 1243 2264 τῆς
1277 2192 1577 2263 θαλάσσης.
1622 2212 1639 2243 ι
1672 2195 1734 2245 Ui.

176 2280 321 2351 δὲτῆς
351 2284 569 2353 μερίδος
609 2286 889 2355 γενόμενοι
931 2285 1026 2339 τοῦ
1074 2285 1209 2338 Θεοῦ
1260 2286 1734 2355 εὐφρανθήσονται
1788 2328 1789 2331 η

177 2371 268 2441 ἅμα
292 2378 352 2445 τῇ
382 2375 509 2448 δόξῃ
544 2377 642 2430 τοῦ
695 2379 930 2449 Κυρίου·
963 2379 1085 2430 τότε
1122 2378 1230 2449 γὰρ
1264 2379 1427 2441 αὐτὸς
1460 2380 1488 2429 ὁ
1529 2378 1734 2449 Κύριος

176 2467 417 2522 ἐλεύσεται
450 2471 509 2522 ὲν
534 2473 604 2541 τῇ
636 2469 763 2541 δόξῃ
795 2470 889 2523 τοῦ
927 2472 1139 2541 Πατρδς
1180 2470 1346 2524 αὐτοῦ
1391 2472 1529 2541 μετά
1570 2471 1731 2523 δυνά-

179 2573 293 2623 μεως
316 2559 405 2611 καὶ
434 2560 598 2631 δόξης
633 2561 852 2630 πολλῆς.
911 2561 1034 2613 Ἐπὶ
1070 2561 1241 2633 ταύτῃ
1291 2561 1469 2614 τοίνυν
1503 2563 1569 2631 τῇ
1606 2560 1733 2631 δόξῃ

174 2645 249 2698 τοῦ
288 2649 487 2703 ἑαυτῶν
543 2651 752 2722 Κυρίου
806 2652 1275 2722 εὐφρανθήσονται
1324 2653 1373 2703 οἱ
1424 2652 1592 2705 πάλαι
1649 2654 1732 2715 είς

175 2736 306 2791 αὑτὸν
329 2740 641 2807 ἠλπικότες.
693 2741 839 2793 Ἀντὶ
878 2742 935 2793 δὲ
975 2742 1091 2804 τοῦ,
1148 2762 1165 2793 ι
1218 2741 1634 2813 Ταραχθήσεται
1671 2742 1731 2794 τὸ

178 2824 292 2897 ὓδωρ
314 2828 403 2899 τῆς
428 2830 729 2901 θαλάσσης,
773 2850 790 2881 ι
831 2849 849 2882 ι
885 2832 1135 2901 ἽΙχησαν
1171 2832 1338 2907 ὕδατα
1372 2834 1669 2902 θαλάσσης,
1706 2851 1723 2883 ι

175 2916 425 2974 θεοδοτίων
445 2923 785 2993 ἡρμήνευσε,
808 2924 1086 2992 σημαίνων
1104 2925 1163 2975 τὸ
1189 2924 1415 2994 μέγεθος
1438 2928 1536 2995 τῆς
1560 2925 1726 2995 ζωῆς,

177 3003 202 3078 ᾖ
230 3011 495 3081 Χρῄξοντιι
526 3017 575 3068 οἱ
606 3015 919 3082 δοξάζοντες
962 3018 1055 3070 τὸν
1096 3018 1303 3070 ἑαυτῶν
1337 3020 1567 3089 Κύριον*
1610 3020 1729 3089 ἤχῳ

177 3100 261 3172 γὰρ
286 3104 551 3176 θαλάσσης
578 3108 1062 3179 παραόληθήσεται
1094 3110 1273 3163 αὐτῶν
1303 3112 1335 3181 ἡ
1372 3112 1545 3180 φωνή.

234 3214 250 3245 ι
285 3199 373 3251 Διά
400 3199 560 3253 τοῦτο
595 3202 629 3270 ἠ
660 3200 786 3267 δόξα
826 3201 1029 3272 Κυρίου
1064 3204 1121 3254 ἐν
1167 3205 1287 3265 ταῖς
1335 3205 1516 3273 νήσοις
1572 3204 1725 3259 ἔσται

177 3286 252 3357 τῆς
276 3288 559 3362 θαλάσσης.
602 3311 620 3342 ι
659 3293 791 3357 Ταῖς
834 3294 1184 3364 Ἐκκλησίαις
1230 3294 1429 3365 δηλαδὴ
1468 3300 1588 3359 ταῖς
1631 3314 1726 3366 με-

178 3378 281 3442 ταξύ
320 3382 480 3435 πάλαι
519 3385 633 3436 τῶν
684 3383 927 3437 ἀπίστων
986 3386 1187 3447 ὲθνῶν,
1238 3384 1427 3456 ὥσπερ
1466 3388 1523 3440 ἐν
1574 3390 1725 3459 μέσῳ

178 3467 428 3544 θαλάσσης,
456 3476 921 3546 ἀπειλημμέναις,
942 3476 1027 3545 ἐφ’
1046 3476 1111 3540 ἃς
1144 3480 1176 3545 ἡ
1211 3477 1337 3541 δόξα
1369 3480 1573 3550 Κυρίου
1600 3484 1721 3533 ἐπι-

177 3558 340 3631 λαμψει
364 3566 502 3619 τότε.
538 3585 558 3617 t
584 3567 657 3619 Τὸ
682 3567 849 3637 ὕνομα
880 3568 1086 3639 Κυρίου
1110 3567 1315 3632 ἔνδοξον
1348 3568 1517 3624 ἔσται.
1552 3572 1726 3643 Κύριε

174 3650 324 3715 ὀΘεὸς
362 3657 597 3729 Ἰσραὴλ,
625 3658 736 3711 ἀπὸ
770 3657 876 3710 τῶν
921 3659 1207 3729 πτερύγων
1242 3660 1341 3729 τῆς
1372 3664 1475 3731 γῆς
1520 3663 1723 3733 τέρατα

176 3742 422 3813 ἠκούομεν,
449 3748 607 3811 ἐλπὶς
640 3746 720 3817 τῷ
746 3747 977 3802 εὐσεδεῖ.
1016 3750 1172 3802 Κατά
1200 3749 1257 3803 δὲ
1291 3750 1383 3803 τὸν
1427 3752 1723 3823 Σύμμαχον

173 3834 247 3885 καὶ
271 3835 607 3901 Θεοδατίωνα,
636 3859 654 3891 ι
691 3842 823 3894 Ἀπὸ
856 3840 964 3893 τῶν
994 3838 1280 3913 πτερύγιον
1324 3844 1421 3913 τῆς
1450 3848 1553 3915 γῆς
1585 3846 1725 3914 ψαλ-

180 3927 283 3991 μοὺς
321 3931 661 4003 ἠκούσαμενο
707 3951 725 3982 ι
763 3932 904 3986 κατὰ
943 3932 1000 3984 δὲ
1041 3933 1132 3984 τὸν
1197 3933 1447 3996 Ἀκύλαν,
1484 3954 1502 3985 ‹
1546 3936 1720 4005 μελῳ-

173 4013 279 4079 δίας.
320 4040 335 4070 ι
378 4025 436 4075 Οἱ
466 4026 580 4094 γὰρ
614 4026 713 4094 τῆς
753 4024 967 4095 μερίδος
1011 4024 1105 4076 τοῦ
1156 4024 1311 4087 Θεοῦ,
1362 4025 1460 4095 τὴν
1502 4026 1718 4081 δικαίαν

174 4109 305 4162 αὐτοῦ
338 4116 508 4184 κρίσιν
540 4114 1046 4187 ἀποθαυμάζοντες,
1079 4118 1467 4187 εὐφραίνονται
1503 4119 1618 4189 ἅμα
1652 4123 1717 4191 τῇ

173 4196 273 4269 δόξῃ
302 4202 384 4254 τοῦ
433 4206 665 4275 Κυρίου.
705 4207 799 4257 καὶ
847 4205 1262 4277 εὐφραινόμενοι
1311 4205 1513 4276 ὕμνους
1568 4210 1719 4278 αὐτῴ

176 4288 246 4337 καὶ
276 4290 576 4363 damnata;
622 4295 1070 4364 εὐχαριστηρίους
1116 4294 1554 4364 ἀναπέμπουσιν.
1601 4293 1717 4350 Εῐττ

172 4375 392 4447 ἐπιλέγει,
424 4403 441 4435 ι
497 4386 683 4448 Ἐλπὶς
704 4385 780 4455 τῷ
808 4383 1036 4437 εὐσεϐεῖ.
1071 4404 1088 4434 ι
1136 4384 1352 4455 Ἐπειδὴ
1379 4388 1488 4457 γὰρ
1518 4387 1585 4439 τὰ
1605 4391 1716 4453 τοῖς

173 4468 356 4525 ἀσεϐέσι
385 4476 595 4548 διῆλθεν
619 4477 977 4547 ἡπειλημένα,
1023 4475 1150 4546 ἑξῆς
1196 4477 1323 4547 περὶ
1356 4481 1452 4547 τῆς
1500 4480 1715 4550 μερίδος
1752 4508 1793 4562 [)

173 4563 249 4630 τῆς
282 4565 401 4620 Θεοῦ
440 4572 741 4640 ἐπήγαγεν,
789 4568 862 4631 ὡς
906 4588 923 4619 ι
969 4567 1447 4639 Εὐφρανθήσονται
1493 4569 1610 4639 ἅμα
1647 4574 1715 4642 τῇ

176 4651 274 4725 δόξῃ
296 4658 507 4730 Κυρίου,
541 4680 559 4711 ι
586 4661 681 4715 καὶ
702 4660 777 4723 ὡς
817 4678 834 4709 ι
882 4660 942 4711 Ἡ
966 4658 1093 4723 δόξα
1136 4658 1343 4730 Κυρίου
1381 4662 1438 4712 ὲν
1473 4664 1593 4725 ταῖς
1622 4664 1718 4733 νη-

177 4759 263 4809 σοις
284 4748 450 4804 ἔσται·
489 4773 507 4805 ο
550 4754 625 4815 ὼς
649 4753 712 4823 δὴ
736 4752 834 4823 τὴν
852 4751 1247 4822 δικαιοκρισίαν
1284 4750 1380 4803 τοῦ
1420 4752 1555 4804 Θεοῦ
1594 4771 1717 4806 πα·-

178 4840 422 4909 ριστήσας,
480 4843 792 4907 ἀκολούθως
856 4844 1103 4913 ἐπήγαγε
1152 4842 1244 4895 τό·
1310 4862 1327 4892 ι
1407 4844 1593 4908 Ἐλπὶς
1636 4846 1715 4916 τῷ

176 4927 366 4984 εὐσεϐεῖ*
411 4956 426 4986 ι
456 4937 626 4988 παντὶ
654 4935 759 5007 γὰρ
782 4934 972 5003 δικαίῳ
998 4934 1091 4986 καὶ
1130 4932 1343 4986 εὐσεϐεῖ
1373 4934 1527 5005 ἀνδρὶ
1556 4934 1714 4999 ἐλπὶς

178 5017 316 5094 ἀγαθὴ
344 5027 614 5099 σωτηρίας
640 5026 947 5079 ἀπόκειται.

231 5116 367 5171 (Καὶ
397 5118 615 5192 ἐροῦσι·
658 5118 795 5170 Οὐαὶ
841 5121 952 5179 τοῖς
998 5116 1275 5179 ἀθετοῦσι,
1308 5120 1357 5170 οί
1389 5116 1713 5182 ἀθετοῦντες

176 5202 244 5259 τὸν
270 5209 439 5280 νόμον·
479 5232 499 5264 ι
533 5211 672 5265 κατά
717 5210 812 5281 μὲν
837 5209 926 5263 τὸν
962 5210 1191 5263 Ἀκύλαν
1218 5211 1453 5281 εἴρηται,
1486 5229 1504 5262 ι
1546 5211 1610 5262 Ὦ
1634 5211 1716 5264 οί-

178 5314 246 5364 μοι
265 5301 591 5369 ἀθετοῦντες·
620 5303 906 5375 ἡθέτησαι.
935 5322 953 5353 ι
991 5303 1152 5373 Ὁρᾷς
1175 5304 1323 5366 ὅπως
1376 5304 1714 5374 συνέπασχον

175 5391 260 5453 τοῖς
308 5394 709 5466 ἀπολλυμένοις,
756 5395 849 5446 καὶ
900 5393 1242 5464 ὐπερήλγουν
1313 5393 1493 5447 αὐτῶν
1531 5395 1581 5446 ol.
1616 5395 1712 5447 τοῦ

174 5478 277 5535 Θεοῦ
303 5486 565 5561 ἄνθρωποι
616 5486 705 5539 διὰ
746 5484 1176 5556 φιλανθρωπίαν,
1231 5486 1307 5550 ὡς
1363 5488 1442 5550 εἰς
1489 5486 1714 5549 ἑαυτοὺς

175 5569 478 5650 ἀναστρέφειν
530 5579 628 5631 τὸν
690 5578 1038 5647 ταλανισμὸν,
1083 5579 1180 5631 καὶ
1226 5578 1428 5647 λέγειν,
1476 5576 1521 5632 ὣ
1567 5579 1712 5649 οἶμοι

175 5663 237 5733 ἐφ’
256 5668 320 5735 οἷς
343 5676 614 5747 ἠθέτησαν
630 5674 681 5724 οἱ
715 5670 1020 5742 παραϐάται
1043 5673 1055 5725 i

1841 1909 1917 1975 lii,
1949 1912 2051 1964 nisi
2084 1910 2178 1980 qui
2212 1912 2510 1981 superioris
2545 1914 2752 1968 ordinis
2779 1916 2943 1969 sunt?
2982 1916 3074 1969 lsti
3123 1932 3289 1986 porro
3315 1920 3433 1979 fue-

1840 2000 1972 2066 rint,
2021 2001 2111 2068 qui
2159 2015 2247 2065 ea,
2303 2016 2423 2070 qua:
2456 2004 2598 2071 apud
2638 2004 2807 2059 Deum
2848 2017 2934 2059 est
2997 2009 3429 2080 magniﬁcentia,

1840 2090 2043 2158 dignati
2072 2102 2217 2145 sunt.
2251 2111 2269 2143 ι
2301 2092 2403 2159 Qui
2440 2104 2620 2147 autem
2653 2095 2825 2149 relicti
2876 2096 3081 2151 fuerint
3123 2115 3287 2169 super
3319 2111 3433 2157 ter-

1838 2196 1980 2244 ram,
2016 2182 2342 2238 laetabuntur
2364 2198 2487 2239 cum
2517 2184 2690 2255 gloria
2719 2188 2933 2241 Domini
2962 2205 2974 2239 :
3015 2192 3431 2249 conturbabitur

1837 2284 1976 2337 aqua
2027 2272 2231 2341 maris.
2267 2291 2287 2325 ι
2342 2272 2443 2338 Qui
2483 2284 2660 2328 autem
2702 2290 2766 2329 ex
2820 2278 3070 2344 portione
3107 2277 3201 2332 Dei
3241 2290 3427 2347 erunt,

1838 2360 2163 2417 laetabuntur
2191 2380 2313 2418 cum
2347 2366 2521 2435 gloria
2559 2366 2805 2421 Domini:
2832 2379 2961 2423 tunc
2990 2370 3133 2424 enim
3176 2372 3291 2441 ipse
3325 2374 3428 2430 Do-

1838 2454 2017 2508 minus
2060 2456 2237 2509 veniet
2278 2458 2330 2510 in
2366 2458 2538 2527 gloria
2584 2458 2764 2515 Patris
2790 2462 2874 2515 sui
2913 2475 3034 2514 cum
3071 2472 3343 2531 potestate
3369 2476 3427 2520 et

1836 2544 2117 2612 majestate
2158 2546 2370 2617 grandi.
2422 2548 2476 2601 ln
2526 2550 2627 2604 hac
2680 2566 2808 2619 ergo
2851 2552 3061 2605 Domini
3113 2554 3196 2607 sui
3253 2556 3425 2623 gloria

1834 2634 2179 2701 lmiabuntur,
2228 2638 2319 2706 qui
2342 2637 2470 2692 olim
2500 2640 2553 2693 in
2588 2640 2760 2709 ipsum
2789 2652 3165 2711 sperarerunt.
3197 2642 3304 2699 Pro
3334 2644 3425 2699 illo

1834 2735 2037 2787 autem,
2078 2744 2096 2777 ι
2127 2728 2543 2782 conturbabitur
2589 2744 2727 2798 aqua
2759 2733 2945 2796 maris,
2987 2751 3004 2783 ι
3041 2733 3120 2786 sic
3174 2730 3423 2789 Theodo-

1835 2815 1910 2868 tio
1961 2818 2351 2885 interpretatus
2394 2829 2497 2883 est,
2552 2837 2571 2869 ι
2612 2828 2914 2901 sonuerunt
2972 2836 3129 2891 aqua;
3175 2825 3362 2891 maris,
3395 2843 3416 2879 ι

1834 2904 1959 2957 vita:
1998 2904 2145 2958 illius
2178 2905 2611 2973 magnitudinem
2666 2906 3004 2977 signiﬁcans,
3033 2922 3137 2977 qua
3171 2907 3423 2964 fruentur

1835 2996 1869 3048 ii
1904 2997 1995 3065 qui
2025 2996 2313 3050 Dominum
2365 3012 2523 3049 suum
2568 2999 2741 3067 gloria
2790 2996 3032 3052 aﬂieiunt
3069 3017 3081 3052 :
3115 3014 3220 3055 vox
3273 3002 3421 3057 enim

1835 3102 2025 3141 eorum
2066 3088 2267 3141 sonitui
2310 3086 2478 3140 maris
2512 3088 2940 3157 comparabitur.

1905 3179 2190 3235 “2115.15.
2226 3198 2242 3229 ι
2288 3178 2583 3249 Propterea
2638 3180 2808 3249 gloria
2867 3180 3083 3236 Domini
3129 3182 3183 3238 in
3227 3186 3421 3241 insulis

1833 3274 1999 3325 maris
2031 3273 2153 3323 erit.
2192 3289 2210 3321 ι
2252 3269 2309 3322 In
2350 3268 2604 3323 Ecclesiis
2635 3271 2908 3334 videlicet,
2955 3288 3075 3341 qua
3098 3275 3227 3329 olim
3278 3277 3423 3332 inter

1831 3360 2139 3416 incredulas
2175 3370 2386 3430 gentes,
2443 3362 2598 3429 quasi
2660 3362 2711 3413 in
2762 3363 2941 3418 medio
2995 3367 3154 3430 mari,
3195 3366 3420 3421 inclusa:

1828 3462 1987 3508 erant
2018 3472 2031 3506 :
2070 3456 2122 3506 in
2152 3455 2307 3519 queis
2335 3454 2504 3524 gloria
2535 3454 2750 3507 Domini
2784 3466 2911 3510 tunc
2934 3455 3228 3529 eﬂ'ulgebit.
3255 3478 3273 3511 ι
3314 3459 3420 3514 Νυ-

1830 3561 1952 3599 men
1992 3545 2201 3599 Domini
2244 3544 2537 3613 gloriosum
2567 3548 2691 3599 erit.
2719 3546 2943 3601 Domine
2970 3548 3117 3605 Deus
3145 3552 3326 3618 Israel,
3349 3554 3420 3609 ab

1828 3640 1928 3692 alis
1966 3649 2124 3692 terra:
2157 3638 2406 3708 prodigia
2450 3638 2801 3694 audivimus:
2836 3656 2962 3709 spes
2992 3644 3100 3711 pio.
3143 3663 3161 3696 ι
3210 3645 3417 3699 Seuuu-

1827 3731 1953 3784 dttm
1993 3728 2381 3801 Symmachum
2415 3745 2549 3786 vero
2574 3740 2629 3785 ct
2660 3731 3113 3797 Tbeodotionem,
3151 3753 3171 3786 ι
3203 3736 3283 3791 Ab
3314 3738 3419 3791 alis

1828 3833 1986 3875 terra:
2038 3820 2278 3889 psalmos
2324 3821 2669 3885 audivimus;
2722 3840 2740 3873 ι
2784 3826 3084 3878 secundum
3138 3826 3412 3895 Aquilam,

1831 3931 1848 3961 ι
1886 3912 2164 3965 melodias.
2206 3931 2223 3962 ι
2262 3912 2394 3966 Nam
2421 3914 2509 3981 qui
2542 3927 2607 3968 ex
2651 3916 2899 3983 portione
2924 3915 3015 3969 Dei
3037 3918 3415 3985 sunl,justum

1823 4000 2224 4069 ejusjudicium
2267 4002 2621 4066 admirantes,
2651 4004 2907 4058 laetantur
2943 4021 3065 4059 cum
3102 4007 3271 4073 gloria
3306 4007 3414 4063 Do-

1823 4094 1979 4155 mini,
2039 4108 2103 4147 ac
2153 4093 2257 4145 lzrti
2320 4095 2552 4162 hymnos
2602 4094 2703 4162 ipsi
2763 4105 2923 4164 atque
2980 4096 3311 4163 psalmodias
3357 4099 3411 4153 in

1823 4186 2125 4255 gratiarum
2151 4186 2421 4239 aetionetn
2452 4187 2732 4239 emittunt.
2764 4186 2955 4240 Postea
2993 4188 3179 4251 infert,
3212 4206 3231 4239 ι
3272 4187 3414 4259 Spes

1824 4275 1931 4343 pio.
1968 4293 1985 4325 ι
2026 4274 2160 4329 Cum
2194 4276 2340 4329 enim
2364 4276 2847 4329 eomminationem
2878 4278 3059 4345 impiis
3091 4278 3417 4338 intentatam

1822 4365 2196 4433 praeteriisset,
2270 4366 2370 4420 sub
2417 4365 2533 4419 hac
2571 4366 2637 4419 de
2686 4366 2937 4433 portione
3000 4367 3094 4422 Dei
3141 4368 3243 4421 ista
3277 4370 3410 4424 sub-

1818 4457 2017 4525 jungit,
2088 4474 2106 4506 ι
2149 4456 2503 4511 Lzetabuntur
2551 4472 2673 4510 cum
2733 4457 2905 4526 gloria
2977 4458 3225 4524 Domini,
3286 4479 3306 4513 ι
3355 4474 3413 4516 et

1830 4548 2059 4603 «Gloria
2109 4548 2323 4603 Domini
2378 4550 2431 4602 in
2490 4550 2684 4603 insulis
2729 4551 2880 4603 erit:
2931 4568 2949 4601 ι
2993 4566 3058 4607 ac
3124 4564 3412 4623 postquam

1820 4642 2023 4711 justum
2073 4640 2171 4694 Dei
2218 4641 2484 4710 judicium
2544 4644 2947 4710 enuntiaverat,
3009 4655 3411 4713 consequenter

1825 4733 2023 4801 adjecit
2060 4733 2211 4798 illud,
2251 4751 2273 4783 ι
2321 4732 2457 4801 Spes
2486 4735 2613 4801 pio:
2648 4752 2666 4783 ι
2704 4749 2827 4787 nam
2858 4735 3006 4789 omni
3035 4735 3176 4803 justo
3214 4738 3414 4808 pioque

1823 4831 1943 4882 viro
1969 4829 2109 4882 bona
2135 4827 2327 4881 salutis
2362 4828 2602 4895 reposita
2637 4841 2762 4895 spes
2802 4836 2911 4881 est.

1895 5099 2059 5155 Vens.
2099 5098 2183 5154 16.
2214 5118 2231 5151 ι
2268 5098 2336 5153 Et
2362 5099 2543 5154 dicent
2576 5098 2707 5153 ενοι
2739 5108 3276 5169 ριιιινοιιρειοιιοιιε,
3315 5101 3411 5170 qui

1819 5195 2249 5263 praevaricantur
2280 5194 2453 5263 legem
2489 5194 2503 5246 !
2541 5211 2560 5244 ι
2622 5193 2930 5247 Secundum
2962 5193 3218 5261 Aquilam
3273 5193 3413 5249 dicio

1819 5301 1996 5342 turn
2038 5286 2106 5353 Ο,
2153 5302 2229 5340 va:
2280 5288 2436 5349 mihi,
2496 5285 2957 5354 praevaricantes!
3020 5285 3411 5352 praevaricatus

1814 5394 1897 5434 es.
1945 5398 1964 5431 ι
1998 5378 2186 5434 Viden‘
2211 5394 2319 5449 quo
2365 5389 2527 5448 paeto
2556 5379 2655 5434 Dei
2682 5378 2931 5434 homines
2956 5380 3021 5433 de
3056 5378 3407 5449 pereuntium

1817 5490 1945 5528 casu
1975 5474 2229 5541 dolebant
2255 5485 2311 5528 et
2341 5473 2705 5543 angebantur,
2739 5488 2937 5543 nempe
2962 5488 3029 5526 ex
3055 5471 3409 5527 humanitatis

1816 5565 2045 5630 all‘ectu,
2100 5567 2175 5621 ita
2225 5574 2284 5621 ut
2346 5566 2401 5619 in
2428 5566 2645 5634 seipsos
2696 5567 2930 5621 miseriae
2970 5564 3247 5633 planctum
3276 5578 3408 5619 con-

1813 5669 2115 5725 verterent,
2160 5673 2223 5713 ac
2275 5659 2521 5715 dicerent
2558 5677 2572 5713 :
2604 5658 2671 5729 Ο,
2701 5673 2782 5715 va:
2832 5658 2966 5715 mihi
3008 5674 3107 5729 pro
3144 5657 3405 5726 praevari-

1814 5755 2033 5811 catione
2062 5763 2528 5827 transgressorqu
2556 5754 2571 5809 !
