4120 6294
1361 267 1631 326 EUSEBII
1669 267 2148 326 CESARIENSIS
2183 268 2266 326 ΟΡ

2375 269 2556 327 PARS
2593 270 2681 329 ω.
2721 305 2792 315 -
2827 272 3237 335 EXEGETICA.

800 391 960 452 νω.
997 390 1085 457 Π,
1120 390 1210 447 18.
1245 408 1265 442 ι
1295 387 1480 447 Timor
1505 399 1562 445 et
1585 390 1762 456 loves,
1791 397 1846 445 et
1885 390 2110 460 laqueus
2129 403 2266 458 sape

2467 410 2485 442 ι
2525 391 2694 457 ⁶ῡόὸος
2744 394 2840 447 καὶ
2875 392 3095 463 βόθυνος
3145 395 3242 450 καὶ
3293 398 3459 468 παγὶς
3509 398 3597 468 ἐφ’
3654 399 3800 471 ὑμᾶς
3837 404 3974 469 τοὺς

725 500 841 554 vos,
862 486 953 555 qui
981 485 1243 540 habitatis
1281 478 1506 538 terram.
1547 483 1616 538 Et
1638 482 1746 539 erit
1773 483 1866 553 qui
1890 481 2092 552 fugerit
2126 481 2288 538 timo-

723 593 864 642 rem,
891 577 1049 633 cadet
1099 578 1154 632 ie
1186 576 1435 642 foveam;
1463 575 1558 645 qui
1579 585 1761 632 autem
1787 573 1988 631 exierit
2022 572 2091 630 de
2109 571 2286 640 fovea,

720 670 918 740 laqueo
962 669 1207 740 capietur
1255 685 1270 722 :
1303 666 1434 739 quia
1480 667 1736 723 fenestra
1780 667 1852 722 de
1902 663 2045 723 celo
2089 672 2288 736 aperta:

719 771 869 826 sunt,
897 772 956 816 et
982 760 1361 819 concutieetar
1388 758 1743 816 lundamenta
1788 767 1967 816 terra.
2017 777 2042 813 a
2080 741 2174 816 Del
2205 759 2288 815 ia-

719 857 1078 925 speetioaem,
1127 861 1182 907 et
1209 849 1330 920 eius
1357 851 1615 907 virtutem
1659 848 1991 915 sublndicat,
2028 864 2136 920 qua
2165 863 2287 905 on-

719 947 880 1004 u‘ibns
904 946 1179 1018 providet,
1208 952 1265 1000 et
1293 942 1475 1000 omnia
1502 941 1810 1013 speculator
1844 941 2000 1012 quasi
2031 955 2099 998 ex
2135 941 2287 997 laneo

718 1040 848 1096 stris
867 1039 989 1096 emli
1021 1038 1276 1093 universa
1310 1034 1624 1107 respiciens.
1645 1034 1775 1101 Qua
1793 1033 2010 1103 quidem
2030 1030 2285 1088 fenestra

718 1143 850 1189 tne
874 1131 1050 1188 claadi
1078 1131 1354 1195 videntur,
1378 1142 1502 1184 eum
1528 1125 1673 1182 Deus
1696 1127 1749 1182 in
1778 1135 1926 1182 terra
1969 1133 2286 1196 peceatores

716 1224 1142 1289 circumlustrat,
1169 1237 1266 1279 nec
1283 1230 1463 1277 nmen
1500 1221 1648 1290 ipsos
1674 1219 1904 1290 castigat
1932 1234 1949 1271 :
1982 1226 2111 1274 tunc
2135 1218 2281 1274 enim

715 1335 814 1374 ceu
840 1331 1064 1373 aversus
1095 1315 1227 1371 nihil
1256 1321 1544 1386 peccantes
1595 1312 1862 1382 inspicere
1883 1311 2122 1368 videtur.
2144 1309 2280 1367 Cum

715 1420 895 1466 autem
923 1416 1206 1490 peccantes
1229 1404 1414 1462 ulcisci
1439 1405 1703 1471 decrevit,
1731 1413 1858 1460 tunc
1884 1402 2132 1460 fenestra
2153 1401 2279 1460 celi

715 1512 914 1572 aperta:
961 1491 1228 1556 videntur.

783 1674 946 1732 νεεδ.
971 1673 1059 1738 i9,
1075 1674 1167 1729 20.
1191 1691 1212 1726 ι
1230 1672 1565 1730 Turbatione
1588 1673 1912 1739 turbabitur,
1939 1683 1994 1730 et
2014 1673 2278 1745 angustiis

2389 481 2733 546 ἐνοικοῦντας
2775 484 2871 537 ἐπὶ
2911 487 3011 556 τῆς
3055 488 3181 558 γῆς.
3229 488 3341 544 Καὶ
3377 491 3530 546 ἐσται
3564 493 3596 545 6
3627 490 3844 561 φεύγων
3873 493 3974 547 τὸν

2378 572 2571 643 φόϐον,
2597 577 2917 645 ἐμπεσεῖται
2941 578 3022 642 είς
3042 578 3135 632 τὸν
3156 578 3409 650 βόθυνον·
3440 584 3470 637 6
3499 582 3556 636 δέ
3593 582 3861 639 ἐκϐαίνων
3897 585 3968 638 ἐκ

2384 664 2480 716 τοῦ
2519 664 2740 735 βοθύνου
2761 666 3028 722 ἁλώσεται
3043 667 3152 726 ,ὑπὸ
3169 672 3270 742 τῆς
3294 672 3538 741 παγίδοςο
3563 674 3649 728 ὃτι
3670 671 3884 746 θυρίδες
3903 675 3972 728 ἐκ

2383 756 2478 810 τοῦ
2503 757 2735 830 οὐρανοῦ
2760 759 3131 832 ἀνεῴχθησαν,
3157 761 3254 816 καὶ
3279 762 3624 836 σεισθήσεται
3646 763 3716 819 τά
3736 763 3969 836 θεμέλια

2382 851 2481 920 τῆς
2495 853 2617 922 γῆς.
2644 869 2663 902 ι
2682 850 2796 921 Τὴν
2825 853 3126 924 ἐπισκοπὴν
3136 851 3231 907 τοῦ
3251 852 3410 921 Θεοῦ,
3430 857 3526 911 καὶ
3547 856 3648 927 τήν
3659 855 3966 928 ἐποπτικὴν

2382 945 2477 997 καὶ
2490 945 2590 1017 τὴν
2603 943 2940 1018 θεωρητικήν
2957 945 3122 1002 αὐτοῦ
3135 945 3243 1001 τῶν
3255 945 3392 1002 ὅλων
3403 947 3634 1021 δύναμιν
3659 948 3970 1020 altum“:-

2381 1054 2491 1103 νος,
2515 1037 2795 1110 ἐφορῶσαν
2809 1039 2878 1093 τά
2894 1040 3092 1103 πάντα,
3106 1038 3295 1112 ὥσπερ
3315 1039 3402 1094 διά
3423 1039 3651 1115 θυρίδων
3668 1040 3764 1096 τοῦ
3782 1041 3966 1115 οὐρι-

2383 1129 2499 1196 νοῦ,
2523 1130 2580 1184 αι
2611 1124 2847 1185 δοκοῦσι
2863 1132 2962 1203 μὶν
2993 1130 3326 1198 κεκλεῖσθαι,
3359 1132 3580 1187 ἐπειδὰν
3606 1134 3732 1198 τοὺς
3757 1133 3963 1206 ἀμαρ-

2383 1223 2645 1288 τάνοντσς
2683 1224 2778 1278 ἐπὶ
2811 1226 2914 1296 γῆς
2952 1224 3303 1296 περιέρχεται
3343 1225 3375 1280 6
3404 1224 3560 1291 Θεὸς,
3606 1225 3685 1297 μή
3724 1223 3960 1292 ἐπεξιὼν

2380 1319 2494 1378 τοῖς
2537 1315 2914 1389 πλημμελοῦσι
2929 1332 2944 1347 ο
2995 1316 3118 1371 τότε
3160 1316 3270 1388 γὰρ
3319 1315 3511 1390 ὥσπερ
3558 1317 3960 1390 ἀποστραφεὶς,

2379 1407 2490 1462 οὐδ’
2516 1407 2713 1480 ὁρῶντι
2746 1409 2870 1472 τοὺς
2906 1408 3318 1481 ἁμαρτάνοντας
3363 1408 3559 1465 ιοικεν.
3616 1409 3866 1464 Ἐπειδὰν
3896 1409 3958 1464 δέ

2381 1500 2542 1573 κρίνῃ
2583 1498 2892 1565 ἐπεξελθεῖν
2919 1502 3033 1564 τοῖς
3069 1499 3481 1572 ἡμαρτηκόσιν,
3521 1497 3715 1571 ὥσπερ
3752 1499 3962 1555 ἀναπεο

2377 1589 2665 1644 τάννυνται
2689 1587 2783 1643 τοῦ
2811 1588 3041 1661 ούρανοῦ
3067 1591 3126 1643 αι
3152 1587 3367 1661 θυρίδες

2454 1700 2472 1733 ι
2503 1680 2727 1753 Ταραχῇ
2757 1678 3160 1753 ταραχθήσεται
3193 1681 3228 1750 ή
3264 1682 3360 1752 γῆ,
3399 1679 3496 1735 καὶ
3515 1679 3956 1752 ἀπορίᾳάπορη-

711 1767 1110 1838 angustiahitur
1140 1775 1285 1822 terra
1316 1780 1334 1820 :
1374 1764 1655 1821 inclinavit
1703 1774 1758 1820 et
1801 1765 2105 1821 movebitur
2132 1766 2266 1822 sicut

2375 1749 2602 1844 θήσεται
2794 1787 2808 1802 ·
2829 1749 3021 1826 ⁷ἔκλινε
3059 1772 3155 1826 καὶ
3185 1749 3529 1844 σεισθήσεται

711 1860 983 1927 tugurium
1009 1870 1175 1925 terra,
1202 1859 1343 1914 sicut
1386 1858 1570 1913 ebrius
1600 1866 1657 1914 et
1711 1858 2044 1929 erapulatus.
2091 1877 2110 1910 ι
2147 1857 2274 1916 Ηαιο

711 1946 872 2019 p'orro
922 1950 1106 2008 omnia
1154 1949 1390 2021 patietur
1428 1959 1611 2016 terra;
1662 1950 1743 2006 sic
1779 1951 1986 2006 vocalis
2021 1951 2128 2009 illis
2158 1953 2276 2024 ejus

706 2043 835 2099 olim
869 2042 1287 2107 habitatoribus,
1329 2055 1466 2111 quos
1497 2041 1613 2098 hac
1643 2058 1996 2114 perpessores
2024 2046 2143 2111 ait;
2195 2046 2270 2101 ita

705 2146 766 2191 ot
799 2152 864 2191 ex
915 2135 1180 2191 malorum
1213 2134 1267 2190 vi
1294 2141 1352 2191 et
1378 2133 1669 2207 gravitate,
1717 2135 1885 2192 ebriis
1907 2144 1964 2192 et
1978 2135 2273 2207 crapulatis

705 2228 908 2286 similes
939 2228 1068 2285 sint.
1108 2246 1129 2280 ι
1159 2226 1226 2283 Et
1271 2227 1456 2292 cadet,
1488 2235 1545 2282 et
1575 2241 1682 2283 non
1711 2228 1910 2299 poterit
1941 2242 2226 2302 resurgere
2253 2245 2266 2283 :

704 2337 829 2376 nant
859 2319 1139 2393 praevaluit
1165 2319 1222 2376 in
1246 2333 1312 2375 ea
1343 2318 1622 2390 iniquitas.
1656 2337 1677 2372 ι

772 2530 942 2586 ’νἐυ.
978 2529 1069 2584 2|.
1104 2547 1126 2580 ε
1162 2525 1231 2582 Et
1280 2525 1388 2583 erit
1425 2525 1480 2581 in
1508 2524 1598 2582 die
1632 2523 1747 2591 illa,
1787 2525 2006 2580 inducet
2047 2518 2267 2588 Deus‘ln

700 2629 953 2676 ornatum
979 2618 1101 2676 coeli
1124 2634 1364 2675 manum.
1397 2635 1418 2671 ι
1450 2617 1729 2687 Siquidem
1750 2617 1918 2675 semel
1947 2620 1999 2674 in
2031 2619 2136 2675 line
2165 2620 2268 2675 hu-

699 2729 871 2771 mana
901 2715 1021 2770 vitm
1042 2713 1192 2789 lapsa
1217 2722 1380 2777 terra,
1409 2711 1524 2784 sive
1552 2725 1716 2766 carne
1734 2711 1980 2766 terrestri
2010 2721 2066 2766 et
2088 2714 2266 2767 anima

699 2809 942 2878 corporis
971 2816 1220 2871 amante;
1272 2814 1385 2860 tum
1413 2803 1472 2868 ii,
1524 2802 1620 2874 qui
1646 2802 1777 2858 olim
1819 2811 2023 2858 terram
2059 2802 2265 2859 incole-

701 2902 864 2966 bant,
921 2899 1377 2956 resurrectionem
1453 2907 1645 2967 postea
1723 2904 2148 2966 consequentur,
2208 2903 2268 2950 ut

699 2994 960 3048 sistantur
991 2990 1246 3047 tribunali
1285 2989 1514 3055 Christi,
1548 2997 1602 3043 et
1649 2987 2021 3058 unusquisque
2063 2985 2266 3041 referat

2374 1863 2560 1918 λάκιον
2597 1865 2632 1936 ἡ
2674 1866 2770 1936 τῆ,
2803 1864 2879 1927 ὡς
2916 1865 2948 1917 6
2977 1863 3192 1936 μεθύων
3246 1863 3342 1918 καὶ⁵
3381 1853 3720 1936 κραιπαλῶν.
3765 1881 3787 1916 ι
3833 1861 3954 1918 Καὶ

2374 1954 2546 2009 ταῦτα
2579 1955 2758 2009 πάντα
2789 1953 3037 2008 πείσεται
3065 1954 3101 2025 ή
3131 1955 3225 2025 γῆ,
3259 1952 3369 2008 τῶν
3407 1968 3553 2006 ποτε
3584 1952 3954 2023 κατοικησάν-

2372 2064 2481 2101 των
2525 2047 2696 2120 αὒτὴν
2727 2046 2871 2102 οὓτω
2911 2047 2978 2119 δὴ
3021 2047 3372 2119 καλουμένων
3395 2060 3412 2078 ο
3444 2044 3667 2100 τοιαῦτα
3707 2044 3767 2099 δέ
3812 2059 3951 2117 φησι

2374 2139 2653 2194 πείσεσθαι
2676 2138 2894 2203 αὐτοὺς,
2918 2139 2996 2202 ὡς
3014 2138 3248 2194 ἐοικέναι
3278 2136 3536 2210 μεθύουσι
3570 2137 3667 2192 καὶ⁸
3707 2151 3952 2209 κραιπα-

2371 2228 2533 2285 λῶσιν
2557 2232 2622 2284 ἐκ
2653 2230 2754 2302 τῆς
2781 2228 2890 2283 τῶν
2919 2228 3108 2284 κακῶν
3138 2229 3464 2302 ὑπερϐολῆς.
3494 2247 3516 2282 ε
3538 2228 3652 2283 Καὶ
3678 2230 3948 2294 πεσεῖται,

2370 2322 2465 2377 καὶ
2500 2322 2564 2376 ού
2605 2321 2682 2394 μὴ
2718 2321 2942 2394 δύνηται
2981 2321 3302 2394 ἀναστῆναιο
3349 2321 3648 2393 atavique!
3696 2319 3808 2393 γὰρ
3852 2318 3948 2378 ἐπ’

2370 2417 2596 2488 αὑτῆςή
2633 2415 2850 2487 ἀνομία.
2889 2433 2909 2468 ι

2443 2549 2464 2584 ι
2505 2530 2617 2584 Καὶ
2643 2529 2795 2585 ἐσται
2831 2532 2890 2585 ἐν
2921 2533 2988 2603 τῇ
3035 2529 3220 2604 ἡμέρα
3261 2527 3466 2604 ἐκείνῃ,
3509 2526 3700 2595 ἐπάξει
3739 2531 3770 2585 6
3807 2528 3952 2598 Θεὸς

2368 2623 2460 2676 ἐπὶ
2479 2621 2569 2675 τὸν
2585 2620 2787 2693 κόσμον
2817 2622 2911 2677 τοῦ
2948 2622 3179 2694 ούρανοῦ
3211 2620 3313 2693 τὴν
3356 2623 3530 2694 χεῖρα.
3570 2640 3590 2674 ι
3625 2620 3809 2686 ’Δπαξ
3839 2621 3948 2695 μιν

2365 2717 2475 2790 γὰρ
2501 2715 2742 2771 πεσοῦσα
2773 2715 2914 2770 κατά
2940 2714 3039 2786 τὴν
3081 2715 3177 2768 τοῦ
3219 2713 3414 2787 θνητοῦ
3460 2713 3577 2785 βίου
3612 2713 3872 2788 τελευτὴν
3905 2715 3944 2788 ﬁ

2366 2813 2460 2882 γῆν
2506 2809 2625 2881 ἦτοι
2675 2807 2814 2881 σὰρξ
2862 2807 3071 2878 γεώδης
3114 2807 3211 2861 καὶ
3253 2805 3627 2878 φιλοσώματος
3668 2805 3847 2878 ψυχὴ.
3888 2808 3948 2864 οι

2368 2901 2533 2956 πάλαι
2558 2901 2658 2973 τὴν
2684 2903 2787 2973 γῆν
2821 2901 3140 2972 οἰκήσαντες
3180 2899 3279 2969 τῆς
3317 2897 3549 2969 καθεξῆς
3584 2898 3941 2965 ἀναστάσεως

2366 2996 2640 3063 τεύξονται
2668 2996 2748 3059 είς
2777 2993 2839 3047 τὺ
2869 2994 3206 3064 παραστῆναι
3235 2990 3312 3062 τῷ
3333 2989 3538 3062 βήματι
3556 2989 3649 3044 τοῦ
3674 2990 3942 3062 Χριστοῦ,

699 3084 996 3144 secundum
1030 3097 1102 3153 ea,
1126 3097 1249 3153 quat
1272 3095 1502 3153 corpore
1533 3080 1885 3150 perpetravit,
1920 3081 2035 3134 sive
2064 3079 2262 3134 bonum

2365 3089 2459 3141 καὶ
2491 3083 2816 3158 κομίσασθαι
2846 3083 3074 3136 ἕκαστον
3102 3081 3172 3135 τά
3195 3079 3283 3134 διὰ
3310 3079 3404 3133 τοῦ
3443 3078 3692 3150 σώματος
3720 3080 3859 3153 πρὸς
3900 3080 3944 3138 δ

700 3179 817 3233 sive
868 3176 1090 3232 malum.
1121 3176 1252 3232 Cum
1290 3182 1470 3229 autem
1535 3173 1646 3227 lato
1679 3171 1885 3240 judicio
1918 3185 1948 3224 a
1979 3172 2118 3225 bona
2169 3184 2265 3239 spe

697 3266 1023 3332 exciderint,
1054 3273 1110 3323 et
1162 3263 1444 3336 suppliciis
1478 3262 1608 3318 olim
1664 3262 2037 3333 praenuntiatis
2076 3253 2261 3317 traditi

697 3360 933 3427 fuerint;
975 3368 1105 3415 tunc
1129 3373 1159 3414 a
1201 3357 1310 3414 Deo
1338 3354 1499 3427 lapsi,
1551 3369 1658 3410 non
1685 3354 1826 3408 ultra
1855 3367 2135 3424 resurgere
2168 3366 2262 3422 po.

699 3463 900 3508 terunt.
929 3451 1094 3519 Queis
1128 3448 1365 3505 universi
1388 3445 1913 3503 consummationem
1945 3444 2258 3507 declaravit,

696 3563 802 3616 qua
842 3544 1038 3601 etnlum
1065 3553 1122 3601 et
1151 3551 1294 3599 terra
1317 3539 1649 3595 transibunt.
1681 3536 1946 3594 Ornatum
1979 3550 2109 3592 vero
2136 3534 2260 3591 cmli

695 3641 833 3697 solet
855 3638 1064 3710 onses
1095 3633 1362 3706 appellare
1387 3630 1575 3697 solem,
1595 3629 1773 3683 lunam
1805 3619 1860 3682 et
1889 3625 2098 3682 stellas.
2127 3643 2146 3677 ι
2173 3626 2260 3679 ln-

694 3735 852 3788 ducet
880 3731 1023 3788 Deus
1059 3729 1114 3784 in
1135 3733 1388 3784 ornatum
1419 3721 1543 3780 cali
1570 3735 1828 3788 manum;
1867 3737 1888 3771 ι
1919 3732 2113 3788 nempe
2140 3731 2258 3772 me-

696 3834 906 3880 morato
933 3822 1120 3894 iudicii
1155 3819 1252 3876 Dei
1288 3827 1548 3888 tempore.

768 4131 930 4190 Vens.
960 4133 1054 4189 σε.
1083 4153 1102 4187 ι
1143 4137 1209 4189 Et
1239 4136 1293 4189 in
1343 4137 1497 4204 reges
1526 4141 1708 4196 terra,
1756 4139 1813 4187 et
1852 4129 2259 4202 congregabunt

693 4225 1160 4297 congregationem
1203 4224 1321 4294 ejus
1361 4224 1415 4279 in
1458 4236 1755 4288 carcerem,
1777 4231 1834 4276 et
1872 4220 2161 4277 occludent
2204 4219 2257 4273 in

696 4317 1076 4381 munitionem;
1120 4330 1217 4386 per
1243 4315 1439 4368 multas
1483 4314 1859 4385 generationes
1880 4310 2122 4367 visitatio
2151 4310 2256 4364 erit

2365 3178 2618 3250 ἔπραξεν,
2642 3178 2752 3230 εἴτε
2777 3174 3003 3245 ἀγαθὸν,
3022 3175 3131 3227 εῐτε
3159 3171 3347 3226 κακόνο
3381 3170 3601 3226 ἐπειδὰν
3637 3171 3696 3225 δέ
3723 3172 3945 3245 κριθίν-

2362 3288 2454 3335 τες
2476 3270 2752 3324 ἐπιπέσωσι
2797 3269 2897 3339 τῆς
2929 3265 3141 3338 ἀγαθῆς
3170 3263 3404 3330 ἐλπίδος,
3437 3265 3532 3318 καὶ
3555 3267 3677 3329 ταῖς
3703 3263 3942 3338 ἠπειλη-

2364 3362 2552 3434 μέναις
2579 3359 2830 3415 κολάσεσι
2861 3357 3227 3431 παραδοθῶσι,
3255 3357 3316 3411 τὸ
3343 3356 3642 3428 τηνικαῦτα
3668 3356 3764 3411 τοῦ
3794 3339 3940 3412 Θεοῦ

2357 3445 2703 3515 ἐκπεσόντες,
2745 3450 2929 3505 οὐκέτι
2979 3450 3275 3522 ἀναστῆναι
3318 3448 3655 3519 δυνήσονται.
3720 3449 3810 3504 Ἐν
3850 3444 3942 3515 οἷς

2358 3542 2788 3615 τὴνσυντὲλειαν
2818 3541 3053 3613 ἐδήλωσε
3093 3540 3188 3594 τοῦ
3218 3540 3440 3605 παντὸς,
3473 3541 3532 3592 ἐν
3560 3534 3596 3613 ᾖ
3636 3540 3665 3592 6
3706 3539 3939 3611 οὐρανὸς

2360 3637 2454 3690 καὶ
2494 3640 2528 3708 ή
2576 3637 2647 3707 γῆ
2680 3633 3122 3707 παρελεύσονται.
3161 3631 3471 3705 Κόσμον⁶δὲ
3509 3631 3735 3704 οὐρανοῦ
3771 3631 3938 3688 εἴωθε

2357 3728 2536 3792 λέγειν
2565 3728 2594 3780 6
2629 3726 2870 3797 Μωῦσῆς
2895 3725 2986 3780 τὸν
3017 3724 3167 3796 ἥλιον
3189 3725 3283 3778 καὶ
3317 3724 3417 3796 τήν
3444 3723 3669 3796 σελήνην
3690 3724 3938 3791 καὶτοὺς

2357 3813 2610 3893 ἀστέρας.
2642 3837 2661 3871 t
2684 3817 2902 3886 Ἐπάξει
2931 3818 2961 3870 ὁ
2991 3816 3123 3880 Θεὸς
3148 3815 3241 3869 ἐπὶ
3271 3817 3361 3870 τὺν
3391 3816 3594 3888 κόσμον
3640 3815 3735 3870 τοῦ
3763 3816 3935 3890 ούρα-

2357 3913 2449 3968 νοῦ
2480 3913 2580 3986 τὴν
2611 3914 2800 3986 χεῖρον
2836 3930 2857 3963 ι
2894 3910 3037 3980 λέγω
3075 3909 3133 3964 δέ
3164 3909 3305 3965 κατά
3337 3909 3430 3965 τὸν
3469 3908 3796 3981 δηλούμενον
3827 3911 3936 3984 τῆς

2357 4005 2452 4058 τοῦ
2483 4004 2620 4059 Θεοῦ
2653 4005 2887 4076 κρίσεως
2913 4002 3124 4075 καιρόν.

2433 4138 2452 4172 ι
2487 4120 2595 4173 Καὶ
2630 4118 2724 4171 ἐπὶ
2758 4117 2885 4180 τοὺς
2928 4115 3168 4188 βασιλεῖς
3198 4117 3298 4187 τῆς
3337 4115 3464 4186 γῆς,
3509 4111 3605 4168 καὶ
3642 4111 3933 4179 συνάξουσι

2359 4212 2678 4283 συναγωγὴν
2704 4211 2875 4282 αὐτῆς
2896 4211 2978 4273 είς
3008 4209 3407 4281 δεσμωτήριον,
3451 4206 3548 4261 καὶ
3576 4205 3934 4261 ἀποκλείσω-

2359 4320 2442 4358 σιν
2470 4306 2549 4368 είς
2574 4303 2834 4374 ὀχύρωμα
2851 4319 2865 4333 ·
2893 4301 2982 4355 διὰ
3008 4298 3446 4382 πολλῶνΙγενεῶν
3475 4298 3747 4371 ἐπισκοπὴ
3776 4297 3932 4357 ἔσται

692 4427 900 4467 eorum.
925 4409 1319 4466 iVideturmilii
1340 4422 1433 4478 per
1449 4422 1603 4478 reges
1625 4396 2266 4473 terrae,principeshuju£

2365 4395 2551 4450 αὐτῶν.
2592 4414 2611 4445 ι
2645 4396 2802 4447 Δοκεῖ
2833 4410 2923 4465 μοι
2946 4393 3074 4456 τοὺς
3094 4392 3359 4463 άρχοντας
3376 4388 3471 4444 τοῦ
3505 4389 3702 4453 αἰῶνος
3734 4387 3930 4444 τούτου

1271 4461 2124 4554 "sicenit;Danieli'declarabat
2148 4461 2256 4548 (ia-

2365 4485 2640 4558 σημαίνειν
2661 4485 2749 4538 διά
2775 4461 2882 4538 τίῦν
2912 4461 3176 4554 βασιλέων
3192 4461 3299 4552 τῆς
3324 4484 3457 4553 γῆς·
3491 4479 3634 4534 οὕτω
3668 4479 3800 4549 γοῦν
3831 4480 3932 4535 καὶ

694 4594 855 4660 brlel,
896 4593 1022 4650 dum
1057 4590 1272 4647 oracula
1328 4589 1431 4661 ipsi
1472 4589 1660 4645 ederet
1708 4587 1794 4641 his
1856 4583 2036 4640 verbis
2069 4602 2085 4639 :
2123 4602 2142 4635 ε
2189 4582 2256 4636 Ει

692 4686 839 4742 venit
861 4686 915 4741 in
943 4699 1228 4742 occursum
1263 4696 1437 4737 meum
1459 4680 1708 4751 princeps
1729 4677 1880 4745 regni
1905 4675 2200 4731 Medorum.
2229 4694 2248 4728 ι

692 4779 981 4848 Postquam
1021 4774 1318 4832 invisibiles
1344 4770 1648 4839 huiusmodi
1695 4770 1936 4839 gentium
1975 4781 2129 4835 reges
2161 4766 2250 4822 hic

694 4869 1032 4933 memoravit,
1052 4868 1198 4938 ipsos
1225 4879 1383 4920 manu
1411 4863 1506 4917 Dei
1527 4859 1935 4932 congregandos
1957 4859 2055 4923 ait,
2090 4869 2252 4927 atque

693 4965 748 5019 in
783 4974 1054 5019 carcerem
1089 4955 1478 5028 conjiciendos.
1511 4960 1562 5008 et
1592 4951 1953 5007 occludendos
1989 4949 2043 5003 in
2071 4947 2250 5002 muni-

693 5051 1024 5128 timeJ‘am
1053 5065 1178 5107 cum
1209 5049 1445 5103 futurum
1484 5055 1630 5101 esset
1657 5041 1718 5099 ut'
1745 5057 1969 5114 regnum
1999 5040 2094 5096 Dei
2123 5050 2251 5094 tunc

693 5143 954 5218 temporis
985 5143 1376 5214 resplenderet,
1405 5154 1472 5194 ac
1513 5152 1712 5193 novum
1742 5135 2015 5200 saculum,
2043 5132 2251 5203 princi-

691 5251 871 5312 patus,
908 5224 1203 5309 potestates
1242 5243 1297 5289 et
1347 5241 1590 5288 rectores
1641 5229 1825 5284 mundi
1881 5227 2247 5289 tenebrarum,

693 5349 756 5388 ac
806 5328 1106 5399 spiritualia
1143 5326 1735 5395 nequitias-superaret,
1773 5333 2110 5391 consequens
2131 5324 2250 5372 erat

693 5433 751 5477 nt
776 5422 812 5476 ii
846 5421 900 5476 in
932 5419 1105 5474 lacum
1137 5431 1296 5488 quem
1329 5409 2014 5483 ioderantconjicerentur.
2046 5409 2247 5463 Lacnm

691 5514 832 5569 enim
862 5513 1057 5584 impius
1099 5510 1275 5567 omnis
1303 5509 1512 5580 aperuit
1547 5517 1602 5564 et
1622 5504 1808 5563 effodit
1840 5518 1987 5569 eum,
2013 5512 2068 5557 et
2088 5501 2248 5557 cadet

694 5605 746 5660 in
771 5604 979 5659 foveam
1000 5618 1160 5673 quam
1190 5602 1338 5658 fecit.

2355 4579 2432 4650 τῷ
2456 4570 2652 4648 Δανιὴλ
2670 4579 2698 4630 ὁ
2721 4574 3072 4648 χρηματίζων
3094 4572 3241 4643 αὐτῷ
3261 4571 3499 4645 Γαϐριὴλ
3519 4571 3708 4644 ἐδήλου
3729 4570 3927 4640 λέγων’

2361 4690 2378 4722 ι
2421 4671 2530 4723 Καὶ
2551 4669 2774 4741 ἐξῆλθεν
2805 4668 2888 4730 είς
2918 4664 3241 4738 συνάντησιν
3284 4681 3385 4734 μου
3431 4664 3616 4737 ἄρχων,
3651 4661 3932 4735 βασιλείας

2353 4763 2569 4834 Μήδων.
2609 4780 2629 4813 ι
2666 4761 2804 4822 Τοὺς
2830 4755 3106 4821 τοιούτους
3135 4755 3402 4827 ἀοράτους
3430 4754 3545 4808 τῶν
3568 4752 3739 4808 ἐθνῶν
3773 4753 3933 4825 βασι-

2351 4853 2461 4918 λεῖς
2491 4852 2722 4908 ἐνταῦθα
2756 4847 3034 4924 προειπὼν
3071 4849 3102 4903 6
3129 4846 3308 4916 λόγος,
3352 4846 3788 4919 συναχθήσεσθαι-
3822 4845 3930 4902 αύ-

2352 4945 2477 5009 τούς
2507 4961 2669 5017 φησιν
2701 4942 2808 4998 ὑπὸ
2830 4944 2930 5015 τῆς
2957 4938 3139 5012 χειρὸς
3171 4938 3265 4993 τοῦ
3305 4938 3464 5004 Θεοῦ,
3505 4932 3598 4994 καὶ
3644 4938 3931 5012 ἐμὸληθή-

2355 5036 2540 5090 σεσθαι
2582 5037 2664 5099 εις
2709 5033 3078 5106 δεσμωτήριον
3125 5033 3220 5086 καὶ
3247 5029 3795 5103 ,ἀποκλεισθήσεσθαι
3845 5033 3932 5097 είς

2353 5129 2634 5202 ὀχύρωμα.
2679 5125 2992 5181 ’Δκόλουθὸν
3025 5144 3117 5198 μοι
3153 5121 3351 5199 γὰρῆν
3379 5128 3480 5196 τῆς
3517 5122 3792 5195 βασιλείας
3828 5125 3928 5180 τοῦ

2347 5222 2481 5276 Θεοῦ
2514 5217 2812 5293 μελλούσης
2838 5218 2958 5273 τότε
2987 5218 3331 5290 διαλάμπειν,
3365 5215 3460 5270 τοῦ
3485 5232 3546 5268 τε
3574 5215 3697 5268 νέου
3729 5214 3931 5280 aliive;

2348 5315 2663 5387 ἐπικρατεῖν
2709 5311 2810 5376 τὰς
2850 5310 3026 5385 ἀρχὰς
3069 5311 3166 5366 καὶ
3212 5310 3310 5374 τάς
3359 5307 3609 5374 ἐξουσίας
3657 5306 3752 5362 καὶ
3794 5306 3931 5372 τοὺς

2346 5405 2794 5479 κοσμοκράτορας
2824 5402 2918 5457 τοῦ
2961 5403 3187 5469 σκότους
3218 5400 3432 5465 τούτου,
3461 5400 3554 5454 καὶ
3576 5397 3646 5452 τά
3677 5415 3932 5470 πνευμα-

2346 5498 2473 5552 τικὰ
2502 5500 2602 5570 τῆς
2631 5491 2924 5569 πονηρίας,
2965 5496 3046 5560 είς
3076 5496 3169 5549 τὸν
3211 5495 3555 5566 προσήκοντα
3587 5490 3784 5553 αὐτοὺς
3819 5506 3926 5545 κα-

2344 5591 2680 5664 ταϐληθῆναι
2708 5576 2929 5655 λάκκον,
2951 5589 3011 5642 ὃν
3028 5587 3182 5642 αὐτοὶ
3206 5588 3420 5651 ἑαυτοῖς
3438 5583 3672 5658 ὤρυξαν.
3701 5580 3926 5638 Δάκκον

688 5704 796 5775 γὰρ
826 5701 934 5766 πᾶς
981 5698 1180 5771 ἀσεϐὴς
1209 5697 1381 5770 ὤρυξε
1435 5699 1529 5752 καὶ
1574 5695 1874 5766 ἀνέσκαψεν
1923 5693 2104 5759 αὐτὸν,
2152 5691 2247 5747 καὶ
2285 5690 2600 5762 ἐμπεσεῖται
2627 5687 2707 5749 εἰς
2735 5683 2924 5756 βόθρον
2958 5683 3019 5738 ὃν
3046 5681 3356 5758 εἰργάσατο.
