4120 6294
727 315 830 370 267

1383 307 1648 366 EUSEBll
1684 305 2152 366 CESARIENSIS
2186 304 2337 364 OPP.
2374 304 2552 364 PARS
2590 306 2676 363 Ill.
2715 337 2784 352 -—
2822 305 3232 365 EXEGETICA.

3835 308 3952 365 968

727 443 785 491 et
809 435 1168 500 tegumentum
1202 437 1326 480 eras
1357 438 1374 478 :
1408 425 1519 479 imo
1543 424 1707 479 etiam
1748 423 1854 478 illis
1888 431 2016 476 tunc
2047 419 2278 476 sitienti-

2378 420 2510 474 ἀλλὰ
2542 421 2638 474 καὶ
2682 420 2956 490 διψώντων
2994 423 3114 475 κατ’
3146 422 3321 473 ὲκεῐνο
3350 420 3537 492 καιροῦ
3559 461 3575 485 ,
3629 423 3707 486 ὡς
3741 422 3948 493 λέγειν.

729 526 849 588 bus,
890 536 954 577 sc
1001 518 1320 582 dicentibus,
1368 535 1388 568 ι
1419 515 1605 572 Sitlvit
1647 515 1824 570 anima
1865 526 1982 569 mea
2015 514 2084 568 ad
2110 512 2278 569 Deum

728 610 918 664 fortem
965 615 1021 662 et
1050 605 1341 666 viventem,
1371 620 1390 654 ι
1447 610 1500 656 tu
1537 602 1660 657 item
1708 601 1828 656 fons
1867 615 2022 666 eras,
2054 601 2146 672 qui
2187 615 2281 656 eos

730 698 906 754 sancti
935 696 1167 767 Spiritus
1212 694 1363 748 alveo
1416 691 1774 764 refrigerabas
1826 701 1987 761 atque
2023 694 2278 762 .potabas,

726 804 792 846 sc
816 804 911 846 eos
935 789 1116 844 animo
1140 785 1447 841 deﬁcientes
1477 785 1782 847 recreabas,
1807 784 2060 854 ipsosque
2082 783 2280 841 virtute

726 879 990 948 unigeniti
1025 876 1182 934 Verbi
1235 877 1309 931 tui
1353 875 1718 933 confortabas.
1765 872 1844 931 Ne
1900 889 2029 931 vero
2056 875 2171 932 bac
2213 878 2281 931 de

727 984 786 1026 se
832 971 976 1025 dicta
1025 969 1190 1024 fuisse
1235 968 1637 1038 suspicarentur
1689 966 1895 1030 Judai,
1947 965 2171 1023 eﬂ'usam
2225 968 2279 1023 in

728 1072 920 1115 omnes
969 1066 1158 1126 gentes
1203 1056 1403 1113 Christi
1459 1057 1690 1127 gratiam
1741 1057 2043 1113 necessario
2097 1058 2281 1113 adiicit

726 1151 815 1209 bis
844 1152 1022 1208 verbis
1051 1168 1065 1205 :

799 1328 964 1384 Vsus.
995 1327 1048 1382 6.
1091 1345 1110 1379 ι
1139 1328 1207 1383 Et
1249 1327 1408 1382 faciet
1449 1327 1708 1382 Dominus
1752 1325 1987 1382 Sabaoth
2031 1327 2280 1382 omnibus

727 1422 976 1491 gentibus
1006 1422 1060 1476 in
1094 1427 1276 1475 monte
1308 1420 1427 1474 hoc.
1462 1440 1480 1472 ι
1521 1420 1660 1486 Quid
1688 1434 1818 1476 vero
1847 1419 2048 1474 faciet?
2079 1419 2282 1475 Secun-

727 1513 852 1568 dum
894 1512 1126 1580 reliquos
1169 1511 1381 1580 quidem
1413 1511 1752 1579 interpretes,
1790 1528 1810 1562 ι
1847 1521 2094 1582 potum,»
2141 1510 2279 1566 dici-

730 1615 851 1672 tur;
901 1604 1190 1661 secundum
1229 1612 1405 1657 autem
1434 1601 1597 1667 LXX,
1639 1621 1657 1654 ι
1680 1603 1894 1669 Bibent,
1926 1603 2118 1670 inquit,
2146 1602 2280 1657 lati-

725 1695 884 1759 tiam,
924 1695 1106 1748 bibent
1136 1693 1340 1746 vinum.
1368 1711 1385 1744 ι
1432 1691 1745 1746 Convivium
1775 1707 1903 1763 ergo
1931 1707 2034 1745 non
2072 1683 2277 1756 Israeli,

2384 529 2411 562 ε
2452 511 2733 582 Ἐδίψησεν
2760 515 2795 581 ἡ
2823 512 2968 583 ψυχή
3002 529 3100 584 μου
3141 512 3276 581 πρὸς
3303 513 3394 566 τδν
3438 513 3568 566 Θεὸν
3598 514 3689 568 τὸν
3727 515 3950 588 ίσχυρὸν

2377 605 2470 656 καὶ
2499 600 2696 668 ζῶντα,
2735 621 2754 653 ι
2794 603 2860 656 σὺ
2892 601 3053 657 πάλιν
3079 598 3223 674 ἦσθα
3243 604 3414 674 πηγὴ,
3462 605 3720 676 δροσίζων
3746 606 3950 669 αὐτοὺς

2378 694 2472 746 καὶ
2492 691 2723 757 ποτίζων
2753 695 2821 763 τῇ
2846 692 2941 746 τοῦ
2963 693 3120 761 ἁγίου
3149 692 3462 763 Πνεύματος
3482 697 3734 768 ἐπιρροῇ,
3757 694 3854 750 καὶ
3881 697 3953 747 σὺ

2375 784 2475 855 τῆς
2507 783 2852 854 ὀλιγοψυχίας
2895 784 3090 848 αὐτοὺς
3147 785 3390 849 ἀνεκτῶ,
3441 787 3702 857 ἐνισχύων
3748 788 3952 848 αὐτοὺς

2376 879 2442 948 τῇ
2474 875 2698 946 δυνάμει
2743 875 2838 931 τοῦ
2887 859 3206 947 μονογενοῦς
3255 894 3348 929 σου
3385 879 3580 946 Λόγου.
3617 880 3735 932 Ἵνα
3779 879 3836 932 δὲ
3873 876 3952 948 μὴ

2379 968 2507 1039 περὶ
2535 967 2712 1020 αὐτῶν
2761 966 2933 1020 ταῦτα
2966 967 3218 1036 λέγεσθαι
3272 967 3613 1022 ὑπολάϐωσιν
3675 969 3954 1023 Ἰουδαίων

2379 1059 2584 1121 παῖδες,
2638 1059 2947 1127 ἀναγκαίως
2971 1059 3070 1129 τὴν
3107 1060 3187 1123 είς
3215 1059 3392 1112 πάντα
3435 1059 3500 1112 τὰ
3533 1060 3660 1129 ἔθνη
3692 1059 3955 1130 χυθεῖσαν

2376 1148 2472 1202 τοῦ
2490 1147 2724 1220 Χριστοῦ
2756 1149 2915 1220 χάριν
2947 1149 3195 1220 ἐπιφέρει
3227 1148 3400 1218 λέγων
3421 1168 3434 1180 ’

2454 1345 2474 1378 ι
2511 1328 2620 1382 Καὶ
2655 1327 2867 1398 ποιήσει
2894 1329 2923 1380 6
2951 1327 3156 1399 Κύριος
3190 1326 3414 1380 Σαόαὼθ
3454 1329 3585 1381 πᾶσι
3623 1330 3736 1390 τοῖς
3771 1327 3953 1381 ἔθνεσι

2378 1417 2471 1470 ἐπὶ
2497 1419 2557 1471 τὸ
2580 1419 2705 1490 ὅρος
2727 1418 2900 1471 τοῦτο.
2942 1436 2960 1470 ι
3017 1419 3082 1472 Τί
3126 1419 3182 1472 δὲ
3225 1420 3472 1489 ποιήσει;
3516 1418 3654 1470 κατά
3698 1419 3797 1488 μὲν
3822 1420 3953 1482 τοὺς

2377 1508 2594 1573 λοιποὺς
2616 1511 2976 1581 ἑρμηνευτάς,
3030 1529 3049 1562 ι
3087 1510 3268 1574 πότον,
3302 1529 3321 1562 ›
3367 1508 3492 1581 ἑξῆς
3525 1510 3770 1580 εἴρηται·
3810 1509 3958 1563 κατὰ

2375 1598 2433 1652 δὲ
2472 1600 2597 1663 τοὺς
2634 1599 3050 1671 Ἑϐδομήκοντα,
3089 1621 3108 1652 ι
3145 1602 3386 1668 Πίονται,
3423 1619 3441 1652 ι
3481 1602 3671 1687 φησιν,
3704 1619 3724 1652 ι
3762 1602 3955 1673 εὐφρο-

2383 1689 2570 1761 σύνην,
2604 1691 2817 1744 πίονται
2841 1687 3001 1752 οἶνον.
3041 1711 3059 1743 ι
3105 1691 3410 1763 Συμπόσιον
3434 1693 3614 1744 τοίνυν
3635 1692 3697 1745 οὐ
3728 1691 3805 1762 τῷ
3843 1693 3954 1746 ἰσ-

731 1799 909 1854 neque
931 1782 1156 1840 Judaico
1185 1783 1402 1866 pupulo,
1454 1784 1547 1837 sed
1576 1781 1823 1837 omnibus
1840 1759 2096 1852 gentibus
2121 1796 2280 1852 para-

2387 1759 2545 1851 ραὴλ,
2583 1781 2702 1833 οὐδὲ
2750 1781 2827 1852 τῷ
2884 1782 3151 1835 Ἰουδαίων
3186 1759 3332 1851 λαῷ,
3381 1785 3513 1835 πᾶσι
3550 1783 3607 1836 δὲ
3629 1784 3743 1846 τοῖς
3773 1759 3957 1836 ἔθνεσι

726 1886 904 1930 turum
927 1889 1048 1931 esse
1069 1875 1348 1929 Dominum
1369 1873 1708 1936 vaticinatur,
1733 1888 1838 1928 non
1864 1874 1915 1928 in
1932 1871 2280 1936 convallibus,

723 1981 830 2022 non
864 1967 918 2022 in
946 1967 1190 2038 planitie,
1223 1965 1316 2020 sed
1361 1980 1534 2033 neque
1567 1964 1747 2019 multis
1779 1966 1833 2019 in
1866 1966 2153 2030 montibus,
2191 1981 2284 2019 ne-

723 2071 830 2129 que
861 2057 913 2112 in
953 2057 1060 2112 alio
1095 2057 1286 2127 quovis
1338 2063 1539 2120 monte,
1568 2057 1661 2112 sed
1694 2056 1746 2111 in
1780 2056 1890 2124 illo,
1919 2071 2078 2126 quem
2111 2059 2284 2124 expli-

722 2165 853 2206 cans
880 2149 1114 2217 dicebat,
1150 2169 1170 2201 ‹
1193 2149 1455 2216 Quoniam
1490 2147 1735 2218 regnabit
1767 2147 2024 2204 Dominus
2053 2149 2106 2204 in
2133 2165 2285 2203 mon-

720 2240 887 2308 tibus,
928 2249 983 2296 et
1023 2240 1077 2295 in
1116 2249 1404 2310 conspectu
1435 2240 1709 2295 seniorum
1759 2254 1975 2295 suorum
2019 2241 2283 2312 glorifica-

721 2331 886 2388 bitur.
911 2350 930 2385 ν
971 2331 1104 2388 Nam
1141 2333 1192 2387 in
1233 2341 1413 2387 monte
1457 2333 1608 2401 regni
1651 2333 1756 2398 sui,
1806 2331 1859 2386 in
1902 2345 2010 2401 quo
2054 2332 2279 2403 gloriam

721 2439 874 2480 suam
917 2425 1221 2480 senioribus
1256 2423 1369 2480 suis
1406 2423 1692 2492 praebebit,
1734 2437 1797 2478 ac
1824 2423 2071 2494 gentibus
2095 2426 2280 2479 convi-

721 2515 866 2568 vium
924 2512 1226 2582 apparabit,
1278 2511 1697 2567 immortalitatis
1747 2521 1930 2580 potum
1978 2511 2109 2582 ipsis
2138 2512 2281 2569 elar—

721 2604 915 2672 gietur.
956 2603 1108 2658 Hunc
1156 2615 1284 2658 vero
1332 2611 1565 2657 montem
1609 2600 1845 2670 explicat
1883 2601 2169 2674 Apostolus
2201 2603 2282 2659 di-

720 2710 847 2750 cens
874 2695 933 2758 ³⁵,
975 2713 992 2746 ι
1026 2694 1340 2750 Accessistis
1380 2692 1447 2746 ad
1477 2691 1605 2746 Sion
1637 2701 1896 2759 montem,
1922 2701 1979 2750 et
2008 2693 2278 2750 civitatem

718 2783 813 2839 Dei
859 2783 1130 2848 viventis,
1177 2780 1475 2840 Jerusalem
1535 2781 1833 2848 caelestem,
1885 2793 1948 2838 et
1989 2783 2279 2839 multorum

719 2875 949 2931 millium
993 2874 1306 2945 angelorum
1348 2871 1724 2943 frequentiam,
1755 2883 1810 2928 et
1837 2872 2130 2930 Ecclesism
2169 2877 2280 2947 pri-

717 2965 1051 3032 mitivorum,
1077 2963 1167 3035 qui
1197 2963 1450 3033 descripti
1486 2971 1614 3018 sunt
1642 2963 1696 3018 in
1722 2964 1943 3022 ctelis..s
1976 2963 2091 3022 Hoc
2121 2967 2282 3037 igitur

719 3053 775 3109 lu
799 3045 917 3110 loco
941 3054 1242 3118 constituti,
1278 3069 1385 3112 non
1418 3053 1605 3120 Israel,
1648 3056 1743 3112 sed
1769 3065 2029 3126 quotquot
2051 3071 2118 3112 ex
2145 3073 2276 3129 gen-
2305 3097 2348 3154 ο

719 3148 864 3203 tibus
889 3147 1142 3202 omnibus
1177 3145 1631 3217 promissionibus
1661 3145 1867 3217 dignatl
1896 3157 2024 3203 sunt
2045 3187 2060 3213 ,
2092 3147 2280 3205 bibent

719 3237 988 3304 letitiam,
1017 3237 1201 3294 bibent
1238 3238 1364 3293 item
1396 3235 1525 3293 illud
1559 3249 1627 3294 es
1657 3251 1784 3292 vera
1817 3238 1925 3294 vite
1959 3252 2277 3310 expressum

717 3332 926 3396 vinum,
964 3329 1031 3384 de
1076 3344 1184 3400 quo
1233 3327 1483 3385 Salvator
1525 3328 1620 3394 ait,
1670 3347 1690 3381 ο
1719 3328 1834 3385 Νοη
1878 3331 2061 3402 utique
2097 3332 2275 3388 bibam

718 3418 868 3484 illud,
907 3418 1077 3473 donec
1107 3418 1285 3473 bibam
1312 3416 1442 3472 illud
1475 3430 1673 3470 novum
1710 3415 1987 3472 vobiscum
2019 3418 2074 3472 in
2112 3431 2278 3489 regno

719 3510 980 3565 caelorum
1009 3510 1076 3564 η.
1105 3526 1123 3561 s

790 3685 959 3742 Vens.
995 3688 1050 3742 7.
1108 3704 1128 3740 ι
1160 3687 1441 3758 Ungentur
1493 3696 1766 3758 unguento
1824 3687 1878 3743 in
1930 3698 2111 3744 monte
2155 3688 2277 3744 hoc.

717 3773 895 3829 Trade
928 3775 1108 3829 omnia
1155 3775 1270 3832 hac
1298 3775 1554 3845 gentibus
1589 3793 1605 3831 :
1656 3777 1939 3833 consilium
1983 3777 2126 3833 enim
2176 3778 2280 3832 hoc

721 3881 881 3934 super
925 3881 1117 3923 omnes
1158 3876 1363 3937 gentes.
1395 3887 1415 3921 ι
1477 3867 1676 3922 ﬂorum
1720 3882 1886 3938 porro
1933 3869 2196 3940 imagines
2226 3877 2282 3924 et

719 3958 959 4028 symbola
989 3959 1042 4012 in
1079 3960 1353 4028 mysteriis
1400 3962 1525 4014 novi
1564 3957 1891 4015 Testamenti
1945 3975 2042 4030 per
2087 3961 2281 4031 mysti-

718 4066 840 4104 cum
872 4051 1110 4105 chrisma
1137 4061 1192 4104 et
1219 4051 1504 4105 salutarem
1535 4051 1849 4121 sanguinem
1885 4052 2038 4107 nobis
2059 4050 2278 4106 tradidit

718 4140 1060 4213 evangelicus
1087 4156 1297 4204 sesmo;
1327 4149 1386 4195 ut
1420 4141 1473 4193 in
1513 4141 1596 4196 his
1625 4141 1857 4210 probati,
1891 4143 2054 4198 etiam
2094 4142 2279 4197 melio-

720 4247 840 4287 rum
898 4231 1187 4303 participes
1238 4234 1456 4287 simus:
1492 4234 1689 4287 etenim
1741 4231 1902 4289 Israel
1957 4235 2043 4288 his
2088 4235 2279 4304 dignus

717 4335 827 4375 non
883 4329 989 4375 est.
1046 4320 1511 4387 Quemadmodum
1567 4333 1749 4377 autem
1804 4322 1926 4391 quis
1979 4317 2278 4391 depositum

2383 1873 2824 1945 παρασκευάσειν
2854 1873 2946 1927 τὸν
2989 1872 3190 1946 Κύριον
3221 1874 3279 1926 tv
3309 1873 3520 1936 τούτοις
3559 1873 3825 1938 θεσπίζει,
3852 1873 3959 1950 ob:

2382 1965 2439 2016 tv
2467 1962 2819 2033 κοιλώμασιν,
2857 1964 2978 2018 οὐδὲ
3007 1967 3064 2018 tv
3095 1964 3384 2035 φάραγξιν,
3422 1965 3542 2019 οὐδὲ
3574 1966 3632 2019 tv
3664 1965 3919 2020 πεδιάσιν
3940 1980 3957 1994 ·

2380 2054 2494 2108 ἀλλ’
2526 2055 2669 2109 οὐδὲ
2719 2057 2777 2108 tv
2831 2055 3044 2120 πολλοῖς
3085 2057 3289 2128 δρεσιν,
3339 2055 3449 2110 οὐδ’
3477 2056 3553 2120 ὡς
3599 2056 3789 2127 ἔτυχεν
3837 2055 3959 2119 ἑνὸς

2378 2145 2566 2215 ὄρους’
2594 2147 2708 2200 ἀλλ’
2756 2148 2815 2200 tv
2857 2147 3068 2218 ἐκείνῳ,
3096 2149 3232 2219 ὅπερ
3250 2147 3464 2212 δεικνὺς
3501 2148 3722 2216 ἔλεγεν·
3763 2167 3782 2199 ι
3829 2145 3962 2203 Ὅτι

2381 2235 2688 2307 βασιλεύσει
2723 2238 2926 2310 Κύριος
2956 2239 3015 2292 tv
3051 2238 3225 2311 ὄρεσι,
3271 2240 3364 2293 καὶ
3410 2239 3642 2294 ἐνώπιον
3673 2240 3783 2293 τῶν
3816 2256 3958 2312 πρε-

2380 2325 2657 2399 σϐυτέριον
2688 2326 2854 2382 αὐτοῦ
2894 2327 3303 2398 δοξασθήσεται.
3345 2345 3365 2379 ι
3396 2328 3502 2383 -Ἑν
3551 2327 3660 2400 γὰρ
3704 2327 3786 2399 τῷ
3836 2328 3958 2401 δρει

2377 2418 2473 2488 τῆς
2501 2415 2693 2470 ἑαυτοῦ
2725 2416 3020 2487 βασιλείας,
3045 2416 3102 2470 tv
3127 2408 3174 2484 ᾧ
3199 2416 3293 2469 καὶ
3319 2417 3417 2487 τὴν
3437 2413 3595 2480 δόξαν
3616 2413 3811 2468 ἑαυτοῦ
3842 2415 3962 2477 τοῖς

2378 2504 2569 2560 ἑαυτοῦ
2619 2503 3010 2578 πρεσϐυτέροις
3054 2505 3302 2576 παρέξει,
3360 2505 3455 2560 καὶ
3506 2507 3617 2568 τοῖς
3666 2504 3845 2559 ἔθνεσι
3893 2503 3961 2559 τὸ

2380 2597 2680 2668 συμπόσιον
2713 2596 3163 2668 παρασκευάσας,
3198 2595 3261 2650 τδ
3295 2596 3393 2667 τῆς
3426 2594 3726 2660 ἀθανασίας
3767 2595 3958 2661 αὐτοῖς

2379 2687 2541 2742 ποτὸν
2566 2687 2887 2760 δωρήσεται.
2919 2687 3223 2759 Παρίστησι
3246 2687 3304 2768 δὲ
3328 2686 3392 2740 τὸ
3413 2687 3540 2759 δρος
3563 2689 3592 2740 6
3631 2687 3960 2752 Ἀπόστολος

2377 2778 2578 2834 είπών·
2605 2798 2624 2832 ι
2649 2778 3096 2852 Προσεληλύθατε
3139 2778 3277 2834 Σιὼν
3321 2778 3434 2852 δρει
3457 2818 3473 2843 ,
3509 2779 3603 2834 καὶ
3633 2779 3785 2833 πόλει
3814 2779 3959 2834 Θεοῦ

2381 2865 2579 2932 ζῶντος
2617 2867 2972 2939 Ἰερουσαλὴμ
2999 2866 3326 2939 ἐπουρανίῳ,
3373 2869 3466 2922 καὶ
3505 2869 3758 2941 μυριάσιν
3786 2869 3959 2938 ἀγγέ-

2377 2957 2484 3012 λων
2541 2958 2868 3032 πανηγύρει,
2913 2961 3010 3013 καὶ
3055 2959 3349 3031 Ἐκκλησία
3399 2961 3763 3033 πρωτοτόκων
3809 2963 3959 3016 ἀπο-

2381 3053 2785 3124 γεγραμμένων
2829 3053 2888 3106 tv
2933 3053 3200 3124 οὐρανοῖς.
3267 3067 3288 3103 s
3353 3051 3617 3107 Ἐνταῦθα
3652 3055 3830 3108 τοίνυν
3862 3069 3960 3121 γε-

2379 3142 2614 3214 νόμενοι,
2637 3145 2738 3215 οὐχ
2755 3144 2784 3197 6
2820 3143 3057 3216 Ἰσραὴλ,
3083 3142 3197 3197 ἀλλ’
3221 3143 3270 3198 οι
3297 3142 3358 3207 ἐξ
3375 3143 3628 3200 ἁπάντων
3650 3145 3759 3200 τῶν
3782 3145 3961 3200 ὲθνῶν

2381 3234 2792 3306 καταξιούμενοι
2823 3235 2932 3288 τῶν
2965 3234 3304 3304 ἐπαγγελιῶν
3335 3234 3549 3289 πίονται
3582 3234 3954 3309 εὐφροσύνην,

2381 3326 2475 3381 καὶ
2505 3326 2716 3379 πίονται
2739 3326 2830 3379 τὸν
2858 3326 2924 3380 ὲκ
2946 3325 3044 3398 τῆς
3071 3324 3328 3398 ἀληθινῆς
3355 3326 3600 3399 ἀμπέλου
3629 3323 3796 3391 οἶνον,
3824 3329 3959 3403 περὶ

2378 3410 2440 3470 οὗ
2465 3418 2494 3470 6
2524 3417 2715 3488 Σωτὴρ
2741 3417 2893 3485 ἔλεγε
2917 3431 2932 3447 ⁸
2975 3436 2995 3468 ι
3036 3417 3112 3471 Οὐ
3139 3415 3246 3488 μὴν
3272 3418 3383 3471 πίω
3412 3417 3594 3483 αὑτὸν,
3623 3417 3726 3483 ἕως
3754 3419 3822 3472 ἂν
3843 3420 3960 3474 πίω

2380 3505 2546 3558 αὑτὸν
2590 3504 2776 3559 καινὸν
2815 3505 2933 3578 μεθ’
2977 3505 3133 3576 ὑμῶν
3172 3507 3232 3561 tv
3261 3509 3328 3578 τῇ
3379 3505 3622 3579 βασιλεία
3652 3507 3759 3562 τῶν
3788 3508 3959 3581 ούρα-

2383 3611 2506 3648 νων.
2545 3612 2563 3644 ι

2454 3705 2474 3739 t
2513 3685 2805 3764 Χρίσονται
2849 3685 3018 3757 μύρον
3064 3687 3123 3741 tv
3170 3685 3249 3759 τῷ
3300 3686 3416 3760 δρει
3460 3686 3656 3760 τούτῳ.
3703 3689 3957 3762 Παράδος

2379 3776 2555 3834 ταῦτα
2597 3779 2774 3832 πάντα
2809 3780 2918 3842 τοῖς
2953 3777 3162 3832 ἔθνεσιν
3188 3792 3203 3808 ⁸
3242 3780 3276 3851 ὴ
3328 3777 3437 3852 γὰρ
3467 3779 3629 3852 βουλὴ
3672 3779 3813 3852 αὕτη
3860 3783 3958 3835 επὶ

2383 3870 2563 3924 πάντα
2592 3869 2662 3924 τά
2692 3868 2841 3940 ἔθνη.
2884 3887 2903 3920 ι
2939 3868 3154 3924 Τούτων
3177 3869 3236 3923 δι
3263 3869 3477 3934 είκόνας
3507 3871 3642 3943 ἡμῖν
3678 3870 3772 3925 καὶ
3809 3869 3954 3943 σύμ-

2381 3959 2512 4014 ϐολα
2536 3960 2594 4012 tv
2622 3961 2736 4022 τοῖς
2771 3959 3092 4031 μυστηρίοις
3110 3958 3210 4033 τῆς
3237 3961 3431 4031 καινῆς
3458 3959 3730 4032 Διαθήκης
3747 3959 3837 4015 διὰ
3856 3959 3956 4016 τοῦ

2383 4052 2646 4124 μυστικοῦ
2688 4051 2985 4124 χρίσματος
3040 4053 3134 4106 καὶ
3185 4051 3281 4107 τοῦ
3328 4053 3595 4126 σωτηρίου
3645 4053 3876 4124 αἵματος
3921 4055 3956 4109 6

2381 4143 2733 4212 εὐαγγελικὺς
2764 4144 3118 4216 παραδέδωκε
3151 4144 3308 4215 λόγος
3340 4162 3354 4176 ·
3385 4145 3494 4214 ἵνα,
3535 4148 3594 4202 tv
3625 4146 3831 4211 τούτοις
3860 4147 3953 4204 δο-

2381 4234 2759 4306 κιμασθέντες,
2803 4236 2899 4289 καὶ
2921 4235 3030 4290 τῶν
3063 4237 3386 4309 κρειττόνων
3430 4236 3822 4308 μεταλάϐωμεν
3849 4253 3870 4272 ⁶
3919 4240 3954 4292 6

2379 4327 2490 4399 γὰρ
2529 4326 2747 4399 Ἰσραὴλ
2781 4327 2882 4382 οὐκ
2907 4326 3056 4393 ἄξιος
3081 4328 3306 4383 τούτων.
3343 4330 3554 4402 Ὠσπερ
3582 4329 3640 4384 δέ
3670 4347 3755 4395 τις
3780 4347 3953 4405 παρα-

719 4425 839 4465 cum
895 4425 1142 4466 mensura
1204 4413 1401 4481 tradit,
1455 4416 1570 4478 sic,
1627 4413 1823 4482 inquit,
1873 4415 2154 4484 mysticum
2207 4415 2276 4470 de

2378 4418 2686 4491 καταθήκην
2715 4420 2774 4472 tv
2791 4419 2972 4493 μέτρῳ
2994 4419 3522 4493 παραδίδωσι,οὓτω,
3545 4421 3805 4493 φησὶ,τὺν
3819 4422 3951 4495 περὶ

719 4500 990 4569 praedictis
1045 4503 1206 4554 rebus
1261 4515 1566 4557 sermonem
1639 4507 1790 4557 trade
1849 4503 2098 4557 omnibus
2150 4516 2279 4572 gen-

723 4591 867 4644 tibus
922 4603 938 4642 :
996 4603 1119 4644 nam
1183 4592 1286 4647 hoc
1345 4594 1631 4649 consilium
1689 4609 1853 4664 super
1903 4607 2096 4649 omnes
2144 4605 2273 4664 gen-

720 4688 801 4736 tes
831 4689 932 4735 est.

789 4770 952 4828 Vens.
980 4772 1033 4828 8.
1074 4791 1093 4824 ι
1116 4775 1398 4845 Absorpsit
1435 4789 1582 4830 mors
1615 4775 1910 4848 pravalens
1931 4816 1948 4843 ,
1993 4787 2051 4832 et
2091 4791 2278 4833 rursus

717 4862 937 4918 abstulit
963 4863 1107 4919 Deus
1135 4881 1348 4921 omnem
1377 4865 1669 4937 lacrymam
1701 4869 1768 4921 ab
1792 4868 1937 4924 omni
1965 4867 2112 4922 vultu
2143 4885 2158 4923 :
2188 4882 2277 4938 op-

716 4950 998 5020 probrium
1048 4954 1230 5022 populi
1281 4955 1505 5010 abstulit
1552 4955 1620 5009 ab
1680 4958 1930 5012 universa
1980 4966 2170 5012 terra:
2213 4971 2276 5013 os

716 5042 861 5098 enim
886 5042 1101 5100 Domini
1129 5046 1366 5100 locutum
1390 5056 1491 5101 est.
1519 5064 1537 5096 ι
1574 5045 1710 5101 Tum
1739 5047 1923 5116 igitur,
1950 5063 2072 5103 cum
2101 5051 2276 5105 sancti

718 5148 820 5187 uua
869 5150 990 5188 cum
1037 5135 1174 5190 Filio
1225 5138 1318 5192 Dei
1373 5137 1714 5209 regnabant,
1766 5139 1876 5206 ipsa
1933 5155 2096 5205 mors,
2157 5155 2276 5210 qua:

716 5225 843 5279 olim
871 5227 1198 5296 deglutiebat
1227 5243 1320 5284 eos
1338 5268 1358 5296 ,
1379 5232 1600 5286 omnino
1629 5231 2023 5287 absorbeliitur.
2053 5233 2158 5288 Pro
2184 5233 2272 5287 illa

717 5326 920 5382 autem,
951 5319 1053 5373 erit
1083 5323 1274 5376 unctio.
1307 5337 1411 5390 qua
1463 5323 1790 5390 inungentur
1829 5338 2016 5379 omnes
2064 5334 2269 5396 gentes.

718 5407 925 5462 Etenim
956 5413 1099 5466 uncti
1147 5413 1234 5467 illo
1264 5425 1556 5482 unguento,
1602 5430 1708 5470 non
1741 5416 1882 5470 ultra
1911 5420 2067 5472 morti
2112 5428 2276 5474 erunt

719 5502 930 5556 obnoxii
957 5543 970 5567 ,
1012 5505 1105 5560 sed
1135 5507 1554 5562 immortalitatis
1585 5518 1640 5562 et
1663 5519 1880 5562 aternas
1910 5509 2029 5566 vita:
2055 5525 2274 5568 consor-

719 5702 763 5736 “
815 5702 974 5758 Hebr.
1003 5718 1096 5767 xu,
1127 5705 1221 5758 22.
1301 5709 1342 5739 ⁸⁸
1367 5706 1551 5763 Matth.
1584 5723 1730 5770 xx",
1767 5708 1852 5764 29.

2378 4509 2486 4562 τῶν
2529 4509 2826 4581 λεχθέντων
2879 4510 3138 4583 μυστικὸν
3190 4512 3346 4580 λόγον
3389 4512 3626 4584 παράδος
3657 4515 3791 4568 πᾶσι
3836 4517 3947 4579 τοῖς

2378 4602 2556 4656 ἔθνεσι
2582 4619 2596 4633 ⁸
2626 4604 2720 4658 καὶ
2747 4604 2854 4679 γὰρ
2880 4604 3045 4677 βουλὴ
3073 4604 3213 4675 αὕτη
3239 4606 3334 4660 ἐπὶ
3363 4605 3625 4661 πάντατά
3653 4605 3802 4678 ἔθνη.

2449 4801 2468 4833 ι
2510 4782 2786 4838 Κατέπιεν
2805 4785 2834 4837 6
2856 4783 3085 4848 θάνατος
3105 4783 3345 4855 ίσχύσας,
3362 4785 3458 4839 atat
3471 4783 3634 4839 πάλιν
3655 4784 3896 4853 ἀφεῖλειν
3919 4785 3948 4837 6

2374 4871 2506 4938 Θεὸς
2529 4875 2638 4929 πᾶν
2660 4874 2893 4944 δάκρυον
2922 4877 3032 4929 ἀπὸ
3052 4877 3249 4942 παντὸς
3278 4875 3569 4949 προσώπου
3594 4893 3607 4906 ·
3642 4875 3703 4929 τὺ
3745 4876 3950 4942 δνειδος

2369 4962 2467 5018 τοῦ
2499 4963 2629 5020 λαοῦ
2659 4967 2879 5034 ἀφεῖλεν
2896 4967 3004 5021 ἀπὸ
3027 4967 3208 5040 πάσης
3233 4970 3333 5039 τῆς
3353 4969 3459 5039 γῆς
3482 4985 3496 4999 ·
3533 4966 3592 5022 τδ
3614 4967 3723 5039 γάρ
3768 4966 3947 5040 στόμα

2368 5056 2571 5128 Κυρίου
2592 5057 2838 5127 ἐλάλησε.
2865 5075 2883 5108 ι
2906 5059 3036 5112 Τότε
3052 5059 3247 5124 τοίνυν,
3265 5060 3352 5114 ὅτε
3378 5058 3456 5131 τῷ
3487 5060 3602 5130 Υιῷ
3623 5061 3716 5113 τοῦ
3738 5059 3874 5116 Θεοῦ
3895 5059 3946 5113 oi

2371 5147 2514 5216 ἅγιοι
2544 5149 3079 5220 συμϐασιλεύσουσιν,
3111 5153 3271 5216 αὐτὸς
3297 5155 3325 5206 6
3349 5151 3578 5216 θάνατος
3594 5154 3623 5206 ό
3652 5152 3822 5206 πάλαι
3848 5170 3945 5207 κα-

2374 5240 2616 5294 ταπίνων
2629 5242 2843 5308 αὐτοὺς,
2865 5244 3077 5308 πάντως
3104 5246 3560 5317 καταποθήσεται.
3579 5245 3721 5298 ’Δντὶ
3740 5245 3800 5298 δὲ
3825 5245 3946 5299 τού-

2377 5349 2471 5384 του
2501 5333 2651 5387 ἔσται
2681 5336 2714 5404 ἡ
2749 5335 2926 5405 χρίσις
2961 5338 2994 5408 ὴ
3024 5339 3354 5410 κεχρισμένῃ
3383 5339 3466 5400 είς
3492 5337 3666 5391 πάντα
3699 5337 3766 5391 τὰ
3795 5339 3942 5409 ἔθνη.

2378 5421 2702 5495 Χρισθὲντες
2754 5425 2861 5497 γὰρ
2911 5427 2989 5498 τῷ
3027 5429 3323 5500 χρίσματι,
3379 5428 3564 5482 οὐκέτι
3628 5432 3944 5502 γενήσονται

2379 5515 2677 5587 ὑποχείριοι
2708 5517 2787 5588 τῷ
2817 5519 3030 5591 θανάτῳ
3050 5538 3064 5552 ο
3101 5521 3394 5586 ἀθανασίας
3419 5522 3476 5575 δὲ
3509 5523 3600 5575 καὶ
3634 5521 3783 5593 ζωῆς
3816 5523 3948 5583 alt)-
