4120 6294
246 305 337 369 1⁸13

1135 293 1459 350 ιῸΙΙΕΝΙ
1473 297 1639 347 Δκιιι
1677 294 1745 345 ια
1787 290 2043 344 ιεΔιΑι.
2082 315 2150 328 -
2185 291 2339 341 (AP.
2383 283 2572 340 117..

3345 283 3453 341 τη

240 416 491 487 ὀάσεσὴς,
527 416 617 467 ἵνα
653 414 732 485 μὴ
764 412 849 485 εδῃ
880 410 976 481 τὴν
998 399 1402 480 δόξανῐίυρίου.
1437 406 1631 478 Κύριε,
1664 405 1804 475 ὑψη-

1906 402 2145 459 Tolistor
2179 400 2398 471 impius,
2435 409 2619 455 utnon
2643 396 2822 454 videat
2845 395 3071 469 gloriam
3096 392 3327 449 Domini.
3358 392 3465 451 Do-

241 502 315 567 λός
366 518 456 556 σου
501 503 530 556 6
582 499 850 569 βραχίων,
896 497 992 551 καὶ
1030 498 1130 551 οὐκ
1174 496 1425 567 ᾔδεισαν·
1464 496 1693 565 γνόντες
1737 496 1796 549 δὶ

242 591 734 662 αίσχυνθήσονται.»
760 590 1015 644 ’ταπεινοὶ
1048 588 1157 661 γὰρ
1177 588 1328 651 ὄντες
1355 588 1404 643 oi
1435 586 1669 649 ἀσεϐεῖς,
1702 586 1798 640 καὶ

244 683 435 755 μικρὰν
466 680 845 751 ἀφεστηκότες
868 680 968 751 τῆς
998 680 1250 749 γνώσεως
1280 678 1375 732 τοῦ
1402 677 1560 741 Θεοῦ,
1594 681 1652 731 tv
1678 679 1801 732 σκό-

240 791 306 844 τῳ
357 774 453 841 τῆς
508 771 685 825 αὑτοῦ
750 771 969 839 ἀγνοίας
1028 770 1397 825 ἐκαλινδοῦντο
1423 786 1436 801 ·
1509 770 1643 823 ἀλλά
1700 770 1801 839 τῆς

242 860 443 925 καθόλου
476 858 743 928 γνώσεως
769 859 1087 929 iactastis-qq,
1127 858 1451 929 θεασάμενοι
1479 858 1569 911 τὸν
1600 856 1801 926 ὑψηλὸν

243 947 479 1021 βραχίονα
536 952 590 1003 οἱ
657 952 825 1005 πάλαι
876 949 1038 1006 αὑτὸν
1095 950 1172 1013 ὡς
1234 952 1309 1022 μὴ
1366 950 1497 1003 ὄντα
1556 949 1801 1021 βλασφη-

245 1037 470 1109 μοῦντες,
514 1039 819 1094 παύσονται
861 1040 962 1110 τῆς
1003 1039 1259 1103 ἀπονοίας
1302 1040 1534 1111 αίσχύνῃ
1574 1038 1800 1109 κατεχό-

243 1146 395 1200 μενοι.

304 1240 323 1272 ι
359 1222 523 1293 Ζῆλος
550 1222 788 1295 λήψεται
808 1221 935 1276 λαὸν
973 1220 1319 1276 ἀπαίδευτον.
1357 1240 1377 1273 ι
1416 1220 1719 1274 Δίνίττεται
1744 1220 1802 1275 δὲ

241 1311 349 1375 τοὺς
380 1314 443 1364 ἐκ
474 1315 781 1383 περιτομῆς
811 1310 888 1382 μὴ
925 1309 1389 1381 κᾳταδεξαμένους
1427 1310 1525 1381 τὴν
1550 1311 1637 1365 διὰ
1666 1312 1803 1382 Χρι-

243 1401 351 1456 στοῦ
368 1404 545 1475 χάριν.
569 1422 589 1454 ι
614 1404 724 1457 Καὶ
745 1402 840 1455 νῦν
869 1402 980 1472 πῦρ
1008 1402 1132 1466 τοὺς
1160 1402 1506 1464 ὑπεναντίους
1536 1402 1708 1455 ἔδεται
1726 1418 1740 1430 ·
1777 1420 1798 1455 s

242 1493 307 1557 ὡς
360 1494 423 1548 ἂν
476 1495 759 1562 ἀποφάσει
813 1491 1349 1563 ὑποὸληθησομίνους
1402 1494 1467 1563 τῇ
1533 1490 1802 1565 λεγούσῃ·

247 1607 263 1639 ι
291 1589 584 1658 Πορεύεσθε
621 1591 702 1653 είς
724 1592 785 1641 τὸ
813 1588 925 1659 πῦρ
960 1588 1021 1641 τὸ
1068 1586 1283 1641 αἰώνιον
1314 1587 1376 1639 τὺ
1407 1586 1805 1658 ἡτοιμασμένον

1896 496 2064 563 mine,
2086 492 2362 549 excelsum
2413 488 2693 547 brachium
2722 497 2872 543 tuum
2895 525 2910 552 ,
2960 494 3014 542 et
3046 500 3155 540 non
3203 498 3467 556 cognove-

1898 597 2026 644 runt
2053 604 2068 643 :
2101 585 2338 645 scientes
2359 593 2540 638 autem
2570 580 2912 636 erubescent.
2946 597 2966 631 ι
3007 578 3158 645 Impii
3182 578 3349 643 enim,
3377 577 3469 633 ab-

1894 682 2026 751 iecti
2054 693 2175 734 cum
2208 678 2320 736 sint
2342 719 2357 745 ,
2387 691 2452 732 ac
2484 676 2671 747 procul
2701 673 3010 742 cognitione
3057 671 3149 727 Dei
3185 669 3373 741 positi,
3408 670 3464 725 in

1901 772 2138 829 tenebris
2187 770 2304 839 ejus
2351 767 2671 838 ignorantia:
2700 764 3078 820 volutabantur
3112 780 3128 820 :
3158 776 3348 818 verum
3375 761 3471 815 ad-

1902 863 2153 917 veniente
2188 860 2278 916 illa
2318 858 2609 915 universali
2664 855 3007 928 cognitione.
3047 854 3292 909 videntes
3342 851 3470 907 bra-

1902 954 2084 1010 chium
2130 952 2259 1007 illud
2302 951 2583 1007 excelsum
2629 951 2666 1005 ii
2692 989 2709 1013 .
2740 951 2830 1019 qui
2870 947 3000 1001 olim
3026 946 3149 1002 eum
3175 945 3329 1016 quasi
3361 957 3471 999 non

1901 1044 2254 1100 exsistentem
2283 1041 2615 1112 blasphemis
2665 1039 2827 1095 dictis
2869 1037 3234 1103 incessebant,
3262 1033 3475 1106 pudore

1902 1132 2082 1189 atl‘ecti
2117 1134 2343 1187 insania:
2372 1131 2536 1186 linem
2568 1129 2791 1184 facient.

1980 1248 1999 1281 ε
2035 1227 2195 1283 Zelus
2220 1226 2589 1298 apprehendet
2611 1223 2860 1295 populum
2892 1220 3242 1277 ineruditum.
3269 1233 3289 1271 ι
3330 1216 3474 1272 Sub-

1903 1321 2105 1376 indicat
2146 1333 2241 1375 eos
2275 1334 2343 1374 ex
2391 1317 2806 1373 circumcisione
2832 1354 2848 1379 ,
2886 1314 2978 1385 qui
3009 1312 3237 1383 gratiam
3266 1307 3472 1364 Christi

1905 1427 2015 1468 non
2045 1409 2275 1480 amplexi
2322 1417 2485 1474 sunt;
2529 1425 2548 1459 ι
2582 1404 2649 1460 Et
2682 1405 2797 1475 jam
2840 1405 2978 1477 ignis
3010 1400 3351 1457 adversarios
3380 1397 3475 1454 de-

1901 1512 2093 1571 vorat;
2137 1520 2157 1554 ι
2216 1510 2405 1571 utpote
2431 1500 2524 1570 qui
2571 1498 2855 1554 sententia:
2900 1492 3223 1565 subiiciendi
3257 1489 3477 1546 sintdi-

1906 1598 2074 1660 centi,
2116 1613 2134 1648 ι
2167 1593 2434 1653 Discedite
2480 1595 2533 1645 in
2588 1591 2766 1659 ignem
2790 1597 3078 1652 aeternum,
3109 1593 3472 1656 praeparatum

242 1678 308 1751 τῷ
351 1680 583 1751 διαϐόλῳ
637 1682 733 1734 καὶ
779 1682 891 1743 τοῖς
928 1678 1178 1748 ἀγγέλοις
1206 1678 1393 1733 αὐτοῦ.
1436 1698 1455 1732 ι
1504 1678 1718 1749 Ἐπειδὴ
1745 1678 1805 1731 τὸ

1907 1688 2123 1744 diabolo
2153 1698 2208 1743 et
2237 1686 2442 1757 hugelis
2466 1684 2584 1754 ejus
2611 1684 2675 1736 ".
2711 1700 2729 1734 ι
2780 1680 2919 1748 Quia
2967 1676 3142 1734 lucem
3168 1690 3277 1731 non
3316 1680 3477 1729 acce-

244 1771 345 1839 φῶς
377 1773 474 1825 οὐκ
503 1772 779 1837 ἐδέξαντο,
813 1770 1271 1842 παραδοθήσονται
1304 1770 1383 1842 τῷ
1419 1770 1553 1842 πυρὶ
1600 1771 1695 1824 καὶ
1725 1770 1804 1842 τῷ

1909 1790 2124 1853 perunt,
2165 1779 2271 1848 igni
2305 1756 2370 1833 ac
2396 1775 2633 1831 tenebris
2663 1776 2963 1829 tradentur.

249 1862 431 1915 σκότει.

309 1969 326 2003 ι
354 1952 521 2024 Κύριε
583 1953 615 2006 6
659 1951 791 2016 Θεὸς
828 1951 1002 2023 ήμῶν,
1038 1952 1259 2023 εἰρήνην
1292 1952 1379 2016 δὸς
1405 1955 1535 2023 ἡμῖν
1561 1970 1573 1984 ·
1628 1955 1804 2008 πάντα

245 2039 340 2115 γὰρ
388 2042 681 2105 ἀπέδωκας
742 2044 893 2113 ήμῖν.
939 2041 1111 2113 Κύριε
1159 2044 1187 2095 6
1227 2042 1358 2107 Θεὸς
1395 2044 1570 2115 ἡμῶν,
1610 2046 1805 2115 κτῆσαι

246 2132 392 2201 ἡμᾶς.
421 2133 621 2205 Κύριε,
651 2134 807 2198 ἐκτὸς
833 2133 925 2187 σοῦ
956 2134 1112 2187 ἄλλον
1138 2135 1237 2188 οὐκ
1263 2136 1483 2207 οἴδαμεν
1503 2155 1515 2168 ·
1549 2136 1608 2190 τὸ
1636 2138 1808 2207 δνομά

249 2239 330 2277 σου
354 2225 712 2297 ὀνομάζομεν.
752 2247 771 2277 ι
803 2227 956 2281 Καλὰ
994 2229 1090 2299 μὲν
1123 2227 1231 2299 γὰρ
1264 2228 1356 2281 καὶ
1388 2230 1454 2282 τὰ
1484 2230 1616 2284 ἄλλα
1656 2231 1808 2302 παρά

250 2313 330 2366 τοῦ
359 2315 533 2369 πάντα
556 2333 570 2347 ·
602 2318 665 2369 τὸ
695 2317 751 2370 δὲ
777 2318 1033 2387 μέγιστον
1053 2318 1221 2390 δῶρον
1254 2321 1287 2390 ή
1321 2321 1473 2391 παρά
1508 2320 1621 2385 σοῦ,
1656 2324 1748 2375 καὶ
1770 2325 1803 2393 η

251 2405 369 2475 πρὸς
391 2408 581 2460 ἑαυτὸν
620 2411 811 2480 εἰρήνη
846 2411 1123 2481 τυγχάνει,
1159 2411 1225 2463 ἵν’
1257 2412 1604 2465 ἀστασίαστοι
1638 2408 1806 2484 ὦμεν,

252 2496 332 2549 καὶ
353 2498 681 2569 χρονεύουσα
706 2502 837 2571 πρὸς
861 2503 918 2555 σὲ
947 2503 1235 2568 διαπαντὸς
1256 2503 1569 2571 φυλάττοιτο
1599 2507 1747 2577 ήμῶν
1773 2509 1806 2577 ή

250 2585 399 2658 ψυχή.
432 2589 607 2643 Τοῦτο
635 2588 680 2642 δ’
702 2591 766 2645 ἂν
793 2592 1016 2661 γένοιτο,
1049 2596 1098 2647 εί
1127 2594 1438 2667 καταξιώσῃ
1471 2597 1652 2667 κτῆμα
1688 2615 1810 2651 σαυ-

1978 1956 2141 2013 Vens.
2168 1956 2256 2022 l2,
2295 1955 2383 2009 l3.
2414 1973 2434 2006 ι
2474 1953 2697 2008 Domine
2729 1949 2871 2005 Deus
2922 1957 3128 2015 noster,
3174 1957 3361 2017 pacem
3406 1939 3475 1996 da

1908 2049 2062 2103 nobis
2093 2066 2110 2103 :
2136 2048 2317 2102 omnia
2343 2045 2487 2101 enim
2516 2043 2709 2098 dedisti
2742 2041 2917 2096 nobis.
2955 2038 3177 2093 Domine
3206 2034 3353 2091 Deus
3379 2048 3477 2088 no-

1905 2147 2040 2201 ster,
2071 2136 2284 2207 posside
2323 2149 2421 2189 nos
2454 2153 2468 2189 :
2505 2133 2750 2196 Domine,
2781 2142 2934 2185 extra
2959 2138 3010 2182 te
3038 2126 3200 2181 alium
3235 2139 3345 2180 non
3376 2136 3475 2178 no-

1908 2229 2084 2281 vimus
2121 2245 2135 2281 :
2173 2241 2367 2281 nomen
2410 2234 2558 2279 tuum
2598 2225 2940 2278 invocamus.
2970 2218 3086 2273 Alia
3116 2217 3315 2287 quippe
3352 2229 3476 2270 om-

1908 2318 1997 2373 nia
2026 2316 2123 2373 abs
2159 2328 2209 2371 te
2231 2317 2352 2371 data
2383 2316 2587 2386 Optima
2612 2324 2739 2369 sunt
2773 2332 2787 2367 :
2820 2313 2914 2367 sed
2939 2311 3182 2367 omnium
3210 2308 3474 2363 donorum

1911 2410 2204 2464 niaximum
2238 2416 2343 2474 est,
2369 2423 2473 2475 pax
2519 2406 2609 2461 illa
2639 2420 2758 2476 qua
2789 2407 2887 2460 abs
2918 2415 2972 2458 te
3004 2399 3389 2472 proliciscitur,
3422 2408 3480 2454 et

1908 2516 2067 2572 quam
2096 2500 2374 2555 nobiscum
2421 2497 2683 2553 habemus
2709 2536 2724 2561 ,
2760 2504 2820 2549 ut
2865 2495 2981 2549 sine
3016 2492 3246 2547 tumultu
3273 2499 3335 2544 et
3358 2504 3479 2544 tnu-
3566 2526 3569 2529 η

1910 2596 2112 2649 tatione
2149 2594 2428 2662 degamus,
2477 2602 2767 2657 annuaque
2811 2596 2996 2641 nostra
3022 2584 3116 2638 tibi
3142 2595 3356 2651 semper
3383 2594 3479 2633 va-

252 2677 331 2731 τοῦ
376 2679 503 2733 ῐδιον
534 2681 790 2750 γενέσθαι
823 2685 1000 2755 ἡμᾶς·
1030 2686 1151 2739 ἐπεὶ
1177 2688 1268 2738 καὶ
1306 2688 1467 2757 ἡμεῖς
1509 2689 1608 2742 οὐκ
1651 2689 1806 2742 ἄλλον

1909 2698 2040 2740 cans
2068 2694 2334 2738 servetur.
2371 2682 2425 2736 id
2471 2688 2649 2733 autem
2705 2679 2984 2743 inveniet,
3031 2673 3078 2729 si
3123 2687 3221 2728 nos
3252 2672 3367 2742 ipse
3423 2669 3479 2724 in

250 2767 357 2822 τινὰ
382 2770 605 2842 οἴδαμεν
635 2772 667 2842 ἢ
702 2772 783 2837 σὲ,
810 2776 905 2828 καὶ
942 2778 1087 2847 μόνῳ
1124 2777 1201 2849 τῷ
1225 2777 1448 2849 ὀνόματί
1482 2796 1575 2832 σου
1614 2781 1806 2855 τεθαρ-

1910 2775 2182 2847 propriam
2217 2774 2312 2828 tibi
2338 2772 2736 2843 possessionem
2779 2769 2979 2824 habere
3007 2767 3249 2836 digneris
3290 2784 3305 2820 :
3351 2766 3481 2836 quia

255 2859 498 2931 ῥήκαμεν.
564 2864 696 2917 Ὅτε
757 2866 939 2920 τοίνυν
1000 2868 1189 2923 οὐδένα
1248 2871 1432 2941 ἕτερον
1468 2872 1806 2943 ἐκεκτήμεοα

1912 2884 2013 2925 nos
2056 2884 2162 2923 non
2201 2868 2365 2921 alium
2400 2866 2652 2919 novimus
2678 2872 2873 2932 praeter
2920 2870 3011 2927 te,
3042 2870 3097 2914 et
3148 2859 3201 2915 in
3236 2858 3353 2914 solo
3382 2872 3481 2913 no-

253 2947 303 2999 tv
359 2951 435 3021 τῷ
500 2952 606 3024 βίῳ
665 2955 697 3025 ἢ
763 2955 845 3019 σὲ,
913 2958 1134 3022 είκότως
1190 2957 1575 3030 ἀπιὼλοῦμεν
1640 2978 1806 3015 κατα-

1912 2960 2060 3015 mine
2090 2970 2181 3014 tuo
2206 2957 2547 3012 conﬁdimus.
2573 2953 2706 3009 Cum
2737 2952 2901 3023 igitur
2928 2953 2983 3006 in
3010 2952 3116 3004 vita
3148 2958 3335 3003 nostra
3370 2964 3479 3027 non

256 3034 489 3145 ξιιυθῆναι
541 3041 644 3111 τῆς
687 3024 793 3113 σῆς
844 3044 1097 3114 γενέσθαι
1148 3046 1361 3117 μερίδος
1415 3024 1509 3101 καὶ
1561 3050 1655 3103 τοῦ
1713 3052 1806 3105 σοῦ

1915 3050 2077 3105 alium
2112 3064 2272 3120 quam
2312 3058 2363 3102 te
2392 3036 2833 3116 possederimus;
2859 3041 2984 3111 jure
3008 3024 3485 3112 rogamusmttuae

257 3130 459 3201 κλήρου.
1839 3130 1881 3145 “
1912 3142 2174 3212 portioni;
2199 3150 2250 3194 et
2274 3140 2438 3193 sortis
2467 3151 2587 3191 esse
2615 3151 2948 3191 mereamur.

320 3239 338 3272 ι
377 3226 437 3276 0i
477 3225 533 3279 δὲ
566 3228 750 3298 νεκροὶ
776 3226 918 3298 ζωὴν
952 3229 1013 3283 οὐ
1043 3229 1119 3301 μὴ
1152 3228 1355 3296 [δωσιν,
1381 3232 1502 3285 οὐδὲ
1548 3234 1721 3307 ἰατροὶ
1748 3235 1806 3286 οὐ

1982 3225 2146 3281 Vsus.
2190 3228 2273 3278 t4.
2326 3242 2345 3273 ι
2404 3222 2601 3277 Murtui
2645 3233 2824 3277 autem
2857 3222 3027 3276 vitam
3062 3235 3168 3275 non
3201 3219 3487 3284 videbunt,

260 3309 327 3409 μή
341 3314 700 3409 ἀναστήσωσι.
734 3319 834 3373 Διά
859 3321 1019 3373 τοῦτο
1048 3322 1355 3391 ἀπήγαγες,
1389 3325 1483 3376 καί
1503 3325 1806 3389 ἀπώλεσας,

1914 3332 2091 3387 neque
2122 3316 2315 3371 medici
2354 3314 2721 3370 suseitabunt.
2752 3313 2874 3368 Ideo
2921 3312 3194 3369 abduxisti
3221 3352 3237 3378 ,
3272 3322 3328 3370 et
3357 3326 3486 3382 per-

258 3406 340 3458 καὶ
363 3401 496 3478 ἦρας
522 3410 630 3461 πᾶν
663 3410 827 3479 ἄρσεν
856 3412 1052 3465 αὐτῶν.
1092 3431 1113 3465 ι
1159 3414 1350 3482 Ἡμεῖς
1379 3414 1477 3485 μὲν
1508 3413 1623 3480 οὖν,
1657 3419 1809 3487 φησι,

261 3495 332 3548 σοὶ
358 3498 539 3569 ἐσμὲν,
568 3498 761 3571 Κύριε,
784 3502 876 3554 καὶ
910 3505 974 3555 σὺ
1003 3503 1065 3556 τὸ
1095 3504 1359 3575 ἡμέτερον
1390 3506 1650 3579 ὑπάρχεις
1678 3508 1813 3579 κτῆ-

260 3598 324 3654 μα
340 3603 351 3615 ·
375 3589 421 3640 oi
444 3589 500 3643 δὲ
521 3593 641 3653 ταῖς
662 3592 796 3662 πρὸς
815 3592 1040 3647 θάνατον
1073 3594 1365 3667 ἁμαρτίαις
1394 3597 1618 3661 ἑαυτοὺς
1642 3598 1815 3651 ἐκδόν-

258 3690 353 3740 τες.
383 3683 472 3734 καὶ
500 3680 592 3734 διά
614 3681 774 3735 τοῦτο
793 3686 976 3754 νεκροὶ
1002 3684 1099 3749 τὰς
1124 3685 1297 3755 ψυχὰς
1322 3689 1600 3758 γενόμενοι
1620 3705 1631 3717 ·
1672 3707 1690 3740 ι
1713 3688 1813 3758 ψυ-

259 3769 317 3839 χὴ
350 3789 368 3819 ι
401 3773 511 3843 γὰρ
553 3791 571 3822 ι
612 3773 1020 3848 ἁμαρτάνουσα,
1069 3777 1206 3849 αὕτη
1233 3778 1617 3833 ἀποθανεῖται·
1658 3800 1675 3833 ι
1714 3783 1812 3855 τὴν

259 3858 304 3912 δὲ
326 3862 733 3935 ἐπηγγελμένην
760 3869 871 3930 τοῖς
897 3869 1072 3936 ἀγίοις
1103 3869 1317 3924 αἰώνιον
1345 3871 1488 3944 ζωὴν
1529 3875 1628 3927 οὐκ
1654 3874 1813 3945 ὀψον-

260 3963 353 4014 ται,
376 3955 490 4008 οὐδὲ
520 3956 708 4027 νίατροί
746 3956 907 4009 ποθεν
945 3959 1263 4024 ἐπιστάντες
1295 3962 1434 4015 κατά
1458 3964 1548 4015 τὸν
1570 3963 1669 4033 τῆς
1692 3965 1813 4034 κρί-

260 4057 379 4108 σεως
406 4048 594 4118 καιρὸν
624 4048 938 4119 δυνήσονται
962 4051 1141 4114 αὐτοῖς
1163 4054 1521 4125 ἐπικουρῆσαι
1551 4056 1685 4127 πρὸς
1713 4074 1815 4110 σω-

266 4136 450 4204 τηρίαν,
504 4138 614 4191 οὐδ’
650 4139 721 4192 ’ἂν
760 4141 1059 4211 ἀναστῆσαι
1108 4143 1284 4197 αὐτῶν
1318 4146 1417 4216 τὴν
1454 4147 1680 4201 πτῶσιν.
1707 4148 1813 4211 Οὓς

260 4225 353 4297 γὰρ
382 4229 443 4281 σὺ
477 4232 506 4282 6
532 4230 701 4300 μέγας
730 4234 823 4285 καὶ
849 4233 1076 4305 φοϐερὸς
1109 4237 1201 4289 καὶ
1223 4236 1428 4300 δίκαιος
1458 4239 1649 4309 κρίτης
1671 4256 1813 4311 παρ-

262 4314 447 4385 έδωκας
510 4322 773 4393 ἀπωλείᾳ,
832 4324 915 4387 τίς
982 4326 1180 4398 ἰατρῶν
1237 4327 1607 4384 διασώσασθαι
1647 4330 1812 4403 δυνή-

1912 3406 2119 3471 didisti,
2148 3413 2205 3460 et
2235 3404 2504 3459 sustulisti
2541 3417 2706 3458 onme
2755 3402 3054 3458 masculum
3082 3417 3294 3457 eorum.
3324 3421 3343 3454 ι
3375 3400 3484 3459 Nos

1911 3496 2153 3567 quidem,
2187 3496 2286 3559 ait,
2314 3494 2389 3548 tui
2418 3508 2605 3549 sumus
2627 3532 2644 3560 ,
2672 3494 2896 3548 Domine
2917 3535 2933 3560 ,
2968 3502 3023 3548 et
3051 3502 3105 3547 tu
3135 3502 3321 3550 nostra
3355 3508 3485 3563 pos-

1911 3590 2087 3646 sessio
2117 3602 2213 3661 es;
2247 3586 2342 3655 qui
2377 3592 2506 3640 vero
2533 3600 2655 3641 sese
2687 3586 2927 3655 peccatis
2954 3586 3021 3657 ad
3066 3596 3298 3641 mortem
3327 3586 3491 3641 dedi-

1912 3681 2127 3747 derunt,
2193 3679 2425 3748 ideoque
2477 3677 2764 3732 animabus
2830 3681 3029 3733 mortui
3085 3688 3211 3734 sunt

1916 3791 1936 3826 ι
1963 3774 2143 3827 anima
2161 3787 2279 3843 qua:
2300 3771 2628 3842 peccaverit,
2662 3771 2774 3840 ipsa
2796 3772 3056 3826 morietur
3080 3789 3092 3823 :
3114 3789 3134 3822 ι
3160 3771 3487 3842 promissam

1912 3865 2113 3921 sanctis
2145 3873 2404 3918 retentam
2437 3863 2601 3915 vitam
2635 3877 2740 3915 non
2774 3861 3053 3924 videbunt.
3086 3875 3259 3932 neque
3287 3860 3487 3916 medici

1911 3959 2275 4026 undecunque
2320 3956 2583 4011 accedant
2621 3955 2811 4026 judicii
2885 3963 3166 4025 tempore,
3228 3965 3487 4024 poterunt

1914 4051 2046 4123 ipsis
2074 4064 2229 4120 Opettt
2260 4050 2325 4103 ad
2358 4048 2587 4103 salutem
2630 4037 2879 4102 conferre
2902 4085 2920 4112 ,
2952 4062 3124 4117 neque
3150 4061 3243 4101 eos
3266 4047 3335 4101 ab
3363 4048 3483 4101 exi-

1914 4145 1989 4199 tio
2017 4143 2301 4199 suscitare.
2334 4140 2390 4196 Si
2421 4142 2641 4211 quidem
2670 4154 2807 4207 quos
2838 4149 2891 4194 tu
2917 4180 2932 4204 ,
2963 4156 3189 4211 magne,
3224 4140 3484 4195 terribilis

1913 4246 1969 4291 et
2007 4236 2153 4306 juste
2181 4234 2354 4291 Judcx
2386 4274 2401 4299 ,
2431 4234 2689 4304 perniciei
2739 4234 3007 4289 tradidisti
3035 4275 3049 4298 ,
3082 4234 3204 4303 quis
3234 4233 3481 4289 medicus

1913 4340 2129 4384 servare
2157 4328 2351 4398 poterit
2374 4327 2398 4380 ’ἒ

3280 3696 3295 3733 ζ
3358 3693 3482 3733 nam
3530 3722 3542 3729 .

263 4421 394 4462 σεται
413 4429 426 4475 ;

327 4518 345 4551 ι
375 4502 471 4556 Διά
495 4503 649 4557 τοῦτο
680 4507 962 4578 ἀπήγαγες
988 4508 1081 4560 καὶ
1105 4508 1409 4573 ἀπώλεσας,
1434 4514 1526 4565 καὶ
1544 4508 1578 4584 ἦ
1587 4531 1683 4585 ρας
1703 4516 1806 4568 πᾶν

1994 4526 2011 4560 ι
2052 4506 2175 4562 ideo
2206 4506 2476 4562 abduxisti
2511 4516 2565 4561 et
2596 4508 2915 4575 perdidisti,
2956 4516 3011 4563 et
3040 4506 3301 4570 sustulisti
3326 4522 3487 4562 omne

264 4587 409 4658 ἄρσεν
476 4595 669 4650 αὐτῶν.
712 4615 731 4648 ι
789 4598 932 4651 Ἀντὶ
992 4598 1051 4651 δὲ
1109 4598 1227 4663 τοῦ,
1285 4618 1305 4650 ι
1362 4601 1454 4653 καὶ
1510 4598 1650 4673 ἦρας
1703 4606 1806 4658 πᾶν

1918 4597 2218 4653 masculum
2266 4613 2474 4652 eorum.
2524 4616 2542 4649 ι
2577 4596 2683 4651 Pro
2714 4598 2803 4652 illn
2834 4609 3013 4653 autem
3042 4637 3059 4659 ,
3092 4616 3111 4649 ι
3143 4609 3197 4653 et
3218 4600 3486 4653 sustulisti

265 4678 407 4749 ἄρσεν
444 4686 644 4749 αὐτῶν,
689 4706 707 4738 ι
754 4689 782 4741 6
820 4689 1131 4759 Σύμμαχος,
1174 4709 1192 4741 ι
1227 4692 1403 4743 πᾶσαν
1448 4693 1546 4762 τὴν
1592 4696 1806 4765 μνήμην

1916 4705 2076 4744 utune
2107 4690 2403 4743 masculum
2444 4704 2628 4743 eorum
2658 4730 2673 4754 ,
2717 4710 2735 4742 ι
2773 4682 3129 4761 Symmachus
3154 4730 3172 4754 .
3212 4708 3231 4742 ι
3268 4706 3481 4745 onmem

266 4774 423 4828 αὐτῶν
458 4794 469 4805 ·
503 4798 521 4828 ι
554 4779 652 4832 ὁδὲ
691 4780 1027 4850 Ἀκύλαςξκαὶ
1048 4781 1354 4845 Θεοδοτίων,
1391 4802 1409 4833 ι
1450 4787 1556 4838 πᾶν
1582 4787 1643 4839 τὸ
1675 4805 1806 4857 μνη-

1917 4782 2235 4837 memoriam
2289 4797 2506 4848 eorum;
2547 4802 2564 4834 ι
2603 4783 2797 4853 Aquila
2854 4798 2982 4838 vero
3027 4792 3085 4838 et
3132 4782 3432 4839 Theodotio
3468 4826 3483 4849 ,

270 4864 480 4933 μόσυνον
516 4870 693 4921 αὐτῶν
728 4891 745 4923 ι
767 4873 1139 4943 ἠρμῆνευσαν.
1166 4874 1312 4926 Ἔδει
1339 4874 1445 4946 γὰρ
1473 4879 1651 4929 πᾶσαν
1685 4880 1806 4949 μνή-

1922 4891 1942 4925 ι
1980 4888 2139 4929 omne
2172 4874 2482 4929 memoriale
2509 4890 2722 4939 eorum,
2760 4893 2780 4927 ι
2814 4876 3150 4946 interpretati
3182 4885 3330 4932 sunt.
3383 4876 3489 4930 Par

269 4970 359 5026 μην
389 4958 589 5021 κακίας
631 4960 859 5031 ἀρθῆναι
901 4963 1040 5016 κατά
1088 4964 1174 5017 τὸν
1195 4965 1520 5035 δηλούμενον
1570 4970 1667 5038 τῆς
1700 4972 1806 5039 κρί⁴

1914 4976 2031 5021 erat
2061 4968 2203 5021 enim
2237 4977 2537 5022 memorato
2581 4967 2768 5036 judicii
2805 4979 3047 5039 tempore
3071 5008 3085 5033 ,
3116 4984 3334 5024 omnem
3387 4985 3489 5024 ne-

271 5060 385 5151 εεως
443 5051 651 5120 καιρόν.
694 5053 755 5105 Εἰ
805 5053 861 5105 δὲ
903 5053 1131 5121 λέγοιτο,
1166 5075 1183 5106 ι
1217 5058 1325 5109 πᾶν
1362 5058 1526 5127 ἄρσεν
1557 5060 1755 5125 αὐτῶν,
1796 5080 1806 5113 l

1916 5059 2098 5124 quitia:
2134 5060 2454 5113 memoriam
2482 5061 2549 5114 de
2579 5060 2755 5114 medio
2782 5060 2917 5114 tolli.
2956 5060 3108 5127 Quod
3141 5061 3187 5115 si
3216 5063 3485 5126 dicamus,
3510 5090 3531 5113 δ

275 5137 449 5211 πολλὴν
480 5142 687 5208 εἰσάγει
710 5143 806 5212 τὴν
826 5144 1230 5217 φιλανθρωπίαν
1262 5149 1290 5200 6
1320 5148 1474 5216 λόγος
1494 5166 1508 5179 '
1546 5150 1619 5213 ὡς
1642 5153 1806 5205 aint?»

1922 5168 1941 5201 ε
1971 5166 2133 5205 omne
2169 5151 2467 5205 masculum
2502 5166 2715 5216 eorum,
2759 5170 2777 5204 ι
2812 5167 3063 5221 magnam
3113 5168 3292 5209 sermo
3341 5168 3485 5222 pra:-

272 5227 353 5293 μὲν
374 5232 768 5303 ήμαρτηκὸτων
808 5235 883 5306 μὴ
927 5236 1227 5305 μελλόντων
1258 5240 1631 5310 ἀφανίζεσθαι,
1683 5245 1806 5314 μηδι

1919 5242 2023 5298 fert
2061 5246 2475 5309 humanitatem,
2528 5246 2685 5315 quasi
2714 5245 2923 5301 scilicet
2949 5262 3055 5303 non
3087 5247 3188 5317 ipsi
3224 5257 3479 5317 peccato—

272 5321 338 5433 εἰς
353 5325 412 5377 τὺ
426 5326 684 5388 παντελὲς
708 5328 1033 5383 ἀπόλλυσθαι
1052 5348 1065 5360 ·
1099 5331 1206 5384 τῶν
1224 5332 1281 5386 δὲ
1298 5336 1647 5405 γεννημάτων
1673 5336 1806 5390 οὕτω

1921 5352 2012 5391 res
2037 5336 2250 5391 delendi
2279 5353 2343 5392 ae
2387 5336 2629 5392 funditus
2679 5338 2934 5407 perdendi
2965 5341 3099 5405 sint,
3148 5339 3241 5393 sed
3290 5352 3482 5391 eorum

272 5410 631 5519 *δηλουμένωνὶ
665 5412 740 5471 ὧν
876 5421 1020 5493 ψυχή
1069 5423 1248 5477 αὐτῶν
1303 5427 1597 5498 γεγέννηκε
1664 5428 1806 5497 λογι-

1920 5429 2059 5482 fems
2084 5466 2100 5492 ,
2136 5441 2272 5497 quos
2316 5443 2503 5483 eorum
2536 5429 2714 5482 anima
2748 5429 2958 5499 peperit
2982 5467 2999 5493 ,
3055 5428 3207 5484 mala:
3232 5426 3495 5483 videlicet

274 5508 402 5570 τμῶν
423 5508 695 5577 πονηρῶν,
722 5508 924 5564 τούτων
951 5515 1253 5585 ἀφανισμὸν
1272 5516 1593 5588 γενήσεσθαί
1622 5535 1806 5590 φησιν.

1917 5518 2291 5590 cogitationes,
2324 5520 2391 5576 de
2426 5521 2603 5576 medio
2628 5519 2874 5576 tollenda
2901 5520 3030 5575 sint.
3456 5511 3460 5513 Α

324 5702 358 5733 ι’
392 5705 573 5761 Halth.
616 5722 745 5761 xxv.
781 5708 866 5763 Η.
