4120 6294
3665 80 4055 150 Ἰ

610 354 724 413 επ
1281 353 1549 414 EUSEBII
1587 355 2052 417 CESARIENSIS
2082 358 2232 417 OPP.
2267 359 2450 417 PARS
2484 358 2575 416 III.
2611 387 2683 402 --
2713 353 3124 416 EXEGETICA.
3707 350 3830 414 978

687 467 854 529 τω.
897 469 967 528 ts
993 509 1010 536 ,
1051 469 1143 531 16.
1178 491 1198 526 ι
1236 472 1384 530 Adde
1407 474 1488 530 eis
1514 474 1650 530 mala
1675 515 1693 542 ,
1742 475 1964 533 Domine
1985 517 2001 541 ,
2029 476 2156 532 adde

2336 493 2360 530 s
2386 474 2626 548 Πρόσθες
2656 476 2837 539 αὐτοῖς
2868 472 3034 538 κακὰ,
3058 472 3252 544 Κύριε,
3283 470 3516 543 πρόσθες
3544 469 3692 530 κακὰ
3718 472 3834 536 τοῖς

619 565 756 622 mala
797 563 1044 636 gloriosis
1093 573 1270 622 terra.
1317 565 1543 622 Domine
1565 606 1582 632 ,
1622 567 1676 623 in
1706 569 2049 624 tribulatione
2081 582 2164 624 re-

616 653 819 711 cordati
850 670 1037 711 sumus
1065 655 1139 710 tui
1177 677 1190 711 :
1226 656 1278 710 in
1311 656 1658 714 tribulatione
1683 673 1846 731 parva
1873 660 2162 732 disciplina

615 752 710 799 tua
735 744 911 800 nobis.
951 764 971 796 ι
1005 745 1265 813 Quoniam
1296 745 1616 804 universalis
1635 747 1826 819 judicii
1849 750 2021 806 locum
2044 766 2165 807 con-

614 833 906 904 temptatur
933 833 1214 904 propheta,
1244 849 1341 890 ceu
1367 833 1573 905 judicio
1603 851 1860 908 prasens,
1902 853 1965 895 ac
1991 840 2161 896 tribu-

615 922 728 978 nali
761 923 853 979 Dei
901 934 1119 991 astans;
1156 937 1254 994 pro
1279 924 1592 982 conditione
1614 942 1792 983 rerum
1819 943 1953 998 quas
1980 931 2160 997 videt,

611 1014 773 1070 modo
803 1014 1107 1078 conlitetur,
1134 1018 1296 1072 modo
1323 1024 1596 1086 precatur,
1627 1020 1786 1074 modo
1810 1021 2011 1091 gratias
2031 1021 2158 1092 agit,

611 1118 736 1160 mox
759 1103 934 1174 dignis
965 1118 995 1157 a
1027 1104 1137 1159 Deo
1170 1120 1269 1176 pro
1316 1107 1508 1162 merito
1541 1095 1746 1164 dandas
1779 1110 2162 1167 retributiones

610 1200 847 1248 enarrat.
893 1192 1017 1263 Hac
1065 1209 1230 1266 porro
1259 1197 1440 1252 omnia
1491 1198 1647 1253 nobis
1676 1214 1773 1268 per
1825 1197 2160 1272 Scripturam

610 1296 761 1338 suam
787 1282 963 1352 oﬂert,
998 1293 1058 1339 ut
1085 1286 1446 1353 instituamur,
1475 1289 1651 1344 edocti
1683 1291 1863 1345 omnia
1899 1305 2017 1362 qua
2048 1291 2162 1363 ipse

606 1385 680 1429 ex
707 1373 872 1430 divini
901 1376 1134 1445 Spiritus
1162 1377 1517 1435 illustrations
1562 1392 1806 1437 noverat.
1855 1381 1922 1437 Et
1970 1397 2111 1439 nunc
2137 1421 2158 1448 ,

610 1464 784 1539 inquit
807 1507 823 1533 ,
862 1467 1124 1536 Domine,
1156 1484 1280 1526 cum
1312 1480 1523 1543 tempus
1556 1473 1806 1537 adesset,
1850 1473 1905 1528 in
1937 1482 2158 1545 angusta

614 1567 673 1614 et
700 1566 849 1614 arcta
877 1562 961 1614 via
1000 1559 1326 1624 incedentes,
1343 1573 1441 1632 pro
1462 1562 1658 1631 pietate
1681 1564 2155 1620 concertabamus:

609 1663 797 1707 verum
845 1650 899 1706 in
932 1647 1216 1706 afﬂictione
1263 1649 1356 1706 illa
1389 1689 1406 1715 ,
1458 1666 1792 1723 nequaquam
1821 1669 2036 1711 eramus
2083 1655 2158 1711 tui

608 1742 952 1798 immemores
981 1757 1000 1798 :
1029 1740 1122 1797 sed
1147 1743 1520 1800 recordatione
1557 1745 1633 1799 tui
1673 1746 2009 1802 corroborati
2065 1762 2160 1817 pa-

2263 567 2492 633 ἐνδόξοις
2515 567 2613 638 τῆς
2638 567 2763 637 γῆς.
2791 567 2983 638 Κύριε,
3023 566 3081 618 εν
3112 563 3287 634 θλίψει
3316 561 3667 635 ἐμνήσθημεν
3697 578 3831 617 σουο

2261 658 2321 710 ιν
2346 656 2519 726 θλίψει
2562 657 2736 726 μικρᾷ
2778 657 2812 726 ή
2848 653 3063 709 παιδεία
3107 670 3200 707 σου
3244 655 3396 725 ήμῖν.
3429 672 3450 707 s
3489 652 3703 724 Ἐπειδὴ
3739 652 3837 706 τὸν

2262 746 2391 819 περὶ
2419 747 2519 818 τῆς
2544 744 2774 798 καθόλου
2805 747 3036 817 κρίσεως
3061 745 3224 799 τόπον
3251 743 3444 814 θεωρεῖ
3470 746 3499 798 δ
3523 745 3834 816 προφήτης,

2260 838 2460 893 ὡσανεὶ
2513 836 2701 909 παρὼν
2753 841 2819 908 τῇ
2861 837 3056 909 κρίσει,
3089 836 3184 890 καὶ
3221 836 3298 906 τῷ
3331 836 3536 907 βήματι
3567 834 3660 890 τοῦ
3692 833 3833 890 Θεοῦ

2260 927 2566 1002 παρεστὼς,
2594 929 2680 999 ἐφ’
2699 923 2780 992 οἷς
2805 931 2930 1001 ὁρᾷ,
2958 928 3086 982 ποτε
3111 927 3209 999 μὲν
3240 927 3660 999 ἐξομολογεῖται,
3698 925 3834 980 ποτε

2259 1019 2317 1073 δὲ
2351 1019 2599 1086 ἱκετεύει,
2626 1020 2759 1073 ποτὲ
2784 1019 2840 1072 δι
2860 1019 3186 1090 εὐχαριστεῖ,
3209 1017 3338 1071 ποτὲ
3362 1018 3420 1072 δι
3440 1017 3537 1083 τὰς
3563 1015 3835 1088 ἀποθησο-

2263 1110 2428 1181 μένας
2471 1109 2574 1163 ὑπὸ
2618 1109 2713 1163 τοῦ
2759 1107 2895 1163 Θεοῦ
2929 1106 3161 1179 ἀμοιϐὰς
3194 1107 3307 1170 τοῖς
3337 1105 3507 1173 ἀξίοις
3537 1091 3829 1179 δῖἑρχεται.

2259 1201 2442 1256 Πάντα
2478 1201 2535 1254 δὲ
2580 1199 2750 1254 ταῦτα
2773 1199 2860 1254 διὰ
2889 1199 2988 1271 τῆς
3015 1197 3179 1254 αὑτοῦ
3205 1197 3426 1270 Γραφῆς
3454 1199 3549 1252 καὶ
3571 1200 3703 1269 ἡμῖν
3728 1212 3833 1251 πα-

2261 1292 2561 1365 ραδίδωσιν,
2608 1291 2684 1355 ὡς
2733 1291 2800 1345 ἂν
2837 1289 3233 1361 παιδευοίμεθα
3265 1288 3636 1360 διδασκόμενοι
3666 1287 3829 1345 πάνθ’

2257 1381 2357 1435 ὅσα
2409 1382 2503 1434 καὶ
2552 1380 2714 1443 αὐτὸς
2761 1378 2827 1433 ὲκ
2865 1380 2966 1450 τῆς
3009 1377 3106 1432 τοῦ
3147 1376 3291 1432 θείου
3337 1377 3654 1450 Πνεύματος
3704 1380 3833 1434 επε-

2258 1471 2514 1542 λὰμψεως
2530 1469 2688 1540 ἔγνω.
2715 1470 2827 1524 Καὶ
2850 1469 2945 1524 νῦν
2975 1465 3091 1534 οὖν,
3121 1467 3304 1539 φησὶν,
3330 1467 3419 1522 ὅτε
3443 1467 3632 1540 καιρὸς
3656 1463 3749 1540 ἦν,
3778 1461 3831 1524 ὦ

2258 1563 2451 1635 Κύριε,
2483 1562 2580 1636 τὴν
2631 1561 2822 1632 στενὴν
2866 1560 2961 1615 καὶ
3003 1560 3103 1632 τήν
3145 1557 3510 1630 τεθλιμμένην
3552 1558 3829 1624 ὁδεύοντες

2260 1653 2398 1726 ὑπὲρ
2417 1654 2516 1725 τῆς
2539 1651 2820 1715 εὐσεϐείας
2843 1651 3246 1723 ἠγωνιζόμεθαο
3275 1650 3415 1723 πλὴν
3439 1650 3534 1705 καὶ
3559 1652 3620 1705 εν
3637 1650 3824 1724 εκείνη

2257 1743 2326 1812 τῇ
2362 1739 2536 1811 mw
2570 1741 2672 1794 οὐκ
2721 1736 2864 1813 ἥμιν
2921 1756 3015 1793 σου
3056 1740 3398 1812 ἀμνήμονες·
3445 1741 3537 1795 ὑπ’
3570 1739 3828 1813 αὐτῆςᾶ

608 1832 802 1888 tienter
851 1831 1176 1899 ferebamus,
1220 1834 1297 1889 ita
1327 1843 1388 1889 ut
1411 1833 1748 1900 diceremus,
1783 1853 1804 1887 ι
1838 1834 2156 1894 Tribulatio-

2257 1833 2356 1902 τῆς
2399 1834 2497 1905 σῆς
2545 1834 2764 1905 μνήμης
2797 1833 3188 1904 δυναμούμενοι
3239 1832 3522 1907 καρτιρῶς
3559 1833 3830 1906 ὑπεμένο-

607 1937 732 1978 nem
763 1923 1051 1995 patientes,
1083 1923 1181 1981 sed
1206 1939 1315 1980 non
1363 1924 1659 1996 angustiati
1686 1941 1703 1992 ;
1728 1927 2158 1996 persecutionem

606 2013 864 2082 ferentes,
892 2016 985 2073 sed
1011 2029 1117 2071 non
1141 2015 1414 2084 derelicti;
1448 2015 1661 2086 deiecti,
1690 2015 1786 2073 sed
1825 2031 1946 2072 non-
1978 2019 2158 2088 perdi-

609 2103 651 2160 ti
673 2104 738 2160 “.
768 2123 788 2158 s
821 2102 933 2160 liae
961 2119 1092 2176 ergo
1111 2103 1428 2161 calamitate
1451 2105 1750 2174 erudimur,
1779 2106 2010 2164 scientes
2032 2107 2160 2178 quia

609 2207 773 2267 quem
801 2193 975 2268 diligit
1003 2195 1166 2262 Deus,
1185 2195 1432 2267 castigat.

675 2373 844 2431 Vna.
872 2374 959 2444 t'l,
986 2376 1074 2432 l8.
1105 2394 1127 2430 ι
1161 2375 1229 2432 Et
1253 2376 1396 2434 sicut
1431 2377 1747 2447 parturiens
1772 2379 2163 2450 appropinquat

607 2467 675 2522 ad
696 2475 932 2538 partum,
954 2477 1008 2523 et
1031 2468 1086 2523 in
1114 2468 1300 2525 dolore
1325 2484 1425 2525 suo
1451 2469 1682 2524 clamat:
1713 2470 1793 2525 sic
1817 2468 1944 2524 facti
1975 2484 2161 2526 sumus

605 2554 814 2615 Dilecto
835 2565 948 2614 tuo.
974 2556 1199 2627 Propter
1225 2557 1466 2614 timorem
1494 2568 1665 2623 tuum,
1689 2558 1928 2618 Domine.
1961 2558 2022 2614 in
2041 2568 2161 2616 ute-

605 2659 674 2702 ro
697 2648 1041 2737 accepimus,
1072 2658 1130 2705 et
1157 2650 1540 2720 parturirimus
1564 2693 1582 2719 ,
1620 2662 1676 2709 et
1702 2652 2006 2724 peperimus
2046 2655 2155 2737 spi-

605 2735 772 2792 ritum
790 2735 980 2794 salutis
1004 2747 1108 2794 tua
1127 2779 1143 2803 ,
1175 2754 1333 2810 quem
1365 2741 1591 2799 fecimus
1619 2743 1674 2799 in
1717 2751 1880 2799 terra.
1922 2742 2036 2800 Non
2067 2735 2160 2801 ca-

605 2825 817 2895 demus,
840 2827 935 2884 sed
959 2829 1152 2886 cadent
1173 2845 1360 2888 omnes
1382 2832 1712 2892 habitatores
1739 2843 1917 2891 terra.
1943 2855 1962 2889 ι
1982 2834 2160 2905 Quare

605 2935 818 2978 omnem
844 2921 1079 2981 laborem
1105 2926 1456 2993 sustinentes,
1487 2927 1689 2984 similes
1711 2943 1928 2986 eramus
1948 2929 2156 2986 mulieri

605 3011 923 3080 parturienti
949 3050 966 3076 ,
1004 3021 1058 3069 et
1085 3012 1377 3070 clamorem
1408 3018 1712 3086 emittenti,
1759 3020 1884 3089 quia
1914 3019 1992 3085 id,
2016 3021 2158 3091 quod

605 3100 661 3155 in
688 3110 876 3157 ventre
907 3113 1174 3172 movetur,
1205 3104 1261 3160 in
1289 3105 1460 3163 lucent
1481 3107 1707 3164 enixura
1735 3119 1819 3166 est
1848 3127 1862 3165 :
1896 3111 2044 3168 itaet
2059 3125 2157 3167 nos

603 3199 852 3260 respectu
881 3189 1070 3249 Dilecti
1117 3195 1191 3250 tui
1237 3195 1436 3252 fuimus
1467 3215 1482 3252 :
1514 3213 1637 3254 nam
1668 3201 2000 3271 unigenitum
2023 3202 2158 3259 Ver-

606 3278 730 3335 bum
763 3289 910 3337 tuum
943 3283 1086 3338 intus
1108 3284 1163 3339 in
1190 3285 1368 3342 anima
1391 3287 1672 3356 habentes,
1699 3305 1911 3348 necnon
1937 3293 2155 3350 insitum

533 3412 536 3415 .
603 3370 702 3427 abs
750 3381 805 3429 te
849 3374 1005 3429 nobis
1032 3374 1269 3432 divinum
1320 3378 1607 3446 timorem,
1658 3395 1721 3436 ac
1749 3395 2157 3452 perseveranter

602 3459 860 3528 ferentes,
890 3479 995 3520 non
1032 3480 1128 3535 spe
1151 3465 1286 3537 lapsi
1313 3483 1540 3537 sumus;
1579 3473 1674 3527 sed
1700 3475 2005 3543 peperimus
2042 3475 2155 3548 spi-

604 3551 768 3606 ritum
795 3552 1006 3609 salutis.
1045 3553 1176 3610 Nam
1225 3555 1348 3613 linis
1384 3558 1476 3614 ille
1529 3558 1718 3616 Dilecti
1751 3563 1826 3617 tui
1860 3573 1916 3619 et
1947 3564 2156 3620 timoris

603 3641 719 3710 eius
742 3650 950 3713 partus,
985 3643 1206 3716 spiritus
1235 3649 1404 3703 nostri
1434 3657 1579 3707 satus
1603 3660 1757 3717 erat;
1797 3667 1955 3724 quem
1991 3656 2152 3725 spiri-

605 3741 719 3786 tum
750 3740 810 3787 ut
836 3733 1123 3798 edidimus.
1159 3736 1408 3794 omnibus
1433 3739 1620 3796 orbem
1669 3741 2028 3800 incolentibus
2052 3745 2154 3801 lio-

603 3821 840 3878 minibua
864 3833 1047 3880 notum
1078 3825 1331 3894 fecimus;
1375 3839 1432 3885 ut
1475 3839 1533 3887 et
1572 3831 1674 3901 ipsi
1711 3833 1840 3890 hinc
1860 3835 2056 3904 cdocti,
2086 3850 2156 3893 ex

604 3913 942 3970 aemulatione
974 3918 1306 3984 parturieudi
1344 3935 1374 3974 a
1405 3918 1600 3979 timore
1652 3933 1744 3979 tuo
1767 3964 1784 3992 ,
1813 3934 1870 3981 et
1912 3928 2153 3998 pariendi

604 4001 848 4057 eumdem
901 4004 1183 4073 spiritum,
1233 4008 1516 4066 utilitatem
1553 4013 1874 4084 percipiant.
1936 4015 2152 4072 Etenim

604 4091 696 4161 qui
725 4092 866 4148 hunc
895 4093 1083 4152 salutis
1129 4097 1376 4167 spiritum
1426 4117 1531 4158 non
1562 4106 1950 4176 conceperint,
1981 4122 2155 4180 neque

604 4184 930 4252 pepererint,
954 4199 1076 4240 cum
1101 4185 1337 4258 alioquin
1360 4191 1575 4247 steriles
1597 4201 1652 4248 ct
1680 4192 2000 4252 infructuosi
2023 4199 2151 4264 sint,

603 4289 634 4327 a
664 4286 761 4344 spe
803 4275 858 4329 in
889 4284 941 4330 te
969 4277 1202 4347 reposita
1241 4279 1490 4335 excident
1532 4299 1546 4336 :
1593 4283 1685 4351 qui
1725 4293 1903 4340 autem
1940 4301 2008 4344 es
2031 4301 2156 4358 por-

604 4364 747 4420 tione
775 4375 865 4422 tua
896 4378 1023 4424 sunt
1045 4409 1062 4435 ,
1105 4370 1307 4440 quique
1331 4383 1551 4443 propter
1581 4383 1635 4428 te
1672 4389 2029 4433 aerumnarum
2057 4394 2152 4450 ge-

2261 1936 2391 1992 μενο
2413 1920 2551 1976 ὥστε
2575 1921 2753 1991 λέγειν
2813 1939 2833 1974 ε
2859 1919 3193 1994 Θλιεόμενοι,
3227 1920 3342 1976 ἀλλ’
3377 1922 3440 1976 οὐ
3465 1921 3828 1994 στενοχωρούο

2261 2029 2442 2084 μενοι·
2463 2012 2796 2086 διωκόμενοι.
2814 2012 2927 2067 ἀλλ’
2952 2013 3051 2067 οὐκ
3071 2012 3667 2085 εγκαταλιμπανόμενοι
3685 2029 3702 2046 ³
3723 2029 3832 2070 καρ

2256 2101 2666 2176 ταθαλλόμενοι,
2703 2102 2818 2158 ἀλλ’
2857 2104 2966 2182 οὐκ,
2991 2101 3365 2175 ἀπολλύμενοι.
3418 2118 3438 2156 s
3477 2105 3577 2160 Διά
3621 2104 3828 2176 ταύτης

2255 2192 2388 2263 γοῦν
2413 2193 2516 2265 τῆς
2537 2193 2769 2265 θλίψεως
2788 2193 3174 2266 παιδευόμεθα,
3197 2195 3417 2260 ειδότες,
3441 2194 3525 2250 δτι
3545 2194 3608 2250 δν
3631 2196 3824 2268 ἀγαπᾷ

2257 2283 2478 2356 Κύριος,
2504 2283 2766 2340 παιδεύει.

2332 2392 2353 2425 ι
2380 2372 2491 2428 Καὶ
2517 2373 2594 2438 ὥς
2627 2377 2662 2448 ή
2696 2374 2962 2430 ὠδίνουσα
2991 2374 3196 2444 ἐγγίζει
3236 2373 3332 2430 τοῦ
3363 2378 3560 2441 τεκεῖν,
3596 2374 3690 2432 καὶ
3724 2375 3822 2430 επὶ

2256 2466 2322 2536 τῇ
2378 2463 2525 2519 ὠδῖνι
2563 2465 2734 2537 αὐτῆς
2775 2466 3072 2538 ιγρέκραγεν
3096 2483 3111 2498 ·
3158 2465 3331 2530 οὕτως
3380 2467 3713 2540 ἐγενήθημεν
3741 2466 3825 2540 τῷ

2267 2557 2559 2629 ’Δγαπητῷ
2580 2573 2694 2613 σου.
2721 2557 2822 2614 Διὰ
2852 2559 2943 2612 τὸν
2971 2556 3133 2629 φόϐον
3166 2575 3281 2624 σου,
3309 2550 3502 2631 Κύριε,
3533 2560 3594 2612 εν
3623 2557 3828 2631 γαστρὶ

2257 2646 2540 2720 ἐλάϐομεν,
2563 2648 2658 2704 καὶ
2688 2647 3047 2722 ὦδινήσαμεν,
3069 2649 3163 2704 καὶ⁵
3191 2649 3451 2721 ιτικομεν
3475 2648 3690 2721 πνεῦμα
3714 2665 3828 2704 σω-

2254 2738 2448 2811 τηρίας
2476 2755 2594 2802 σου,
2630 2737 2662 2792 δ
2689 2739 3020 2812 ἐποιήσαμεν
3043 2739 3135 2794 επὶ
3165 2739 3266 2811 τῆς
3293 2740 3415 2811 τῆς.
3445 2740 3522 2794 ού

2255 2825 2345 2894 θα,
2398 2826 2535 2883 ἀλλὰ
2583 2827 2869 2884 πεσοῦνται
2912 2830 3111 2894 πάντες
3148 2830 3199 2884 οί
3218 2827 3552 2895 ἐνοικοῦντες
3589 2829 3684 2885 επὶ
3715 2829 3824 2903 τῆς

2256 2921 2377 2992 γῆς.
2415 2938 2437 2974 ι
2465 2920 2556 2975 Διὸ
2591 2921 2770 2977 πάντα
2805 2922 2964 2978 πόνον
3005 2922 3383 2994 ὑπομένοντες,
3415 2923 3653 2989 ιοικότες
3675 2918 3824 2995 ἦμεν

2254 3011 2519 3088 ὼδινούσῃ
2561 3013 2800 3083 γυναικὶ,
2847 3016 2944 3070 καὶ
2991 3013 3120 3088 βοὰς
3155 3014 3388 3090 ἀφιούσῃ
3433 3015 3561 3089 περὶ
3589 3015 3720 3070 αὐτὸ
3757 3014 3826 3072 τὸ

2264 3103 2476 3176 μελλειν
2510 3105 2574 3160 τὸ
2600 3105 2742 3162 κατὰ
2766 3107 3002 3179 γαστρὸς
3029 3108 3342 3181 κινούμενον
3389 3110 3472 3174 εις
3523 3107 3640 3180 φῶς
3685 3124 3825 3182 προ-

2255 3195 2443 3265 άγεινθ
2469 3195 2612 3252 οὕτω
2647 3197 2756 3272 γὰρ
2788 3199 2884 3254 καὶ
2907 3199 3066 3271 ήμεῖς
3089 3199 3316 3273 ἐγενήθη
3338 3198 3530 3272 μὲντῷ
3556 3198 3635 3273 σῷ
3660 3200 3828 3270 Ἅγα-

2255 3285 2446 3359 πητῷ·
2472 3288 2563 3342 τὸν
2596 3287 2705 3360 γὰρ
2741 3291 2999 3363 μονογενῆ
3035 3306 3128 3344 σου
3151 3291 3321 3361 Λόγον
3343 3291 3495 3346 ῖνδον
3523 3291 3734 3364 ἔχοντες
3757 3293 3822 3347 εν

2253 3381 2320 3449 τῇ
2357 3378 2564 3433 ἑαυτῶν
2596 3379 2765 3452 ψυχῇ,
2799 3382 2894 3435 καὶ
2922 3381 3012 3436 τὸν
3035 3383 3100 3436 ὲκ
3129 3383 3223 3437 σοῦ
3244 3383 3658 3454 κατασπαρέντα
3683 3385 3827 3457 ἡμῖν

2255 3466 2433 3522 ἔνθεον
2462 3467 2644 3537 φόδον,
2670 3470 2764 3523 καὶ
2793 3469 2857 3542 δὴ
2886 3472 3339 3543 καρτερήσαντες,
3376 3472 3477 3526 οὐκ
3507 3472 3822 3543 ἑσφάλημεν

2253 3559 2352 3630 τῆς
2378 3559 2609 3624 ἐλπίδος,
2638 3559 2754 3635 ἀλλ’
2780 3561 3037 3632 ετέκομεν
3065 3562 3279 3634 πνεῦμα
3313 3564 3608 3636 σωτηρίας.
3650 3563 3820 3629 Τέλος

2253 3649 2364 3722 γὰρ
2397 3651 2496 3723 τῆς
2516 3653 2760 3724 κυήσεως
2799 3652 2893 3706 τοῦ
2938 3654 3244 3725 Ἀγαπητοῦ
3275 3672 3367 3710 σου
3409 3657 3509 3710 καὶ
3528 3656 3622 3710 τοῦ
3647 3655 3817 3726 φόϐου

2255 3740 2419 3796 αὐτοῦ
2457 3743 2493 3814 ὴ
2524 3743 2764 3816 σωτηρία
2785 3739 2854 3816 ἦν
2872 3744 2967 3798 τοῦ
2994 3746 3258 3819 ήμετίρου
3287 3747 3616 3820 πνεύματος.
3637 3747 3820 3823 ὀπερ

2255 3834 2718 3905 ἁπογεννήσαντες
2773 3838 3003 3909 φανερὸν
3063 3841 3473 3913 κατεστήσαμεν
3514 3842 3648 3895 πᾶσι
3701 3843 3821 3906 τοῖς

2256 3924 2349 3979 επὶ
2377 3925 2476 3996 τῆς
2507 3926 2610 3998 γῆς
2636 3928 2974 3983 κατοικοῦσιν
3004 3930 3329 4003 ἀνθρώποις,
3351 3931 3428 3997 ὡς
3449 3932 3516 3987 ἂν
3544 3932 3637 3987 καὶ
3664 3932 3823 3988 αὐτοὶ

2260 4014 2521 4086 μαθόντες
2565 4017 2891 4090 ὠφεληθεῖεν
2938 4021 3026 4074 διὰ
3067 4021 3162 4076 τοῦ
3203 4021 3443 4094 ζηλῶσαι
3485 4023 3687 4094 κυῆσαι
3720 4025 3821 4080 καὶ

2256 4105 2451 4172 αὐτοὺς
2482 4108 2589 4163 ἀπὸ
2610 4108 2705 4163 τοῦ
2738 4111 2924 4180 φόϐου,
2962 4113 3057 4168 καὶ
3084 4115 3370 4168 ἀποτεκεῖν
3401 4114 3464 4169 τδ
3497 4115 3628 4170 αὐτὸ
3653 4114 3822 4170 πνεῦ-

2259 4214 2352 4267 μα.
2399 4198 2461 4252 οι
2509 4199 2616 4271 γὰρ
2667 4202 2741 4273 μὴ
2792 4201 2951 4257 τοῦτο
2996 4203 3251 4278 λαϐόντες
3293 4205 3428 4278 μηδὲ
3463 4207 3712 4272 τεκόντες
3750 4206 3819 4262 τὸ

2257 4289 2472 4362 πνεῦμα
2501 4291 2602 4362 τῆς
2630 4293 2921 4366 σωτηρίας,
2953 4294 3129 4360 ἄλλως
3160 4295 3217 4350 δὲ
3248 4297 3430 4366 ἄγονοι
3454 4298 3548 4353 καὶ
3577 4299 3818 4371 ἄκαρποι

2257 4379 2549 4450 γενόμενοι,
2575 4383 2669 4436 καὶ
2689 4384 3045 4440 ἐκπεσοῦνται
3063 4389 3164 4458 τῆς
3188 4389 3338 4460 παρὰ
3371 4387 3466 4443 σοῦ
3499 4386 3708 4454 ἐλπίδος
3723 4407 3740 4423 ο
3763 4391 3817 4444 οι

603 4471 706 4512 nus
732 4472 892 4514 omne
915 4460 1150 4514 tolerant
1174 4501 1191 4526 ,
1220 4463 1430 4518 etiamsi
1468 4480 1640 4536 usque
1666 4467 1732 4522 ad
1761 4479 1988 4524 mortem
2017 4486 2150 4526 cou-

2257 4469 2312 4524 δὲ
2357 4487 2419 4540 γε
2450 4475 2549 4544 τῆς
2567 4473 2666 4545 σῆς
2701 4475 2914 4546 μερίδος
2935 4476 3110 4542 ὄντες,
3147 4481 3196 4533 οξ
3226 4478 3314 4532 διὰ
3347 4480 3405 4533 σε
3438 4481 3616 4535 πᾶσαν
3639 4480 3817 4553 θλίψιν

603 4557 684 4634 ιτα
715 4559 989 4618 peccatum
1023 4555 1457 4610 concertaverint
1479 4595 1496 4622 ,
1527 4572 1556 4608 a
1589 4557 1698 4613 vita
1725 4599 1741 4627 ,
1785 4574 1905 4629 qua:
1932 4565 2070 4634 apud
2101 4573 2153 4621 te

602 4617 706 4702 εει,
722 4617 1064 4708 nequaquam
1089 4642 1358 4698 labentur.

670 4813 836 4871 Vrsas.
865 4817 950 4875 l9.
1000 4837 1020 4871 ι
1056 4818 1356 4889 Resurgent
1389 4825 1629 4890 mortui,
1683 4836 1740 4880 et
1767 4826 2155 4882 excitabuntur

599 4912 693 4980 qui
723 4924 844 4968 sunt
879 4915 934 4968 in
961 4919 1326 4972 monumentis
1348 4960 1364 4985 ,
1390 4930 1448 4974 et
1473 4920 1802 4990 laetabuntur
1821 4922 1915 4993 qui
1943 4924 2148 4978 suntin

600 5013 744 5058 terra
775 5021 790 5058 :
821 5019 910 5060 ros
945 5007 1088 5060 enim
1119 5048 1136 5074 ,
1185 5009 1278 5078 qui
1309 5025 1336 5063 a
1373 5019 1427 5065 te
1452 5020 1536 5067 est
1561 5053 1575 5073 ,
1621 5013 1824 5068 medela
1854 5013 1986 5082 ipsis
2019 5023 2102 5067 est
2131 5031 2146 5067 :

601 5102 746 5148 terra
766 5102 944 5149 autem
976 5096 1260 5167 impiorum
1302 5101 1482 5155 cadet.
1538 5119 1558 5153 ι
1610 5102 1912 5172 liesnrgent
1952 5103 2150 5172 quippe

600 5185 832 5247 mortui;
856 5185 970 5240 sive
1002 5189 1293 5243 secundum
1322 5191 1590 5260 Aquilam,
1621 5210 1640 5243 ι
1675 5191 1868 5248 Vivent
1888 5194 1980 5265 qui
2003 5207 2148 5248 mor-

603 5277 676 5327 tui
730 5274 940 5342 fuerant
988 5277 1104 5346 tui;
1142 5296 1163 5332 ι
1202 5279 1317 5338 sive
1363 5284 1654 5338 secundum
1682 5283 2061 5357 Symmachum
2093 5294 2148 5340 ct

599 5361 1020 5424 Tbeodotionem
1044 5409 1060 5436 ,
1102 5388 1121 5421 ι
1159 5369 1350 5427 Vivent
1381 5376 1575 5429 mortui
1622 5375 1719 5430 tui.
1764 5394 1784 5430 ι
1822 5375 2018 5432 lortui
2050 5392 2145 5431 au-

601 5459 708 5506 tem
735 5454 851 5522 ejus
875 5457 1095 5527 quinam
1127 5459 1346 5526 fuerint,
1378 5463 1482 5518 nisi
1515 5463 1686 5520 sancti
1711 5465 1828 5533 ejus
1856 5475 2144 5536 martyres,

600 5541 694 5612 qui
725 5544 814 5600 alii
846 5560 877 5600 a
904 5547 1174 5617 pradictis
1194 5553 1420 5610 mortuis
1447 5563 1596 5622 sunt,
1622 5554 1688 5611 de
1712 5555 1910 5626 quibus
1939 5555 2142 5616 dictum

670 5718 714 5757 ⁸³
753 5717 792 5774 ll
822 5717 942 5776 Cor.
977 5738 1052 5790 tv,
1076 5723 1130 5782 9.

2259 4561 2662 4633 ὑπομείναντες,
2725 4567 2776 4619 εί
2835 4567 2928 4620 καὶ
2988 4567 3149 4640 μέχρι
3185 4569 3412 4623 θανὰτω
3461 4570 3819 4639 ἀγωνίσαιντο

2259 4654 2394 4724 πρὸς
2440 4654 2540 4726 τὴν
2587 4657 2876 4728 ἁμαρτίαν,
2929 4657 3178 4730 οὐδαμῶς
3225 4661 3321 4732 τῆς
3364 4662 3513 4734 παρὰ
3557 4663 3638 4716 σοὶ
3669 4659 3815 4734 ζωῆς

2257 4745 2673 4801 ἀποπεσοῦνται.

2332 4856 2351 4888 ι
2401 4839 2814 4910 Ἀναστήσονται
2839 4843 2889 4895 οί
2919 4843 3120 4914 νεκροὶ,
3161 4844 3253 4897 καὶ
3281 4845 3656 4917 ἐγερθήσονται
3677 4846 3726 4898 oi
3755 4848 3816 4900 εν

2254 4927 2364 5003 ῖοτς
2405 4929 2708 5000 μνημείοις,
2755 4933 2850 4985 καὶ
2891 4933 3348 5005 εὐφρανθήσονται
3397 4940 3445 4991 οῖ
3493 4938 3549 4991 ὲν
3597 4939 3661 5009 τῇ
3701 4941 3811 5011 τῇ·

2255 5017 2419 5090 ἡγὰρ
2453 5019 2639 5091 δρόσος
2672 5023 2705 5092 ή
2744 5024 2894 5094 παρὰ
2935 5022 3028 5076 σοῦ
3074 5026 3210 5097 ἴαμα
3244 5027 3426 5091 αὐτοῖς
3465 5041 3613 5081 εστιν
3635 5044 3650 5058 °
3691 5029 3723 5098 ἠ
3754 5027 3817 5084 δι

2254 5109 2324 5179 γῆ
2363 5108 2471 5162 τῶν
2506 5111 2716 5165 ἀσεϐῶν
2759 5118 3017 5170 πεσεῖται.
3069 5135 3088 5169 s
3151 5118 3567 5191 Ἀναστήσονται
3607 5118 3715 5192 γὰρ
3763 5121 3818 5175 οε

2252 5202 2451 5271 νεκροὶ,
2482 5202 2515 5272 ἦ
2544 5203 2686 5257 κατά
2712 5204 2802 5257 τὸν
2844 5206 3091 5272 ⁹Ἀκύλαν,
3133 5229 3151 5259 ι
3189 5210 3451 5280 Ζήσονται
3481 5211 3531 5264 οἱ
3580 5210 3813 5265 τεθνεῶ-

2251 5288 2341 5352 τές
2381 5306 2494 5355 σου,
2545 5310 2564 5342 s
2604 5293 2638 5362 ἢ
2678 5293 2818 5348 κατὰ
2855 5295 2946 5349 τὸν
2987 5296 3280 5369 Σύμμαχον
3321 5299 3417 5353 καὶ
3462 5298 3816 5365 Θεοδοτιωνα,

2256 5397 2276 5429 ε
2317 5381 2575 5452 Ζήσονται
2621 5386 2670 5436 oi
2704 5388 2884 5460 νεκροί
2930 5404 3045 5442 σου.
3079 5408 3098 5441 ι
3140 5389 3344 5462 Νεκροί
3383 5389 3440 5444 δὲ
3472 5389 3636 5444 αὑτοῦ
3667 5390 3816 5458 τίνες

2251 5467 2317 5521 ἂν
2347 5466 2475 5535 εἷεν,
2522 5472 2556 5544 ἢ
2602 5476 2650 5527 οἱ
2699 5474 2842 5546 ἅγιοι
2888 5478 3051 5533 αὐτοῦ
3103 5479 3396 5554 μάρτυρες,
3439 5479 3614 5554 lupo:
3659 5481 3815 5547 ὄντες

2254 5561 2404 5635 παρὰ
2432 5564 2556 5627 τοὺς
2593 5564 2872 5637 λεχθέντας
2901 5571 3146 5642 νεκροὺς,
3182 5573 3308 5644 περὶ
3339 5563 3414 5629 ὧν
3441 5571 3646 5646 εῖρητσ·
3682 5589 3705 5627 ε
3746 5572 3814 5628 οι
