4120 6294
231 338 349 395 απ

1169 321 1673 386 ΕΟΜΜΕΝΤΑΒΙΔ
1711 320 1779 377 IN
1816 318 2077 387 IVSAIAM.
2110 310 2203 362 ·-’
2227 315 2384 374 CAP.
2424 313 2615 373 XXVI.

3391 303 3499 358 278

238 452 308 508 δε
337 450 520 520 νεκροὶ
542 448 687 520 ζωὴν
716 449 780 501 ού
813 449 890 519 μὴ
921 446 1121 510 ἴδωσιν,
1149 444 1270 498 οὐδὲ
1304 444 1480 514 ιατροὶ
1506 442 1566 495 ού
1601 440 1675 511 μὴ
1708 438 1834 493 ἀνα-

1953 439 2128 503 “uerat,
2166 454 2185 488 ι
2228 431 2424 489 Mortni
2453 440 2636 487 autem
2682 427 2846 482 vitam
2873 438 2980 482 non
3016 421 3293 486 videbunt,
3325 436 3500 490 neque

250 543 584 613 στήσονται,
615 558 635 591 ι
680 538 822 591 Ἀλλ’
848 538 1044 590 ἐκεῖνοι
1073 536 1171 607 μὲν
1198 531 1339 605 ἦσαν
1370 533 1572 603 νεκροὶ,
1598 530 1669 583 τὰ
1694 529 1830 601 πρὸς

244 633 480 688 θάνατον
501 630 903 702 ἡμαρτηκότες,
936 630 983 681 oi
1013 627 1067 680 δὲ
1099 624 1281 696 νειιρο)⁸
1317 624 1415 705 τοῦ
1446 622 1651 694 Κυρίου
1683 621 1733 673 οἱ
1761 617 1827 672 δι’

242 724 416 777 αὑτὸν
448 724 627 776 πᾶσαν
657 719 838 788 θλίψιν
864 718 968 783 huc
999 717 1227 772 θάνατον
1259 713 1638 785 ὑπομένοντες.
1688 710 1832 764 ’Δντὶ

238 814 309 870 ει
333 812 455 878 τοῦ,
493 830 514 864 ε
555 810 961 883 εγερθήσονται,
1003 828 1021 861 ι
1058 810 1109 861 nl
1140 807 1320 861 λοιποὶ
1349 806 1719 877 ἠρμήνευσαν,
1757 802 1833 866 ὡς

242 905 634 977 κοιμηθέντων
664 900 865 966 αὐτῶν,
898 903 1018 972 οὐχὶ
1062 900 1121 955 δι
1158 896 1489 954 τεθνεώτων.
1524 896 1614 949 Διὸ
1657 896 1687 948 6
1725 892 1833 947 τῶν

243 996 429 1066 ἁγίων
458 994 688 1058 θάνατος
732 994 986 1065 κοίμησις
1018 990 1362 1063 ὀνομάζεται.
1401 984 1732 1050 ’ἀκολούθως
1774 983 1834 1037 δὲ

244 1090 319 1159 τῇ
346 1087 607 1157 κοιμήσει
632 1087 666 1156 ἠ
690 1086 984 1148 ἀνάστασις
1014 1081 1347 1153 ἐξυπνισμὸς
1372 1079 1440 1135 ἀν
1470 1077 1707 1149 λεχθείη.
1743 1075 1836 1128 Διὸ

249 1178 401 1234 κατά
441 1179 571 1242 τοὺς
614 1177 832 1241 λοιποὺς
868 1172 1207 1247 ἑρμηνευτάς
1249 1168 1739 1242 ἔξυπνισθήσεσθαι
1785 1166 1837 1221 οι

244 1271 312 1324 ιν
340 1272 459 1334 τοῖς
496 1267 775 1340 μνημείοις
806 1267 948 1320 κατὰ
972 1265 1036 1320 τὸ
1062 1264 1276 1338 πρῶτον
1306 1264 1579 1336 εἴρηνται·
1607 1258 1749 1316 κατά
1779 1260 1838 1314 δὲ

249 1361 316 1415 τὺ
338 1359 621 1431 δεύτερον,
650 1378 669 1411 ι
690 1356 1126 1427 ἀγαλλιάσονται,
1164 1373 1185 1409 ι
1218 1356 1253 1425 ἢ
1279 1375 1299 1408 r
1327 1354 1622 1417 αίνέσουσι,
1652 1371 1672 1404 ι
1698 1349 1840 1404 κατά

247 1451 345 1506 τδν
382 1450 633 1515 Ἀκύλαν,
653 1450 688 1520 ἢ
715 1466 735 1500 ι
762 1448 1102 1516 ἀλαλάξουσι,
1140 1466 1160 1499 s
1184 1446 1326 1501 κατά
1367 1444 1459 1499 τὸν
1489 1441 1833 1497 Θεοδοτίωνα.

254 1542 461 1613 Δρόσος
494 1541 531 1611 ἠ
559 1540 653 1595 επὶ
681 1541 783 1612 γῆς
811 1538 1071 1594 κατιοῦσα
1107 1538 1291 1610 ἡρέμα
1317 1524 1622 1607 καῖπράως
1649 1532 1839 1604 ἐκτρέ-

254 1648 350 1701 φει
376 1632 472 1686 καὶ
496 1629 679 1699 αὔξειν
700 1632 843 1683 ποιεῖ
862 1630 931 1683 τά
954 1628 1348 1698 ἂναποκείμενα
1364 1626 1503 1697 αὐτῇ
1531 1624 1836 1694 σπέρματα·

254 1722 348 1778 «σὺν
373 1722 541 1777 αὐτὸν
571 1722 772 1794 τρόπον
802 1724 835 1792 ἠ
868 1720 1019 1792 παρὰ
1046 1719 1139 1774 σοῦ
1171 1718 1359 1790 δρόσος
1396 1717 1533 1787 [αμα
1564 1715 1661 1769 καὶ
1696 1714 1841 1785 ζωὴν

256 1813 353 1868 καὶ
386 1811 665 1882 σωτηρίαν
702 1809 923 1883 παρέξει
955 1813 1067 1874 τοῖς
1100 1810 1209 1873 σοῖς
1241 1809 1474 1878 νεκροῖς,
1504 1798 1581 1859 ὧν
1636 1814 1702 1856 τα
1734 1800 1840 1855 σώ-

261 1917 413 1973 ματα
456 1900 603 1967 κατά
632 1901 823 1972 καιρὸν
857 1902 951 1954 επὶ
972 1958 977 1963 ί
997 1900 1099 1970 τῆς
1128 1898 1234 1969 γῆς
1259 1896 1499 1969 ἐσπάρη.
1538 1895 1652 1949 Οὐκ
1683 1893 1750 1947 ἀν
1783 1892 1842 1946 δὲ

260 1992 535 2065 ἁμάρτοις
557 1992 720 2046 αὐτὸν
747 1987 888 2046 εἶναι
914 1991 1102 2063 δρόσον
1122 1988 1295 2057 λέγων
1328 1987 1422 2040 τὸν
1456 1983 1719 2057 μονογενῆ
1751 1982 1845 2037 τοῦ

258 2082 397 2137 Θεοῦ
439 2083 636 2151 Δόγον,
686 2083 766 2150 ὃς,
812 2080 1109 2146 ἐπιστάξας
1153 2078 1253 2143 τὰς
1303 2076 1497 2131 ἑαυτοῦ
1549 2074 1848 2141 ζωοποιοὺς

266 2170 539 2240 σταγόνας
568 2174 680 2237 τοῖς
707 2170 877 2224 αὐτοῦ
903 2170 1137 2242 νεκροῖς,
1169 2165 1306 2238 ὁμοῦ
1350 2165 1447 2220 καὶ
1497 2162 1640 2219 τασιν
1673 2164 1850 2234 ἀμαρ-

261 2263 543 2335 τημάτων,
566 2264 621 2318 εί
646 2264 748 2318 πού
777 2280 832 2317 τι
863 2265 1044 2325 αὐτοῖς
1060 2260 1180 2316 κατ’
1204 2257 1493 2331 ἄνθρωπον
1524 2252 1851 2327 πεπλημμέ-

262 2354 417 2426 λητο,
467 2350 697 2425 παρέξει
742 2351 879 2423 ὁμοῦ
924 2352 1022 2405 καὶ
1071 2348 1372 2404 ἀνάστασιν
1416 2345 1510 2401 καὶ
1552 2344 1847 2416 σωτηρίαν,

266 2445 365 2500 καὶ
411 2442 559 2515 ζωὴν
595 2442 814 2498 αἰώνιον
860 2442 1041 2506 αὐτοῖς
1082 2441 1421 2513 δωρήσεται·
1467 2435 1583 2492 ἀλλ’
1615 2435 1735 2508 οὐχὶ
1780 2434 1851 2489 τά

268 2533 380 2591 sint
404 2533 624 2590 ἀσεϐῶν
655 2533 902 2589 τοιαῦτα.

348 2732 372 2768 ε
393 2710 586 2778 Ws
607 2752 624 2777 ,
649 2712 681 2765 6
706 2711 835 2776 λαός
869 2728 991 2785 μου⁶
1026 2709 1231 2789 εἴσελθε
1260 2709 1341 2774 είς
1364 2708 1433 2761 τά
1450 2704 1675 2778 ταμιεῖα
1698 2720 1846 2757 σου-ι

279 2804 358 2878 μὴ
385 2800 752 2877 περιεργάξου
780 2802 853 2859 τὰ
880 2802 1218 2877 τωῤῥωιάτω
1240 2801 1577 2872 τυγχάνοντα
1606 2797 1714 2852 τῶν
1744 2796 1853 2851 σῶν

271 2897 555 2970 ταμιείων.
578 2914 599 2949 ι
620 2895 965 2952 ’Δπύκλεισον
1003 2895 1103 2968 τὴν
1149 2893 1321 2967 θύραν
1353 2908 1479 2947 σουο
1514 2887 1853 2961 ἀποκρύδηθι

277 2988 478 3063 μικρὸν
502 2990 647 3055 ὅσον,
669 2989 774 3053 ῑως
796 2988 864 3043 ἀν
1157 2988 1192 3058 ἡ
1222 2984 1362 3057 ὀργὴ
1387 2984 1611 3057 Κυρίου.
1644 3001 1663 3032 ι
1699 2978 1854 3036 Μετά

1910 525 2124 583 medici
2148 521 2524 581 suscitabunt‘l
2554 538 2575 572 ι
2608 517 2714 574 Sed
2744 515 2819 573 illi
2847 515 3067 585 quidem
3098 510 3295 567 mortui
3323 520 3502 574 erant,

1932 618 2023 691 qui
2053 616 2119 672 ad
2149 625 2378 671 mortem
2412 618 2792 685 peccaverant.
2838 606 3035 663 Ποειυί
3074 613 3255 661 autem
3287 602 3502 661 Domini

1930 719 2057 769 sunt
2100 707 2138 764 il
2171 707 2263 778 qui
2302 712 2530 779 propter
2587 716 2711 758 eum
2742 712 2961 757 omnem
3010 695 3379 754 calamitatem
3429 693 3502 749 ad

1932 809 2165 857 mortem
2194 811 2365 868 usque
2393 804 2525 853 sunt
2568 790 2834 866 perpessi.
2866 788 2977 847 Pro
3002 786 3095 843 illo
3124 794 3330 853 autem,
3362 803 3383 838 ι
3413 798 3507 839 ex-

1930 893 2263 957 citabuntur,
2293 908 2312 942 »
2334 886 2528 959 reliqui
2558 886 3009 955 interpretantur,
3036 895 3101 937 ac
3122 881 3171 936 si
3202 878 3505 943 dormiant,

1890 1031 1895 1038 .
1934 1001 2000 1041 ac
2022 1000 2129 1039 non
2165 981 2364 1037 mortui
2410 979 2543 1035 sint.
2578 974 2941 1045 Quamobrem
2974 978 3288 1029 sanctorum
3317 982 3505 1034 mors,

1935 1088 2159 1132 somnus
2190 1071 2514 1145 appellatur.
2548 1069 2961 1138 Consequenter
3012 1073 3198 1121 autem
3244 1060 3314 1117 ad
3362 1072 3510 1115 som-

1939 1182 2088 1233 num,
2117 1162 2470 1231 resurrectio,
2504 1158 2848 1229 experrectio
2878 1170 3001 1214 esse
3020 1154 3253 1211 dicatur.
3308 1149 3510 1218 Quam-

1937 1258 2124 1316 obrem
2161 1255 2461 1312 secundum
2490 1252 2729 1322 reliquos
2756 1251 3083 1319 interpretes
3108 1284 3127 1314 ,
3157 1247 3513 1315 experrectu-

1940 1367 2033 1407 ros
2066 1363 2189 1405 esse
2239 1349 2331 1417 qui
2388 1346 2441 1401 in
2493 1340 2859 1400 monumentis
2889 1347 3019 1395 sunt
3060 1336 3239 1407 primo
3270 1332 3511 1399 dicitur;

1940 1441 2179 1498 secundo
2204 1446 2384 1493 autem
2418 1453 2438 1489 ι
2474 1435 2836 1500 laetabuntur;
2874 1449 2894 1485 ι
2933 1430 3070 1496 sive,
3095 1446 3116 1481 ι
3139 1424 3454 1487 laudabunt,
3488 1438 3510 1474 ι

1942 1544 2001 1588 ut
2030 1530 2259 1600 Aquila;
2307 1528 2446 1595 sive,
2481 1545 2500 1579 ι
2534 1524 2867 1596 jubilabunt,
2907 1540 2926 1575 ι
2968 1528 3028 1576 ιιι
3060 1517 3357 1575 Thcodotio
3387 1529 3514 1570 ver-

1943 1622 2029 1679 tit.
2066 1620 2177 1676 Ros
2208 1627 2391 1675 autem
2419 1617 2475 1672 in
2499 1626 2699 1672 terram
2736 1613 3016 1683 delapsus,
3052 1608 3253 1665 sensim
3281 1603 3517 1677 placide-

1942 1732 2050 1787 que
2078 1715 2273 1784 injecta
2304 1710 2378 1766 ibi
2403 1709 2609 1766 semina
2638 1705 2845 1762 enutrit
2888 1712 2943 1760 et
2986 1713 3301 1758 accrescere
3336 1696 3511 1752 facit:

1873 1789 1914 1844 Β
1945 1807 2246 1874 eodemque
2274 1802 2436 1858 modo
2464 1814 2555 1856 ros
2596 1799 2693 1855 abs
2729 1807 2781 1853 te
2811 1794 3086 1867 prodiens,
3119 1790 3404 1857 medelam,
3430 1788 3516 1843 vi-

1949 1906 2055 1951 tam
2083 1905 2139 1952 et
2169 1894 2399 1951 salutem
2430 1890 2662 1947 mortuis
2708 1886 2897 1943 atl'eret
2934 1886 3039 1941 tuis
3063 1925 3080 1952 ,
3128 1896 3359 1955 quorum
3389 1894 3515 1936 cor-

1945 2002 2076 2060 pora
2107 1987 2274 2043 variis
2302 1984 2635 2055 temporibus
2681 1981 2735 2036 in
2765 1990 2967 2035 terram
3003 1976 3148 2033 velut
3174 1975 3383 2032 semina
3430 1971 3521 2041 ja-

1948 2087 2036 2133 cta
2072 2075 2291 2132 iuerint.
2328 2072 2515 2145 Neque
2547 2086 2713 2143 porro
2749 2068 3091 2127 aberraveris
3117 2106 3132 2132 ,
3165 2064 3214 2121 si
3259 2064 3410 2120 dicas
3439 2063 3522 2133 ip-

1948 2184 2067 2225 sum
2102 2167 2439 2237 unigenitum
2469 2164 2568 2221 Dei
2602 2160 2838 2218 Verbum
2868 2174 3043 2215 rorem
3063 2173 3205 2224 esse,
3236 2154 3381 2228 quod
3401 2163 3522 2225 gut-

1950 2258 2093 2313 tulas
2116 2271 2245 2313 suas
2275 2253 2506 2311 mertuis
2533 2250 2648 2308 suis
2684 2247 2954 2306 instillare
2981 2245 3192 2302 faciens
3215 2287 3231 2313 ,
3276 2258 3383 2299 una
3437 2254 3525 2297 re-

1950 2349 2187 2405 medium
2216 2345 2480 2417 peccatis,
2503 2343 2550 2399 si
2586 2340 2720 2413 quid
2747 2340 2818 2397 ab
2844 2339 2955 2395 illis
2980 2336 3294 2394 humanitus
3329 2346 3524 2405 pecca-

1954 2452 2064 2495 tum
2091 2479 2108 2505 ,
2151 2454 2217 2494 ac
2244 2434 2705 2493 resurrectionem
2728 2471 2743 2499 ,
2776 2430 3008 2487 salutem
3036 2437 3092 2485 et
3125 2429 3293 2484 vitam
3321 2423 3523 2496 sempi—

1953 2545 2164 2590 ternam
2197 2531 2329 2601 ipsis
2359 2525 2622 2585 conferet.
2650 2524 2724 2580 At
2754 2538 2844 2580 res
2876 2520 3164 2593 impiorum
3191 2532 3302 2575 non
3332 2516 3525 2573 eodem

1952 2626 2113 2682 modo
2135 2639 2197 2681 se
2226 2624 2449 2680 habent.
3056 2660 3061 2665 .

2026 2719 2193 2775 Vsus.
2218 2717 2309 2772 ει).
2347 2733 2369 2767 ε
2407 2714 2577 2781 Vade,
2606 2710 2839 2784 populus
2883 2721 3039 2764 meus
3070 2725 3086 2763 :
3118 2705 3262 2763 intra
3294 2704 3348 2759 in
3373 2698 3529 2759 cubi-

1954 2811 2077 2867 cula
2109 2819 2240 2877 tua;
2277 2827 2298 2863 s
2336 2823 2406 2864 ne
2435 2807 2709 2865 curiosius
2752 2802 2998 2873 inquiras
3039 2814 3105 2855 ea
3132 2839 3150 2864 ,
3178 2812 3300 2868 qua:
3341 2793 3529 2867 procul

1956 2900 2220 2959 cubiculis
2270 2900 2380 2955 tuis
2422 2904 2730 2955 venantur.
2782 2910 2804 2947 ι
2854 2888 3063 2949 Claude
3097 2886 3295 2942 ostium
3330 2894 3479 2941 tuum
3510 2902 3528 2937 :

1956 2993 2296 3051 abscondere
2370 2988 2648 3061 paululum
2716 2982 3249 3057 quantulumcunque
3284 3016 3302 3044 ,
3358 2977 3533 3033 donec

275 3083 377 3157 τὴν
418 3080 770 3137 διδασκαλίαν
803 3080 903 3153 τῆς
941 3077 1052 3133 τῶν
1089 3075 1301 3149 νεκρῶν
1346 3072 1719 3137 ἀναστάσεως,
1775 3070 1852 3135 ὡς

1960 3092 2308 3155 pertranseat
2331 3085 2413 3141 ira
2441 3076 2680 3137 Domini.
2722 3095 2742 3131 ι
2778 3075 2907 3131 Post
2942 3071 3160 3130 allatam
3186 3069 3255 3126 de
3289 3081 3533 3125 resum-

1110 3132 1206 3223 καί
1259 3169 1353 3222 επὶ
1411 3166 1474 3220 τὸ
1533 3132 1857 3236 αύτδῠμετά
1882 3132 1925 3191 c

283 3267 381 3341 τὴν
429 3267 724 3322 ἀνάστασιν
764 3263 1135 3336 συνηγμένους
1172 3259 1299 3325 τοὺς
1345 3258 1531 3328 ἀγίους
1577 3254 1673 3310 τοῦ
1719 3252 1856 3310 Θεοῦ

280 3360 620 3432 θεασάμενον
659 3358 722 3413 τὸ
770 3356 987 3427 πνεῦμα
1040 3353 1102 3408 τὸ
1150 3351 1507 3426 προφητικὸν,
1558 3348 1749 3403 ἔπειτα
1799 3346 1861 3412 ἐξ

280 3452 469 3524 ἑτέρου
501 3451 702 3522 μέρους
729 3448 829 3521 τὴν
861 3445 1119 3501 ἐπιοῦσαν
1143 3446 1258 3507 τοῖς
1283 3440 1535 3497 ἀσεϐέσιν
1562 3439 1730 3511 ὀργὴν
1758 3455 1859 3492 κα-

283 3541 576 3612 τανοῆσαν,
604 3537 678 3609 τῷ
707 3538 950 3609 τάγματι
974 3535 1084 3588 τῶν
1102 3532 1280 3603 ἀγίων
1309 3532 1619 3604 προσφωνεῖ
1650 3530 1861 3598 ἀποχω-

284 3634 400 3703 ρεῖν
434 3631 575 3705 πρὸς
621 3628 794 3702 βραχὺ
825 3627 920 3682 τοῦ
952 3626 1166 3699 μακράν
1203 3622 1565 3697 κρύπτεσθαι,
1600 3621 1676 3685 ὡς
1724 3620 1859 3691 μηδὲ

288 3722 525 3794 θεωροὺς
568 3719 671 3789 τῆς
704 3719 813 3773 τῶν
855 3717 1068 3772 ἀσεϐῶν
1109 3714 1355 3787 γίνεσθαι
1405 3710 1702 3774 ἀπωλείας.
1751 3708 1860 3765 Τα-

289 3814 440 3885 μιεῖα
462 3812 522 3866 δὲ
550 3810 646 3865 τοῦ
674 3809 805 3865 λαοῦ
827 3809 922 3863 τοῦ
942 3807 1076 3863 Θεοῦ
1100 3808 1157 3861 αἱ
1190 3805 1383 3860 πολλαὶ
1406 3801 1559 3875 παρά
1580 3802 1660 3873 τῷ
1686 3800 1863 3873 Πατρὶ

285 3904 613 3974 τυγχάνουσι
650 3902 837 3975 μοναὶ,
863 3899 1078 3970 ἑκάστῳ
1106 3899 1348 3969 τάγματι
1377 3895 1485 3949 τῶν
1519 3894 1689 3963 ἁγίων
1723 3891 1867 3947 κατά

287 3996 505 4049 δικαίαν
537 3993 673 4049 Θεοῦ
722 3994 904 4065 κρίσιν
934 3990 1330 4063 ἀφωρισμέναι.
1366 3987 1461 4051 Εἰς
1492 3986 1643 4039 ταῦτ’
1675 3978 1769 4038 οῦν
1796 3982 1866 4037 τὰ

292 4089 375 4141 σοὶ
394 4085 886 4156 παρεσκευασμένα
914 4083 1137 4155 ταμιεῐά
1163 4099 1280 4144 σου,
1304 4080 1488 4151 φησιν,
1509 4080 1539 4133 6
1560 4077 1691 4149 ἐμὸς
1715 4074 1863 4138 λαὸς.

290 4175 521 4240 εἴσελθε,
551 4176 648 4230 καὶ
682 4174 1001 4229 ἀπόκλεισον
1030 4173 1131 4245 τὴν
1162 4171 1332 4243 θύραν
1365 4187 1480 4224 σου.

366 4285 386 4319 ι
436 4266 571 4321 Ἰδοὺ
600 4264 709 4338 γάρ
740 4264 945 4338 Κύριος
975 4264 1084 4319 ἀπὸ
1112 4261 1204 4317 τοῦ
1233 4262 1391 4332 άγίου
1423 4262 1619 4329 ἐπάγει
1645 4258 1744 4331 τὴν
1778 4257 1865 4329 ὀρ.

292 4360 396 4434 γὴν
429 4359 525 4413 ἰπὶ
561 4359 688 4422 τοὺς
717 4355 1058 4419 ἱνοικοῦντας
1088 4355 1181 4409 επὶ
1206 4354 1307 4425 τῆς
1333 4352 1457 4423 γῆς.
1496 4371 1515 4404 ι
1554 4346 1864 4430 Παρελθούτ

1961 3179 2145 3234 ctione
2204 3186 2548 3232 mortuorum
2596 3170 2928 3232 doctrinam,
2972 3174 3192 3221 sanctos
3242 3161 3386 3228 Dei,
3436 3158 3533 3230 qui

1962 3279 2120 3324 antea
2166 3268 2674 3329 circumsteterant,
2702 3260 2893 3317 eodem
2925 3257 2981 3313 in
3016 3256 3138 3312 loco
3169 3262 3387 3312 coactos
3413 3260 3536 3323 post

1962 3355 2416 3413 resurrectionem
2442 3352 2637 3408 videns
2661 3348 3010 3422 propheticus
3064 3344 3310 3417 spiritus.
3339 3344 3535 3398 deinde

1960 3463 2090 3504 vero
2116 3447 2220 3502 alia
2250 3461 2316 3503 ex
2343 3454 2496 3516 parte
2528 3440 2903 3499 imminentem
2940 3426 3287 3507 impiis'iram
3316 3433 3537 3504 conspi-

1961 3549 2135 3605 catus,
2176 3548 2491 3594 sanctorum
2531 3542 2734 3591 emtum
2772 3530 2844 3587 ad
2866 3529 3139 3586 modicum
3185 3536 3399 3598 tempus
3443 3538 3534 3581 se-

1964 3631 2158 3687 cedere
2188 3643 2254 3684 ac
2282 3625 2476 3699 procul
2503 3636 2627 3681 sese
2653 3621 2931 3679 occultare
2961 3628 3166 3685 monet,
3194 3634 3262 3675 ne
3293 3618 3403 3673 sint
3435 3617 3537 3671 im-

1966 3723 2178 3793 piorum
2211 3716 2477 3791 perniciei
2504 3722 2865 3787 spectatores.
2910 3709 3171 3768 Cubicula
3199 3724 3325 3765 vero
3356 3704 3539 3777 populi

1968 3813 2086 3882 Dei,
2116 3811 2384 3884 intelligas
2412 3821 2534 3864 esse
2563 3803 2760 3861 inultas
2782 3803 2925 3873 apud
2953 3801 3173 3857 Patrem
3198 3798 3538 3884 mansiones,

1959 3873 2109 3978 justo
2146 3905 2237 3961 Dei
2263 3873 2465 3975 judicio
2504 3896 2733 3969 singulis
2784 3895 3063 3951 ordinibus
3108 3891 3427 3948 destinatas.
3477 3873 3538 3944 in

1969 4000 2084 4054 haec
2128 3996 2314 4067 igitur,
2344 3991 2542 4063 popuie
2572 3990 2645 4045 mi
2670 4027 2687 4055 ,
2731 3996 2923 4058 parata
2952 3983 3046 4041 tibi
3076 3980 3325 4039 cubicula
3362 3980 3542 4050 ingre-

1969 4091 2122 4157 dere,
2151 4098 2206 4145 et
2234 4087 2427 4143 claude
2449 4083 2645 4141 ostiqu
2675 4075 2849 4136 tuumt

2043 4244 2211 4301 Vens.
2238 4243 2333 4301 ει.
2368 4260 2390 4295 ι
2439 4242 2574 4298 Ecce
2608 4238 2756 4296 enim
2785 4234 3044 4292 Dominus
3079 4232 3143 4287 de
3172 4238 3363 4286 sancto
3392 4226 3544 4284 indu-

1973 4340 2051 4397 cit
2080 4338 2216 4394 iram
2249 4350 2411 4405 super
2446 4335 2785 4390 habitatores
2815 4340 2997 4386 terrai.
3047 4345 3067 4379 ι
3101 4323 3399 4394 Postquam
3448 4335 3545 4375 au-

296 4410 395 4521 In};
551 4410 745 4520 αὐτέης,
786 4410 1132 4510 ἀναπετάσας
1176 4410 1364 4499 λοιὲἑδᾷ
1519 4410 1854 4495 causam:

1976 4443 2082 4487 tem
2109 4430 2196 4484 illa
2222 4427 2600 4500 pertransierit
2623 4466 2640 4492 ,
2678 4422 2934 4481 reseratis
2961 4418 3177 4475 demum
3203 4411 3437 4470 cubiculi
3470 4410 3545 4466 tui

293 4542 562 4614 ταμιείων
594 4540 789 4604 πύλας,
834 4536 973 4609 μετά
1000 4536 1202 4607 πολλῆς
1239 4533 1486 4600 ἔξουσίας
1518 4530 1614 4585 καὶ
1650 4532 1868 4603 παρρη-

294 4636 419 4699 σίας
438 4633 627 4706 «pani
645 4633 737 4687 τὸν
756 4631 875 4685 νιον
896 4628 1211 4685 ἐποπτεύων
1242 4626 1434 4689 αἰῶνα,
1459 4625 1554 4679 καὶ⁵
1572 4622 1671 4695 τὴν
1694 4623 1866 4693 ὲπηγ-

294 4726 566 4797 γελμένην
599 4741 681 4778 σοι
711 4720 983 4793 βασιλείαν
1005 4718 1099 4773 τοῦ
1131 4716 1289 4772 Θεοῦ.
1332 4735 1352 4768 ε
1392 4715 1505 4769 Καὶ
1532 4710 1867 4781 ἀνακαλύψει

297 4820 332 4890 ἡ
358 4817 433 4886 ﬁl
461 4814 524 4870 τδ
553 4808 693 4887 αἷμα
722 4813 910 4885 αὐτῆς,
946 4812 1041 4866 καὶ
1071 4810 1133 4865 οὐ
1166 4806 1533 4876 κατακαλύψει
1575 4806 1702 4868 τοὺς
1734 4805 1867 4875 ἀνῃ-

302 4906 603 4981 ρημένουςο
640 4925 659 4959 ι
709 4907 786 4969 ὡς
828 4903 1032 4976 μηδένα
1073 4901 1258 4958 λαθεῖν
1301 4900 1411 4955 τῶν
1438 4897 1604 4952 πάλαι
1634 4898 1694 4951 εν
1728 4896 1868 4967 αὐτῇ

299 5000 401 5063 τὰς
428 4996 611 5068 ψυχὰς
640 4995 995 5069 ἀνῃρημένων
1015 4993 1102 5049 διὰ
1130 4992 1239 5048 τῶν
1268 4991 1405 5064 πρὸς
1426 4990 1654 5044 θάνατον
1692 4988 1872 5059 ἅμαρ-

300 5090 561 5161 τημάτων
578 5106 592 5119 ·
620 5088 714 5143 ἰπὶ
741 5087 915 5157 τούτῳ
950 5086 1059 5158 γὰρ
1079 5086 1179 5157 τὴν
1204 5085 1376 5157 ὀργὴν
1406 5079 1628 5147 ἐπάξειν
1660 5078 1874 5152 εἴρηται

300 5183 331 5236 6
357 5179 511 5243 Θε6ς’
536 5179 704 5251 ὀργῆς
738 5175 971 5231 ἐνταῦθα
993 5174 1397 5246 ὀνομαζομένης
1424 5171 1532 5245 τῶν
1563 5170 1683 5232 ταῖς
1714 5165 1872 5225 κολά-

305 5288 423 5327 σεσι
450 5267 878 5341 διακονουμένων
898 5265 1164 5336 ἀγγέλων.
1186 5264 1298 5337 (30)
1319 5264 1479 5336 Δηλοῐ
1496 5263 1553 5317 δὲ
1565 5260 1652 5314 διά
1671 5258 1872 5313 τούτων

302 5363 406 5432 τὴν
432 5360 540 5414 τῶν
584 5360 755 5428 ἀγίων
785 5356 881 5412 τοῦ
906 5355 1041 5412 Θεοῦ
1069 5355 1348 5427 ἀναίρεσιν
1375 5353 1467 5408 καὶ
1488 5351 1559 5406 τὰ
1588 5348 1697 5402 τῶν
1733 5366 1872 5421 μαρ-

302 5451 483 5522 τύρων
512 5451 741 5522 αἵματα,
772 5446 903 5520 περὶ
933 5438 1008 5502 ὧν
1037 5447 1131 5501 καὶ
1153 5444 1395 5516 Μωῡσῆς
1424 5445 1482 5498 ἰν
1517 5441 1724 5515 μεγάλῃ
1763 5440 1872 5511 ᾠδῇ

305 5542 525 5615 γράφων
555 5541 733 5612 ἔλεγε·
768 5558 788 5592 ι
830 5540 953 5595 ὀτι
979 5538 1043 5595 τὸ
1068 5531 1208 5611 αἷμα
1238 5536 1345 5593 τῶν
1380 5536 1509 5592 υίῶν
1550 5530 1713 5590 αὐτοῦ
1737 5530 1878 5585 ἐκδι-

369 5718 481 5783 (30)
514 5718 650 5775 ητα
679 5714 1067 5774 Hieronymus.

1970 4522 2173 4593 ianuis,
2207 4527 2475 4591 potestate
2493 4526 2552 4573 et
2578 4516 2773 4572 ﬁducia
2812 4511 2981 4568 multa
3014 4508 3313 4564 instructus
3351 4503 3544 4575 prodi,

1976 4628 2173 4669 novum
2220 4609 2475 4667 naculum
2504 4616 2936 4679 conspecturus,
2966 4613 3176 4658 necnon
3218 4596 3547 4669 promissum

1976 4706 2072 4761 tibi
2097 4719 2320 4774 regnum
2371 4700 2489 4758 Dei.
2534 4718 2553 4753 ι
2606 4699 2674 4754 Et
2725 4696 2987 4753 revelabit
3041 4703 3184 4748 terra
3226 4690 3545 4761 sanguinem

1975 4812 2157 4861 suum,
2186 4804 2241 4851 et
2271 4808 2375 4850 non
2406 4791 2702 4849 abscondet
2735 4787 3088 4850 interiectos;
3125 4803 3145 4840 ι
3181 4784 3252 4838 ita
3288 4792 3350 4837 ut
3388 4794 3550 4835 nemo

1978 4888 2145 4946 lateat
2175 4901 2363 4943 eorum
2393 4926 2408 4951 ,
2442 4884 2529 4955 qui
2550 4884 2678 4939 olim
2706 4882 2759 4937 in
2789 4896 2849 4937 ea
2879 4878 3177 4936 secundum
3206 4874 3443 4930 animam
3478 4874 3549 4929 ob

1980 4990 2201 5052 peccata
2243 4979 2310 5033 ad
2361 4985 2592 5032 mortem
2641 4972 2912 5029 interfecti
2958 4970 3110 5025 fuere
3138 4988 3152 5023 :
3182 4969 3287 5023 hac
3307 4966 3454 5022 enim
3482 4967 3552 5022 de

1980 5088 2141 5129 causa
2173 5071 2307 5125 iram
2341 5067 2658 5123 iuducturus
2686 5079 2839 5120 suam
2890 5062 3031 5117 Deus
3061 5059 3282 5114 dicitur.
3319 5057 3418 5113 llic
3448 5058 3553 5112 sci-

1980 5164 2109 5220 licet
2141 5164 2220 5216 ira
2265 5168 2525 5215 vocantur
2572 5154 2752 5225 angeli
2802 5146 3119 5208 inferenda!
3149 5146 3342 5203 ultioni
3389 5147 3553 5201 mini-

1978 5263 2241 5311 strantes.
2292 5250 2388 5307 liis
2416 5262 2583 5320 porro
2642 5243 2911 5316 signiﬁcat
2966 5249 3280 5299 sanctorum
3314 5238 3409 5295 Dei
3458 5252 3555 5294 ne-

1978 5362 2139 5412 cem,
2195 5353 2251 5399 et
2310 5351 2610 5413 martyrum
2665 5337 2980 5409 sanguinem
3021 5377 3036 5401 ,
3092 5334 3159 5390 de
3194 5333 3391 5405 quibus
3440 5330 3556 5388 hac

1980 5440 2035 5495 in
2075 5452 2272 5510 magno
2318 5436 2529 5491 cantico
2586 5431 2775 5488 scribit
2845 5430 3101 5501 Moyses,
3156 5445 3178 5479 ι
3240 5424 3378 5494 Quia
3434 5440 3556 5481 sau-

1985 5534 2203 5607 guincm
2250 5531 2483 5600 iiiiorum
2512 5540 2726 5585 suorum
2786 5523 3078 5584 ulciscetur
3110 5532 3167 5579 et
3218 5518 3557 5587 vindicabit,
