4120 6294
641 365 748 422 I79

1296 352 1564 414 EUSEBII
1597 339 2059 408 ωωιειιειε
2089 341 2240 400 οΡΡ.
2278 339 2457 398 PARS
2493 337 2581 396 ΙῙῙ.
2619 365 2688 379 —
2724 330 3136 394 EXEGETICA.

643 495 699 538 et
721 480 973 536 ultionem
998 474 1256 532 retribuet
1280 471 1511 528 inimicis
1534 508 1553 535 ,
1586 479 1641 527 et
1662 464 1964 524 edientibus
2001 478 2060 518 se
2096 478 2183 516 re-

2297 461 2478 521 κεῖται,
2517 456 2612 512 καὶ
2657 454 2944 525 ἐκδικήσει,
2987 451 3076 507 καὶ
3121 446 3481 504 ἀνταποδώσει
3524 446 3677 519 δίκην
3721 448 3840 511 τοὶς

650 573 844 628 tribuet
871 570 937 623 ".
1078 613 1082 617 .

1181 653 1406 711 CAPUT
1438 648 1648 708 XXVII.

717 753 877 809 Vsus.
916 753 970 808 ‘l.
1000 769 1020 803 ι
1059 750 1114 804 ltt
1146 748 1232 802 die
1259 747 1344 800 illa
1395 745 1612 798 inducet
1639 743 1776 798 Deus
1803 740 2036 811 gladium
2066 754 2190 795 sau-

647 856 818 910 ctum,
850 857 1096 912 magnum
1122 847 1175 896 et
1199 838 1429 892 validum
1459 849 1620 906 super
1642 835 1947 898 draconem,
1980 845 2194 900 serpen-

645 955 752 997 tem
798 941 1088 1011 fugientem
1114 974 1130 998 ,
1167 947 1330 1001 super
1355 931 1644 986 draconem
1671 934 1970 995 serpentem
1997 933 2194 977 tortuo-

644 1049 786 1097 sum,
814 1042 868 1085 ct
892 1030 1102 1085 occidet
1133 1028 1445 1080 draconem.
1479 1022 1639 1092 Virga
1669 1021 1846 1090 itaque
1896 1015 2016 1079 Dei,
2046 1021 2189 1066 recta

644 1140 768 1181 cum
793 1124 884 1188 sit,
909 1133 959 1176 et
987 1117 1326 1189 castigationi
1358 1125 1505 1184 apta,
1538 1113 1826 1167 secundum
1863 1107 2012 1170 illud,
2034 1123 2053 1156 ι
2078 1102 2193 1157 Vir-

646 1228 709 1283 gs
739 1210 1089 1273 rectitudinis,
1120 1211 1265 1277 virga
1293 1205 1438 1274 regni
1466 1205 1541 1258 tui
1574 1203 1649 1268 ",
1683 1220 1702 1253 ι
1741 1201 1806 1256 iis
1830 1201 1918 1268 qui
1949 1198 2000 1251 in
2036 1195 2194 1250 rebus

646 1302 908 1359 medelam
945 1299 1349 1355 admittentibus
1379 1302 1671 1366 peccarunt
1691 1335 1707 1359 ,
1735 1299 1982 1347 servatur
2007 1290 2072 1342 ad
2111 1287 2193 1353 ip-

647 1408 827 1450 sorum
866 1392 1291 1461 castigationem,
1316 1387 1746 1442 emendationem
1776 1392 1832 1438 et
1875 1382 1940 1435 ad
1987 1378 2192 1433 utilita-

645 1494 752 1540 tem
782 1484 1010 1552 prolata.
1047 1480 1147 1546 Qui
1191 1491 1368 1534 autem
1419 1478 1550 1533 nihil
1587 1470 1788 1531 rec‘ﬂtttt
1814 1515 1830 1540 ,
1873 1484 2194 1541 aequumque

645 1575 780 1631 nihil
812 1574 993 1638 habet,
1034 1572 1124 1626 sed
1169 1571 1386 1624 omnino
1421 1569 1656 1624 deﬂexus
1679 1578 1733 1622 et
1768 1575 2039 1621 tortuosus
2069 1572 2148 1617 est
2173 1604 2187 1627 ,

648 1683 715 1722 ae
743 1678 958 1736 pet-tore
989 1673 1275 1726 vetttreque
1303 1661 1450 1715 bumi
1485 1671 1696 1726 reptat,
1723 1658 2067 1723 omniumque
2102 1667 2193 1722 pe-

649 1759 806 1812 dibns
855 1757 921 1812 ad
962 1753 1450 1823 supplantationem
1497 1761 1552 1807 et
1582 1751 1937 1819 dejectionem
1971 1746 2192 1800 insidias

2285 549 2516 621 ἐχθροῖς,
2550 547 2644 601 καὶ
2676 547 2788 608 τοῖς
2813 541 3058 615 μισοῦσιν
3085 537 3468 594 άνταποδὼσει.
3499 557 3520 589 ε

2771 642 3158 701 ΚΕΦΑΛΑῙΟΝ
3189 643 3315 696 κζ’.

2360 763 2380 797 t
2427 744 2515 799 Ἑν
2537 744 2606 813 τῇ
2631 741 2811 811 ἡμέρα
2835 736 3015 806 ἐκείνη
3039 735 3224 800 ἐπάξει
3248 736 3277 788 ό
3299 730 3429 796 Θεὸς
3451 728 3546 800 τήν
3567 727 3841 799 μάχαιραν

2285 837 2382 907 τήν
2407 833 2585 902 ἁγίαν.
2617 832 2715 901 τὴν
2743 829 2980 900 μεγάλην
3004 827 3097 880 καὶ
3110 823 3206 892 τὴν
3229 823 3450 894 ἰσχυρὰν
3482 820 3574 873 ἐπὶ
3599 817 3687 871 τὸν
3709 816 3841 888 δρά-

2288 940 2469 988 κοντα,
2493 923 2583 976 τὸν
2604 920 2724 991 δοιν
2747 919 3031 989 φεύγοντα,
3059 917 3151 970 ἐπὶ
3171 915 3261 968 τὸν
3280 914 3547 986 δράκοντα
3563 910 3680 979 δ’ξιν
3708 924 3840 962 σκο-

2288 1015 2420 1078 λιὸν,
2454 1013 2549 1067 καί
2573 1011 2752 1066 ἀνελεῖ
2771 1012 2858 1064 τὸν
2883 1009 3166 1081 δράκοντα.
3199 1026 3216 1056 ι
3246 1005 3309 1058 Ἦ
3337 1003 3434 1074 μὲν
3464 998 3554 1056 οῦν
3586 1000 3679 1053 τοῦ
3698 996 3840 1052 Θεοῦ

2289 1103 2503 1178 ῥάϐδος,
2555 1102 2737 1155 εὐθεῖά
2775 1118 2858 1165 τις
2894 1110 3027 1154 ούσα
3065 1096 3159 1151 καὶ
3198 1093 3532 1163 παιδευτικὴ,
3576 1088 3712 1146 κατὰ
3751 1088 3838 1152 τὸ,

2295 1212 2313 1244 ι
2337 1192 2553 1256 Ῥἀσδος
2577 1190 2864 1260 εὐθύτητος
2885 1193 2918 1260 ὴ
2943 1186 3238 1260 ρἀδοςτῆς
3256 1183 3527 1255 βασιλείας
3549 1179 3660 1234 σοῦ·
3687 1199 3706 1230 ι
3725 1181 3845 1242 τοῖς

2293 1285 2483 1352 ἰάσιμα
2499 1281 2834 1353 ἡμαρτηκόσι
2848 1285 3138 1348 τετήρηται
3153 1275 3231 1338 εἰς
3258 1273 3532 1326 παίδευσιν
3555 1268 3728 1324 αὐτῶν
3747 1266 3846 1322 καὶ

2291 1370 2568 1440 βελτίωσιν
2589 1371 2681 1422 καὶ
2697 1368 2872 1439 ψυχῆς
2889 1366 3147 1435 ὠφέλειαν
3164 1363 3561 1434 προσαγομένησ
3581 1362 3609 1414 ὁ
3625 1358 3682 1412 δέ
3705 1354 3847 1428 μηδὲ

2288 1464 2444 1535 ὀρθὸν
2470 1463 2603 1534 μηδὲ
2630 1461 2756 1515 εὐθὺ
2783 1454 3258 1528 κεκτημένος,ὅλος
3282 1453 3338 1506 δέ
3363 1450 3536 1504 διόλου
3558 1447 3841 1520 καμπύλος

2290 1558 2382 1610 καὶ
2406 1555 2632 1617 σκολιὸς,
2652 1553 2822 1623 χαμαί
2838 1568 2895 1604 τε
2912 1552 3003 1604 ἐπί
3020 1549 3080 1602 τὸ
3104 1538 3292 1618 στῆθος
3312 1546 3404 1598 καὶ
3417 1543 3619 1597 κοιλίαν
3633 1543 3842 1614 ἕρπων,

2290 1648 2586 1718 ἐφεδρεύων
2617 1662 2673 1698 τε
2703 1649 2813 1707 τοῖς
2851 1644 3064 1696 πάντων
3093 1640 3245 1692 ποσὶν
3275 1637 3454 1690 ἐπὶρτὸ
3471 1630 3729 1698 σκελίζειν
3751 1629 3850 1686 καὶ

2290 1737 2640 1792 καταῦάλλειν
2671 1736 2884 1797 αὐτοὺς,
2922 1731 3058 1802 μετά
3108 1729 3310 1791 πάντας
3360 1728 3486 1788 τοὺς
3527 1722 3740 1788 ἀσεϋείς
3777 1723 3850 1793 τῇ

647 1847 885 1910 molitur,
934 1854 1055 1914 post
1088 1843 1278 1912 impios
1307 1856 1493 1897 omnes
1516 1881 1532 1906 ,
1562 1842 1735 1910 gravi,
1761 1854 1954 1907 magno
1981 1837 2158 1890 valido
2177 1866 2189 1875 -

2297 1829 2504 1900 σκληρᾷ
2535 1828 2627 1880 καὶ
2663 1823 2870 1895 μεγάλῃ
2903 1824 2991 1876 καλ
3047 1822 3240 1891 ἰσχυρᾷ
3263 1817 3504 1890 μαχαίρᾳ
3542 1811 3851 1914 παραδοθήο

646 1950 753 2007 que
789 1935 964 2006 gladio
991 1935 1251 1996 tradetur,
1286 1948 1443 2002 quem
1478 1934 1574 2002 ipsi
1603 1932 1704 1985 soli
1737 1946 1958 2001 magnus
1995 1929 2080 1983 ille
2110 1926 2195 1982 Ju-

648 2029 749 2083 ἀει
779 2026 1106 2082 reconditum
1131 2036 1179 2080 et
1213 2036 1450 2095 paratum
1484 2025 1695 2080 habuit.
1728 2023 1973 2079 Gladium
2001 2024 2087 2078 hic
2111 2037 2198 2076 vo-

649 2130 736 2175 cat
766 2119 984 2174 ultionis
1019 2118 1265 2173 cﬂectnm
1301 2137 1315 2172 :
1347 2132 1502 2186 quem
1556 2118 1680 2172 item
1726 2125 1972 2170 sanctum
2023 2114 2192 2176 dicit,

651 2227 767 2266 cutn
799 2221 857 2265 ut
888 2211 1150 2264 minarum
1176 2217 1436 2264 terrorem
1482 2208 1685 2272 leniat,
1711 2217 1821 2261 tum
1855 2214 1913 2260 ttt
1951 2205 2198 2259 ostendat

650 2317 741 2359 eos
784 2303 874 2372 qtti
916 2301 1175 2370 supplicio
1209 2299 1534 2366 al‘tleientur,
1579 2316 1685 2355 non
1735 2300 1798 2353 ad
1832 2298 2053 2353 exitium
2084 2310 2197 2348 ver-

649 2386 882 2464 tendos,
913 2397 1004 2449 sed
1039 2394 1444 2462 castigationem
1475 2393 1602 2460 ipsis
1633 2391 1934 2447 sanctitatis
1970 2402 2193 2443 causam

652 2489 885 2543 futuram
911 2502 1047 2542 esse.
1073 2487 1139 2540 At
1166 2486 1307 2538 enim
1343 2485 1482 2537 Deus
1506 2485 1634 2538 dum
1664 2484 1913 2552 castigat,
1943 2495 2047 2533 non
2072 2493 2194 2548 per-

654 2578 807 2640 dere,
841 2577 934 2631 sed
958 2591 1050 2629 eos
1077 2576 1164 2644 qui
1192 2585 1574 2630 convertuntur
1599 2575 1883 2629 emendare
1909 2583 1964 2628 et
1998 2569 2194 2627 salteti-

653 2667 815 2721 ﬁeare
830 2675 1093 2735 peroptat.

723 2755 882 2811 Vens.
922 2757 1042 2810 24.
1089 2776 1106 2808 ι
1134 2756 1190 2810 lu
1232 2755 1320 2810 illa
1355 2755 1440 2810 die
1474 2754 1628 2808 vinea
1681 2750 1904 2822 pulchra
1939 2747 2193 2807 :deside-

652 2850 788 2902 rium
841 2847 1064 2901 canendi
1097 2854 1282 2900 contra
1334 2845 1499 2900 illam.
1555 2844 1668 2914 Ego
1715 2843 1907 2899 civitas
1964 2841 2190 2906 munita,

652 2939 840 2994 civitas
885 2939 1126 3000 obsessa,
1183 2935 1378 2997 frustra
1427 2943 1608 3003 potum
1651 2935 1788 2988 dabo
1816 2933 1890 2986 illi
1918 2950 1931 2985 :
1957 2932 2194 2998 capietur

651 3029 794 3082 enim
822 3039 1002 3090 noctu,
1030 3029 1114 3081 die
1150 3036 1328 3080 autem
1361 3026 1516 3081 cadet
1562 3039 1749 3078 murus
1779 3024 1915 3092 ejus.
1958 3020 2072 3074 Non
2112 3025 2195 3072 est

654 3133 772 3188 qua:
797 3133 898 3171 non
934 3117 1348 3187 apprehenderit
1379 3130 1518 3169 eam.
1551 3115 1679 3180 Quis
1710 3125 1867 3184 ponet
1898 3129 1981 3168 me
2008 3120 2193 3167 custo-

654 3213 772 3263 dem
804 3208 965 3262 cultui
1001 3210 1049 3260 in
1077 3207 1247 3276 agro?
1287 3215 1508 3274 propter
1538 3206 1810 3258 inimicam
1842 3204 1981 3259 hanc
2026 3201 2194 3270 rrpnli

654 3313 790 3354 eam.
820 3297 940 3351 Ideo
970 3297 1094 3350 fecit
1126 3297 1379 3351 Dominus
1400 3297 1578 3350 omnia
1601 3310 1719 3366 qua:
1737 3297 2015 3364 disposuit.
2041 3293 2199 3348 Cont-

654 3390 809 3442 bttsta
831 3404 968 3441 sunt.
1007 3406 1024 3439 ι
1082 3386 1203 3442 Il:re
1248 3402 1408 3456 porro
1439 3397 1522 3442 est
1570 3388 1696 3441 dicti
1725 3387 1986 3442 sententia
2015 3403 2028 3440 :
2057 3386 2194 3442 Num

655 3479 849 3533 malum
877 3494 972 3547 pro
1011 3479 1154 3533 malo
1177 3479 1422 3545 gentibus
1463 3478 1842 3545 reddiderunt,
1882 3480 1971 3547 qui
2006 3492 2194 3546 pacem

659 3570 763 3625 illis
823 3570 1216 3637 prmtlicabattt?
1293 3569 1355 3622 lli
1406 3571 1548 3624 enim
1606 3570 2024 3636 insequebantur
2081 3584 2194 3633 eos,

656 3661 834 3728 plagis
864 3661 1024 3713 etiam
1057 3659 1285 3722 additis;
1334 3659 1404 3712 illi
1451 3674 1578 3712 vero
1626 3659 1988 3727 pulcherrima
2046 3659 2196 3726 ipsis.

656 3764 846 3820 pacem
909 3749 1116 3803 Scilicet
1171 3751 1577 3803 antttttttiahant.
1643 3747 1778 3802 Num
1839 3749 2000 3818 igitur
2047 3750 2195 3818 paria

654 3842 990 3908 patiebantur
1019 3841 1242 3909 gentiles
1271 3840 1367 3902 illi,
1409 3841 1531 3892 dum
1561 3841 1708 3909 paris
1735 3855 2008 3908 praet-ones
2057 3841 2199 3909 inju-

658 3931 755 3984 riis
809 3929 1117 3982 abicerent?
1163 3928 1528 3981 Vctberabant
1585 3930 1749 3990 enim,
1810 3944 1908 3982 uec
1962 3929 2196 3983 vicissim

657 4021 978 4090 wpnlabaut
1002 4036 1015 4083 ;
1037 4021 1349 4074 occidebant
1377 4034 1478 4073 nec
1501 4021 1886 4073 occidebantur
1913 4035 1927 4074 :
1962 4035 2202 4087 pugnan-

659 4124 741 4165 tes
769 4120 945 4165 autem
979 4121 1031 4164 et
1051 4112 1336 4179 opprobria
1364 4110 1671 4172 inferentes,
1702 4112 1848 4177 ipsos
1878 4111 2200 4165 tlivexabant

657 4210 816 4266 atque
846 4200 1148 4266 pellebant:
1201 4200 1274 4251 illi
1324 4214 1451 4251 vero
1505 4214 1609 4251 nou
1667 4209 1956 4263 cessantes,
2016 4216 2199 4270 pacem

659 4289 789 4356 ipsis
821 4299 871 4342 et
906 4291 1041 4342 bona
1065 4289 1402 4341 nuntiabant.
1435 4288 1607 4353 Quare
1636 4290 1810 4341 subdit
1842 4305 1854 4339 :

2296 1936 2464 1981 σεται,
2501 1917 2568 1988 ἣν
2594 1915 2741 1986 αὐτῷ
2766 1915 2908 1985 μόνῳ
2950 1917 2978 1966 ὁ
3023 1913 3190 1984 μέγας
3234 1909 3424 1982 κριτὴς
3474 1905 3848 1977 ἐταμιεύσατο.

2293 2011 2581 2080 Μάχαιραν
2622 2008 2854 2061 ἐνταῦθα
2893 2006 3037 2073 λέγει
3069 2005 3167 2075 τὴν
3206 2002 3479 2072 ἐνέργειαν
3527 1999 3628 2068 τῆς
3669 1997 3850 2064 δίκης·

2295 2103 2429 2156 ἀλλά
2457 2103 2548 2155 καί
2579 2102 2739 2169 ἁγίαν
2770 2099 2940 2160 καλεῖ,
2974 2094 3106 2167 ὁμοῦ
3150 2095 3245 2165 μέν
3278 2089 3759 2162 παραμυθούμενος
3786 2085 3854 2140 τδ

2295 2194 2518 2265 φοϐερὸν
2556 2192 2652 2262 τῆς
2683 2190 2932 2258 ἀπειλῆς,
2965 2186 3099 2258 ὁμοῦ
3132 2185 3188 2238 δὲ
3221 2185 3312 2238 καὶ
3347 2182 3578 2244 δεικνὺς,
3627 2179 3701 2241 ὼς
3746 2177 3854 2231 οὐκ

2295 2289 2373 2348 εἰς
2403 2283 2673 2338 ἀπώλειαν
2705 2279 3161 2351 καταστρέψωσιν
3182 2279 3230 2329 οἰ
3255 2273 3666 2346 τιμωρούμενοι·
3689 2271 3831 2337 ἀγιω

2295 2377 2458 2446 σύνης
2479 2393 2537 2428 τε
2566 2375 2744 2438 αὐτοῖς
2766 2375 2935 2426 αἴτιον
2965 2371 3111 2423 ἔσται
3141 2365 3472 2438 μετανοοῦσι.
3496 2364 3605 2418 Καὶ
3622 2361 3728 2433 γὰρ
3746 2360 3855 2414 οὐκ

2295 2468 2548 2522 ἀπολέσαι
2591 2465 2836 2535 βούλεται
2879 2464 2908 2514 δ
2956 2461 3087 2524 Θεὸς
3125 2457 3409 2522 παιδεύων,
3455 2454 3590 2509 ἀλλά
3615 2452 3854 2525 καθᾶραι

2295 2562 2387 2614 καὶ
2416 2559 2634 2629 ἁγιάσαι
2664 2555 3109 2626 ἐπιστρέψαντας.

2366 2757 2384 2789 ι
2428 2737 2506 2808 Τῇ
2553 2737 2730 2807 ἡμέρα
2779 2736 2958 2803 ἐκείνῃ
3006 2730 3262 2801 ἀμπελὼν
3300 2728 3480 2790 καλὸς,
3531 2725 3854 2796 ἐπιθύμημα

2294 2829 2541 2900 ἐξάρχειν
2576 2829 2693 2881 καττ
2728 2826 2914 2894 αὐτῆς.
2964 2822 3102 2891 Ἐγὼ
3151 2820 3300 2882 πόλις
3341 2818 3532 2890 όχυρά,
3579 2818 3728 2882 πόλις
3759 2833 3855 2869 πο-

2293 2920 2668 2994 λιορκουμένη,
2731 2919 2903 2988 μάτην
2951 2913 3116 2968 ποτιῶ
3169 2913 3336 2983 αὐτήν
3361 2928 3373 2940 ·
3439 2908 3696 2962 ἁλώσεται
3738 2908 3856 2980 γὰρ

2294 3013 2503 3074 νυκτὸς,
2554 3011 2762 3081 ἡμέρας
2801 3008 2858 3061 δὲ
2897 3009 3136 3060 πεσεῖται
3174 3003 3236 3055 τὸ
3280 3005 3455 3071 τεῖχος
3503 3001 3688 3070 αὐτῆς.
3735 2999 3856 3052 Οὐκ

2299 3103 2441 3156 ἐστιν
2483 3103 2516 3173 ἢ
2549 3101 2648 3153 οὐκ
2676 3097 2965 3152 ἐπελάΰετο
2996 3095 3185 3163 αὐτῆς.
3219 3092 3312 3155 Τίς
3357 3108 3423 3162 με
3463 3091 3615 3161 θήσει
3648 3088 3856 3158 φυλάσ-

2299 3211 2410 3247 σειν
2447 3193 2693 3262 καλάμην
2737 3191 2794 3241 ἐν
2835 3187 3020 3258 amp;
3068 3185 3154 3239 διά
3199 3183 3296 3255 τὴν
3344 3182 3603 3252 πολεμίαν
3647 3181 3856 3251 ταύτην

2292 3287 2531 3357 ήθέτηκα
2592 3284 2774 3353 αὐτήν.
2821 3281 3009 3334 Τοίνυν
3049 3279 3137 3331 διὰ
3181 3276 3338 3330 τοῦτο
3380 3276 3601 3345 ἐποίησε
3648 3271 3857 3345 Κύριος

2293 3378 2466 3430 πάντα
2486 3377 2585 3429 ὅσα
2615 3373 2886 3438 συνέταξε.
2915 3369 3362 3438 Κατακέκαυμαι.
3397 3387 3413 3417 ι
3452 3367 3510 3420 '0
3529 3365 3584 3419 δέ
3605 3363 3729 3428 νοῦς
3753 3363 3856 3418 τοῦ

2292 3468 2447 3536 λόγου
2483 3465 2718 3527 τοιοῦτός
2750 3466 2897 3516 ἐστι·
2933 3463 3022 3533 Μή
3057 3478 3108 3514 τι
3150 3460 3318 3513 κακὸν
3375 3457 3497 3511 ἀντὶ
3535 3455 3705 3513 κακοῦ
3735 3456 3857 3518 τοῖς

2295 3556 2499 3609 εθνεσιν
2537 3554 2850 3608 ἀπεδίδοσαν
2895 3555 2942 3605 οἱ
2988 3550 3345 3622 κηρύττοντες
3385 3547 3566 3611 αὐτοῖς
3597 3545 3856 3617 ιίρήνηνς

2293 3648 2360 3700 Oi
2397 3647 2491 3716 μὲν
2521 3645 2626 3715 γάρ
2656 3644 2874 3696 ἐδίωκον
2915 3642 3109 3703 αὐτοὺς
3155 3641 3249 3693 καὶ
3287 3638 3498 3709 πληγὰς
3534 3633 3811 3698 ἐπιθέντες
3837 3649 3858 3665 ο

2295 3735 2344 3789 εἰ
2375 3736 2431 3789 δὲ
2457 3735 2526 3788 τὰ
2551 3735 2807 3788 κάλλιστα
2840 3735 3020 3796 αὐτοῖς
3042 3733 3140 3801 τὴν
3166 3732 3386 3802 εἰρήνην
3418 3727 3850 3802 εὐηγγελίζοντο.

2296 3829 2438 3898 Μήτι
2483 3824 2574 3880 οὖν
2620 3827 2688 3878 τὰ
2729 3826 2817 3877 ἴσα
2845 3825 3095 3894 ,ἔπασχον
3128 3825 3175 3876 οἰ
3222 3823 3280 3886 ἐξ
3327 3820 3516 3884 ἐθνῶν,
3550 3819 3859 3884 ἀδικοῦντες

2296 3921 2421 3981 τοὺς
2460 3919 2558 3988 τῆς
2590 3919 2810 3987 εἰρήνης
2851 3917 3128 3985 κήρυκας;
3163 3915 3429 3965 Ἔτυπτον
3460 3911 3590 3982 γάρ,
3631 3911 3725 3964 καὶ
3754 3912 3858 3964 οὐκ

2298 4009 2699 4070 ἀντετύπτοντο,
2722 4009 2814 4060 καὶ
2850 4005 3100 4077 ἀνῄρουν,
3145 4003 3256 4057 ἀλλ’
3290 4004 3390 4058 οὒκ
3433 4001 3858 4074 ἀντανῃροῦντο·

2300 4101 2392 4151 καὶ
2439 4099 2728 4169 μαχόμενοι
2773 4097 2828 4150 δὲ
2872 4090 2962 4150 καὶ
2998 4095 3359 4159 ὀνειδίζοντες,
3398 4094 3617 4147 ἐδίωκον
3659 4093 3859 4154 αὐτοὺς

2301 4193 2393 4243 καί
2436 4189 2844 4258 ἐξαπέστελλον·
2872 4191 2918 4241 οἰ
2958 4189 3012 4240 δὲ
3049 4189 3148 4240 οὐκ
3178 4187 3482 4259 ἀνεχώρουν
3520 4185 3613 4238 τοῦ
3649 4187 3743 4257 τήν
3773 4186 3859 4237 si-

2303 4284 2468 4354 ρῄνην
2507 4283 2598 4334 καὶ
2628 4281 2720 4334 τοῦ
2754 4281 2821 4334 τά
2851 4280 3030 4347 ἀγαθὰ
3056 4281 3235 4341 αὐτοῖς
3267 4275 3729 4345 εὐαγγελίζεσθαι.
3765 4276 3860 4331 Διδ

2303 4373 2561 4440 ἐπιλέγει·

729 4469 888 4523 Vens.
929 4468 1042 4522 5-8.
1090 4487 1106 4519 t
1127 4467 1445 4546 Clamabunt
1474 4467 1804 4521 habitatores
1833 4467 1946 4535 ejus
1974 4486 1986 4521 :
2017 4467 2195 4521 Facia-

2377 4482 2396 4512 t
2433 4465 2718 4533 Βοήσονται
2763 4464 2806 4516 0i
2855 4462 3183 4524 ἐνοικοῦντες
3228 4462 3283 4514 ἐν
3334 4462 3494 4530 αύτῇο
3545 4461 3861 4530 ποιήσωμεν

658 4575 776 4614 mus
807 4575 991 4626 pacem
1025 4575 1142 4612 cum
1175 4574 1259 4622 eo,
1293 4559 1553 4611 faciamus
1596 4573 1777 4623 parem
1815 4574 1828 4610 :
1859 4559 1947 4625 qni
1982 4559 2200 4611 veniunt

659 4651 751 4703 lilii
780 4651 945 4704 Jacnh
987 4650 1378 4716 gt-t'tnittabuttt,
1428 4659 1482 4703 et
1517 4647 1725 4703 ﬂorebit
1758 4650 1916 4705 Israel
1950 4668 1963 4702 :
1993 4659 2047 4702 et
2098 4652 2198 4703 ittto

660 4740 892 4806 plebitnr
924 4750 1063 4791 terra
1097 4738 1270 4792 fructu
1303 4740 1435 4805 ejus.
1480 4739 1613 4792 Nunt
1657 4741 1794 4794 sicut
1838 4743 1949 4810 ipse
1977 4755 2201 4808 percus-

660 4833 751 4896 sit,
807 4841 858 4883 ct
914 4831 1024 4897 ipse
1077 4831 1323 4883 similiter
1380 4831 1741 4898 peretttietur?
1795 4841 1848 4885 et
1893 4833 2032 4884 sicut
2089 4831 2202 4897 ipse

661 4923 878 4981 occidit,
907 4922 974 4972 ita
1001 4921 1305 4975 occidetur?
1329 4920 1576 4991 Pttgnans
1601 4935 1655 4975 et
1689 4920 2017 4987 exprobrans
2044 4921 2205 4974 emit-

663 5020 736 5064 tct
765 5026 877 5062 ens.
910 5009 1092 5061 Nnttne
1117 5021 1166 5060 tu
1198 5025 1339 5073 eras,
1370 5010 1458 5076 qui
1492 5012 1836 5065 tnctlitabaris
1854 5011 2046 5080 Spiritu
2069 5011 2202 5064 duro

662 5098 964 5152 interficere
991 5112 1082 5150 eos
1113 5100 1298 5165 spiritu
1338 5099 1618 5152 furoris?!
1661 5099 1781 5153 lltec
1829 5103 1972 5153 enim
2025 5099 2198 5154 medi-

660 5190 906 5243 tabantur
945 5190 1015 5242 illi
1066 5204 1130 5244 ex
1171 5192 1413 5258 gentibus
1459 5190 1716 5253 infideles,
1755 5191 1978 5258 tspiritu
2019 5193 2151 5243 duro
2177 5209 2197 5242 ι

659 5290 842 5334 contra
903 5282 1167 5349 apostolos
1207 5281 1403 5334 Christi
1461 5283 1738 5350 occupati,
1773 5283 2006 5352 nihilque
2055 5282 2200 5336 aliud

662 5374 976 5438 cogitantes,
1008 5389 1164 5438 quam
1200 5375 1461 5442 quomodo
1497 5375 1684 5428 eodem
1712 5375 1897 5443 spiritu
1926 5377 2201 5430 interfice-

663 5472 776 5515 rent
802 5476 913 5515 eos.
944 5462 1048 5517 Sed
1076 5465 1326 5531 quoniam
1378 5467 1627 5519 mrtunnis
1667 5465 1965 5533 hnjusntodi
2016 5466 2198 5522 allecti

665 5552 760 5616 illi,
807 5569 825 5602 ι
850 5567 912 5605 ex
940 5551 1105 5608 Jacob
1147 5558 1531 5626 germinantes,
1583 5563 1633 5609 et
1673 5570 1737 5610 ex
1777 5556 1939 5613 Israel
1983 5556 2198 5613 eﬂlore-

726 5730 766 5759 "
799 5730 1125 5786 Deut.xxxn.
1163 5731 1248 5783 I5.
1327 5734 1368 5764 ὀ
1399 5733 1532 5786 Psal.
1562 5747 1702 5794 χειν,
1729 5731 1777 5783 7.

2305 4556 2523 4626 εἰρήνην
2558 4555 2725 4624 αὐτῷ,
2759 4555 3068 4622 ποιήσωμεν
3098 4554 3342 4622 εἰρήνηνο
3378 4552 3426 4604 οἱ
3458 4553 3736 4621 ἐρχόμενοι
3771 4551 3858 4604 τέ-

2305 4662 2407 4698 κνα
2454 4644 2645 4698 Ἰακὼὸ
2681 4645 2993 4714 βλαστήσει,
3038 4645 3130 4696 καὶ
3160 4643 3436 4712 ἐξανθήσει
3492 4643 3723 4714 Ἰσραὴλ,
3762 4644 3860 4696 καὶ

2305 4735 2737 4805 ἐμπλησθήσεται
2781 4738 2814 4806 ἡ
2848 4735 3132 4804 οἰκουμένη
3165 4730 3253 4787 τοῦ
3298 4734 3506 4804 καρποῦ
3549 4733 3730 4787 αὑτοῦ.
3766 4736 3864 4809 Mt]

2308 4826 2380 4888 ὡς
2411 4826 2569 4889 αὐτὸς
2593 4825 2846 4889 ἐπάταξε,
2873 4827 2964 4878 καὶ
2984 4826 3141 4889 αὐτὸς
3166 4825 3334 4888 οὕτως
3358 4826 3688 4896 πληγήσεται
3707 4843 3720 4856 ·
3761 4829 3864 4880 καὶ

2309 4917 2381 4979 ὡς
2413 4917 2572 4980 αὐτὸς
2601 4917 2825 4980 ἀνεῖλεν,
2865 4914 3036 4979 οὕτως
3064 4917 3504 4990 ἀναιρεθήσεται;
3537 4918 3864 4988 Μαχόμενος

2310 5009 2400 5059 καὶ
2427 5007 2694 5071 ὀνειδίζων
2720 5007 3062 5072 ἐξαποστελεί
3085 5007 3296 5072 αὐτούς.
3327 5011 3400 5062 Οὐ
3432 5010 3495 5060 σὺ
3529 5005 3670 5080 ἦσθα
3701 5007 3865 5078 μελε-
3891 5038 3894 5040 ~

2309 5097 2415 5149 τῶν
2456 5099 2531 5168 τῷ
2559 5098 2825 5167 πνεύματι
2848 5099 2923 5169 τῷ
2966 5098 3200 5170 σκληρῷ,
3225 5100 3431 5153 ἀνελεῖν
3467 5101 3660 5162 αὐτοὺς
3695 5099 3869 5150 πνεύ-

2313 5203 2436 5256 ματι
2483 5188 2685 5258 θυμοῦς
2732 5208 2750 5238 ι
2802 5188 2981 5242 Ταῦτα
3033 5188 3139 5260 γάρ
3179 5187 3441 5258 ἐμελέτων
3484 5188 3534 5239 οἰ
3580 5185 3638 5250 ἐξ
3688 5183 3868 5237 ἐθνῶν

2307 5260 2517 5334 ἄπιστοι
2558 5280 2697 5333 κατά
2732 5279 2838 5331 τῶν
2883 5281 3186 5333 ἀποστόλων
3227 5279 3320 5332 τοῦ
3358 5277 3594 5350 Χριστοῦ
3641 5296 3659 5328 ι
3699 5276 3871 5330 πνεύ-

2311 5387 2435 5440 ματι
2470 5372 2687 5443 σκληρῷ
2718 5390 2736 5422 ι
2786 5371 3150 5440 κατεχόμενοι,
3194 5372 3286 5425 καὶ
3326 5371 3476 5424 οὐδὲν
3515 5369 3699 5439 ἕτερον
3743 5370 3869 5424 διο..

2307 5463 2600 5536 νοούμενοι,
2653 5464 2685 5534 ἢ
2723 5464 2867 5528 ὅπως
2913 5465 3170 5519 ἀνέλωσιν
3225 5467 3419 5528 αὐτοὺς
3459 5463 3536 5536 τῷ
3579 5466 3636 5518 ὲν
3677 5466 3867 5531 αὐτοῖς

2308 5557 2592 5629 πνεύματι.
2636 5557 2772 5611 Ἀλλ’
2820 5557 2999 5628 ἐπειδὴ
3039 5556 3258 5611 τοιαῦτα
3286 5560 3580 5628 πάσχοντες
3602 5559 3649 5610 οἰ
3679 5559 3742 5610 ἐκ
3764 5557 3863 5612 τοῦ
