4120 6294
717 325 816 382 291

1377 315 1643 375 EUSEBII
1680 315 2157 373 CIESABIENS‘IS
2194 315 2343 370 OPP.
2387 314 2566 369 PARS
2606 313 2694 370 Ill.
2733 344 2794 353 —
2839 313 3245 369 EXEGETICA.
3299 349 3306 356 ο

3843 315 3959 373 292

719 454 865 511 pere,
921 452 1020 492 non
1079 437 1131 488 in
1178 450 1238 490 se
1287 444 1566 490 venturam
1614 450 1734 490 esse
1775 436 2086 504 sperabant,
2135 436 2266 504 quod

2378 431 2517 488 εἷναι
2549 436 2614 504 τῇ
2666 436 3015 506 ἀντικειμένῃ
3052 432 3277 505 δυνάμει
3307 435 3400 487 καὶ
3435 433 3578 505 αὐτῷ
3606 432 3684 505 τῷ
3714 433 3954 508 θανάτῳ,

719 532 818 600 ipsi
855 529 1179 583 adversariae
1225 529 1480 598 potestati
1537 537 1588 580 et
1639 527 1797 580 morti
1845 526 2082 579 amicitia
2105 524 2274 592 juncti

716 631 933 675 essent:
966 615 1135 674 ideo}
1165 621 1364 679 audite,
1392 638 1409 672 ι
1448 618 1644 687 inquit,
1685 635 1704 668 ι
1734 617 1955 671 verbum
1991 616 2218 670 Domini.
2251 637 2270 668 ι
2317 691 2322 696 θ

784 710 948 764 Vens.
979 711 1067 763 16.
1108 729 1128 762 ι
1154 709 1442 777 Pmpterea
1496 708 1609 762 [nec
1647 708 1778 762 dicit
1808 708 2109 762 Dominus:
2143 708 2277 764 Ecce

713 812 812 868 ego
837 801 1120 853 immittam
1166 802 1216 855 in
1262 798 1607 852 fundamenta
1653 799 1783 853 Sion
1809 799 2040 866 lapidem
2074 801 2278 869 pretio-

713 904 856 956 sum,
908 892 1158 956 electum,
1210 890 1543 960 angularem,
1599 891 1975 945 honorabilem
2006 891 2056 943 in
2088 891 2278 945 fomla-

715 993 891 1038 menta
924 984 1077 1051 ejus;
1113 993 1165 1037 ct
1196 984 1286 1052 qui
1315 982 1611 1035 crediderit
1653 983 1706 1035 in
1754 997 1840 1047 eo,
1899 997 2003 1035 non
2037 982 2278 1036 confun-

713 1072 895 1130 detur.
939 1091 958 1125 ι
1021 1074 1128 1128 Vos
1179 1074 1398 1142 quidem
1443 1073 1672 1140 primum
1719 1075 1871 1127 vobis
1927 1075 2274 1141 prmdicatam

715 1167 943 1234 gratiam
982 1179 1090 1219 non
1122 1163 1440 1232 suscepistis
1475 1181 1489 1218 :
1525 1179 1624 1232 ego
1655 1178 1782 1217 vero
1823 1162 2060 1233 lapidem
2097 1180 2273 1218 meum

714 1256 1008 1323 pretiosum
1050 1265 1106 1311 et
1149 1256 1520 1312 ltonorabilem
1571 1256 1623 1308 in
1678 1255 1889 1324 angulis
1915 1255 2272 1319 constituens,

710 1345 980 1400 excelsum
1018 1361 1167 1411 eum,
1201 1346 1485 1407 illustrem,
1527 1347 1906 1416 omnibusque
1937 1347 2058 1400 aliis
2105 1350 2277 1401 mani-

708 1435 904 1490 festum
943 1436 1162 1501 faciam,
1203 1447 1261 1490 ut
1288 1437 1534 1506 quisquis
1569 1438 1620 1490 in
1647 1439 1816 1506 ipsum
1859 1438 2169 1503 crediderit,
2209 1455 2276 1494 ne

709 1539 802 1592 spe
838 1525 1069 1580 labatur.
1123 1526 1276 1580 Hunc
1316 1540 1480 1593 porro
1531 1527 1760 1594 lapidem
1811 1527 1864 1582 in
1913 1529 2276 1585 fundamentis

711 1615 841 1669 Sion
888 1631 946 1670 se
975 1617 1272 1684 positurum
1323 1617 1631 1685 pollicetur,
1667 1619 1810 1688 quod
1865 1621 2028 1674 etiam
2071 1621 2270 1688 effecit,

709 1722 832 1759 cum
867 1709 967 1761 hoc
992 1707 1194 1762 dictum
1242 1709 1553 1777 complevit,
1603 1729 1620 1761 ι
1655 1709 1828 1780 Supra
1871 1721 2076 1780 petram
2102 1713 2269 1768 :edifi.

2380 528 2562 596 φησιν,
2598 545 2616 578 ι
2647 527 2914 581 ἀκούσατε
2947 526 3104 594 λόγον
3133 526 3358 597 Κυρίου.
3403 545 3422 578 ι

2454 726 2469 756 ι
2501 705 2600 759 Διὰ
2617 706 2773 760 τοῦτο
2796 707 2920 761 τάδε
2963 706 3110 774 λέγει
3142 706 3360 778 Κύριοςο
3400 709 3531 763 Ἰδοὺ
3568 707 3682 776 ἐγὼ
3726 708 3953 779 ἐμϐαλῶ

2377 801 2455 861 εἰς
2481 799 2548 852 τά
2577 799 2800 869 θεμέλια
2833 799 2973 872 ξιὼν
2996 799 3140 854 λίθον
3168 800 3453 871 πολυτελῆ,
3484 801 3756 865 ἐκλεκτὸν,
3779 802 3955 873 ἀκρο-

2377 893 2647 959 γωνιαίον,
2701 890 2916 961 ἔντιμον
2965 891 3135 959 εἰςῖτά
3182 891 3408 962 θεμέλια
3439 892 3626 962 αὐτῆς·
3660 893 3752 947 καὶ
3782 895 3812 946 ό
3859 910 3954 945 πι-

2379 981 2581 1034 στεύων
2615 982 2700 1033 ἐπ’
2731 981 2904 1052 αὐτῷ,
2935 983 2996 1035 οὐ
3029 982 3104 1053 μὴ
3136 983 3523 1054 καταισχυνθῇ.
3560 1003 3579 1034 ι
3637 984 3824 1055 Ὑμεῖς
3849 985 3954 1053 μὲν

2376 1074 2436 1124 οὺ
2467 1071 2832 1142 παρεδέξασθε
2878 1074 2978 1144 τὴν
3006 1072 3236 1142 πρώτως
3261 1074 3389 1143 ὑμῖν
3417 1072 3952 1142 κατεπαπελθεῖσαν

2377 1161 2556 1231 χάρινο
2604 1159 2712 1229 ἐγὼ
2759 1161 2816 1213 δὲ
2848 1162 2938 1214 τὸν
2972 1163 3207 1233 ἐμαυτοῦ
3231 1162 3378 1216 λίθον
3416 1163 3509 1216 τὸν
3536 1161 3794 1234 πολυτελῆ
3851 1163 3952 1214 καὶ

2376 1253 2554 1322 τίμιον
2581 1256 2638 1306 ἐν
2673 1254 3034 1324 ἀκρογωνίαις
3070 1253 3311 1318 ἀναθεὶς,
3333 1254 3534 1325 ὑψηλὸν
3557 1257 3651 1309 καὶ
3681 1256 3944 1326 ἐπιφανῆ,

2377 1348 2594 1409 καὶτοῖς
2617 1345 2794 1410 ἄλλοις
2816 1350 2981 1399 πᾶσιν
3017 1346 3236 1415 ἔκδηλον
3263 1349 3493 1417 ποιήσω,
3527 1348 3672 1410 ὅπως
3699 1349 3805 1411 πᾶς
3855 1349 3954 1401 ἐπ’

2376 1435 2536 1487 αὑτὸν
2569 1434 2839 1488 πιστεύων
2890 1436 2964 1506 μὴ
3013 1435 3220 1508 ἐκπέσῃ
3251 1436 3348 1505 τῆς
3380 1435 3613 1499 ἐλπίδος.
3647 1435 3846 1489 Τοῦτον
3887 1435 3952 1489 δὲ

2376 1526 2465 1580 τὸν
2491 1527 2634 1580 λίθον
2650 1526 3041 1594 ἐπαγγέλλεται
3067 1526 3250 1596 θήσειν
3278 1527 3358 1588 εἰς
3383 1527 3452 1579 τὰ
3485 1527 3710 1597 θεμέλια
3739 1526 3899 1590 Σιὼν,
3915 1526 3953 1580 ὃ

2374 1619 2438 1688 δὴ
2492 1620 2583 1672 καὶ
2627 1617 2773 1688 ἔργῳ
2805 1619 3121 1687 πεποίηκεν,
3167 1614 3336 1670 εἰπὼν
3369 1618 3462 1670 καὶ
3508 1617 3819 1682 ἐπιτελέσας
3859 1617 3946 1682 τὸ,

2381 1728 2399 1758 ι
2437 1708 2556 1761 Ἐπὶ
2576 1708 2672 1778 τὴν
2700 1710 2905 1780 πέτραν
2928 1707 3258 1777 οἰκοδομήσω
3286 1724 3385 1778 μου
3413 1707 3510 1778 τὴν
3537 1708 3877 1781 Ἐκκλησίαν.
3918 1727 3942 1762 a

709 1798 843 1852 cabo
883 1799 1178 1854 Ecclesiam
1212 1816 1384 1853 meam
1418 1802 1485 1855 “.
1517 1821 1537 1854 ι
1574 1801 1707 1855 Nam
1746 1813 1982 1858 montem
2009 1804 2140 1859 Sion
2177 1821 2266 1874 pro

2376 1796 2512 1849 Σιὼν
2556 1796 2664 1868 γὰρ
2707 1797 2832 1869 ὄρος
2876 1799 2937 1851 τὸ
2978 1798 3327 1866 εύαγγελικὸν
3371 1802 3653 1870 κήρυγμα,
3706 1780 3798 1854 καὶ
3852 1800 3947 1853 ἐπὶ

707 1891 1014 1960 evangelica
1042 1891 1446 1960 przedicatione,
1481 1901 1536 1946 et
1568 1908 1664 1962 pro
1695 1892 1934 1948 Ecclesia
1971 1907 2130 1962 supra
2151 1910 2272 1949 eam

706 1979 928 2035 fundata
979 1982 1298 2051 plerumque
1343 1983 1674 2056 accepimus.
1725 1983 1882 2038 Hunc
1933 1999 2095 2054 porro
2135 1984 2272 2054 lapi—

707 2073 828 2126 dem
858 2074 1175 2142 pretiosum,
1222 2073 1452 2128 electum
1491 2083 1546 2129 et
1593 2073 1965 2128 bonorabilem
1998 2076 2050 2128 in
2081 2075 2273 2128 funda-

705 2175 882 2219 menta
940 2164 1189 2219 Ecclesiae
1227 2179 1288 2219 se
1339 2165 1640 2233 positurum
1694 2165 1997 2234 promittit;
2041 2164 2272 2234 indeque

702 2261 787 2307 est
821 2256 962 2323 quod
1013 2255 1288 2325 angularis
1322 2264 1377 2309 et
1410 2270 1658 2316 summus
1703 2256 1986 2326 angularis
2023 2267 2266 2312 vocetur.

703 2343 1004 2401 Humanum
1035 2356 1215 2401 autem
1247 2345 1548 2405 Salvatoris
1605 2345 1775 2399 nostri
1822 2360 2019 2413 corpus
2051 2345 2133 2400 sic
2167 2361 2266 2400 vo-

708 2438 823 2493 cari
859 2439 1052 2508 potuit,
1080 2437 1362 2506 quoniam,
1414 2437 1713 2492 secundum
1749 2434 2048 2499 Danielem,
2081 2451 2101 2485 ι
2133 2433 2269 2501 lapis

701 2527 914 2582 excisus
939 2529 1058 2583 sine
1087 2529 1358 2589 manibus,
1397 2546 1418 2579 ι
1455 2527 1607 2580 visus
1633 2525 1768 2592 fuit;
1801 2526 1874 2580 ita
1906 2535 1964 2579 ut
1991 2525 2127 2593 lapis
2149 2528 2269 2595 qui-

703 2619 822 2672 dem
845 2634 942 2687 pro
972 2620 1205 2673 humano
1232 2632 1478 2686 corpore,
1512 2630 1667 2670 mons
1696 2630 1795 2686 pro
1817 2614 2118 2670 Salvatoris
2147 2615 2264 2671 dei-

704 2719 830 2774 tale,
869 2709 1219 2779 intelligatur.

769 2800 934 2856 Vens.
965 2802 1052 2857 i7.
1088 2820 1106 2852 ι
1134 2800 1201 2854 Ει
1228 2815 1421 2871 ponam
1450 2799 1714 2867 judicium
1744 2800 1796 2856 in
1833 2814 2013 2870 spem:
2056 2798 2268 2855 miseri-

700 2892 883 2944 cordia
911 2900 1093 2945 autem
1142 2907 1258 2944 mea
1307 2892 1359 2944 in
1411 2893 1690 2962 pondera;
1725 2900 1781 2946 et
1811 2892 1906 2960 qui
1940 2892 2105 2947 fiditis
2151 2891 2267 2948 fru-

701 2992 808 3036 stra
841 2983 1142 3046 mendacio,
1195 2982 1322 3051 quia
1379 2997 1484 3036 non
1541 2982 1894 3051 pertransibit
1935 2997 2031 3036 vos
2056 2992 2264 3053 tempe-

2372 1888 2546 1958 τούτῳ
2577 1887 3045 1960 τεθεμελιωμένην
3088 1889 3410 1960 Ἐκκλησίαν
3443 1889 3701 1955 πολλάκις
3739 1891 3945 1962 ἐξειλή-

2373 1994 2568 2047 φαμεν.
2599 1977 2872 2050 Πολυτελῆ
2900 1979 2958 2033 δὲ
2982 1981 3110 2034 ὄντα
3130 1979 3222 2032 τὸν
3271 1980 3415 2033 λίθον
3440 1978 3628 2034 τοῦτον
3654 1982 3747 2035 καὶ
3787 1980 3950 2036 ἐκλε-

2371 2067 2495 2119 κτὸν
2533 2068 2624 2122 καλ
2662 2069 2841 2138 τίμιον
2876 2068 3064 2139 θήσειν
3094 2071 3174 2131 εἰς
3216 2069 3283 2123 τά
3321 2068 3545 2140 θεμέλια
3577 2070 3673 2141 τῆς
3716 2071 3944 2141 Ἐκκλη-

2371 2159 2490 2222 σίας
2521 2160 2938 2227 ἐπαγγέλλεταιο
2971 2160 3220 2214 ἐντεῦθεν
3270 2164 3519 2230 γωνιαῖος
3569 2162 3663 2215 καὶ
3695 2163 3944 2232 ἀκρογω-

2368 2252 2535 2313 νιαῖος
2561 2249 2838 2319 κέκληται.
2878 2252 2976 2321 Εῐη
3007 2251 3052 2304 δ’
3084 2252 3150 2305 ἂν
3173 2252 3233 2305 τὸ
3270 2251 3604 2324 ἀνθρώπινον
3634 2253 3726 2306 τοῦ
3760 2255 3952 2325 Σωτῆ-

2377 2357 2465 2412 ρος
2496 2341 2654 2412 ἠμῶν
2684 2340 2853 2404 οὕτως
2883 2341 3269 2412 ὠνομασμένον
3301 2343 3478 2414 σῶμα
3507 2345 3630 2397 ἐπεὶ
3673 2346 3946 2406 καὶκατὰ

2368 2433 2459 2485 τὸν
2494 2433 2714 2505 Δανιὴλ,
2748 2452 2766 2485 ι
2810 2434 2953 2498 λίθος
2988 2435 3215 2505 τμηθεὶς
3251 2436 3380 2492 ἄνευ
3413 2435 3611 2511 χειρῶν
3649 2456 3669 2489 ι
3708 2440 3952 2510 ἑωρᾶτοο·

2365 2524 2513 2578 λίθου
2543 2525 2641 2596 μὲν
2665 2525 2760 2579 τοῦ
2793 2525 3133 2597 ἀνθρωπίνου
3157 2529 3449 2600 νοουμένου
3476 2528 3750 2600 σώματοςί
3777 2530 3954 2602 θρους.

2364 2617 2422 2670 δὲ
2452 2618 2552 2688 τῆς
2585 2617 2721 2671 κατὰ
2744 2619 2834 2671 τὸν
2867 2619 3096 2689 Σωτῆρα
3127 2619 3402 2691 θεότητος.

2440 2814 2458 2845 ι
2500 2796 2609 2850 Καὶ
2636 2794 2788 2867 Θήσω
2836 2797 3014 2867 κρίσιν
3053 2796 3133 2859 εἰς
3182 2795 3402 2850 ἐλπίδαο
3435 2796 3558 2867 ηδε.
3589 2793 3946 2867 ἐλεημοσύνη,

2369 2903 2470 2957 μου
2504 2889 2584 2950 εἰς
2615 2886 2914 2957 σταθμοὺς,
2944 2887 3039 2940 καὶ
3076 2888 3126 2941 οἱ
3157 2888 3474 2952 πεποιθότες
3509 2889 3686 2960 μάτην
3727 2887 3938 2958 ψεύδει,

2364 2977 2448 3031 ὅτι
2491 2979 2553 3031 ού
2599 2981 2673 3049 μὴ
2720 2979 2976 3051 παρέλθῃ,
2999 2979 3143 3049 ὑμᾶς
3171 2981 3440 3050 καταιγίς.
3481 2999 3500 3032 ι
3527 2980 3687 3034 Κατὰ
3721 2981 3780 3034 δὲ
3809 2981 3946 3044 τοὺς

700 3080 833 3126 stas.
866 3090 886 3124 ι
931 3072 1238 3126 Secundum
1267 3071 1504 3141 reliquos
1542 3083 1722 3127 autem
1758 3076 2088 3143 interpretes
2121 3092 2141 3126 ι
2172 3077 2261 3144 qui

2367 3070 2584 3134 λοιποὺς
2613 3071 2975 3142 έρμηνευτὰς,
2997 3093 3013 3122 ι
3037 3075 3065 3126 ὁ
3094 3072 3362 3126 πιστεύων
3397 3073 3459 3126 οὐ
3489 3072 3731 3127 musci.
3769 3093 3788 3123 ι
3810 3074 3940 3127 Μαι-

700 3164 892 3226 credit,
929 3178 1034 3218 non
1075 3162 1372 3217 festinauit.
1409 3183 1428 3214 ι
1464 3162 1601 3218 Nam
1646 3165 1737 3234 qui
1788 3165 1984 3228 credit,
2013 3181 2263 3233 perseve—

2369 3161 2703 3234 κροθυμήσει
2752 3163 2860 3235 γάρ
2891 3166 2920 3216 ό
2954 3165 3244 3228 πιστεύων,
3293 3165 3602 3237 περιμένων
3633 3164 3729 3218 τοῦ
3775 3164 3950 3232 λόγου

697 3263 882 3309 ranter
910 3263 1048 3322 aget,
1077 3270 1187 3307 rem
1220 3255 1384 3308 verbo
1415 3256 1736 3324 promissam
1785 3264 2126 3324 exspectans.
2161 3257 2260 3314 Hic

699 3360 826 3398 vero
857 3345 992 3414 lapis
1023 3345 1204 3412 fuerit,
1241 3344 1462 3415 ipsaque
1489 3356 1640 3416 petra
1674 3346 1740 3400 de
1765 3359 1873 3415 qua
1913 3344 2163 3402 Salvator
2181 3347 2260 3400 di.

697 3436 876 3500 cebat,
917 3456 934 3488 ι
972 3436 1145 3505 Super
1193 3439 1331 3491 hanc
1374 3447 1584 3506 petram
1631 3437 1910 3493 aediﬁcabo
1959 3437 2257 3494 Ecclesiam

697 3543 894 3581 meam.
931 3546 950 3580 ι
983 3527 1081 3582 llic
1115 3526 1272 3596 lapis,
1300 3528 1384 3582 vel
1417 3543 1539 3583 cum
1560 3527 1850 3597 iudicabit,
1882 3545 2131 3600 magnam
2169 3531 2256 3595 iis,

698 3618 766 3674 de
793 3617 990 3687 quibus
1024 3617 1289 3686 judicium
1341 3620 1664 3685 instituitur,
1696 3635 1847 3691 spem
1882 3621 2097 3690 afferet,
2131 3625 2259 3693 quia

696 3713 822 3784 ipsi,
842 3713 1149 3783 iustissimo
1182 3713 1419 3782 pondere
1461 3722 1517 3766 et
1559 3727 1835 3780 mensura,
1887 3713 2259 3770 misericordia

694 3805 1004 3876 adiungitur
1027 3822 1042 3871 ;
1074 3803 1426 3873 quamobrem
1460 3803 1662 3856 dicitur
1687 3819 1702 3858 :

768 3897 928 3952 Vens.
965 3895 1050 3950 18.
1092 3912 1112 3947 ι
1146 3894 1512 3949 Misericordia
1549 3905 1729 3947 autem
1763 3907 1879 3948 mea
1902 3892 1965 3947 .in
1995 3893 2258 3962 pondera.

695 3989 762 4045 Et
800 4005 906 4043 non
932 3987 1140 4041 auferet
1185 3987 1337 4041 vobis
1382 3995 1766 4041 testamentum
1796 3986 2016 4041 mortis:
2054 3998 2109 4040 et
2130 4000 2257 4053 spes

693 4087 874 4134 vestra
913 4079 968 4132 in
1000 4076 1295 4143 infernum,
1325 4089 1432 4130 non
1463 4077 1840 4146 permanebit:
1893 4076 2129 4143 procella
2160 4093 2256 4132 ve-

693 4171 848 4226 niens
875 4170 918 4225 si
949 4168 1250 4234 transierit,
1292 4168 1448 4223 eritis
1482 4168 1556 4221 illi
1605 4169 1659 4221 in
1705 4169 2190 4224 conculcatiouem.
2222 4189 2242 4222 ι

690 4262 770 4319 Ne
793 4277 889 4318 vos
923 4261 1022 4330 ipsi
1062 4258 1364 4330 accipiatis,
1425 4258 1620 4328 inquit,
1661 4259 1951 4313 dicentes:
1990 4262 2255 4326 Quoniam

691 4355 884 4409 mortis
916 4351 1076 4406 amici
1107 4365 1337 4419 ,sumus,
1385 4364 1492 4405 non
1525 4351 1692 4404 irruet
1721 4349 1774 4403 in
1800 4365 1899 4405 nos
1943 4359 2252 4419 tempestas,

2367 3253 2467 3324 τὴν
2499 3254 2847 3323 ἐπαγγελιαν.
2882 3248 3051 3319 Οὗτος
3077 3256 3122 3309 δ’
3146 3255 3214 3311 ἂν
3246 3256 3330 3328 εἴη
3356 3258 3386 3310 ὁ
3411 3256 3577 3321 λίθος,
3621 3259 3650 3310 ὁ
3688 3256 3849 3318 αὑτός
3877 3273 3942 3309 τε

2366 3341 2572 3412 πέτρα,
2618 3344 2744 3414 περὶ
2770 3339 2836 3415 ἧς
2867 3347 2895 3398 ὁ
2923 3342 3114 3417 Σὶυτὴρ
3150 3345 3301 3414 ἔλεγε
3325 3362 3340 3379 ·
3373 3365 3392 3398 ι
3441 3347 3564 3398 Ἐπὶ
3596 3346 3697 3418 τὴν
3730 3346 3951 3417 πέτραν

2363 3431 2567 3504 ταύτην
2599 3434 2935 3506 οἰκοδομήσω
2984 3453 3083 3506 μου
3116 3437 3215 3506 τὴν
3250 3437 3595 3508 Ἐκκλησίαν.
3631 3456 3654 3489 ι
3692 3432 3857 3500 Οὗτος
3908 3435 3947 3489 ὅ

2364 3525 2508 3589 λίθος
2537 3527 2629 3579 καὶ
2655 3527 2865 3598 κρίνων
2902 3527 3112 3595 ἀγαθὰς
3155 3529 3381 3599 παρέξει
3435 3532 3547 3593 τοῖς
3595 3531 3940 3602 κρινομένοις

2365 3616 2608 3680 ἐλπίδας,
2640 3618 2827 3688 ἐπειδὴ
2875 3616 3141 3688 συνῆπται
3200 3618 3352 3688 αὐτῷ
3404 3618 3740 3691 ἐλεημοσύνη
3795 3607 3951 3694 με·τὲ

2362 3707 2700 3762 δικαιοτάτου
2734 3709 2976 3780 σταθμοῦ
3005 3710 3103 3765 καὶ
3128 3710 3326 3783 μέτρου
3352 3728 3366 3740 ·
3393 3709 3476 3764 διδ
3503 3709 3772 3766 λέλεκταιο

2441 3924 2461 3957 ι
2493 3906 2556 3960 Ἡ
2568 3906 2624 3959 δὲ
2646 3907 2979 3981 ἐλεημοσύνη
3004 3929 3104 3982 μου
3126 3927 3207 3975 εις
3228 3911 3522 3982 σταθμούς.
3539 3913 3631 3985 Μὴ
3646 3915 3740 3990 καὶ
3757 3914 3948 3990 ἀφέλῃ

2365 3993 2518 4065 ὑμῶν
2550 3994 2648 4066 τὴν
2690 3995 2952 4068 διαθήκην
2981 3998 3075 4052 τοῦ
3106 3999 3337 4052 θανάτου
3359 4014 3375 4029 θ
3413 4001 3507 4054 καὶ
3527 4003 3570 4072 ἡ
3589 4001 3742 4066 ἐλπὶς
3779 4003 3946 4075 ὑμῶν
3979 3998 3984 4004 ’

2363 4088 2398 4158 ὴ
2429 4088 2562 4158 πρὸς
2598 4090 2690 4142 τὸν
2726 4089 2856 4160 ᾅδην
2884 4093 2944 4144 οὐ
2979 4089 3052 4164 μὴ
3081 4093 3336 4164 ἐμμείνῃ.
3362 4095 3628 4165 Καταιγὶς
3659 4097 3949 4172 φερομένη

2363 4177 2457 4240 ἐὰν
2485 4179 2705 4251 ἐπέλθῃ,
2741 4181 2929 4235 ἔσεσθε
2951 4184 3089 4254 αὐτῇ
3119 4189 3200 4248 εἰς
3234 4181 3677 4257 καταπάτημα.»
3707 4187 3800 4260 Μὴ
3822 4187 3942 4261 γὰρ

2363 4268 2603 4332 ἑαυτοὺς,
2632 4271 2812 4338 φησὶν,
2848 4269 3090 4325 daturis:
3124 4271 3686 4346 φάσκοντεςοἙπειδὴ
3718 4275 3798 4346 τῷ
3831 4274 3935 4332 θα-

2362 4357 2504 4428 νάτῳ
2533 4359 2916 4431 ὲφιλιὼθημεν,
2939 4363 3000 4415 οὐ
3039 4362 3113 4435 μὴ
3135 4363 3338 4438 ἐπέλθῃ
3369 4365 3452 4434 ἐφ’
3481 4366 3628 4435 ἡμᾶς
3652 4369 3928 4437 καταιγὶς,

692 4462 793 4501 nec
821 4445 1094 4513 quidpiam
1126 4443 1326 4499 doloris
1355 4442 1719 4512 experiemur.
1749 4439 1966 4502 Verum,
1985 4443 2119 4496 heus
2139 4458 2255 4511 vos,

2367 4448 2480 4500 οὑδέ
2527 4451 2974 4523 πειραθησόμεθά
3011 4470 3158 4516 τινος
3213 4453 3478 4525 λυπηροῦ.
3522 4455 3771 4510 Ἀκούετε
3821 4456 3945 4525 γὰρ

690 4536 799 4604 iam
832 4538 1011 4590 audite
1041 4545 1096 4589 et
1126 4534 1372 4596 ediscite,
1399 4533 1491 4602 qui
1528 4531 1814 4585 mendacio
1844 4529 2028 4596 fiditis,
2054 4532 2258 4586 dicitis-

691 4643 820 4699 que,
886 4643 904 4676 ι
962 4625 1243 4679 Ροειιίιιιυε
1296 4622 1635 4679 mendacium
1684 4638 1832 4692 spem
1884 4633 2150 4688 nostram,
2204 4633 2259 4678 et

693 4719 975 4776 mendacio
1033 4726 1374 4787 protegemur
1405 4732 1421 4780 ;
1457 4734 1476 4767 ι
1524 4715 1757 4784 procella
1810 4715 2115 4784 irrumpens
2157 4731 2258 4771 ne-

694 4824 962 4878 quaquam
1015 4822 1107 4862 vos
1157 4807 1492 4878 prasteribit;
1529 4808 1623 4861 sed
1654 4817 1890 4861 vestrum
1918 4821 2041 4859 cum
2082 4817 2259 4862 morte

693 4909 908 4973 pactum
939 4897 1166 4961 auferet,
1210 4912 1276 4951 ac
1323 4911 1447 4966 spes
1493 4906 1694 4962 vestra,
1727 4911 1886 4965 quam
1942 4897 1995 4951 in
2046 4897 2257 4954 inferno

694 4991 984 5058 repositam
1017 4990 1317 5054 habebatis,
1366 5004 1473 5044 non
1525 4988 1782 5044 manebit.
1826 4987 2106 5058 Siquidem
2155 4990 2258 5044 im-

695 5082 898 5136 becilla:
927 5084 1003 5137 rei
1039 5097 1132 5136 vos
1161 5080 1594 5146 concredidistis,
1625 5095 1747 5135 cum
1781 5080 1836 5134 in
1879 5090 2054 5134 morte
2084 5091 2141 5136 et
2175 5081 2258 5134 in-

696 5174 847 5227 ferno
874 5188 1022 5241 spem
1051 5183 1286 5228 vestram
1321 5175 1674 5244 apposuistis.

769 5262 926 5318 Vens.
957 5263 1136 5328 19,20.
1173 5282 1192 5315 ι
1222 5263 1358 5320 Cum
1391 5266 1692 5332 transierit,
1729 5265 1878 5322 tollet
1906 5281 1999 5321 vos
2031 5283 2045 5318 :
2077 5278 2254 5329 mane,

697 5367 872 5417 mane,
905 5353 1155 5408 transibit
1191 5357 1244 5409 in
1287 5356 1393 5420 die,
1431 5357 1574 5435 etin
1611 5367 1767 5413 nocte
1793 5360 1898 5412 erit
1932 5373 2058 5426 spcs
2090 5343 2250 5422 mala.
2299 5385 2308 5397 ο

696 5439 894 5497 Discite
923 5453 982 5498 ut
1007 5444 1257 5499 audiatis.
1311 5443 1370 5503 ln
1406 5447 1670 5516 angustiis
1705 5450 1863 5518 positi
1913 5465 2018 5505 non
2066 5463 2255 5518 possu-

697 5546 814 5584 mus
859 5547 1146 5602 pugnare:
1203 5536 1303 5606 ipsi
1347 5549 1528 5596 autem
1584 5539 1779 5594 infirmi
1820 5556 2032 5607 sumus,
2069 5550 2129 5596 ut
2157 5551 2252 5595 vos

693 5626 1111 5693 congregemini.
1157 5645 1175 5677 ι
1221 5626 1352 5682 Nam
1412 5631 1456 5685 si
1519 5630 1853 5700 voluissetis,
1901 5633 1954 5688 in
2008 5632 2254 5704 portione

770 5733 816 5766 “
842 5734 1032 5794 Matth.
1082 5752 1190 5801 xw,
1217 5738 1301 5794 l8.

2363 4541 2608 4598 ἐντεῦθεν
2636 4544 2734 4615 ἤδη
2780 4546 2873 4598 καὶ
2904 4543 3223 4615 μανθάνετε,
3264 4539 3310 4599 ὦ
3352 4539 3498 4600 οὗτοι
3530 4547 3580 4600 οἱ
3611 4547 3942 4612 πεποιθότες

2361 4628 2436 4699 τῷ
2471 4629 2652 4699 ψεύδει
2690 4633 2786 4686 καὶ
2829 4633 3130 4705 εἰρηκότες,
3172 4653 3192 4684 ι
3243 4634 3554 4706 Ἐθήκαμεν
3597 4635 3791 4706 ψεῦδος
3831 4637 3937 4707 τὴν

2361 4721 2546 4777 ἐλπίδα
2575 4725 2751 4807 ὴμῶν,
2785 4728 2879 4780 καὶ
2904 4726 2982 4798 τῷ
3013 4727 3196 4797 ψεύδει
3229 4728 3718 4801 σκεπασθησόμεθα
3737 4746 3751 4760 ·
3783 4748 3808 4781 ι
3847 4730 3935 4785 ὅτι

2361 4818 2609 4884 καταιγὶς
2653 4817 2998 4889 παρελθοῦσα
3042 4819 3104 4871 οὐ
3144 4819 3540 4890 παρελεύσεται
3584 4821 3728 4891 ὑμᾶς
3751 4836 3766 4850 ·
3791 4819 3938 4873 ἀλλὰ

2359 4904 2545 4976 ἀφελεῖ
2571 4909 2724 4979 ὑμῶν
2749 4911 2850 4980 τὴν
2889 4911 3026 4981 πρὸς
3054 4910 3145 4964 τὸν
3178 4911 3408 4965 Θάνατον
3438 4911 3731 4983 συνθήκην,
3762 4913 3859 4966 καὶ
3896 4916 3932 4980 ἠ

2361 4999 2512 5064 ἐλπὶς
2541 5002 2694 5072 ὑμῶν
2721 5006 2759 5082 η
2789 5003 2925 5075 πρὸς
2950 5003 3042 5058 τὸν
3074 5004 3208 5076 ᾅδην
3234 5005 3297 5058 οὗ
3341 5004 3415 5077 μὴ
3437 5003 3694 5077 ἐμμείνῃ.
3736 5002 3935 5075 Σαθρῷ

2361 5091 2468 5164 γὰρ
2498 5096 2789 5168 πράγματι
2817 5099 3040 5165 ἑαυτοὺς
3068 5098 3446 5163 ἐπιστεύσατε,
3467 5094 3682 5169 θανάτῳ
3709 5097 3803 5152 καὶ
3827 5097 3936 5171 ᾄδῃ

2361 5181 2458 5247 τὰς
2487 5174 2758 5256 ὑμετέρας
2782 5186 2999 5251 ἐλπίδας
3018 5187 3439 5260 άναρτήσαντες.

2438 5293 2457 5326 ι
2489 5275 2658 5330 Ὅταν
2674 5276 2942 5352 παρέλθῃ,
2974 5278 3201 5350 λήψεται
3225 5280 3393 5350 ὑμᾶς’
3437 5277 3584 5350 πρωῒ
3608 5277 3753 5350 πρωϊ
3789 5294 3930 5350 παρ-

2361 5364 2639 5422 ελεύσεται
2673 5369 2908 5440 ἡμέρας,
2935 5371 3028 5424 και
3063 5372 3121 5424 ἐν
3147 5371 3304 5424 νυκτὶ
3333 5370 3483 5424 ἐσται
3509 5370 3660 5435 ἐλπὶς
3686 5371 3923 5442 πονηρά.

2358 5452 2838 5535 καθετεάκούειν.
2867 5446 3380 5536 Στενοχωρούμενοι,
3412 5461 3474 5524 οὐ
3516 5458 3790 5531 δυνάμεθα
3817 5459 3925 5530 μάν

2359 5541 2547 5612 χεσθαι
2565 5565 2579 5580 ο
2607 5545 2761 5603 αὗτοὶ
2788 5550 2845 5604 δέ
2869 5547 3200 5623 ἀσθενοῦμεν
3228 5553 3322 5606 τοῦ
3357 5553 3499 5622 ὑμᾶς
3522 5551 3876 5622 συναχθῆναι.
3905 5570 3927 5601 r

2361 5638 2423 5692 Εἰ
2459 5641 2566 5714 γὰρ
2596 5643 2837 5715 ἐθέλητε,
2865 5646 2956 5699 καὶ
2984 5647 3041 5704 ἐν
3065 5647 3130 5716 τῇ
3166 5645 3337 5718 μερίδι
3372 5646 3462 5698 τοῦ
3489 5644 3621 5697 Θεοῦ
3657 5639 3928 5714 συναχθῇ-ο
