4120 6294
1140 337 1649 397 COMMENTARIA
1685 333 1754 390 IN
1797 330 2053 388 ιεΑιΑιι.
2094 359 2163 372 ——
2199 326 2351 385 CAP.
2396 323 2631 379 XXVIII.

232 502 406 623 μῖνοιῖ
434 550 620 619 ἐπειδὴ
638 548 700 601 δι
1060 502 1281 613 θανάτῳ
1306 540 1401 595 καὶ⁵
1426 502 1508 609 at};
1538 502 1639 609 ᾂέῃ
1672 502 1801 591 ιαῖυ.

1914 502 2480 587 sustinenda'inlirmi
2539 523 2776 589 essetis;
2845 519 2971 589 quia
3032 533 3165 572 vero
3236 516 3487 572 lubenter

228 606 349 707 τοὺς
377 606 892 712 προπκληριῦσατε,
917 606 1235 704 γινιῢσκετε,
1252 606 1350 684 ’ὅτι
1378 606 1489 700 ήδη*
1507 606 1637 699 ὑμῖν
1669 629 1801 679 ιπε-

1914 624 2061 677 morti
2094 632 2149 676 et
2183 620 2394 675 inferno
2426 630 2521 671 vos
2584 609 3120 677 dedidistis,scitote
3154 606 3267 675 jam
3308 607 3486 676 ipsum

223 731 470 786 λεύσεται
492 730 654 791 αὐτὸς
677 728 707 779 6
726 725 948 797 Κύριος,
965 724 1185 791 ἑπάγων
1208 720 1328 775 καθ’
1347 718 1499 789 ὑμῶν
1524 715 1693 789 ὀργὴν
1713 715 1804 769 διὰ

222 823 289 875 τὰ
322 820 695 893 προλεχθέντα
723 817 921 871 πάντα.

297 954 317 985 ι
360 936 576 1003 Ὠσπερ
601 930 727 1000 ὅρος
759 928 968 982 ἀσεϐῶν
1004 926 1369 995 ἀναστήσεται
1418 922 1623 994 Κύριος
1646 961 1660 984 ,
1708 921 1798 975 καὶ

223 1027 375 1079 εσται
407 1028 469 1077 ἑν
493 1026 563 1094 τῇ
596 1021 841 1093 φάραγγι
869 1017 1127 1073 Γαόαὼν·
1179 1016 1319 1088 μετά
1365 1014 1537 1085 θυμοῦ
1586 1017 1804 1081 ποιήσει

224 1114 292 1169 τὰ
320 1113 461 1184 ἔργα
494 1111 683 1175 αὐτοῦ,
720 1110 947 1181 πικρίας
975 1108 1155 1179 ἔργον.
1197 1125 1215 1158 ι
1249 1105 1481 1176 Πικρίας
1507 1102 1643 1175 ῑργα
1688 1106 1805 1165 τοῖς

224 1208 495 1279 δεηθεῖσιν
509 1206 698 1275 ὥσπερ
721 1202 991 1257 ἀντιδότου
1009 1200 1209 1270 πικρᾶς
1223 1198 1312 1251 διὰ
1328 1196 1426 1268 τὴν
1440 1193 1804 1264 ὑποκειμένην

224 1301 401 1355 αὐτῶν
432 1302 501 1371 τῇ
529 1298 673 1368 ψυχῇ
693 1295 909 1349 κακίαν.
922 1291 1124 1363 Πικρία
1143 1290 1200 1343 δι
1219 1289 1315 1344 καὶ⁵
1333 1289 1470 1360 ὀργὴ
1486 1288 1579 1341 καὶ
1609 1286 1801 1357 θυμὸς,

225 1395 315 1447 καὶ
342 1393 413 1447 τά
434 1390 655 1445 τοιαῦτα
680 1386 946 1458 λεγόμενα
972 1384 1065 1437 ἰπὶ
1090 1381 1224 1436 Θεοῦ
1244 1380 1395 1435 οὐδὲν
1427 1379 1611 1450 ἕτερον
1643 1378 1676 1448 ἥ
1706 1378 1804 1441 τὰς

226 1481 366 1537 κατά
391 1482 504 1534 τῶν
535 1476 746 1533 ἀσεϐῶν
768 1474 1016 1537 κολάσεις
1039 1472 1138 1535 τὰς
1163 1472 1228 1524 ὲκ
1258 1467 1353 1521 τοῦ
1382 1468 1528 1521 θείου
1555 1468 1808 1535 δικαστη-

228 1576 345 1646 ρίου
368 1570 803 1641 ὲπελευσομένας
818 1566 976 1621 εἴωθε
997 1564 1302 1635 σημαίνειν.
1324 1581 1342 1610 ι
1367 1562 1426 1613 Ὁ
1450 1559 1507 1612 δὲ
1523 1558 1691 1629 θυμὸς
1709 1560 1805 1611 αὑ-

219 1664 316 1717 τοῦ
372 1662 670 1734 ἀλλοτρίως
727 1661 1001 1732 χρήσεται,
1053 1654 1145 1710 καὶ
1181 1657 1215 1725 ή
1257 1653 1461 1723 σαπρία
1494 1650 1659 1704 αὐτοῦ
1709 1650 1805 1702 ἀλ-

224 1756 411 1827 λοτρία
432 1774 444 1785 ·
481 1774 500 1807 ι

297 1884 319 1919 ι
356 1866 469 1919 Καὶ
512 1865 670 1934 ὑμεῖς
713 1862 789 1934 μή
824 1856 1234 1932 εύφρανθείητε,
1265 1856 1398 1927 μηδὲ
1428 1854 1803 1925 ίσχυσάτωσαν

226 1957 256 2010 ὁ
263 1956 377 2027 μῶν
389 1957 440 2008 οἱ
455 1954 659 2025 δεσμοί·
676 1952 810 2006 διότι
827 1947 1279 2018 συντετελεσμένα
1289 1947 1384 1999 καὶ
1395 1962 1659 2015 συντετμη
1668 1943 1805 2013 μένα

228 2047 533 2119 πράγματα
566 2041 933 2115 ήκουσαπαρὰ
943 2039 1149 2112 Κυρίου
1166 2036 1414 2099 Σαϐαὼθ,
1431 2036 1466 2090 ἀ
1483 2036 1697 2106 ποιήσει
1713 2036 1806 2087 ἐπὶ

228 2140 406 2192 πᾶσαν
422 2138 521 2208 τὴν
536 2135 661 2206 γῆν.
682 2154 702 2186 ι
722 2134 873 2203 Μηδὶ
897 2130 1267 2202 ίαχυσάτωσαν
1281 2130 1330 2181 oi
1350 2127 1507 2191 πόδες
1532 2125 1707 2197 ὑμῶν,
1724 2120 1806 2189 οἷς

228 2228 557 2298 κατεδήσατε
588 2226 812 2288 εαυτοὺς
842 2222 1110 2295 διαθήκην
1138 2218 1380 2292 μετάτοῦ
1403 2219 1635 2273 θανάτου
1650 2234 1806 2287 ποιη-

228 2320 453 2388 σάμενοι
478 2318 571 2371 καὶ
595 2315 735 2388 μετά
764 2313 857 2369 τοῦ
874 2314 999 2386 ᾅδου
1031 2312 1301 2384 συνθήκας
1317 2329 1331 2342 ο
1353 2311 1466 2365 ἀλλ’
1494 2311 1548 2364 εί
1571 2327 1655 2372 τις
1678 2310 1806 2379 ὑμῖν

226 2411 344 2461 ἐστι
375 2406 651 2478 σωτηρίας
675 2405 853 2469 ἐλπὶς,
883 2402 1218 2477 διαρρήξατε
1246 2401 1377 2465 τοὺς
1410 2400 1546 2472 πρὸς
1577 2399 1670 2452 τὸν
1712 2398 1806 2451 θά-

230 2514 389 2550 νατον
431 2494 691 2563 δεσμούς·
722 2496 1047 2564 ἀναχωρείτε
1080 2491 1138 2545 δὲ
1174 2490 1269 2545 καὶ
1302 2490 1404 2561 τῆς
1444 2488 1806 2561 νομιζομένης

230 2576 359 2655 ὅμίν
388 2582 747 2654 εὐφροσύνης,
779 2582 879 2650 τῆς
910 2597 972 2633 τε
1000 2579 1337 2651 προσκαίρου
1381 2577 1662 2633 παύσασθε
1688 2576 1808 2648 ήδο-

230 2676 351 2747 τῆς·
393 2674 596 2726 τούτων
617 2673 726 2742 γὰρ
756 2674 938 2724 ὁποῖον
957 2670 1108 2722 ἔσται
1141 2669 1203 2721 τὸ
1226 2668 1380 2731 τέλος
1426 2667 1806 2739 μεμαθήκατε.

230 2766 418 2822 ταῦτα
448 2766 505 2818 δὲ
539 2766 613 2837 μὴ
641 2763 898 2835 νομίσητε
935 2762 1116 2832 λέγειν
1159 2761 1260 2831 ἐμὲ
1290 2760 1383 2813 τὸν
1414 2760 1735 2831 προφήτην·
1771 2757 1809 2812 ἀ

232 2857 340 2927 γὰρ
368 2857 576 2927 ήκουσα
601 2855 778 2925 ψυχῆς
812 2856 950 2925 ἀκοῇ
996 2852 1280 2923 εἰρηκότος
1306 2850 1400 2903 τοῦ
1446 2851 1658 2921 Κυρίου
1700 2850 1809 2902 Σα-

228 2948 402 3012 εαὼθ,
450 2946 603 3000 ταῦθ’
626 2947 755 3017 ύμῖν
810 2944 1155 3016 μεταδέδωκα
1176 2960 1189 2973 ⁸
1228 2941 1504 3013 ἠϐουλήθη
1534 2940 1643 3013 γάρ
1666 2942 1811 3012 ὑμᾶς

235 3043 309 3113 μή
329 3043 547 3109 ἀγνοεῖν
582 3039 648 3093 τὰ
674 3037 803 3110 παρ’
829 3036 978 3106 αὐτῷ
1008 3035 1367 3107 κεκρυμμένα
1396 3035 1490 3087 καὶ
1528 3034 1811 3104 ὡρισμένα

232 3134 321 3186 καὶ
346 3134 752 3202 συντεταγμένα
780 3132 1103 3201 πράγματα.

306 3244 325 3278 ι
380 3224 729 3288 Ἐνωτίζεσθε
771 3225 860 3277 καί
889 3222 1110 3277 ἀκούετε
1136 3211 1238 3290 τῆς
1265 3218 1447 3291 φωνῆς
1485 3234 1586 3288 μου
1610 3234 1623 3246 ·
1651 3232 1817 3287 προσ-

234 3323 389 3390 έχετε
420 3319 516 3372 καὶ
544 3317 766 3371 ἀκούετε
790 3317 917 3378 τοὺς
933 3315 1124 3383 λόγους
1146 3329 1268 3384 μου.
1307 3331 1325 3363 ι
1357 3311 1455 3363 Διά
1489 3309 1589 3379 μὲν
1627 3306 1724 3361 τοῦ
1745 3308 1813 3376 τῇ

233 3414 384 3481 φωνῇ
410 3413 476 3480 τῇ
499 3410 564 3463 δι’
582 3410 740 3481 ἀέρος
757 3406 1032 3478 φερομένῃ
1048 3405 1117 3459 τά
1137 3398 1252 3457 ὦτα
1274 3402 1531 3472 παρέχειν
1548 3399 1608 3451 τὸ
1628 3398 1817 3451 ἐνωτί-

233 3499 418 3566 ζεσθαι
450 3498 625 3570 δηλῶν
648 3514 661 3528 ·
689 3496 777 3551 διὰ
796 3496 853 3549 δὲ
878 3495 973 3548 τοῦ
1009 3493 1226 3549 ἀκούειν
1252 3494 1346 3545 καὶ
1369 3490 1683 3561 πειθαρχεῖν
1706 3490 1815 3551 τοῖς

234 3590 543 3662 λεγομένοις
566 3588 627 3643 τὺ
658 3588 894 3643 ἀκούειν·
920 3585 1007 3640 διά
1029 3582 1189 3639 δὲτοῦ
1201 3587 1340 3638 νοεῖν
1358 3585 1469 3646 τοῖς
1483 3579 1817 3651 σημαινομέ-

234 3698 343 3747 νοις
365 3680 728 3752 νοήμασι,τὴν
747 3678 1020 3752 προσοχὴν
1035 3675 1131 3731 καὶ
1146 3676 1245 3747 τήν
1264 3674 1498 3744 θεωρίαν
1514 3672 1811 3744 σημαίνων.

308 3791 329 3825 ι
374 3773 469 3843 Μὴ
521 3771 649 3842 ὅλην
707 3770 807 3840 τήν
866 3768 1079 3840 ἡμέραν
1137 3764 1454 3838 ἀροτριάσει
1512 3760 1816 3836 ἀροτριῶν;

233 3864 268 3935 ή
298 3865 505 3934 σπόρον
553 3861 960 3935 προετοιμάσει,
1012 3858 1138 3930 πρὶν
1188 3854 1525 3929 ἐργάσασθαι
1552 3853 1651 3926 τὴν
1677 3853 1819 3924 γῆν;

233 3956 351 4025 οὐχ
401 3954 529 4006 ὅταν
554 3951 788 4023 ὀμαλίση
821 3950 881 4005 τὸ
911 3950 1202 4021 πρόσωπον
1225 3947 1415 4018 αὐτῆς,
1452 3945 1574 3999 τότε
1604 3944 1819 4015 σπείρει

235 4042 439 4117 μικρὸν
463 4041 743 4113 μελάνθιον
762 4041 794 4112 ἢ
813 4038 880 4093 κύ
889 4055 1069 4110 μινον;
1090 4037 1186 4090 καὶ
1207 4038 1367 4091 πάλιν
1392 4036 1607 4105 σπείρει
1623 4033 1818 4105 πυρὸν,

233 4137 331 4189 καὶ
360 4132 577 4206 κριθὴν,
601 4133 698 4186 καὶ
729 4130 962 4201 κέγχρον
987 4129 1082 4183 καὶ
1110 4126 1238 4192 ζέαν
1266 4130 1325 4181 ὲν
1343 4128 1455 4189 τοῖς
1476 4124 1649 4197 ὁρίοις
1674 4141 1767 4176 σου
1800 4139 1817 4188 ;

234 4228 328 4281 καὶ
368 4223 703 4295 παιδευθήσῃ
730 4222 956 4293 κρίματι
997 4219 1133 4274 Θεοῦ
1159 4236 1274 4283 σου,
1318 4216 1414 4271 καὶ
1446 4213 1816 4287 εύφρανθήσῃ.

235 4321 316 4373 οὐ
362 4317 471 4389 γὰρ
504 4314 641 4386 μετά
673 4313 1037 4386 σκληρότητος
1067 4309 1391 4383 καθαίρεται
1421 4306 1482 4359 τὸ
1511 4305 1817 4376 μελάνθιον,

232 4412 363 4465 om
391 4408 582 4480 τροχὸς
623 4405 838 4477 ἀμάξης
865 4401 1108 4476 περιάξει
1140 4401 1235 4454 ἐπὶ
1283 4398 1347 4452 τὸ
1384 4396 1644 4467 κύμινον·
1683 4394 1821 4448 ἀλλά

236 4498 426 4571 ῥάϐδῳ
460 4495 767 4550 τινάσσεται
791 4494 851 4546 τὸ
882 4489 1190 4563 μελάνθιον,
1224 4488 1284 4541 τὺ
1320 4486 1376 4539 δὲ
1416 4485 1639 4555 κύμινον
1681 4482 1820 4554 μετά

235 4592 410 4661 ἄρτου
440 4587 796 4659 βρωθήσεται.
835 4604 854 4637 ι
884 4581 996 4637 Εἶθ’
1026 4580 1382 4649 ὑποδείγματι
1423 4576 1687 4646 κέχρηται
1726 4593 1824 4644 φυ-

239 4680 415 4751 σικῷ·
442 4680 519 4742 ὡς
554 4677 663 4748 γὰρ
690 4677 789 4746 τῆς
814 4675 955 4729 κατά
983 4673 1079 4744 τὴν
1124 4670 1309 4742 χώραν
1332 4671 1607 4739 γεωργίας
1637 4668 1824 4741 ἱτερός

236 4776 391 4826 ἐστιν
422 4773 451 4824 ὸ
470 4770 657 4840 καιρὸς
686 4767 778 4821 τοῦ
808 4765 974 4838 ἀροῦν
1010 4763 1109 4835 τὴν
1148 4761 1353 4833 χώραν,
1385 4762 1478 4812 καὶ
1515 4760 1699 4830 ἔτερος
1728 4759 1821 4813 τοῦ

237 4862 489 4935 σπείρειν
521 4860 841 4931 σπέρματα,
878 4859 943 4928 τῇ
990 4852 1325 4923 ὑποκειμένῃ
1367 4853 1437 4919 γῇ
1473 4849 1821 4935 καταλλήλας

411 4948 482 5004 τὰ
514 4948 651 5002 αὒτά
682 4949 777 5000 καὶ
822 4946 852 4998 ὀ
894 4943 1003 4997 τῶν
1047 4939 1235 5011 ψυχῶν
1265 4935 1507 5008 γεωργὸς
1547 4936 1642 4988 τοῦ
1687 4933 1823 4987 Θεοῦ
1859 4950 1861 4953 ‘

239 5048 441 5115 Λόγος,
469 5041 609 5096 κατά
642 5041 740 5111 μὲν
771 5038 863 5092 τὸν
910 5032 1212 5105 ἐπιτήδειον
1242 5028 1434 5100 καιρὸν
1461 5024 1559 5089 τὰς
1598 5026 1706 5079 τῶν
1731 5028 1824 5079 ἀν-

237 5138 483 5210 Optimum
516 5133 695 5205 ψυχὰς
722 5129 973 5185 νεοῦσθαι
1018 5127 1266 5197 βούλεται
1287 5163 1302 5188 ,
1341 5120 1431 5175 διὰ
1460 5120 1560 5189 τῆς
1603 5118 1825 5189 λογικῆς

238 5226 593 5289 διδασκαλίας
650 5223 939 5293 σχιζούσης
985 5221 1077 5273 καὶ
1123 5213 1531 5286 ἀνατεμνούσης
1586 5212 1713 5273 τοὺς
1765 5212 1826 5263 ὲν

243 5319 403 5389 βάθει
427 5314 836 5388 κρυπτομένους
861 5309 1153 5379 λογισμοὺς
1179 5305 1258 5376 τῷ
1276 5304 1370 5357 τοῦ
1394 5304 1551 5370 λόγου
1580 5301 1818 5371 ἀρότρῳ.

242 5413 340 5465 Διὸ
361 5407 686 5482 προστάττει
711 5404 910 5471 λέγων·
951 5421 968 5452 ι
1002 5398 1259 5453 Νειὶισατε
1289 5398 1502 5457 ἑαυτοῖς
1544 5390 1827 5461 vadatum,

244 5502 343 5559 καὶ
390 5503 466 5574 μὴ
518 5500 783 5569 σπείρητε
812 5497 897 5546 ἐπ’
925 5492 1204 5553 ἀκάνθαις.
1239 5508 1258 5540 ι
1304 5485 1555 5541 Ἐπειδὰν
1594 5482 1650 5535 δὲ
1686 5485 1825 5552 ὁμαει-

233 5594 396 5665 ,λισὸῇ
429 5572 491 5645 τὸ
511 5587 759 5657 ὡσπερεὶ
788 5586 1073 5654 πρόσωπον
1090 5582 1187 5651 τῆς
1207 5577 1407 5648 ψυχῆς,
1430 5577 1609 5643 πάσης
1632 5572 1829 5665 καικίας

244 5663 687 5753 περιαιρεθείσης
744 5673 842 5739 τῆς
876 5671 1038 5725 πάλαι
1070 5673 1125 5723 ἐν
1176 5670 1311 5737 αὐτῇ
1362 5664 1613 5719 ἀκανθῶν
1666 5663 1821 5729 δίκην

245 5758 481 5847 φίεεσης,
511 5766 824 5843 τηνικαῦτα
864 5766 1209 5831 καταλλήλως
1252 5766 1316 5828 τῇ
1352 5761 1456 5815 τῶν
1488 5758 1815 5826 ὑποδεχομέν

1836 3120 1882 3178 C

1904 714 2189 769 Dominum
2242 726 2339 765 vos
2403 709 2717 761 invasurum
2772 717 2921 768 esse,
2979 711 3040 755 ut
3078 701 3149 756 ob
3183 710 3485 757 memorata

1901 805 2084 861 omnia
2118 806 2255 859 iram
2286 813 2341 857 et
2367 802 2626 855 ultionem
2660 796 2858 852 inferat
2883 793 3057 875 vobis.

1972 939 2138 994 Vsus.
2160 938 2253 994 21.
2285 954 2303 988 ι
2336 935 2492 991 Sicut
2533 947 2692 989 mons
2739 930 3030 1001 impiorum
3059 936 3352 995 consurget
3375 926 3484 983 Do-

1904 1032 2106 1095 minus.
2136 1042 2192 1087 et
2217 1029 2323 1097 erit
2355 1029 2408 1082 in
2439 1027 2579 1081 valle
2609 1025 2876 1079 Gabaon:
2920 1037 3045 1096 cum
3095 1019 3285 1075 furore
3324 1019 3489 1075 faciet

1901 1136 2066 1193 opera
2095 1136 2212 1185 sua,
2244 1118 2630 1173 amaritudinis
2654 1131 2809 1186 Opus.
2840 1134 2861 1168 ι
2896 1113 3297 1169 Amaritudinis
3320 1126 3486 1181 opera

1905 1216 1971 1268 iis
1996 1212 2221 1282 indiget,
2251 1211 2342 1280 qui
2369 1211 2440 1265 ob
2488 1210 2705 1264 insitam
2756 1207 2950 1262 animus
2996 1206 3282 1270 malitiam,
3328 1205 3485 1275 quasi

1903 1307 2102 1360 acerbo
2131 1304 2369 1358 remedio
2399 1318 2536 1371 opus
2568 1302 2792 1356 habent.
2831 1300 3109 1353 Cancrum
3152 1296 3484 1361 ainaritudo,

1904 1398 1983 1451 ira
2009 1408 2064 1451 et
2094 1396 2265 1462 furor,
2297 1405 2351 1450 et
2382 1394 2577 1448 similia
2632 1394 2699 1447 de
2746 1392 2857 1446 Deo
2900 1389 3135 1461 prolata,
3174 1389 3309 1443 nihil
3339 1388 3486 1444 aliud

1905 1488 2219 1558 signiﬁcare
2252 1486 2448 1549 solent,
2493 1498 2656 1554 quam
2701 1498 2731 1536 a
2788 1482 2972 1536 divino
2998 1481 3260 1538 tribunali
3288 1481 3491 1539 immit-

1906 1582 2068 1636 tenda
2106 1580 2285 1649 impiis
2311 1577 2596 1648 supplicia.
2646 1593 2665 1625 ι
2712 1575 2883 1629 Furor
2915 1584 3095 1628 autem
3150 1572 3266 1641 ejus
3306 1574 3488 1631 alieno

1903 1674 2064 1730 modo
2094 1682 2297 1736 utetur,
2322 1681 2375 1727 et
2400 1670 2576 1724 caries
2602 1668 2721 1737 ejus
2750 1667 2961 1721 aliena:
2994 1684 3014 1719 ι

1977 1857 2144 1912 Vsas.
2178 1856 2268 1910 22.
2302 1875 2323 1907 ‹
2352 1853 2421 1909 Et
2464 1868 2556 1907 vos
2598 1851 2771 1907 nolite
2813 1848 3006 1914 laetari,
3041 1861 3226 1918 neque
3266 1846 3490 1904 confor-

1905 1958 2091 2006 tentur
2118 1948 2332 2004 vincula
2365 1956 2577 2002 vestra:
2607 1946 2731 2014 quia
2757 1951 3171 2000 consummatos
3210 1950 3265 1996 et
3287 1940 3487 1996 abbre-

1906 2041 2080 2095 viatas
2112 2056 2199 2095 res
2233 2038 2413 2093 audivi
2466 2052 2497 2090 a
2546 2036 2775 2091 Domino
2821 2034 3107 2099 Sabaoth:
3153 2046 3294 2103 quas
3324 2032 3492 2087 faciet

1907 2148 2071 2204 super
2103 2132 2414 2186 universam
2448 2139 2669 2184 terram.
2701 2146 2720 2179 ι
2771 2125 2956 2195 Neque
2978 2121 3357 2179 confortentur
3395 2136 3490 2192 pe-

1906 2224 2003 2278 des
2032 2224 2222 2288 vestri,
2246 2220 2466 2291 quibus,
2505 2220 2643 2273 inito
2691 2233 2814 2273 cum
2842 2214 3284 2281 mortefasdere,
3308 2223 3367 2269 et
3397 2228 3491 2284 pa-

1906 2314 2089 2370 ctione
2129 2329 2253 2367 cum
2289 2296 2508 2367 inferno
2538 2311 2704 2378 facta,
2748 2324 2848 2365 vos
2892 2307 3196 2380 colligastis
3240 2326 3254 2361 :
3306 2306 3403 2363 sed
3444 2307 3491 2362 si

1907 2423 2012 2478 qua
2042 2408 2193 2463 vobis
2217 2422 2342 2477 spes
2373 2405 2569 2461 salutis
2588 2404 2852 2474 supersit,
2876 2401 3115 2471 rumpite
3151 2399 3343 2454 mortis
3371 2398 3495 2453 vin-

1908 2501 2066 2557 cula:
2114 2501 2181 2556 ab
2208 2514 2297 2567 ea,
2324 2512 2487 2569 quam
2529 2496 2778 2551 lmtitiam
2819 2493 3147 2564 opinamini,
3188 2490 3493 2554 abscedite,

1911 2602 2272 2662 temporaneae
2296 2590 2588 2659 voluptatis
2613 2589 2775 2643 ﬁne‘m
2805 2587 3003 2642 facite:
3025 2586 3223 2663 borum
3256 2598 3495 2654 namque

1908 2685 2001 2755 qui
2028 2684 2245 2739 futurus
2275 2684 2399 2738 ﬁnis
2420 2682 2492 2737 sit
2514 2681 2842 2737 edidicistis.
2873 2678 3145 2735 Caeterum
3184 2693 3256 2735 ne
3291 2677 3497 2748 putetis

1910 2790 1997 2831 me
2020 2776 2343 2845 prophetam
2376 2775 2565 2829 istbazc
2596 2773 2780 2827 dicere
2806 2790 2821 2826 :
2858 2787 2982 2825 nam
3013 2786 3135 2840 quae
3170 2771 3369 2825 anima:
3394 2784 3497 2827 an-

1912 2866 2063 2921 ribus
2083 2866 2393 2937 loquentem
2422 2865 2714 2920 Dominum
2744 2863 2988 2920 Sabaoth
3021 2865 3229 2930 audivi,
3263 2865 3377 2920 bznc
3404 2878 3480 2918 vo

1911 2959 1995 3015 bis
2027 2959 2364 3013 renuntiavi:
2399 2957 2515 3026 ipse
2541 2958 2743 3028 quippe
2771 2956 2984 3012 occulta
3017 2966 3073 3012 et
3098 2965 3305 3012 statuta
3336 2955 3407 3011 ab
3436 2970 3499 3010 se

1914 3053 2129 3106 decreta
2154 3066 2184 3105 a
2214 3050 2370 3105 vobis
2403 3066 2510 3104 non
2540 3048 2782 3118 ignorari
2810 3046 3057 3117 expetiit.

1990 3209 2153 3264 Vens.
2193 3209 2287 3263 25.
2334 3210 2620 3263 «Auribus
2667 3206 2931 3277 percipite
2978 3215 3035 3261 et
3091 3204 3277 3259 audite
3306 3219 3497 3262 vocem

1917 3315 2133 3356 meam:
2164 3302 2429 3357 attendite
2462 3311 2511 3356 et
2544 3301 2728 3356 audite
2751 3301 2917 3355 verba
2957 3313 3098 3354 mea.
3136 3318 3156 3351 ι
3195 3299 3304 3356 Per
3341 3301 3496 3367 illud,

1923 3408 1942 3442 ι
1978 3392 2199 3447 auribus
2222 3395 2525 3463 percipere,
2552 3412 2571 3444 ι
2602 3394 2720 3448 voci
2748 3408 2845 3461 per
2872 3407 3000 3446 aera
3024 3392 3150 3447 lata:
3175 3407 3337 3448 aures
3365 3410 3503 3463 pra-

1917 3484 2067 3546 bere,
2105 3486 2413 3556 signiﬁcat;
2452 3500 2550 3554 per
2586 3486 2717 3539 illud
2750 3494 2960 3549 autem,
2997 3502 3017 3536 ι
3049 3485 3261 3549 audire,
3294 3504 3317 3537 ι
3354 3487 3500 3542 dicta

1918 3577 2226 3633 auscultare
2242 3578 2417 3647 iisque
2433 3578 2657 3647 obsequi
2680 3596 2694 3631 :
2713 3577 3067 3632 attentionem
3098 3586 3275 3631 autem
3296 3586 3351 3632 et
3379 3593 3506 3648 spe-

1918 3682 2241 3738 culationem
2272 3694 2431 3739 vocat
2446 3683 2841 3739 declaratarum
2865 3697 3045 3737 rerum
3064 3682 3499 3753 intelligentiam.

1990 3775 2365 3831 κιαι-27.
2402 3795 2421 3829 ι
2448 3775 2720 3845 Numquid
2748 3784 2863 3831 tota
2887 3776 2977 3830 die
2998 3774 3201 3840 arabit,
3225 3777 3318 3845 qui
3346 3780 3507 3831 arat?

1919 3877 2011 3921 aut
2038 3882 2222 3923 semen
2248 3868 2600 3939 praeparabit,
2626 3862 2921 3939 antequam
2958 3876 3217 3938 operetur
3254 3876 3456 3923 terram
3478 3871 3508 3925 ἓ

1918 3958 2108 4014 Nonne
2139 3976 2261 4016 cum
2290 3961 2593 4031 aequaverit
2620 3962 2971 4031 superﬁciem
2998 3960 3138 4029 ejus,
3166 3970 3298 4015 tunc
3338 3963 3505 4017 semi-

1920 4053 2070 4109 nabit
2122 4068 2345 4125 parvum
2394 4068 2651 4123 papaver,
2694 4063 2790 4107 aut
2830 4053 3107 4125 cyminum
3141 4052 3164 4105 ἲ
3205 4062 3259 4107 et
3284 4068 3503 4108 rursum

1920 4147 2212 4202 seminabit
2265 4147 2534 4212 triticum,
2587 4155 2642 4201 et
2700 4146 2991 4211 hordeum,
3048 4154 3107 4199 et
3153 4144 3391 4211 milium,
3447 4158 3503 4201 et

1920 4253 2148 4323 speltam
2212 4254 2265 4308 in
2320 4253 2523 4307 ﬁnibus
2571 4252 2719 4307 tuis?
2751 4252 2818 4306 Et
2851 4251 3120 4306 erudieris
3163 4248 3372 4319 judicio
3404 4251 3503 4305 Dei

1923 4344 2020 4411 tui,
2052 4355 2105 4398 ct
2144 4344 2432 4399 lstabcris.
2491 4342 2604 4399 Non
2643 4344 2789 4398 enim
2825 4358 2953 4398 cum
3005 4343 3206 4397 duritia
3235 4356 3505 4414 purgatur

1852 4456 1893 4509 ο
1924 4452 2180 4506 papaver,
2214 4451 2390 4507 neque
2425 4446 2543 4491 rota
2582 4436 2809 4505 plaustri
2836 4436 3080 4490 volvetur
3127 4450 3293 4503 super
3330 4436 3503 4506 cymi-

1924 4545 2082 4595 num;
2132 4530 2224 4583 sed
2266 4531 2416 4597 virga
2451 4528 2729 4583 excutitur
2778 4541 3043 4597 papaver:
3076 4526 3349 4596 cyminum
3402 4539 3501 4580 an-

1926 4633 2033 4678 tem
2061 4638 2183 4678 cum
2216 4637 2355 4693 pane
2380 4623 2719 4677 cornedetur.
2754 4639 2773 4672 ›
2810 4617 3053 4673 Naturali
3097 4618 3291 4671 deinde
3316 4632 3504 4672 exem-

1925 4717 2012 4787 plo
2069 4719 2277 4771 utitur:
2338 4716 2795 4784 quemadmodum
2853 4711 2997 4765 enim
3047 4711 3099 4764 in
3144 4709 3504 4779 agricultura,

1927 4811 2070 4866 aliud
2120 4821 2331 4879 tempus
2360 4808 2548 4870 arandi
2581 4821 2766 4875 agrum
2801 4814 2905 4869 est,
2939 4803 3087 4857 aliud
3115 4815 3246 4856 vero
3296 4800 3505 4855 semina

1926 4905 2165 4960 subacta:
2196 4912 2355 4957 terrae
2382 4899 2739 4970 congruentia
2758 4895 2997 4967 jaciendi
3020 4910 3035 4959 ;
3058 4893 3248 4947 eadem
3280 4906 3507 4961 prorsus

1924 5013 2134 5068 ratione
2189 5011 2494 5063 animarum
2546 5005 2806 5077 agricola,
2857 5003 2952 5059 Dei
2991 4999 3255 5064 Verbum,
3295 4998 3507 5053 animas

1927 5109 2208 5164 hominum
2253 5102 2424 5166 arari,
2453 5116 2521 5156 ac
2547 5116 2646 5167 per
2668 5096 3047 5153 rationabilem
3086 5092 3395 5148 doctrinam
3435 5089 3510 5143 la.

1931 5211 2103 5257 tentes
2132 5200 2238 5253 imo
2263 5205 2484 5265 pectore
2516 5191 2875 5262 cogitationes
2904 5186 3055 5242 verbi
3090 5195 3276 5239 aratro
3306 5181 3508 5238 sulcari

1926 5294 2151 5366 espetit.
2195 5289 2559 5358 Quamobrem
2607 5285 2681 5337 ita
2720 5282 2964 5352 pracipit
3000 5296 3015 5331 :
3049 5297 3066 5329 ι
3094 5276 3301 5329 Novate
3347 5272 3507 5325 nobis

1928 5385 2166 5447 novalia,
2193 5393 2250 5443 et
2285 5397 2351 5435 ne
2380 5380 2645 5434 seminata
2676 5392 2839 5445 supra
2881 5373 3089 5442 spinas.
3127 5387 3145 5420 ι
3202 5366 3504 5434 Postquam

1928 5486 2107 5529 autem
2145 5473 2230 5527 illa
2264 5473 2457 5525 anima:
2488 5468 2653 5523 veluti
2680 5466 2995 5538 superﬁcies
3029 5461 3372 5529 complanata
3400 5465 3505 5519 est,

1936 5568 2144 5623 sublata
2181 5565 2348 5629 omni,
2394 5563 2522 5624 olim
2575 5563 2627 5615 in
2667 5576 2730 5615 ea
2765 5561 3044 5628 spinarum
3106 5555 3282 5608 instar
3331 5550 3509 5617 pullu-

1930 5661 2100 5723 lante,
2132 5658 2373 5728 nequitia
2414 5673 2430 5720 ;
2489 5668 2616 5709 tunc
2662 5656 2875 5707 ratione
2927 5650 3112 5704 habita
3174 5638 3510 5699 discrnninis

1932 5770 2118 5814 eorum
2152 5755 2245 5823 qui
2289 5768 2474 5810 semen
2512 5752 2810 5817 excipiunt,
2845 5746 3049 5802 semina
3077 5742 3254 5809 jacit;
3286 5740 3340 5793 in
3373 5735 3512 5791 alios
