4120 6294
40 90 500 390 τ

1151 316 1652 378 comm-mnum
1681 274 1756 369 ἲΝ
1795 312 2053 369 rsum.
2096 342 2165 354 -.
2199 309 2352 368 CAP.
2397 308 2586 364 xxnt.

3399 307 3500 361 298

250 441 545 511 ἐπολέμησε
577 439 766 503 Δαυῖδ,
801 439 889 492 ὅτε
939 439 1044 492 ὑπὸ
1107 437 1422 506 ἀλλοφύλοις
1455 430 1542 506 ἦν.
1589 433 1818 486 Δύναται

1927 441 2068 483 ctum
2104 430 2289 492 fuisse,
2327 445 2346 477 ι
2383 441 2475 494 per
2509 437 2670 494 quam
2713 421 3040 490 expugnavit
3087 420 3274 475 David.
3318 441 3335 471 ι
3372 422 3504 476 Illud

248 533 299 583 δὲ
323 531 416 584 καὶ
439 533 562 583 ἀντὶ
589 530 706 594 τοῦ,
734 550 752 581 ι
783 531 849 582 δι’
874 531 938 598 ἦν
967 529 1271 599 ἐπολέμησε
1303 527 1482 590 Δαυῖδ,
1510 544 1527 577 ι
1547 521 1819 592 λέγεσθαι.

248 621 315 672 Τὸ
339 620 415 682 δὲ,
451 639 469 669 ι
515 620 862 686 Συναγάγετε
900 620 1236 689 γεννήματα,
1281 635 1300 668 ι
1329 616 1494 687 φησίν
1519 632 1533 645 ⁸
1566 615 1688 667 ὅσον
1715 614 1823 682 γὰρ

247 707 394 762 οὔπω
426 709 831 780 στερηθήσεσθε
862 709 1272 780 πάσηςλογικῆς
1283 707 1508 778 τροφῆς.
1527 707 1615 768 Ὠς
1636 700 1823 757 ἐτιοῦν

248 800 433 868 καιρός
455 801 591 860 ἐστι,
613 797 885 868 χρήσασθε
899 801 1010 862 τοῖς
1029 800 1288 860 ἐνιαυτοῖς
1303 796 1513 860 τούτοις
1534 795 1671 866 πρὸς
1681 794 1824 864 ὠφέ-

245 890 389 942 λειαν
411 891 524 942 τῶν
556 891 835 961 ὑμετέρων
856 890 1041 961 ψυχῶν
1063 909 1077 922 ο
1104 890 1196 946 καί
1220 907 1308 960 μοι
1332 889 1479 942 δοκεῖ
1504 889 1590 942 διὰ
1617 887 1822 940 τούτων

244 981 573 1034 αἰνίττεσθαι
607 981 700 1033 τὸν
747 982 933 1053 χρόνον
982 980 1074 1034 τοῦ
1129 981 1396 1052 σωτηρίου
1445 978 1820 1050 κηρύγματος,

245 1070 363 1123 καθ’
392 1073 453 1124 ὃν
478 1071 822 1142 ἐπιδημήσας
842 1072 1020 1135 αὐτοῖς
1038 1071 1067 1122 6
1089 1071 1298 1140 Σωτὴρ,
1323 1071 1614 1140 ἐκήρυττεν
1642 1069 1820 1120 ἐνιαυ-

242 1161 331 1214 τὸν
359 1162 570 1232 Κυρίου
599 1162 784 1215 δεκτδν
826 1163 917 1214 καὶ
956 1161 1172 1230 ἡμέραν
1201 1159 1625 1221 ἀνταποδόσεως.
1667 1159 1821 1226 Τάχα

242 1253 297 1304 δὲ
323 1257 417 1307 καὶ
447 1254 696 1325 δεύτερον
723 1255 903 1316 αὐτοῖς
931 1252 1192 1313 ἐνιαυτὸν,
1220 1252 1253 1321 ἢ
1279 1253 1374 1305 καὶ
1406 1251 1588 1322 τρίτον
1613 1249 1823 1319 ὡμιλην

244 1345 354 1409 κὼς
394 1347 663 1414 φαίνεται.
705 1345 874 1397 Αὑτὸν
916 1340 1006 1396 οὖν
1046 1346 1250 1395 ἐκεῖνον
1292 1341 1413 1395 καθ’
1456 1342 1516 1394 ὃν
1561 1343 1823 1412 παρεῖχεν

242 1438 426 1500 αὐτοῖς
453 1439 523 1490 τὰ
565 1456 626 1490 πε
639 1440 688 1508 pi.
731 1441 826 1507 τῆς
851 1437 958 1488 τῶν
986 1435 1229 1505 οὐρανῶν
1260 1434 1536 1504 βασιλείας
1570 1434 1823 1504 μαθήμα-

243 1545 324 1587 τα,
346 1529 628 1598 σημαίνων
661 1528 790 1598 φησί
810 1545 822 1557 -
855 1547 873 1578 ι
897 1528 1238 1595 Συναγάγετε
1267 1525 1613 1596 γεννήματα,
1648 1527 1824 1577 ἐνιαυ-

243 1616 332 1668 τὸν
360 1620 449 1670 ἐπ’
480 1617 722 1668 ἐνιαυτὸν
755 1615 1011 1685 φάγεσθε.
1043 1635 1060 1666 ι

319 1731 338 1759 ι
390 1710 660 1778 Ἐκθλὶψω
684 1711 789 1779 γὰρ
833 1709 1036 1779 Ἀριὴλ,
1071 1708 1163 1761 καὶ
1197 1706 1349 1760 ἔσται
1389 1706 1559 1774 αὐτῆς
1592 1707 1624 1775 ὴ
1673 1707 1824 1776 ἰσχὺς

1927 537 2051 575 vero
2077 562 2091 583 ,
2131 538 2152 570 ι
2189 529 2510 586 congregate
2540 516 2781 578 fructus,
2817 533 2833 564 ι
2876 514 2979 567 hoc
3031 529 3194 567 sensu
3227 515 3393 568 dicit:
3427 517 3502 570 si-

1924 614 2143 682 quidem
2188 613 2492 680 proximum
2524 619 2603 662 est
2651 618 2710 661 ιιι
2743 607 3048 660 rationabili
3098 608 3218 660 cibo
3245 607 3501 661 careatis.

1925 702 2058 754 Dum
2099 703 2266 772 igitur
2299 713 2509 768 tempus
2533 711 2641 763 est,
2688 699 2839 753 hisce
2886 699 3043 752 anuis
3077 700 3141 751 ad
3195 698 3504 751 animarum

1924 802 2220 847 vestrarum
2253 793 2541 846 utilitatem
2578 791 2817 845 iruimini
2846 808 2860 843 :
2892 792 3132 860 mihique
3165 791 3382 844 videtur
3417 791 3504 844 his

1924 883 2265 936 subindicare
2291 883 2545 936 salutaris
2572 881 2971 950 praedicationis
2989 890 3222 949 tempus,
3240 896 3347 949 quo
3361 883 3504 950 apud

1925 972 2042 1026 illos
2069 974 2446 1042 peregrinatus
2481 972 2761 1036 Salvator,
2807 972 3126 1041 praedicavit
3154 987 3356 1026 annum
3392 972 3501 1027 Do-

1924 1063 2054 1115 mini
2084 1063 2474 1132 acceptabilem
2506 1074 2560 1118 et
2594 1073 2805 1131 tempus
2857 1064 3252 1119 retributionis.
3293 1064 3358 1118 Et
3393 1063 3504 1118 for-

1924 1159 2076 1206 tasse
2107 1153 2337 1207 alterum
2368 1169 2569 1207 annum
2598 1194 2614 1219 ,
2653 1155 2759 1207 imo
2785 1153 2923 1206 forte
2959 1154 3177 1206 tertium
3205 1192 3220 1217 ,
3247 1168 3369 1208 cum
3399 1152 3504 1207 illis

1923 1253 2275 1296 conversatus
2313 1243 2574 1296 videatur.
2621 1241 2772 1294 Illum
2826 1242 3007 1309 itaque
3057 1240 3232 1309 ipsum
3271 1253 3503 1303 annum,

1923 1349 2031 1402 quo
2053 1334 2183 1401 ipsis
2199 1334 2266 1386 de
2295 1348 2460 1400 regno
2485 1333 2743 1386 ctelorum
2772 1331 3018 1385 instituta
3051 1330 3506 1400 disciplinamque

1925 1423 2168 1486 tradidit,
2203 1423 2520 1493 signiﬁcans
2551 1422 2660 1485 ait,
2693 1439 2711 1471 ι
2747 1422 3088 1489 Congregate
3131 1421 3365 1489 fructus,
3400 1436 3504 1476 an-

1924 1531 2051 1570 num
2077 1529 2240 1584 supra
2271 1529 2472 1569 annum
2506 1514 2825 1570 comedetis.
2865 1534 2882 1564 ι

1994 1695 2158 1749 Vens.
2186 1695 2301 1749 2-5.
2343 1715 2360 1746 ι
2397 1693 2638 1764 Aﬂligam
2674 1695 2816 1749 enim
2845 1694 3012 1759 Ariel,
3041 1702 3094 1748 et
3120 1695 3224 1749 erit
3253 1693 3369 1761 ejus
3395 1693 3504 1748 for-

242 1797 335 1848 καὶ
362 1797 390 1847 6
425 1795 654 1857 πλοῦτος
681 1796 821 1866 ἐμοί.
866 1797 973 1848 Καὶ
1019 1794 1282 1848 κυκλώσω
1323 1795 1400 1858 ὡς
1419 1794 1582 1848 Δαυῖδ
1610 1795 1702 1846 ἐπὶ
1733 1795 1812 1855 σὲ,

1927 1785 2090 1837 ιῑιυ‹Ιο
2121 1796 2174 1838 et
2213 1785 2418 1838 divitiae
2449 1785 2600 1838 mihi.
2654 1785 2717 1838 Et
2748 1785 3096 1840 circumdabo
3139 1795 3192 1839 te
3225 1784 3368 1838 sicut
3399 1784 3505 1837 Da-

245 1889 355 1940 καὶ·
380 1887 530 1955 βαλῶ
566 1890 645 1950 εἰς
676 1889 913 1958 χάρακα,
962 1888 1054 1939 καὶ
1081 1887 1435 1957 οἰκοδομήσω,
1461 1887 1611 1958 θήσω
1634 1886 1725 1939 ἐπὶ
1762 1886 1821 1939 σέ

244 1973 511 2043 πύργους.
549 1975 656 2026 Καὶ
685 1974 1174 2044 ταπεινωθήσονται
1200 1977 1249 2027 οί
1282 1975 1425 2042 λόγοι
1464 1992 1580 2037 σου,
1616 1976 1710 2029 καὶ
1741 1977 1822 2038 είς

241 2067 340 2134 τὴν
365 2066 472 2134 γῆν
504 2067 551 2116 οξ
597 2066 742 2132 λόγοι
781 2082 872 2116 σου
914 2066 1177 2119 δύσονται.
1208 2066 1318 2118 Καὶ
1347 2065 1498 2118 ἔσται
1525 2067 1602 2128 ὡς
1628 2068 1677 2118 οἱ
1713 2085 1823 2135 φω-

243 2157 461 2219 νοῦντες
502 2158 566 2210 ἐκ
601 2158 700 2225 τῆς
737 2159 838 2227 γῆς
866 2161 897 2228 ἠ
934 2161 1081 2228 φωνή
1116 2176 1230 2221 σου,
1260 2159 1512 2229 καὶπρὸς
1541 2161 1601 2211 τὸ
1631 2159 1822 2228 ἔδαφος

244 2249 277 2316 ἡ
306 2251 458 2317 φωνή
503 2265 594 2300 σου
624 2249 932 2319 ἀσθενήσει.
981 2252 1088 2302 Καὶ
1125 2250 1274 2303 ἔσται
1306 2250 1379 2312 ῶς
1415 2249 1689 2319 κονιορτὸς
1717 2251 1825 2302 ἀπὸ

243 2339 443 2410 τροχοῦ
477 2343 505 2392 6
533 2339 760 2402 πλοῦτος
798 2340 904 2392 τῶν
952 2340 1186 2402 ἀσεϐῶν,
1234 2341 1328 2394 καὶ
1368 2341 1443 2402 ὡς
1470 2340 1629 2410 χνοῦς
1664 2341 1824 2414 φερό-

249 2444 411 2496 μενος
471 2428 533 2480 τὸ
579 2429 780 2498 πλῆθος
833 2431 941 2482 τῶν
985 2431 1556 2485 καταδυναστευόντων
1598 2447 1678 2494 σε,
1733 2433 1824 2485 καὶ

214 2518 401 2570 ,ἔσται
430 2520 503 2581 ὡς
530 2503 730 2590 στιγμῆ
761 2523 1102 2592 παραχρῆμα
1134 2521 1286 2591 παρὰ
1311 2523 1512 2592 Κυρίου
1537 2521 1817 2575 Σαϐαὼθ.»

249 2607 462 2676 Ὠσπερ
494 2609 602 2676 γάρ
638 2625 763 2660 ποτε
804 2611 832 2661 6
883 2610 1044 2661 Δαυῖδ
1079 2609 1427 2680 παρεμϐολὴν
1471 2611 1601 2681 περὶ
1645 2612 1701 2662 σέ
1726 2611 1825 2681 τὴν

273 2695 613 2765 Ιερουσαλὴμ
637 2696 933 2759 ἐκύκλωσε,
965 2699 1052 2748 ὅτε
1078 2696 1387 2763 ἀλλοφύλων
1404 2691 1564 2766 ἦσθα,
1593 2697 1685 2748 καὶ
1708 2697 1826 2748 ἐπο-

249 2785 458 2855 λεμησέ
500 2803 559 2836 σε
595 2785 746 2837 πόλιν
799 2782 962 2839 οὖσαν
1015 2787 1360 2856 ἀλλοφύλωνο
1410 2787 1550 2840 οὕτω
1610 2788 1765 2855 κάγὼ
1799 2791 1826 2840 6

247 2877 423 2930 ταῦτα
438 2877 609 2945 λέγων
635 2877 836 2947 Κύριος
863 2879 954 2931 νῦν
973 2896 1031 2931 σε
1056 2877 1334 2932 κυκλώσω.
1365 2879 1698 2948 ’Λλλοφύλων
1718 2880 1825 2949 γὰρ

247 2971 561 3039 οἰκητήριον
607 2971 854 3037 γέγονας,
905 2971 1250 3040 πληρωθεῖσα
1293 2972 1475 3024 κακῶν
1522 2973 1821 3042 ἀρχόντων.

249 3063 429 3132 "Amp
466 3062 766 3132 ἐπληροῦτο
796 3064 930 3132 μετὰ
962 3065 1029 3115 τὰ
1053 3065 1390 3134 τολμηθέντα
1425 3068 1538 3127 τοῖς
1571 3066 1670 3134 τὴν
1721 3067 1822 3118 Ὶε-

250 3154 533 3223 ρουσα).ὴμ
563 3154 770 3206 οἰκοῦσι
805 3155 945 3206 κατὰ
986 3155 1080 3206 τοῦ
1131 3155 1378 3225 Σωτῆρος
1409 3157 1567 3243 ἡμῶν
1593 3156 1821 3208 ἀκολού-

247 3243 379 3305 θως,
412 3234 615 3306 ὡς’καὶ
651 3244 807 3306 αὐτὸς,
831 3247 868 3297 =6
905 3246 1125 3315 Σωτὴρ,
1173 3234 1654 3316 ἁποκλαυσὰμενος
1700 3247 1823 3299 τότε

243 3335 347 3403 τὴν
375 3334 750 3404 Ἰερουσαλὴμ,
785 3335 1196 3404 ἀναγέγραπται
1230 3336 1487 3406 είρηκώςσ
1515 3356 1534 3387 ι
1567 3338 1628 3388 Et
1653 3337 1823 3404 ἔγνως

250 3426 346 3477 καὶ
388 3425 452 3477 σύ
481 3443 542 3493 γε
573 3424 642 3477 τὰ
670 3426 802 3496 πρὸς
836 3428 1054 3496 είρήνην
1093 3445 1206 3489 σου,
1247 3429 1328 3480 ὅτι
1374 3428 1592 3496 ἥξουσιν
1622 3428 1828 3498 ἡμέραι

246 3518 343 3568 ἐπὶ
390 3517 479 3580 σὲ,
534 3518 627 3570 καὶ
670 3518 1114 3589 παρεμϐαλοῦσιν
1161 3521 1253 3572 ἐπὶ
1294 3521 1351 3571 σὲ
1393 3521 1441 3571 οἱ
1494 3519 1676 3590 ἐχθροί
1731 3537 1825 3572 σου

248 3608 490 3676 χάρακα,
518 3609 609 3659 γαι
639 3607 974 3661 κυκλώσουσί
1018 3626 1104 3673 σε,
1143 3611 1235 3662 καὶ
1270 3611 1347 3672 εἰς
1375 3610 1474 3678 τὴν
1505 3610 1608 3677 γῆν
1644 3609 1828 3676 ἐδαφι-

479 3719 500 3750 ι

324 3810 342 3841 ι
383 3793 687 3862 Ἐπισκοπὴ
711 3793 819 3862 γὰρ
852 3793 1003 3846 ἔσται
1032 3793 1170 3864 μετὰ
1189 3792 1436 3863 βροντῆς,
1462 3791 1554 3844 καὶ
1577 3792 1824 3863 σεισμοῦ,

247 3882 345 3934 καὶ
387 3883 571 3952 φωνῆς
611 3883 869 3951 μεγάλης,
912 3883 1165 3950 καταιγὶς
1217 3882 1514 3953 φερομένη,
1555 3883 1645 3935 καὶ
1694 3880 1829 3950 φλὸξ

243 3972 421 4040 πυρὸς
448 3973 823 4026 κατεσθίουσα.
868 3992 886 4024 ι
915 3975 989 4025 Δι’
1015 3966 1088 4025 ὧν
1120 3974 1340 4043 ᾐνίξατο
1377 3972 1450 4035 ὡς
1471 3973 1576 4044 ἄρα
1604 3972 1697 4025 καὶ
1730 3989 1832 4024 πυ-

245 4066 544 4135 ρίκαυστος
559 4068 848 4136 γενήσεται
871 4068 905 4137 ἠ
933 4067 1106 4129 πόλις,
1141 4067 1344 4120 ἄνωθεν
1365 4069 1428 4120 ἐκ
1443 4065 1577 4119 Θεοῦ
1600 4065 1828 4137 βροντῆς

238 4159 340 4210 καὶ
372 4157 596 4225 σεισμοῦ
640 4159 733 4210 καὶ
757 4158 1066 4226 καταιγίδος
1099 4160 1217 4210 κατ’
1247 4157 1419 4226 αὐτῆς
1453 4157 1787 4227 ἐνεχθείσης.

321 4266 340 4297 ι
375 4250 487 4300 Καὶ
514 4248 666 4301 ἔσται
695 4250 770 4311 ὼς
805 4249 831 4300 6
863 4249 1316 4319 ἐνυπνιαζόμενος
1337 4251 1393 4302 ἐν
1426 4248 1578 4319 ὕπνῳ
1602 4251 1630 4301 6
1663 4246 1828 4300 πλοῦ-

237 4355 335 4401 τος
372 4338 544 4391 ἐθνῶν
583 4340 822 4402 πάντων,
860 4341 974 4393 ὅσοι
1015 4340 1454 4410 ἐπεστράτευσαν
1489 4339 1580 4391 ἐπὶ
1616 4339 1824 4409 Ἀριὴλ,

1925 1875 2034 1937 vid,
2063 1883 2119 1929 et
2145 1875 2357 1944 Cingam
2393 1882 2444 1926 te
2479 1874 2638 1936 vallo,
2664 1884 2717 1927 et
2740 1886 3042 1936 exstruam,
3063 1882 3115 1926 et
3147 1887 3342 1940 ponam
3371 1884 3505 1923 cou-

1926 1971 2006 2015 tra
2037 1972 2087 2016 te
2116 1972 2311 2017 turres.
2348 1962 2413 2016 Et
2446 1962 2877 2027 ltumiliabtyttur
2918 1975 3200 2016 sermones
3232 1961 3329 2022 tui,
3364 1969 3418 2013 et
3449 1959 3505 2012 in

1928 2061 2128 2106 terram
2163 2052 2418 2106 subibunt
2453 2053 2613 2104 verba
2643 2061 2754 2103 tua.
2792 2050 2859 2103 Et
2884 2051 2989 2102 erit
3013 2060 3269 2118 tanquam
3297 2047 3388 2116 qui
3428 2047 3504 2100 Io-

1925 2153 2166 2212 quuntttr
2201 2142 2267 2196 de
2309 2152 2452 2194 terra
2482 2156 2582 2193 vox
2635 2151 2723 2194 tua
2753 2182 2767 2206 ,
2813 2150 2865 2194 et
2897 2142 2963 2194 ad
3009 2140 3377 2208 pavimentum
3403 2152 3507 2190 vox

1927 2243 2014 2287 tua
2063 2233 2428 2286 inﬂrmabitur
2466 2248 2482 2297 ;
2535 2241 2590 2288 et
2634 2241 2794 2284 erunt
2837 2241 3089 2299 tauquam
3120 2231 3296 2298 pulvis
3328 2243 3358 2282 a
3391 2239 3510 2283 rota

1926 2323 2126 2378 divitia:
2177 2323 2488 2391 impiorum,
2517 2332 2572 2377 et
2627 2322 2766 2376 sicut
2810 2321 2994 2375 favilla
3019 2330 3293 2375 commota
3323 2319 3506 2373 multi-

1928 2417 2054 2468 tudo
2081 2430 2266 2470 eorum
2301 2416 2391 2483 qui
2426 2424 2478 2469 te
2505 2414 2790 2481 subigent:
2834 2424 2888 2467 et
2929 2414 3034 2466 erit
3083 2422 3338 2480 tanquam
3371 2428 3510 2481 putt—

1927 2517 2074 2560 ctum
2109 2490 2396 2559 confestim
2435 2521 2463 2558 a
2505 2506 2735 2559 Domino
2781 2503 3043 2559 Sabaoth.
3091 2523 3109 2554 ι
3141 2503 3510 2569 Quemadmo-

1927 2599 2051 2650 dum
2081 2599 2223 2651 enim
2257 2597 2423 2650 David
2455 2598 2724 2663 quondam
2750 2607 2929 2650 castra
2959 2605 3151 2650 contra
3177 2603 3255 2659 te,
3282 2592 3508 2648 Jerusa-

1928 2687 2053 2752 lem,
2089 2687 2292 2756 posuit,
2327 2699 2486 2755 teque
2511 2687 2894 2748 circumsedit,
2928 2701 3051 2739 cum
3083 2685 3136 2738 in
3174 2684 3510 2753 alienigena-

1929 2793 2046 2830 rum
2075 2777 2279 2830 ditione
2305 2791 2474 2842 esses,
2503 2789 2663 2847 teque
2693 2777 3055 2845 expugnavit;
3083 2776 3161 2830 sic
3192 2785 3245 2828 et
3265 2791 3387 2845 ego,
3415 2775 3510 2842 qui

1928 2869 2041 2921 haec
2068 2869 2273 2936 loquor,
2309 2869 2586 2934 Dominus,
2621 2885 2763 2923 nunc
2800 2880 2848 2922 tc
2881 2867 3164 2922 obsidebo.
3200 2867 3334 2920 Nam
3368 2867 3504 2921 alie-

1929 2957 2248 3024 nigenarum
2305 2957 2634 3012 domicilium
2684 2959 2941 3019 evasisti,
2992 2957 3254 3024 improbis
3306 2957 3509 3026 repleta

1930 3055 2284 3125 principibus.
2315 3055 2444 3122 Quae
2472 3054 2685 3124 impleta
2712 3063 2857 3118 sunt,
2886 3062 3006 3123 post
3039 3062 3404 3121 perpetratum
3445 3055 3511 3107 al;

1927 3148 2396 3218 Jerosolymitanis
2423 3158 2609 3203 contra
2635 3147 2971 3201 Salvatorem
3006 3155 3248 3199 nostrum
3279 3146 3514 3208 facinus:

1929 3243 2068 3295 sicut
2117 3243 2231 3309 ipse
2280 3239 2538 3296 Servator
2569 3238 2997 3309 Hierosolymam
3049 3237 3336 3307 deplorans
3385 3248 3512 3291 tunc

1929 3334 2132 3387 dixisse
2161 3333 2400 3403 legitur:
2439 3351 2454 3382 ι
2491 3330 2548 3385 Si
2583 3331 2930 3402 cognovisses
2964 3339 3019 3384 ct
3051 3339 3128 3393 tu,
3173 3345 3294 3398 quze
3319 3330 3384 3380 ad
3419 3344 3513 3396 pa-

1929 3441 2049 3479 cem
2090 3435 2258 3490 tuam,
2292 3425 2418 3494 quia
2447 3424 2665 3480 venient
2694 3424 2811 3478 dies
2854 3423 2907 3476 in
2959 3433 3032 3485 te,
3095 3432 3150 3478 et
3201 3422 3510 3476 circumda-

1928 3519 2062 3573 bunt
2097 3529 2146 3573 te
2191 3519 2394 3572 inimici
2433 3519 2505 3571 tui
2542 3516 2704 3582 vallo,
2756 3525 2810 3571 et
2838 3515 3164 3570 obsidebuut
3219 3523 3272 3568 te
3298 3554 3313 3576 ,
3347 3521 3404 3566 et
3443 3513 3510 3566 ad

1932 3623 2134 3666 terram
2168 3611 2437 3681 dejicieris
2465 3611 2531 3662 ”.
2577 3629 2596 3662 ι

2003 3788 2164 3846 Vens.
2199 3791 2251 3845 6.
2295 3809 2314 3843 ι
2364 3791 2614 3846 Visitatio
2651 3792 2793 3846 enim
2840 3793 2946 3847 erit
2991 3807 3113 3846 cum
3162 3793 3400 3856 tonitru,
3457 3803 3512 3847 et

1932 3889 2090 3935 terrm
2126 3892 2297 3948 motu,
2329 3892 2385 3936 et
2414 3898 2546 3939 voce
2592 3897 2788 3951 magna
2836 3900 2851 3936 :
2905 3883 3138 3952 procella
3185 3883 3423 3952 irruens,
3459 3893 3514 3937 et

1929 3970 2147 4025 ﬂamma
2175 3973 2314 4041 ignis
2346 3971 2634 4027 devorans.
2672 3992 2693 4024 ι
2727 3973 2893 4040 Queis
2923 3973 3236 4026 subindicat
3262 3975 3514 4028 incendio

1931 4062 2320 4116 absumendam
2351 4064 2566 4127 urbem,
2592 4065 2918 4118 immittente
2944 4063 3056 4118 Deo
3082 4078 3294 4136 sursum
3321 4074 3512 4120 contra

1933 4150 2077 4205 illam
2113 4153 2340 4216 tonitru,
2373 4160 2531 4207 terrae
2569 4163 2772 4207 motum
2809 4162 2866 4207 et
2895 4153 3215 4220 procellam.

2005 4240 2171 4296 Vens.
2216 4242 2269 4306 7,
2303 4242 2358 4297 8.
2404 4260 2422 4292 ι
2459 4241 2523 4294 Et
2557 4251 2716 4296 erunt
2742 4251 2999 4311 tanquam
3054 4241 3146 4312 qui
3187 4245 3424 4298 somnia!
3454 4246 3512 4299 iu

1932 4349 2122 4390 somno
2156 4349 2287 4403 Opes
2333 4337 2570 4405 gentium
2603 4335 2883 4399 omnium,
2928 4343 3195 4404 quotquot
3245 4336 3512 4392 militave-

238 4430 340 4481 καὶ
376 4429 578 4490 πάντες
606 4430 654 4481 οί
689 4431 1148 4501 στρατευσάμενοι
1178 4431 1270 4482 ἐπὶ
1318 4429 1699 4499 Ἰερουσαλὴμ,
1733 4431 1821 4483 καὶ

1938 4437 2063 4480 runt
2115 4429 2375 4480 adversus
2440 4425 2629 4488 Ariel,
2686 4435 2744 4480 et
2799 4436 3063 4495 quotquot
3140 4427 3512 4482 militaverunt

237 4519 450 4582 πάντες
494 4520 543 4572 οἱ
579 4520 905 4590 συνηγμένοι
954 4521 1041 4572 ἐπ’
1071 4518 1273 4590 αὐτὴν,
1323 4519 1417 4572 καὶ
1453 4520 1501 4571 οἱ
1549 4518 1822 4582 θλίϐοντες

236 4612 438 4680 αὐτὴν.
485 4611 597 4662 Καὶ
643 4610 856 4662 ἔσονται
901 4611 977 4672 ὡς
1013 4611 1061 4663 οἱ
1099 4612 1156 4663 ἐν
1201 4611 1354 4681 ὕπνῳ
1390 4611 1677 4674 πίνοντες,
1727 4609 1821 4661 καὶ

233 4702 537 4763 ἐσθίοντες,
570 4703 662 4754 καὶ
689 4701 1116 4767 ἐξαναστάντων,
1155 4701 1380 4772 μάταιον
1413 4702 1591 4754 αὐτῶν
1624 4703 1685 4754 τὸ
1733 4703 1820 4755 ἐν-

238 4792 457 4844 ύπνιον.
503 4792 612 4842 Καὶ
674 4791 732 4843 ὃν
785 4792 984 4863 τρόπον
1032 4792 1408 4856 ἐνυπνιάζεται
1441 4794 1468 4845 6
1509 4793 1677 4862 διψῶν
1725 4793 1820 4846 καὶ

234 4883 439 4945 τείνων,
469 4881 565 4934 καὶ
591 4881 888 4947 ἐξαναστὰς
920 4882 997 4936 ἐτι
1030 4883 1156 4953 διψᾷ
1175 4901 1188 4912 ·
1224 4885 1256 4952 ή
1289 4884 1346 4936 δὲ
1373 4883 1518 4953 ψυχὴ
1544 4883 1708 4937 αὐτοῦ
1741 4885 1820 4947 εἰς

238 4974 405 5027 κενὸν
450 4974 706 5044 ἧλπισεν’
747 4974 917 5038 οὓτως
971 4975 1123 5028 ἔσται
1153 4977 1182 5027 6
1218 4975 1445 5039 πλοῦτος
1489 4975 1598 5028 τῶν
1647 4974 1820 5028 ἐθνῶν

236 5066 488 5127 πάντων,
521 5065 634 5116 ὅσοι
667 5065 1090 5134 ἐξεστράτευσαν
1124 5066 1217 5118 ἐπὶ
1251 5065 1312 5118 τδ
1341 5065 1465 5135 ὅρος
1499 5064 1659 5120 Σιών.
1688 5084 1706 5116 ι
1739 5065 1818 5116 Δι’

235 5151 317 5210 ὧν
348 5156 570 5225 ᾐνίξατο
595 5157 692 5226 τὴν
719 5156 1010 5209 ἀπόλαυσιν
1036 5157 1138 5227 τῆς
1165 5160 1221 5210 ἐν
1251 5156 1326 5226 τῷ
1351 5157 1450 5227 βίῳ
1476 5155 1649 5225 τούτῳ
1684 5173 1818 5228 τρυ-

233 5249 351 5316 φῆς
382 5247 494 5298 τῶν
539 5247 862 5316 Ῥωμαϊκῶν
898 5248 1192 5319 ἀρχόντων.
1234 5241 1397 5302 Οὗτοι
1443 5249 1548 5319 γὰρ
1589 5244 1730 5317 ἦσαν
1769 5249 1819 5300 οί

233 5337 340 5406 τὴν
370 5336 608 5406 ἐσχάτην
630 5337 940 5408 πολιορκίαν
965 5338 1332 5406 ἐπαγαγόντες
1349 5341 1415 5409 τῇ
1439 5337 1814 5409 Ἰερουσαλήμ.

252 5427 457 5497 Ἐχρῆν
476 5428 584 5496 γὰρ
597 5428 742 5496 ἡμᾶς
761 5429 854 5482 καὶ
877 5427 1007 5498 περὶ
1019 5427 1199 5481 αὐτῶν
1215 5445 1268 5482 τι
1290 5429 1502 5499 μαθεῖν,
1517 5429 1612 5482 καὶ
1633 5427 1816 5482 ὁποῖον

235 5521 398 5574 ἕσται
429 5519 608 5572 καὶτὸ
641 5520 816 5573 αὐτῶν
843 5520 995 5584 τέλος
1025 5521 1357 5592 διδαχθῆναι.
1399 5522 1567 5592 Φησὶν
1595 5515 1688 5576 οῦν
1725 5520 1818 5574 τὸν

323 5716 377 5750 ³⁸
407 5715 536 5771 Luc.
579 5731 688 5775 xix,
716 5715 804 5770 43.

575 5808 843 5870 Parnm.
891 5810 1006 5871 Gtt.
1054 5811 1288 5872 XXIV.

1932 4513 2193 4567 adversus
2245 4511 2586 4577 Jerusalem,
2654 4522 2707 4568 et
2785 4514 3061 4579 uuiversi,
3136 4517 3226 4586 qui
3280 4531 3509 4585 congre-

1931 4606 2040 4674 gati
2082 4615 2208 4659 sunt
2240 4606 2499 4660 adversus
2524 4621 2640 4660 eam
2665 4647 2681 4673 ,
2711 4617 2764 4660 et
2790 4608 2881 4675 qui
2911 4606 3223 4662 afﬂixerunt
3266 4623 3408 4664 eam.
3444 4611 3509 4663 Et

1930 4706 2092 4749 erunt
2126 4697 2264 4750 sicut
2293 4697 2383 4764 qui
2417 4697 2468 4750 in
2506 4697 2709 4753 somnis
2748 4698 2938 4752 bibunt
2964 4708 3018 4753 et
3047 4699 3376 4762 comedunt;
3409 4701 3507 4755 sed

1928 4804 2049 4842 cum
2084 4801 2476 4853 surrexerunt,
2506 4805 2708 4843 vanum
2752 4800 2834 4845 est
2875 4792 3144 4846 somnium
3184 4807 3394 4847 eorum.
3444 4793 3507 4847 Et

1929 4884 2070 4936 sicut
2093 4884 2185 4952 qui
2221 4899 2314 4953 per
2344 4885 2608 4938 somnium
2647 4885 2780 4939 bibit
2809 4894 2862 4939 et
2885 4885 3215 4948 comedit,et
3238 4901 3359 4939 cum
3389 4902 3509 4940 sur-

1935 4975 2098 5040 rexit,
2125 4975 2300 5030 adhuc
2327 4975 2481 5030 sitit:
2511 4975 2691 5028 anima
2723 4987 2901 5029 autem
2931 4974 3048 5042 ejus
3083 4973 3282 5028 frustra
3314 4991 3505 5044 spera-

1927 5065 2040 5132 vit;
2072 5065 2151 5120 sic
2183 5077 2344 5120 erunt
2377 5066 2578 5120 divitia:
2611 5068 2854 5134 gentium
2886 5066 3129 5119 omnium
3156 5104 3173 5131 ,
3206 5081 3328 5134 quae
3361 5066 3507 5120 mili-

1931 5162 2182 5208 taverunt
2206 5164 2395 5208 contra
2424 5166 2660 5209 montem
2693 5155 2881 5211 Sion.»
2906 5155 3001 5210 His
3029 5158 3376 5210 adumbravit
3395 5157 3476 5213 Ro
3501 5186 3510 5195 -

1931 5261 2210 5299 manorum
2245 5247 2548 5317 principum
2583 5247 2632 5300 in
2664 5249 2765 5300 hac
2795 5247 2904 5301 vita
2937 5247 3241 5318 voluptates
3267 5258 3323 5303 et
3347 5263 3502 5316 opes.

1927 5337 1992 5392 lli
2022 5338 2220 5406 quippe
2253 5347 2412 5392 erant
2455 5340 2546 5407 qui
2583 5348 2884 5394 extremam
2925 5339 3314 5411 Hierosolyma:
3351 5341 3502 5396 obsi-

1925 5429 2140 5484 dionem
2167 5429 2517 5488 induxerunt.
2545 5430 2984 5486 Consentaneum
3018 5433 3216 5501 quippe
3247 5441 3390 5493 erat,
3439 5441 3499 5485 ut

1927 5517 2203 5589 quidpiam
2241 5519 2306 5574 ad
2340 5519 2462 5577 illos
2504 5530 2758 5590 spectans
2788 5523 3177 5589 edocerentur,
3211 5535 3311 5577 nec
3339 5522 3502 5594 igno-

3107 5809 3275 5868 10-
