4120 6294
236 255 332 313 30!

1130 229 1630 311 count-mnum
1668 249 1737 305 ιιι
1776 248 2029 307 lSAlAl.
2070 286 2139 298 .-
2174 254 2331 311 car.
2373 255 2564 313 χχιχ.

3368 260 3475 315 302

236 392 313 431 ται
337 376 406 431 τὰ
438 377 575 450 ἔργα
620 378 829 431 αὐτῶν·
864 378 955 431 καὶ
980 377 1184 447 ἐροῦσι,
1210 377 1305 440 Τίς
1335 376 1577 445 ἑώρακεν
1617 374 1792 445 made;

1904 372 2108 435 ineunt.
2130 384 2184 431 et
2207 387 2366 431 erunt
2394 376 2446 431 in
2474 374 2711 432 tenebris
2736 389 2898 444 opera
2925 390 3111 432 eorum
3137 394 3151 431 :
3180 386 3232 432 et
3268 378 3471 440 diecnl,

238 468 325 521 καὶ
350 467 434 531 τίς
465 470 613 539 ήμᾶς
653 466 936 536 γνώσεται,
965 466 1059 538 ῆι
1113 468 1272 537 ἡμεῖς
1302 466 1594 535 ποιοῦμεν,
1623 490 1642 515 ι
1687 458 1800 517 Εἶτ’

238 557 528 629 ἐπειδήπερ
550 557 818 611 θεοσεϐεῐν
844 556 1297 628 ἐπαγγελλόμενα
1330 560 1441 620 τοῖς
1469 555 1719 625 χείλεσιν,
1743 558 1801 609 ἐν

237 648 309 720 τῷ
344 651 575 723 κρυπτῷ
604 652 672 704 τά
708 650 955 721 χείριστα
985 651 1382 721 διεπράττοντο,
1438 648 1802 719 φαρμακείαις

238 740 326 793 καὶ
347 741 733 813 ἀκαθαρσίαις,
768 742 862 795 καὶ
883 741 1070 805 ἄλλαις
1110 741 1331 811 μυρίαις
1353 739 1628 811 ἀθεμίτοις
1658 738 1800 809 πρά-

238 829 343 895 ξεσι
366 832 774 903 συμφυρόμενοι
796 849 811 863 ·
838 834 970 887 πᾶσι
988 832 1045 886 δέ
1068 831 1277 895 τούτοις
1300 831 1603 902 ἐνεχείρουν
1627 830 1703 894 ὡς
1726 829 1801 901 μὴ

234 924 531 995 ἐφορῶντος
570 924 666 979 τοῦ
695 924 832 979 Θεοῦ
850 942 864 955 ·
891 925 1113 988 εἰκότως
1146 924 1344 988 αὐτοὺς
1372 922 1642 989 ταλανίζει
1672 921 1801 976 ταῦ-

232 1014 526 1082 ταλέγων-
1184 1080 1187 1083 .

300 1125 320 1158 ι
346 1108 465 1177 Οὐχ
502 1107 580 1170 ὡς
606 1106 774 1177 πηλὸς
804 1105 897 1161 τοῦ
936 1106 1223 1178 κεραμέως
1262 1106 1678 1178 λογισθήσεσθε;
1708 1105 1801 1178 Μὴ

228 1198 339 1267 ἐρεῖ
367 1200 433 1253 τὸ
462 1198 687 1269 πλάσμα
718 1199 795 1270 τῷ
847 1198 1109 1253 πλάσαντι
1156 1198 1308 1264 αὐτὸ,
1342 1200 1420 1253 Οὐ
1452 1200 1515 1252 σύ
1549 1215 1617 1268 με
1638 1197 1803 1252 ἐπλα-

228 1306 351 1355 σαςς
380 1291 416 1361 ἢ
438 1290 501 1344 τὸ
520 1291 730 1361 ποίημα
747 1290 823 1361 τῷ
845 1291 1149 1362 ποιήσαντι,
1174 1290 1249 1345 Οὐ
1274 1291 1507 1354 συνετῶς
1528 1308 1594 1361 με
1618 1291 1801 1361 ἐποίη-

229 1397 358 1447 occ;
389 1400 411 1434 ι
445 1382 511 1436 BI
541 1380 651 1452 τάρ
691 1382 757 1452 δή
789 1381 988 1446 πάντες
1019 1380 1294 1453 ἄνθρωποι
1328 1382 1485 1453 πηλῷ
1513 1384 1800 1454 κεραμέως

225 1470 483 1541 ἐοίκαμεν
512 1470 675 1524 διάτὸ
698 1472 918 1543 πήλινον
949 1472 1103 1543 ήμῶν
1124 1472 1303 1543 σῶμα,
1337 1472 1453 1536 πῶς
1483 1474 1580 1542 οὐχ
1609 1472 1798 1525 ἐπεται

225 1565 384 1626 νοεῖν,
415 1564 499 1616 δτι
527 1562 603 1634 μὴ
629 1564 850 1617 δυνατὸν
881 1562 1063 1617 λαθεῖν
1090 1564 1183 1617 τὸν
1216 1564 1462 1635 ποιητὴν,
1492 1566 1681 1629 ὁποίας
1710 1566 1801 1635 ἐρ-

224 1654 417 1721 γασίας
441 1654 674 1727 ὑπάρχει
702 1654 761 1708 τὸ
791 1655 881 1707 ὑπ’
912 1653 1074 1708 αὐτοῦ
1094 1655 1488 1727 πεποιημένονς
1518 1656 1613 1719 Τίς
1643 1656 1800 1709 δύνα-

222 1761 331 1807 ται,
361 1745 395 1815 ἢ
428 1746 514 1809 τίς
535 1744 793 1817 τολμήσει
819 1746 1003 1815 φάναι,
1028 1747 1111 1800 ὅτι
1136 1747 1211 1818 μὴ
1236 1749 1265 1800 ὁ
1288 1746 1416 1811 Θεὸς
1448 1748 1607 1801 αὑτὸν
1632 1748 1793 1802 ἐπλα-

226 1852 355 1901 σενς
390 1838 453 1890 El
486 1837 544 1892 δέ
570 1838 670 1892 οὐκ
702 1838 768 1891 ἂν
796 1836 936 1891 sim
964 1837 1137 1893 ταῦτά
1167 1855 1297 1893 ποτε
1326 1840 1454 1910 περὶ
1494 1840 1589 1893 τοῦ
1626 1858 1792 1913 κερα-

227 1925 371 1993 μέως
402 1928 433 1979 ὁ
463 1924 817 1996 ὑποκείμενος
847 1926 995 1998 αὐτῷ
1022 1926 1211 1999 πηλὸς,
1248 1927 1424 1999 δῆλον,
1457 1929 1532 1993 ὡς
1574 1930 1791 1999 μάταιοι

224 2018 427 2082 πάντες
454 2020 506 2071 oi
538 2018 683 2073 ἔνδον
708 2022 774 2090 τῇ
810 2020 954 2091 ψυχῇ
986 2020 1163 2075 αὐτῶν
1206 2019 1401 2093 βουλήν
1431 2020 1649 2091 βαθεῖαν
1680 2022 1793 2075 δια-

224 2108 524 2179 νοούμενοι,
565 2110 661 2162 καὶ
711 2109 802 2163 τὸν
839 2110 971 2163 Θεὸν
1015 2112 1248 2181 οίόμενοι
1279 2112 1496 2181 ἀγνοεῖν
1518 2112 1587 2166 τὰ
1630 2114 1687 2165 ἐν
1715 2112 1793 2183 τῷ

224 2199 402 2269 σκότῳ
435 2200 781 2270 πραττόμενα
809 2200 990 2263 αὐτοῖς
1012 2199 1168 2272 ἐργα.

298 2308 320 2342 ι
344 2292 542 2346 Οὐκέτι
572 2291 763 2362 μικρὸν
791 2293 888 2345 καὶ
922 2294 1340 2365 μετατεθήσεται
1371 2297 1399 2349 ὁ
1434 2294 1683 2359 Λίϐανος,
1717 2296 1791 2359 ὼς

222 2381 285 2443 τὸ
314 2380 441 2451 ὅρος
470 2382 532 2435 τὸ
555 2381 791 2453 Χέρμελ,
814 2383 908 2436 καὶ
938 2383 998 2436 τὸ
1044 2384 1263 2454 Χέρμελ
1290 2387 1370 2447 είς
1415 2384 1615 2455 δρυμὸν
1647 2386 1794 2454 λογι-

225 2472 480 2543 σθήσεται
504 2490 520 2537 ;
547 2492 566 2525 ι
602 2472 827 2527 Λίϐανον
852 2473 948 2543 μὲν
978 2474 1071 2527 τὸν
1097 2475 1159 2538 ἐξ
1190 2475 1356 2528 ἐθνῶν
1383 2476 1529 2540 λαὸν,
1562 2477 1792 2548 Κάρμη-

222 2564 389 2619 λουδέ
414 2565 475 2619 τὸ
488 2565 751 2619 Ἰουδαίων
785 2564 934 2628 ἔθνος
955 2565 1087 2637 (55).
1110 2568 1364 2622 Ἔσεσθαι
1383 2569 1561 2623 τοίνυν
1582 2586 1794 2642 προφη-

222 2656 369 2709 τεύει
395 2657 455 2709 τὸ
476 2658 575 2727 μὲν
618 2656 880 2711 Ἰουδαίων
920 2657 1071 2722 ἔθνος
1102 2653 1211 2712 οἷόν
1247 2677 1368 2714 τινα
1396 2661 1597 2731 δρυμὸν
1620 2663 1792 2728 ξύλων

222 2748 430 2819 ἀγρίων
463 2749 557 2801 καὶ
599 2746 880 2819 ἀκάρπωνο
931 2750 1023 2803 τὸν
1061 2750 1119 2803 δὲ
1150 2750 1316 2804 πάλαι
1361 2751 1550 2823 δρυμῷ
1582 2754 1793 2807 ἐοικότα

220 2834 475 2898 Λίϐανον,
504 2836 594 2889 τὸν
626 2835 685 2899 ἐξ
716 2836 881 2889 ἐθνῶν
932 2837 1080 2901 λαὸν,
1131 2842 1311 2903 ὁποῖος
1338 2836 1405 2911 ἦν
1438 2858 1567 2895 ποτε
1594 2843 1623 2894 ὸ
1666 2844 1792 2895 ’1ου-

219 2923 384 2978 δαίων
407 2924 554 2989 λαὸς,
588 2926 1008 2999 πεπληρωμένος
1034 2928 1261 3002 δένδρων
1287 2932 1503 3000 ἀγαθῶν
1535 2935 1627 2987 καὶ
1656 2952 1791 2987 παν-

220 3018 382 3072 τοίων
415 3019 594 3087 φυτῶν
618 3036 677 3072 τε
700 3020 793 3073 καὶ
814 3020 1061 3091 καρπῶν.

296 3216 316 3248 ι
342 3197 453 3249 Καὶ
479 3196 798 3253 ἀκούσονται
824 3200 883 3252 ἐν
913 3202 978 3272 τῇ
997 3201 1177 3272 ἡμέρᾳ
1204 3202 1382 3275 ἐκείνῃ
1410 3204 1581 3273 κωφοὶ
1606 3204 1792 3272 λόγους

224 3286 454 3357 βιϐλίου,
486 3292 587 3354 Δκαὶ
612 3293 659 3343 ei
680 3292 736 3344 ἐν
761 3291 842 3361 τῷ
878 3293 1077 3359 σκότει,
1110 3296 1203 3347 καὶ
1222 3296 1271 3348 oi
1306 3296 1364 3349 ἐν
1395 3299 1461 3367 τῇ
1486 3296 1707 3367 ὁμίχλῃ·
1737 3298 1792 3347 ὀ-

221 3380 461 3450 φθαλμοὶ
490 3381 705 3450 τυφλῶν
742 3383 978 3451 ὄψονται.
1011 3404 1029 3437 ι
1074 3385 1240 3449 Ποίας
1274 3386 1330 3439 δὲ
1369 3387 1627 3459 βίϐλου,ἢ
1659 3390 1791 3443 ταύ-

219 3490 320 3545 της
341 3474 514 3543 αὐτῆς
528 3474 627 3544 τῆς
651 3476 785 3545 μετά
798 3465 1154 3547 χεῖρας,’περὶ
1178 3472 1245 3549 ἦς
1268 3479 1522 3551 ἀνωτέρω
1542 3480 1756 3548 ἐλέγετο
1774 3499 1787 3511 ο

230 3584 249 3616 ι
272 3565 435 3636 Ὑμῖν
464 3566 536 3619 τὰ
566 3569 786 3639 ῥήματα
804 3567 975 3624 ταῦτα
1004 3572 1201 3639 πάντα,
1245 3574 1319 3637 ὡς
1343 3576 1392 3627 οἱ
1420 3574 1567 3643 λόγοι
1594 3576 1688 3630 τοῦ
1709 3576 1791 3647 βι-

220 3656 371 3710 ϐλίου
397 3656 491 3711 τοῦ
523 3661 953 3730 ἐσφραγισμένου
975 3664 1183 3719 τούτου.
1206 3685 1225 3718 ι
1273 3666 1433 3721 Ἀλλά
1458 3667 1536 3737 τῷ
1570 3668 1669 3738 μέν
1697 3687 1791 3722 πο-

217 3765 280 3801 τε
310 3750 614 3821 Καρμήλῳ,
641 3752 1023 3823 μεταϐληθέντι
1056 3754 1114 3807 δέ
1146 3757 1225 3819 είς
1256 3757 1479 3828 δρυμὸν,
1509 3759 1717 3814 ἔσονται
1739 3764 1789 3814 οἱ

217 3838 367 3907 λόγοι
411 3840 508 3893 τοῦ
552 3840 756 3909 βιϐλίου
806 3844 903 3913 τῆς
951 3844 1283 3916 προφητείας
1329 3851 1787 3923 ἐσφραγισμένοι·

215 3934 334 3993 τοῖς
361 3931 429 3984 δέ.
448 3931 614 3985 πάλαι
646 3935 864 4001 τυφλοῖς
906 3937 1001 3989 xui
1028 3938 1085 3990 ἐν
1113 3938 1192 4009 τῷ
1216 3938 1405 4012 δρυμῷ
1436 3940 1531 3995 τοῦ
1559 3942 1790 3998 Λιϐάνου

216 4020 641 4092 λελογισμένοις,
679 4024 1086 4097 μεταϐληθεὼιν
1110 4027 1201 4080 ἐπὶ
1224 4029 1284 4082 τὸ
1307 4030 1510 4102 ἥμερον
1544 4032 1639 4086 καὶ
1659 4051 1793 4104 καρ-

217 4112 480 4181 σωφόρον,
529 4114 783 4168 ἀκουστοὶ
825 4118 1142 4188 γενήσονται
1188 4120 1239 4173 oi
1291 4120 1434 4189 λόγοι
1456 4122 1565 4175 τῶν
1619 4122 1776 4178 θείων

214 4208 564 4277 γραμμάτων
582 4225 595 4238 ’
633 4208 725 4261 καὶ
760 4209 809 4260 oi
838 4209 1005 4263 πάλαι
1025 4210 1080 4263 δὲ
1108 4210 1258 4275 ὄντες
1294 4215 1350 4267 ἐν
1380 4212 1458 4283 τῷ
1495 4215 1674 4267 σκότει
1702 4215 1793 4268 καὶ

214 4300 277 4349 ἐν
315 4300 383 4368 τῇ
431 4299 649 4371 ὁμίχλῃ,
674 4299 815 4352 ὥστε
847 4300 921 4372 μή
950 4300 1165 4371 βλέπειν
1192 4306 1329 4373 μήτε
1360 4303 1621 4370 συνιέναι,
1655 4306 1790 4376 μήτε

1901 462 2033 530 Quis
2060 465 2193 520 vidit
2220 482 2319 521 nos
2351 467 2375 520 7
2407 476 2501 521 aut
2530 466 2654 536 quis
2702 480 2805 520 nos
2854 476 3178 537 cognoscet,
3224 475 3321 521 aut
3355 482 3475 536 quae

1902 567 2002 608 nos
2031 555 2301 613 iacimus?
2332 576 2352 607 ι
2381 557 2586 613 Deinde
2616 555 2744 626 quia
2779 570 2841 612 se
2880 557 3047 612 Deum
3088 558 3266 614 colere
3315 558 3475 612 labiis

1901 629 2263 715 proﬁtentes,
2288 648 2341 701 in
2386 646 2600 702 occulto
2636 646 2871 716 pessima
2917 661 3147 717 quaeque
3186 658 3470 719 perpetra-

1900 736 2051 802 bant,
2085 736 2137 790 in
2165 735 2458 801 veneﬁciis,
2504 737 2883 801 immunditiis,
2917 748 2974 792 et
3021 739 3296 794 sexcentis
3350 736 3474 790 aliis

1902 828 2123 883 nefariis
2147 830 2313 898 gestis
2338 841 2457 885 sese
2472 827 2810 884 volutantes:
2848 830 3070 898 hacque
3096 828 3279 884 omnia
3312 828 3471 898 quasi

1902 936 2011 976 non
2059 924 2421 993 prospiciente
2468 923 2578 979 Deo
2615 923 2993 996 peragebant;
3040 924 3167 995 jure
3214 924 3336 981 illos
3382 922 3471 979 his

1902 1012 2081 1067 verbis
2110 1014 2339 1069 miseros
2362 1013 2694 1084 depraedicat
2733 1032 2748 1068 :

1975 1102 2135 1158 Vsus.
2167 1104 2253 1159 l6.
2294 1123 2321 1179 c.
2349 1103 2537 1162 Nonne
2566 1115 2626 1160 ut
2654 1106 2826 1161 lutum
2860 1106 3007 1177 ilguli
3041 1106 3471 1177 reputabimini‘l

1900 1190 2037 1245 Num
2070 1192 2215 1247 dicet
2246 1193 2559 1262 ligmentum
2584 1195 2759 1250 lictori
2801 1211 2920 1262 suo,
2948 1194 3031 1249 Tu
3056 1212 3143 1251 me
3166 1210 3272 1251 non
3309 1196 3470 1251 tinxi-

1900 1283 2010 1339 sti?
2040 1292 2136 1338 aut
2171 1299 2309 1353 opus
2363 1284 2659 1355 opiiici,'l‘u
2687 1302 2772 1341 me
2799 1302 2905 1343 non
2934 1289 3205 1357 sapienter
3221 1288 3463 1345 fecisti?»

1899 1374 1968 1427 At
1994 1375 2138 1429 enim
2174 1377 2221 1430 si
2259 1390 2447 1432 omnes
2487 1376 2731 1432 homines
2769 1378 2838 1432 oh
2869 1378 3073 1433 luteum
3105 1393 3305 1449 corpus
3349 1378 3465 1435 luto

1901 1466 2046 1537 iiguli
2074 1469 2279 1525 similes
2304 1484 2513 1532 sumus,
2542 1471 2641 1541 qui
2664 1485 2773 1539 non
2794 1482 3191 1540 consequenter
3216 1482 3467 1542 putemus

1901 1572 2005 1610 non
2026 1571 2187 1625 posse,
2207 1557 2451 1627 opiilcem
2486 1559 2675 1627 latere,
2699 1576 2832 1632 quas
2847 1572 3191 1632 operatmnes
3207 1562 3327 1620 edat
3344 1562 3467 1632 opi-

1902 1647 2089 1704 ﬁcium
2126 1650 2325 1705 suum?
2356 1650 2488 1718 Quis
2512 1651 2694 1708 dicere
2720 1654 2890 1724 possit
2915 1654 2996 1709 vel
3017 1656 3232 1719 audeat,
3267 1672 3327 1711 se
3355 1671 3464 1711 non

1898 1753 1929 1792 a
1962 1738 2069 1795 Deo
2090 1739 2428 1796 eli'orniatutn
2454 1745 2607 1799 esse?
2627 1745 2777 1811 Quod
2811 1746 2855 1799 si
2888 1743 2939 1799 id
2974 1747 3137 1818 ligulo
3160 1747 3461 1817 subjectum

1899 1828 2001 1900 ipsi
2038 1830 2209 1886 lutum
2256 1848 2531 1903 nunquam
2561 1834 2796 1902 dixerit;
2832 1835 3007 1904 palam
3046 1851 3193 1893 certe
3223 1848 3305 1893 est
3334 1838 3463 1893 futi-

1896 1921 1977 1982 les
2013 1932 2068 1977 et
2110 1938 2278 1981 vanos
2316 1940 2440 1981 esse
2474 1941 2664 1983 omnes
2703 1929 2793 1998 qui
2839 1930 2989 1985 intus
3022 1928 3077 1985 in
3121 1933 3307 1985 animo
3336 1946 3463 2002 pro-

1896 2013 2058 2068 funda
2080 2014 2307 2071 consilia
2355 2016 2563 2081 ineunt,
2590 2027 2645 2073 et
2686 2034 2807 2089 quae
2837 2019 2940 2089 ipsi
2978 2020 3030 2075 in
3062 2020 3298 2078 tenebris
3322 2020 3463 2079 iaci.

1898 2121 2030 2161 nora
2066 2108 2254 2171 edunt,
2292 2107 2459 2163 Deum
2502 2110 2753 2181 ignorare
2790 2114 3125 2169 existimant.

1969 2275 2133 2333 Vens.
2176 2279 2263 2334 l7.
2309 2299 2327 2331 ι
2375 2279 2566 2339 Nonne
2601 2284 2774 2341 adhuc
2811 2286 3103 2356 paululum,
3137 2299 3192 2344 et
3230 2292 3461 2348 transfe-

1898 2377 2049 2423 retur
2082 2368 2319 2426 Libanus
2354 2374 2499 2428 sicut
2534 2390 2689 2431 mons
2727 2376 2992 2440 Chermel.
3027 2390 3081 2434 et
3119 2380 3367 2438 Chermel
3408 2387 3461 2441 in

1898 2461 2090 2516 saltum
2131 2465 2469 2534 reputabitur
2502 2468 2527 2521 ?
2572 2486 2589 2521 ι
2648 2468 2911 2525 Libanum
2951 2474 3164 2541 quidem
3206 2477 3459 2546 populum

1898 2567 1964 2608 ex
2006 2554 2274 2624 gentibus,
2303 2557 2607 2613 Carmelum
2648 2576 2775 2616 vero
2810 2561 3088 2618 Judaicam
3122 2576 3333 2635 gentem
3369 2583 3464 2623 vo-

1899 2655 2007 2699 cat.
2048 2645 2160 2701 Cen
2189 2652 2475 2716 quemdam
2524 2652 2721 2705 saltum
2762 2655 3053 2723 agrestium
3082 2668 3137 2711 et
3166 2656 3465 2716 infructuo—

1898 2752 2079 2792 sarum
2108 2740 2363 2794 arborum
2392 2740 2509 2796 fore
2534 2740 2815 2796 Iudaicum
2842 2744 3093 2814 papulum
3110 2748 3460 2802 vaticinatur.

1898 2831 2161 2887 Libanum
2197 2844 2397 2899 autem,
2420 2836 2512 2904 qui
2548 2837 2675 2889 olim
2722 2839 2879 2891 saltui
2907 2840 3099 2895 similis
3126 2853 3265 2905 erat,
3295 2858 3463 2911 popu-

1898 2921 2009 2975 lum
2036 2923 2286 2979 videlicet
2314 2938 2382 2979 ex
2409 2926 2683 2995 gentibus,
2725 2927 2962 2983 futurum
2996 2932 3090 2993 ait,
3120 2933 3295 3001 qualis
3331 2934 3461 2987 olitn

1897 3020 2014 3067 erat
2057 3010 2313 3068 Judaicus
2358 3018 2622 3084 populus,
2680 3018 2895 3086 plenum
2948 3021 3105 3078 bonis
3154 3022 3459 3089 arboribus,

1894 3105 2241 3174 omniumque
2268 3120 2521 3176 generum
2556 3107 2754 3175 plantis
2776 3119 2825 3162 et
2851 3109 3136 3167 fructibus.

1963 3194 2127 3251 Vens.
2159 3195 2244 3250 l8.
2282 3215 2300 3248 ι
2336 3195 2399 3250 Et
2424 3197 2643 3251 audient
2682 3198 2734 3252 in
2763 3199 2969 3254 die'illa
2997 3203 3143 3257 surdi
3174 3218 3459 3261 sermones

1894 3286 2038 3351 libri,
2068 3299 2121 3343 et
2158 3289 2249 3357 qui
2290 3289 2343 3343 in
2384 3291 2657 3356 tenebris,
2696 3302 2751 3347 et
2789 3295 2878 3361 qui
2916 3295 2967 3347 in
3010 3294 3275 3366 caligine;
3314 3297 3459 3352 oculi

1893 3392 2157 3433 caecorum
2215 3379 2493 3434 videbunt.
2546 3399 2566 3431 ι
2611 3380 2776 3451 Cujus
2830 3382 2999 3446 libri,
3042 3383 3145 3439 nisi
3202 3384 3450 3454 hujusce,

1892 3484 2049 3538 quem
2089 3483 2200 3538 pra:
2240 3469 2485 3524 manibus
2521 3469 2817 3535 habemus,
2858 3474 2924 3527 de
2962 3488 3070 3543 quo
3109 3489 3270 3543 supra
3310 3475 3457 3530 dice-

1893 3562 2085 3627 batur,
2124 3580 2142 3613 ι
2181 3561 2348 3617 Vobis
2386 3563 2547 3617 verba
2587 3562 2701 3617 haec
2736 3564 2915 3618 omnia
2941 3603 2957 3628 ,
2998 3565 3144 3619 velut
3180 3580 3461 3622 sermones

1894 3654 2092 3724 signati
2132 3656 2253 3711 libri
2305 3656 2505 3725 hujus?
2544 3677 2562 3710 ι
2602 3654 2799 3712 Verum
2842 3656 2890 3712 ei
2936 3657 3027 3727 qui
3078 3657 3205 3713 olim
3245 3659 3459 3727 quidem

1894 3746 2193 3816 Carmeius,
2224 3750 2318 3804 sed
2346 3748 2458 3818 jam
2484 3758 2723 3805 mutatus
2746 3759 2829 3805 est
2857 3751 2909 3803 in
2936 3749 3155 3816 saltum,
3177 3758 3340 3806 erunt
3367 3752 3461 3803 hu-

1889 3840 2043 3909 jusce
2092 3840 2212 3895 libri
2262 3850 2317 3895 et
2368 3842 2668 3912 prophetia:
2711 3856 2990 3898 sermones
3041 3842 3459 3914 ohsiguati;illi

1893 3943 2024 3984 vero
2060 3928 2153 3999 qui
2190 3930 2317 3986 olim
2356 3933 2506 3995 caeci,
2545 3942 2600 3986 et
2637 3931 2691 3985 in
2729 3930 3097 3986 saltu-Libani
3139 3930 3462 4001 reputaban-

1897 4027 1983 4072 tur
2022 4034 2162 4084 esse,
2202 4031 2489 4090 postquam
2537 4020 2606 4076 ad
2652 4032 2987 4077 mansuetum
3020 4031 3077 4076 et
3117 4020 3459 4077 fructuosum

1894 4122 2099 4163 morem
2116 4111 2356 4164 translati
2369 4109 2589 4175 fuerint,
2607 4110 2914 4166 divinarum
2930 4111 3206 4181 Scriptura
3216 4126 3331 4164 rum
3343 4124 3461 4167 ser-

1894 4215 2084 4257 mones
2117 4203 2376 4269 audient;
2417 4214 2471 4258 et
2506 4206 2595 4275 qui
2630 4203 2758 4259 olim
2793 4205 2845 4259 in
2878 4204 3115 4260 tenebris
3147 4214 3202 4258 et
3228 4204 3462 4275 caligine

1895 4296 2272 4360 versabantur,
2330 4297 2403 4350 ita
2434 4306 2490 4349 ut
2534 4311 2637 4350 non
2667 4296 2945 4359 viderent,
2978 4310 3153 4365 neque
3197 4294 3463 4365 intellige-

212 4392 387 4451 νοεῖν,
426 4388 511 4441 διὰ
559 4368 625 4443 τὸν
645 4368 875 4459 τυφλοὺς
901 4368 1044 4461 ἀίειν
1087 4368 1214 4454 τοὺς
1253 4368 1586 4463 δφθαλμοὺς,
1609 4368 1785 4461 pinei,

1898 4393 2037 4450 rent,
2072 4401 2245 4456 neque
2268 4387 2604 4455 cogitarent,
2635 4390 2761 4455 quia
2792 4386 2966 4441 oculis
2993 4389 3121 4441 caici
3146 4397 3305 4442 erant
3330 4428 3344 4453 ,
3371 4387 3460 4443 in-

212 4481 522 4553 παραδόξου
556 4483 853 4553 μεταϐολῆς
882 4482 1216 4548 ἀξιωθέντες,
1255 4482 1448 4554 θεωροὶ
1473 4487 1788 4557 γενήσονται

212 4573 327 4626 τῶν
343 4573 768 4642 ἐναποκειμένων
783 4574 959 4637 ἐντοῖς
980 4572 1142 4637 θείοις
1155 4574 1438 4645 γράμμασι
1461 4577 1789 4648 μυστηρίων.

293 4684 313 4716 ι
334 4664 445 4717 Καὶ
482 4663 890 4732 ἀγαλλιάσονται
914 4667 1116 4736 πτωχοὶ
1146 4665 1234 4719 διὰ
1270 4666 1472 4737 Κύριον
1494 4667 1551 4719 ἐν
1590 4668 1787 4739 εὐφρο-

216 4756 378 4827 σύνῃ,
422 4754 515 4808 καὶ
558 4748 608 4807 οι
661 4756 1058 4827 ἀπηλπισμὲνοι
1106 4756 1214 4810 τῶν
1250 4756 1548 4827 ἀνθρώπων
1575 4760 1787 4831 ἐμπλη-

216 4848 511 4918 σθήσονται
537 4847 889 4919 εὐφροσύνης.
917 4869 936 4900 ι
992 4850 1087 4913 Τίς
1110 4850 1217 4921 γὰρ
1255 4850 1349 4904 καὶ
1388 4851 1634 4924 διενοήθη
1670 4855 1788 4907 πώ-

213 4956 352 4992 ποτε
374 4940 498 5002 τοὺς
521 4940 586 4993 ἐκ
615 4941 863 5011 πατέριον
880 4940 1286 5014 είδωλολάτρας,
1309 4943 1501 5008 ἀθέους
1517 4946 1673 5011 ὄντας
1693 4949 1787 5001 καὶ

214 5029 435 5093 ἀσεϐεῖς
480 5032 572 5082 καὶ
602 5030 910 5102 ἀλλοτρίους
962 5032 1060 5103 τῆς
1100 5033 1351 5102 γνώσεως
1384 5036 1479 5090 τοῦ
1525 5037 1678 5102 Θεοῦ,
1713 5039 1793 5103 είς

138 5120 141 5123 ’
210 5120 471 5191 τοιαύτην
500 5121 649 5191 ήξειν
679 5122 898 5187 ἐλπίδας
931 5123 1119 5193 Ὅμως
1149 5125 1194 5178 δ’
1221 5121 1315 5179 οὖν
1358 5128 1451 5179 καὶ
1484 5146 1501 5178 ι
1532 5130 1583 5180 οί
1618 5130 1792 5199 ἀπηλ-

213 5211 494 5282 πισμένοι,
573 5214 725 5281 φησὶ,
779 5211 889 5267 τῶν
929 5214 1231 5285 ἀνθρώπων
1303 5218 1779 5289 ἐμπλησθήσονται

212 5303 573 5374 εὐφροσύνης.
598 5323 617 5355 ι

290 5413 313 5446 ι
337 5394 609 5459 Ἐξέλιπεν
631 5395 850 5466 ἄνομος,
884 5398 979 5451 καὶ
1018 5396 1265 5452 ἀπώλετο
1296 5399 1664 5472 ὑπερήφανος,
1691 5401 1784 5454 καὶ

216 5484 689 5559 ἐξωλοθρεύθησαν
721 5487 772 5540 ὀί
805 5487 1130 5558 ἀνομοῦντες
1164 5489 1259 5541 ἐπὶ
1290 5490 1474 5561 κακίᾳ.
1501 5509 1520 5543 s
1566 5490 1784 5544 Τούτων

214 5576 613 5632 ἀπολαύσουσιν
646 5570 792 5631 οὗτοι
832 5578 1052 5643 πάντες,
1084 5580 1270 5647 ἐπειδὴ
1301 5584 1330 5635 ὁ
1360 5581 1525 5635 πάλαι
1569 5582 1785 5653 κρατῶν

1896 4487 2206 4545 exspectata
2238 4478 2537 4532 mutatione
2575 4476 2813 4546 dignati,
2846 4479 3223 4549 mysteriorum
3263 4479 3319 4533 in
3367 4494 3458 4534 sa-

1895 4570 2005 4624 cris
2038 4569 2233 4625 litteris
2266 4570 2669 4626 reconditorum
2696 4570 3066 4642 speculatores
3098 4582 3279 4626 erunt.

1965 4660 2131 4717 Vens.
2180 4662 2266 4719 l9.
2339 4683 2357 4715 ι
2397 4663 2463 4716 Ει
2512 4666 2860 4721 ελευιιοιιυιιι
2904 4682 3166 4736 pauperes
3235 4676 3461 4737 propter

1896 4751 2181 4809 Dominum
2207 4756 2259 4810 in
2296 4754 2501 4822 laetitia,
2542 4768 2595 4811 et
2618 4772 2712 4827 spe
2762 4758 3006 4813 destituti
3052 4758 3321 4823 homines,
3357 4759 3463 4813 im-

1894 4844 2183 4913 plehuntur
2210 4846 2414 4902 laetitia.
2453 4867 2473 4901 ι
2503 4847 2635 4914 Quis
2688 4849 2831 4904 enim
2876 4864 3117 4918 unquam
3166 4850 3461 4920 cogitasset

1896 4950 2011 5001 eos,
2046 4938 2135 5004 qui
2169 4953 2199 4991 a
2230 4939 2526 5008 majoribus
2558 4938 2875 5004 idololatrze,
2911 4939 3056 4993 athei
3084 4950 3139 4994 et
3163 4940 3350 5010 impii,
3382 4952 3464 4995 at-

1896 5044 2000 5097 que
2028 5045 2058 5082 a
2090 5028 2181 5084 Dei
2210 5032 2518 5100 cognitione
2543 5030 2704 5086 alieni
2744 5042 2929 5097 erant,
2981 5041 3183 5086 tantam
3214 5034 3267 5086 in
3307 5049 3457 5104 spem

1895 5132 2153 5176 venturos
2170 5120 2336 5177 fuisse
2352 5124 2375 5175 τ
2392 5125 2663 5186 Attamen,
2687 5124 2784 5189 ait,
2803 5124 2964 5178 etiam
2984 5124 3045 5188 ii,
3066 5126 3158 5193 qui
3182 5144 3199 5175 ι
3230 5140 3325 5194 spe
3366 5129 3461 5181 de-

1897 5214 2071 5268 stituti
2101 5222 2260 5267 erant
2289 5214 2555 5277 homines,
2594 5213 2961 5284 implebuntur
2990 5215 3193 5269 laetitia.
3238 5236 3259 5268 ι

1958 5394 2123 5450 Vsus.
2157 5395 2248 5450 20.
2281 5412 2300 5447 ι
2340 5395 2553 5451 Deiecit
2590 5395 2831 5467 iniquus,
2872 5406 2929 5451 et
2963 5398 3126 5467 periit
3169 5397 3459 5467 superbus,

1891 5497 1947 5541 et
1976 5488 2139 5543 deleti
2186 5495 2316 5542 sunt
2356 5486 2544 5557 inique
2596 5498 2819 5558 agentes
2870 5503 2982 5557 pra:
3014 5488 3243 5544 malitia.
3292 5508 3313 5541 ι
3363 5490 3458 5545 His

1887 5578 2141 5634 fruentur
2174 5578 2231 5635 hi
2262 5592 2487 5647 omnes,
2512 5579 2638 5649 quia
2670 5579 2717 5635 is
2754 5578 2846 5647 qui
2888 5578 3017 5636 olim
3066 5580 3354 5650 imperium
3403 5590 3460 5634 et
3550 5584 3562 5595 ‘

284 5689 398 5763 (35)
438 5693 637 5751 Dccsse
669 5690 883 5749 videtur
918 5690 1136 5764 aliquod
1172 5693 1420 5763 verbum,
1455 5709 1506 5751 v.
1532 5709 1609 5766 g.,
1639 5694 1811 5750 καλεῖ.
1842 5693 2001 5753 Eon.
