4120 6294
721 285 823 338 503

1371 281 1632 337 EUSEBII
1670 277 2146 336 CESARIENSIS
2183 276 2334 332 OPP.
2376 275 2556 332 PARS
2593 277 2682 332 Ill.
2724 311 2790 320 -—
2829 278 3237 335 EXEGETICA.

3849 285 3962 337 5οι

721 392 1050 465 tyrannidem
1081 395 1247 450 ineo:
1271 396 1567 461 obtinebat,
1598 397 1810 466 iniquus
1836 407 1889 451 et
1923 398 2117 466 impius
2145 397 2261 466 qui-

2371 395 2549 446 αὐτῶν
2596 397 2688 447 καὶ
2725 396 3020 464 τυραννῶν,
3089 396 3287 466 ἄνομὸς
3323 415 3405 460 τις
3453 397 3547 450 καὶ
3599 397 3798 466 ἀσεϐὴς
3851 399 3959 468 ἀρ-

715 486 836 539 dam
865 485 1147 554 princeps,
1183 486 1430 540 diabolus
1463 489 1680 561 inquam
1709 528 1725 553 ,
1773 488 1974 543 defecit
2011 499 2066 543 et
2112 488 2271 558 periit

715 576 869 646 longe
898 576 1172 648 depulsus,
1209 577 1471 645 superbus
1499 578 1606 639 ille.
1637 581 1730 648 qui
1762 580 1888 633 olim
1910 581 2057 648 ipsos
2077 581 2131 633 in
2157 594 2270 634 ser-

712 668 937 722 vitutem
969 670 1266 738 redegerat.
1290 667 1401 722 lmo
1416 670 1578 722 etiam
1600 671 1690 738 qui
1711 671 1808 725 sub
1837 671 2076 739 eoimpie
2094 672 2269 725 ctini-

711 773 817 828 que
839 760 1084 828 agebant,
1105 759 1258 814 deleti
1275 767 1430 824 sunt;
1464 759 1685 828 maligni
1704 761 1951 817 videlicet
1978 763 2265 818 daemones.

782 849 947 905 Vsus.
973 849 1062 903 2i.
1100 866 1119 900 ι
1157 847 1256 916 Qui
1289 863 1517 918 peccare
1540 851 1748 905 faciunt
1780 851 2026 906 homines
2069 853 2121 906 in
2156 868 2270 907 ser-

710 955 892 995 mone.
926 940 1124 996 Omnes
1158 949 1338 994 autem
1371 949 1658 1010 arguentes
1692 942 1745 995 in
1778 943 1949 1010 portis
1975 941 2268 998 offendicu-

712 1031 821 1085 lum
853 1039 1054 1102 ponent
1100 1048 1113 1082 :
1151 1032 1403 1101 quoniam
1440 1033 1794 1087 detorserunt
1832 1033 1900 1088 ad
1931 1034 2129 1104 injusta
2179 1036 2267 1105 ju-

709 1131 872 1176 stum.
910 1139 931 1174 ι
966 1120 1096 1176 Nam
1130 1122 1405 1191 prophetis
1435 1138 1492 1177 se
1523 1137 1704 1178 coram
1745 1127 2098 1196 arguentibus
2122 1165 2138 1192 ,
2179 1141 2265 1181 se-

709 1227 816 1284 que
843 1228 872 1266 a
907 1215 1168 1284 peccandi
1190 1215 1579 1270 consuetudine
1610 1217 2017 1280 avertentibus,
2049 1218 2270 1287 laqueos

709 1305 1020 1370 tendebant,
1045 1307 1356 1361 occasiones
1386 1307 1640 1362 adversus
1661 1322 1755 1362 cos
1783 1318 2080 1377 captantes,
2113 1318 2170 1364 ut
2190 1311 2271 1380 ip-

708 1409 801 1450 sos
837 1396 1139 1463 perderent.

783 1486 947 1541 Vens.
991 1488 1182 1551 22,25.
1228 1505 1247 1538 ι
1300 1486 1591 1558 Propterea
1648 1489 1761 1543 ha:c
1823 1491 1952 1545 dicit
2011 1491 2270 1548 Do‘minus

710 1597 871 1650 super
904 1582 1118 1635 domum
1155 1579 1342 1644 Iacob,
1383 1595 1543 1648 quam
1569 1581 1843 1651 separavit
1865 1597 1931 1636 ex
1960 1581 2264 1636 Abraham:

709 1671 824 1726 Non
863 1686 1003 1724 nunc
1038 1670 1395 1726 confundetur
1425 1668 1628 1736 Jacnb,
1681 1685 1853 1740 neque
1892 1685 2033 1725 nunc
2067 1672 2261 1728 faciem

2371 502 2502 553 χων,
2540 485 2680 552 λέγω
2725 485 2788 556 δὴ
2840 486 2998 548 αὐτὸς
3039 487 3068 537 6
3119 486 3382 554 διάϐολος,
3429 486 3675 552 ἐξέλιπεν
3713 486 3808 540 καὶ
3845 487 3937 538 ἀπν

2371 573 2537 628 ώλετο
2552 576 2767 645 μακρὰν
2793 575 3056 645 διωχθεὶς,
3073 577 3102 627 ὁ
3125 576 3291 628 πάλαι
3315 577 3852 646 καταδουλωσάμενος
3863 575 3963 630 αὐ-

2368 667 2494 730 τοὺς
2509 668 2872 738 ὑπερήφανος·
2893 668 3025 721 ἀλλά
3041 670 3134 721 καὶ
3147 671 3193 721 οἰ
3211 669 3315 721 ὑπὸ
3329 669 3502 739 τούτῳ
3518 669 3839 732 ἀσεϐοῦντες
3857 669 3960 722 ἐπὶ

2369 757 2550 828 ἀδικίᾳ
2593 758 3083 829 ἐξωλοθρεύθησαν,
3114 759 3313 830 δηλαδὴ
3346 761 3394 812 οἰ
3420 760 3645 830 πονηροὶ
3673 759 3951 829 δαίμονες.

2445 866 2463 898 ι
2490 848 2553 901 Οἱ
2609 847 2887 912 ποιοῦντες
2935 848 3251 920 ἀνθρώπους
3303 851 3636 919 ἁμαρτάνειν
3677 851 3734 902 ἐν
3778 849 3949 920 λόγῳ.

2369 938 2581 1002 Πάντας
2596 939 2652 992 δὲ
2679 940 2805 1002 τοὺς
2836 941 3154 1010 ἐλέγχοντας
3185 941 3242 994 ἐν
3272 940 3467 1003 πύλαις
3498 941 3828 1011 πρόσκομμα
3847 940 3954 1010 θή-

2371 1047 2582 1083 σουσινσ
2613 1031 2694 1082 ὅτι
2739 1029 3075 1098 ἐπλαγίασαν
3133 1031 3218 1083 ἐπ’
3247 1031 3452 1093 ἀδίκοις
3500 1031 3724 1084 δίκαιον.
3752 1051 3771 1082 ι
3805 1031 3954 1094 Τοὺς

2368 1121 2476 1192 γὰρ
2501 1123 2781 1192 προφήτας
2807 1123 2888 1184 εἰς
2920 1123 3208 1191 πρόσωπον
3245 1122 3440 1186 αὐτοὺς
3478 1122 3817 1193 ἐλέγχοντας,
3853 1124 3956 1176 καὶ

2367 1211 2474 1264 τῶν
2526 1211 2938 1282 ἁμαρτημάτων
2975 1211 3400 1284 ἐπιστρέφοντας
3433 1213 3572 1283 (56),
3603 1213 3947 1280 ἐπαγῐδευον,

2368 1301 2540 1366 λαϐὰς
2560 1304 2680 1356 κατ’
2697 1303 2874 1355 αὐτῶν
2891 1301 3215 1373 θηρώμενοι,
3231 1304 3379 1366 ὅπως
3402 1305 3594 1368 αὐτοὺς
3614 1305 3948 1360 ἀπολέσωσι.

2446 1503 2463 1533 ι
2485 1484 2583 1537 Διά
2621 1483 2777 1536 τοῦτο
2807 1483 2930 1537 τάδε
2973 1484 3118 1552 λέγει
3149 1485 3350 1553 Κύριος
3385 1484 3478 1537 ἐπὶ
3507 1485 3597 1536 τὸν
3649 1479 3798 1537 οἷκον
3838 1485 3950 1538 Ἰα-

2369 1573 2504 1638 κὼϐ,
2529 1575 2589 1628 ὃν
2615 1575 2888 1646 ἀφώρισεν
2919 1573 2979 1640 ἐξ
3015 1575 3294 1645 Ἀϐραάμσ
3314 1576 3389 1628 Οὐ
3416 1574 3510 1628 νῦν
3525 1576 3950 1647 αἰσχυνθήσεται

2366 1666 2582 1730 Ἰακὼϐ,
2627 1667 2747 1720 οὐδὲ
2800 1667 2892 1721 νῦν
2953 1667 3014 1720 τὸ
3050 1669 3337 1737 πρόσωπον
3381 1668 3711 1738 μεταϐαλεῖ’
3752 1669 3956 1722 ἀλλ’ὅ-

709 1761 937 1816 mutabit
969 1763 1102 1814 :sed
1151 1760 1367 1828 quando
1407 1761 1664 1814 videbunt
1721 1760 1816 1815 filii
1853 1774 2040 1816 eorum
2096 1777 2258 1832 opera

2365 1778 2460 1815 ταν
2488 1761 2637 1813 ἴδωσι
2665 1761 2733 1812 τὰ
2755 1761 2918 1813 τέκνα
2944 1761 3120 1813 αὐτῶν
3149 1760 3217 1812 τά
3239 1760 3374 1831 ἔργα
3399 1777 3520 1830 μου,
3553 1760 3624 1812 δι’
3660 1760 3762 1830 ἐμὲ
3784 1761 3951 1828 ἁγιά-

708 1869 854 1918 mea,
892 1862 1111 1923 propter
1144 1867 1231 1907 me
1265 1853 1674 1918 sanctificabunt
1718 1867 1912 1908 nomen
1961 1869 2137 1908 meum
2158 1895 2174 1920 ,
2207 1865 2264 1909 et

711 1943 1402 2001 sanctificabuntSanctum
1428 1945 1616 2011 Jacob,
1647 1955 1700 2000 et
1725 1945 1890 2001 Deum
1917 1944 2076 2002 lsrael
2109 1947 2264 2001 time-

706 2039 861 2093 bunt.
905 2059 924 2092 ι
963 2038 1066 2094 Vos
1089 2039 1226 2102 dico,
1259 2039 1472 2092 domum
1495 2035 1660 2092 Jacob
1691 2047 1908 2091 vocatos
1949 2056 1963 2092 :
2006 2053 2166 2106 quam
2208 2047 2264 2091 ut

707 2132 961 2202 religioso
1006 2132 1094 2185 illo
1140 2130 1452 2185 Abrahamo
1521 2128 1792 2198 indignam
1868 2130 2168 2198 separavit,
2213 2138 2266 2183 et

706 2225 912 2280 alienos
946 2224 1068 2280 illos
1110 2223 1290 2295 posuit
1323 2221 1497 2286 Deus;
1542 2222 1666 2290 quia
1713 2235 1772 2276 se
1812 2236 1918 2276 non
1957 2221 2265 2275 Abraham.

708 2318 896 2385 dignos
941 2331 1060 2372 esse
1113 2316 1369 2384 operibus
1429 2313 1777 2369 exhibebant.
1839 2312 1906 2364 At
1964 2312 2108 2364 enim
2171 2311 2261 2366 lilii

707 2410 940 2464 Abrahae
965 2409 1217 2478 operibus
1245 2417 1542 2462 noscuntur
1561 2445 1576 2470 ,
1609 2413 1668 2459 ut
1696 2403 1875 2459 docuit
1899 2404 2155 2458 Servator
2179 2405 2264 2459 bis

707 2499 918 2577 verbis:
960 2518 976 2549 ι
1019 2499 1073 2552 Si
1129 2497 1223 2551 filii
1279 2497 1507 2550 Abrahae
1558 2495 1764 2556 essetis.
1817 2508 1982 2562 opera
2035 2493 2263 2548 Abrahae

704 2584 952 2639 faceretis
975 2583 1040 2633 ’⁷.
1076 2601 1094 2634 ι
1130 2581 1407 2648 Quodnam
1457 2593 1589 2633 vero
1639 2588 1849 2647 tempus
1896 2577 2027 2630 illud
2074 2577 2259 2639 luerit,

703 2674 805 2727 nisi
835 2688 940 2742 quo
973 2671 1134 2726 verba
1165 2685 1282 2726 mea
1311 2671 1725 2740 complebuntur
1747 2709 1761 2734 ,
1799 2685 1919 2725 cum
1957 2669 2053 2725 lilii
2097 2671 2261 2725 vestri

702 2765 1034 2834 alienigenas
1058 2773 1113 2819 et
1145 2763 1326 2833 generi
1358 2772 1539 2817 vestro
1563 2773 1850 2817 extraneos
1889 2777 2084 2818 nomen
2119 2761 2265 2817 celeo

703 2853 864 2906 brare
897 2867 1070 2906 meum
1107 2851 1404 2905 videbunt?
1433 2851 1583 2905 Tunc
1633 2851 1776 2904 enim
1807 2852 1908 2919 ipsi
1954 2850 2047 2904 lilii
2094 2852 2262 2905 vestri

702 2943 1092 2996 confundentur
1115 2952 1170 2995 et
1193 2943 1510 2996 erubescent
1532 2981 1547 3004 ,
1577 2942 1896 3010 stupendam
1942 2939 2090 2996 illam
2120 2955 2256 3011 gen-

703 3036 837 3087 tium
871 3034 1218 3087 mutationem
1253 3041 1537 3086 cernentes
1559 3072 1572 3094 ,
1619 3031 2024 3102 conspicatique
2072 3031 2261 3086 alieni-

597 3141 602 3146 ’
703 3140 867 3196 genas
923 3125 1166 3178 homines
1221 3122 1476 3177 Sanctum
1537 3122 1700 3178 Israel
1752 3133 1805 3177 et
1868 3124 2034 3177 Deum
2094 3121 2261 3178 Jacob

701 3217 1064 3281 sanctilicare,
1093 3232 1156 3269 ac
1183 3216 1276 3269 Dei
1313 3216 1682 3271 universorum
1718 3215 1910 3270 timore
1937 3213 2097 3269 afﬁci.

771 3398 934 3454 Vsus.
959 3399 1048 3453 24.
1093 3417 1111 3449 ι
1143 3399 1206 3452 Ει
1235 3397 1407 3453 scient
1431 3399 1520 3465 qui
1553 3408 1733 3451 errant
1772 3397 1969 3467 spiritu
1991 3437 2010 3466 ,
2059 3397 2258 3452 intelli-

702 3491 936 3560 gentiam
981 3508 993 3543 :
1030 3491 1118 3558 qui
1153 3500 1332 3543 autem
1370 3491 1782 3543 ohmurmurant
1807 3529 1823 3554 ,
1871 3489 2083 3544 discent
2132 3490 2260 3544 obe-

704 3583 1066 3648 dientiam,et
1093 3581 1285 3651 linguae
1310 3579 1670 3634 balbutientes
1706 3579 1914 3633 discent
1966 3578 2111 3648 loqui
2159 3564 2259 3648 p5-

701 3686 840 3727 cem.
880 3691 899 3724 ›
933 3671 1152 3742 Linguae
1191 3670 1565 3735 balbutientes,
1597 3684 1714 3739 quae
1749 3671 1881 3724 nihil
1919 3672 2098 3736 clare,
2125 3671 2258 3726 nihil

703 3780 829 3820 vere
879 3763 1021 3832 loqui
1075 3771 1345 3832 poterant,
1403 3761 1467 3815 ad
1501 3770 1746 3815 naturam
1780 3750 2255 3832 regresste'suam,

698 3855 1003 3908 clarissime
1029 3851 1334 3921 loquentur,
1376 3850 1524 3919 pacis
1563 3865 1846 3907 sermones
1891 3848 2134 3915 edoctae;
2168 3858 2256 3902 ut-

702 3954 830 4014 pote
862 3958 985 4013 quze
1023 3951 1077 3997 et
1105 3941 1247 3997 bello
1281 3940 1500 4005 liberae,
1527 3951 1582 3994 et
1607 3956 1792 4010 paceni
1833 3955 1955 3995 cum
1996 3939 2105 3995 Deo
2136 3955 2257 3994 am-

702 4036 872 4105 plexa:
897 4035 1022 4089 sint.

1277 4123 1502 4178 CAPUT
1535 4122 1700 4177 XXX.

775 4221 936 4280 Vens.
969 4219 1084 4273 1-5.
1120 4217 1228 4283 Vae,
1270 4217 1360 4270 lilii
1398 4217 1740 4280 desertores,
1790 4216 1919 4270 dicit
1978 4217 2252 4273 Dominus.

700 4312 907 4366 iniistis
938 4310 1242 4371 consilium,
1272 4323 1374 4361 non
1405 4322 1499 4376 per
1523 4323 1607 4362 me
1649 4325 1663 4373 ;
1698 4316 1751 4361 et
1790 4317 1942 4376 pacta
1970 4348 1983 4371 ,
2031 4324 2134 4363 non
2163 4324 2259 4379 per

2366 1869 2516 1905 σουσι
2540 1851 2602 1903 τὸ
2630 1851 2800 1921 ὄνομά
2833 1869 2957 1921 μου,
2987 1852 3081 1904 καὶ¹
3109 1851 3394 1919 ἀγιάσουσι
3409 1852 3498 1904 τὸν
3514 1852 3702 1920 Ἀγιον
3724 1851 3948 1916 Ἰακὼϐ,

2364 1943 2573 1995 καὶτὸν
2595 1943 2728 1995 Θεὸν
2782 1941 2875 1995 τοῦ
2920 1942 3133 2014 Ἰσραὴλ
3182 1943 3598 2013 φοϐηθήσονται.
3620 1961 3638 1994 ι
3683 1942 3859 2015 Ύμᾶς
3886 1943 3952 1997 δὲ

2364 2035 2525 2101 λέγω,
2556 2035 2646 2087 τὸν
2704 2035 3037 2105 καλούμενον
3087 2031 3233 2088 οἷκον
3271 2035 3483 2101 Ἰακὼϐ,
3533 2035 3593 2089 ὃν
3643 2036 3743 2089 οὐκ
3793 2035 3954 2103 ἄξιον

2363 2128 2490 2180 ὄντα
2532 2125 2627 2178 τοῦ
2673 2125 2952 2193 θεοφιλοῦς
2995 2127 3201 2178 ἐκείνου
3245 2125 3492 2198 Ἀϐραὰμ
3546 2127 3810 2196 ἀφώρισε,
3849 2127 3952 2182 καὶ

2362 2216 2800 2286 ἀπηλλοτρίωσεν
2830 2217 3026 2279 αὐτοὺς
3059 2219 3087 2268 6
3116 2215 3266 2280 Θεὸς,
3293 2217 3382 2270 διὰ
3423 2218 3481 2270 τὸ
3516 2217 3590 2288 μὴ
3617 2221 3730 2282 τοῖς
3761 2219 3952 2290 ἔργοις

2362 2307 2543 2373 ἀξίους
2572 2308 2666 2360 τοῦ
2705 2306 2950 2378 Ἀϐραὰμ
2975 2308 3312 2377 καταστῆσαι
3342 2308 3586 2372 ἑαυτούς.
3619 2309 3701 2361 Τὰ
3721 2310 3828 2382 γὰρ
3857 2311 3952 2364 τέο

2363 2416 2464 2451 κνα
2488 2397 2584 2450 τοῦ
2623 2398 2872 2468 Ἀϐραὰμ
2899 2398 2987 2451 διὰ
3019 2399 3127 2451 τῶν
3155 2400 3328 2471 ἔργων
3362 2402 3700 2471 γνωρίζεται,
3731 2402 3808 2464 ώς
3837 2403 3956 2456 ἑδε-

2360 2489 2515 2553 δαξεν
2545 2492 2572 2542 ό
2602 2489 2789 2561 Σωτὴρ
2823 2488 2988 2542 εἰπών
3007 2507 3019 2519 ·
3072 2510 3089 2541 ι
3116 2491 3178 2543 Εἰ
3214 2492 3378 2544 τέκνα
3409 2493 3504 2544 τοῦ
3548 2493 3796 2564 Ἀϐραὰμ
3821 2489 3949 2565 ἦτε,

2359 2581 2427 2634 τὰ
2455 2580 2589 2651 ἔργα
2619 2583 2712 2634 τοῦ
2761 2582 3008 2650 Ἀϐραὰμ
3040 2583 3292 2637 ἐποιεῖτε.
3322 2601 3357 2636 ι’
3379 2585 3474 2648 Τίς
3513 2585 3554 2639 δ’
3577 2586 3645 2639 ἂν
3671 2586 3756 2658 εἴη
3791 2582 3954 2652 οὗτος

2360 2677 2388 2726 ό
2411 2676 2620 2745 καιρὸς,
2651 2674 2683 2743 ἢ
2718 2675 2860 2744 ὁτῆς
2891 2675 3167 2737 ἐκϐάσεως
3193 2675 3299 2728 τῶν
3329 2675 3475 2743 ἐμῶν
3501 2675 3693 2743 λόγων,
3733 2677 3856 2730 καθ’
3890 2678 3955 2732 ὃν

2360 2766 2428 2818 τὰ
2455 2767 2618 2819 τέκνα
2646 2764 2715 2818 τά
2749 2765 2989 2836 ὑμέτερα
3027 2767 3149 2828 τοὺς
3175 2766 3474 2834 ἁλλογενεῖς
3513 2768 3608 2820 καὶ
3636 2767 3953 2838 ἀλλοτρίους

2361 2857 2453 2910 τοῦ
2486 2857 2755 2927 ἡμετέρου
2784 2856 2974 2924 γένους
3001 2857 3221 2926 ὄψονται
3249 2857 3567 2922 δοξάζοντας
3593 2860 3650 2912 τὸ
3678 2861 3809 2930 ἐμὸν
3830 2862 3955 2916 δνο-

2367 2963 2479 3016 μα;
2512 2947 2646 3000 Τότε
2675 2948 2783 3019 γὰρ
2812 2945 2953 2999 αύτά
2983 2945 3049 2999 τά
3078 2947 3322 3017 ὑμέτερα
3350 2949 3511 3001 τέκνα
3540 2951 3950 3022 καταισχυνθή-

2364 3055 2516 3094 σεται
2546 3041 2638 3091 κα“ι
2679 3040 3124 3111 διατραπήσεται,
3166 3041 3376 3110 ὁρῶντα
3420 3044 3481 3095 τὸ
3511 3044 3812 3116 παράδοξον
3846 3047 3951 3118 τῆς

2362 3130 2467 3183 τῶν
2495 3131 2660 3184 ἐθνῶν
2698 3132 3017 3202 μεταϐολῆς,
3048 3133 3140 3185 καὶ
3167 3133 3242 3196 ὡς
3267 3133 3545 3204 ἀλλόφυλοί
3580 3154 3721 3201 τινες
3753 3137 3951 3209 ἄνδρες

2371 3219 2460 3270 τὸν
2480 3220 2664 3287 Ἀγιον
2681 3219 2773 3273 τοῦ
2809 3222 3020 3294 Ἰσραὴλ
3051 3225 3144 3276 καὶ
3171 3223 3260 3277 τὸν
3288 3225 3416 3278 Θεὸν
3433 3225 3526 3278 τοῦ
3564 3226 3756 3280 Ἰακὼϐ
3786 3229 3951 3297 ἁγιά-

2362 3309 2529 3373 ζουσι,
2547 3313 2638 3364 καὶ
2660 3313 2820 3380 φόϐον
2833 3314 3186 3367 ἀναλάϐονται
3205 3317 3315 3388 (57)
3332 3316 3424 3369 τοῦ
3442 3317 3532 3370 ἐπὶ
3551 3317 3767 3372 πάντων
3781 3314 3945 3376 Θεοῦ.

2436 3420 2454 3453 ι
2475 3399 2588 3455 Καὶ
2619 3404 2915 3471 γνώσονται
2940 3407 2990 3458 οἱ
3029 3407 3370 3478 πλανώμενοι
3393 3409 3470 3480 τῷ
3497 3410 3766 3481 πνεύματι
3829 3413 3951 3466 σύν.

2360 3511 2475 3546 εσιν
2497 3512 2509 3524 ·
2557 3497 2606 3546 οἱ
2636 3496 2692 3548 δὲ
2719 3499 3077 3566 γογγύζοντες
3109 3501 3440 3573 μαθήσονται
3497 3504 3810 3568 ὑπακούειν,
3848 3507 3948 3559 καὶ

2361 3589 2416 3638 αἰ
2457 3586 2694 3654 γλῶσσαι
2730 3591 2786 3642 αἰ
2818 3590 3157 3658 ψελλίζουσαι
3211 3593 3543 3666 μαθήσονται
3585 3596 3764 3652 λαλεῖν
3790 3600 3949 3672 εἰρή-

2361 3695 2477 3747 νην.
2506 3698 2522 3728 ι
2571 3681 2636 3731 Ai
2667 3681 2909 3747 γλῶσσαι
2944 3685 3001 3736 αἰ
3039 3683 3379 3752 ψελλίζουσαι
3411 3686 3506 3740 καὶ
3549 3689 3711 3764 μηδὲν
3743 3693 3946 3760 τρανὸν

2365 3769 2497 3838 μηδὲ
2527 3771 2724 3842 ἀληθὲς
2753 3774 2929 3827 λαλεῖν
2961 3776 3270 3847 δυνάμεναι,
3313 3781 3394 3841 εἰς
3413 3780 3475 3832 τὸ
3501 3770 3641 3834 κατὰ
3666 3781 3827 3851 φύσιν
3849 3783 3944 3835 ἐλ-

2363 3858 2574 3928 θοῦσαι,
2615 3866 2930 3936 τρανώτατα
2958 3867 3268 3937 λαλήσουσι,
3312 3870 3577 3940 μαθοῦσαι
3609 3874 3828 3944 εἰρήνης
3855 3875 3946 3927 λόο

2361 3967 2509 4016 γους,
2535 3954 2611 4017 ὡς
2650 3956 2714 4009 ἂν
2751 3959 2949 4021 παντὸς
2983 3960 3393 4031 ἀπηλλαγμέναι
3432 3963 3690 4034 πολέμου,
3721 3966 3815 4019 καὶ
3841 3980 3944 4038 την

2364 4044 2498 4113 πρὸς
2530 4045 2663 4100 Θεὸν
2691 4050 2913 4121 εἰρήνην
2937 4049 3346 4122 ἀσπασάμεναι.

2891 4143 3288 4198 ΚΕΦΔΛΑΙΟΝ
3315 4147 3392 4198 Δ’.

2435 4250 2452 4281 ι
2475 4231 2609 4284 Οὐαὶ
2633 4231 2798 4284 τέκνα
2827 4232 3146 4296 ἀποστάται,
3173 4234 3320 4304 λέγει
3349 4235 3568 4306 Κύριος.
3615 4237 3937 4308 Ἐποιήσατε

2362 4325 2570 4395 βουλὴν,
2597 4326 2656 4378 ού
2679 4326 2744 4379 δι’
2771 4326 2926 4395 ἐμοῦ,
2955 4328 3047 4380 καὶ
3079 4327 3368 4398 συνθήκας,
3397 4328 3457 4380 οὐ
3478 4328 3564 4381 διά
3581 4327 3672 4381 τοῦ
3699 4329 3940 4401 πνεύμα.

700 4402 949 4472 spiritum
976 4414 1183 4461 meum;
1211 4406 1268 4450 ut
1301 4396 1569 4450 adderetis
1596 4404 1814 4463 peccata
1847 4399 2082 4464 peccatis
2125 4415 2138 4451 :
2166 4398 2257 4466 qui

2365 4417 2450 4480 τός
2483 4435 2604 4487 μου,
2626 4418 2938 4489 προσθεῖναι
2980 4396 3256 4492 ἁμαρτίας
3309 4419 3391 4497 ἐφ’
3430 4418 3720 4490 ἁμαρτίας,
3754 4422 3802 4473 οἰ

703 4495 908 4548 vadunt
965 4500 1020 4543 et
1090 4489 1422 4542 descendunt
1482 4487 1536 4541 in
1587 4485 1910 4557 Egyptum,
1952 4503 2036 4541 me
2082 4499 2258 4543 autem

705 4601 809 4640 non
837 4585 1261 4650 interrogarunt,
1283 4589 1343 4632 ut
1369 4579 1620 4632 auxilium
1646 4580 1879 4633 habeant
1905 4595 1932 4632 a
1955 4577 2256 4646 Pharaone,

704 4689 760 4734 et
801 4683 1147 4747 protegantur
1179 4673 1246 4727 ab
1290 4669 1578 4742 Egyptiis.
1609 4672 1726 4726 Erit
1775 4673 1920 4727 enim
1954 4673 2108 4729 vobis
2137 4689 2260 4742 pro-

703 4773 868 4827 tectio
902 4769 1200 4824 Pharaonis
1231 4769 1285 4821 in
1333 4767 1722 4831 confusionem,
1757 4778 1811 4824 et
1860 4769 1924 4824 iis
1951 4769 2043 4838 qui
2092 4771 2260 4824 confi-

703 4868 839 4918 dunt
882 4863 936 4917 in
991 4861 1222 4931 {Egypto
1247 4901 1262 4923 ,
1299 4860 1645 4928 opprobrium
1677 4877 1690 4912 :
1723 4862 1976 4930 quoniam
2028 4872 2156 4916 sunt
2206 4862 2258 4916 in

705 4954 837 5008 Tani
859 4953 1145 5022 principes,
1168 4951 1338 5022 angeli
1364 4952 1509 5007 mali.
1538 4951 1752 5006 Frustra
1779 4954 2100 5009 laborabunt
2121 4957 2260 5024 apud

703 5047 982 5114 populum,
1008 5044 1098 5111 qui
1124 5044 1202 5098 eis
1234 5059 1336 5097 non
1366 5043 1604 5111 proderit
1630 5045 1696 5097 ad
1727 5046 1986 5099 auxilium
2013 5088 2027 5111 ,
2073 5048 2165 5101 sed
2192 5048 2257 5100 ad

708 5135 1074 5191 confusionem
1096 5144 1150 5188 et
1169 5135 1537 5202 opprobrium.
1572 5153 1590 5186 ›
1627 5139 1820 5203 Aperte
1848 5137 2109 5198 declarat.
2136 5148 2261 5192 tunc

707 5226 981 5278 dzemonas
1022 5221 1078 5276 in
1126 5223 1359 5294 {Egypto
1401 5224 1587 5288 fuisse,
1637 5239 1774 5294 quos
1818 5227 2041 5297 angelos
2090 5228 2261 5282 malos

706 5320 1011 5380 nuncupat,
1044 5311 1134 5380 qui
1162 5311 1329 5366 multa
1377 5314 1738 5381 operabantur
1799 5315 1850 5370 in
1898 5317 1989 5370 illa
2039 5316 2258 5388 Aigypti

706 5404 921 5457 civitate
963 5419 1082 5472 qua;
1119 5404 1317 5460 dicitur
1337 5405 1500 5461 Tanis
1526 5447 1540 5471 ,
1573 5407 1661 5462 ubi
1695 5408 1784 5462 illo
1831 5417 2068 5478 tempore
2113 5413 2257 5481 regia

774 5519 817 5548 ³⁷
840 5517 995 5573 Joan.
1021 5537 1136 5586 vm,
1159 5523 1247 5576 '59.

926 5614 1130 5692 hlallcm
1163 5618 1338 5692 legere
1363 5620 1818 5692 ἀποστρέψοντας.
1848 5624 2005 5679 Eutr.

2369 4509 2643 4579 ρευόμενοι
2687 4511 2988 4580 καταϐῆναι
3038 4513 3115 4573 εἰς
3147 4512 3438 4580 Αἴγυπτον,
3479 4513 3576 4583 ἐμὲ
3607 4513 3665 4566 δὲ
3707 4513 3808 4567 οὐκ
3840 4515 3940 4567 ἑπ-

2367 4598 2673 4670 ηρώτησαν,
2716 4600 2808 4653 τοῦ
2841 4600 3096 4672 βοηθῆναι
3122 4602 3225 4654 ὑπὸ
3269 4600 3485 4671 Φαραὼ,
3511 4603 3603 4655 καὶ
3626 4603 3938 4672 σκεπασθῆ-

2367 4707 2452 4743 ναι
2503 4691 2606 4743 ὑπὸ
2632 4693 2959 4760 Αἰγυπτίων.
3008 4692 3197 4745 Ἔσται
3227 4692 3334 4762 γὰρ
3373 4693 3499 4762 ὑμῖν
3528 4692 3699 4763 σκέπη
3737 4693 3937 4766 Φαραὼ

2367 4783 2444 4844 εἰς
2477 4783 2755 4854 αἰσχύνην,
2792 4785 2885 4836 καὶ
2916 4786 3026 4848 τοῖς
3063 4783 3371 4837 πεποιθόσιν
3397 4786 3483 4838 ἐπ’
3507 4785 3780 4853 Αἴγυπτον
3805 4787 3935 4841 ὄνει-

2367 4869 2486 4933 δος·
2528 4872 2608 4924 ὃτι
2665 4874 2801 4925 εἰσὶν
2835 4876 2891 4925 ἐν
2923 4874 3082 4927 Τάνει
3113 4873 3363 4944 ἀρχηγοὶ,
3419 4873 3636 4942 ἄγγελοι
3684 4874 3929 4948 πονηροίζ

2367 4960 2556 5032 Μάτην
2582 4964 2902 5016 κοπιάσουσι
2928 4964 3059 5035 πρὸς
3085 4964 3232 5026 λαὸν,
3257 4964 3429 5028 ὅςούκ
3451 4963 3715 5034 ὠφελήσει
3739 4965 3934 5026 αὐτοὺς

2365 5052 2444 5113 εἰς
2476 5051 2746 5123 βοήθειαν,
2777 5054 2911 5107 ἀλλά
2935 5058 3013 5118 εἰς
3039 5057 3297 5128 αἰσχύνην
3327 5059 3418 5110 καὶ
3446 5057 3661 5120 ὄνειδος.
3689 5077 3707 5109 ι
3740 5058 3933 5128 Σαφῶς

2367 5146 2606 5214 παριστᾷ
2634 5147 2911 5213 γεγονέναι
2947 5149 3068 5201 τότε
3119 5149 3248 5220 παρ’
3290 5149 3607 5217 Αἰγυπτίοις
3639 5150 3928 5220 δαίμονας,

2366 5235 2626 5303 ἀγγέλους
2653 5241 2916 5309 πονηροὺς
2938 5239 3189 5311 ὀνομάζει
3214 5242 3430 5308 αὐτοὺς,
3459 5243 3508 5295 οἵ
3531 5242 3761 5312 μάλιστα
3784 5245 3930 5315 ἑνήρ-

2366 5341 2492 5392 γουν
2515 5327 2582 5381 τὰ
2614 5331 2780 5384 πολλά
2805 5334 2864 5384 ἐν
2900 5335 2965 5404 τῇ
2993 5334 3298 5406 καλουμένῃ
3331 5333 3483 5387 πόλει
3519 5335 3615 5406 τῆς
3652 5334 3927 5402 Αἰγύπτου

2366 5417 2547 5486 Τάνει,
2568 5421 2696 5476 ἔνθα
2708 5424 2766 5476 τὸ
2785 5423 3048 5493 βασίλειον
3063 5426 3156 5480 τοῦ
3176 5425 3515 5497 Φαραὼκαΐ
3530 5427 3707 5479 ἐκεῖνο
3726 5426 3925 5498 ἵδρυτο.

772 5685 885 5752 (57)
931 5685 1038 5739 Vox
1093 5687 1442 5744 ἁναλάϐονται
1483 5685 1664 5750 merus
1718 5685 1801 5752 est
1838 5694 2235 5764 barbarismus,

2365 5700 2435 5756 lus
2466 5699 2582 5757 loco
2616 5698 2894 5769 legentium
2935 5702 3428 5774 ἀναλαμϐάνοντας.
3473 5699 3633 5759 Ευιτ.
