4120 6294
242 408 341 466 305

1175 404 1674 467 COMMENTARIA
1713 403 1779 457 ΙΝ
1822 402 2078 458 ISAIAM.
2120 432 2189 445 -ι
2226 399 2382 457 CAP.
2425 400 2590 455 XXX.

3400 401 3513 455 506

245 528 382 599 Πλὴν
416 528 555 583 ἀλλά
596 529 694 583 καὶ
724 519 897 593 οῦτῦἰ,
932 526 1117 595 φησιν,
1171 525 1221 579 οἱ
1256 526 1315 579 ἐν
1375 524 1537 579 Τάνει
1571 525 1816 595 ἀρχηγοὶ1

1931 518 2233 574 Pharaonis
2265 526 2405 575 erat.
2428 518 2701 573 Caeterum
2728 516 2786 571 bi
2815 530 3065 587 quoque,
3097 511 3173 569 ait
3192 554 3208 581 ,
3232 514 3508 586 principes

244 626 461 692 ἄγγελοι
515 624 747 694 πονηροὶ
773 622 925 674 οὐδὲν
953 620 1323 690 ὠφελήσουσιν
1348 622 1428 682 είς
1464 619 1524 671 τὸ
1553 616 1828 687 ἐπαμῦναι

238 718 352 781 τοῖς
386 712 802 788 προσφυγοῦσιν
825 712 1026 777 αὐτοῖς,
1056 711 1149 773 καὶ
1165 710 1262 782 τήν
1285 706 1345 773 ἐξ
1367 707 1544 762 αὐτῶν
1579 707 1828 778 βοήθειαν

240 808 769 877 ἀνακαλεσαμένοις.
816 805 925 857 Καὶ
952 805 1134 867 αὐτοῖς
1165 803 1346 874 ἔργοις
1385 799 1685 872 ἐπληροῦτο
1704 798 1826 852 καθ’

236 900 295 952 ὃν
345 900 538 971 χρόνον
580 900 610 960 ό
655 898 763 951 τῶν
812 895 1167 951 Βαϐυλωνίων
1200 894 1474 965 βασιλεὺς,
1518 892 1826 963 ὑποχείριον

238 992 609 1063 ποιησάμενος
664 989 762 1059 τὴν
793 987 1083 1057 Αἴγυπτον,
1132 985 1195 1038 οὐ
1231 985 1423 1056 μόνους
1476 981 1823 1053 Αἰγυπτίους,

235 1084 373 1140 ἀλλὰ
399 1084 496 1136 αι
514 1082 626 1137 τῶν
659 1080 924 1134 Ἰουδαίων
944 1080 1070 1143 τοὺς
1096 1077 1418 1150 πρόσφυγας
1442 1074 1639 1139 αὐτοὺς
1668 1091 1825 1143 γενο-

238 1176 456 1246 μένους,
482 1174 736 1245 ⁴πολεμῶν
761 1172 895 1244 ὁμοῦ
934 1170 1440 1243 ἐξηνδραποδίσατο.
1467 1168 1541 1222 Τὸ
1568 1166 1826 1237 τηνικαῦ-

234 1286 302 1322 τα
329 1270 439 1339 γὰρ
466 1270 498 1338 ή
528 1268 621 1321 ἐπὶ
653 1264 853 1336 Φαραὼ
880 1264 987 1319 τῶν
1033 1263 1301 1316 Ἰουδαίων
1336 1258 1490 1326 ἐλπὶς
1529 1262 1609 1323 εἰς
1631 1258 1822 1331 αἰσχύ-

235 1378 335 1433 νην
363 1360 459 1415 καὶ
485 1358 683 1421 ὄνειδος
706 1358 889 1419 αὐτοῖς
921 1354 1287 1426 περιετράπη.

311 1453 419 1509 «Ἡ
450 1452 641 1523 ὅρασις
694 1448 803 1502 τῶν
830 1446 1173 1518 τετραπόδων
1220 1443 1330 1497 τῶν
1385 1444 1444 1496 ἐν
1492 1445 1558 1513 τῇ
1608 1444 1819 1513 ἐρήμῳ.

232 1542 574 1613 (Σύμμαχος,
592 1537 805 1608 Λῆμμα
831 1534 1068 1605 κτηνῶν
1088 1536 1326 1603 Νότου.)
1344 1534 1431 1611 Ἑν
1457 1535 1522 1605 τῇ
1544 1532 1824 1603 θλίψεικαὶ

230 1639 297 1707 τῇ
336 1632 665 1703 στενοχωρία
692 1630 827 1683 λέων
853 1629 947 1683 καὶ
979 1628 1215 1697 σκύμνος
1239 1626 1470 1690 λέοντος,
1499 1624 1707 1680 ἐκεῖθεν
1731 1625 1824 1679 καὶ

231 1726 461 1789 ἀσπίδες
484 1726 578 1777 καὶ
601 1722 799 1792 ἔκγονα
822 1722 1063 1776 ἀσπίδων
1090 1719 1419 1790 πετομένων,
1443 1718 1492 1771 οἳ
1516 1717 1707 1788 ἔφερον
1732 1717 1825 1769 ἐπὶ

229 1822 368 1873 δνων
398 1820 493 1872 καὶ
528 1816 791 1888 καμήλων
821 1815 912 1868 τὸν
936 1812 1163 1867 πλοῦτον
1206 1812 1386 1867 αὐτῶν
1415 1812 1550 1883 πρὸς
1583 1810 1754 1875 ἔθνος,
1794 1810 1823 1863 ὃ

228 1911 332 1963 οὐκ
356 1908 631 1980 ὠφελήσει
689 1904 917 1967 αὐτούς·
944 1922 962 1955 ι
996 1902 1084 1956 διὰ
1127 1903 1187 1955 τὸ
1213 1902 1420 1974 ἔρημον
1470 1897 1607 1954 εἶναι
1640 1902 1819 1953 πᾶσαν

228 1993 389 2069 Θεοῦ,
429 1998 815 2071 πεπληρῶσθαι
843 1998 900 2051 δὲ
932 1996 1275 2068 τετραπόδων
1318 1995 1427 2049 τῶν
1476 1993 1607 2066 παρ’
1637 1994 1818 2055 αὐτοῖς

229 2092 681 2163 θεοποιουμὲνων,
716 2091 809 2145 καὶ
827 2090 936 2144 τῶν
962 2090 1090 2160 παρ’
1107 2090 1289 2152 αὐτοῖς
1312 2086 1679 2159 ἐνεργούντων
1705 2086 1820 2140 δαιο

232 2187 432 2258 μόνων.
475 2184 627 2254 Αὕτη
684 2184 861 2237 τοίνυν
895 2184 929 2253 ή
962 2184 1150 2253 ὅρασις
1187 2180 1296 2234 τῶν
1323 2178 1666 2252 τετραπόδων
1710 2178 1818 2233 τῶν

227 2281 289 2332 ἐν
316 2281 383 2349 τῇ
416 2275 731 2345 Αἰγυπτίων
763 2276 968 2347 ἐρημίᾳ
1003 2274 1287 2346 ἐθεωρεῖτο
1308 2273 1387 2343 τῷ
1420 2273 1698 2344 προφήτῃ,
1723 2272 1818 2325 καὶ

230 2369 449 2443 τούτοις
484 2369 536 2421 oi
561 2366 874 2439 πρόσφυγες
912 2364 1019 2419 τῶν
1060 2363 1327 2418 ’ῐουδαίων
1356 2362 1685 2434 ἐπεκόμιζον
1724 2362 1815 2415 τὸν

224 2460 441 2517 huicth
474 2458 704 2513 πλοῦτον
724 2476 737 2489 ’
777 2458 845 2513 τὰ
873 2459 982 2530 γὰρ
1012 2460 1236 2529 ταμιεῖα
1265 2456 1367 2527 τῆς
1407 2448 1612 2509 ἑαυτῶν
1638 2455 1816 2527 ψυχῆς

224 2556 293 2623 τῇ
326 2553 672 2623 Δίγυπτιακῇ
704 2551 1010 2623 παρέδοσαν
1043 2550 1237 2624 πλάνῃ.

302 2641 636 2710 ιΔιγύπτιοι
679 2642 887 2712 μάταια
928 2643 1023 2696 καὶ
1065 2640 1198 2695 κενά
1242 2640 1615 2713 ὠφελήσουσιν
1645 2644 1809 2714 ὑμᾶς.

237 2731 594 2802 ’Δπάγγειλον
620 2734 823 2800 αὐτοῖς,
849 2734 954 2797 ὅτι,
985 2732 1251 2803 Ματαίαή
1281 2734 1626 2805 παράκλησις
1657 2735 1812 2805 ὑμῶν

222 2822 385 2895 αῦτη.
413 2824 529 2879 Νῦν
549 2820 642 2878 οὖν
666 2823 897 2888 καθίσας
925 2824 1133 2897 γράψον
1164 2826 1255 2878 ἐπὶ
1281 2825 1471 2892 πυξίου
1503 2825 1694 2891 ταῦτα,
1719 2828 1813 2881 καὶ

224 2917 305 2977 είς
329 2914 557 2984 βιϐλίον,
591 2916 673 2968 ὅτι
726 2916 880 2968 ἔσται
912 2918 992 2978 εἰς
1038 2916 1252 2987 ἡμέρας
1284 2916 1459 2970 ταῦτα
1488 2917 1687 2988 καιρῷ,
1719 2920 1813 2971 καὶ

224 3005 330 3067 ἕως
353 3005 445 3057 τὸν
477 3006 651 3059 αἰῶνα
672 3023 685 3035 ·
722 3006 807 3058 ὅτι
840 3007 868 3060 ό
916 3005 1042 3069 λαὸς
1075 3007 1308 3078 ἀπειθής
1348 3009 1513 3073 ἐστιν,
1546 3009 1651 3060 υίοὶ
1683 3010 1813 3077 ψευ-

220 3095 352 3163 δεῖς,
379 3097 429 3149 οἶ
467 3097 568 3151 οὐκ
604 3097 891 3167 ἠϐούλοντο
917 3098 1135 3151 ἀκούειν
1169 3100 1259 3152 τὸν
1289 3100 1450 3171 νόμον
1474 3100 1567 3153 τοῦ
1594 3100 1728 3153 Θεοῦ
1750 3118 1762 3130 ’
1788 3119 1805 3151 ι

221 3189 322 3287 γῆς
376 3188 736 3287 ξλθγίειῑςῌκαιι
788 3188 1317 3287 ᾲφῳσύνηςΑαὺτῶν
1364 3191 1509 3246 οὕτω
1554 3210 1672 3256 πως
1717 3193 1811 3264 δη-
1843 3229 1885 3287 C

221 3279 514 3351 λουμένης.
574 3279 712 3334 Οὔτε
762 3281 871 3352 γάρ
917 3283 966 3335 οἱ
1018 3281 1268 3353 αίσθητοὶ
1330 3283 1639 3353 Αἰγύπτιοι,
1690 3285 1814 3340 οὕτε

216 3372 269 3423 οί
321 3370 533 3424 τούτων
570 3371 913 3442 νομιζόμενοι
948 3373 1081 3436 θεοὶ,
1121 3373 1411 3446 βοηθήσειν
1464 3376 1687 3446 ἔμελλον
1737 3380 1815 3449 τῷ

231 3462 607 3534 προσφυγόντι
628 3463 809 3526 αὐτοῖς
849 3463 1113 3518 Ἰουδαίων
1142 3464 1275 3535 λαῷ.
1308 3467 1464 3521 Κατά
1487 3469 1595 3539 γὰρ
1618 3470 1814 3541 πολλὴν

235 3553 601 3624 στενοχωρίαν
621 3553 800 3623 ψυχῆς
826 3553 921 3607 καὶ
954 3553 1075 3606 καθ’
1106 3555 1414 3627 ὑπερϐολὴν
1437 3556 1666 3628 θλίψεως
1689 3563 1813 3625 τοὺς

220 3645 354 3714 παρ’
383 3644 565 3706 αὐτοῖς
604 3645 930 3715 ἀνηγόρευον
980 3645 1135 3710 θεούς
1176 3664 1188 3677 ·
1221 3648 1419 3713 αὐτοὺς
1461 3650 1524 3721 δὴ
1575 3654 1815 3717 ἐκείνους

221 3737 353 3800 τοὺς
375 3736 475 3799 τὰς
498 3736 675 3807 ψυχὰς
712 3738 892 3790 αὐτῶν
921 3738 1199 3797 θλίδοντας
1228 3741 1321 3793 καὶ
1350 3743 1813 3814 στενοχωροῦντας

218 3830 496 3898 πονηροὺς
528 3828 788 3898 δαίμονας
810 3846 824 3859 ·
856 3832 913 3883 ἐν
934 3824 1015 3893 οἷς
1042 3826 1182 3902 ἦσαν
1213 3830 1427 3896 λέοντες
1454 3834 1548 3887 καὶ
1568 3836 1810 3900 ἀσπίδες,

218 3920 317 3974 καὶ
340 3919 546 3972 τούτων
575 3918 793 3987 ἔκγονα,
819 3921 914 3973 καὶ
944 3921 1115 3991 ὄφεις,
1141 3924 1235 3977 καὶ
1262 3923 1398 3977 ἄλλα
1420 3924 1587 3995 μυρία
1611 3927 1813 3996 ἑρπετά

218 4026 279 4061 τε
313 4009 410 4061 καὶ
454 4008 653 4079 θηρία·
690 4002 763 4062 ὧν
794 4010 1001 4074 είκόνες
1029 4007 1168 4081 ἦσαν
1202 4014 1297 4067 καὶ
1336 4014 1404 4067 τὰ
1435 4015 1671 4087 αἰσθητὰ
1698 4016 1811 4080 ζῶα

219 4098 346 4151 καθ’
375 4099 503 4169 ὅλης
527 4101 623 4171 τῆς
654 4101 930 4168 Αἰγύπτου
960 4102 1369 4174 θεοποιούμενα.
1400 4107 1509 4159 Καὶ
1530 4108 1638 4179 γὰρ
1662 4108 1811 4160 λέον-

219 4208 318 4254 τας
343 4190 561 4261 ἀληθῶς
592 4192 684 4244 καὶ
721 4192 973 4257 ἀσπίδας,
1022 4195 1115 4247 καὶ
1152 4195 1304 4264 δφεις
1345 4201 1440 4249 καί
1471 4199 1605 4252 ἄλλα
1644 4202 1813 4272 μυρία

217 4277 309 4335 οἷα
335 4282 494 4345 θεοὺς
512 4283 857 4353 τετιμήκασι.
895 4285 1034 4354 Ἤδη
1058 4285 1188 4353 γοῦν
1210 4288 1317 4341 ἀπὸ
1333 4288 1433 4358 τῆς
1463 4290 1571 4343 τῶν
1594 4290 1810 4363 νομιζοο

223 4377 405 4447 μένων
430 4376 615 4440 αὐτοῖς
629 4377 766 4429 θεῶν
789 4379 1103 4448 ἐπωνυμίας
1120 4381 1323 4445 καὶτὰς
1340 4382 1521 4446 πόλεις
1544 4386 1813 4457 κεκλήκα-

221 4486 331 4531 σιν,
357 4469 468 4521 ἀπὸ
492 4468 585 4522 τοῦ
606 4468 837 4533 λέοντος.
858 4469 956 4542 τὴν
976 4472 1208 4537 Λεοντὼ,
1226 4474 1333 4527 ἀπὸ
1349 4475 1406 4527 δὲ
1421 4475 1513 4529 τοῦ
1535 4477 1694 4541 κυνὸς
1714 4480 1811 4549 τὴν

1934 608 2144 663 Taneos
2166 649 2181 675 ,
2208 608 2385 677 angeli
2415 606 2576 673 mali,
2605 607 2739 661 nihil
2762 607 3027 675 juvabunt
3056 618 3185 669 eos,
3213 605 3307 674 qui
3345 607 3412 659 ad
3448 621 3508 660 se

1929 700 2275 770 confugient,
2299 709 2355 754 et
2381 715 2535 769 opem
2564 699 2803 768 ipsorum
2837 696 3226 765 implorabunt.
3257 696 3412 762 Quod
3445 710 3507 751 re

1929 795 2044 862 ipsa
2078 802 2205 847 tunc
2246 792 2525 860 impletum
2567 799 2695 855 est,
2748 805 2872 845 cum
2915 801 3012 843 rex
3059 786 3504 859 Babyloniorum.

1929 886 2161 955 IEgypto
2196 894 2351 952 capta
2375 924 2391 949 ,
2426 898 2533 937 non
2570 891 2779 937 tantum
2826 879 3149 953 Egyptios,
3193 866 3287 935 sed
3314 880 3505 948 {etiam

1926 976 2183 1047 profugos
2211 976 2424 1032 Judzeos
2464 990 2569 1030 una
2599 974 2919 1037 debellans,
2962 974 3207 1044 captivos
3251 972 3501 1028 abduxit.

1929 1068 2079 1123 Tunc
2106 1069 2249 1123 enim
2280 1067 2586 1123 Iudaeorum
2616 1081 2741 1135 spes
2777 1063 2833 1120 in
2855 1063 3208 1149 Pharaonem
3237 1078 3393 1121 versa
3422 1070 3507 1119 est

1929 1161 2040 1217 illis
2066 1162 2119 1216 in
2151 1162 2524 1218 confusionem
2554 1171 2609 1217 et
2637 1162 2690 1216 in
2718 1158 3090 1232 opprobrium.

2001 1433 2162 1488 Vens.
2227 1432 2282 1489 6.
2354 1451 2373 1484 ι
2444 1432 2597 1490 Visio
2661 1431 3069 1501 quadrupedum
3139 1430 3195 1485 in
3260 1430 3501 1487 deserto.

1926 1521 2359 1594 (Symmachus,
2408 1523 2710 1591 Assumplio
2757 1524 3123 1594 jumentorum
3158 1519 3410 1589 Austri.)
3442 1519 3501 1575 In

1928 1616 2279 1673 tribulatione
2312 1624 2367 1674 et
2400 1615 2652 1686 anguetia
2675 1615 2780 1683 leo,
2824 1624 2880 1669 et
2902 1614 3121 1671 catulus
3147 1613 3341 1679 leonis,
3375 1614 3509 1670 inde

1924 1721 1978 1767 et
2028 1710 2283 1779 aSpides,
2316 1718 2371 1764 et
2411 1709 2700 1779 progenies
2741 1708 2990 1779 aspidum
3034 1708 3363 1777 volantium,
3407 1710 3501 1779 qui

1926 1802 2174 1858 ferebant
2214 1815 2376 1870 super
2407 1801 2596 1856 asinos
2621 1809 2677 1856 et
2710 1799 2951 1856 camelos
3002 1799 3226 1855 divitias
3266 1814 3393 1856 suas
3432 1800 3502 1855 ad

1924 1902 2137 1965 gentem
2167 1908 2289 1963 quae
2324 1890 2434 1947 illis
2465 1906 2571 1946 non
2608 1890 2871 1962 proderit.
2911 1909 2933 1945 ι
2983 1889 3119 1959 Quia
3152 1889 3363 1946 scilicet
3386 1898 3500 1945 tela

1925 1989 2036 2043 Deo
2061 2001 2230 2041 vacua
2260 1994 2401 2050 erat,
2436 1984 2750 2054 repletaque
2780 1983 3238 2053 quadrupedibus,
3268 1997 3410 2053 quos
3442 1990 3501 2035 ut

1923 2076 2053 2131 deos
2084 2074 2359 2139 colebant,
2393 2088 2604 2128 necnon
2648 2071 2985 2127 daemonibus
3026 2085 3197 2141 penes
3239 2071 3389 2142 ipsos
3416 2072 3500 2125 vi-

1924 2164 2197 2237 gentibus.
2259 2164 2387 2219 llaac
2430 2163 2599 2234 igitur
2650 2162 2928 2234 propheta:
2985 2160 3171 2218 oblata
3226 2172 3311 2219 est
3363 2163 3500 2219 visio

1935 2256 2381 2329 quadrupedum,
2434 2257 2488 2311 iu
2534 2256 2911 2327 Egyptiorum
2960 2255 3254 2323 solitudine
3286 2270 3500 2310 moran-

1924 2355 2083 2420 tium,
2110 2353 2267 2421 queis
2294 2350 2506 2422 profugi
2536 2349 2846 2406 Judaaorum
2894 2364 3026 2419 opes
3074 2364 3202 2404 suas
3249 2349 3496 2419 deporta-

1920 2445 2055 2500 bant
2082 2464 2096 2499 :
2124 2459 2251 2499 nam
2276 2443 2469 2498 animae
2520 2458 2633 2499 suae
2669 2442 2931 2513 penuaria
2962 2438 3287 2512 Egyptiaco
3318 2442 3496 2497 errori

1919 2537 2264 2597 dediderant.

1990 2632 2157 2687 Vens.
2191 2631 2311 2687 7-9.
2348 2649 2367 2684 ι
2408 2629 2648 2702 Egyptli
2679 2629 2879 2685 frustra
2911 2636 2968 2685 et
3001 2627 3235 2684 inaniter
3261 2626 3494 2683 auxilia-

1917 2726 2121 2781 buntur
2152 2725 2322 2779 vobis.
2370 2722 2646 2776 Annuntia
2670 2722 2749 2777 eis
2775 2761 2792 2787 ,
2814 2722 2961 2791 quia,
2994 2717 3141 2775 Vana
3188 2728 3273 2774 est
3301 2733 3497 2773 conso-

1918 2818 2049 2873 latio
2075 2826 2255 2873 vestra
2276 2818 2410 2871 haec.
2446 2814 2600 2869 Nunc
2634 2813 2799 2885 igitur
2821 2812 3021 2884 sedens
3059 2812 3237 2866 scribe
3271 2812 3325 2864 in
3352 2812 3496 2865 buxo

1919 2910 2055 2971 haec,
2085 2917 2139 2963 et
2174 2909 2228 2962 in
2264 2908 2425 2973 libro,
2462 2907 2589 2977 quia
2612 2912 2771 2960 erunt
2806 2904 2861 2957 iu
2897 2904 3014 2958 dies
3061 2903 3176 2957 haec
3228 2911 3493 2971 tempore,

1918 3010 1974 3055 et
2004 3014 2179 3069 usque
2218 2999 2273 3054 iu
2325 2998 2585 3053 szeculum
2635 3012 2650 3050 :
2684 2998 2809 3065 quia
2837 2994 3068 3065 populus
3115 2994 3497 3063 immorigerus

1917 3103 2024 3158 est,
2059 3093 2154 3147 lilii
2209 3092 2537 3154 mendaces,
2571 3090 2663 3159 qui
2723 3089 3013 3144 noluerunt
3073 3087 3262 3141 audire
3320 3086 3497 3155 legem

1921 3187 2038 3241 Dei.
2078 3205 2097 3238 ι
2140 3184 2233 3239 Sic
2284 3198 2473 3239 eorum
2521 3183 2746 3237 Stultitia
2803 3190 2859 3236 et
2921 3179 3131 3235 insania
3185 3189 3494 3233 enarratur.

1917 3276 2103 3346 Neque
2136 3276 2279 3333 enim
2332 3273 2561 3331 sensiles
2608 3272 2686 3327 illi
2728 3270 2968 3341 Egyptii
2994 3311 3011 3337 ,
3054 3285 3229 3340 neque
3276 3269 3371 3335 illi,
3404 3269 3496 3339 qui

1917 3382 2085 3436 penes
2135 3380 2232 3421 eos
2273 3365 2347 3418 dii
2395 3364 2822 3434 reputabantur,
2856 3362 3175 3431 opitulaturi
3212 3361 3496 3419 erautJu-

1916 3456 2158 3510 dmorum
2209 3456 2438 3525 populo,
2492 3454 2559 3506 ad
2604 3452 2753 3522 ipsos
2804 3451 3162 3522 confugienti.
3216 3450 3497 3521 Siquidem

1916 3563 2029 3618 pra:
2067 3561 2263 3615 magna
2293 3544 2458 3599 animi
2486 3543 2781 3607 anxietate,
2816 3558 2878 3597 ac
2907 3558 3017 3613 praa
3045 3542 3353 3600 amictionis
3384 3544 3499 3599 vio-

1915 3639 2101 3704 lentia,
2132 3638 2511 3708 IEgyptiorum
2542 3636 2673 3689 deos
2706 3634 3094 3703 celebrabant;
3144 3638 3293 3708 ipsos
3344 3640 3498 3693 vide-

1917 3731 2044 3787 licet
2073 3731 2348 3785 damionas
2378 3727 2666 3796 malignos,
2722 3728 2959 3781 animam
3008 3744 3163 3783 suam
3220 3732 3272 3783 iu
3325 3746 3497 3800 augu-

1915 3823 2051 3879 stias
2077 3830 2132 3876 et
2163 3834 2436 3876 arumnas
2463 3819 2817 3888 conjicieutes
2843 3836 2859 3886 ;
2889 3821 2942 3874 in
2975 3822 3174 3890 quibus
3201 3832 3357 3876 erant
3383 3804 3523 3878 leo-~

1915 3930 2014 3970 nes
2047 3924 2102 3971 et
2133 3914 2350 3983 aspides
2375 3954 2391 3979 ,
2416 3926 2712 3983 eorumque
2740 3913 3051 3983 progenies,
3093 3928 3159 3969 ac
3185 3925 3492 3983 serpentes,

1914 4017 1969 4063 et
1998 4009 2103 4062 alia
2138 4017 2396 4063 sexcenta
2424 4005 2636 4074 reptilia
2664 4015 2828 4076 atque
2850 4006 3000 4070 ferae,
3026 4022 3254 4075 quorum
3284 4007 3492 4075 icones,

1915 4116 2126 4157 necnon
2157 4101 2270 4169 ipsa
2303 4098 2523 4153 sensilia
2559 4098 2817 4151 animalia
2848 4114 2947 4167 per
2997 4109 3163 4152 totam
3196 4098 3494 4170 Egyptutn

1915 4209 2014 4264 pro
2040 4194 2143 4247 diis
2168 4193 2508 4248 colebantur.
2539 4190 2757 4244 Atenim
2785 4191 2973 4245 leones
3000 4206 3184 4245 revera
3208 4232 3224 4255 ,
3251 4193 3492 4261 aspidcs,

1916 4292 2222 4353 serpentes,
2252 4291 2306 4336 et
2334 4281 2441 4336 alia
2471 4288 2729 4335 sexcenta
2785 4295 2885 4349 pro
2933 4280 3040 4334 diis
3068 4284 3489 4336 venerabantur.

1913 4378 1981 4433 Et
2007 4390 2140 4431 sane
2174 4390 2385 4439 eorum,
2420 4389 2558 4443 quos
2589 4372 2719 4428 deos
2745 4375 3032 4443 putabant,
3078 4373 3299 4428 nomine
3330 4375 3494 4429 urbes

1914 4486 2042 4525 suas
2064 4469 2446 4538 appellarunt;
2484 4483 2514 4520 a
2545 4468 2699 4523 leone
2734 4467 2960 4531 scilicet,
2991 4466 3226 4532 Lconto;
3274 4483 3306 4522 a
3332 4482 3489 4533 cans,

222 4560 426 4625 Κυνὼ,
477 4562 572 4615 καὶ
618 4560 726 4614 ἀπὸ
764 4561 923 4615 ἄλλου
969 4562 1131 4617 πάλιν
1175 4564 1340 4635 θηρὸς
1388 4567 1580 4638 ἑτέραν
1626 4568 1798 4621 πόλιν.

1919 4564 2077 4634 Cyno,
2108 4563 2177 4617 ab
2207 4562 2310 4615 alia
2349 4561 2478 4615 item
2511 4560 2621 4613 fera
2670 4560 2831 4615 aliam
2867 4560 3164 4613 civltatem.

296 4676 316 4708 ι
345 4657 411 4709 υἱ
447 4655 695 4723 λέγοντες
742 4658 854 4719 τοῖς
915 4658 1261 4727 προφήταις,
1290 4658 1392 4729 ,Μὴ
1454 4660 1815 4729 ἀναγγέλλετε

220 4750 355 4819 ήμῖν
379 4765 391 4777 °
413 4749 638 4811 καὶτοῖς
656 4748 908 4819 ὁράματα
930 4748 1098 4820 ὁρῶσι
1112 4790 1125 4812 ,
1149 4750 1241 4821 Μὴ
1258 4752 1469 4803 λαλεῖτε
1491 4754 1622 4822 ἡμῖν
1640 4770 1653 4785 ·
1679 4754 1815 4808 ἀλλά

220 4841 354 4909 ήμῖν
373 4838 588 4892 λαλεῖτε
633 4840 727 4891 κα)⁸
764 4840 1121 4908 ἀναγγέλλετε
1142 4844 1271 4912 ήμῖν
1298 4842 1488 4913 ἑτέραν
1516 4843 1779 4916 πλάνησιν
1797 4865 1808 4876 ·

224 4932 317 4984 καὶ
354 4930 735 5001 ἀποστρέψατε
778 4933 924 5003 ήμᾶς
958 4932 1065 4985 ἀπὸ
1096 4934 1194 5004 τῆς
1225 4933 1347 4986 ὀδοῦ
1395 4936 1617 5007 ταύτης.
1658 4939 1814 5007 Ἀφέ-

220 5022 343 5075 λετε
367 5022 465 5091 ἀφ’
503 5022 662 5092 ήμῶν
690 5022 779 5076 τὸν
815 5024 1000 5097 τρίϐον
1032 5026 1242 5086 τοῦτον,
1285 5029 1377 5079 καὶ
1434 5028 1660 5096 ἀφέλετε
1712 5032 1805 5101 ἀφ’

223 5113 382 5184 ήμῶν
413 5113 477 5165 τὸ
506 5112 684 5181 λόγιον
724 5112 818 5165 τοῦ
862 5115 1093 5185 Ἰσραήλ.
1130 5134 1149 5166 ι
1212 5115 1396 5168 Ταῦτα
1452 5116 1560 5187 γὰρ
1617 5118 1667 5169 οἱ
1731 5120 1806 5191 μὴ

223 5204 617 5267 πιστεύσαντες
638 5207 756 5267 ταῖς
786 5205 880 5258 τοῦ
916 5207 1179 5277 Ἰερεμίου
1218 5209 1422 5276 φωναῖς
1457 5207 1592 5277 πρὸς
1646 5209 1807 5262 αὐτὸν

222 5296 321 5350 καὶ
340 5298 466 5357 τοὺς
494 5294 563 5347 τά
593 5295 756 5365 ὃμοια
776 5296 922 5366 αὐτῷ
958 5297 1283 5368 φρονοῦντας
1314 5299 1517 5367 ἔλεγον.

302 5405 321 5437 ι
354 5387 453 5438 Διά
482 5384 641 5439 τοῦτο
667 5386 792 5440 τάδε
843 5386 993 5455 λέγει
1043 5388 1243 5460 Κύριος
1269 5392 1298 5442 ό
1350 5390 1505 5459 ἅγιος
1552 5391 1766 5463 Ἰσραήλ
1790 5411 1801 5421 ·

223 5480 349 5530 Ὀτι
372 5478 707 5549 ἠπειθήσατε
733 5482 843 5542 τοῖς
878 5479 1059 5547 λόγοις
1104 5480 1331 5548 τούτοις,
1393 5483 1485 5536 καὶ
1534 5483 1802 5553 ἠλπίσατε

220 5570 316 5624 ἐπὶ
340 5569 547 5638 ψεύδει,
577 5572 670 5623 καὶ
698 5572 780 5624 ὅτι
822 5572 1148 5641 ἐγόγγυσας,
1185 5574 1277 5627 καὶ
1310 5576 1584 5639 πεποιθὼς
1617 5578 1802 5645 ἐγένου

220 5662 316 5713 ἐπὶ
339 5661 415 5732 τῷ
453 5660 599 5731 λόγῳ
624 5662 827 5733 τούτῳο
863 5662 951 5721 διὰ
967 5663 1125 5717 τοῦτο
1149 5664 1301 5718 ἔσται
1339 5668 1467 5736 ὑμῖν
1497 5669 1529 5737 ἡ
1563 5668 1805 5741 ἁμαρτία

221 5754 358 5815 αῦτη
390 5755 468 5818 ὡς
496 5758 677 5825 τεῖχος
728 5756 926 5810 πῖπτον
968 5759 1307 5830 παραχρῆμα
1356 5761 1557 5823 πόλεως
1602 5763 1803 5833 ὀχυρᾶς

224 5846 551 5914 ἑαλωκυίας,
582 5842 649 5919 ἦς
674 5850 1008 5921 παραχρῆμα
1028 5851 1331 5921 πάρεστιτὸ
1364 5854 1558 5924 πτῶμα
1582 5872 1587 5878 ν
1626 5856 1717 5907 καὶ
1746 5854 1805 5905 τὸ

1984 4658 2151 4711 Vens.
2181 4657 2268 4720 10,
2302 4655 2387 4708 Η.
2415 4654 2513 4720 Qui
2546 4654 2729 4706 dicunt
2752 4652 3052 4722 prophetis,
3090 4651 3168 4706 Ne
3198 4652 3491 4706 annuntie-

1915 4748 1983 4803 tis
2012 4748 2187 4813 nobis,
2224 4754 2278 4801 et
2302 4745 2614 4799 videntibus
2644 4743 2902 4809 visiones,
2944 4744 3022 4798 Ne
3059 4743 3350 4813 loquamini
3386 4760 3489 4800 no-

1912 4839 1997 4895 bis
2028 4857 2039 4892 :
2076 4843 2169 4892 sed
2197 4835 2683 4904 nobisJoquimiui,
2716 4842 2773 4891 et
2797 4837 3118 4891 aniumtiate
3143 4836 3297 4891 nobis
3326 4837 3493 4891 alium

1913 4946 2154 4987 errorem
2197 4949 2211 4985 :
2250 4939 2305 4982 et
2350 4926 2580 4984 avertite
2633 4946 2732 4984 nos
2780 4930 2847 4982 ab
2901 4931 3001 4984 hac
3053 4932 3159 4985 via.
3197 4929 3420 4984 Auferte
3458 4948 3488 4984 a

1914 5024 2071 5080 nobis
2100 5023 2352 5078 semitam
2398 5022 2542 5076 hanc
2568 5062 2583 5087 ,
2612 5032 2667 5078 ct
2710 5022 2920 5076 auferte
2950 5039 2978 5075 a
3025 5023 3180 5076 nobis
3209 5024 3487 5076 oraculum

1913 5114 2102 5170 Israel.
2144 5132 2162 5165 ι
2198 5112 2321 5167 Haec
2358 5115 2556 5183 quippe
2590 5113 2878 5177 Jcremize,
2915 5122 2969 5167 ct
3022 5116 3171 5182 paria
3231 5129 3354 5168 cum
3398 5115 3489 5168 illo

1913 5206 2273 5262 sentientibus
2311 5206 2587 5271 dicebant,
2623 5206 2711 5274 qui
2746 5220 2936 5259 eorum
2965 5206 3189 5261 vocibus
3231 5222 3335 5259 non
3370 5223 3489 5261 cre-

1912 5301 2131 5355 dcbant.

1985 5388 2146 5443 Vens.
2176 5389 2358 5443 l2-l6.
2404 5412 2423 5441 ι
2467 5388 2591 5445 Ideo
2621 5391 2737 5444 htec
2768 5390 2899 5444 dicit
2929 5391 3211 5455 Dominus,
3256 5391 3491 5444 Sanctus

1912 5483 2075 5539 Israel
2104 5499 2119 5536 :
2152 5484 2287 5550 Quia
2337 5500 2442 5539 non
2485 5484 2903 5552 obtemperastis
2962 5483 3049 5537 his
3118 5482 3487 5545 sermonibus,

1914 5576 2008 5631 sed
2038 5577 2297 5646 sperastis
2322 5577 2373 5629 iu
2403 5576 2686 5631 mendacio
2711 5614 2727 5639 ,
2763 5588 2817 5631 et
2861 5575 2986 5643 quia
3019 5574 3401 5636 murmurasti,
3436 5584 3489 5626 et

1911 5668 2188 5723 credidisti
2221 5670 2455 5722 sermoni
2498 5669 2657 5734 huic;
2709 5669 2909 5723 idcirco
2953 5667 3060 5721 erit
3092 5665 3247 5721 vobis
3290 5680 3485 5733 pecca-

1914 5768 2027 5813 tum
2064 5759 2165 5813 hoc
2202 5760 2355 5827 quasi
2395 5775 2583 5815 murus
2619 5761 2820 5815 cadens
2855 5761 3035 5815 subito
3079 5759 3225 5814 urbis
3268 5768 3489 5812 munitae

1913 5863 2253 5924 cxpuguala‘,
2278 5854 2429 5925 cujus
2463 5856 2638 5913 subito
2671 5857 2819 5913 adest
2852 5856 3005 5914 ruina
3042 5872 3057 5911 :
3105 5865 3159 5911 et
3190 5855 3341 5910 ruina
3372 5852 3488 5922 ejus
