4120 6294
697 427 805 483 507
1363 424 1626 485 EUSEBH
1662 423 2126 482 CESABIENSIS
2160 421 2311 482 OPP.
2349 424 2526 482 PARS
2562 424 2654 482 Ill.
2693 455 2761 466 —
2798 421 3209 480 EXEGETICA.
3810 422 3918 482 δω

693 544 800 600 erit
826 541 979 612 quasi
1034 542 1286 598 contritio
1323 541 1468 598 vasis
1519 543 1737 599 testacei
1781 559 1848 598 es
1889 541 2126 610 otllcina,
2175 543 2247 596 ita
2277 549 2320 604 Α

2288 549 2321 604 Α
2351 545 2550 614 πτῶμα
2579 545 2748 616 αὐτῆς
2773 545 2923 600 ἔσται
2948 545 3025 608 ὡς
3072 543 3383 614 σύντριμμα
3415 542 3638 612 ἀγγείου
3657 543 3915 616 ὄστρακί-

695 633 1007 689 comminuti
1069 642 1128 694 ut
1179 649 1284 689 non
1349 633 1657 697 inveniatur
1703 636 1756 690 in
1793 636 1876 690 eis
1927 644 2100 700 testa,
2144 649 2248 704 qua

2349 653 2440 688 νου
2481 637 2545 689 ὲκ
2596 635 2861 706 κεραμίου
2887 635 3081 700 λεπτὰ,
3114 636 3255 690 ὥστε
3285 635 3361 706 μὴ
3393 635 3570 706 εύρεῐν
3627 636 3690 690 έν
3733 635 3918 700 αὐτοῖς

693 724 874 792 ignem
901 724 1066 790 feras.
1089 735 1148 781 et
1173 725 1388 798 paulum
1416 741 1574 794 aqua:
1601 727 1842 782 haurias.
1877 726 1967 782 Sic
1987 725 2122 782 dicit
2148 725 2251 780 Do-

2347 725 2634 794 δστρακον,
2665 725 2723 778 έν
2817 724 2928 796 πῦρ
2962 724 3132 796 ἀρεῖς,
3155 725 3250 778 καὶ
3279 725 3339 776 έν
3369 718 3414 792 ᾧ
3435 725 3748 812 ἀποσυριείς
3771 723 3917 794 ὕδωρ

693 815 872 870 minus
909 815 1184 881 Dominus,
1214 815 1443 871 Sanctus
1470 815 1635 872 Israel
1663 834 1677 871 :
1704 817 1838 873 Cum
1891 831 2138 872 reversus
2177 816 2253 870 in-

2351 815 2564 887 μικρόν.
2619 814 2775 869 Οὕτω
2830 816 2974 885 λέγει
3024 817 3227 886 Κύριος
3266 815 3490 888 Κύριος,
3516 818 3547 870 ὁ
3585 817 3776 885 ’Δγιος
3817 814 3917 868 τοῦ

693 906 980 973 gemueris,
1011 913 1140 962 tunc
1165 904 1345 961 salvus
1358 905 1494 970 eris,
1522 915 1579 961 et
1619 906 1758 961 scies
1777 905 1866 961 ubi
1894 903 2085 968 fueris,
2119 919 2242 959 cum

2361 905 2576 976 Ἰσραήλ
2597 922 2612 936 ·
2637 905 2803 960 ὀταν
2823 906 3186 982 ἀποστραφεὶς
3209 905 3488 977 στενάξῃς,
3519 906 3642 960 τότε
3670 905 3917 978 σωθήσῃ.

694 995 1002 1052 conﬁdebas
1031 1009 1193 1062 super
1235 995 1390 1050 vanis
1430 1009 1444 1046 :
1487 1009 1622 1048 vana
1669 994 1807 1050 facta
1855 1001 1940 1050 est
1985 991 2248 1048 fortitudo

2347 999 2442 1053 καὶ
2461 995 2644 1069 γνώσῃ
2678 995 2783 1050 ποῦ
2823 993 2987 1068 ἦσθα,
3015 999 3102 1052 ὅτε
3141 995 3449 1060 ἑπεποίθεις
3485 998 3580 1052 ἐπὶ
3641 1001 3753 1062 τοῖς
3812 1015 3921 1069 μα-

696 1099 894 1155 vestra,
925 1097 978 1144 et
999 1089 1244 1145 noluistis
1264 1089 1481 1154 audire;
1508 1088 1602 1144 sed
1621 1086 1852 1152 dixistis,
1879 1086 2044 1157 Equis
2066 1084 2249 1156 fugie-

2346 1090 2519 1154 ταίοις
2535 1107 2550 1120 ·
2589 1088 2793 1162 ματαία
2814 1091 2847 1161 ἠ
2877 1092 3029 1160 ἰσχὺς
3050 1089 3204 1160 ὑμῶν
3230 1088 3460 1161 ἐγενήθη
3479 1107 3494 1122 ·
3509 1090 3604 1144 καὶ
3625 1076 3741 1143 odit.
3753 1088 3920 1159 ἠϐού-

695 1188 858 1235 mus:
904 1188 1185 1248 propterea
1222 1178 1480 1248 fugietis:
1524 1187 1580 1235 et
1621 1177 1895 1235 velocibus
1937 1177 2248 1233 cursoribus

2347 1177 2504 1232 λεσθε
2519 1177 2736 1232 ἀκούειν
2758 1194 2772 1208 ⁸
2805 1176 2918 1231 ἀλλ’
2953 1177 3174 1242 εἴπατε.
3219 1177 3334 1247 Ἐφ’
3361 1177 3544 1232 (manv
3573 1177 3879 1249 φευξόμεθα
3899 1195 3918 1211 ⁸

695 1268 1062 1326 insidebimus.
1103 1288 1124 1322 ι
1155 1269 1394 1340 Fugietis
1421 1269 1673 1342 quidem;
1721 1269 1816 1326 sed
1863 1283 1972 1340 quo
2015 1266 2250 1339 elegere

2345 1269 2433 1324 διὰ
2472 1268 2631 1323 τοῦτο
2664 1267 2952 1338 φεύξεσθν
2975 1270 3190 1350 milia!
3228 1269 3451 1338 κούφοις
3471 1269 3767 1334 ἀναϐάταις
3799 1271 3921 1325 ἐσύ-

699 1360 948 1417 valebitis
988 1360 1408 1432 Babyloniorum
1447 1375 1698 1424 manum,
1743 1373 1864 1430 qua:
1912 1373 2007 1415 vos
2058 1373 2250 1430 appre-

2349 1363 2505 1435 μεθα.
2543 1382 2561 1415 ι
2586 1362 2846 1426 θεύξεσθε
2882 1362 2982 1433 μέν
3004 1380 3018 1394 ·
3061 1362 3163 1416 ποῦ
3196 1363 3302 1432 μὴν
3318 1362 3597 1433 διαφυγεῖν
3625 1363 3919 1435 δυνήσεσθε

701 1449 905 1504 ιδειιόοι
921 1457 975 1504 οι
997 1448 1050 1504 in
1076 1464 1137 1505 se
1158 1448 1455 1504 detinebit?
1490 1466 1509 1500 ι
1537 1447 1829 1519 Propterea
1859 1445 2063 1503 celeres
2091 1455 2252 1504 erunt

2345 1453 2444 1525 τὴν
2499 1453 2612 1506 τῶν
2640 1451 2992 1506 Βαϐυλωνίων
3047 1455 3222 1523 χεῖρα,
3257 1453 3711 1525 καταληψομένην
3749 1456 3921 1526 ὑμᾶς,

613 1532 620 1539 ’
695 1540 793 1609 qui
822 1548 1213 1610 persequentur
1239 1553 1355 1594 vos.
1389 1557 1410 1590 ι

2346 1545 2440 1597 καὶ
2476 1545 2533 1598 ὲν
2559 1543 2694 1613 αὐτῇ
2741 1543 3001 1612 ἔχουσαν;
3035 1563 3052 1595 ι
3091 1544 3190 1597 Διά
3216 1542 3371 1596 τοῦτο
3394 1542 3584 1614 κοῦφοι
3625 1543 3835 1599 ἔσονται
3869 1546 3921 1599 οἱ

2345 1634 2626 1699 διώκοντες
2655 1635 2815 1704 ὑμᾶς.
2861 1651 2882 1686 ι

773 1716 938 1773 ιω.
973 1715 1061 1773 l7.
1096 1734 1116 1768 t
1149 1715 1229 1770 Ad
1258 1730 1444 1771 vocem
1469 1714 1629 1772 unius
1657 1713 1862 1785 fugient
1894 1714 2071 1780 mille,
2103 1723 2158 1770 et
2179 1717 2246 1772 ad

2421 1745 2440 1774 ι
2479 1725 2649 1779 Χίλιοι
2689 1722 2778 1777 διά
2811 1722 2990 1794 φωνὴν
3018 1723 3135 1787 ἑνὸς
3164 1721 3467 1792 φεύξονται,
3494 1723 3588 1776 καὶ
3617 1723 3706 1777 διὰ
3737 1722 3924 1794 φωνὴν

697 1820 886 1862 vocem
914 1806 1150 1876 quinque
1185 1806 1389 1877 fugient
1418 1805 1571 1860 multi
1609 1823 1623 1860 :
1654 1806 1826 1861 donec
1867 1804 2245 1874 relinquamini
2281 1874 2319 1886 Ἀ

2297 1874 2319 1886 ι
2349 1818 2506 1870 πέντε
2523 1816 2802 1885 φεύξονται
2826 1815 3026 1877 πολλοὶ,
3039 1816 3144 1878 ἕως
3167 1815 3232 1869 ἂν
3248 1815 3646 1886 καταλειφθῆτε
3669 1816 3747 1879 ὡς
3775 1815 3924 1879 ἱστὸς

697 1896 854 1964 Quasi
887 1874 1320 1952 m'alusiuavis'in
1351 1905 1555 1960 monte,
1576 1905 1631 1951 et
1654 1896 1806 1966 quasi
1830 1897 2044 1966 signum
2069 1896 2249 1952 ferens
2280 1874 2320 1928 Β

2296 1874 2320 1928 Β
2350 1911 2436 1964 ἐπ’
2452 1874 2625 1980 ὅρους,
2638 1874 2733 1962 καὶ
2755 1909 2831 1972 ὡς
2845 1874 3080 1978 σημαίαν
3095 1874 3274 1979 (ρέρων
3303 1908 3395 1960 ἐπὶ
3422 1874 3631 1977 βουνοῦ.
3661 1927 3680 1958 ι
3711 1874 3923 1979 ’ίασπερ

697 2001 859 2068 super
876 1985 1092 2041 collem.
1131 2005 1152 2039 ι
1193 1985 1650 2054 Quemadmodum
1691 1987 1842 2043 navis
1874 1988 1927 2042 in
1954 1989 2088 2043 mari
2131 2003 2252 2058 per-

2351 2001 2477 2073 νηδς
2505 1999 2928 2071 παραπεσούσης
2955 2000 3047 2052 καί⁵
3075 1997 3416 2069 ἀπολομένης
3459 1999 3516 2051 ὲν
3545 1997 3782 2072 θαλάττῃ
3817 2015 3922 2070 ση-

696 2075 821 2130 όίιαι
852 2089 913 2130 ac
939 2077 1196 2132 demersa
1236 2078 1444 2146 signum
1479 2087 1562 2132 est
1600 2076 1838 2132 malusin
1861 2079 2063 2134 vertice
2098 2093 2252 2133 mon-

2353 2094 2502 2164 μεῐον
2526 2091 2782 2161 τυγχάνει
2812 2089 3094 2154 ἀποτεθεὶς
3122 2091 3208 2143 ἐπ’
3241 2089 3410 2159 ἀκρου
3439 2089 3596 2160 ὅρους
3629 2088 3793 2152 ἱστὸς,
3823 2085 3921 2140 τοῦ

700 2166 768 2220 tis
788 2165 1018 2255 positus,
1042 2167 1183 2236 quod
1213 2183 1315 2222 non
1349 2167 1485 2222 ultra
1528 2167 1621 2222 illo
1646 2168 1714 2222 sit
1739 2184 1910 2238 opus;
1936 2170 2008 2223 ita
2036 2170 2251 2239 conspi-

2354 2183 2545 2255 μηκέτι
2580 2180 2743 2236 αὑτοῦ
2789 2181 2977 2252 χρείαν
3024 2175 3192 2234 εἶναι’
3242 2178 3415 2242 οὕτως
3466 2177 3922 2250 έπίσημονγενή-

697 2269 854 2309 cuam
886 2253 1000 2310 fore
1050 2256 1125 2310 ait
1169 2265 1580 2312 memoratarum
1618 2258 1895 2312 hominum
1924 2259 2238 2328 perniciem.

2353 2253 2538 2329 σεσθαι
2560 2273 2657 2345 τὴν
2681 2272 2950 2326 ἀπώλειαν
2978 2271 3085 2324 τῶν
3106 2270 3477 2341 δηλουμένωνο
3496 2268 3635 2340 πλὴν
3659 2270 3719 2322 ού
3742 2269 3921 2340 πάντη

696 2337 897 2394 Verum
927 2355 1030 2396 non
1057 2355 1245 2398 omnes
1274 2342 1514 2400 funditus
1553 2347 1819 2413 perituros
1849 2361 1968 2402 esse
2004 2348 2112 2413 ait;
2145 2347 2243 2402 sed

2351 2369 2555 2432 πάντας
2575 2337 2886 2420 dimittebat
2903 2381 3054 2434 φησι,
3081 2337 3667 2435 περιλειφθήσεσθαια
3701 2337 3923 2432 βραχεῐξ

697 2431 956 2498 quosdam
987 2447 1212 2488 numero
1243 2448 1442 2501 paucos
1473 2436 1714 2490 relictum
1747 2436 1834 2502 iri,
1859 2452 1994 2502 quos
2018 2438 2246 2494 misera-

2351 2475 2520 2523 τινας,
2539 2431 2640 2522 οὓς
2673 2458 2896 2530 ἐλεήσας
2917 2431 3228 2520 ῨὸΘεὸςάαὶ
3255 2431 3432 2509 οἶκτον
3465 2454 3646 2506 λαϐὼν

703 2531 792 2577 tus
818 2519 979 2589 Deus,
1008 2525 1185 2579 salvos
1222 2523 1406 2593 faciet,
1430 2526 1500 2580 ob
1527 2524 1952 2580 misericordiam
1983 2528 2114 2597 ipsis
2147 2542 2248 2584 ex-

2349 2519 2728 2621 δοξαξύμενος,
2778 2519 3210 2619 καὶῗύψούμενος
3268 2546 3357 2600 διὰ
3415 2545 3508 2599 τοῦ
3539 2545 3755 2615 ὲλεῆσαι
3820 2543 3925 2599 αὑ-

697 2613 926 2669 ltibitam
955 2613 1251 2669 laudandus
1273 2630 1336 2670 ac
1366 2592 1763 2670 celebrandus:
1797 2616 1876 2671 sic
1914 2592 2059 2670 enim
2094 2616 2247 2674 illuni

2350 2592 2533 2615 ...ν-ν.
2617 2592 2728 2616 νη,
2779 2592 2872 2603 η...
2912 2592 2937 2602 -
2985 2592 3040 2601 η
3091 2592 3206 2610 -.-τ
3271 2592 3357 2600 --..
3426 2592 3504 2599 η-
3541 2592 3754 2615 ν---,---
3822 2592 3886 2599 ν-

2348 2643 2474 2706 τούς
2495 2661 2508 2674 ·
2539 2592 2680 2695 gem
2700 2641 2807 2713 γὰρ
2835 2592 2995 2694 astet;
3032 2592 3221 2711 xrpwhv
3245 2638 3450 2693 δίκαιον
3476 2634 3635 2704 εἶναι,
3662 2637 3739 2701 ὡς
3793 2636 3927 2701 τοὺς

695 2702 894 2769 justum
936 2701 1170 2772 judicem
1217 2719 1355 2771 esse,
1406 2714 1464 2758 ut
1497 2707 1685 2777 dignos
1725 2708 1941 2778 quidem
1987 2709 2251 2778 supplicio

2353 2701 2656 2805 magian;
2697 2701 2966 2803 τιμωρίας
2997 2701 3266 2793 κολάζειν,
3315 2730 3441 2792 τοὺς
3485 2728 3543 2781 δὲ
3589 2701 3925 2798 δυναμένους

701 2793 927 2862 plectat;
980 2809 1071 2849 eos
1126 2805 1338 2860 autem,
1380 2797 1470 2862 qui
1526 2799 1947 2853 misericordiam
1995 2801 2250 2871 consequi

2349 2793 2500 2880 έλέου
2527 2793 2735 2894 τυχεῖν,
2758 2793 2865 2894 ’τῆς
2900 2824 3028 2894 παρ’
3060 2820 3225 2875 αὑτοῦ
3274 2819 3561 2884 καταξιοῦν
3624 2793 3922 2890 σωτηρίαςδ

698 2884 902 2985 valent,
933 2885 1106 2985 salute
1134 2887 1381 2985 dignetur
1409 2901 1524 2941 sua.
1552 2888 1728 2954 Quare
1757 2889 1831 2985 ait
1861 2905 1878 2942 :
2155 2981 2166 2985 Δ
2352 2916 2442 2968 Διό
2475 2884 2642 2985 φησί’.

772 2976 934 3032 Vsus.
959 2976 1046 3032 18.
1093 2995 1113 3030 ι
1147 2975 1212 3030 Ει
1239 2992 1452 3055 rursum
1488 2990 1763 3048 exspectat
1795 2980 1934 3035 Deus
1956 3020 1970 3046 ,
1999 2989 2059 3034 ut
2097 2981 2254 3036 mise-

2427 3025 2446 3057 ι
2487 2975 2597 3061 kat
2653 3005 2812 3058 πάλιν
2845 3005 2995 3076 μένει
3022 3004 3050 3056 ὀ
3069 3004 3201 3067 Θεὸς
3227 3003 3320 3056 τοῦ
3349 3002 3686 3074 οίκτειρῆσαι
3731 3001 3877 3073 ὑμᾶς
3904 3017 3921 3035 ο

703 3077 888 3124 reatur
918 3071 1082 3125 vestri
1115 3087 1131 3124 :
1165 3080 1218 3124 et
1249 3081 1528 3141 propterea
1559 3073 1849 3126 extolletur
1870 3115 1885 3138 ,
1912 3083 1970 3128 ut
1993 3075 2255 3129 miserea-

2353 3098 2447 3151 καὶ
2463 3095 2550 3149 διὰ
2583 3095 2741 3149 τοῦτο
2774 3071 3113 3164 ὑψιυθήσεται
3144 3093 3239 3147 τοῦ
3292 3071 3534 3163 ἐλεῆσαι-
3773 3071 3921 3146 Ἵδιύτι

705 3171 793 3260 t_ur
835 3162 1002 3260 vestri
1031 3179 1047 3216 :
1073 3164 1325 3260 quoniam
1365 3165 1531 3260 judef
1577 3165 1834 3260 Dominus
1881 3167 2025 3222 Deus
2066 3167 2250 3222 vestri.
2279 3197 2323 3256 α

2298 3197 2323 3256 3
2354 3187 2544 3258 κριτὴς
2564 3188 2766 3260 Κύριος
2791 3162 2830 3237 ὀί
2855 3162 2988 3249 Orbe
3021 3186 3190 3254 ὑμῶν.
3219 3162 3492 3257 Μακάριοι
3518 3185 3566 3237 οί
3592 3162 3925 3254 έμμένοντες

701 3253 850 3308 Beati
866 3253 956 3324 qui
977 3262 1192 3310 manent
1228 3255 1280 3309 in
1301 3268 1388 3309 eo.
1420 3274 1440 3307 ι
1475 3253 1607 3309 Nam
1630 3271 1750 3310 cum
1775 3255 1955 3325 justus
1972 3257 2043 3312 sit
2063 3257 2250 3325 judex.
2294 3253 2319 3256 τ

2294 3253 2319 3256 ί
2352 3253 2411 3329 ἐν
2435 3253 2602 3347 αὐτῷ.
2684 3275 2900 3336 Δίκαιος
2928 3273 3036 3344 γὰρ
3059 3253 3142 3326 γῶν
3198 3253 3410 3344 κριτὴςξ
3438 3272 3564 3334 τοὺς
3593 3253 3690 3342 μὲν
3735 3269 3921 3336 ἀξίους

706 3345 899 3415 dignos
919 3344 1134 3416 quidem
1154 3345 1449 3414 captivitati
1481 3347 1699 3401 tradidit
1729 3361 1742 3397 :
1769 3360 1904 3414 quos
1938 3350 2117 3402 autem
2148 3349 2250 3401 mi-

2353 3344 2694 3440 αίχμαλιυσίᾳ
2715 3364 2994 3436 παρεδίδου
3010 3381 3024 3394 ο
3058 3363 3151 3427 οὓς
3172 3364 3227 3417 δὲ
3253 3363 3456 3417 δίκαιον
3471 3362 3659 3425 ὲλεεῖν,
3685 3361 3921 3428 ἔσωζεν·

701 3435 875 3491 serari
901 3450 1000 3506 par
1028 3444 1170 3498 erat,
1201 3450 1294 3490 eos
1320 3436 1495 3491 salvos
1533 3435 1664 3491 fecit
1693 3453 1705 3488 :
1736 3438 1878 3491 unde
1919 3437 2135 3492 beatum
2171 3447 2254 3494 est

2352 3435 2475 3509 ὅθεν
2509 3453 2603 3507 καὶ
2635 3435 2899 3526 μακάριόν
2929 3454 3044 3506 έστι
3065 3453 3125 3506 τὸ
3142 3451 3400 3522 ἐμμένειν
3429 3452 3487 3504 έν
3509 3451 3685 3521 αὐτῷ·
3712 3451 3746 3521 ἦ
3779 3450 3923 3505 κατά

701 3524 756 3580 in
785 3525 1152 3591 illomanere;
1188 3526 1302 3582 sive
1331 3537 1390 3582 ut
1418 3526 1774 3597 Symmachus
1796 3528 1982 3592 edidit,
2020 3546 2041 3581 ι
2079 3528 2252 3598 ipsum

2351 3545 2442 3598 τδν
2467 3524 2835 3615 Σύμμαχον,-ι
2875 3543 3163 3613 ὑπομένειν
3195 3541 3374 3595 αὐτόν.
3420 3561 3438 3593 ι
3471 3542 3650 3595 Καλὸν
3693 3541 3800 3612 γάρ
3860 3541 3925 3596 τὸ

702 3617 986 3672 sustinere.
1026 3637 1045 3669 ι
1097 3618 1524 3673 Consentaneum
1570 3619 1769 3688 quippe
1827 3627 1912 3672 est
1965 3617 2253 3674 stationem

2358 3637 2431 3708 μὴ
2455 3636 2848 3698 λειποτακτεω,
2880 3635 2974 3688 καὶ
3001 3635 3076 3705 μὴ
3108 3633 3503 3701 ἀπογινώσκειν
3534 3634 3634 3704 τὴν
3661 3633 3754 3686 τοῦ
3783 3634 3921 3689 Θεοῦ

706 3723 814 3763 non
837 3707 1109 3774 deserere,
1135 3723 1235 3764 nec
1256 3709 1324 3764 de
1358 3708 1557 3763 auxilio
1588 3709 1680 3765 Dei
1709 3709 1997 3778 desperare
2026 3709 2079 3764 in
2108 3711 2253 3764 cala-

2357 3707 2607 3796 βοήθειαν
2645 3727 2701 3778 ὲν
2749 3727 2866 3788 ταῖς
2898 3723 3434 3794 καταλαμϐανούσαις
3464 3725 3786 3794 συμφοραῖς.
3835 3725 3925 3789 Ὠς

704 3801 977 3856 mitatibus
1030 3801 1456 3858 occurrentibus.
1499 3800 1569 3857 Ut
1597 3801 1779 3871 justus
1825 3802 2007 3872 itaque
2059 3801 2251 3872 judex,

2355 3816 2560 3879 δίκαιος
2601 3814 2881 3888 τοιγαροῦν
2923 3814 3131 3885 κριτὴς,
3183 3813 3278 3867 καὶ
3301 3813 3378 3877 ὡς
3413 3813 3613 3881 ἀγαθὸς
3659 3815 3819 3868 πάλιν
3846 3817 3925 3868 οἱ·

703 3899 761 3945 et
781 3900 962 3962 utpote
982 3893 1177 3954 bonus.
1213 3892 1586 3956 miserebitur;
1621 3893 1696 3980 ξι..
1718 3902 1778 3946 ιιι
1805 3891 1933 3947 Siou
1959 3901 2014 3946 et
2041 3890 2256 3946 Jerusa-

2357 3908 2631 3977 κτειρὴσει
2655 3923 2668 3936 ο
2700 3906 2776 3969 ὡς
2805 3906 2900 3976 τὴν
2933 3904 3068 3959 Σιὼν
3094 3905 3188 3958 καὶ
3224 3905 3322 3975 τὴν
3364 3905 3717 3977 Ἰερουσαλὴμ
3744 3907 3927 3959 δεύτε-

706 3981 810 4038 lem
847 3984 1022 4040 denuo
1054 3983 1404 4049 aedificentur,
1446 3993 1500 4038 et
1533 3982 1589 4038 in
1634 3983 1727 4039 illa
1772 3998 1986 4039 rursum
2028 3983 2257 4053 populus

2361 4013 2452 4067 ρον
2503 3994 2953 4066 οἰκοδομηθῆναι,
2996 3997 3090 4050 καὶ
3119 3992 3274 4058 αὖθις
3312 3996 3370 4062 ἐν
3421 3995 3558 4067 αὐτῇ
3601 3997 3925 4066 κατοικῆσαι

712 4072 936 4127 habitet.
2358 4081 2504 4135 λαόν.

785 4161 942 4218 Vsus.
973 4163 1061 4218 t9.
1101 4165 1357 4229 Quoniam
1380 4166 1602 4236 populus
1635 4175 1856 4222 sanctus
1885 4167 1939 4223 in
1978 4167 2106 4224 Sion
2158 4167 2260 4222 lia-

2431 4195 2448 4224 ι
2483 4173 2624 4226 Διότι
2654 4173 2778 4237 λαὸς
2801 4173 2954 4242 ἅγιος
2983 4175 3042 4227 έν
3099 4175 3238 4228 Σιὼν
3260 4177 3494 4246 οἰκήσει,
3525 4176 3619 4229 καὶ
3656 4177 3924 4248 Ἰερουσα-

711 4254 920 4320 bitabit,
941 4254 1303 4310 etJerusalem
1325 4255 1448 4310 ﬂetu
1477 4272 1580 4311 non
1606 4256 1772 4312 ﬂevit.
1819 4257 2080 4314 Miserere
2109 4258 2210 4311 mei
2243 4275 2256 4311 :

2359 4265 2470 4336 λὴμ
2508 4264 2766 4336 κλαυθμῷ
2790 4266 2891 4319 οὐκ
2933 4265 3216 4321 ἔκλαυσεν.
3260 4267 3510 4338 Ἐλέησόν
3562 4284 3661 4338 με’
3712 4268 3928 4339 ἐλεήσει

707 4346 1052 4400 miserebitur
1075 4347 1173 4401 tui.
1206 4343 1406 4402 Vocem
1453 4347 1709 4403 clamoris
1734 4351 1809 4402 tui
1844 4349 2061 4418 quando
2109 4347 2258 4414 vidit,

2362 4369 2440 4406 σε.
2467 4353 2576 4424 Τὴν
2601 4354 2780 4424 φωνὴν
2813 4354 2914 4423 τῆς
2961 4353 3210 4424 κραυγῆς
3249 4372 3341 4408 σου
3372 4355 3534 4426 ἡνίκα
3599 4349 3758 4419 εἶδεν,
3824 4358 3925 4409 έπ-

707 4435 982 4490 exaudivit
1008 4445 1078 4490 te.
1117 4453 1137 4488 ι
1171 4436 1246 4490 lta
1271 4438 1414 4491 enim
1438 4437 1700 4492 Hebraica
1724 4437 1882 4493 lectio
1917 4439 2257 4495 circumfert:

2361 4443 2558 4511 ήκουσέ
2583 4459 2695 4496 σου.
2735 4462 2752 4494 ι
2806 4442 2961 4496 υῦτω
2983 4443 3091 4514 γὰρ
3121 4445 3360 4514 περιέχει
3384 4447 3418 4515 ἡ
3462 4445 3720 4516 Ἐσραῖκη
3747 4445 3892 4512 λέξις
3910 4464 3923 4476 ·

708 4543 874 4596 quare
900 4529 1252 4600 Symmachus
1278 4529 1357 4585 sic
1381 4529 1562 4594 liabet,
1603 4550 1622 4582 ι
1649 4531 1968 4595 Jerusalem,
1999 4531 2123 4586 ﬂetu
2159 4546 2261 4584 non
2299 4533 2335 4586 D

2299 4533 2338 4586 D
2366 4531 2445 4584 διὸ
2490 4531 2627 4584 κατὰ
2665 4531 2756 4584 τὸν
2815 4531 3110 4602 Σύμμαχον
3171 4533 3416 4602 εἴρηται·
3477 4550 3496 4583 ι
3542 4530 3925 4603 Ἰερουσαλὴμ,

710 4620 896 4684 ﬂebis;
925 4638 945 4672 ι
977 4620 1270 4675 Theodotio
1291 4621 1562 4686 similiter,
1588 4641 1606 4673 ι
1632 4623 1689 4675 In
1709 4621 2003 4677 Jerusalem
2016 4622 2136 4675 ﬂetu
2165 4640 2268 4676 non

2369 4623 2636 4691 κλαυθμὸν
2657 4623 2716 4674 ού
2745 4622 2995 4686 κλαύσεις
3016 4640 3028 4652 ·
3064 4642 3082 4674 ι
3109 4622 3308 4692 ὁμοίως
3326 4621 3383 4675 δὲ
3410 4621 3663 4676 καὶκατὰ
3683 4623 3776 4675 τὸν
3801 4622 3930 4676 Θεο-

711 4711 942 4767 ﬂebitur.
971 4729 990 4761 ι
1033 4711 1308 4779 Siquidem
1367 4726 1472 4767 non
1521 4711 1680 4767 ﬂendi
1721 4721 1930 4780 tempus
1971 4713 2156 4766 aderat
2204 4713 2268 4765 iis

2368 4713 2588 4766 δοτίωνα
2631 4713 2871 4783 εἴρηταιο
2921 4731 2941 4763 ι
2995 4714 3081 4764 Ἐν
3138 4713 3484 4783 Ἰερουσαλὴμ
3540 4712 3812 4783 κλαυθμὸς
3866 4713 3928 4766 ού

713 4804 801 4872 qui
829 4819 893 4858 ex
914 4802 1282 4858 misericordia
1305 4802 1392 4858 Dei
1407 4814 1686 4870 paternum
1711 4804 1882 4859 solum
1907 4803 2266 4872 repetierant;

2370 4804 2782 4874 κλαυσθήσεται.
2811 4823 2828 4853 ι
2864 4803 3056 4856 Οὐκέτι
3080 4803 3187 4874 γὰρ
3205 4799 3273 4872 ἦν
3308 4803 3494 4875 καιρὸς
3509 4802 3787 4874 κλαυθμοῦ
3817 4806 3929 4866 τοῖς

713 4896 915 4964 quique
944 4909 1004 4949 ea
1028 4895 1094 4949 de
1112 4907 1270 4948 causa
1291 4894 1592 4962 gaudebant
1617 4906 1676 4950 et
1715 4895 2064 4957 laatabantttr,
2098 4902 2156 4946 ut
2188 4895 2269 4947 di-

2367 4895 2452 4948 διά
2477 4895 2567 4948 τὸν
2591 4895 2734 4947 ἔλεον
2755 4894 2850 4946 τοῦ
2879 4894 3012 4946 Θεοῦ
3045 4895 3371 4948 ἁπολαὸοὖσι
3408 4897 3467 4948 τὸ
3509 4895 3758 4966 πατρῷον
3811 4895 3931 4948 ἐδα-

716 4987 934 5040 citur:t
969 4985 1258 5040 Venientes
1303 4996 1483 5040 autem
1529 4987 1743 5041 venient
1788 4989 1838 5040 in
1888 4987 2263 5051 exsultatione,

2369 5004 2482 5054 (ρος,
2514 4987 2604 5039 καὶ
2630 4987 2720 5039 ἐπὶ
2738 4986 2909 5054 τούτῳ
2925 4985 3171 5056 χαίρουσι
3198 4988 3289 5040 καὶ
3315 4988 3770 5057 εύφραινομένοις,
3789 4986 3931 5040 κατὰ

718 5087 990 5146 portantes
1017 5076 1313 5144 manipulos
1337 5091 1463 5132 suos
1489 5078 1555 5132 ".
1597 5097 1614 5129 ι
1647 5078 1874 5131 Sanctos
1922 5093 2083 5146 porro
2115 5087 2266 5130 vocat

2368 5079 2427 5130 τὸ
2452 5078 2734 5148 εἰρημένον
2753 5095 2765 5106 ·
2791 5095 2810 5126 ι
2858 5077 3163 5147 Ἐρχόμενοι
3187 5078 3242 5131 δὲ
3263 5079 3477 5149 ἥξουσιν
3501 5081 3560 5132 ὲν
3591 5079 3927 5147 ἀγαλλιάσει,

717 5184 812 5222 eos
839 5168 930 5237 qui
997 5169 1311 5236 pmnitentia
1355 5169 1694 5223 sanctitatem
1743 5169 2263 5238 sibi'procurarunt.

2372 5169 2612 5238 αἴροντες
2657 5168 2723 5220 τὰ
2756 5168 3043 5238 δράγματα
3103 5169 3300 5224 αὐτῶν.
3347 5189 3365 5221 ι
3410 5171 3622 5238 Ἀγίους
3667 5171 3722 5224 δὲ
3779 5172 3931 5224 καλεῖ

719 5259 1140 5329 Hierosolymam
1175 5275 1300 5315 vero
1336 5260 1547 5314 ﬂentem
1573 5261 1776 5314 inducit
1807 5263 2084 5331 prephcta,
2126 5262 2266 5328 quod

2372 5262 2494 5322 τοὺς
2517 5259 2605 5312 διὰ
2641 5260 2740 5328 τῆς
2776 5258 3058 5328 μετανοίας
3112 5261 3200 5312 τὸν
3249 5263 3516 5330 ἁγιασμὸν
3559 5261 3929 5330 ἐφελκυσαμέ-

602 5420 604 5422 ν
720 5349 1192 5404 commiseratione
1227 5359 1400 5404 motus
1431 5349 1592 5405 talem
1631 5351 1773 5404 illam
1802 5367 1918 5407 esse
1953 5353 2052 5406 sibi
2087 5361 2229 5406 ment

2373 5368 2513 5414 νους.
2554 5350 2856 5403 κλαίουσαν
2887 5353 2942 5405 δὲ
2967 5354 3065 5423 τὴν
3111 5352 3459 5423 Ἰερουσαλὴμ
3484 5351 3688 5418 εἰσάγει
3717 5353 3747 5402 ὁ
3795 5369 3930 5421 προ-

720 5438 1047 5495 fnrmaverit.
1089 5439 1192 5494 Pro
1241 5440 1328 5494 illo
1364 5449 1561 5508 autem,
1617 5461 1635 5494 t
1675 5445 1868 5498 Vocem
1908 5444 2157 5500 clamoris
2193 5445 2267 5498 tui

2375 5442 2588 5511 φήτης,
2645 5443 3035 5512 προανατυπῶν
3091 5444 3258 5514 αὐτὴν
3319 5441 3572 5512 τοιαύτην
3620 5442 3760 5495 κατὰ
3811 5441 3932 5496 νοῦν

720 5532 932 5597 quando
956 5531 1108 5596 vidit,
1135 5531 1408 5587 exaudivit
1436 5542 1510 5598 te,
1543 5551 1562 5586 ι
1607 5533 1961 5604 Symmachus
1983 5535 2081 5597 ait,
2117 5552 2137 5586 ι
2162 5534 2267 5589 Vo-

2375 5532 2562 5586 ἑαυτοῦ
2581 5536 2692 5596 τοῖς
2718 5533 2817 5604 τῆς
2842 5534 3178 5605 συμπαθείας
3210 5534 3549 5603 σπλάγχνοις.
3569 5533 3710 5586 ’Λντὶ
3731 5533 3788 5586 δὲ
3815 5531 3927 5589 τοῦ.

724 5637 838 5675 cem
869 5622 1120 5679 clamoris
1147 5625 1246 5691 tui,
1273 5626 1412 5682 sicut
1449 5626 1690 5682 auditum
1719 5625 1900 5693 fuerit,
1936 5628 2117 5683 audiet
2143 5635 2212 5682 te.
2247 5649 2264 5679 ι

2376 5645 2391 5674 ι
2432 5625 2540 5697 Τὴν
2561 5626 2744 5697 φωνὴν
2766 5626 2867 5696 τῆς
2898 5626 3139 5700 κραυγῆς
3183 5643 3276 5680 σου
3309 5625 3469 5696 ἡνίκα
3495 5620 3631 5678 εἶδεν
3650 5665 3664 5690 ,
3692 5626 3923 5694 ἐπήκουσ

793 5797 836 5835 "
866 5797 1006 5854 Psal.
1033 5813 1193 5864 cxxv,
1218 5801 1270 5856 θ.
