  <div class='ocr_page' id='page_1' title='image "/cluster/home/n/w/nwhite01/storage/ocr_20150623/24/pst.000005712083/172.png"; bbox 0 0 4120 6294; ppageno 0'>
   <div class='ocr_carea' id='block_1_1' title="bbox 237 408 331 466">
    <p class='ocr_par' dir='ltr' id='par_1_1' title="bbox 237 408 331 466">
     <span class='ocr_line' id='line_1_1' title="bbox 237 408 331 466; baseline 0 0"><span class='ocrx_word' id='word_1_1' title='bbox 237 408 331 466; x_wconf 76' lang='lat'><strong>309</strong></span> 
     </span>
    </p>
   </div>
   <div class='ocr_carea' id='block_1_2' title="bbox 1148 363 2557 450">
    <p class='ocr_par' dir='ltr' id='par_1_2' title="bbox 1148 363 2557 450">
     <span class='ocr_line' id='line_1_2' title="bbox 1148 363 2557 450; baseline -0.023 0"><span class='ocrx_word' id='word_1_2' title='bbox 1148 383 1653 450; x_wconf 69' lang='lat' dir='ltr'><strong>COIIEN‘I&#39;ARIA</strong></span> <span class='ocrx_word' id='word_1_3' title='bbox 1686 380 1752 435; x_wconf 79' lang='lat' dir='ltr'><strong>IN</strong></span> <span class='ocrx_word' id='word_1_4' title='bbox 1792 373 2051 433; x_wconf 75' lang='lat' dir='ltr'><strong>lSAlAII.</strong></span> <span class='ocrx_word' id='word_1_5' title='bbox 2091 399 2159 415; x_wconf 83' lang='lat'><strong>--</strong></span> <span class='ocrx_word' id='word_1_6' title='bbox 2196 367 2349 425; x_wconf 84' lang='lat' dir='ltr'><strong>CAP.</strong></span> <span class='ocrx_word' id='word_1_7' title='bbox 2386 363 2557 422; x_wconf 73' lang='lat' dir='ltr'><strong>XXX.</strong></span> 
     </span>
    </p>
   </div>
   <div class='ocr_carea' id='block_1_3' title="bbox 3376 346 3481 401">
    <p class='ocr_par' dir='ltr' id='par_1_3' title="bbox 3376 346 3481 401">
     <span class='ocr_line' id='line_1_3' title="bbox 3376 346 3481 401; baseline -0.019 0"><span class='ocrx_word' id='word_1_8' title='bbox 3376 346 3481 401; x_wconf 74' lang='lat' dir='ltr'><strong>5M</strong></span> 
     </span>
    </p>
   </div>
   <div class='ocr_carea' id='block_1_4' title="bbox 241 447 1820 591">
    <p class='ocr_par' dir='ltr' id='par_1_4' title="bbox 241 496 1809 591">
     <span class='ocr_line' id='line_1_4' title="bbox 241 496 1809 591; baseline -0.02 -10"><span class='ocrx_word' id='word_1_9' title='bbox 241 526 295 582; x_wconf 63' lang='grc' dir='ltr'><strong>σύ</strong></span> <span class='ocrx_word' id='word_1_10' title='bbox 333 540 446 588; x_wconf 74' lang='grc' dir='ltr'>σου,</span> <span class='ocrx_word' id='word_1_11' title='bbox 486 542 507 574; x_wconf 76' lang='grc' dir='ltr'><strong>ι</strong></span> <span class='ocrx_word' id='word_1_12' title='bbox 563 522 594 575; x_wconf 83' lang='grc' dir='ltr'>ὁ</span> <span class='ocrx_word' id='word_1_13' title='bbox 617 516 914 591; x_wconf 81' lang='grc' dir='ltr'>Σύμμαχός</span> <span class='ocrx_word' id='word_1_14' title='bbox 946 529 1097 584; x_wconf 79' lang='grc' dir='ltr'>φησι,</span> <span class='ocrx_word' id='word_1_15' title='bbox 1144 529 1162 562; x_wconf 82' lang='grc' dir='ltr'><strong>ι</strong></span> <span class='ocrx_word' id='word_1_16' title='bbox 1192 508 1305 578; x_wconf 81' lang='grc' dir='ltr'>Τὴν</span> <span class='ocrx_word' id='word_1_17' title='bbox 1339 502 1521 574; x_wconf 78' lang='grc' dir='ltr'>φωνὴν</span> <span class='ocrx_word' id='word_1_18' title='bbox 1547 500 1644 571; x_wconf 82' lang='grc' dir='ltr'>τῆς</span> 
     </span>
    </p>
   </div>
   <div class='ocr_carea' id='block_1_5' title="bbox 1922 447 3480 591">
    <p class='ocr_par' dir='ltr' id='par_1_5' title="bbox 1922 447 3480 591">
     <span class='ocr_line' id='line_1_5' title="bbox 1922 447 3480 591; baseline -0.022 -45"><span class='ocrx_word' id='word_1_19' title='bbox 1922 488 2100 547; x_wconf 75' lang='lat' dir='ltr'><strong>Simile</strong></span> <span class='ocrx_word' id='word_1_20' title='bbox 2138 494 2314 540; x_wconf 85' lang='lat' dir='ltr'><strong>autem</strong></span> <span class='ocrx_word' id='word_1_21' title='bbox 2353 480 2480 537; x_wconf 88' lang='lat' dir='ltr'><strong>huic</strong></span> <span class='ocrx_word' id='word_1_22' title='bbox 2529 484 2614 532; x_wconf 81' lang='lat' dir='ltr'><strong>est</strong></span> <span class='ocrx_word' id='word_1_23' title='bbox 2670 471 2827 533; x_wconf 87' lang='lat' dir='ltr'><strong>illud,</strong></span> <span class='ocrx_word' id='word_1_24' title='bbox 2891 485 2911 521; x_wconf 78' lang='grc' dir='ltr'><strong>ι</strong></span> <span class='ocrx_word' id='word_1_25' title='bbox 2955 447 3285 591; x_wconf 66' lang='lat' dir='ltr'><strong>Seeundum|</strong></span> <span class='ocrx_word' id='word_1_26' title='bbox 3320 460 3480 591; x_wconf 54' lang='lat' dir='ltr'><strong>[idest</strong></span> 
     </span>
     <span class='ocr_line' id='line_1_6' title="bbox 2110 554 3480 591; baseline -0.02 23"><span class='ocrx_word' id='word_1_27' title='bbox 2110 578 2138 591; x_wconf 71' lang='grc' dir='ltr'>ι·</span> <span class='ocrx_word' id='word_1_28' title='bbox 2182 586 2195 591; x_wconf 90' lang='grc'><strong>-</strong></span> <span class='ocrx_word' id='word_1_29' title='bbox 2242 575 2334 591; x_wconf 84' lang='grc' dir='ltr'><strong>-ϊ</strong></span> <span class='ocrx_word' id='word_1_30' title='bbox 2422 588 2433 591; x_wconf 89' lang='grc'><strong><em>-</em></strong></span> <span class='ocrx_word' id='word_1_31' title='bbox 2503 566 2639 591; x_wconf 61' lang='grc' dir='ltr'><strong>μ---ιι</strong></span> <span class='ocrx_word' id='word_1_32' title='bbox 2676 580 2703 591; x_wconf 77' lang='grc' dir='ltr'><strong>ι-</strong></span> <span class='ocrx_word' id='word_1_33' title='bbox 2743 560 3025 591; x_wconf 62' lang='lat' dir='ltr'><strong>ant-ann...</strong></span> <span class='ocrx_word' id='word_1_34' title='bbox 3070 554 3178 591; x_wconf 62' lang='grc' dir='ltr'><strong>,μοι</strong></span> <span class='ocrx_word' id='word_1_35' title='bbox 3209 562 3340 591; x_wconf 67' lang='lat' dir='ltr'><strong>mm</strong></span> <span class='ocrx_word' id='word_1_36' title='bbox 3453 559 3480 591; x_wconf 84' lang='grc' dir='ltr'><strong>,ι</strong></span> 
     </span>
    </p>
   </div>
   <div class='ocr_carea' id='block_1_6' title="bbox 243 584 1809 682">
    <p class='ocr_par' dir='ltr' id='par_1_6' title="bbox 243 584 1809 682">
     <span class='ocr_line' id='line_1_7' title="bbox 243 584 1809 682; baseline -0.022 -10"><span class='ocrx_word' id='word_1_37' title='bbox 243 634 349 682; x_wconf 81' lang='grc' dir='ltr'>σου,</span> <span class='ocrx_word' id='word_1_38' title='bbox 376 584 566 676; x_wconf 82' lang='grc' dir='ltr'>καθὼς</span> <span class='ocrx_word' id='word_1_39' title='bbox 593 612 668 667; x_wconf 69' lang='grc' dir='ltr'>ἂν</span> <span class='ocrx_word' id='word_1_40' title='bbox 703 584 985 676; x_wconf 59' lang='grc' dir='ltr'><strong>⁷άκόυσθθῇ,</strong></span> <span class='ocrx_word' id='word_1_41' title='bbox 1022 599 1204 656; x_wconf 70' lang='grc' dir='ltr'>ἀκούει</span> <span class='ocrx_word' id='word_1_42' title='bbox 1254 614 1372 650; x_wconf 88' lang='grc' dir='ltr'>σου.</span> <span class='ocrx_word' id='word_1_43' title='bbox 1406 613 1425 645; x_wconf 76' lang='grc' dir='ltr'><strong>ι</strong></span> <span class='ocrx_word' id='word_1_44' title='bbox 1479 592 1729 682; x_wconf 64' lang='grc' dir='ltr'><strong>ὍμοιονΔ</strong></span> <span class='ocrx_word' id='word_1_45' title='bbox 1751 584 1809 638; x_wconf 79' lang='grc' dir='ltr'>δὲ</span> 
     </span>
    </p>
   </div>
   <div class='ocr_carea' id='block_1_7' title="bbox 239 677 1809 777">
    <p class='ocr_par' dir='ltr' id='par_1_7' title="bbox 239 677 1809 777">
     <span class='ocr_line' id='line_1_8' title="bbox 239 677 1809 777; baseline -0.022 -15"><span class='ocrx_word' id='word_1_46' title='bbox 239 677 420 777; x_wconf 78' lang='grc' dir='ltr'>τούτῳ,</span> <span class='ocrx_word' id='word_1_47' title='bbox 456 723 474 756; x_wconf 84' lang='grc' dir='ltr'><strong>ι</strong></span> <span class='ocrx_word' id='word_1_48' title='bbox 508 700 678 757; x_wconf 75' lang='grc' dir='ltr'>Κατὰ</span> <span class='ocrx_word' id='word_1_49' title='bbox 701 699 799 769; x_wconf 76' lang='grc' dir='ltr'>τὴν</span> <span class='ocrx_word' id='word_1_50' title='bbox 818 696 1001 750; x_wconf 85' lang='grc' dir='ltr'>πίστιν</span> <span class='ocrx_word' id='word_1_51' title='bbox 1045 707 1139 745; x_wconf 88' lang='grc' dir='ltr'><strong>σου</strong></span> <span class='ocrx_word' id='word_1_52' title='bbox 1167 685 1452 777; x_wconf 81' lang='grc' dir='ltr'>γενηθήτω</span> <span class='ocrx_word' id='word_1_53' title='bbox 1483 697 1587 777; x_wconf 79' lang='grc' dir='ltr'>σοι,</span> <span class='ocrx_word' id='word_1_54' title='bbox 1627 697 1648 731; x_wconf 75' lang='grc' dir='ltr'><strong>ι</strong></span> <span class='ocrx_word' id='word_1_55' title='bbox 1685 677 1809 777; x_wconf 72' lang='grc' dir='ltr'>εἰω-</span> 
     </span>
    </p>
   </div>
   <div class='ocr_carea' id='block_1_8' title="bbox 243 766 1808 861">
    <p class='ocr_par' dir='ltr' id='par_1_8' title="bbox 243 766 1808 861">
     <span class='ocr_line' id='line_1_9' title="bbox 243 766 1808 861; baseline -0.022 -10"><span class='ocrx_word' id='word_1_56' title='bbox 243 799 347 850; x_wconf 85' lang='grc' dir='ltr'>θότι</span> <span class='ocrx_word' id='word_1_57' title='bbox 372 766 634 861; x_wconf 58' lang='grc' dir='ltr'>λέγεσθαι</span> <span class='ocrx_word' id='word_1_58' title='bbox 670 766 777 843; x_wconf 68' lang='grc' dir='ltr'>ὑπό</span> <span class='ocrx_word' id='word_1_59' title='bbox 798 785 891 841; x_wconf 79' lang='grc' dir='ltr'><strong>τοῦ</strong></span> <span class='ocrx_word' id='word_1_60' title='bbox 911 782 1180 853; x_wconf 80' lang='grc' dir='ltr'>Σωτῆρος.</span> <span class='ocrx_word' id='word_1_61' title='bbox 1212 777 1326 831; x_wconf 82' lang='grc' dir='ltr'>Νῦν</span> <span class='ocrx_word' id='word_1_62' title='bbox 1362 774 1459 845; x_wconf 67' lang='grc' dir='ltr'>μὲν</span> <span class='ocrx_word' id='word_1_63' title='bbox 1478 771 1607 841; x_wconf 79' lang='grc' dir='ltr'>γάρ,</span> <span class='ocrx_word' id='word_1_64' title='bbox 1624 766 1808 861; x_wconf 59' lang='grc' dir='ltr'>φησιν,</span> 
     </span>
    </p>
   </div>
   <div class='ocr_carea' id='block_1_9' title="bbox 243 855 1813 950">
    <p class='ocr_par' dir='ltr' id='par_1_9' title="bbox 243 855 1813 950">
     <span class='ocr_line' id='line_1_10' title="bbox 243 855 1813 950; baseline -0.023 -7"><span class='ocrx_word' id='word_1_65' title='bbox 243 890 334 942; x_wconf 70' lang='grc' dir='ltr'>οὐκ</span> <span class='ocrx_word' id='word_1_66' title='bbox 358 855 617 945; x_wconf 70' lang='grc' dir='ltr'>ἔκλαυσε,</span> <span class='ocrx_word' id='word_1_67' title='bbox 640 879 762 935; x_wconf 85' lang='grc' dir='ltr'>καθ’</span> <span class='ocrx_word' id='word_1_68' title='bbox 788 878 972 950; x_wconf 82' lang='grc' dir='ltr'>ῑτερον</span> <span class='ocrx_word' id='word_1_69' title='bbox 997 874 1056 935; x_wconf 65' lang='grc' dir='ltr'>δὲ</span> <span class='ocrx_word' id='word_1_70' title='bbox 1077 868 1267 940; x_wconf 78' lang='grc' dir='ltr'>καιρὸν</span> <span class='ocrx_word' id='word_1_71' title='bbox 1293 864 1450 920; x_wconf 84' lang='grc' dir='ltr'>τοῦτο</span> <span class='ocrx_word' id='word_1_72' title='bbox 1477 862 1639 915; x_wconf 81' lang='grc' dir='ltr'>ποιεῖ.</span> <span class='ocrx_word' id='word_1_73' title='bbox 1668 855 1813 925; x_wconf 80' lang='grc' dir='ltr'>Πλὴν</span> 
     </span>
    </p>
   </div>
   <div class='ocr_carea' id='block_1_10' title="bbox 245 950 1809 1045">
    <p class='ocr_par' dir='ltr' id='par_1_10' title="bbox 245 950 1809 1045">
     <span class='ocr_line' id='line_1_11' title="bbox 245 950 1809 1045; baseline -0.022 -12"><span class='ocrx_word' id='word_1_74' title='bbox 245 982 270 1032; x_wconf 83' lang='grc' dir='ltr'><strong>ὁ</strong></span> <span class='ocrx_word' id='word_1_75' title='bbox 297 978 447 1045; x_wconf 80' lang='grc' dir='ltr'><strong>λόγος</strong></span> <span class='ocrx_word' id='word_1_76' title='bbox 483 973 749 1045; x_wconf 82' lang='grc' dir='ltr'>παραινεῖ</span> <span class='ocrx_word' id='word_1_77' title='bbox 786 970 923 1038; x_wconf 75' lang='grc' dir='ltr'>αὐτῇ</span> <span class='ocrx_word' id='word_1_78' title='bbox 967 965 1097 1036; x_wconf 73' lang='grc' dir='ltr'>βοᾷν</span> <span class='ocrx_word' id='word_1_79' title='bbox 1121 961 1256 1033; x_wconf 82' lang='grc' dir='ltr'>πρὸς</span> <span class='ocrx_word' id='word_1_80' title='bbox 1276 959 1368 1012; x_wconf 79' lang='grc' dir='ltr'>τὸν</span> <span class='ocrx_word' id='word_1_81' title='bbox 1393 954 1525 1008; x_wconf 81' lang='grc' dir='ltr'>Θεὸν</span> <span class='ocrx_word' id='word_1_82' title='bbox 1564 950 1809 1045; x_wconf 79' lang='grc' dir='ltr'>πάντοτε.</span> 
     </span>
    </p>
   </div>
   <div class='ocr_carea' id='block_1_11' title="bbox 251 1040 1815 1139">
    <p class='ocr_par' dir='ltr' id='par_1_11' title="bbox 251 1040 1815 1139">
     <span class='ocr_line' id='line_1_12' title="bbox 251 1040 1815 1139; baseline -0.022 -17"><span class='ocrx_word' id='word_1_83' title='bbox 251 1090 267 1121; x_wconf 82' lang='grc' dir='ltr'><strong>ι</strong></span> <span class='ocrx_word' id='word_1_84' title='bbox 301 1040 440 1139; x_wconf 78' lang='grc' dir='ltr'>Πρὸς</span> <span class='ocrx_word' id='word_1_85' title='bbox 462 1040 586 1135; x_wconf 31' lang='grc' dir='ltr'>τὴν-</span> <span class='ocrx_word' id='word_1_86' title='bbox 623 1063 807 1134; x_wconf 86' lang='grc' dir='ltr'>φωνήν</span> <span class='ocrx_word' id='word_1_87' title='bbox 848 1075 963 1123; x_wconf 87' lang='grc' dir='ltr'>σου,</span> <span class='ocrx_word' id='word_1_88' title='bbox 1016 1056 1213 1126; x_wconf 72' lang='grc' dir='ltr'>φησὶν,</span> <span class='ocrx_word' id='word_1_89' title='bbox 1268 1040 1691 1119; x_wconf 83' lang='grc' dir='ltr'>ἀποκριθήσεταί</span> <span class='ocrx_word' id='word_1_90' title='bbox 1735 1054 1815 1090; x_wconf 90' lang='grc' dir='ltr'><strong>σοι</strong></span> 
     </span>
    </p>
   </div>
   <div class='ocr_carea' id='block_1_12' title="bbox 244 1159 490 1222">
    <p class='ocr_par' dir='ltr' id='par_1_12' title="bbox 244 1159 490 1222">
     <span class='ocr_line' id='line_1_13' title="bbox 244 1159 490 1222; baseline -0.02 -7"><span class='ocrx_word' id='word_1_91' title='bbox 244 1159 490 1222; x_wconf 73' lang='grc' dir='ltr'><strong>όΘεός.»</strong></span> 
     </span>
    </p>
   </div>
   <div class='ocr_carea' id='block_1_13' title="bbox 312 1222 1817 1316">
    <p class='ocr_par' dir='ltr' id='par_1_13' title="bbox 312 1222 1817 1316">
     <span class='ocr_line' id='line_1_14' title="bbox 312 1222 1817 1316; baseline -0.006 -16"><span class='ocrx_word' id='word_1_92' title='bbox 312 1270 331 1300; x_wconf 78' lang='grc' dir='ltr'><strong>ι</strong></span> <span class='ocrx_word' id='word_1_93' title='bbox 363 1249 475 1303; x_wconf 84' lang='lat' dir='ltr'><strong>Kal</strong></span> <span class='ocrx_word' id='word_1_94' title='bbox 502 1247 673 1301; x_wconf 70' lang='grc' dir='ltr'>δώσει</span> <span class='ocrx_word' id='word_1_95' title='bbox 700 1244 902 1316; x_wconf 75' lang='grc' dir='ltr'>Κύριος</span> <span class='ocrx_word' id='word_1_96' title='bbox 931 1243 1057 1312; x_wconf 80' lang='grc' dir='ltr'>ὑμῖν</span> <span class='ocrx_word' id='word_1_97' title='bbox 1079 1239 1242 1309; x_wconf 69' lang='grc' dir='ltr'>ἄρτον</span> <span class='ocrx_word' id='word_1_98' title='bbox 1271 1231 1521 1301; x_wconf 80' lang='grc' dir='ltr'>θλίψεως,</span> <span class='ocrx_word' id='word_1_99' title='bbox 1550 1228 1641 1281; x_wconf 74' lang='grc' dir='ltr'><strong>καὶ</strong></span> <span class='ocrx_word' id='word_1_100' title='bbox 1673 1222 1817 1291; x_wconf 66' lang='grc' dir='ltr'>ὕδωρ</span> 
     </span>
    </p>
   </div>
   <div class='ocr_carea' id='block_1_14' title="bbox 249 1316 1811 1405">
    <p class='ocr_par' dir='ltr' id='par_1_14' title="bbox 249 1316 1811 1405">
     <span class='ocr_line' id='line_1_15' title="bbox 249 1316 1811 1405; baseline -0.02 -7"><span class='ocrx_word' id='word_1_101' title='bbox 249 1341 423 1396; x_wconf 79' lang='grc' dir='ltr'>στενόν</span> <span class='ocrx_word' id='word_1_102' title='bbox 442 1355 455 1367; x_wconf 77' lang='grc'><strong><em>⁸</em></strong></span> <span class='ocrx_word' id='word_1_103' title='bbox 483 1338 583 1393; x_wconf 78' lang='grc' dir='ltr'>καὶ</span> <span class='ocrx_word' id='word_1_104' title='bbox 601 1336 785 1391; x_wconf 70' lang='grc' dir='ltr'>οὐκέτι</span> <span class='ocrx_word' id='word_1_105' title='bbox 820 1334 895 1405; x_wconf 77' lang='grc' dir='ltr'><strong>μή</strong></span> <span class='ocrx_word' id='word_1_106' title='bbox 923 1328 1182 1401; x_wconf 73' lang='grc' dir='ltr'>ὲγγίσωσί</span> <span class='ocrx_word' id='word_1_107' title='bbox 1209 1343 1290 1379; x_wconf 88' lang='grc' dir='ltr'><strong>σοι</strong></span> <span class='ocrx_word' id='word_1_108' title='bbox 1310 1326 1359 1377; x_wconf 76' lang='lat' dir='ltr'><strong>oi</strong></span> <span class='ocrx_word' id='word_1_109' title='bbox 1383 1316 1690 1380; x_wconf 70' lang='grc' dir='ltr'>πλανῶντες</span> <span class='ocrx_word' id='word_1_110' title='bbox 1717 1332 1776 1368; x_wconf 89' lang='grc' dir='ltr'><strong>σε</strong></span> <span class='ocrx_word' id='word_1_111' title='bbox 1800 1333 1811 1345; x_wconf 89' lang='grc'><strong>·</strong></span> 
     </span>
    </p>
   </div>
   <div class='ocr_carea' id='block_1_15' title="bbox 246 1408 1819 1500">
    <p class='ocr_par' dir='ltr' id='par_1_15' title="bbox 246 1408 1819 1500">
     <span class='ocr_line' id='line_1_16' title="bbox 246 1408 1819 1500; baseline -0.017 -14"><span class='ocrx_word' id='word_1_112' title='bbox 246 1434 322 1487; x_wconf 77' lang='grc' dir='ltr'><strong>δτι</strong></span> <span class='ocrx_word' id='word_1_113' title='bbox 350 1433 397 1484; x_wconf 89' lang='lat' dir='ltr'><strong>oi</strong></span> <span class='ocrx_word' id='word_1_114' title='bbox 425 1428 699 1500; x_wconf 76' lang='grc' dir='ltr'>ὀφθαλμοί</span> <span class='ocrx_word' id='word_1_115' title='bbox 728 1442 822 1480; x_wconf 88' lang='grc' dir='ltr'><strong>σου</strong></span> <span class='ocrx_word' id='word_1_116' title='bbox 841 1423 1059 1494; x_wconf 72' lang='grc' dir='ltr'>ὄψονται</span> <span class='ocrx_word' id='word_1_117' title='bbox 1078 1422 1203 1483; x_wconf 78' lang='grc' dir='ltr'>τοὺς</span> <span class='ocrx_word' id='word_1_118' title='bbox 1228 1412 1542 1476; x_wconf 81' lang='grc' dir='ltr'>πλανῶντάς</span> <span class='ocrx_word' id='word_1_119' title='bbox 1583 1426 1674 1500; x_wconf 81' lang='grc' dir='ltr'>σε·</span> <span class='ocrx_word' id='word_1_120' title='bbox 1726 1408 1819 1461; x_wconf 75' lang='grc' dir='ltr'>καὶ</span> 
     </span>
    </p>
   </div>
   <div class='ocr_carea' id='block_1_16' title="bbox 248 1499 1817 1582">
    <p class='ocr_par' dir='ltr' id='par_1_16' title="bbox 248 1499 1817 1582">
     <span class='ocr_line' id='line_1_17' title="bbox 248 1499 1817 1582; baseline -0.018 -6"><span class='ocrx_word' id='word_1_121' title='bbox 248 1521 310 1575; x_wconf 72' lang='grc' dir='ltr'>τὰ</span> <span class='ocrx_word' id='word_1_122' title='bbox 335 1515 450 1574; x_wconf 71' lang='grc' dir='ltr'>ὦτά</span> <span class='ocrx_word' id='word_1_123' title='bbox 478 1536 577 1573; x_wconf 91' lang='grc' dir='ltr'><strong>σου</strong></span> <span class='ocrx_word' id='word_1_124' title='bbox 617 1517 944 1582; x_wconf 74' lang='grc' dir='ltr'>ἀκούσονται</span> <span class='ocrx_word' id='word_1_125' title='bbox 972 1514 1098 1576; x_wconf 80' lang='grc' dir='ltr'>τοὺς</span> <span class='ocrx_word' id='word_1_126' title='bbox 1154 1509 1345 1578; x_wconf 81' lang='grc' dir='ltr'><strong>λόγους</strong></span> <span class='ocrx_word' id='word_1_127' title='bbox 1368 1504 1478 1558; x_wconf 86' lang='grc' dir='ltr'><strong>τῶν</strong></span> <span class='ocrx_word' id='word_1_128' title='bbox 1534 1499 1709 1554; x_wconf 82' lang='grc' dir='ltr'><strong>ὀπίσω</strong></span> <span class='ocrx_word' id='word_1_129' title='bbox 1759 1513 1817 1549; x_wconf 88' lang='grc' dir='ltr'><strong>σε</strong></span> 
     </span>
    </p>
   </div>
   <div class='ocr_carea' id='block_1_17' title="bbox 251 1589 1821 1679">
    <p class='ocr_par' dir='ltr' id='par_1_17' title="bbox 251 1589 1821 1679">
     <span class='ocr_line' id='line_1_18' title="bbox 251 1589 1821 1679; baseline -0.016 -14"><span class='ocrx_word' id='word_1_130' title='bbox 251 1609 638 1679; x_wconf 83' lang='grc' dir='ltr'>πλανησάντων</span> <span class='ocrx_word' id='word_1_131' title='bbox 661 1625 675 1639; x_wconf 91' lang='grc'>·</span> <span class='ocrx_word' id='word_1_132' title='bbox 708 1609 758 1661; x_wconf 83' lang='lat' dir='ltr'><strong>ei</strong></span> <span class='ocrx_word' id='word_1_133' title='bbox 782 1606 1029 1675; x_wconf 75' lang='grc' dir='ltr'>λέγοντες</span> <span class='ocrx_word' id='word_1_134' title='bbox 1044 1620 1059 1634; x_wconf 76' lang='grc' dir='ltr'><strong>ο</strong></span> <span class='ocrx_word' id='word_1_135' title='bbox 1081 1600 1231 1671; x_wconf 76' lang='grc' dir='ltr'>Δΰτη</span> <span class='ocrx_word' id='word_1_136' title='bbox 1257 1600 1292 1670; x_wconf 85' lang='grc' dir='ltr'><strong>ή</strong></span> <span class='ocrx_word' id='word_1_137' title='bbox 1308 1595 1444 1659; x_wconf 83' lang='grc' dir='ltr'>όδὺς,</span> <span class='ocrx_word' id='word_1_138' title='bbox 1470 1589 1821 1679; x_wconf 80' lang='grc' dir='ltr'>πορευθῶμεν</span> 
     </span>
    </p>
   </div>
   <div class='ocr_carea' id='block_1_18' title="bbox 248 1678 1823 1773">
    <p class='ocr_par' dir='ltr' id='par_1_18' title="bbox 248 1678 1823 1773">
     <span class='ocr_line' id='line_1_19' title="bbox 248 1678 1823 1773; baseline -0.014 -20"><span class='ocrx_word' id='word_1_139' title='bbox 248 1701 301 1753; x_wconf 81' lang='grc' dir='ltr'><strong>ιν</strong></span> <span class='ocrx_word' id='word_1_140' title='bbox 332 1678 493 1773; x_wconf 75' lang='grc' dir='ltr'>αὐτῇ,</span> <span class='ocrx_word' id='word_1_141' title='bbox 522 1699 638 1753; x_wconf 68' lang='lat' dir='ltr'><strong>eiu</strong></span> <span class='ocrx_word' id='word_1_142' title='bbox 663 1698 833 1763; x_wconf 79' lang='grc' dir='ltr'>δεξιὰ,</span> <span class='ocrx_word' id='word_1_143' title='bbox 866 1695 976 1750; x_wconf 86' lang='grc' dir='ltr'>εῐτε</span> <span class='ocrx_word' id='word_1_144' title='bbox 1008 1690 1290 1766; x_wconf 80' lang='grc' dir='ltr'>ἀριστερά.</span> <span class='ocrx_word' id='word_1_145' title='bbox 1323 1707 1342 1739; x_wconf 77' lang='grc' dir='ltr'><strong>ι</strong></span> <span class='ocrx_word' id='word_1_146' title='bbox 1363 1685 1613 1739; x_wconf 75' lang='grc' dir='ltr'><strong>Διδάσκει</strong></span> <span class='ocrx_word' id='word_1_147' title='bbox 1640 1679 1697 1733; x_wconf 70' lang='grc' dir='ltr'>δι</span> <span class='ocrx_word' id='word_1_148' title='bbox 1720 1678 1823 1773; x_wconf 0' lang='grc' dir='ltr'>,διὰ</span> 
     </span>
    </p>
   </div>
   <div class='ocr_carea' id='block_1_19' title="bbox 248 1771 1821 1860">
    <p class='ocr_par' dir='ltr' id='par_1_19' title="bbox 248 1771 1821 1860">
     <span class='ocr_line' id='line_1_20' title="bbox 248 1771 1821 1860; baseline -0.015 -13"><span class='ocrx_word' id='word_1_149' title='bbox 248 1771 468 1854; x_wconf 72' lang='grc' dir='ltr'>τούτων,</span> <span class='ocrx_word' id='word_1_150' title='bbox 503 1792 584 1855; x_wconf 85' lang='grc' dir='ltr'>ὡς</span> <span class='ocrx_word' id='word_1_151' title='bbox 606 1792 665 1844; x_wconf 68' lang='grc' dir='ltr'>ιν</span> <span class='ocrx_word' id='word_1_152' title='bbox 693 1791 790 1860; x_wconf 74' lang='grc' dir='ltr'>μὲν</span> <span class='ocrx_word' id='word_1_153' title='bbox 809 1787 1032 1858; x_wconf 74' lang='grc' dir='ltr'>τῇάρχῇ</span> <span class='ocrx_word' id='word_1_154' title='bbox 1062 1782 1163 1853; x_wconf 79' lang='grc' dir='ltr'>τῆς</span> <span class='ocrx_word' id='word_1_155' title='bbox 1197 1780 1453 1834; x_wconf 70' lang='grc' dir='ltr'>ἐπανόδου</span> <span class='ocrx_word' id='word_1_156' title='bbox 1479 1774 1681 1845; x_wconf 80' lang='grc' dir='ltr'>πολλῆς</span> <span class='ocrx_word' id='word_1_157' title='bbox 1708 1771 1821 1826; x_wconf 89' lang='grc' dir='ltr'>θλι-</span> 
     </span>
    </p>
   </div>
   <div class='ocr_carea' id='block_1_20' title="bbox 248 1862 1815 1953">
    <p class='ocr_par' dir='ltr' id='par_1_20' title="bbox 248 1862 1815 1953">
     <span class='ocr_line' id='line_1_21' title="bbox 248 1862 1815 1953; baseline -0.016 -15"><span class='ocrx_word' id='word_1_158' title='bbox 248 1884 382 1953; x_wconf 73' lang='grc' dir='ltr'>ψιως</span> <span class='ocrx_word' id='word_1_159' title='bbox 406 1881 677 1952; x_wconf 75' lang='grc' dir='ltr'><strong>μετέσχον</strong></span> <span class='ocrx_word' id='word_1_160' title='bbox 697 1879 749 1931; x_wconf 83' lang='lat' dir='ltr'><strong>oi</strong></span> <span class='ocrx_word' id='word_1_161' title='bbox 775 1878 882 1931; x_wconf 74' lang='grc' dir='ltr'><strong>ἀπὸ</strong></span> <span class='ocrx_word' id='word_1_162' title='bbox 922 1875 1021 1945; x_wconf 85' lang='grc' dir='ltr'>τῆς</span> <span class='ocrx_word' id='word_1_163' title='bbox 1051 1873 1153 1943; x_wconf 80' lang='grc' dir='ltr'>γῆς</span> <span class='ocrx_word' id='word_1_164' title='bbox 1184 1869 1447 1939; x_wconf 81' lang='grc' dir='ltr'><strong>πολεμίας</strong></span> <span class='ocrx_word' id='word_1_165' title='bbox 1498 1862 1815 1953; x_wconf 43' lang='grc' dir='ltr'>ὶπανελθόνί-</span> 
     </span>
    </p>
   </div>
   <div class='ocr_carea' id='block_1_21' title="bbox 249 1951 1815 2039">
    <p class='ocr_par' dir='ltr' id='par_1_21' title="bbox 249 1951 1815 2039">
     <span class='ocr_line' id='line_1_22' title="bbox 249 1951 1815 2039; baseline -0.015 -13"><span class='ocrx_word' id='word_1_166' title='bbox 249 1951 353 2039; x_wconf 76' lang='grc' dir='ltr'>τες,</span> <span class='ocrx_word' id='word_1_167' title='bbox 538 1968 861 2039; x_wconf 79' lang='grc' dir='ltr'>περιχώρων</span> <span class='ocrx_word' id='word_1_168' title='bbox 902 1963 1189 2018; x_wconf 77' lang='grc' dir='ltr'>θλιϐόντων</span> <span class='ocrx_word' id='word_1_169' title='bbox 1220 1958 1436 2021; x_wconf 77' lang='grc' dir='ltr'>αὐτοὺς,</span> <span class='ocrx_word' id='word_1_170' title='bbox 1488 1956 1565 2018; x_wconf 83' lang='grc' dir='ltr'>ὡς</span> <span class='ocrx_word' id='word_1_171' title='bbox 1616 1954 1709 2007; x_wconf 67' lang='grc' dir='ltr'>καὶ</span> <span class='ocrx_word' id='word_1_172' title='bbox 1755 1951 1815 2004; x_wconf 80' lang='grc' dir='ltr'>τὸ</span> 
     </span>
    </p>
   </div>
   <div class='ocr_carea' id='block_1_22' title="bbox 251 2042 1815 2131">
    <p class='ocr_par' dir='ltr' id='par_1_22' title="bbox 251 2042 1815 2131">
     <span class='ocr_line' id='line_1_23' title="bbox 251 2042 1815 2131; baseline -0.01 -16"><span class='ocrx_word' id='word_1_173' title='bbox 251 2061 401 2131; x_wconf 78' lang='grc' dir='ltr'>ιργον</span> <span class='ocrx_word' id='word_1_174' title='bbox 433 2061 688 2129; x_wconf 62' lang='grc' dir='ltr'>ἱπισχεω</span> <span class='ocrx_word' id='word_1_175' title='bbox 720 2060 818 2127; x_wconf 82' lang='grc' dir='ltr'>τῆς</span> <span class='ocrx_word' id='word_1_176' title='bbox 855 2053 1139 2123; x_wconf 83' lang='grc' dir='ltr'>οίκοδομῆς</span> <span class='ocrx_word' id='word_1_177' title='bbox 1163 2051 1259 2104; x_wconf 85' lang='grc' dir='ltr'><strong>τοῦ</strong></span> <span class='ocrx_word' id='word_1_178' title='bbox 1292 2049 1459 2121; x_wconf 87' lang='grc' dir='ltr'>ίεροῦ.</span> <span class='ocrx_word' id='word_1_179' title='bbox 1508 2047 1680 2101; x_wconf 88' lang='grc' dir='ltr'>Τοῦτο</span> <span class='ocrx_word' id='word_1_180' title='bbox 1722 2042 1815 2101; x_wconf 84' lang='grc' dir='ltr'>οὖν</span> 
     </span>
    </p>
   </div>
   <div class='ocr_carea' id='block_1_23' title="bbox 252 2139 1812 2221">
    <p class='ocr_par' dir='ltr' id='par_1_23' title="bbox 252 2139 1812 2221">
     <span class='ocr_line' id='line_1_24' title="bbox 252 2139 1812 2221; baseline -0.009 -15"><span class='ocrx_word' id='word_1_181' title='bbox 252 2154 340 2205; x_wconf 74' lang='grc' dir='ltr'>καὶ</span> <span class='ocrx_word' id='word_1_182' title='bbox 370 2153 428 2205; x_wconf 82' lang='grc' dir='ltr'>ὲν</span> <span class='ocrx_word' id='word_1_183' title='bbox 450 2153 519 2221; x_wconf 75' lang='grc' dir='ltr'>τῇ</span> <span class='ocrx_word' id='word_1_184' title='bbox 560 2149 769 2220; x_wconf 77' lang='grc' dir='ltr'>ἱστορίᾳ</span> <span class='ocrx_word' id='word_1_185' title='bbox 801 2148 858 2199; x_wconf 80' lang='grc' dir='ltr'>ὲν</span> <span class='ocrx_word' id='word_1_186' title='bbox 879 2147 946 2217; x_wconf 77' lang='grc' dir='ltr'>τῇ</span> <span class='ocrx_word' id='word_1_187' title='bbox 982 2142 1147 2215; x_wconf 78' lang='grc' dir='ltr'>βίδλῳ</span> <span class='ocrx_word' id='word_1_188' title='bbox 1188 2141 1285 2195; x_wconf 91' lang='grc' dir='ltr'><strong>τοῦ</strong></span> <span class='ocrx_word' id='word_1_189' title='bbox 1319 2140 1525 2211; x_wconf 73' lang='grc' dir='ltr'>Ἔσδρα</span> <span class='ocrx_word' id='word_1_190' title='bbox 1554 2139 1812 2193; x_wconf 80' lang='grc' dir='ltr'><strong>διδάσκει.</strong></span> 
     </span>
    </p>
   </div>
   <div class='ocr_carea' id='block_1_24' title="bbox 255 2228 1817 2308">
    <p class='ocr_par' dir='ltr' id='par_1_24' title="bbox 255 2228 1817 2308">
     <span class='ocr_line' id='line_1_25' title="bbox 255 2228 1817 2308; baseline -0.01 -13"><span class='ocrx_word' id='word_1_191' title='bbox 255 2241 340 2296; x_wconf 78' lang='grc' dir='ltr'><strong>Διὸ</strong></span> <span class='ocrx_word' id='word_1_192' title='bbox 367 2240 557 2295; x_wconf 78' lang='grc' dir='ltr'>οὐκέτι</span> <span class='ocrx_word' id='word_1_193' title='bbox 586 2236 911 2308; x_wconf 86' lang='grc' dir='ltr'>πλανήσουσί</span> <span class='ocrx_word' id='word_1_194' title='bbox 964 2250 1053 2287; x_wconf 84' lang='grc' dir='ltr'>σε·</span> <span class='ocrx_word' id='word_1_195' title='bbox 1110 2233 1159 2285; x_wconf 81' lang='grc' dir='ltr'>εἰ</span> <span class='ocrx_word' id='word_1_196' title='bbox 1220 2230 1329 2302; x_wconf 84' lang='grc' dir='ltr'><strong>γάρ</strong></span> <span class='ocrx_word' id='word_1_197' title='bbox 1378 2232 1470 2284; x_wconf 77' lang='grc' dir='ltr'>καὶ</span> <span class='ocrx_word' id='word_1_198' title='bbox 1510 2228 1817 2301; x_wconf 81' lang='grc' dir='ltr'><strong>πειραθεῖεν</strong></span> 
     </span>
    </p>
   </div>
   <div class='ocr_carea' id='block_1_25' title="bbox 249 2319 1817 2403">
    <p class='ocr_par' dir='ltr' id='par_1_25' title="bbox 249 2319 1817 2403">
     <span class='ocr_line' id='line_1_26' title="bbox 249 2319 1817 2403; baseline -0.01 -16"><span class='ocrx_word' id='word_1_199' title='bbox 249 2334 398 2386; x_wconf 82' lang='grc' dir='ltr'>τοῦτο</span> <span class='ocrx_word' id='word_1_200' title='bbox 441 2331 653 2403; x_wconf 79' lang='grc' dir='ltr'>πρᾶξαί</span> <span class='ocrx_word' id='word_1_201' title='bbox 704 2345 868 2391; x_wconf 87' lang='grc' dir='ltr'>τινες,</span> <span class='ocrx_word' id='word_1_202' title='bbox 900 2324 1012 2380; x_wconf 79' lang='grc' dir='ltr'>ἀλλ’</span> <span class='ocrx_word' id='word_1_203' title='bbox 1045 2326 1096 2378; x_wconf 86' lang='lat' dir='ltr'><strong>oi</strong></span> <span class='ocrx_word' id='word_1_204' title='bbox 1150 2321 1417 2392; x_wconf 80' lang='grc' dir='ltr'>ὀφθαλμοί</span> <span class='ocrx_word' id='word_1_205' title='bbox 1457 2338 1551 2374; x_wconf 89' lang='grc' dir='ltr'><strong>σου</strong></span> <span class='ocrx_word' id='word_1_206' title='bbox 1600 2319 1817 2389; x_wconf 75' lang='grc' dir='ltr'>ὄψονται</span> 
     </span>
    </p>
   </div>
   <div class='ocr_carea' id='block_1_26' title="bbox 252 2411 1819 2485">
    <p class='ocr_par' dir='ltr' id='par_1_26' title="bbox 252 2411 1819 2485">
     <span class='ocr_line' id='line_1_27' title="bbox 252 2411 1819 2485; baseline -0.008 -10"><span class='ocrx_word' id='word_1_207' title='bbox 252 2422 461 2485; x_wconf 81' lang='grc' dir='ltr'>αὐτούς.</span> <span class='ocrx_word' id='word_1_208' title='bbox 507 2420 730 2482; x_wconf 82' lang='grc' dir='ltr'>Ἰδόντες</span> <span class='ocrx_word' id='word_1_209' title='bbox 782 2417 840 2470; x_wconf 73' lang='grc' dir='ltr'>δὲ</span> <span class='ocrx_word' id='word_1_210' title='bbox 888 2414 1083 2477; x_wconf 82' lang='grc' dir='ltr'>αὐτοὺς</span> <span class='ocrx_word' id='word_1_211' title='bbox 1120 2413 1221 2465; x_wconf 77' lang='grc' dir='ltr'>καὶ</span> <span class='ocrx_word' id='word_1_212' title='bbox 1252 2414 1542 2483; x_wconf 84' lang='grc' dir='ltr'>νοήσαντες</span> <span class='ocrx_word' id='word_1_213' title='bbox 1561 2451 1576 2475; x_wconf 89' lang='grc'><strong>,</strong></span> <span class='ocrx_word' id='word_1_214' title='bbox 1601 2412 1661 2464; x_wconf 86' lang='grc' dir='ltr'><strong>ού</strong></span> <span class='ocrx_word' id='word_1_215' title='bbox 1686 2411 1819 2463; x_wconf 88' lang='grc' dir='ltr'>πλα-</span> 
     </span>
    </p>
   </div>
   <div class='ocr_carea' id='block_1_27' title="bbox 256 2501 1818 2584">
    <p class='ocr_par' dir='ltr' id='par_1_27' title="bbox 256 2501 1818 2584">
     <span class='ocr_line' id='line_1_28' title="bbox 256 2501 1818 2584; baseline -0.01 -17"><span class='ocrx_word' id='word_1_216' title='bbox 256 2513 592 2584; x_wconf 82' lang='grc' dir='ltr'>νηθήσονται.</span> <span class='ocrx_word' id='word_1_217' title='bbox 620 2510 732 2563; x_wconf 82' lang='lat' dir='ltr'><strong>Kal</strong></span> <span class='ocrx_word' id='word_1_218' title='bbox 780 2507 938 2562; x_wconf 88' lang='grc' dir='ltr'>πάλιν</span> <span class='ocrx_word' id='word_1_219' title='bbox 972 2506 1021 2558; x_wconf 83' lang='grc' dir='ltr'><strong>εί</strong></span> <span class='ocrx_word' id='word_1_220' title='bbox 1051 2502 1355 2575; x_wconf 81' lang='grc' dir='ltr'>πειραθεῖεν</span> <span class='ocrx_word' id='word_1_221' title='bbox 1392 2502 1601 2573; x_wconf 74' lang='grc' dir='ltr'>ἑτέροις</span> <span class='ocrx_word' id='word_1_222' title='bbox 1639 2501 1818 2569; x_wconf 85' lang='grc' dir='ltr'>λόγοις</span> 
     </span>
    </p>
   </div>
   <div class='ocr_carea' id='block_1_28' title="bbox 255 2594 1820 2677">
    <p class='ocr_par' dir='ltr' id='par_1_28' title="bbox 255 2594 1820 2677">
     <span class='ocr_line' id='line_1_29' title="bbox 255 2594 1820 2677; baseline -0.01 -17"><span class='ocrx_word' id='word_1_223' title='bbox 255 2606 548 2677; x_wconf 79' lang='grc' dir='ltr'>ἀπατηλοῖς</span> <span class='ocrx_word' id='word_1_224' title='bbox 575 2599 901 2672; x_wconf 80' lang='grc' dir='ltr'>διαστροφάς</span> <span class='ocrx_word' id='word_1_225' title='bbox 922 2599 1058 2671; x_wconf 83' lang='grc' dir='ltr'>πρὸς</span> <span class='ocrx_word' id='word_1_226' title='bbox 1086 2598 1229 2669; x_wconf 78' lang='grc' dir='ltr'>ὑμᾶς</span> <span class='ocrx_word' id='word_1_227' title='bbox 1261 2596 1462 2652; x_wconf 80' lang='grc' dir='ltr'>λαλεῖν,</span> <span class='ocrx_word' id='word_1_228' title='bbox 1487 2594 1582 2648; x_wconf 77' lang='grc' dir='ltr'><strong>καὶ</strong></span> <span class='ocrx_word' id='word_1_229' title='bbox 1617 2594 1820 2647; x_wconf 83' lang='grc' dir='ltr'>τούτων</span> 
     </span>
    </p>
   </div>
   <div class='ocr_carea' id='block_1_29' title="bbox 256 2681 1819 2767">
    <p class='ocr_par' dir='ltr' id='par_1_29' title="bbox 256 2681 1819 2767">
     <span class='ocr_line' id='line_1_30' title="bbox 256 2681 1819 2767; baseline -0.008 -18"><span class='ocrx_word' id='word_1_230' title='bbox 256 2696 320 2749; x_wconf 79' lang='grc' dir='ltr'>τὰ</span> <span class='ocrx_word' id='word_1_231' title='bbox 344 2698 567 2767; x_wconf 77' lang='grc' dir='ltr'>ῥήματα</span> <span class='ocrx_word' id='word_1_232' title='bbox 592 2695 654 2747; x_wconf 75' lang='grc' dir='ltr'><strong>ού</strong></span> <span class='ocrx_word' id='word_1_233' title='bbox 686 2687 1074 2764; x_wconf 79' lang='grc' dir='ltr'>παραδέξονται</span> <span class='ocrx_word' id='word_1_234' title='bbox 1109 2687 1178 2741; x_wconf 78' lang='grc' dir='ltr'><strong>τά</strong></span> <span class='ocrx_word' id='word_1_235' title='bbox 1210 2681 1327 2740; x_wconf 80' lang='grc' dir='ltr'>ὦτά</span> <span class='ocrx_word' id='word_1_236' title='bbox 1352 2703 1445 2738; x_wconf 91' lang='grc' dir='ltr'><strong>σου</strong></span> <span class='ocrx_word' id='word_1_237' title='bbox 1464 2703 1478 2716; x_wconf 87' lang='grc'>·</span> <span class='ocrx_word' id='word_1_238' title='bbox 1528 2685 1629 2738; x_wconf 74' lang='grc' dir='ltr'>κᾶν</span> <span class='ocrx_word' id='word_1_239' title='bbox 1675 2685 1819 2738; x_wconf 87' lang='grc' dir='ltr'>άπα-</span> 
     </span>
    </p>
   </div>
   <div class='ocr_carea' id='block_1_30' title="bbox 254 2777 1820 2868">
    <p class='ocr_par' dir='ltr' id='par_1_30' title="bbox 254 2777 1820 2868">
     <span class='ocr_line' id='line_1_31' title="bbox 254 2777 1820 2868; baseline -0.003 -34"><span class='ocrx_word' id='word_1_240' title='bbox 254 2786 445 2851; x_wconf 78' lang='grc' dir='ltr'>τῶντες</span> <span class='ocrx_word' id='word_1_241' title='bbox 470 2786 682 2855; x_wconf 74' lang='grc' dir='ltr'>λέγοιεν</span> <span class='ocrx_word' id='word_1_242' title='bbox 700 2800 713 2814; x_wconf 78' lang='grc' dir='ltr'><strong><em>ο</em></strong></span> <span class='ocrx_word' id='word_1_243' title='bbox 749 2803 767 2834; x_wconf 82' lang='grc' dir='ltr'><strong>ι</strong></span> <span class='ocrx_word' id='word_1_244' title='bbox 792 2782 997 2868; x_wconf 52' lang='lat' dir='ltr'><strong>“mli;</strong></span> <span class='ocrx_word' id='word_1_245' title='bbox 1018 2780 1154 2847; x_wconf 79' lang='grc' dir='ltr'>ὁδὸς,</span> <span class='ocrx_word' id='word_1_246' title='bbox 1186 2777 1537 2849; x_wconf 68' lang='grc' dir='ltr'>πορευθιῖῳεν</span> <span class='ocrx_word' id='word_1_247' title='bbox 1576 2779 1633 2829; x_wconf 76' lang='grc' dir='ltr'>ὲν</span> <span class='ocrx_word' id='word_1_248' title='bbox 1662 2778 1820 2847; x_wconf 77' lang='grc' dir='ltr'>αὐτῇ,</span> 
     </span>
    </p>
   </div>
   <div class='ocr_carea' id='block_1_31' title="bbox 260 2867 1824 2945">
    <p class='ocr_par' dir='ltr' id='par_1_31' title="bbox 260 2867 1824 2945">
     <span class='ocr_line' id='line_1_32' title="bbox 260 2867 1824 2945; baseline -0.006 -15"><span class='ocrx_word' id='word_1_249' title='bbox 260 2879 365 2932; x_wconf 78' lang='grc' dir='ltr'>εἴτε</span> <span class='ocrx_word' id='word_1_250' title='bbox 390 2878 564 2943; x_wconf 80' lang='grc' dir='ltr'>δεξιὰ,</span> <span class='ocrx_word' id='word_1_251' title='bbox 593 2877 704 2930; x_wconf 88' lang='grc' dir='ltr'>είτε</span> <span class='ocrx_word' id='word_1_252' title='bbox 733 2873 1027 2945; x_wconf 72' lang='grc' dir='ltr'>ἀριστεράο</span> <span class='ocrx_word' id='word_1_253' title='bbox 1070 2890 1089 2923; x_wconf 70' lang='grc' dir='ltr'><strong>ι</strong></span> <span class='ocrx_word' id='word_1_254' title='bbox 1120 2871 1179 2923; x_wconf 82' lang='grc' dir='ltr'>οὐ</span> <span class='ocrx_word' id='word_1_255' title='bbox 1205 2868 1474 2940; x_wconf 78' lang='grc' dir='ltr'>πεισθήσῃ</span> <span class='ocrx_word' id='word_1_256' title='bbox 1497 2867 1606 2939; x_wconf 79' lang='grc' dir='ltr'><strong>γάρ</strong></span> <span class='ocrx_word' id='word_1_257' title='bbox 1643 2869 1824 2931; x_wconf 77' lang='grc' dir='ltr'>αὐτοῖς</span> 
     </span>
    </p>
   </div>
   <div class='ocr_carea' id='block_1_32' title="bbox 261 2961 1821 3039">
    <p class='ocr_par' dir='ltr' id='par_1_32' title="bbox 261 2961 1821 3039">
     <span class='ocr_line' id='line_1_33' title="bbox 261 2961 1821 3039; baseline -0.007 -16"><span class='ocrx_word' id='word_1_258' title='bbox 261 2969 469 3039; x_wconf 75' lang='grc' dir='ltr'>λέγουσι</span> <span class='ocrx_word' id='word_1_259' title='bbox 500 2968 669 3023; x_wconf 84' lang='grc' dir='ltr'>ταῦτα</span> <span class='ocrx_word' id='word_1_260' title='bbox 690 2985 704 2999; x_wconf 91' lang='grc'><strong>·</strong></span> <span class='ocrx_word' id='word_1_261' title='bbox 738 2966 852 3020; x_wconf 81' lang='grc' dir='ltr'>ἀλλ’</span> <span class='ocrx_word' id='word_1_262' title='bbox 886 2963 1271 3035; x_wconf 83' lang='grc' dir='ltr'>όδῷ.βασιλικῇ</span> <span class='ocrx_word' id='word_1_263' title='bbox 1294 2961 1555 3033; x_wconf 80' lang='grc' dir='ltr'>πορεύσῃ,</span> <span class='ocrx_word' id='word_1_264' title='bbox 1576 2962 1675 3032; x_wconf 80' lang='grc' dir='ltr'>τὴν</span> <span class='ocrx_word' id='word_1_265' title='bbox 1726 2961 1821 3031; x_wconf 81' lang='grc' dir='ltr'><strong>μέ-</strong></span> 
     </span>
    </p>
   </div>
   <div class='ocr_carea' id='block_1_33' title="bbox 263 3052 1824 3131">
    <p class='ocr_par' dir='ltr' id='par_1_33' title="bbox 263 3052 1824 3131">
     <span class='ocr_line' id='line_1_34' title="bbox 263 3052 1824 3131; baseline -0.006 -17"><span class='ocrx_word' id='word_1_266' title='bbox 263 3077 355 3131; x_wconf 90' lang='grc' dir='ltr'><strong>σην</strong></span> <span class='ocrx_word' id='word_1_267' title='bbox 387 3060 611 3126; x_wconf 83' lang='grc' dir='ltr'>ὁδεύων,</span> <span class='ocrx_word' id='word_1_268' title='bbox 640 3058 733 3112; x_wconf 82' lang='grc' dir='ltr'>καὶ</span> <span class='ocrx_word' id='word_1_269' title='bbox 760 3058 834 3128; x_wconf 73' lang='grc' dir='ltr'>μὴ</span> <span class='ocrx_word' id='word_1_270' title='bbox 853 3055 1114 3110; x_wconf 70' lang='grc' dir='ltr'>ἐκκλίνων</span> <span class='ocrx_word' id='word_1_271' title='bbox 1139 3054 1276 3124; x_wconf 87' lang='grc' dir='ltr'>μήτε</span> <span class='ocrx_word' id='word_1_272' title='bbox 1304 3056 1381 3117; x_wconf 88' lang='grc' dir='ltr'><strong>είς</strong></span> <span class='ocrx_word' id='word_1_273' title='bbox 1412 3052 1561 3117; x_wconf 77' lang='grc' dir='ltr'>δεξιά</span> <span class='ocrx_word' id='word_1_274' title='bbox 1590 3054 1723 3124; x_wconf 90' lang='grc' dir='ltr'>μήτε</span> <span class='ocrx_word' id='word_1_275' title='bbox 1748 3054 1824 3115; x_wconf 80' lang='grc' dir='ltr'><strong>εἰς</strong></span> 
     </span>
    </p>
   </div>
   <div class='ocr_carea' id='block_1_34' title="bbox 260 3152 540 3223">
    <p class='ocr_par' dir='ltr' id='par_1_34' title="bbox 260 3152 540 3223">
     <span class='ocr_line' id='line_1_35' title="bbox 260 3152 540 3223; baseline 0.007 -18"><span class='ocrx_word' id='word_1_276' title='bbox 260 3152 540 3223; x_wconf 74' lang='grc' dir='ltr'>ἀριστερά.</span> 
     </span>
    </p>
   </div>
   <div class='ocr_carea' id='block_1_35' title="bbox 322 3235 1828 3313">
    <p class='ocr_par' dir='ltr' id='par_1_35' title="bbox 322 3235 1828 3313">
     <span class='ocr_line' id='line_1_36' title="bbox 322 3235 1828 3313; baseline -0.004 -19"><span class='ocrx_word' id='word_1_277' title='bbox 322 3262 341 3294; x_wconf 76' lang='grc' dir='ltr'><strong>ι</strong></span> <span class='ocrx_word' id='word_1_278' title='bbox 368 3244 481 3297; x_wconf 88' lang='lat' dir='ltr'><strong>Kal</strong></span> <span class='ocrx_word' id='word_1_279' title='bbox 522 3243 731 3313; x_wconf 67' lang='grc' dir='ltr'>μωνείς</span> <span class='ocrx_word' id='word_1_280' title='bbox 758 3239 827 3293; x_wconf 80' lang='grc' dir='ltr'><strong>τά</strong></span> <span class='ocrx_word' id='word_1_281' title='bbox 851 3237 1041 3293; x_wconf 75' lang='grc' dir='ltr'>εἴδωλα</span> <span class='ocrx_word' id='word_1_282' title='bbox 1066 3239 1135 3293; x_wconf 87' lang='grc' dir='ltr'><strong>τά</strong></span> <span class='ocrx_word' id='word_1_283' title='bbox 1171 3237 1684 3311; x_wconf 79' lang='grc' dir='ltr'>περιηργυρωμένα,</span> <span class='ocrx_word' id='word_1_284' title='bbox 1736 3235 1828 3289; x_wconf 72' lang='grc' dir='ltr'>καὶ</span> 
     </span>
    </p>
   </div>
   <div class='ocr_carea' id='block_1_36' title="bbox 260 3328 1828 3405">
    <p class='ocr_par' dir='ltr' id='par_1_36' title="bbox 260 3328 1828 3405">
     <span class='ocr_line' id='line_1_37' title="bbox 260 3328 1828 3405; baseline -0.005 -18"><span class='ocrx_word' id='word_1_285' title='bbox 260 3332 776 3405; x_wconf 73' lang='grc' dir='ltr'>περικεχρυσωμένα</span> <span class='ocrx_word' id='word_1_286' title='bbox 811 3329 980 3383; x_wconf 76' lang='grc' dir='ltr'>λεπτά</span> <span class='ocrx_word' id='word_1_287' title='bbox 1009 3330 1281 3399; x_wconf 83' lang='grc' dir='ltr'>ποιήσεις,</span> <span class='ocrx_word' id='word_1_288' title='bbox 1315 3328 1407 3381; x_wconf 78' lang='grc' dir='ltr'>καὶ</span> <span class='ocrx_word' id='word_1_289' title='bbox 1446 3328 1729 3398; x_wconf 85' lang='grc' dir='ltr'>λικμήσεις</span> <span class='ocrx_word' id='word_1_290' title='bbox 1754 3328 1828 3391; x_wconf 82' lang='grc' dir='ltr'>ὡς</span> 
     </span>
    </p>
   </div>
   <div class='ocr_carea' id='block_1_37' title="bbox 262 3419 1828 3496">
    <p class='ocr_par' dir='ltr' id='par_1_37' title="bbox 262 3419 1828 3496">
     <span class='ocr_line' id='line_1_38' title="bbox 262 3419 1828 3496; baseline -0.005 -17"><span class='ocrx_word' id='word_1_291' title='bbox 262 3421 399 3496; x_wconf 70' lang='grc' dir='ltr'>ὕδωρ</span> <span class='ocrx_word' id='word_1_292' title='bbox 416 3422 867 3492; x_wconf 80' lang='grc' dir='ltr'>άποκαθημένης,</span> <span class='ocrx_word' id='word_1_293' title='bbox 897 3421 989 3475; x_wconf 78' lang='grc' dir='ltr'><strong>καὶ</strong></span> <span class='ocrx_word' id='word_1_294' title='bbox 1017 3421 1092 3485; x_wconf 83' lang='grc' dir='ltr'>ὡς</span> <span class='ocrx_word' id='word_1_295' title='bbox 1126 3421 1326 3492; x_wconf 85' lang='grc' dir='ltr'>κόπρον</span> <span class='ocrx_word' id='word_1_296' title='bbox 1347 3420 1506 3483; x_wconf 68' lang='lat' dir='ltr'><strong>(east;</strong></span> <span class='ocrx_word' id='word_1_297' title='bbox 1526 3419 1828 3472; x_wconf 83' lang='grc' dir='ltr'>αὑτά.Τότε</span> 
     </span>
    </p>
   </div>
   <div class='ocr_carea' id='block_1_38' title="bbox 264 3510 1827 3584">
    <p class='ocr_par' dir='ltr' id='par_1_38' title="bbox 264 3510 1827 3584">
     <span class='ocr_line' id='line_1_39' title="bbox 264 3510 1827 3584; baseline -0.005 -16"><span class='ocrx_word' id='word_1_298' title='bbox 264 3515 409 3570; x_wconf 64' lang='grc' dir='ltr'>ἔσται</span> <span class='ocrx_word' id='word_1_299' title='bbox 430 3519 461 3570; x_wconf 78' lang='grc' dir='ltr'><strong>ὁ</strong></span> <span class='ocrx_word' id='word_1_300' title='bbox 490 3515 645 3578; x_wconf 76' lang='grc' dir='ltr'>ὑετὸς</span> <span class='ocrx_word' id='word_1_301' title='bbox 673 3512 750 3583; x_wconf 77' lang='grc' dir='ltr'><strong>τῷ</strong></span> <span class='ocrx_word' id='word_1_302' title='bbox 782 3512 1055 3584; x_wconf 75' lang='grc' dir='ltr'>σπέρματι</span> <span class='ocrx_word' id='word_1_303' title='bbox 1073 3514 1172 3583; x_wconf 83' lang='grc' dir='ltr'>τῆς</span> <span class='ocrx_word' id='word_1_304' title='bbox 1204 3513 1308 3581; x_wconf 83' lang='grc' dir='ltr'>γῆς</span> <span class='ocrx_word' id='word_1_305' title='bbox 1336 3528 1451 3572; x_wconf 87' lang='grc' dir='ltr'>σου,</span> <span class='ocrx_word' id='word_1_306' title='bbox 1486 3510 1579 3562; x_wconf 84' lang='grc' dir='ltr'>καὶ</span> <span class='ocrx_word' id='word_1_307' title='bbox 1606 3511 1634 3560; x_wconf 84' lang='grc' dir='ltr'>ὁ</span> <span class='ocrx_word' id='word_1_308' title='bbox 1666 3510 1827 3578; x_wconf 66' lang='grc' dir='ltr'>ἄρτος</span> 
     </span>
    </p>
   </div>
   <div class='ocr_carea' id='block_1_39' title="bbox 265 3601 1829 3680">
    <p class='ocr_par' dir='ltr' id='par_1_39' title="bbox 265 3601 1829 3680">
     <span class='ocr_line' id='line_1_40' title="bbox 265 3601 1829 3680; baseline -0.005 -19"><span class='ocrx_word' id='word_1_309' title='bbox 265 3608 355 3662; x_wconf 83' lang='grc' dir='ltr'><strong>τοῦ</strong></span> <span class='ocrx_word' id='word_1_310' title='bbox 383 3610 723 3680; x_wconf 79' lang='grc' dir='ltr'>γεννήματος</span> <span class='ocrx_word' id='word_1_311' title='bbox 766 3606 868 3674; x_wconf 80' lang='grc' dir='ltr'>τῆς</span> <span class='ocrx_word' id='word_1_312' title='bbox 899 3604 1002 3675; x_wconf 83' lang='grc' dir='ltr'>γῆς</span> <span class='ocrx_word' id='word_1_313' title='bbox 1054 3622 1147 3658; x_wconf 86' lang='grc' dir='ltr'><strong>σου</strong></span> <span class='ocrx_word' id='word_1_314' title='bbox 1198 3604 1347 3657; x_wconf 66' lang='grc' dir='ltr'>ἔσται</span> <span class='ocrx_word' id='word_1_315' title='bbox 1395 3601 1677 3672; x_wconf 83' lang='grc' dir='ltr'>πλησμονὴ</span> <span class='ocrx_word' id='word_1_316' title='bbox 1736 3602 1829 3654; x_wconf 72' lang='grc' dir='ltr'>καὶ</span> 
     </span>
    </p>
   </div>
   <div class='ocr_carea' id='block_1_40' title="bbox 264 3692 1831 3774">
    <p class='ocr_par' dir='ltr' id='par_1_40' title="bbox 264 3692 1831 3774">
     <span class='ocr_line' id='line_1_41' title="bbox 264 3692 1831 3774; baseline -0.008 -19"><span class='ocrx_word' id='word_1_317' title='bbox 264 3700 506 3774; x_wconf 83' lang='grc' dir='ltr'>λιπαρός.</span> <span class='ocrx_word' id='word_1_318' title='bbox 553 3719 574 3750; x_wconf 73' lang='grc' dir='ltr'><strong>ι</strong></span> <span class='ocrx_word' id='word_1_319' title='bbox 610 3699 795 3752; x_wconf 83' lang='grc' dir='ltr'>Πάντα</span> <span class='ocrx_word' id='word_1_320' title='bbox 832 3698 911 3760; x_wconf 87' lang='grc' dir='ltr'><strong>είς</strong></span> <span class='ocrx_word' id='word_1_321' title='bbox 938 3697 998 3750; x_wconf 75' lang='grc' dir='ltr'><strong>σε</strong></span> <span class='ocrx_word' id='word_1_322' title='bbox 1042 3696 1460 3767; x_wconf 84' lang='grc' dir='ltr'>πληρωθήσεται</span> <span class='ocrx_word' id='word_1_323' title='bbox 1510 3696 1568 3746; x_wconf 80' lang='grc' dir='ltr'>ὲν</span> <span class='ocrx_word' id='word_1_324' title='bbox 1608 3692 1831 3762; x_wconf 79' lang='grc' dir='ltr'>εὐθηνίᾳ</span> 
     </span>
    </p>
   </div>
   <div class='ocr_carea' id='block_1_41' title="bbox 264 3783 1826 3863">
    <p class='ocr_par' dir='ltr' id='par_1_41' title="bbox 264 3783 1826 3863">
     <span class='ocr_line' id='line_1_42' title="bbox 264 3783 1826 3863; baseline -0.006 -18"><span class='ocrx_word' id='word_1_325' title='bbox 264 3792 450 3863; x_wconf 66' lang='grc' dir='ltr'>πολλῇ,</span> <span class='ocrx_word' id='word_1_326' title='bbox 474 3792 569 3845; x_wconf 79' lang='grc' dir='ltr'>καὶ</span> <span class='ocrx_word' id='word_1_327' title='bbox 601 3790 877 3863; x_wconf 81' lang='grc' dir='ltr'>βαθυτάτῃ</span> <span class='ocrx_word' id='word_1_328' title='bbox 904 3792 1096 3862; x_wconf 75' lang='grc' dir='ltr'>εἰρήνῃ</span> <span class='ocrx_word' id='word_1_329' title='bbox 1136 3787 1233 3858; x_wconf 82' lang='grc' dir='ltr'>τὴν</span> <span class='ocrx_word' id='word_1_330' title='bbox 1277 3787 1422 3857; x_wconf 77' lang='grc' dir='ltr'>ζωὴν</span> <span class='ocrx_word' id='word_1_331' title='bbox 1470 3783 1826 3839; x_wconf 84' lang='grc' dir='ltr'>διατελοῦντι·</span> 
     </span>
    </p>
   </div>
   <div class='ocr_carea' id='block_1_42' title="bbox 263 3877 1832 3952">
    <p class='ocr_par' dir='ltr' id='par_1_42' title="bbox 263 3877 1832 3952">
     <span class='ocr_line' id='line_1_43' title="bbox 263 3877 1832 3952; baseline -0.005 -15"><span class='ocrx_word' id='word_1_332' title='bbox 263 3882 335 3947; x_wconf 80' lang='grc' dir='ltr'><strong>ὡς</strong></span> <span class='ocrx_word' id='word_1_333' title='bbox 354 3883 451 3937; x_wconf 75' lang='grc' dir='ltr'>καὶ</span> <span class='ocrx_word' id='word_1_334' title='bbox 477 3882 627 3952; x_wconf 72' lang='grc' dir='ltr'>παρὰ</span> <span class='ocrx_word' id='word_1_335' title='bbox 654 3883 737 3935; x_wconf 82' lang='grc' dir='ltr'>σοὶ</span> <span class='ocrx_word' id='word_1_336' title='bbox 764 3880 897 3945; x_wconf 77' lang='grc' dir='ltr'>ζῶα,</span> <span class='ocrx_word' id='word_1_337' title='bbox 930 3882 1024 3935; x_wconf 77' lang='grc' dir='ltr'>καὶ</span> <span class='ocrx_word' id='word_1_338' title='bbox 1046 3879 1277 3950; x_wconf 84' lang='grc' dir='ltr'>μάλιστα</span> <span class='ocrx_word' id='word_1_339' title='bbox 1309 3880 1408 3949; x_wconf 78' lang='grc' dir='ltr'>τὴν</span> <span class='ocrx_word' id='word_1_340' title='bbox 1436 3877 1617 3949; x_wconf 83' lang='grc' dir='ltr'>χώραν</span> <span class='ocrx_word' id='word_1_341' title='bbox 1661 3893 1832 3948; x_wconf 85' lang='grc' dir='ltr'>γεωρ-</span> 
     </span>
    </p>
   </div>
   <div class='ocr_carea' id='block_1_43' title="bbox 263 3969 1779 4046">
    <p class='ocr_par' dir='ltr' id='par_1_43' title="bbox 263 3969 1779 4046">
     <span class='ocr_line' id='line_1_44' title="bbox 263 3969 1779 4046; baseline -0.006 -17"><span class='ocrx_word' id='word_1_342' title='bbox 263 3976 462 4046; x_wconf 80' lang='grc' dir='ltr'>γοῦντα</span> <span class='ocrx_word' id='word_1_343' title='bbox 481 4014 499 4041; x_wconf 90' lang='grc'><strong>,</strong></span> <span class='ocrx_word' id='word_1_344' title='bbox 526 3973 858 4044; x_wconf 86' lang='grc' dir='ltr'>πληροῦσθαι</span> <span class='ocrx_word' id='word_1_345' title='bbox 883 3973 979 4043; x_wconf 81' lang='grc' dir='ltr'><strong>τῆς</strong></span> <span class='ocrx_word' id='word_1_346' title='bbox 1006 3972 1187 4033; x_wconf 83' lang='grc' dir='ltr'>αὐτοῖς</span> <span class='ocrx_word' id='word_1_347' title='bbox 1215 3970 1356 4023; x_wconf 82' lang='grc' dir='ltr'>κατὰ</span> <span class='ocrx_word' id='word_1_348' title='bbox 1377 3973 1537 4038; x_wconf 81' lang='grc' dir='ltr'>φύσιν</span> <span class='ocrx_word' id='word_1_349' title='bbox 1554 3969 1779 4039; x_wconf 80' lang='grc' dir='ltr'>τροφῆς.</span> 
     </span>
    </p>
   </div>
   <div class='ocr_carea' id='block_1_44' title="bbox 338 4060 1831 4135">
    <p class='ocr_par' dir='ltr' id='par_1_44' title="bbox 338 4060 1831 4135">
     <span class='ocr_line' id='line_1_45' title="bbox 338 4060 1831 4135; baseline -0.003 -18"><span class='ocrx_word' id='word_1_350' title='bbox 338 4086 357 4117; x_wconf 84' lang='grc' dir='ltr'><strong>ι</strong></span> <span class='ocrx_word' id='word_1_351' title='bbox 398 4065 511 4120; x_wconf 84' lang='lat' dir='ltr'><strong>Kal</strong></span> <span class='ocrx_word' id='word_1_352' title='bbox 538 4063 930 4135; x_wconf 87' lang='grc' dir='ltr'>βοσκηθήσεταί</span> <span class='ocrx_word' id='word_1_353' title='bbox 958 4080 1050 4115; x_wconf 91' lang='grc' dir='ltr'><strong>σου</strong></span> <span class='ocrx_word' id='word_1_354' title='bbox 1081 4061 1149 4115; x_wconf 79' lang='grc' dir='ltr'><strong>τά</strong></span> <span class='ocrx_word' id='word_1_355' title='bbox 1178 4062 1347 4133; x_wconf 85' lang='grc' dir='ltr'>κτήνη</span> <span class='ocrx_word' id='word_1_356' title='bbox 1374 4064 1439 4131; x_wconf 78' lang='grc' dir='ltr'>τῇ</span> <span class='ocrx_word' id='word_1_357' title='bbox 1477 4060 1659 4131; x_wconf 79' lang='grc' dir='ltr'>ήμέρᾳ</span> <span class='ocrx_word' id='word_1_358' title='bbox 1686 4061 1831 4113; x_wconf 75' lang='grc' dir='ltr'>ὲκεί-</span> 
     </span>
    </p>
   </div>
   <div class='ocr_carea' id='block_1_45' title="bbox 265 4150 1834 4231">
    <p class='ocr_par' dir='ltr' id='par_1_45' title="bbox 265 4150 1834 4231">
     <span class='ocr_line' id='line_1_46' title="bbox 265 4150 1834 4231; baseline -0.005 -20"><span class='ocrx_word' id='word_1_359' title='bbox 265 4172 330 4231; x_wconf 74' lang='grc' dir='ltr'><strong>νη</strong></span> <span class='ocrx_word' id='word_1_360' title='bbox 348 4157 515 4211; x_wconf 83' lang='grc' dir='ltr'>τόπον</span> <span class='ocrx_word' id='word_1_361' title='bbox 540 4156 697 4210; x_wconf 80' lang='grc' dir='ltr'>πίονα</span> <span class='ocrx_word' id='word_1_362' title='bbox 721 4156 814 4209; x_wconf 76' lang='grc' dir='ltr'>καὶ</span> <span class='ocrx_word' id='word_1_363' title='bbox 833 4154 1163 4225; x_wconf 82' lang='grc' dir='ltr'>εὐρύχωρον.</span> <span class='ocrx_word' id='word_1_364' title='bbox 1196 4153 1258 4205; x_wconf 82' lang='lat' dir='ltr'><strong>Oi</strong></span> <span class='ocrx_word' id='word_1_365' title='bbox 1303 4152 1494 4222; x_wconf 87' lang='grc' dir='ltr'>ταῦροι</span> <span class='ocrx_word' id='word_1_366' title='bbox 1524 4150 1680 4221; x_wconf 81' lang='grc' dir='ltr'>ὑμῶν</span> <span class='ocrx_word' id='word_1_367' title='bbox 1740 4152 1834 4204; x_wconf 76' lang='grc' dir='ltr'>καὶ</span> 
     </span>
    </p>
   </div>
   <div class='ocr_carea' id='block_1_46' title="bbox 263 4230 1835 4321">
    <p class='ocr_par' dir='ltr' id='par_1_46' title="bbox 263 4230 1835 4321">
     <span class='ocr_line' id='line_1_47' title="bbox 263 4230 1835 4321; baseline -0.004 -17"><span class='ocrx_word' id='word_1_368' title='bbox 263 4230 312 4305; x_wconf 88' lang='grc' dir='ltr'><strong>οί</strong></span> <span class='ocrx_word' id='word_1_369' title='bbox 346 4250 469 4321; x_wconf 76' lang='grc' dir='ltr'>βόες</span> <span class='ocrx_word' id='word_1_370' title='bbox 499 4250 549 4301; x_wconf 90' lang='grc' dir='ltr'>οἱ</span> <span class='ocrx_word' id='word_1_371' title='bbox 567 4246 920 4319; x_wconf 67' lang='grc' dir='ltr'>ἐργαζόμενοι</span> <span class='ocrx_word' id='word_1_372' title='bbox 942 4245 1038 4316; x_wconf 83' lang='grc' dir='ltr'>τὴν</span> <span class='ocrx_word' id='word_1_373' title='bbox 1067 4230 1173 4315; x_wconf 64' lang='grc' dir='ltr'><strong>γὲῆν</strong></span> <span class='ocrx_word' id='word_1_374' title='bbox 1201 4244 1463 4313; x_wconf 84' lang='grc' dir='ltr'>φάγονται</span> <span class='ocrx_word' id='word_1_375' title='bbox 1489 4244 1668 4321; x_wconf 77' lang='grc' dir='ltr'>ἄχυρα</span> <span class='ocrx_word' id='word_1_376' title='bbox 1704 4244 1835 4297; x_wconf 82' lang='grc' dir='ltr'>ἀνα-</span> 
     </span>
    </p>
   </div>
   <div class='ocr_carea' id='block_1_47' title="bbox 265 4330 1836 4410">
    <p class='ocr_par' dir='ltr' id='par_1_47' title="bbox 265 4330 1836 4410">
     <span class='ocr_line' id='line_1_48' title="bbox 265 4330 1836 4410; baseline -0.005 -17"><span class='ocrx_word' id='word_1_377' title='bbox 265 4337 608 4410; x_wconf 80' lang='grc' dir='ltr'>πεποιημένα</span> <span class='ocrx_word' id='word_1_378' title='bbox 632 4338 690 4407; x_wconf 70' lang='grc' dir='ltr'><strong>εν</strong></span> <span class='ocrx_word' id='word_1_379' title='bbox 727 4335 887 4406; x_wconf 79' lang='grc' dir='ltr'>κριθῇ</span> <span class='ocrx_word' id='word_1_380' title='bbox 933 4333 1327 4405; x_wconf 80' lang='grc' dir='ltr'>λελικμημένῃ.</span> <span class='ocrx_word' id='word_1_381' title='bbox 1388 4332 1498 4385; x_wconf 86' lang='lat' dir='ltr'><strong>Kal</strong></span> <span class='ocrx_word' id='word_1_382' title='bbox 1538 4330 1692 4384; x_wconf 79' lang='grc' dir='ltr'>ἐσται</span> <span class='ocrx_word' id='word_1_383' title='bbox 1743 4332 1836 4385; x_wconf 66' lang='grc' dir='ltr'><strong>ἐπὶ</strong></span> 
     </span>
    </p>
   </div>
   <div class='ocr_carea' id='block_1_48' title="bbox 267 4422 1836 4501">
    <p class='ocr_par' dir='ltr' id='par_1_48' title="bbox 267 4422 1836 4501">
     <span class='ocr_line' id='line_1_49' title="bbox 267 4422 1836 4501; baseline -0.006 -17"><span class='ocrx_word' id='word_1_384' title='bbox 267 4432 464 4493; x_wconf 78' lang='grc' dir='ltr'>παντὸς</span> <span class='ocrx_word' id='word_1_385' title='bbox 506 4429 665 4501; x_wconf 77' lang='grc' dir='ltr'>ὅρους</span> <span class='ocrx_word' id='word_1_386' title='bbox 694 4425 899 4498; x_wconf 77' lang='grc' dir='ltr'>ὑψηλοῦ</span> <span class='ocrx_word' id='word_1_387' title='bbox 930 4427 1023 4479; x_wconf 74' lang='grc' dir='ltr'>καὶ</span> <span class='ocrx_word' id='word_1_388' title='bbox 1052 4427 1147 4479; x_wconf 71' lang='grc' dir='ltr'><strong>ἐπὶ</strong></span> <span class='ocrx_word' id='word_1_389' title='bbox 1177 4425 1375 4488; x_wconf 84' lang='grc' dir='ltr'>παντὸς</span> <span class='ocrx_word' id='word_1_390' title='bbox 1417 4422 1605 4494; x_wconf 78' lang='grc' dir='ltr'>βουνοῦ</span> <span class='ocrx_word' id='word_1_391' title='bbox 1635 4423 1836 4495; x_wconf 85' lang='grc' dir='ltr'>μετεώ-</span> 
     </span>
    </p>
   </div>
   <div class='ocr_carea' id='block_1_49' title="bbox 1912 548 3488 639">
    <p class='ocr_par' dir='ltr' id='par_1_49' title="bbox 1912 548 3488 639">
     <span class='ocr_line' id='line_1_50' title="bbox 1912 548 3488 639; baseline -0.022 -1"><span class='ocrx_word' id='word_1_392' title='bbox 1912 593 2057 638; x_wconf 78' lang='lat' dir='ltr'><strong>tuam</strong></span> <span class='ocrx_word' id='word_1_393' title='bbox 2107 578 2201 634; x_wconf 86' lang='lat' dir='ltr'><strong>liat</strong></span> <span class='ocrx_word' id='word_1_394' title='bbox 2240 575 2375 639; x_wconf 89' lang='lat' dir='ltr'><strong>tibi,</strong></span> <span class='ocrx_word' id='word_1_395' title='bbox 2421 588 2441 623; x_wconf 74' lang='grc' dir='ltr'><strong>ι</strong></span> <span class='ocrx_word' id='word_1_396' title='bbox 2496 566 2641 639; x_wconf 88' lang='lat' dir='ltr'><strong>quod</strong></span> <span class='ocrx_word' id='word_1_397' title='bbox 2675 580 2707 620; x_wconf 88' lang='lat' dir='ltr'><strong>a</strong></span> <span class='ocrx_word' id='word_1_398' title='bbox 2743 560 3025 617; x_wconf 82' lang='lat' dir='ltr'><strong>Salvatore</strong></span> <span class='ocrx_word' id='word_1_399' title='bbox 3070 554 3179 611; x_wconf 78' lang='lat' dir='ltr'><strong>dici</strong></span> <span class='ocrx_word' id='word_1_400' title='bbox 3208 551 3363 609; x_wconf 88' lang='lat' dir='ltr'><strong>solet.</strong></span> <span class='ocrx_word' id='word_1_401' title='bbox 3419 548 3488 604; x_wconf 84' lang='lat' dir='ltr'><strong>Et</strong></span> 
     </span>
    </p>
   </div>
   <div class='ocr_carea' id='block_1_50' title="bbox 1912 642 3487 741">
    <p class='ocr_par' dir='ltr' id='par_1_50' title="bbox 1912 642 3487 741">
     <span class='ocr_line' id='line_1_51' title="bbox 1912 642 3487 741; baseline -0.022 -13"><span class='ocrx_word' id='word_1_402' title='bbox 1912 686 2058 728; x_wconf 88' lang='lat' dir='ltr'><strong>nunc</strong></span> <span class='ocrx_word' id='word_1_403' title='bbox 2077 669 2315 741; x_wconf 86' lang='lat' dir='ltr'><strong>quidem,</strong></span> <span class='ocrx_word' id='word_1_404' title='bbox 2348 664 2444 729; x_wconf 87' lang='lat' dir='ltr'><strong>ait,</strong></span> <span class='ocrx_word' id='word_1_405' title='bbox 2500 674 2607 716; x_wconf 91' lang='lat' dir='ltr'><strong>non</strong></span> <span class='ocrx_word' id='word_1_406' title='bbox 2655 654 2825 717; x_wconf 80' lang='lat' dir='ltr'><strong>ﬂevit,</strong></span> <span class='ocrx_word' id='word_1_407' title='bbox 2868 650 2967 713; x_wconf 81' lang='lat' dir='ltr'><strong>sed</strong></span> <span class='ocrx_word' id='word_1_408' title='bbox 3009 646 3119 741; x_wconf 79' lang='lat' dir='ltr'><strong>alio</strong></span> <span class='ocrx_word' id='word_1_409' title='bbox 3150 656 3397 741; x_wconf 62' lang='lat' dir='ltr'><strong>tempore</strong></span> <span class='ocrx_word' id='word_1_410' title='bbox 3434 642 3487 695; x_wconf 90' lang='lat' dir='ltr'><strong>id</strong></span> 
     </span>
    </p>
   </div>
   <div class='ocr_carea' id='block_1_51' title="bbox 1910 735 3490 834">
    <p class='ocr_par' dir='ltr' id='par_1_51' title="bbox 1910 735 3490 834">
     <span class='ocr_line' id='line_1_52' title="bbox 1910 735 3490 834; baseline -0.022 -15"><span class='ocrx_word' id='word_1_411' title='bbox 1910 735 2205 834; x_wconf 58' lang='lat' dir='ltr'><strong>praestabit.</strong></span> <span class='ocrx_word' id='word_1_412' title='bbox 2244 757 2516 813; x_wconf 70' lang='lat' dir='ltr'><strong>Caeterum</strong></span> <span class='ocrx_word' id='word_1_413' title='bbox 2555 750 2646 805; x_wconf 89' lang='lat' dir='ltr'><strong>hic</strong></span> <span class='ocrx_word' id='word_1_414' title='bbox 2669 752 2948 808; x_wconf 90' lang='lat' dir='ltr'><strong>monetur,</strong></span> <span class='ocrx_word' id='word_1_415' title='bbox 2976 748 3037 834; x_wconf 81' lang='lat' dir='ltr'><strong>ut</strong></span> <span class='ocrx_word' id='word_1_416' title='bbox 3053 738 3121 793; x_wconf 88' lang='lat' dir='ltr'><strong>ad</strong></span> <span class='ocrx_word' id='word_1_417' title='bbox 3150 735 3321 791; x_wconf 78' lang='lat' dir='ltr'><strong>Deam</strong></span> 
     </span>
    </p>
   </div>
   <div class='ocr_carea' id='block_1_52' title="bbox 1913 824 3487 926">
    <p class='ocr_par' dir='ltr' id='par_1_52' title="bbox 1913 824 3487 926">
     <span class='ocr_line' id='line_1_53' title="bbox 1913 824 3487 926; baseline -0.022 -15"><span class='ocrx_word' id='word_1_418' title='bbox 1913 824 2012 926; x_wconf 75' lang='lat' dir='ltr'><strong>per</strong></span> <span class='ocrx_word' id='word_1_419' title='bbox 2037 854 2255 909; x_wconf 86' lang='lat' dir='ltr'><strong>clamet.</strong></span> <span class='ocrx_word' id='word_1_420' title='bbox 2302 868 2321 902; x_wconf 79' lang='grc' dir='ltr'><strong>ι</strong></span> <span class='ocrx_word' id='word_1_421' title='bbox 2359 847 2441 903; x_wconf 83' lang='lat' dir='ltr'><strong>Ad</strong></span> <span class='ocrx_word' id='word_1_422' title='bbox 2464 856 2649 901; x_wconf 88' lang='lat' dir='ltr'><strong>vocem</strong></span> <span class='ocrx_word' id='word_1_423' title='bbox 2675 847 2848 903; x_wconf 86' lang='lat' dir='ltr'><strong>tuam,</strong></span> <span class='ocrx_word' id='word_1_424' title='bbox 2882 832 3096 904; x_wconf 86' lang='lat' dir='ltr'><strong>inquit,</strong></span> <span class='ocrx_word' id='word_1_425' title='bbox 3133 824 3487 897; x_wconf 66' lang='lat' dir='ltr'><strong>respondebit</strong></span> 
     </span>
    </p>
   </div>
   <div class='ocr_carea' id='block_1_53' title="bbox 1914 946 2247 1004">
    <p class='ocr_par' dir='ltr' id='par_1_53' title="bbox 1914 946 2247 1004">
     <span class='ocr_line' id='line_1_54' title="bbox 1914 946 2247 1004; baseline -0.027 0"><span class='ocrx_word' id='word_1_426' title='bbox 1914 948 2009 1004; x_wconf 70' lang='lat' dir='ltr'><strong>tibi</strong></span> <span class='ocrx_word' id='word_1_427' title='bbox 2035 946 2195 1002; x_wconf 87' lang='lat' dir='ltr'><strong>Deus.</strong></span> <span class='ocrx_word' id='word_1_428' title='bbox 2229 963 2247 995; x_wconf 70' lang='grc' dir='ltr'><strong>ο</strong></span> 
     </span>
    </p>
   </div>
   <div class='ocr_carea' id='block_1_54' title="bbox 1992 1194 3494 1272">
    <p class='ocr_par' dir='ltr' id='par_1_54' title="bbox 1992 1194 3494 1272">
     <span class='ocr_line' id='line_1_55' title="bbox 1992 1194 3494 1272; baseline -0.014 -11"><span class='ocrx_word' id='word_1_429' title='bbox 1992 1208 2153 1263; x_wconf 75' lang='lat' dir='ltr'><strong>Vens.</strong></span> <span class='ocrx_word' id='word_1_430' title='bbox 2191 1206 2281 1272; x_wconf 75' lang='lat'><strong>20,</strong></span> <span class='ocrx_word' id='word_1_431' title='bbox 2309 1204 2400 1259; x_wconf 75' lang='lat'><strong>2|.</strong></span> <span class='ocrx_word' id='word_1_432' title='bbox 2447 1223 2466 1257; x_wconf 81' lang='grc' dir='ltr'><strong>ι</strong></span> <span class='ocrx_word' id='word_1_433' title='bbox 2514 1203 2580 1258; x_wconf 85' lang='lat' dir='ltr'><strong>Et</strong></span> <span class='ocrx_word' id='word_1_434' title='bbox 2612 1202 2763 1256; x_wconf 86' lang='lat' dir='ltr'><strong>dabit</strong></span> <span class='ocrx_word' id='word_1_435' title='bbox 2790 1198 2946 1253; x_wconf 82' lang='lat' dir='ltr'><strong>vobis</strong></span> <span class='ocrx_word' id='word_1_436' title='bbox 2998 1194 3260 1249; x_wconf 83' lang='lat' dir='ltr'><strong>Dominus</strong></span> <span class='ocrx_word' id='word_1_437' title='bbox 3300 1202 3494 1261; x_wconf 84' lang='lat' dir='ltr'><strong>panem</strong></span> 
     </span>
    </p>
   </div>
   <div class='ocr_carea' id='block_1_55' title="bbox 1921 1278 3496 1365">
    <p class='ocr_par' dir='ltr' id='par_1_55' title="bbox 1921 1278 3496 1365">
     <span class='ocr_line' id='line_1_56' title="bbox 1921 1278 3496 1365; baseline -0.016 -10"><span class='ocrx_word' id='word_1_438' title='bbox 1921 1300 2241 1363; x_wconf 83' lang='lat' dir='ltr'><strong>alllictionis,</strong></span> <span class='ocrx_word' id='word_1_439' title='bbox 2268 1307 2322 1351; x_wconf 85' lang='lat' dir='ltr'><strong>et</strong></span> <span class='ocrx_word' id='word_1_440' title='bbox 2346 1310 2539 1365; x_wconf 88' lang='lat' dir='ltr'><strong>aquam</strong></span> <span class='ocrx_word' id='word_1_441' title='bbox 2564 1300 2849 1363; x_wconf 78' lang='lat' dir='ltr'><strong>angustam</strong></span> <span class='ocrx_word' id='word_1_442' title='bbox 2870 1305 2884 1341; x_wconf 89' lang='lat'>:</span> <span class='ocrx_word' id='word_1_443' title='bbox 2905 1297 2960 1343; x_wconf 90' lang='lat' dir='ltr'><strong>et</strong></span> <span class='ocrx_word' id='word_1_444' title='bbox 2998 1295 3335 1355; x_wconf 76' lang='lat' dir='ltr'><strong>nequaquam</strong></span> <span class='ocrx_word' id='word_1_445' title='bbox 3355 1278 3496 1332; x_wconf 87' lang='lat' dir='ltr'><strong>ultra</strong></span> 
     </span>
    </p>
   </div>
   <div class='ocr_carea' id='block_1_56' title="bbox 1921 1370 3498 1463">
    <p class='ocr_par' dir='ltr' id='par_1_56' title="bbox 1921 1370 3498 1463">
     <span class='ocr_line' id='line_1_57' title="bbox 1921 1370 3498 1463; baseline -0.015 -15"><span class='ocrx_word' id='word_1_446' title='bbox 1921 1388 2427 1463; x_wconf 83' lang='lat' dir='ltr'><strong>appmpinquabuut</strong></span> <span class='ocrx_word' id='word_1_447' title='bbox 2456 1386 2550 1441; x_wconf 89' lang='lat' dir='ltr'><strong>tibi</strong></span> <span class='ocrx_word' id='word_1_448' title='bbox 2574 1384 2687 1455; x_wconf 73' lang='lat' dir='ltr'><strong>{qui</strong></span> <span class='ocrx_word' id='word_1_449' title='bbox 2727 1396 2911 1437; x_wconf 83' lang='lat' dir='ltr'><strong>errare</strong></span> <span class='ocrx_word' id='word_1_450' title='bbox 2973 1377 3181 1431; x_wconf 80' lang='lat' dir='ltr'><strong>faciunt</strong></span> <span class='ocrx_word' id='word_1_451' title='bbox 3230 1382 3322 1438; x_wconf 90' lang='lat' dir='ltr'><strong>te,</strong></span> <span class='ocrx_word' id='word_1_452' title='bbox 3370 1370 3498 1439; x_wconf 82' lang='lat' dir='ltr'><strong>quia</strong></span> 
     </span>
    </p>
   </div>
   <div class='ocr_carea' id='block_1_57' title="bbox 1921 1468 3501 1546">
    <p class='ocr_par' dir='ltr' id='par_1_57' title="bbox 1921 1468 3501 1546">
     <span class='ocr_line' id='line_1_58' title="bbox 1921 1468 3501 1546; baseline -0.016 -5"><span class='ocrx_word' id='word_1_453' title='bbox 1921 1486 2059 1541; x_wconf 88' lang='lat' dir='ltr'><strong>oculi</strong></span> <span class='ocrx_word' id='word_1_454' title='bbox 2105 1484 2179 1538; x_wconf 91' lang='lat' dir='ltr'><strong>tui</strong></span> <span class='ocrx_word' id='word_1_455' title='bbox 2229 1480 2487 1536; x_wconf 83' lang='lat' dir='ltr'><strong>videbunt</strong></span> <span class='ocrx_word' id='word_1_456' title='bbox 2523 1492 2649 1541; x_wconf 86' lang='lat' dir='ltr'><strong>eos,</strong></span> <span class='ocrx_word' id='word_1_457' title='bbox 2689 1475 2783 1546; x_wconf 87' lang='lat' dir='ltr'><strong>qui</strong></span> <span class='ocrx_word' id='word_1_458' title='bbox 2829 1484 3016 1527; x_wconf 86' lang='lat' dir='ltr'><strong>errare</strong></span> <span class='ocrx_word' id='word_1_459' title='bbox 3054 1468 3258 1523; x_wconf 79' lang='lat' dir='ltr'><strong>faciunt</strong></span> <span class='ocrx_word' id='word_1_460' title='bbox 3298 1474 3351 1518; x_wconf 87' lang='lat' dir='ltr'><strong>te</strong></span> <span class='ocrx_word' id='word_1_461' title='bbox 3392 1478 3406 1515; x_wconf 91' lang='lat'><strong>:</strong></span> <span class='ocrx_word' id='word_1_462' title='bbox 3444 1471 3501 1516; x_wconf 82' lang='lat' dir='ltr'><strong>et</strong></span> 
     </span>
    </p>
   </div>
   <div class='ocr_carea' id='block_1_58' title="bbox 1922 1561 3502 1634">
    <p class='ocr_par' dir='ltr' id='par_1_58' title="bbox 1922 1561 3502 1634">
     <span class='ocr_line' id='line_1_59' title="bbox 1922 1561 3502 1634; baseline -0.016 -1"><span class='ocrx_word' id='word_1_463' title='bbox 1922 1593 2082 1633; x_wconf 83' lang='lat' dir='ltr'><strong>aures</strong></span> <span class='ocrx_word' id='word_1_464' title='bbox 2110 1586 2214 1630; x_wconf 70' lang='lat' dir='ltr'><strong>tum</strong></span> <span class='ocrx_word' id='word_1_465' title='bbox 2261 1575 2482 1629; x_wconf 85' lang='lat' dir='ltr'><strong>audient</strong></span> <span class='ocrx_word' id='word_1_466' title='bbox 2510 1572 2675 1625; x_wconf 87' lang='lat' dir='ltr'><strong>verba</strong></span> <span class='ocrx_word' id='word_1_467' title='bbox 2715 1581 2903 1623; x_wconf 87' lang='lat' dir='ltr'><strong>eorum</strong></span> <span class='ocrx_word' id='word_1_468' title='bbox 2961 1561 3053 1634; x_wconf 91' lang='lat' dir='ltr'><strong>qui</strong></span> <span class='ocrx_word' id='word_1_469' title='bbox 3097 1568 3415 1616; x_wconf 84' lang='lat' dir='ltr'><strong>retrorsum.</strong></span> <span class='ocrx_word' id='word_1_470' title='bbox 3448 1563 3502 1608; x_wconf 91' lang='lat' dir='ltr'><strong>te</strong></span> 
     </span>
    </p>
   </div>
   <div class='ocr_carea' id='block_1_59' title="bbox 1924 1649 3502 1730">
    <p class='ocr_par' dir='ltr' id='par_1_59' title="bbox 1924 1649 3502 1730">
     <span class='ocr_line' id='line_1_60' title="bbox 1924 1649 3502 1730; baseline -0.015 -6"><span class='ocrx_word' id='word_1_471' title='bbox 1924 1683 2114 1724; x_wconf 82' lang='lat' dir='ltr'><strong>errare</strong></span> <span class='ocrx_word' id='word_1_472' title='bbox 2144 1667 2393 1722; x_wconf 82' lang='lat' dir='ltr'><strong>fecerunt</strong></span> <span class='ocrx_word' id='word_1_473' title='bbox 2422 1682 2436 1718; x_wconf 92' lang='lat'><strong>:</strong></span> <span class='ocrx_word' id='word_1_474' title='bbox 2469 1661 2562 1730; x_wconf 87' lang='lat' dir='ltr'><strong>qui</strong></span> <span class='ocrx_word' id='word_1_475' title='bbox 2589 1660 2779 1716; x_wconf 88' lang='lat' dir='ltr'><strong>dicunt</strong></span> <span class='ocrx_word' id='word_1_476' title='bbox 2813 1676 2827 1712; x_wconf 90' lang='lat'><strong>:</strong></span> <span class='ocrx_word' id='word_1_477' title='bbox 2866 1656 2990 1711; x_wconf 61' lang='lat' dir='ltr'><strong>llaec</strong></span> <span class='ocrx_word' id='word_1_478' title='bbox 3016 1655 3127 1717; x_wconf 90' lang='lat' dir='ltr'><strong>via,</strong></span> <span class='ocrx_word' id='word_1_479' title='bbox 3161 1649 3502 1705; x_wconf 73' lang='lat' dir='ltr'><strong>ambulemus</strong></span> 
     </span>
    </p>
   </div>
   <div class='ocr_carea' id='block_1_60' title="bbox 1926 1739 3502 1824">
    <p class='ocr_par' dir='ltr' id='par_1_60' title="bbox 1926 1739 3502 1824">
     <span class='ocr_line' id='line_1_61' title="bbox 1926 1739 3502 1824; baseline -0.015 -9"><span class='ocrx_word' id='word_1_480' title='bbox 1926 1760 1979 1815; x_wconf 90' lang='lat' dir='ltr'><strong>in</strong></span> <span class='ocrx_word' id='word_1_481' title='bbox 2018 1775 2117 1824; x_wconf 87' lang='lat' dir='ltr'><strong>ea,</strong></span> <span class='ocrx_word' id='word_1_482' title='bbox 2160 1759 2274 1815; x_wconf 84' lang='lat' dir='ltr'><strong>sive</strong></span> <span class='ocrx_word' id='word_1_483' title='bbox 2309 1758 2377 1810; x_wconf 90' lang='lat' dir='ltr'><strong>ad</strong></span> <span class='ocrx_word' id='word_1_484' title='bbox 2415 1756 2698 1816; x_wconf 77' lang='lat' dir='ltr'><strong>dextram,</strong></span> <span class='ocrx_word' id='word_1_485' title='bbox 2739 1751 2854 1806; x_wconf 84' lang='lat' dir='ltr'><strong>sive</strong></span> <span class='ocrx_word' id='word_1_486' title='bbox 2889 1748 2953 1801; x_wconf 88' lang='lat' dir='ltr'><strong>ad</strong></span> <span class='ocrx_word' id='word_1_487' title='bbox 2998 1746 3303 1800; x_wconf 85' lang='lat' dir='ltr'><strong>sinistram.</strong></span> <span class='ocrx_word' id='word_1_488' title='bbox 3339 1760 3358 1794; x_wconf 74' lang='grc' dir='ltr'><strong>ι</strong></span> <span class='ocrx_word' id='word_1_489' title='bbox 3400 1739 3502 1794; x_wconf 76' lang='lat' dir='ltr'><strong>Hic</strong></span> 
     </span>
    </p>
   </div>
   <div class='ocr_carea' id='block_1_61' title="bbox 1850 1835 3500 1919">
    <p class='ocr_par' dir='ltr' id='par_1_61' title="bbox 1850 1835 3500 1919">
     <span class='ocr_line' id='line_1_62' title="bbox 1850 1835 3500 1919; baseline -0.015 -10"><span class='ocrx_word' id='word_1_490' title='bbox 1850 1840 1893 1895; x_wconf 73' lang='grc' dir='ltr'>Β</span> <span class='ocrx_word' id='word_1_491' title='bbox 1922 1853 2100 1917; x_wconf 89' lang='lat' dir='ltr'><strong>docet,</strong></span> <span class='ocrx_word' id='word_1_492' title='bbox 2143 1865 2237 1905; x_wconf 87' lang='lat' dir='ltr'><strong>eos</strong></span> <span class='ocrx_word' id='word_1_493' title='bbox 2287 1849 2377 1919; x_wconf 87' lang='lat' dir='ltr'><strong>qui</strong></span> <span class='ocrx_word' id='word_1_494' title='bbox 2433 1861 2499 1901; x_wconf 74' lang='lat' dir='ltr'><strong>ex</strong></span> <span class='ocrx_word' id='word_1_495' title='bbox 2530 1845 2749 1900; x_wconf 90' lang='lat' dir='ltr'><strong>inimica</strong></span> <span class='ocrx_word' id='word_1_496' title='bbox 2802 1851 2947 1897; x_wconf 90' lang='lat' dir='ltr'><strong>terra</strong></span> <span class='ocrx_word' id='word_1_497' title='bbox 2988 1838 3189 1893; x_wconf 82' lang='lat' dir='ltr'><strong>reversi</strong></span> <span class='ocrx_word' id='word_1_498' title='bbox 3249 1844 3412 1900; x_wconf 87' lang='lat' dir='ltr'><strong>sunt,</strong></span> <span class='ocrx_word' id='word_1_499' title='bbox 3448 1835 3500 1886; x_wconf 86' lang='lat' dir='ltr'><strong>in</strong></span> 
     </span>
    </p>
   </div>
   <div class='ocr_carea' id='block_1_62' title="bbox 1918 1928 3501 2013">
    <p class='ocr_par' dir='ltr' id='par_1_62' title="bbox 1918 1928 3501 2013">
     <span class='ocr_line' id='line_1_63' title="bbox 1918 1928 3501 2013; baseline -0.011 -15"><span class='ocrx_word' id='word_1_500' title='bbox 1918 1942 2184 2013; x_wconf 88' lang='lat' dir='ltr'><strong>principio</strong></span> <span class='ocrx_word' id='word_1_501' title='bbox 2223 1942 2430 1995; x_wconf 85' lang='lat' dir='ltr'><strong>reditus</strong></span> <span class='ocrx_word' id='word_1_502' title='bbox 2452 1938 2648 1993; x_wconf 88' lang='lat' dir='ltr'><strong>multas</strong></span> <span class='ocrx_word' id='word_1_503' title='bbox 2688 1948 2960 1990; x_wconf 69' lang='lat' dir='ltr'><strong>aerumnas</strong></span> <span class='ocrx_word' id='word_1_504' title='bbox 3005 1942 3166 1996; x_wconf 82' lang='lat' dir='ltr'><strong>atque</strong></span> <span class='ocrx_word' id='word_1_505' title='bbox 3218 1928 3501 1983; x_wconf 80' lang='lat' dir='ltr'><strong>molestias</strong></span> 
     </span>
    </p>
   </div>
   <div class='ocr_carea' id='block_1_63' title="bbox 1917 2018 3498 2098">
    <p class='ocr_par' dir='ltr' id='par_1_63' title="bbox 1917 2018 3498 2098">
     <span class='ocr_line' id='line_1_64' title="bbox 1917 2018 3498 2098; baseline -0.008 -12"><span class='ocrx_word' id='word_1_506' title='bbox 1917 2048 1946 2086; x_wconf 86' lang='lat' dir='ltr'><strong>a</strong></span> <span class='ocrx_word' id='word_1_507' title='bbox 1975 2032 2221 2087; x_wconf 79' lang='lat' dir='ltr'><strong>ﬁnitimis</strong></span> <span class='ocrx_word' id='word_1_508' title='bbox 2246 2032 2361 2085; x_wconf 87' lang='lat' dir='ltr'><strong>suis</strong></span> <span class='ocrx_word' id='word_1_509' title='bbox 2390 2043 2511 2085; x_wconf 87' lang='lat' dir='ltr'><strong>esse</strong></span> <span class='ocrx_word' id='word_1_510' title='bbox 2538 2039 2825 2098; x_wconf 84' lang='lat' dir='ltr'><strong>perpessos</strong></span> <span class='ocrx_word' id='word_1_511' title='bbox 2844 2065 2858 2091; x_wconf 92' lang='lat'><strong>,</strong></span> <span class='ocrx_word' id='word_1_512' title='bbox 2895 2025 2969 2077; x_wconf 85' lang='lat' dir='ltr'><strong>ita</strong></span> <span class='ocrx_word' id='word_1_513' title='bbox 3008 2030 3067 2078; x_wconf 93' lang='lat' dir='ltr'><strong>ut</strong></span> <span class='ocrx_word' id='word_1_514' title='bbox 3091 2020 3293 2089; x_wconf 74' lang='lat' dir='ltr'><strong>templi</strong></span> <span class='ocrx_word' id='word_1_515' title='bbox 3328 2018 3498 2073; x_wconf 77' lang='lat' dir='ltr'><strong>fabri-</strong></span> 
     </span>
    </p>
   </div>
   <div class='ocr_carea' id='block_1_64' title="bbox 1918 2111 3505 2180">
    <p class='ocr_par' dir='ltr' id='par_1_64' title="bbox 1918 2111 3505 2180">
     <span class='ocr_line' id='line_1_65' title="bbox 1918 2111 3505 2180; baseline -0.011 0"><span class='ocrx_word' id='word_1_516' title='bbox 1918 2140 2040 2180; x_wconf 86' lang='lat' dir='ltr'><strong>eam</strong></span> <span class='ocrx_word' id='word_1_517' title='bbox 2069 2124 2407 2179; x_wconf 85' lang='lat' dir='ltr'><strong>cohiberent.</strong></span> <span class='ocrx_word' id='word_1_518' title='bbox 2432 2120 2487 2176; x_wconf 87' lang='lat' dir='ltr'><strong>id</strong></span> <span class='ocrx_word' id='word_1_519' title='bbox 2516 2134 2646 2175; x_wconf 90' lang='lat' dir='ltr'><strong>vero</strong></span> <span class='ocrx_word' id='word_1_520' title='bbox 2670 2118 2723 2173; x_wconf 89' lang='lat' dir='ltr'><strong>in</strong></span> <span class='ocrx_word' id='word_1_521' title='bbox 2759 2115 2984 2172; x_wconf 83' lang='lat' dir='ltr'><strong>historia</strong></span> <span class='ocrx_word' id='word_1_522' title='bbox 3012 2114 3133 2169; x_wconf 89' lang='lat' dir='ltr'><strong>libri</strong></span> <span class='ocrx_word' id='word_1_523' title='bbox 3181 2111 3370 2167; x_wconf 73' lang='lat' dir='ltr'><strong>Esdrm</strong></span> <span class='ocrx_word' id='word_1_524' title='bbox 3408 2112 3505 2165; x_wconf 84' lang='lat' dir='ltr'><strong>de-</strong></span> 
     </span>
    </p>
   </div>
   <div class='ocr_carea' id='block_1_65' title="bbox 1921 2201 3501 2283">
    <p class='ocr_par' dir='ltr' id='par_1_65' title="bbox 1921 2201 3501 2283">
     <span class='ocr_line' id='line_1_66' title="bbox 1921 2201 3501 2283; baseline -0.012 -10"><span class='ocrx_word' id='word_1_525' title='bbox 1921 2218 2177 2274; x_wconf 85' lang='lat' dir='ltr'><strong>claratur.</strong></span> <span class='ocrx_word' id='word_1_526' title='bbox 2212 2215 2575 2283; x_wconf 84' lang='lat' dir='ltr'><strong>Quamobrem</strong></span> <span class='ocrx_word' id='word_1_527' title='bbox 2614 2224 2720 2266; x_wconf 90' lang='lat' dir='ltr'><strong>non</strong></span> <span class='ocrx_word' id='word_1_528' title='bbox 2752 2208 2892 2263; x_wconf 91' lang='lat' dir='ltr'><strong>ultra</strong></span> <span class='ocrx_word' id='word_1_529' title='bbox 2934 2220 3122 2261; x_wconf 88' lang='lat' dir='ltr'><strong>errare</strong></span> <span class='ocrx_word' id='word_1_530' title='bbox 3179 2213 3232 2257; x_wconf 93' lang='lat' dir='ltr'><strong>te</strong></span> <span class='ocrx_word' id='word_1_531' title='bbox 3263 2201 3501 2267; x_wconf 81' lang='lat' dir='ltr'><strong>facient;</strong></span> 
     </span>
    </p>
   </div>
   <div class='ocr_carea' id='block_1_66' title="bbox 1918 2296 3504 2378">
    <p class='ocr_par' dir='ltr' id='par_1_66' title="bbox 1918 2296 3504 2378">
     <span class='ocr_line' id='line_1_67' title="bbox 1918 2296 3504 2378; baseline -0.011 -12"><span class='ocrx_word' id='word_1_532' title='bbox 1918 2311 2130 2366; x_wconf 85' lang='lat' dir='ltr'><strong>etiamsi</strong></span> <span class='ocrx_word' id='word_1_533' title='bbox 2172 2311 2317 2365; x_wconf 89' lang='lat' dir='ltr'><strong>enim</strong></span> <span class='ocrx_word' id='word_1_534' title='bbox 2368 2308 2586 2378; x_wconf 89' lang='lat' dir='ltr'><strong>quidam</strong></span> <span class='ocrx_word' id='word_1_535' title='bbox 2633 2305 2685 2359; x_wconf 88' lang='lat' dir='ltr'><strong>id</strong></span> <span class='ocrx_word' id='word_1_536' title='bbox 2734 2299 3089 2363; x_wconf 85' lang='lat' dir='ltr'><strong>tentaveriut,</strong></span> <span class='ocrx_word' id='word_1_537' title='bbox 3136 2307 3193 2351; x_wconf 82' lang='lat' dir='ltr'><strong>at</strong></span> <span class='ocrx_word' id='word_1_538' title='bbox 3233 2296 3375 2351; x_wconf 91' lang='lat' dir='ltr'><strong>oculi</strong></span> <span class='ocrx_word' id='word_1_539' title='bbox 3427 2297 3504 2350; x_wconf 88' lang='lat' dir='ltr'><strong>tui</strong></span> 
     </span>
    </p>
   </div>
   <div class='ocr_carea' id='block_1_67' title="bbox 1919 2389 3503 2466">
    <p class='ocr_par' dir='ltr' id='par_1_67' title="bbox 1919 2389 3503 2466">
     <span class='ocr_line' id='line_1_68' title="bbox 1919 2389 3503 2466; baseline -0.011 -8"><span class='ocrx_word' id='word_1_540' title='bbox 1919 2404 2180 2458; x_wconf 88' lang='lat' dir='ltr'><strong>videbunt</strong></span> <span class='ocrx_word' id='word_1_541' title='bbox 2222 2402 2365 2456; x_wconf 84' lang='lat' dir='ltr'><strong>illos.</strong></span> <span class='ocrx_word' id='word_1_542' title='bbox 2405 2400 2541 2456; x_wconf 86' lang='lat' dir='ltr'><strong>Cum</strong></span> <span class='ocrx_word' id='word_1_543' title='bbox 2590 2410 2753 2466; x_wconf 92' lang='lat' dir='ltr'><strong>porro</strong></span> <span class='ocrx_word' id='word_1_544' title='bbox 2798 2394 3025 2448; x_wconf 82' lang='lat' dir='ltr'><strong>videant</strong></span> <span class='ocrx_word' id='word_1_545' title='bbox 3070 2401 3125 2445; x_wconf 90' lang='lat' dir='ltr'><strong>et</strong></span> <span class='ocrx_word' id='word_1_546' title='bbox 3173 2389 3503 2459; x_wconf 85' lang='lat' dir='ltr'><strong>intelligant,</strong></span> 
     </span>
    </p>
   </div>
   <div class='ocr_carea' id='block_1_68' title="bbox 1922 2481 3564 2567">
    <p class='ocr_par' dir='ltr' id='par_1_68' title="bbox 1922 2481 3564 2567">
     <span class='ocr_line' id='line_1_69' title="bbox 1922 2481 3564 2567; baseline -0.013 -15"><span class='ocrx_word' id='word_1_547' title='bbox 1922 2510 2265 2567; x_wconf 88' lang='lat' dir='ltr'><strong>nequaquam</strong></span> <span class='ocrx_word' id='word_1_548' title='bbox 2295 2495 2348 2548; x_wconf 89' lang='lat' dir='ltr'><strong>in</strong></span> <span class='ocrx_word' id='word_1_549' title='bbox 2379 2504 2621 2548; x_wconf 88' lang='lat' dir='ltr'><strong>errorem</strong></span> <span class='ocrx_word' id='word_1_550' title='bbox 2660 2487 3014 2543; x_wconf 85' lang='lat' dir='ltr'><strong>deducentur.</strong></span> <span class='ocrx_word' id='word_1_551' title='bbox 3066 2481 3415 2551; x_wconf 82' lang='lat' dir='ltr'><strong>Rursumque</strong></span> <span class='ocrx_word' id='word_1_552' title='bbox 3455 2481 3504 2534; x_wconf 84' lang='lat' dir='ltr'><strong>si</strong></span> <span class='ocrx_word' id='word_1_553' title='bbox 3561 2536 3564 2540; x_wconf 63' lang='grc'><strong>,</strong></span> 
     </span>
    </p>
   </div>
   <div class='ocr_carea' id='block_1_69' title="bbox 1922 2569 3504 2656">
    <p class='ocr_par' dir='ltr' id='par_1_69' title="bbox 1922 2569 3504 2656">
     <span class='ocr_line' id='line_1_70' title="bbox 1922 2569 3504 2656; baseline -0.016 -8"><span class='ocrx_word' id='word_1_554' title='bbox 1922 2591 2163 2649; x_wconf 89' lang='lat' dir='ltr'><strong>subdolis</strong></span> <span class='ocrx_word' id='word_1_555' title='bbox 2213 2589 2604 2656; x_wconf 82' lang='lat' dir='ltr'><strong>fallacibusque</strong></span> <span class='ocrx_word' id='word_1_556' title='bbox 2644 2580 2804 2639; x_wconf 85' lang='lat' dir='ltr'><strong>dictis</strong></span> <span class='ocrx_word' id='word_1_557' title='bbox 2855 2588 3109 2647; x_wconf 85' lang='lat' dir='ltr'><strong>perversa</strong></span> <span class='ocrx_word' id='word_1_558' title='bbox 3159 2571 3315 2627; x_wconf 84' lang='lat' dir='ltr'><strong>vobis</strong></span> <span class='ocrx_word' id='word_1_559' title='bbox 3355 2569 3504 2639; x_wconf 90' lang='lat' dir='ltr'><strong>loqui</strong></span> 
     </span>
    </p>
   </div>
   <div class='ocr_carea' id='block_1_70' title="bbox 1923 2670 3504 2746">
    <p class='ocr_par' dir='ltr' id='par_1_70' title="bbox 1923 2670 3504 2746">
     <span class='ocr_line' id='line_1_71' title="bbox 1923 2670 3504 2746; baseline -0.016 -7"><span class='ocrx_word' id='word_1_560' title='bbox 1923 2691 2204 2746; x_wconf 88' lang='lat' dir='ltr'><strong>conentur,</strong></span> <span class='ocrx_word' id='word_1_561' title='bbox 2237 2682 2431 2735; x_wconf 88' lang='lat' dir='ltr'><strong>horum</strong></span> <span class='ocrx_word' id='word_1_562' title='bbox 2461 2678 2627 2733; x_wconf 84' lang='lat' dir='ltr'><strong>verba</strong></span> <span class='ocrx_word' id='word_1_563' title='bbox 2678 2688 2783 2729; x_wconf 91' lang='lat' dir='ltr'><strong>non</strong></span> <span class='ocrx_word' id='word_1_564' title='bbox 2821 2670 3096 2739; x_wconf 83' lang='lat' dir='ltr'><strong>excipient</strong></span> <span class='ocrx_word' id='word_1_565' title='bbox 3138 2680 3301 2721; x_wconf 86' lang='lat' dir='ltr'><strong>aures</strong></span> <span class='ocrx_word' id='word_1_566' title='bbox 3353 2674 3504 2718; x_wconf 65' lang='lat' dir='ltr'><strong>tum:</strong></span> 
     </span>
    </p>
   </div>
   <div class='ocr_carea' id='block_1_71' title="bbox 1923 2757 3503 2833">
    <p class='ocr_par' dir='ltr' id='par_1_71' title="bbox 1923 2757 3503 2833">
     <span class='ocr_line' id='line_1_72' title="bbox 1923 2757 3503 2833; baseline -0.013 -4"><span class='ocrx_word' id='word_1_567' title='bbox 1923 2773 2137 2829; x_wconf 88' lang='lat' dir='ltr'><strong>etiamsi</strong></span> <span class='ocrx_word' id='word_1_568' title='bbox 2165 2772 2431 2827; x_wconf 78' lang='lat' dir='ltr'><strong>fallaciter</strong></span> <span class='ocrx_word' id='word_1_569' title='bbox 2461 2770 2666 2833; x_wconf 84' lang='lat' dir='ltr'><strong>dicant,</strong></span> <span class='ocrx_word' id='word_1_570' title='bbox 2711 2784 2732 2815; x_wconf 76' lang='grc' dir='ltr'><strong>ι</strong></span> <span class='ocrx_word' id='word_1_571' title='bbox 2764 2764 2888 2819; x_wconf 64' lang='lat' dir='ltr'><strong>Haec</strong></span> <span class='ocrx_word' id='word_1_572' title='bbox 2919 2764 3026 2826; x_wconf 82' lang='lat' dir='ltr'><strong>via,</strong></span> <span class='ocrx_word' id='word_1_573' title='bbox 3060 2760 3403 2814; x_wconf 87' lang='lat' dir='ltr'><strong>ambulemus</strong></span> <span class='ocrx_word' id='word_1_574' title='bbox 3447 2757 3503 2810; x_wconf 90' lang='lat' dir='ltr'><strong>in</strong></span> 
     </span>
    </p>
   </div>
   <div class='ocr_carea' id='block_1_72' title="bbox 1924 2850 3509 2933">
    <p class='ocr_par' dir='ltr' id='par_1_72' title="bbox 1924 2850 3509 2933">
     <span class='ocr_line' id='line_1_73' title="bbox 1924 2850 3509 2933; baseline -0.013 -12"><span class='ocrx_word' id='word_1_575' title='bbox 1924 2880 2012 2933; x_wconf 87' lang='lat' dir='ltr'><strong>ea,</strong></span> <span class='ocrx_word' id='word_1_576' title='bbox 2030 2867 2144 2922; x_wconf 83' lang='lat' dir='ltr'><strong>sive</strong></span> <span class='ocrx_word' id='word_1_577' title='bbox 2169 2866 2239 2921; x_wconf 89' lang='lat' dir='ltr'><strong>ad</strong></span> <span class='ocrx_word' id='word_1_578' title='bbox 2260 2865 2529 2927; x_wconf 79' lang='lat' dir='ltr'><strong>dextram,</strong></span> <span class='ocrx_word' id='word_1_579' title='bbox 2554 2861 2668 2916; x_wconf 83' lang='lat' dir='ltr'><strong>sive</strong></span> <span class='ocrx_word' id='word_1_580' title='bbox 2691 2860 2757 2913; x_wconf 90' lang='lat' dir='ltr'><strong>ad</strong></span> <span class='ocrx_word' id='word_1_581' title='bbox 2782 2856 3059 2912; x_wconf 84' lang='lat' dir='ltr'><strong>sinistram</strong></span> <span class='ocrx_word' id='word_1_582' title='bbox 3087 2870 3099 2905; x_wconf 94' lang='lat'>:</span> <span class='ocrx_word' id='word_1_583' title='bbox 3130 2871 3148 2904; x_wconf 76' lang='grc' dir='ltr'><strong>ι</strong></span> <span class='ocrx_word' id='word_1_584' title='bbox 3187 2852 3271 2905; x_wconf 83' lang='lat' dir='ltr'><strong>his</strong></span> <span class='ocrx_word' id='word_1_585' title='bbox 3307 2850 3509 2918; x_wconf 85' lang='lat' dir='ltr'><strong>quippe</strong></span> 
     </span>
    </p>
   </div>
   <div class='ocr_carea' id='block_1_73' title="bbox 1927 2944 3535 3018">
    <p class='ocr_par' dir='ltr' id='par_1_73' title="bbox 1927 2944 3535 3018">
     <span class='ocr_line' id='line_1_74' title="bbox 1927 2944 3535 3018; baseline -0.012 -6"><span class='ocrx_word' id='word_1_586' title='bbox 1927 2957 2053 3012; x_wconf 88' lang='lat' dir='ltr'><strong>talia</strong></span> <span class='ocrx_word' id='word_1_587' title='bbox 2083 2954 2460 3013; x_wconf 69' lang='lat' dir='ltr'><strong>eﬂutientibus</strong></span> <span class='ocrx_word' id='word_1_588' title='bbox 2503 2968 2611 3008; x_wconf 90' lang='lat' dir='ltr'><strong>non</strong></span> <span class='ocrx_word' id='word_1_589' title='bbox 2644 2948 3085 3018; x_wconf 87' lang='lat' dir='ltr'><strong>obtemperabis;</strong></span> <span class='ocrx_word' id='word_1_590' title='bbox 3121 2946 3214 3000; x_wconf 89' lang='lat' dir='ltr'><strong>sed</strong></span> <span class='ocrx_word' id='word_1_591' title='bbox 3258 2944 3311 2996; x_wconf 92' lang='lat' dir='ltr'><strong>in</strong></span> <span class='ocrx_word' id='word_1_592' title='bbox 3359 2944 3503 3011; x_wconf 83' lang='lat' dir='ltr'><strong>regia</strong></span> <span class='ocrx_word' id='word_1_593' title='bbox 3534 2976 3535 2985; x_wconf 58' lang='grc' dir='ltr'><strong>η</strong></span> 
     </span>
    </p>
   </div>
   <div class='ocr_carea' id='block_1_74' title="bbox 1928 3035 3507 3111">
    <p class='ocr_par' dir='ltr' id='par_1_74' title="bbox 1928 3035 3507 3111">
     <span class='ocr_line' id='line_1_75' title="bbox 1928 3035 3507 3111; baseline -0.011 -7"><span class='ocrx_word' id='word_1_594' title='bbox 1928 3051 2014 3104; x_wconf 90' lang='lat' dir='ltr'><strong>via</strong></span> <span class='ocrx_word' id='word_1_595' title='bbox 2054 3047 2380 3111; x_wconf 86' lang='lat' dir='ltr'><strong>ambulabis,</strong></span> <span class='ocrx_word' id='word_1_596' title='bbox 2425 3045 2660 3100; x_wconf 85' lang='lat' dir='ltr'><strong>mediam</strong></span> <span class='ocrx_word' id='word_1_597' title='bbox 2720 3053 2949 3107; x_wconf 90' lang='lat' dir='ltr'><strong>tenens,</strong></span> <span class='ocrx_word' id='word_1_598' title='bbox 2992 3052 3166 3107; x_wconf 89' lang='lat' dir='ltr'><strong>neque</strong></span> <span class='ocrx_word' id='word_1_599' title='bbox 3224 3035 3507 3103; x_wconf 81' lang='lat' dir='ltr'><strong>declinans</strong></span> 
     </span>
    </p>
   </div>
   <div class='ocr_carea' id='block_1_75' title="bbox 1854 3136 2856 3226">
    <p class='ocr_par' dir='ltr' id='par_1_75' title="bbox 1854 3136 2856 3226">
     <span class='ocr_line' id='line_1_76' title="bbox 1854 3136 2856 3226; baseline -0.009 -30"><span class='ocrx_word' id='word_1_600' title='bbox 1854 3168 1896 3226; x_wconf 66' lang='grc' dir='ltr'><em>ε</em></span> <span class='ocrx_word' id='word_1_601' title='bbox 1930 3141 1998 3196; x_wconf 85' lang='lat' dir='ltr'><strong>ad</strong></span> <span class='ocrx_word' id='word_1_602' title='bbox 2026 3139 2309 3193; x_wconf 80' lang='lat' dir='ltr'><strong>dexteram</strong></span> <span class='ocrx_word' id='word_1_603' title='bbox 2348 3136 2431 3191; x_wconf 81' lang='lat' dir='ltr'><strong>vel</strong></span> <span class='ocrx_word' id='word_1_604' title='bbox 2462 3139 2528 3192; x_wconf 87' lang='lat' dir='ltr'><strong>ad</strong></span> <span class='ocrx_word' id='word_1_605' title='bbox 2558 3137 2856 3191; x_wconf 85' lang='lat' dir='ltr'><strong>sinistram.</strong></span> 
     </span>
    </p>
   </div>
   <div class='ocr_carea' id='block_1_76' title="bbox 1999 3224 3509 3292">
    <p class='ocr_par' dir='ltr' id='par_1_76' title="bbox 1999 3224 3509 3292">
     <span class='ocr_line' id='line_1_77' title="bbox 1999 3224 3509 3292; baseline -0.008 -7"><span class='ocrx_word' id='word_1_606' title='bbox 1999 3231 2162 3286; x_wconf 77' lang='lat' dir='ltr'><strong>Vsus.</strong></span> <span class='ocrx_word' id='word_1_607' title='bbox 2188 3230 2380 3285; x_wconf 71' lang='lat'><strong>22-95.</strong></span> <span class='ocrx_word' id='word_1_608' title='bbox 2441 3247 2460 3281; x_wconf 80' lang='grc' dir='ltr'><strong>ι</strong></span> <span class='ocrx_word' id='word_1_609' title='bbox 2501 3229 2567 3283; x_wconf 83' lang='grc' dir='ltr'>Ει</span> <span class='ocrx_word' id='word_1_610' title='bbox 2614 3225 3009 3283; x_wconf 87' lang='lat' dir='ltr'><strong>contaminabis</strong></span> <span class='ocrx_word' id='word_1_611' title='bbox 3047 3224 3187 3280; x_wconf 87' lang='lat' dir='ltr'><strong>idola</strong></span> <span class='ocrx_word' id='word_1_612' title='bbox 3245 3224 3509 3292; x_wconf 83' lang='lat' dir='ltr'><strong>dcargen-</strong></span> 
     </span>
    </p>
   </div>
   <div class='ocr_carea' id='block_1_77' title="bbox 1932 3315 3511 3388">
    <p class='ocr_par' dir='ltr' id='par_1_77' title="bbox 1932 3315 3511 3388">
     <span class='ocr_line' id='line_1_78' title="bbox 1932 3315 3511 3388; baseline -0.006 -12"><span class='ocrx_word' id='word_1_613' title='bbox 1932 3331 2069 3388; x_wconf 88' lang='lat' dir='ltr'><strong>tata,</strong></span> <span class='ocrx_word' id='word_1_614' title='bbox 2100 3329 2156 3376; x_wconf 92' lang='lat' dir='ltr'><strong>et</strong></span> <span class='ocrx_word' id='word_1_615' title='bbox 2195 3321 2457 3376; x_wconf 86' lang='lat' dir='ltr'><strong>deaurata</strong></span> <span class='ocrx_word' id='word_1_616' title='bbox 2512 3320 2868 3383; x_wconf 88' lang='lat' dir='ltr'><strong>comminues,</strong></span> <span class='ocrx_word' id='word_1_617' title='bbox 2913 3326 2969 3372; x_wconf 92' lang='lat' dir='ltr'><strong>et</strong></span> <span class='ocrx_word' id='word_1_618' title='bbox 3026 3316 3307 3386; x_wconf 87' lang='lat' dir='ltr'><strong>disperges</strong></span> <span class='ocrx_word' id='word_1_619' title='bbox 3369 3315 3511 3368; x_wconf 88' lang='lat' dir='ltr'><strong>sicut</strong></span> 
     </span>
    </p>
   </div>
   <div class='ocr_carea' id='block_1_78' title="bbox 1929 3406 3507 3481">
    <p class='ocr_par' dir='ltr' id='par_1_78' title="bbox 1929 3406 3507 3481">
     <span class='ocr_line' id='line_1_79' title="bbox 1929 3406 3507 3481; baseline -0.007 -13"><span class='ocrx_word' id='word_1_620' title='bbox 1929 3427 2124 3481; x_wconf 88' lang='lat' dir='ltr'><strong>aquam</strong></span> <span class='ocrx_word' id='word_1_621' title='bbox 2166 3420 2538 3478; x_wconf 65' lang='lat' dir='ltr'><strong>menstruam,</strong></span> <span class='ocrx_word' id='word_1_622' title='bbox 2565 3421 2620 3465; x_wconf 91' lang='lat' dir='ltr'><strong>et</strong></span> <span class='ocrx_word' id='word_1_623' title='bbox 2673 3411 2816 3464; x_wconf 89' lang='lat' dir='ltr'><strong>sicut</strong></span> <span class='ocrx_word' id='word_1_624' title='bbox 2872 3417 3085 3464; x_wconf 88' lang='lat' dir='ltr'><strong>stercus</strong></span> <span class='ocrx_word' id='word_1_625' title='bbox 3136 3406 3359 3476; x_wconf 85' lang='lat' dir='ltr'><strong>abjicies</strong></span> <span class='ocrx_word' id='word_1_626' title='bbox 3420 3420 3507 3459; x_wconf 89' lang='lat' dir='ltr'><strong>ea.</strong></span> 
     </span>
    </p>
   </div>
   <div class='ocr_carea' id='block_1_79' title="bbox 1931 3495 3509 3571">
    <p class='ocr_par' dir='ltr' id='par_1_79' title="bbox 1931 3495 3509 3571">
     <span class='ocr_line' id='line_1_80' title="bbox 1931 3495 3509 3571; baseline -0.006 -14"><span class='ocrx_word' id='word_1_627' title='bbox 1931 3503 2082 3558; x_wconf 88' lang='lat' dir='ltr'><strong>Tunc</strong></span> <span class='ocrx_word' id='word_1_628' title='bbox 2102 3502 2206 3558; x_wconf 86' lang='lat' dir='ltr'><strong>erit</strong></span> <span class='ocrx_word' id='word_1_629' title='bbox 2244 3502 2424 3571; x_wconf 86' lang='lat' dir='ltr'><strong>pluvia</strong></span> <span class='ocrx_word' id='word_1_630' title='bbox 2459 3502 2657 3557; x_wconf 87' lang='lat' dir='ltr'><strong>semini</strong></span> <span class='ocrx_word' id='word_1_631' title='bbox 2687 3509 2845 3553; x_wconf 73' lang='lat' dir='ltr'><strong>terra:</strong></span> <span class='ocrx_word' id='word_1_632' title='bbox 2878 3511 3005 3560; x_wconf 71' lang='lat' dir='ltr'><strong>tuae,</strong></span> <span class='ocrx_word' id='word_1_633' title='bbox 3032 3507 3088 3552; x_wconf 93' lang='lat' dir='ltr'><strong>et</strong></span> <span class='ocrx_word' id='word_1_634' title='bbox 3118 3498 3270 3566; x_wconf 86' lang='lat' dir='ltr'><strong>panis</strong></span> <span class='ocrx_word' id='word_1_635' title='bbox 3290 3495 3509 3565; x_wconf 79' lang='lat' dir='ltr'><strong>frugum</strong></span> 
     </span>
    </p>
   </div>
   <div class='ocr_carea' id='block_1_80' title="bbox 1935 3587 3512 3661">
    <p class='ocr_par' dir='ltr' id='par_1_80' title="bbox 1935 3587 3512 3661">
     <span class='ocr_line' id='line_1_81' title="bbox 1935 3587 3512 3661; baseline -0.006 -13"><span class='ocrx_word' id='word_1_636' title='bbox 1935 3602 2094 3649; x_wconf 81' lang='lat' dir='ltr'><strong>teme</strong></span> <span class='ocrx_word' id='word_1_637' title='bbox 2125 3604 2230 3650; x_wconf 64' lang='lat' dir='ltr'><strong>tuae</strong></span> <span class='ocrx_word' id='word_1_638' title='bbox 2279 3593 2386 3649; x_wconf 90' lang='lat' dir='ltr'><strong>erit</strong></span> <span class='ocrx_word' id='word_1_639' title='bbox 2424 3592 2707 3647; x_wconf 86' lang='lat' dir='ltr'><strong>abundans</strong></span> <span class='ocrx_word' id='word_1_640' title='bbox 2740 3599 2794 3645; x_wconf 88' lang='lat' dir='ltr'><strong>et</strong></span> <span class='ocrx_word' id='word_1_641' title='bbox 2821 3589 3060 3661; x_wconf 81' lang='lat' dir='ltr'><strong>pinguis.</strong></span> <span class='ocrx_word' id='word_1_642' title='bbox 3090 3606 3109 3639; x_wconf 70' lang='grc' dir='ltr'><strong>ι</strong></span> <span class='ocrx_word' id='word_1_643' title='bbox 3145 3587 3338 3644; x_wconf 90' lang='lat' dir='ltr'><strong>Omnia</strong></span> <span class='ocrx_word' id='word_1_644' title='bbox 3366 3587 3512 3656; x_wconf 87' lang='lat' dir='ltr'><strong>apud</strong></span> 
     </span>
    </p>
   </div>
   <div class='ocr_carea' id='block_1_81' title="bbox 1936 3678 3513 3754">
    <p class='ocr_par' dir='ltr' id='par_1_81' title="bbox 1936 3678 3513 3754">
     <span class='ocr_line' id='line_1_82' title="bbox 1936 3678 3513 3754; baseline -0.004 -18"><span class='ocrx_word' id='word_1_645' title='bbox 1936 3692 1988 3739; x_wconf 90' lang='lat' dir='ltr'><strong>te</strong></span> <span class='ocrx_word' id='word_1_646' title='bbox 2032 3684 2188 3754; x_wconf 88' lang='lat' dir='ltr'><strong>copia</strong></span> <span class='ocrx_word' id='word_1_647' title='bbox 2247 3698 2430 3738; x_wconf 89' lang='lat' dir='ltr'><strong>rerum</strong></span> <span class='ocrx_word' id='word_1_648' title='bbox 2481 3681 2872 3752; x_wconf 79' lang='lat' dir='ltr'><strong>implebuntur,</strong></span> <span class='ocrx_word' id='word_1_649' title='bbox 2926 3688 2982 3735; x_wconf 89' lang='lat' dir='ltr'><strong>et</strong></span> <span class='ocrx_word' id='word_1_650' title='bbox 3042 3678 3305 3732; x_wconf 86' lang='lat' dir='ltr'><strong>altissima</strong></span> <span class='ocrx_word' id='word_1_651' title='bbox 3380 3690 3513 3746; x_wconf 89' lang='lat' dir='ltr'><strong>pace</strong></span> 
     </span>
    </p>
   </div>
   <div class='ocr_carea' id='block_1_82' title="bbox 1932 3774 3513 3844">
    <p class='ocr_par' dir='ltr' id='par_1_82' title="bbox 1932 3774 3513 3844">
     <span class='ocr_line' id='line_1_83' title="bbox 1932 3774 3513 3844; baseline -0.003 -13"><span class='ocrx_word' id='word_1_652' title='bbox 1932 3775 2159 3844; x_wconf 77' lang='lat' dir='ltr'><strong>frueris;</strong></span> <span class='ocrx_word' id='word_1_653' title='bbox 2195 3778 2267 3831; x_wconf 89' lang='lat' dir='ltr'><strong>ita</strong></span> <span class='ocrx_word' id='word_1_654' title='bbox 2301 3775 2628 3831; x_wconf 86' lang='lat' dir='ltr'><strong>utanimalia</strong></span> <span class='ocrx_word' id='word_1_655' title='bbox 2650 3783 2760 3838; x_wconf 84' lang='lat' dir='ltr'><strong>tua,</strong></span> <span class='ocrx_word' id='word_1_656' title='bbox 2793 3774 3135 3840; x_wconf 80' lang='lat' dir='ltr'><strong>maximeque</strong></span> <span class='ocrx_word' id='word_1_657' title='bbox 3165 3786 3228 3825; x_wconf 89' lang='lat' dir='ltr'><strong>ea</strong></span> <span class='ocrx_word' id='word_1_658' title='bbox 3263 3784 3383 3840; x_wconf 68' lang='lat' dir='ltr'><strong>quae</strong></span> <span class='ocrx_word' id='word_1_659' title='bbox 3418 3786 3513 3826; x_wconf 89' lang='lat' dir='ltr'><strong>co—</strong></span> 
     </span>
    </p>
   </div>
   <div class='ocr_carea' id='block_1_83' title="bbox 1934 3862 3511 3939">
    <p class='ocr_par' dir='ltr' id='par_1_83' title="bbox 1934 3862 3511 3939">
     <span class='ocr_line' id='line_1_84' title="bbox 1934 3862 3511 3939; baseline -0.004 -17"><span class='ocrx_word' id='word_1_660' title='bbox 1934 3869 2106 3924; x_wconf 86' lang='lat' dir='ltr'><strong>lendis</strong></span> <span class='ocrx_word' id='word_1_661' title='bbox 2126 3869 2273 3939; x_wconf 88' lang='lat' dir='ltr'><strong>agris</strong></span> <span class='ocrx_word' id='word_1_662' title='bbox 2303 3868 2421 3922; x_wconf 90' lang='lat' dir='ltr'><strong>usui</strong></span> <span class='ocrx_word' id='word_1_663' title='bbox 2439 3865 2799 3937; x_wconf 87' lang='lat' dir='ltr'><strong>sunt,pabulo</strong></span> <span class='ocrx_word' id='word_1_664' title='bbox 2826 3873 3035 3919; x_wconf 70' lang='lat' dir='ltr'><strong>natura:</strong></span> <span class='ocrx_word' id='word_1_665' title='bbox 3058 3878 3170 3918; x_wconf 79' lang='lat' dir='ltr'><strong>sua:</strong></span> <span class='ocrx_word' id='word_1_666' title='bbox 3186 3862 3511 3931; x_wconf 79' lang='lat' dir='ltr'><strong>congruenti</strong></span> 
     </span>
    </p>
   </div>
   <div class='ocr_carea' id='block_1_84' title="bbox 1934 3961 2283 4017">
    <p class='ocr_par' dir='ltr' id='par_1_84' title="bbox 1934 3961 2283 4017">
     <span class='ocr_line' id='line_1_85' title="bbox 1934 3961 2283 4017; baseline -0.003 -3"><span class='ocrx_word' id='word_1_667' title='bbox 1934 3961 2230 4017; x_wconf 85' lang='lat' dir='ltr'><strong>abundent.</strong></span> <span class='ocrx_word' id='word_1_668' title='bbox 2265 3980 2283 4013; x_wconf 73' lang='grc' dir='ltr'><strong>ι</strong></span> 
     </span>
    </p>
   </div>
   <div class='ocr_carea' id='block_1_85' title="bbox 2014 4046 3512 4123">
    <p class='ocr_par' dir='ltr' id='par_1_85' title="bbox 2014 4046 3512 4123">
     <span class='ocr_line' id='line_1_86' title="bbox 2014 4046 3512 4123; baseline -0.004 -16"><span class='ocrx_word' id='word_1_669' title='bbox 2014 4073 2031 4106; x_wconf 86' lang='grc' dir='ltr'><strong>ι</strong></span> <span class='ocrx_word' id='word_1_670' title='bbox 2058 4052 2122 4107; x_wconf 84' lang='lat' dir='ltr'><strong>Et</strong></span> <span class='ocrx_word' id='word_1_671' title='bbox 2144 4052 2686 4123; x_wconf 84' lang='lat' dir='ltr'><strong>pascenturjumenta</strong></span> <span class='ocrx_word' id='word_1_672' title='bbox 2722 4058 2809 4103; x_wconf 90' lang='lat' dir='ltr'><strong>tua</strong></span> <span class='ocrx_word' id='word_1_673' title='bbox 2842 4048 2893 4102; x_wconf 92' lang='lat' dir='ltr'><strong>in</strong></span> <span class='ocrx_word' id='word_1_674' title='bbox 2925 4048 3011 4101; x_wconf 90' lang='lat' dir='ltr'><strong>die</strong></span> <span class='ocrx_word' id='word_1_675' title='bbox 3040 4046 3130 4100; x_wconf 90' lang='lat' dir='ltr'><strong>illa</strong></span> <span class='ocrx_word' id='word_1_676' title='bbox 3153 4046 3207 4100; x_wconf 91' lang='lat' dir='ltr'><strong>in</strong></span> <span class='ocrx_word' id='word_1_677' title='bbox 3241 4047 3359 4101; x_wconf 93' lang='lat' dir='ltr'><strong>loco</strong></span> <span class='ocrx_word' id='word_1_678' title='bbox 3386 4046 3512 4116; x_wconf 78' lang='lat' dir='ltr'><strong>pin-</strong></span> 
     </span>
    </p>
   </div>
   <div class='ocr_carea' id='block_1_86' title="bbox 1932 4139 3516 4215">
    <p class='ocr_par' dir='ltr' id='par_1_86' title="bbox 1932 4139 3516 4215">
     <span class='ocr_line' id='line_1_87' title="bbox 1932 4139 3516 4215; baseline -0.006 -15"><span class='ocrx_word' id='word_1_679' title='bbox 1932 4145 2020 4215; x_wconf 83' lang='lat' dir='ltr'><strong>gui</strong></span> <span class='ocrx_word' id='word_1_680' title='bbox 2058 4154 2114 4200; x_wconf 89' lang='lat' dir='ltr'><strong>et</strong></span> <span class='ocrx_word' id='word_1_681' title='bbox 2137 4145 2396 4215; x_wconf 86' lang='lat' dir='ltr'><strong>spatioso.</strong></span> <span class='ocrx_word' id='word_1_682' title='bbox 2432 4143 2594 4198; x_wconf 90' lang='lat' dir='ltr'><strong>Tauri</strong></span> <span class='ocrx_word' id='word_1_683' title='bbox 2627 4143 2888 4201; x_wconf 81' lang='lat' dir='ltr'><strong>vestri&#39;et</strong></span> <span class='ocrx_word' id='word_1_684' title='bbox 2925 4140 3116 4203; x_wconf 88' lang='lat' dir='ltr'><strong>boves,</strong></span> <span class='ocrx_word' id='word_1_685' title='bbox 3157 4139 3247 4207; x_wconf 88' lang='lat' dir='ltr'><strong>qui</strong></span> <span class='ocrx_word' id='word_1_686' title='bbox 3283 4153 3516 4207; x_wconf 81' lang='lat' dir='ltr'><strong>cperan-</strong></span> 
     </span>
    </p>
   </div>
   <div class='ocr_carea' id='block_1_87' title="bbox 1936 4231 3515 4306">
    <p class='ocr_par' dir='ltr' id='par_1_87' title="bbox 1936 4231 3515 4306">
     <span class='ocr_line' id='line_1_88' title="bbox 1936 4231 3515 4306; baseline -0.003 -16"><span class='ocrx_word' id='word_1_687' title='bbox 1936 4246 2027 4292; x_wconf 85' lang='lat' dir='ltr'><strong>tur</strong></span> <span class='ocrx_word' id='word_1_688' title='bbox 2066 4246 2293 4300; x_wconf 87' lang='lat' dir='ltr'><strong>terram,</strong></span> <span class='ocrx_word' id='word_1_689' title='bbox 2344 4236 2627 4290; x_wconf 87' lang='lat' dir='ltr'><strong>comedent</strong></span> <span class='ocrx_word' id='word_1_690' title='bbox 2689 4234 2876 4306; x_wconf 88' lang='lat' dir='ltr'><strong>paleas</strong></span> <span class='ocrx_word' id='word_1_691' title='bbox 2922 4231 3249 4286; x_wconf 77' lang='lat' dir='ltr'><strong>commixtas</strong></span> <span class='ocrx_word' id='word_1_692' title='bbox 3308 4231 3515 4286; x_wconf 84' lang='lat' dir='ltr'><strong>hordeo</strong></span> 
     </span>
    </p>
   </div>
   <div class='ocr_carea' id='block_1_88' title="bbox 1936 4324 3516 4397">
    <p class='ocr_par' dir='ltr' id='par_1_88' title="bbox 1936 4324 3516 4397">
     <span class='ocr_line' id='line_1_89' title="bbox 1936 4324 3516 4397; baseline -0.003 -14"><span class='ocrx_word' id='word_1_693' title='bbox 1936 4329 2218 4385; x_wconf 87' lang='lat' dir='ltr'><strong>ventilato.</strong></span> <span class='ocrx_word' id='word_1_694' title='bbox 2244 4328 2309 4383; x_wconf 82' lang='lat' dir='ltr'><strong>Et</strong></span> <span class='ocrx_word' id='word_1_695' title='bbox 2336 4328 2442 4383; x_wconf 90' lang='lat' dir='ltr'><strong>erit</strong></span> <span class='ocrx_word' id='word_1_696' title='bbox 2480 4342 2642 4397; x_wconf 87' lang='lat' dir='ltr'><strong>super</strong></span> <span class='ocrx_word' id='word_1_697' title='bbox 2678 4342 2893 4392; x_wconf 77' lang='lat' dir='ltr'><strong>omnem</strong></span> <span class='ocrx_word' id='word_1_698' title='bbox 2937 4329 3177 4379; x_wconf 84' lang='lat' dir='ltr'><strong>montem</strong></span> <span class='ocrx_word' id='word_1_699' title='bbox 3234 4324 3516 4379; x_wconf 80' lang='lat' dir='ltr'><strong>excelsum</strong></span> 
     </span>
    </p>
   </div>
   <div class='ocr_carea' id='block_1_89' title="bbox 1937 4416 3513 4490">
    <p class='ocr_par' dir='ltr' id='par_1_89' title="bbox 1937 4416 3513 4490">
     <span class='ocr_line' id='line_1_90' title="bbox 1937 4416 3513 4490; baseline -0.004 -14"><span class='ocrx_word' id='word_1_700' title='bbox 1937 4431 1993 4476; x_wconf 89' lang='lat' dir='ltr'><strong>et</strong></span> <span class='ocrx_word' id='word_1_701' title='bbox 2014 4434 2175 4490; x_wconf 83' lang='lat' dir='ltr'><strong>super</strong></span> <span class='ocrx_word' id='word_1_702' title='bbox 2213 4433 2431 4474; x_wconf 85' lang='lat' dir='ltr'><strong>omnem</strong></span> <span class='ocrx_word' id='word_1_703' title='bbox 2461 4417 2654 4474; x_wconf 84' lang='lat' dir='ltr'><strong>collem</strong></span> <span class='ocrx_word' id='word_1_704' title='bbox 2702 4418 2990 4473; x_wconf 89' lang='lat' dir='ltr'><strong>sublimem</strong></span> <span class='ocrx_word' id='word_1_705' title='bbox 3028 4431 3167 4486; x_wconf 89' lang='lat' dir='ltr'><strong>aqua</strong></span> <span class='ocrx_word' id='word_1_706' title='bbox 3214 4416 3513 4470; x_wconf 86' lang='lat' dir='ltr'><strong>decurrens</strong></span> 
     </span>
    </p>
   </div>
   <div class='ocr_carea' id='block_1_90' title="bbox 270 4500 1820 4589">
    <p class='ocr_par' dir='ltr' id='par_1_90' title="bbox 270 4510 1820 4589">
     <span class='ocr_line' id='line_1_91' title="bbox 270 4510 1820 4589; baseline -0.006 -17"><span class='ocrx_word' id='word_1_707' title='bbox 270 4537 359 4580; x_wconf 80' lang='lat' dir='ltr'><strong>pou</strong></span> <span class='ocrx_word' id='word_1_708' title='bbox 390 4518 537 4589; x_wconf 75' lang='grc' dir='ltr'>ὕδωρ</span> <span class='ocrx_word' id='word_1_709' title='bbox 562 4515 1013 4587; x_wconf 78' lang='grc' dir='ltr'>διαπορευόμενον</span> <span class='ocrx_word' id='word_1_710' title='bbox 1041 4515 1099 4567; x_wconf 72' lang='grc' dir='ltr'>ἰν</span> <span class='ocrx_word' id='word_1_711' title='bbox 1124 4516 1191 4583; x_wconf 75' lang='grc' dir='ltr'>τῇ</span> <span class='ocrx_word' id='word_1_712' title='bbox 1236 4511 1420 4583; x_wconf 71' lang='grc' dir='ltr'>ἡμέρᾳ</span> <span class='ocrx_word' id='word_1_713' title='bbox 1458 4510 1663 4581; x_wconf 73' lang='grc' dir='ltr'>εκείνη,</span> <span class='ocrx_word' id='word_1_714' title='bbox 1709 4512 1820 4564; x_wconf 56' lang='grc' dir='ltr'>δταπ</span> 
     </span>
    </p>
   </div>
   <div class='ocr_carea' id='block_1_91' title="bbox 1922 4500 3515 4589">
    <p class='ocr_par' dir='ltr' id='par_1_91' title="bbox 1941 4505 3515 4579">
     <span class='ocr_line' id='line_1_92' title="bbox 1941 4505 3515 4579; baseline -0.005 -12"><span class='ocrx_word' id='word_1_715' title='bbox 1941 4512 1995 4567; x_wconf 89' lang='lat' dir='ltr'><strong>in</strong></span> <span class='ocrx_word' id='word_1_716' title='bbox 2022 4510 2111 4565; x_wconf 86' lang='lat' dir='ltr'><strong>die</strong></span> <span class='ocrx_word' id='word_1_717' title='bbox 2140 4509 2253 4575; x_wconf 86' lang='lat' dir='ltr'><strong>illa,</strong></span> <span class='ocrx_word' id='word_1_718' title='bbox 2279 4524 2400 4564; x_wconf 89' lang='lat' dir='ltr'><strong>cum</strong></span> <span class='ocrx_word' id='word_1_719' title='bbox 2441 4508 2705 4579; x_wconf 88' lang='lat' dir='ltr'><strong>perierint</strong></span> <span class='ocrx_word' id='word_1_720' title='bbox 2726 4508 2903 4573; x_wconf 89' lang='lat' dir='ltr'><strong>multi,</strong></span> <span class='ocrx_word' id='word_1_721' title='bbox 2925 4516 2982 4561; x_wconf 85' lang='lat' dir='ltr'><strong>et</strong></span> <span class='ocrx_word' id='word_1_722' title='bbox 3028 4522 3150 4561; x_wconf 86' lang='lat' dir='ltr'><strong>cum</strong></span> <span class='ocrx_word' id='word_1_723' title='bbox 3202 4505 3515 4562; x_wconf 85' lang='lat' dir='ltr'><strong>ceciderint</strong></span> 
     </span>
    </p>
   </div>
   <div class='ocr_carea' id='block_1_92' title="bbox 266 4598 1820 4674">
    <p class='ocr_par' dir='ltr' id='par_1_92' title="bbox 266 4602 1820 4674">
     <span class='ocr_line' id='line_1_93' title="bbox 266 4602 1820 4674; baseline -0.007 -10"><span class='ocrx_word' id='word_1_724' title='bbox 266 4611 571 4663; x_wconf 75' lang='grc' dir='ltr'>ἀπόλωνται</span> <span class='ocrx_word' id='word_1_725' title='bbox 630 4607 853 4674; x_wconf 76' lang='grc' dir='ltr'>πολλοὶ,</span> <span class='ocrx_word' id='word_1_726' title='bbox 894 4606 991 4660; x_wconf 74' lang='grc' dir='ltr'>καὶ</span> <span class='ocrx_word' id='word_1_727' title='bbox 1043 4605 1173 4659; x_wconf 84' lang='grc' dir='ltr'>ὅταν</span> <span class='ocrx_word' id='word_1_728' title='bbox 1223 4606 1428 4657; x_wconf 82' lang='grc' dir='ltr'>πέσωσι</span> <span class='ocrx_word' id='word_1_729' title='bbox 1485 4602 1704 4674; x_wconf 84' lang='grc' dir='ltr'>πύργοι,</span> <span class='ocrx_word' id='word_1_730' title='bbox 1745 4622 1762 4652; x_wconf 75' lang='grc' dir='ltr'><strong>ι</strong></span> <span class='ocrx_word' id='word_1_731' title='bbox 1806 4604 1820 4653; x_wconf 85' lang='lat' dir='ltr'><strong>i</strong></span> 
     </span>
    </p>
   </div>
   <div class='ocr_carea' id='block_1_93' title="bbox 1922 4598 3518 4674">
    <p class='ocr_par' dir='ltr' id='par_1_93' title="bbox 1943 4598 3518 4669">
     <span class='ocr_line' id='line_1_94' title="bbox 1943 4598 3518 4669; baseline -0.003 -12"><span class='ocrx_word' id='word_1_732' title='bbox 1943 4612 2143 4667; x_wconf 89' lang='lat' dir='ltr'><strong>turres,</strong></span> <span class='ocrx_word' id='word_1_733' title='bbox 2185 4620 2205 4653; x_wconf 75' lang='grc' dir='ltr'><strong>ι</strong></span> <span class='ocrx_word' id='word_1_734' title='bbox 2252 4602 2368 4657; x_wconf 86' lang='lat' dir='ltr'><strong>sive</strong></span> <span class='ocrx_word' id='word_1_735' title='bbox 2404 4602 2700 4657; x_wconf 88' lang='lat' dir='ltr'><strong>secundum</strong></span> <span class='ocrx_word' id='word_1_736' title='bbox 2769 4600 3198 4669; x_wconf 84' lang='lat' dir='ltr'><strong>Symmachum,</strong></span> <span class='ocrx_word' id='word_1_737' title='bbox 3250 4617 3269 4651; x_wconf 82' lang='grc' dir='ltr'><strong>ι</strong></span> <span class='ocrx_word' id='word_1_738' title='bbox 3332 4599 3391 4652; x_wconf 86' lang='grc' dir='ltr'>1η</span> <span class='ocrx_word' id='word_1_739' title='bbox 3428 4598 3518 4652; x_wconf 86' lang='lat' dir='ltr'><strong>die</strong></span> 
     </span>
    </p>
   </div>
   <div class='ocr_carea' id='block_1_94' title="bbox 268 4676 1820 4771">
    <p class='ocr_par' dir='ltr' id='par_1_94' title="bbox 268 4694 1820 4771">
     <span class='ocr_line' id='line_1_95' title="bbox 268 4694 1820 4771; baseline -0.005 -18"><span class='ocrx_word' id='word_1_740' title='bbox 268 4702 406 4755; x_wconf 80' lang='grc' dir='ltr'>κατὰ</span> <span class='ocrx_word' id='word_1_741' title='bbox 427 4701 521 4753; x_wconf 76' lang='grc' dir='ltr'>τὸν</span> <span class='ocrx_word' id='word_1_742' title='bbox 540 4699 853 4771; x_wconf 78' lang='grc' dir='ltr'>Σύμμαχον,</span> <span class='ocrx_word' id='word_1_743' title='bbox 878 4716 895 4745; x_wconf 75' lang='grc' dir='ltr'><strong>ι</strong></span> <span class='ocrx_word' id='word_1_744' title='bbox 923 4698 979 4750; x_wconf 82' lang='grc' dir='ltr'>ὲν</span> <span class='ocrx_word' id='word_1_745' title='bbox 995 4696 1177 4767; x_wconf 76' lang='grc' dir='ltr'>ήμέρᾳ</span> <span class='ocrx_word' id='word_1_746' title='bbox 1199 4696 1411 4765; x_wconf 80' lang='grc' dir='ltr'>σφαγῆς</span> <span class='ocrx_word' id='word_1_747' title='bbox 1437 4694 1654 4765; x_wconf 84' lang='grc' dir='ltr'>πολλῆς,</span> <span class='ocrx_word' id='word_1_748' title='bbox 1684 4696 1741 4752; x_wconf 70' lang='grc' dir='ltr'>ὲν</span> <span class='ocrx_word' id='word_1_749' title='bbox 1763 4694 1820 4763; x_wconf 63' lang='grc' dir='ltr'>τᾷ</span> 
     </span>
    </p>
   </div>
   <div class='ocr_carea' id='block_1_95' title="bbox 1922 4676 3518 4771">
    <p class='ocr_par' dir='ltr' id='par_1_95' title="bbox 1941 4676 3518 4761">
     <span class='ocr_line' id='line_1_96' title="bbox 1941 4676 3518 4761; baseline -0.004 -12"><span class='ocrx_word' id='word_1_750' title='bbox 1941 4694 2103 4749; x_wconf 63' lang='lat' dir='ltr'><strong>cadis</strong></span> <span class='ocrx_word' id='word_1_751' title='bbox 2130 4692 2329 4757; x_wconf 68' lang='lat' dir='ltr'><strong>multae,</strong></span> <span class='ocrx_word' id='word_1_752' title='bbox 2360 4707 2481 4746; x_wconf 84' lang='lat' dir='ltr'><strong>cum</strong></span> <span class='ocrx_word' id='word_1_753' title='bbox 2502 4691 2699 4746; x_wconf 88' lang='lat' dir='ltr'><strong>cadent</strong></span> <span class='ocrx_word' id='word_1_754' title='bbox 2720 4690 2923 4761; x_wconf 81' lang='lat' dir='ltr'><strong>magni.</strong></span> <span class='ocrx_word' id='word_1_755' title='bbox 2958 4709 2978 4743; x_wconf 73' lang='grc' dir='ltr'><strong>ι</strong></span> <span class='ocrx_word' id='word_1_756' title='bbox 3023 4676 3378 4757; x_wconf 86' lang='lat' dir='ltr'><strong>Quandonam</strong></span> <span class='ocrx_word' id='word_1_757' title='bbox 3407 4704 3518 4743; x_wconf 80' lang='lat' dir='ltr'><strong>ca:-</strong></span> 
     </span>
    </p>
   </div>
   <div class='ocr_carea' id='block_1_96' title="bbox 271 4781 1820 4864">
    <p class='ocr_par' dir='ltr' id='par_1_96' title="bbox 271 4786 1820 4864">
     <span class='ocr_line' id='line_1_97' title="bbox 271 4786 1820 4864; baseline -0.006 -18"><span class='ocrx_word' id='word_1_758' title='bbox 271 4796 451 4846; x_wconf 86' lang='grc' dir='ltr'>πεσεῖν</span> <span class='ocrx_word' id='word_1_759' title='bbox 482 4790 798 4864; x_wconf 76' lang='grc' dir='ltr'>μεγάλως.»</span> <span class='ocrx_word' id='word_1_760' title='bbox 823 4790 960 4843; x_wconf 84' lang='grc' dir='ltr'>Πότε</span> <span class='ocrx_word' id='word_1_761' title='bbox 988 4788 1043 4841; x_wconf 81' lang='grc' dir='ltr'>δὲ</span> <span class='ocrx_word' id='word_1_762' title='bbox 1071 4788 1221 4841; x_wconf 78' lang='grc' dir='ltr'>ἔσται</span> <span class='ocrx_word' id='word_1_763' title='bbox 1245 4789 1279 4856; x_wconf 91' lang='grc' dir='ltr'><strong>ή</strong></span> <span class='ocrx_word' id='word_1_764' title='bbox 1314 4787 1481 4856; x_wconf 86' lang='grc' dir='ltr'>πολλὴ</span> <span class='ocrx_word' id='word_1_765' title='bbox 1511 4786 1713 4856; x_wconf 75' lang='grc' dir='ltr'>σφαγὴ,</span> <span class='ocrx_word' id='word_1_766' title='bbox 1748 4787 1820 4837; x_wconf 74' lang='grc' dir='ltr'><strong>κα</strong></span> 
     </span>
    </p>
   </div>
   <div class='ocr_carea' id='block_1_97' title="bbox 1922 4781 3511 4864">
    <p class='ocr_par' dir='ltr' id='par_1_97' title="bbox 1942 4781 3511 4853">
     <span class='ocr_line' id='line_1_98' title="bbox 1942 4781 3511 4853; baseline -0.004 -13"><span class='ocrx_word' id='word_1_767' title='bbox 1942 4787 2037 4840; x_wconf 86' lang='lat' dir='ltr'><strong>des</strong></span> <span class='ocrx_word' id='word_1_768' title='bbox 2071 4785 2239 4839; x_wconf 90' lang='lat' dir='ltr'><strong>multa</strong></span> <span class='ocrx_word' id='word_1_769' title='bbox 2267 4785 2563 4853; x_wconf 82' lang='lat' dir='ltr'><strong>continget,</strong></span> <span class='ocrx_word' id='word_1_770' title='bbox 2592 4793 2648 4838; x_wconf 90' lang='lat' dir='ltr'><strong>et</strong></span> <span class='ocrx_word' id='word_1_771' title='bbox 2674 4784 3019 4852; x_wconf 84' lang='lat' dir='ltr'><strong>quandonam</strong></span> <span class='ocrx_word' id='word_1_772' title='bbox 3057 4782 3234 4852; x_wconf 87' lang='lat' dir='ltr'><strong>magni</strong></span> <span class='ocrx_word' id='word_1_773' title='bbox 3281 4781 3511 4847; x_wconf 84' lang='lat' dir='ltr'><strong>cadent,</strong></span> 
     </span>
    </p>
   </div>
   <div class='ocr_carea' id='block_1_98' title="bbox 271 4871 1820 4951">
    <p class='ocr_par' dir='ltr' id='par_1_98' title="bbox 271 4877 1820 4951">
     <span class='ocr_line' id='line_1_99' title="bbox 271 4877 1820 4951; baseline -0.004 -14"><span class='ocrx_word' id='word_1_774' title='bbox 271 4885 397 4937; x_wconf 84' lang='grc' dir='ltr'>πότε</span> <span class='ocrx_word' id='word_1_775' title='bbox 426 4883 718 4937; x_wconf 77' lang='grc' dir='ltr'>πεσοῦνται</span> <span class='ocrx_word' id='word_1_776' title='bbox 745 4883 794 4935; x_wconf 85' lang='grc' dir='ltr'>οἱ</span> <span class='ocrx_word' id='word_1_777' title='bbox 825 4881 1070 4951; x_wconf 85' lang='grc' dir='ltr'>μεγάλοι,</span> <span class='ocrx_word' id='word_1_778' title='bbox 1104 4880 1138 4951; x_wconf 78' lang='grc' dir='ltr'>ἢ</span> <span class='ocrx_word' id='word_1_779' title='bbox 1183 4878 1325 4931; x_wconf 84' lang='grc' dir='ltr'>κατὰ</span> <span class='ocrx_word' id='word_1_780' title='bbox 1350 4878 1441 4930; x_wconf 81' lang='grc' dir='ltr'>τὸν</span> <span class='ocrx_word' id='word_1_781' title='bbox 1492 4877 1683 4949; x_wconf 81' lang='grc' dir='ltr'>καιρὸν</span> <span class='ocrx_word' id='word_1_782' title='bbox 1739 4878 1820 4947; x_wconf 76' lang='grc' dir='ltr'>τῆς</span> 
     </span>
    </p>
   </div>
   <div class='ocr_carea' id='block_1_99' title="bbox 1922 4871 3516 4951">
    <p class='ocr_par' dir='ltr' id='par_1_99' title="bbox 1939 4871 3516 4944">
     <span class='ocr_line' id='line_1_100' title="bbox 1939 4871 3516 4944; baseline -0.003 -14"><span class='ocrx_word' id='word_1_783' title='bbox 1939 4875 2042 4930; x_wconf 89' lang='lat' dir='ltr'><strong>nisi</strong></span> <span class='ocrx_word' id='word_1_784' title='bbox 2077 4885 2317 4944; x_wconf 88' lang='lat' dir='ltr'><strong>tempore</strong></span> <span class='ocrx_word' id='word_1_785' title='bbox 2350 4872 2676 4927; x_wconf 85' lang='lat' dir='ltr'><strong>universalis</strong></span> <span class='ocrx_word' id='word_1_786' title='bbox 2698 4871 2909 4939; x_wconf 86' lang='lat' dir='ltr'><strong>judieii,</strong></span> <span class='ocrx_word' id='word_1_787' title='bbox 2941 4871 3082 4939; x_wconf 86' lang='lat' dir='ltr'><strong>quod</strong></span> <span class='ocrx_word' id='word_1_788' title='bbox 3118 4880 3238 4940; x_wconf 87' lang='lat' dir='ltr'><strong>post</strong></span> <span class='ocrx_word' id='word_1_789' title='bbox 3260 4884 3516 4925; x_wconf 88' lang='lat' dir='ltr'><strong>consum-</strong></span> 
     </span>
    </p>
   </div>
   <div class='ocr_carea' id='block_1_100' title="bbox 271 4960 1820 5043">
    <p class='ocr_par' dir='ltr' id='par_1_100' title="bbox 271 4968 1820 5043">
     <span class='ocr_line' id='line_1_101' title="bbox 271 4968 1820 5043; baseline -0.005 -16"><span class='ocrx_word' id='word_1_790' title='bbox 271 4972 495 5027; x_wconf 86' lang='grc' dir='ltr'>καθόλου</span> <span class='ocrx_word' id='word_1_791' title='bbox 524 4973 754 5043; x_wconf 83' lang='grc' dir='ltr'>κρίσεως</span> <span class='ocrx_word' id='word_1_792' title='bbox 774 4971 873 5041; x_wconf 80' lang='grc' dir='ltr'>τῆς</span> <span class='ocrx_word' id='word_1_793' title='bbox 892 4970 1031 5042; x_wconf 80' lang='grc' dir='ltr'>μετὰ</span> <span class='ocrx_word' id='word_1_794' title='bbox 1055 4969 1156 5039; x_wconf 80' lang='grc' dir='ltr'>τὴν</span> <span class='ocrx_word' id='word_1_795' title='bbox 1188 4968 1495 5021; x_wconf 81' lang='grc' dir='ltr'>συντέλειαν</span> <span class='ocrx_word' id='word_1_796' title='bbox 1522 4968 1615 5021; x_wconf 90' lang='grc' dir='ltr'><strong>τοῦ</strong></span> <span class='ocrx_word' id='word_1_797' title='bbox 1644 4968 1820 5021; x_wconf 82' lang='grc' dir='ltr'>αίῶνο‹</span> 
     </span>
    </p>
   </div>
   <div class='ocr_carea' id='block_1_101' title="bbox 1922 4960 3520 5043">
    <p class='ocr_par' dir='ltr' id='par_1_101' title="bbox 1942 4960 3520 5032">
     <span class='ocr_line' id='line_1_102' title="bbox 1942 4960 3520 5032; baseline -0.004 -10"><span class='ocrx_word' id='word_1_798' title='bbox 1942 4966 2235 5022; x_wconf 89' lang='lat' dir='ltr'><strong>mationem</strong></span> <span class='ocrx_word' id='word_1_799' title='bbox 2266 4964 2450 5020; x_wconf 67' lang='lat' dir='ltr'><strong>saeculi</strong></span> <span class='ocrx_word' id='word_1_800' title='bbox 2478 4963 2638 5032; x_wconf 73' lang='lat' dir='ltr'><strong>liuius</strong></span> <span class='ocrx_word' id='word_1_801' title='bbox 2669 4964 2951 5020; x_wconf 82' lang='lat' dir='ltr'><strong>ferendum</strong></span> <span class='ocrx_word' id='word_1_802' title='bbox 2975 4962 3096 5017; x_wconf 83' lang='lat' dir='ltr'><strong>est?</strong></span> <span class='ocrx_word' id='word_1_803' title='bbox 3120 4960 3299 5029; x_wconf 87' lang='lat' dir='ltr'><strong>Quare</strong></span> <span class='ocrx_word' id='word_1_804' title='bbox 3327 4977 3520 5017; x_wconf 82' lang='lat' dir='ltr'><strong>secun-</strong></span> 
     </span>
    </p>
   </div>
   <div class='ocr_carea' id='block_1_102' title="bbox 270 5052 1820 5133">
    <p class='ocr_par' dir='ltr' id='par_1_102' title="bbox 270 5056 1820 5133">
     <span class='ocr_line' id='line_1_103' title="bbox 270 5056 1820 5133; baseline -0.005 -15"><span class='ocrx_word' id='word_1_805' title='bbox 270 5064 453 5119; x_wconf 80' lang='grc' dir='ltr'>τούτου</span> <span class='ocrx_word' id='word_1_806' title='bbox 469 5063 839 5133; x_wconf 81' lang='grc' dir='ltr'>γεγενημένης</span> <span class='ocrx_word' id='word_1_807' title='bbox 856 5061 990 5132; x_wconf 71' lang='lat'><strong>(38);</strong></span> <span class='ocrx_word' id='word_1_808' title='bbox 1018 5061 1107 5113; x_wconf 78' lang='grc' dir='ltr'><strong>Διὸ</strong></span> <span class='ocrx_word' id='word_1_809' title='bbox 1122 5058 1335 5130; x_wconf 72' lang='grc' dir='ltr'>εἴρηται</span> <span class='ocrx_word' id='word_1_810' title='bbox 1354 5059 1494 5113; x_wconf 83' lang='grc' dir='ltr'>κατὰ</span> <span class='ocrx_word' id='word_1_811' title='bbox 1517 5059 1643 5121; x_wconf 84' lang='grc' dir='ltr'>τοὺς</span> <span class='ocrx_word' id='word_1_812' title='bbox 1656 5056 1820 5111; x_wconf 64' lang='lat'><strong>15660-</strong></span> 
     </span>
    </p>
   </div>
   <div class='ocr_carea' id='block_1_103' title="bbox 1922 5052 3516 5133">
    <p class='ocr_par' dir='ltr' id='par_1_103' title="bbox 1945 5052 3516 5126">
     <span class='ocr_line' id='line_1_104' title="bbox 1945 5052 3516 5126; baseline -0.002 -16"><span class='ocrx_word' id='word_1_813' title='bbox 1945 5057 2070 5111; x_wconf 89' lang='lat' dir='ltr'><strong>dum</strong></span> <span class='ocrx_word' id='word_1_814' title='bbox 2090 5052 2233 5109; x_wconf 79' lang='lat' dir='ltr'><strong>LXX</strong></span> <span class='ocrx_word' id='word_1_815' title='bbox 2252 5054 2580 5126; x_wconf 85' lang='lat' dir='ltr'><strong>interpretes</strong></span> <span class='ocrx_word' id='word_1_816' title='bbox 2603 5054 2821 5117; x_wconf 85' lang='lat' dir='ltr'><strong>dicitur,</strong></span> <span class='ocrx_word' id='word_1_817' title='bbox 2861 5074 2880 5106; x_wconf 79' lang='grc' dir='ltr'><strong>ι</strong></span> <span class='ocrx_word' id='word_1_818' title='bbox 2908 5069 3031 5108; x_wconf 86' lang='lat' dir='ltr'><strong>cum</strong></span> <span class='ocrx_word' id='word_1_819' title='bbox 3074 5053 3273 5107; x_wconf 90' lang='lat' dir='ltr'><strong>cadent</strong></span> <span class='ocrx_word' id='word_1_820' title='bbox 3315 5062 3516 5115; x_wconf 86' lang='lat' dir='ltr'><strong>turres,</strong></span> 
     </span>
    </p>
   </div>
   <div class='ocr_carea' id='block_1_104' title="bbox 277 5134 1820 5228">
    <p class='ocr_par' dir='ltr' id='par_1_104' title="bbox 277 5150 1820 5228">
     <span class='ocr_line' id='line_1_105' title="bbox 277 5150 1820 5228; baseline -0.005 -18"><span class='ocrx_word' id='word_1_821' title='bbox 277 5156 536 5228; x_wconf 79' lang='grc' dir='ltr'>μήκοντα,</span> <span class='ocrx_word' id='word_1_822' title='bbox 572 5173 592 5206; x_wconf 81' lang='grc' dir='ltr'><strong>ι</strong></span> <span class='ocrx_word' id='word_1_823' title='bbox 626 5156 790 5208; x_wconf 84' lang='grc' dir='ltr'>Ὅταν</span> <span class='ocrx_word' id='word_1_824' title='bbox 832 5154 1038 5207; x_wconf 80' lang='grc' dir='ltr'>πέσωσι</span> <span class='ocrx_word' id='word_1_825' title='bbox 1064 5151 1283 5224; x_wconf 83' lang='grc' dir='ltr'>πύργοι,</span> <span class='ocrx_word' id='word_1_826' title='bbox 1312 5150 1407 5204; x_wconf 79' lang='grc' dir='ltr'>καὶ</span> <span class='ocrx_word' id='word_1_827' title='bbox 1446 5151 1571 5204; x_wconf 82' lang='grc' dir='ltr'>ὅταν</span> <span class='ocrx_word' id='word_1_828' title='bbox 1594 5150 1820 5204; x_wconf 79' lang='grc' dir='ltr'>ἀπόλων-</span> 
     </span>
    </p>
   </div>
   <div class='ocr_carea' id='block_1_105' title="bbox 1922 5134 3513 5228">
    <p class='ocr_par' dir='ltr' id='par_1_105' title="bbox 1943 5134 3513 5215">
     <span class='ocr_line' id='line_1_106' title="bbox 1943 5134 3513 5215; baseline -0.005 -10"><span class='ocrx_word' id='word_1_829' title='bbox 1943 5156 1998 5205; x_wconf 83' lang='lat' dir='ltr'><strong>et</strong></span> <span class='ocrx_word' id='word_1_830' title='bbox 2039 5161 2160 5203; x_wconf 90' lang='lat' dir='ltr'><strong>eum</strong></span> <span class='ocrx_word' id='word_1_831' title='bbox 2196 5146 2446 5215; x_wconf 79' lang='lat' dir='ltr'><strong>peribunt</strong></span> <span class='ocrx_word' id='word_1_832' title='bbox 2502 5146 2675 5199; x_wconf 90' lang='lat' dir='ltr'><strong>multi.</strong></span> <span class='ocrx_word' id='word_1_833' title='bbox 2715 5163 2735 5197; x_wconf 72' lang='grc' dir='ltr'><strong>ι</strong></span> <span class='ocrx_word' id='word_1_834' title='bbox 2795 5146 2929 5200; x_wconf 82' lang='lat' dir='ltr'><strong>Nam</strong></span> <span class='ocrx_word' id='word_1_835' title='bbox 2987 5160 3051 5200; x_wconf 88' lang='lat' dir='ltr'><strong>eo</strong></span> <span class='ocrx_word' id='word_1_836' title='bbox 3082 5134 3324 5212; x_wconf 82' lang='lat' dir='ltr'><strong>tempore</strong></span> <span class='ocrx_word' id='word_1_837' title='bbox 3358 5143 3513 5197; x_wconf 89' lang='lat' dir='ltr'><strong>multi</strong></span> 
     </span>
    </p>
   </div>
   <div class='ocr_carea' id='block_1_106' title="bbox 274 5233 1820 5314">
    <p class='ocr_par' dir='ltr' id='par_1_106' title="bbox 274 5239 1815 5314">
     <span class='ocr_line' id='line_1_107' title="bbox 274 5239 1815 5314; baseline -0.006 -14"><span class='ocrx_word' id='word_1_838' title='bbox 274 5263 358 5300; x_wconf 86' lang='grc' dir='ltr'><strong>ται</strong></span> <span class='ocrx_word' id='word_1_839' title='bbox 398 5245 601 5300; x_wconf 79' lang='grc' dir='ltr'>πολλοίῖ</span> <span class='ocrx_word' id='word_1_840' title='bbox 635 5263 654 5296; x_wconf 74' lang='grc' dir='ltr'><strong>ι</strong></span> <span class='ocrx_word' id='word_1_841' title='bbox 692 5242 883 5296; x_wconf 59' lang='grc' dir='ltr'><strong>Πολλοὶ⁸</strong></span> <span class='ocrx_word' id='word_1_842' title='bbox 923 5243 1031 5314; x_wconf 82' lang='grc' dir='ltr'>γὰρ</span> <span class='ocrx_word' id='word_1_843' title='bbox 1090 5242 1208 5295; x_wconf 82' lang='grc' dir='ltr'>κατ’</span> <span class='ocrx_word' id='word_1_844' title='bbox 1269 5242 1471 5294; x_wconf 76' lang='grc' dir='ltr'>ἐκεῖνον</span> <span class='ocrx_word' id='word_1_845' title='bbox 1513 5239 1815 5293; x_wconf 87' lang='grc' dir='ltr'>ἀπολοῦντα</span> 
     </span>
    </p>
   </div>
   <div class='ocr_carea' id='block_1_107' title="bbox 1922 5233 3523 5314">
    <p class='ocr_par' dir='ltr' id='par_1_107' title="bbox 1946 5233 3523 5310">
     <span class='ocr_line' id='line_1_108' title="bbox 1946 5233 3523 5310; baseline -0.005 -15"><span class='ocrx_word' id='word_1_846' title='bbox 1946 5240 2217 5310; x_wconf 89' lang='lat' dir='ltr'><strong>peribunt,</strong></span> <span class='ocrx_word' id='word_1_847' title='bbox 2250 5253 2358 5306; x_wconf 89' lang='lat' dir='ltr'><strong>quo</strong></span> <span class='ocrx_word' id='word_1_848' title='bbox 2392 5238 2481 5301; x_wconf 88' lang='lat' dir='ltr'><strong>iis,</strong></span> <span class='ocrx_word' id='word_1_849' title='bbox 2506 5238 2596 5306; x_wconf 88' lang='lat' dir='ltr'><strong>qui</strong></span> <span class='ocrx_word' id='word_1_850' title='bbox 2625 5236 2772 5307; x_wconf 84' lang='lat' dir='ltr'><strong>digni</strong></span> <span class='ocrx_word' id='word_1_851' title='bbox 2811 5244 2989 5299; x_wconf 92' lang='lat' dir='ltr'><strong>erunt,</strong></span> <span class='ocrx_word' id='word_1_852' title='bbox 3034 5233 3304 5304; x_wconf 86' lang='lat' dir='ltr'><strong>promissa</strong></span> <span class='ocrx_word' id='word_1_853' title='bbox 3357 5234 3523 5288; x_wconf 84' lang='lat' dir='ltr'><strong>retri-</strong></span> 
     </span>
    </p>
   </div>
   <div class='ocr_carea' id='block_1_108' title="bbox 277 5325 1820 5407">
    <p class='ocr_par' dir='ltr' id='par_1_108' title="bbox 277 5327 1820 5407">
     <span class='ocr_line' id='line_1_109' title="bbox 277 5327 1820 5407; baseline -0.005 -18"><span class='ocrx_word' id='word_1_854' title='bbox 277 5335 362 5389; x_wconf 82' lang='grc' dir='ltr'><strong>τδν</strong></span> <span class='ocrx_word' id='word_1_855' title='bbox 388 5336 598 5407; x_wconf 83' lang='grc' dir='ltr'>χρόνον,</span> <span class='ocrx_word' id='word_1_856' title='bbox 632 5334 691 5386; x_wconf 76' lang='grc' dir='ltr'>ὲν</span> <span class='ocrx_word' id='word_1_857' title='bbox 736 5327 779 5399; x_wconf 79' lang='grc' dir='ltr'>ᾧ</span> <span class='ocrx_word' id='word_1_858' title='bbox 822 5334 915 5386; x_wconf 58' lang='grc' dir='ltr'><strong>καὶ⁵</strong></span> <span class='ocrx_word' id='word_1_859' title='bbox 961 5331 1031 5385; x_wconf 84' lang='grc' dir='ltr'><strong>τά</strong></span> <span class='ocrx_word' id='word_1_860' title='bbox 1075 5330 1457 5402; x_wconf 71' lang='grc' dir='ltr'>ἐπηγγελμένα</span> <span class='ocrx_word' id='word_1_861' title='bbox 1505 5331 1615 5393; x_wconf 85' lang='grc' dir='ltr'>τοῖς</span> <span class='ocrx_word' id='word_1_862' title='bbox 1670 5329 1820 5396; x_wconf 71' lang='grc' dir='ltr'>ἀξίοις</span> 
     </span>
    </p>
   </div>
   <div class='ocr_carea' id='block_1_109' title="bbox 1922 5325 3521 5407">
    <p class='ocr_par' dir='ltr' id='par_1_109' title="bbox 1946 5325 3521 5398">
     <span class='ocr_line' id='line_1_110' title="bbox 1946 5325 3521 5398; baseline -0.004 -11"><span class='ocrx_word' id='word_1_863' title='bbox 1946 5333 2195 5387; x_wconf 90' lang='lat' dir='ltr'><strong>buentur.</strong></span> <span class='ocrx_word' id='word_1_864' title='bbox 2235 5328 2334 5385; x_wconf 84' lang='lat' dir='ltr'><strong>Hic</strong></span> <span class='ocrx_word' id='word_1_865' title='bbox 2374 5342 2538 5398; x_wconf 86' lang='lat' dir='ltr'><strong>porro</strong></span> <span class='ocrx_word' id='word_1_866' title='bbox 2565 5342 2739 5397; x_wconf 87' lang='lat' dir='ltr'><strong>neque</strong></span> <span class='ocrx_word' id='word_1_867' title='bbox 2782 5327 3035 5383; x_wconf 83' lang='lat' dir='ltr'><strong>israelem</strong></span> <span class='ocrx_word' id='word_1_868' title='bbox 3082 5340 3256 5395; x_wconf 88' lang='lat' dir='ltr'><strong>neque</strong></span> <span class='ocrx_word' id='word_1_869' title='bbox 3302 5325 3521 5380; x_wconf 63' lang='lat' dir='ltr'><strong>Julia-os</strong></span> 
     </span>
    </p>
   </div>
   <div class='ocr_carea' id='block_1_110' title="bbox 278 5418 1820 5495">
    <p class='ocr_par' dir='ltr' id='par_1_110' title="bbox 278 5420 1820 5495">
     <span class='ocr_line' id='line_1_111' title="bbox 278 5420 1820 5495; baseline -0.005 -15"><span class='ocrx_word' id='word_1_870' title='bbox 278 5427 684 5495; x_wconf 80' lang='grc' dir='ltr'>ἀποδοθήσεται.</span> <span class='ocrx_word' id='word_1_871' title='bbox 753 5423 1011 5477; x_wconf 82' lang='grc' dir='ltr'>Ἐνταῦθα</span> <span class='ocrx_word' id='word_1_872' title='bbox 1066 5422 1191 5476; x_wconf 78' lang='grc' dir='ltr'>οὕτε</span> <span class='ocrx_word' id='word_1_873' title='bbox 1240 5421 1333 5475; x_wconf 89' lang='grc' dir='ltr'><strong>τοῦ</strong></span> <span class='ocrx_word' id='word_1_874' title='bbox 1372 5420 1582 5493; x_wconf 81' lang='grc' dir='ltr'>Ἰσραὴλ</span> <span class='ocrx_word' id='word_1_875' title='bbox 1634 5438 1820 5491; x_wconf 79' lang='grc' dir='ltr'>μνημο</span> 
     </span>
    </p>
   </div>
   <div class='ocr_carea' id='block_1_111' title="bbox 1922 5418 3520 5495">
    <p class='ocr_par' dir='ltr' id='par_1_111' title="bbox 1947 5418 3520 5490">
     <span class='ocr_line' id='line_1_112' title="bbox 1947 5418 3520 5490; baseline -0.004 -12"><span class='ocrx_word' id='word_1_876' title='bbox 1947 5431 2235 5486; x_wconf 85' lang='lat' dir='ltr'><strong>memorat,</strong></span> <span class='ocrx_word' id='word_1_877' title='bbox 2263 5422 2359 5478; x_wconf 87' lang='lat' dir='ltr'><strong>sed</strong></span> <span class='ocrx_word' id='word_1_878' title='bbox 2378 5420 2631 5490; x_wconf 73' lang='lat' dir='ltr'><strong>pupulum</strong></span> <span class='ocrx_word' id='word_1_879' title='bbox 2662 5435 2856 5483; x_wconf 85' lang='lat' dir='ltr'><strong>suum;</strong></span> <span class='ocrx_word' id='word_1_880' title='bbox 2887 5419 2960 5473; x_wconf 88' lang='lat' dir='ltr'><strong>ita</strong></span> <span class='ocrx_word' id='word_1_881' title='bbox 2992 5428 3070 5484; x_wconf 90' lang='lat' dir='ltr'><strong>ut,</strong></span> <span class='ocrx_word' id='word_1_882' title='bbox 3116 5418 3349 5485; x_wconf 83' lang='lat' dir='ltr'><strong>expletis</strong></span> <span class='ocrx_word' id='word_1_883' title='bbox 3394 5432 3520 5484; x_wconf 85' lang='lat' dir='ltr'><strong>pro-</strong></span> 
     </span>
    </p>
   </div>
   <div class='ocr_carea' id='block_1_112' title="bbox 280 5506 1820 5583">
    <p class='ocr_par' dir='ltr' id='par_1_112' title="bbox 280 5512 1817 5583">
     <span class='ocr_line' id='line_1_113' title="bbox 280 5512 1817 5583; baseline -0.003 -13"><span class='ocrx_word' id='word_1_884' title='bbox 280 5517 436 5583; x_wconf 84' lang='grc' dir='ltr'>νεύει,</span> <span class='ocrx_word' id='word_1_885' title='bbox 458 5516 580 5569; x_wconf 78' lang='grc' dir='ltr'>οὐδὲ</span> <span class='ocrx_word' id='word_1_886' title='bbox 605 5517 740 5580; x_wconf 78' lang='grc' dir='ltr'>ὅλως</span> <span class='ocrx_word' id='word_1_887' title='bbox 772 5515 881 5569; x_wconf 84' lang='grc' dir='ltr'><strong>τῶν</strong></span> <span class='ocrx_word' id='word_1_888' title='bbox 907 5515 1194 5579; x_wconf 75' lang='grc' dir='ltr'>Ἰουδαίων,</span> <span class='ocrx_word' id='word_1_889' title='bbox 1215 5513 1350 5567; x_wconf 83' lang='grc' dir='ltr'>ἀλλὰ</span> <span class='ocrx_word' id='word_1_890' title='bbox 1371 5513 1464 5566; x_wconf 87' lang='grc' dir='ltr'><strong>τοῦ</strong></span> <span class='ocrx_word' id='word_1_891' title='bbox 1496 5512 1817 5580; x_wconf 13' lang='grc' dir='ltr'>λωῦξαύτοῦ</span> 
     </span>
    </p>
   </div>
   <div class='ocr_carea' id='block_1_113' title="bbox 1922 5506 3529 5583">
    <p class='ocr_par' dir='ltr' id='par_1_113' title="bbox 1941 5506 3529 5583">
     <span class='ocr_line' id='line_1_114' title="bbox 1941 5506 3529 5583; baseline -0.002 -15"><span class='ocrx_word' id='word_1_892' title='bbox 1941 5512 2313 5580; x_wconf 82' lang='lat' dir='ltr'><strong>missionibus,</strong></span> <span class='ocrx_word' id='word_1_893' title='bbox 2354 5527 2545 5569; x_wconf 88' lang='lat' dir='ltr'><strong>omnes</strong></span> <span class='ocrx_word' id='word_1_894' title='bbox 2573 5512 2666 5582; x_wconf 87' lang='lat' dir='ltr'><strong>qui</strong></span> <span class='ocrx_word' id='word_1_895' title='bbox 2705 5512 2850 5583; x_wconf 82' lang='lat' dir='ltr'><strong>digni</strong></span> <span class='ocrx_word' id='word_1_896' title='bbox 2883 5520 3040 5566; x_wconf 86' lang='lat' dir='ltr'><strong>erunt</strong></span> <span class='ocrx_word' id='word_1_897' title='bbox 3064 5550 3077 5573; x_wconf 89' lang='lat'><strong>,</strong></span> <span class='ocrx_word' id='word_1_898' title='bbox 3129 5509 3355 5579; x_wconf 88' lang='lat' dir='ltr'><strong>populus</strong></span> <span class='ocrx_word' id='word_1_899' title='bbox 3424 5506 3529 5571; x_wconf 79' lang='lat' dir='ltr'><strong>Det</strong></span> 
     </span>
    </p>
   </div>
   <div class='ocr_carea' id='block_1_114' title="bbox 279 5604 1820 5679">
    <p class='ocr_par' dir='ltr' id='par_1_114' title="bbox 279 5604 1820 5679">
     <span class='ocr_line' id='line_1_115' title="bbox 279 5604 1820 5679; baseline -0.003 -16"><span class='ocrx_word' id='word_1_900' title='bbox 279 5610 353 5672; x_wconf 79' lang='grc' dir='ltr'>ὡς</span> <span class='ocrx_word' id='word_1_901' title='bbox 382 5609 587 5671; x_wconf 78' lang='grc' dir='ltr'>πάντας</span> <span class='ocrx_word' id='word_1_902' title='bbox 637 5610 761 5670; x_wconf 79' lang='grc' dir='ltr'>τοὺς</span> <span class='ocrx_word' id='word_1_903' title='bbox 790 5607 975 5673; x_wconf 82' lang='grc' dir='ltr'>ἀξίους</span> <span class='ocrx_word' id='word_1_904' title='bbox 1012 5607 1370 5679; x_wconf 76' lang='grc' dir='ltr'>χρηματίζειν</span> <span class='ocrx_word' id='word_1_905' title='bbox 1397 5605 1524 5661; x_wconf 82' lang='grc' dir='ltr'>λαὸν</span> <span class='ocrx_word' id='word_1_906' title='bbox 1553 5604 1708 5673; x_wconf 82' lang='grc' dir='ltr'>Θεοῦ,</span> <span class='ocrx_word' id='word_1_907' title='bbox 1744 5605 1820 5658; x_wconf 61' lang='grc' dir='ltr'><strong>τῦ</strong></span> 
     </span>
    </p>
   </div>
   <div class='ocr_carea' id='block_1_115' title="bbox 1922 5604 2313 5679">
    <p class='ocr_par' dir='ltr' id='par_1_115' title="bbox 1942 5606 2313 5662">
     <span class='ocr_line' id='line_1_116' title="bbox 1942 5606 2313 5662; baseline -0.008 0"><span class='ocrx_word' id='word_1_908' title='bbox 1942 5606 2313 5662; x_wconf 87' lang='lat' dir='ltr'><strong>nominentur.</strong></span> 
     </span>
    </p>
   </div>
   <div class='ocr_carea' id='block_1_116' title="bbox 282 5699 1051 5769">
    <p class='ocr_par' dir='ltr' id='par_1_116' title="bbox 282 5699 1051 5769">
     <span class='ocr_line' id='line_1_117' title="bbox 282 5699 1051 5769; baseline -0.005 -15"><span class='ocrx_word' id='word_1_909' title='bbox 282 5700 604 5769; x_wconf 70' lang='grc' dir='ltr'>ἐπαγγελίας</span> <span class='ocrx_word' id='word_1_910' title='bbox 627 5700 857 5763; x_wconf 81' lang='grc' dir='ltr'>ὲξαπλου</span> <span class='ocrx_word' id='word_1_911' title='bbox 865 5699 1051 5769; x_wconf 84' lang='grc' dir='ltr'>μένης.</span> 
     </span>
    </p>
   </div>
   <div class='ocr_carea' id='block_1_117' title="bbox 348 5810 1399 5885">
    <p class='ocr_par' dir='ltr' id='par_1_117' title="bbox 348 5810 1399 5885">
     <span class='ocr_line' id='line_1_118' title="bbox 348 5810 1399 5885; baseline -0.001 -18"><span class='ocrx_word' id='word_1_912' title='bbox 348 5810 461 5883; x_wconf 77' lang='lat'><strong>(38)</strong></span> <span class='ocrx_word' id='word_1_913' title='bbox 499 5810 664 5868; x_wconf 83' lang='lat' dir='ltr'><strong>Forte</strong></span> <span class='ocrx_word' id='word_1_914' title='bbox 695 5810 796 5882; x_wconf 69' lang='lat' dir='ltr'><strong>leg.</strong></span> <span class='ocrx_word' id='word_1_915' title='bbox 832 5811 1217 5885; x_wconf 78' lang='grc' dir='ltr'>γενησομένης.</span> <span class='ocrx_word' id='word_1_916' title='bbox 1246 5811 1399 5867; x_wconf 79' lang='lat' dir='ltr'><strong>Eutr.</strong></span> 
     </span>
    </p>
   </div>
  </div>
