4120 6294
580 371 675 426 3H

1254 364 1519 421 EUSEBII
1554 356 2028 421 CESARIENSIS
2063 363 2208 420 OPP.
2249 362 2427 419 PARS
2467 363 2552 418 Ill.
2591 392 2662 404 —-
2694 358 3097 418 EXEGETICA.

3689 361 3799 418 διε

655 489 818 542 Vens.
845 486 936 551 26,
971 486 1059 539 27.
1099 503 1119 536 ι
1163 485 1227 538 Et
1245 485 1349 538 crit
1378 483 1463 536 lux
1490 483 1650 549 luute,
1679 486 1830 554 quasi
1861 486 1947 539 lux
1977 487 2128 550 solis,

2302 504 2321 535 ‹
2359 484 2468 537 Καὶ
2495 483 2646 536 ἔσται
2691 483 2751 536 τὸ
2783 482 2898 552 φῶς
2947 481 3046 552 τῆς
3075 480 3304 550 σελήνης
3330 479 3410 542 ὡς
3436 479 3498 533 τδ
3536 477 3655 550 φῶς
3698 480 3796 535 τοῦ

583 579 739 634 ctlux
769 578 902 632 soils
926 579 1031 632 erit
1054 574 1476 645 scptempliciter
1503 577 1558 630 in
1606 577 1716 641 die,
1740 592 1864 632 cum
1904 591 2132 632 sanave-

586 670 650 721 ri'
681 667 941 722 Dominus
976 665 1356 720 contritiouem
1403 665 1583 735 populi
1637 668 1754 730 sui.
1785 677 1842 722 et
1891 666 2132 721 dolorem

585 760 754 829 plagae
797 767 898 813 tua
925 757 1157 813 curabit.
1193 755 1329 810 Ecce
1360 771 1552 811 nomen
1586 756 1796 811 Domini
1842 756 1992 811 venit
2039 771 2136 825 per

587 851 812 904 multum
832 860 1038 919 tempus
1067 848 1296 903 :ardens
1321 848 1471 901 furor
1493 862 1612 902 cum
1637 847 1827 916 gloria.
1851 847 2133 916 Eloquium

591 942 854 996 Iabiorum
878 941 1013 1011 ejus,
1036 938 1308 1008 eloquium
1333 939 1426 993 irae
1457 939 1695 1007 plenum,
1726 948 1781 992 et
1830 939 1910 993 ira
1936 936 2134 991 furoris

587 1035 707 1102 c-jus
756 1034 894 1088 sicut
946 1031 1084 1100 ignis
1136 1030 1381 1084 devorat.
1411 1049 1432 1082 ι
1495 1030 1600 1086 Pro
1648 1032 1792 1085 dicto
1823 1030 1935 1095 illo,
1976 1049 1996 1082 ι
2038 1046 2135 1101 per

587 1125 813 1178 multum
842 1132 1073 1192 tempus,
1115 1142 1135 1176 ι
1174 1123 1363 1194 reliqui
1393 1123 1737 1190 interpretes,
1773 1139 1792 1173 ι
1827 1124 1892 1178 de
1918 1123 2128 1192 longe,»

585 1217 893 1271 ediderunt.
918 1213 1186 1271 Observes
1215 1230 1379 1285 porro
1402 1214 1581 1280 velim,
1623 1229 1728 1269 non
1757 1214 1928 1283 ipsum
1953 1214 2134 1270 Domi-

588 1322 715 1361 num
774 1315 1056 1362 venturum
1113 1307 1246 1375 dici,
1311 1308 1406 1362 sed
1464 1321 1660 1362 nomen
1723 1305 1974 1371 Domini,
2029 1321 2136 1376 quo

583 1399 830 1454 Christus
868 1398 1281 1464 subiudicatur;
1316 1399 1384 1452 de
1437 1397 1526 1454 illo
1562 1399 1758 1468 quippe
1786 1397 1993 1451 dictum
2028 1407 2133 1464 est,

586 1509 603 1540 ι
646 1489 965 1543 Benedictus
991 1491 1078 1553 qui
1103 1488 1248 1542 venit
1272 1489 1324 1541 in
1350 1488 1566 1543 nomine
1597 1489 1830 1555 Domini,
1860 1490 1998 1545 Deus
2031 1489 2133 1545 Do-

582 1581 762 1634 minus
800 1586 856 1632 et
917 1577 1087 1630 illuxit
1121 1575 1276 1632 nobis
1295 1579 1362 1632 ”.
1403 1598 1421 1630 ι
1458 1579 1591 1632 Cum
1618 1581 2138 1644 veneritautcm,ac

585 1670 879 1724 secundum
909 1669 1311 1738 gloriosumque
1341 1670 1626 1725 adventum
1668 1684 1826 1726 suum
1877 1672 2138 1726 exhibue-

587 1763 678 1824 rit,
700 1762 1096 1829 subsequentur
1117 1759 1342 1815 ultrices
1376 1762 1622 1827 virtutes,
1651 1778 1746 1833 per
1773 1778 1908 1833 quas
1935 1766 2138 1836 suppli-

585 1856 667 1905 cia
697 1851 876 1920 impiis
906 1848 1232 1916 inferentur,
1261 1865 1393 1919 quas
1424 1853 1536 1908 haec
1577 1853 1858 1924 Scriptura
1894 1853 2134 1911 furorem

592 1942 837 2010 iramque
858 1950 1017 1996 vocat
1051 1957 1066 1994 :
1099 1941 1361 2009 siquidem
1385 1952 1505 2010 post
1531 1944 1790 2011 prolatam
1814 1950 2136 2003 sententiam

585 2031 850 2101 supplicio
873 2031 1048 2101 dignis
1071 2031 1202 2087 ultio
1233 2030 1513 2090 inferetur.
1648 2020 1652 2025 ’

650 2388 813 2444 Vens.
848 2388 992 2442 28.1
1027 2386 1091 2442 Et
1127 2387 1353 2457 spiritus
1407 2385 1523 2454 ejus
1561 2387 1701 2441 sicut
1729 2400 1866 2454 aqua
1895 2386 1949 2439 in
2001 2385 2141 2440 valle

581 2481 824 2542 trahens,
873 2480 1052 2534 veniet
1108 2493 1280 2547 usque
1316 2478 1383 2533 ad
1413 2477 1643 2543 collum,
1676 2487 1732 2533 et
1779 2477 2071 2532 dividetur.
2115 2496 2135 2529 ι

584 2572 683 2630 Hic
725 2573 952 2642 spiritus
985 2569 1132 2625 ultor
1163 2569 1359 2624 multas
1395 2569 1449 2623 in
1496 2577 1678 2638 partes
1701 2568 1987 2634 dividetur,
2013 2569 2139 2638 quia

585 2666 812 2720 multum
843 2665 1088 2719 estinter
1120 2660 1423 2731 puniendos
1467 2659 1778 2715 discrimen.
1811 2676 1831 2710 ι
1869 2659 1938 2715 Ut
1962 2660 2140 2715 turbet

584 2767 772 2824 gentes
799 2769 959 2825 super
992 2768 1177 2810 errore
1221 2769 1392 2819 vano,
1419 2761 1474 2809 et
1509 2761 1862 2823 persequetur
1904 2765 1996 2806 eos
2053 2765 2141 2806 er-

589 2848 970 2918 ror,etcapiet
994 2862 1086 2903 eos
1123 2847 1177 2902 in
1221 2854 1510 2916 conspectu
1553 2859 1763 2901 eorum.
1811 2863 1830 2897 l
1887 2844 1986 2899 Hic
2041 2844 2137 2899 Dei

581 2940 842 3008 inspectio
878 2938 947 2993 ad
992 2938 1173 2995 omnis
1199 2947 1422 2993 extensa
1468 2936 1812 3002 declaratur;
1861 2936 1987 3006 quia
2031 2951 2139 2993 non

585 3031 636 3082 in
669 3031 752 3084 his
785 3037 990 3083 tantum
1031 3029 1297 3084 consistet
1331 3028 1446 3094 ira,
1497 3029 1591 3084 sed
1634 3037 1822 3098 gentes
1879 3029 2141 3097 pervadet

585 3123 736 3176 ultio.
766 3121 980 3176 Atenim
1004 3130 1181 3176 utnon
1215 3127 1435 3188 possent
1463 3118 1741 3185 Israelita,
1790 3120 1889 3175 soli
1938 3134 1970 3173 a
2031 3120 2141 3175 Deo

585 3209 918 3279 reprehensi,
965 3209 1178 3274 dicere,
1209 3209 1376 3262 Deum
1423 3222 1520 3263 sua
1578 3216 1810 3272 tantum,
1859 3223 1964 3264 non
2015 3222 2142 3264 vero

2234 573 2404 644 ἡλίου,
2437 573 2608 625 καὶτὸ
2639 573 2754 640 φῶς
2777 571 2871 624 τοῦ
2902 572 3054 642 ἡλίου
3081 570 3232 624 ἔσται
3258 570 3621 625 ἑπταπλάσιον
3644 571 3703 624 ιν
3727 575 3796 644 τῇ
3853 606 3858 610 ~

2233 665 2435 735 ἡμέρᾳ,
2455 665 2583 717 ὅταν
2609 664 2824 734 ίάσηται
2863 662 3068 733 Κύριος
3099 662 3161 716 τὸ
3195 662 3507 734 σύντριμμα
3539 660 3633 714 τοῦ
3663 661 3798 717 λαοῦ

2233 753 2420 820 αὐτοῦ,
2467 753 2559 807 καὶ
2612 755 2712 826 τὴν
2759 754 2949 824 ὀδύνην
3003 753 3104 824 τῆς
3157 754 3369 825 πληγῆς
3425 770 3516 808 σου
3566 754 3796 808 ίάσεται.

2247 845 2375 897 ἰδου
2399 844 2460 896 τὸ
2494 843 2666 914 ὄνομα
2694 844 2897 914 Κυρίου
2931 844 3146 915 ἔρχεται
3199 844 3288 899 διὰ
3339 843 3531 899 πολλοῦ
3581 844 3799 916 χρόνου,

2235 935 2519 1005 καιόμενος
2553 934 2723 1005 θυμὸς
2758 935 2893 1006 μετά
2927 934 3200 1006 δόξης.Τὸ
3239 937 3417 1005 λόγιον
3443 936 3552 991 τῶν
3578 935 3800 1006 χειλέων

2235 1029 2414 1092 αὐτοῦ,
2446 1027 2627 1095 λόγιον
2649 1026 2821 1097 ὀργῆς
2853 1026 3076 1099 πλῆρες,
3104 1026 3199 1080 καὶ
3228 1028 3260 1097 ή
3309 1028 3443 1098 ὀργὴ
3475 1027 3565 1081 τοῦ
3623 1025 3799 1096 θυμοῦ

2235 1119 2399 1172 αὐτοῦ
2447 1119 2523 1182 ὡς
2571 1120 2682 1191 πῦρ
2741 1119 2932 1174 ἔδεται.
2967 1139 2986 1170 ι
3032 1118 3255 1172 Ἀντὶδὲ
3282 1118 3397 1183 τοῦ,
3427 1139 3444 1171 ι
3485 1119 3572 1172 διά
3603 1117 3803 1172 πολλοῦ

2236 1213 2483 1283 χρόνου,›
2518 1213 2569 1265 oi
2599 1212 2773 1267 λοιποὶ
2811 1213 3137 1286 ἑρμηνευταὶ
3164 1252 3181 1277 ,
3221 1231 3240 1264 ι
3270 1212 3557 1284 μακρόθεν.
3582 1231 3602 1264 ι
3652 1213 3806 1284 εἰρή-

2236 1321 2381 1358 κασι.
2416 1305 2524 1359 Καὶ
2550 1306 2723 1376 τήρει,
2757 1306 2832 1368 ὼς
2854 1307 2953 1359 οὐκ
2988 1305 3054 1358 ἂν
3082 1305 3242 1361 αὐτόν
3280 1322 3412 1376 φησι
3451 1304 3542 1358 τδν
3596 1304 3805 1377 Κύριον

2237 1399 2508 1470 ἔρχεσθαι,
2535 1399 2670 1452 ἀλλά
2694 1398 2752 1451 τὺ
2779 1397 2948 1470 δνομα
2983 1397 3209 1469 Κυρίου,
3255 1397 3346 1450 τὸν
3373 1397 3602 1470 Χριστὸν
3634 1399 3806 1451 αίνιτ-

2235 1489 2482 1557 τόμενος,
2507 1489 2635 1559 περὶ
2665 1505 2726 1542 ου
2753 1489 2997 1558 εἴρηται·
3034 1507 3054 1540 ι
3087 1486 3460 1558 Εὐλογημένος
3498 1489 3527 1541 ό
3577 1489 3808 1559 ἐρχόμε-

2237 1596 2325 1642 νος
2347 1581 2403 1632 ὲν
2427 1579 2647 1649 ὀνόματι
2690 1579 2917 1650 Κυρίου,
2935 1578 3064 1642 Θεὸς
3120 1579 3323 1648 Κύριος
3387 1580 3481 1631 καὶ
3539 1579 3809 1648 ὲπέφανεν

2237 1673 2386 1740 ἡμῖν.
2431 1689 2449 1722 ι
2502 1669 2824 1741 Ἑρχομένου
2855 1670 2911 1722 δὲ
2946 1670 3040 1723 καὶ
3072 1668 3167 1740 τὴν
3208 1669 3463 1741 δευτέραν
3512 1669 3678 1723 αὐτοῦ
3717 1670 3807 1725 ἔνο

2238 1759 2386 1825 δοξον
2406 1759 2706 1830 παρουσίαν
2736 1758 3081 1828 ποιουμένου,
3107 1757 3597 1828 ὲπακολουθήσουσι
3637 1775 3810 1828 τιμω-

2248 1850 2465 1920 ρητικαὶ
2495 1849 2782 1919 δυνάμεις.
2828 1849 2896 1902 δι’
2922 1842 2996 1903 ὧν
3023 1851 3078 1902 αἱ
3125 1848 3377 1912 κολάσεις
3407 1853 3518 1913 τοῖς
3555 1849 3811 1902 ἀσεϐέσιν

2239 1940 2654 2011 ὲπαχθήσονται,
2688 1940 2813 2014 ἃςή
2868 1939 3116 2011 παροῦσα
3143 1940 3333 2011 Γραφὴ
3366 1940 3532 2011 θυμὸν
3566 1941 3662 1994 καὶ
3717 1940 3812 2010 ὀρ-

2237 2032 2341 2104 γὴν
2365 2031 2619 2103 ὀνομάζει
2639 2049 2652 2061 ·
2686 2030 2990 2094 ἀκολούθως
3012 2031 3120 2101 γὰρ
3138 2032 3202 2102 τῇ
3229 2030 3324 2084 τοῦ
3356 2031 3513 2100 λόγου
3537 2030 3812 2098 ἀποφάσει

2237 2123 2305 2177 τά
2358 2124 2457 2196 τῆς
2509 2124 2678 2195 ὀργῆς
2737 2125 2849 2186 τοῖς
2916 2121 3400 2194 κολασθησομένοις
3455 2120 3812 2193 ἐπενεχθησο-

2237 2232 2349 2270 ται.

2312 2411 2332 2444 ‹
2364 2393 2472 2447 Καὶ
2485 2393 2546 2446 τὸ
2565 2393 2780 2463 πνεῦμα
2803 2393 2988 2457 αὐτοῦ,
3005 2391 3082 2456 ὡς
3108 2392 3253 2463 ὕδωρ
3275 2392 3333 2446 ἑν
3351 2393 3596 2465 φάραγγι
3624 2390 3812 2464 σύρον,

2236 2481 2355 2552 ἥξει
2381 2483 2485 2547 ἕως
2510 2482 2603 2536 τοῦ
2635 2485 2927 2555 τραχήλου,
2947 2484 3040 2537 καὶ
3053 2483 3466 2556 διαιρεθήσεται.
3501 2503 3521 2537 ι
3541 2483 3652 2539 Καὶ
3679 2482 3816 2538 διαι-

2239 2572 2367 2643 ρεθή
2376 2589 2524 2627 σεται
2539 2573 2598 2626 τὸ
2611 2573 2927 2629 κολαστικὸν
2940 2574 3097 2628 τοῦτο
3112 2573 3327 2645 πνεῦμα
3357 2576 3437 2637 είς
3451 2572 3651 2636 πολλὰς
3673 2571 3817 2626 διαι-

2241 2661 2437 2732 ρέσεις,
2467 2661 2556 2716 διὰ
2577 2661 2637 2716 τὸ
2657 2662 2913 2735 πλείστην
2936 2659 3072 2718 εἶναι
3098 2662 3195 2717 τῶν
3214 2661 3588 2734 κολαζομένων
3617 2663 3808 2732 διαφο-

2240 2753 2359 2824 ράν.
2407 2771 2425 2804 ι
2454 2753 2558 2806 Τοῦ
2591 2753 2822 2825 ταράξαι
2857 2753 2981 2824 ἔθνη
3009 2754 3101 2807 ἐπὶ
3121 2753 3381 2826 πλανήσει
3438 2753 3663 2824 ματαίᾳ,
3717 2751 3814 2807 καὶ

2237 2843 2483 2909 διώξεται
2516 2844 2712 2908 αὐτοὺς
2736 2845 3016 2916 πλάνησις,
3049 2847 3144 2899 καὶ
3189 2845 3415 2914 λήψεται
3443 2845 3640 2908 αὐτοὺς
3669 2844 3811 2898 κατά

2240 2936 2527 3006 πρόσωπον
2552 2936 2749 2990 αὐτῶν.
2788 2955 2807 2987 ι
2846 2937 2956 3006 Τὴν
2985 2935 3126 2990 κατὰ
3157 2936 3372 2990 πάντων
3415 2935 3672 2990 θεοπτίαν
3717 2937 3814 2989 καὶ

2239 3029 2396 3081 τοῦτο
2415 3029 2701 3092 δείκνυσιν,
2726 3031 2807 3082 ὃτι
2829 3030 2929 3082 οὐκ
2953 3029 3061 3081 ἔσω
3093 3026 3298 3080 τούτων
3332 3029 3585 3098 στήσεται
3612 3026 3680 3081 τά
3709 3027 3813 3098 τῆς

2240 3119 2409 3189 ὀργῆς
2433 3136 2446 3149 ·
2477 3118 2790 3189 διαϐήσεται
2806 3120 2862 3172 δὲ
2887 3119 2981 3172 καὶ
3003 3120 3083 3181 είς
3102 3118 3171 3172 τὰ
3192 3117 3318 3190 ἔθνη
3347 3120 3380 3190 ή
3409 3118 3667 3189 τιμωρία.
3693 3119 3814 3172 Ἵνα

2242 3210 2350 3281 γὰρ
2382 3211 2456 3281 μὴ
2484 3210 2575 3282 ἐξῇ
2614 3214 2724 3276 τοῖς
2765 3211 3151 3282 Ἰσραηλίταις,
3194 3211 3374 3283 μόνοις
3404 3212 3510 3266 ὑπὸ
3540 3211 3635 3265 τοῦ
3675 3211 3814 3266 Θεοῦ

585 3300 825 3366 gentium
880 3307 1096 3368 peccata
1135 3298 1343 3368 punire,
1378 3299 1685 3352 necessario
1726 3298 2021 3352 vindictam
2081 3299 2134 3352 in

2242 3301 2632 3372 ἐλεγχομένοις,
2650 3303 2828 3372 λέγειν
2853 3303 3048 3367 αὐτοὺς
3075 3303 3231 3374 μόνον
3263 3302 3353 3357 τὸν
3380 3303 3512 3358 Θεὸν
3563 3303 3657 3360 ἐπὶ
3697 3303 3816 3366 τοῖς
3902 3304 3906 3308 “

581 3397 769 3457 gentes
796 3400 1012 3457 quoque
1035 3386 1384 3440 transituram
1413 3385 1650 3439 declarat
1672 3424 1688 3448 ,
1726 3393 1892 3455 atque
1932 3385 2137 3441 erroris

585 3475 838 3529 ultionem
869 3476 1015 3543 ipsos
1045 3475 1357 3528 invasuram
1376 3487 1494 3528 esse
1520 3473 1783 3540 praedicit.

2241 3392 2597 3464 ἁμαρτήμασι
2630 3394 3126 3467 τιμωρηθήσεσθαι,
3155 3395 3276 3466 οὐχὶ
3313 3396 3370 3448 δὲ
3407 3396 3501 3450 καὶ
3543 3395 3612 3449 ea
3659 3393 3811 3466 ἔθνη,

2243 3483 2554 3552 ἀναγκαίως
2578 3486 2672 3539 καὶ
2701 3485 2800 3556 τὴν
2831 3485 2926 3539 ἐπὶ
2956 3486 3024 3540 τά
3051 3484 3177 3556 ἔθνη
3202 3485 3550 3558 διαϐήσεσθαι
3570 3484 3816 3539 ἐκδικίαν

586 3569 816 3633 φάσκει,
868 3566 960 3618 καὶ
991 3562 1393 3634 καταλήψεσθαι
1436 3564 1535 3634 τὴν
1587 3565 1650 3615 ὲκ
1705 3565 1805 3634 τῆς
1854 3563 2171 3636 πλανήσεως
2207 3569 2360 3642 δίκην
2383 3576 2760 3646 προαγορεύει.

659 3742 817 3796 Vsus.
837 3739 924 3797 29-
940 3740 1027 3795 52.
1051 3759 1070 3793 ‹
1091 3738 1341 3809 Nunquid
1371 3753 1582 3808 semper
1602 3748 1811 3807 oportet
1836 3755 1930 3796 vos
1946 3741 2142 3811 lauari,

589 3845 647 3887 et
679 3845 891 3901 semper
920 3833 1126 3902 ingredi
1152 3831 1202 3885 in
1228 3842 1411 3886 sancta
1460 3845 1600 3896 mea,
1639 3832 1790 3900 quasi
1821 3830 1956 3887 festa
1989 3834 2134 3888 cele-

582 3926 822 3987 brantes,
854 3925 1006 3994 quasi
1045 3924 1293 3979 lactantes
1329 3924 1535 3992 ingredi
1571 3938 1695 3977 cum
1731 3925 1860 3977 tibia
1892 3926 1959 3978 ad
1989 3940 2142 3979 mon-

587 4028 693 4069 icin
728 4016 961 4078 Domini,
1001 4015 1070 4069 ad
1116 4014 1284 4069 Deum
1335 4013 1534 4069 lsrael?
1579 4013 1644 4068 Et
1693 4016 1939 4070 auditam
1985 4015 2142 4072 faciet

587 4107 848 4162 Dominus
909 4107 1135 4176 gloriam
1171 4109 1321 4162 vocis
1367 4122 1501 4174 suae,
1539 4115 1594 4162 et
1642 4106 1878 4162 furorem
1930 4109 2140 4163 brachii

583 4199 691 4261 Sui,
725 4207 784 4251 ut
812 4200 1064 4253 ostendat
1092 4213 1214 4252 cum
1241 4197 1420 4253 furore
1445 4212 1499 4254 et
1527 4200 1604 4252 ira
1628 4209 1682 4254 et
1723 4199 1937 4253 ﬂamma
1973 4201 2139 4255 devo-

584 4299 761 4353 rante,
824 4290 1130 4345 fulminabit
1162 4289 1529 4356 vehementer,
1587 4302 1640 4346 et
1691 4294 1830 4348 sicut
1883 4309 2018 4364 aqua
2086 4302 2142 4348 et

585 4380 812 4447 grando,
858 4395 974 4448 qua:
1007 4382 1057 4434 vi
1100 4379 1348 4433 deorsum
1389 4380 1582 4434 fertur.
1631 4379 1731 4435 Per
1763 4396 1949 4435 vocem
1993 4381 2138 4435 enim

584 4471 798 4526 Domini
825 4473 1219 4539 superabuutur
1245 4471 1453 4537 Assyrii
1501 4471 1681 4541 plaga,
1722 4486 1824 4540 qua
1877 4474 2143 4541 pereutiet

584 4577 679 4614 eus
713 4579 727 4614 :
758 4573 811 4615 et
835 4563 939 4614 erit
969 4562 1016 4616 ei
1049 4562 1100 4614 iu
1145 4561 1401 4616 circuitu.
1444 4581 1461 4612 ι
1503 4562 1673 4626 Tunc,
1704 4566 1797 4629 ait,
1828 4565 1859 4617 ii
1896 4565 1986 4633 qui
2020 4580 2143 4633 per—

585 4653 861 4706 cutiebant
888 4661 942 4705 et
988 4652 1343 4706 verberabant
1379 4667 1492 4716 eos,
1528 4666 1716 4721 ρωπος
1760 4653 1960 4707 dabunt
1990 4670 2004 4707 :
2037 4655 2141 4708 dac—

585 4756 773 4794 moncs
797 4743 937 4795 enim
961 4743 1416 4798 circumsistentes
1438 4742 1556 4797 illos
1587 4744 1863 4813 suppliciis
1889 4744 2138 4800 allicient.

587 4828 814 4895 Quinam
845 4845 970 4883 vero
1015 4831 1122 4885 sint
1157 4833 1230 4883 illi
1275 4846 1396 4884 mox
1445 4832 1619 4900 aperit
1667 4834 1884 4887 dicens:
1922 4853 1941 4885 ι
1990 4835 2142 4890 Unde

586 4930 706 4975 crat
741 4921 847 4974 illis
874 4937 998 4989 spes
1025 4922 1229 4984 auxilii,
1261 4923 1313 4974 in
1346 4937 1450 4989 quo
1498 4923 1609 4991 ipse
1657 4925 1986 4980 conﬁdebat.
2039 4927 2139 4992 lpsi

2310 3767 2328 3799 σ
2383 3747 2474 3819 Μὴ
2518 3748 2605 3802 διὰ
2659 3751 2854 3815 παντὸς
2903 3752 2984 3805 δεῖ
3032 3754 3176 3823 ὑμᾶς
3233 3750 3660 3823 εὐφραίνεσθαι,
3716 3753 3813 3806 καὶ

2243 3837 2658 3909 εἰσπορεύεσθαι
2686 3840 2764 3902 εἰς
2780 3841 2848 3891 τὰ
2873 3841 3002 3909 ἅγιά
3022 3859 3121 3912 μου
3145 3841 3452 3907 διαπαντὸς,
3474 3841 3604 3894 ὡσεὶ
3624 3841 3812 3913 ἑορτά-

2243 3923 2454 3990 ζοντας,
2489 3927 2620 3980 ὡσεὶ
2643 3928 3096 3999 εὐφραινομένους
3119 3930 3377 3983 εἰσελθεῖν
3413 3933 3528 4002 μετ’
3543 3930 3705 3984 αὐλοῦ
3731 3932 3812 3996 εἰς

2242 4015 2303 4067 τὸ
2358 4015 2483 4084 ὅρος
2528 4017 2732 4087 Κυρίου
2787 4019 2922 4088 πρὸς
2977 4020 3067 4073 τὸν
3118 4020 3249 4074 Θεὸν
3274 4020 3367 4074 τοῦ
3425 4021 3669 4093 ἰσραὴλς
3700 4023 3811 4076 Καὶ

2242 4105 2512 4176 ἀκουστὴν
2544 4108 2758 4178 ποιήσει
2783 4109 2985 4179 Κύριος
3019 4113 3117 4184 τὴν
3156 4111 3310 4176 δόξαν
3362 4116 3459 4183 τῆς
3488 4114 3668 4182 φωνῆς
3712 4113 3811 4167 αὐ-

2241 4197 2356 4260 τοῦ,
2389 4199 2481 4252 καὶ
2512 4198 2604 4252 τὸν
2632 4199 2800 4270 θυμὸν
2829 4200 2922 4252 τοῦ
2947 4201 3226 4273 βραχίονος
3250 4202 3436 4263 αὐτοῦ,
3466 4202 3632 4270 δεῖξαι
3671 4205 3809 4274 μετά

2243 4289 2414 4358 θυμοῦ
2443 4292 2532 4344 καὶ
2564 4292 2733 4363 ὀργῆς
2777 4294 2870 4346 καὶ
2908 4294 3101 4362 φλογὸς
3148 4294 3556 4366 κατεσθιούσης,
3608 4313 3809 4368 κεραυ-

2242 4376 2400 4431 νώσει
2427 4377 2633 4447 βιαίως,
2657 4381 2749 4432 καὶ
2773 4381 2847 4443 ὼς
2874 4380 3016 4453 ὕδωρ
3049 4383 3143 4436 καὶ
3171 4383 3377 4454 χάλαζα
3405 4401 3811 4457 συγκαταφερο-

2247 4470 2380 4538 μὲνη
2406 4469 2514 4541 βίᾳ.
2549 4472 2646 4523 Διά
2672 4472 2779 4542 γὰρ
2809 4473 2908 4542 τῆς
2939 4477 3118 4543 φωνῆς
3167 4472 3370 4546 Κυρίου
3416 4474 3810 4547 ἡττηθήσονται

2258 4561 2524 4630 Ἀσσύριοι
2551 4566 2616 4634 τῇ
2652 4565 2852 4634 πληγῇ,
2947 4565 3012 4619 ἂν
3040 4566 3250 4637 πατάξῃ
3273 4566 3466 4631 αὐτούς
3489 4583 3502 4597 ο
3542 4567 3633 4620 καὶ
3655 4566 3807 4621 ἔσται

2245 4651 2391 4720 αὐτῷ
2413 4653 2690 4707 κυκλόθεν.
2724 4674 2742 4705 ι
2774 4655 2907 4708 Τότε
2934 4656 3019 4725 δὴ,
3056 4658 3236 4727 φησιν,
3258 4660 3306 4710 οἱ
3340 4658 3587 4722 παίοντες
3612 4659 3809 4723 αὐτοὺς

2245 4744 2334 4795 καὶ
2356 4743 2648 4808 τύπτοντες
2678 4747 3185 4818 τιμωρηθήσονται·
3230 4749 3478 4820 δαίμονες
3523 4749 3652 4820 γὰρ,
3710 4769 3798 4803 κυ-

2244 4834 2428 4887 κλόθεν
2487 4840 2681 4901 αὐτοὺς
2741 4842 3281 4912 περιστοιχησάμενοι
3313 4882 3327 4905 ,
3384 4842 3483 4905 τὰς
3539 4844 3807 4914 τιμωρίας

2244 4925 2517 4991 ἐπάξουσι.
2543 4929 2698 4992 Τίνες
2753 4929 2808 4981 δέ
2862 4933 2997 4983 είσιν
3050 4926 3194 4984 οὗτοι
3244 4933 3494 5001 διασαφεῖ
3547 4935 3802 5002 φάσκων

582 5027 705 5064 cum
731 5012 994 5080 tympanis
1021 5018 1071 5064 ct
1101 5001 1310 5064 cithara
1358 5013 1684 5077 pugnabunt.
1725 5031 1743 5063 ›
1784 5011 1968 5081 lmpiis
2015 5030 2138 5083 spes

2246 5034 2263 5064 ι
2304 5015 2562 5089 Ὄθενίῆν
2594 5020 2834 5092 αὐτοῖςὴ
2895 5022 3045 5086 ἐλπὶς
3091 5023 3191 5092 τῆς
3241 5023 3491 5094 βοηθείας
3516 5065 3531 5086 ,
3563 5001 3669 5093 ἐφ’
3736 5020 3805 5097 ἦς

584 5104 772 5157 auxilii
801 5113 967 5158 erata
1007 5105 1109 5158 diis
1137 5105 1270 5167 suis,
1316 5105 1644 5157 adversariis
1679 5121 1870 5173 nempe
1903 5117 2139 5174 potesta-

588 5197 751 5256 tibus,
785 5206 839 5248 et
875 5196 1127 5263 malignis
1152 5196 1451 5263 spiritibus.
1493 5194 1586 5248 llis
1607 5198 1798 5266 quippe
1835 5200 1989 5267 quasi
2036 5199 2139 5252 diis

584 5289 951 5354 adluerebaut,
977 5305 1041 5342 ac
1064 5305 1210 5356 spem
1255 5289 1443 5342 auxilii
1493 5289 1544 5340 in
1584 5289 1647 5342 iis
1675 5289 1946 5358 locarant;
1985 5291 2138 5360 igno-

583 5387 769 5432 rantes
803 5379 944 5446 ipsos
974 5389 1204 5434 tortores
1239 5382 1342 5435 sibi
1378 5381 1605 5435 futuros.
1639 5379 1768 5434 Nam
1795 5381 1874 5434 ira
1905 5393 1959 5435 et
1990 5381 2140 5434 furor

583 5481 769 5521 contra
800 5472 992 5538 impios
1038 5471 1310 5527 immissus
1363 5490 1457 5541 per
1503 5472 1723 5540 angelos
1775 5473 1946 5528 malos
1998 5473 2139 5527 infe-

586 5566 798 5610 τοίω-,ι
835 5557 936 5625 Ipsi
989 5575 1109 5612 cum
1154 5562 1421 5628 tympanis
1465 5573 1519 5617 ct
1570 5561 1776 5617 cithara
1819 5563 2138 5633 pugnabunt

658 5763 699 5794 ’θ
743 5762 880 5818 Psal.
920 5780 1078 5822 cxvn.
1117 5767 1308 5832 26,27.

2246 5107 2402 5170 αὐτὸς
2425 5109 2720 5163 ἐπεποίθει.
2753 5113 2914 5164 Αὐτοὶ
2939 5111 3076 5182 μετά
3097 5116 3390 5183 τυμπάνων
3432 5117 3526 5167 καὶ
3575 5115 3806 5185 κιθάρας

2246 5200 2692 5272 πολεμήσουσιν.»
2730 5204 2910 5268 Ἐλπὶς
2929 5209 3038 5268 τοῖς
3065 5207 3282 5260 ἀσεϐέσι
3315 5207 3562 5277 βοηθείας
3587 5203 3654 5278 ἦν
3697 5209 3808 5262 ἀπὸ

2245 5290 2352 5345 τῶν
2373 5291 2509 5345 θεῶν
2530 5295 2727 5359 αὐτῶν,
2755 5295 2860 5348 τῶν
2879 5297 3263 5367 ἀντικειμένων
3294 5297 3491 5368 δηλαδὴ
3506 5296 3804 5369 δυνάμεων,

2246 5381 2338 5434 καὶ
2369 5380 2476 5434 τῶν
2515 5383 2763 5455 πονηρῶν
2797 5384 3139 5455 πνευμάτων.
3175 5384 3400 5448 Τούτοις
3435 5383 3542 5454 γὰρ
3567 5385 3640 5448 ὡς
3666 5385 3808 5450 θεοῖς

2247 5475 2546 5543 προσεῖχον,
2579 5476 2671 5528 καὶ
2687 5475 2784 5546 τὴν
2810 5475 2996 5528 ἐλπίδα
3015 5476 3113 5545 τῆς
3133 5475 3381 5546 βοηθείας
3399 5477 3463 5529 ὲκ
3489 5475 3692 5530 τούτων
3710 5479 3808 5531 αὐ·-

2247 5565 2354 5627 τοῖς
2385 5564 2598 5622 ἔσεσθαι
2628 5565 2872 5638 ἤλπιζον,
2894 5568 2991 5622 οὐκ
3027 5567 3244 5632 εἰδότες,
3278 5568 3356 5622 ὅτι
3377 5563 3514 5622 οὗτοι
3549 5568 3806 5622 κολασταὶ
