4120 6294
198 420 307 477 ms
1080 403 1589 465 COMMENTARIA
1627 401 1697 465 IN
1737 398 1992 456 ISAIAI.
2036 430 2103 439 -—
2140 394 2296 453 CAP.
2334 387 2530 445 XXXI.
3359 384 3469 441 314

202 534 383 589 αὐτῶν
408 533 643 586 ἔσονται.
689 530 756 584 Ἦ
788 528 897 597 γάρ
922 525 1057 598 ὀργὴ
1085 525 1181 577 καὶ
1212 525 1240 577 6
1287 521 1457 592 θυμὸς
1480 518 1621 572 κατά
1676 515 1786 569 τῶν

1888 521 2078 569 contra
2102 525 2228 564 eum
2268 522 2336 561 ex
2372 500 2835 562 commutatione;
2864 516 2883 552 ι
2928 505 3115 568 utpote
3146 498 3236 567 qui
3274 498 3471 557 alienis

202 624 419 679 ἀσεϐῶν
454 589 918 689 ἀποστελλόμενος
1078 612 1327 681 ἀγγέλων
1360 589 1649 678 γενήσεται
1694 622 1786 657 πο-

1892 604 2051 659 malis
2093 601 2365 671 gaudeant
2396 609 2560 652 :nam
2588 606 2656 646 cx
2690 590 2885 645 amicis
2908 589 3115 643 inimici
3138 590 3395 644 evadent.

201 719 404 788 γηρῶν.
434 736 452 768 ι
486 717 650 771 Αὐτοὶ
682 684 820 784 μετά
853 710 1151 781 τυμπάνων
1190 709 1285 761 καὶ
1319 705 1546 775 κιθάρας
1574 702 1971 770 πολεμήσουσιν
1995 696 2155 750 αὐτὸν
2195 697 2257 747 ἐκ
2283 689 2585 763 μεταϐολῆς
2606 705 2617 717 ·
2653 706 2673 739 ι
2709 685 2804 740 ἆτε
2833 684 3302 755 ἑπιχαιρεσίκακοί
3323 701 3470 750 τινες

198 816 390 878 ὄντεςσ
453 813 575 869 ἀντὶ
628 810 738 882 γὰρ
796 810 905 862 τῶν
963 808 1132 877 φίλων
1181 804 1364 874 ἐχθροὶ
1412 801 1866 869 καταστήσονται.

271 954 293 985 ι
335 936 409 987 Σὺ
436 932 677 1011 γάρέπρὸ
718 929 942 1002 ἡμερῶν
998 925 1374 998 ἀωιτηθὴσῃ.
1407 924 1500 994 Μὴ
1554 922 1649 975 καὶ
1700 920 1784 972 σοὶ

199 1023 512 1094 ἡτοιμάσθη
544 1021 878 1090 βασιλεύειν;
921 1038 938 1070 ι
978 1017 1163 1071 Ταῦτα
1182 1016 1261 1075 δὲ,
1298 1015 1450 1085 φησὶ,
1512 1012 1573 1064 σὲ
1630 1026 1784 1081 περι-

204 1115 380 1183 μένει,
401 1115 492 1167 τὸν
520 1112 683 1165 πάλαι
700 1110 968 1183 τρυφερὸν
995 1110 1086 1161 καὶ
1106 1108 1470 1177 ὑπερήφανον·
1499 1106 1547 1156 εί
1578 1102 1651 1173 μὴ
1678 1101 1787 1172 ἄρα

202 1205 403 1257 σαυτὸν
421 1203 645 1255 ἀπατῶν
669 1202 974 1272 προσδοκᾷς
1004 1201 1085 1252 ὅτι
1104 1199 1199 1251 καὶ
1229 1199 1309 1249 σοὶ
1328 1195 1629 1267 βασιλεύειν
1646 1194 1788 1264 ἡτοί-

205 1308 410 1361 μασται
437 1291 637 1361 δμοίως
661 1293 771 1351 τοῖς
805 1289 995 1357 στενὴν
1024 1288 1118 1339 καὶ
1144 1284 1511 1355 τεθλιμμένην
1527 1283 1782 1335 ὁδεύσασι

198 1360 412 1452 τρίϐον,
444 1360 538 1432 καὶ
586 1381 816 1449 πτωχοῖς
849 1377 937 1430 διὰ
972 1375 1103 1429 Θεὸν
1138 1374 1450 1445 γενομένοις
1482 1374 1665 1425 ἕνεκεν
1699 1370 1783 1423 διο

200 1472 518 1542 καιοσύνης.
556 1473 693 1525 Πᾶσι
723 1472 829 1541 γὰρ
861 1471 1087 1531 ἐκείνοις
1112 1468 1437 1538 ἡτοίμασται
1463 1464 1780 1537 ἡβασιλεία,

200 1564 319 1617 ἀλλ’
332 1565 393 1615 οὐ
418 1564 502 1615 σοὶ
518 1564 595 1633 τῷ
607 1563 703 1633 τὴν
717 1562 973 1615 πλατεῖαν
991 1561 1083 1613 καὶ
1099 1558 1409 1630 εὐρύχωρον
1420 1557 1539 1609 ὁδὸν
1556 1572 1784 1626 πορευο-

202 1658 375 1725 μένῳ.
408 1675 425 1705 ι
450 1654 705 1724 Φάραγγα
725 1653 962 1722 βαθεῖαν,
985 1652 1113 1715 ξύλα
1128 1644 1376 1721 κείμενα,
1396 1650 1506 1721 πῦρ
1527 1649 1619 1701 καὶ
1648 1647 1780 1715 ξύλα

199 1747 394 1799 πολλά.
440 1748 500 1799 '0
531 1746 698 1816 θυμὸς
724 1746 928 1814 Κυρίου
960 1744 1036 1806 ὡς
1060 1742 1279 1813 φάραγξ
1308 1742 1411 1794 ὑπὸ
1438 1742 1581 1794 θείου
1624 1758 1779 1795 καιο-

200 1838 363 1907 μένη.
410 1856 429 1887 ι
456 1837 609 1889 Θεῖον
636 1838 730 1889 καὶ
754 1835 861 1905 πῦρ
890 1835 1241 1887 ὑποκαίουσιν
1280 1835 1360 1896 εἰς
1390 1833 1487 1905 τὴν
1526 1831 1633 1884 τῶν
1684 1832 1781 1883 αύ-

1961 914 2127 969 Vsns.
2153 912 2242 965 55.
2281 927 2299 960 ι
2336 908 2415 961 Τυ
2446 904 2594 960 enim
2626 912 2753 957 ante
2786 900 2901 954 dles
2926 898 3199 952 rationem
3240 895 3469 950 reddere

1887 1006 2120 1075 cogeris.
2155 1001 2426 1069 Numquid
2447 999 2612 1051 etiam
2646 991 2741 1048 tibi
2772 1002 3021 1063 paratum
3059 999 3144 1045 est
3172 988 3463 1056 regnare?»

1889 1098 2037 1161 Haec,
2072 1096 2266 1163 inquit,
2294 1103 2347 1145 te
2398 1090 2529 1145 olim
2574 1084 2942 1157 voluptarium
2965 1092 3021 1135 et
3044 1081 3346 1149 superbum
3380 1094 3472 1132 cx-

1889 1196 2142 1260 spectant
2174 1202 2186 1238 :
2222 1185 2323 1238 nisi
2364 1183 2600 1237 fortasse
2644 1179 2877 1247 teipsnm
2911 1172 3213 1241 decipiens,
3276 1184 3471 1238 exspe-

1891 1294 2007 1338 ctas
2049 1278 2145 1333 tibi
2210 1290 2427 1345 quoque
2485 1280 2735 1343 paratum
2789 1282 3013 1337 regnum
3059 1278 3204 1328 esse,
3242 1262 3472 1332 perinde

1891 1383 2053 1439 atque
2092 1370 2177 1432 iis,
2215 1368 2308 1437 qui
2363 1367 2414 1419 in
2462 1372 2687 1433 angusta
2714 1370 2767 1415 et
2792 1368 2941 1413 arcta
2972 1357 3055 1409 via
3101 1354 3468 1413 incesserunt,

1889 1474 1944 1517 et
1996 1474 2262 1532 pauperes
2316 1466 2538 1526 propter
2587 1453 2757 1507 Deum
2819 1460 3151 1519 propterque
3198 1442 3470 1513 justitiam

1890 1553 2066 1609 εποριὶ
2098 1560 2245 1606 sunt.
2293 1547 2391 1602 His
2422 1548 2624 1616 quippe
2650 1542 2902 1597 omnibus
2958 1549 3204 1609 paratum
3243 1548 3470 1604 regnum

1889 1656 1992 1705 est.
2026 1660 2133 1699 non
2186 1642 2303 1701 tibi.
2340 1640 2433 1709 qui
2474 1640 2525 1692 in
2562 1638 2667 1690 lata
2707 1645 2769 1690 et.
2819 1633 3059 1702 spatiosa
3103 1631 3191 1683 via
3240 1625 3471 1682 incedis.

1894 1758 1912 1790 ι
1956 1736 2156 1791 Vallem
2186 1732 2537 1803 profundam,
2571 1729 2713 1798 ligna
2752 1725 3011 1795 jacentia,
3044 1723 3221 1793 ignem
3245 1729 3299 1774 et
3327 1720 3473 1788 ligna

1888 1827 2081 1883 multa.
2114 1827 2290 1881 Furor
2316 1822 2528 1877 Domini
2565 1817 2877 1875 sicutvallis
2900 1815 3159 1884 sulphure
3180 1825 3470 1867 accensa.)

194 1894 897 1999 τόθι-κατακριθησομένῶν
931 1927 1169 1981 κόλασιν.
1212 1894 1460 1978 Τοσαῦτα
1487 1924 1543 1977 δὲ
1572 1922 1660 1977 διὰ
1687 1921 1784 1993 μέ-

1888 1921 2127 1989 Sulpbur
2183 1927 2237 1973 et
2294 1916 2477 1985 ignem
2534 1910 2896 1973 succendunt,
2958 1908 3024 1959 ad
3098 1919 3312 1967 eorum,
3377 1901 3473 1970 qui

197 2034 299 2071 σου
332 2017 526 2079 εἰπὼν,
556 2017 923 2087 ἀναλαμϐάνει
952 2017 1050 2086 τὴν
1100 2017 1237 2088 πρὸς
1259 2018 1384 2079 τοὺς
1413 2014 1785 2083 καταφεύγονε

195 2124 299 2172 τας
333 2110 415 2173 είς
436 2109 709 2178 Δίγυπτον
740 2109 1098 2181 προφητείαν.

717 2352 1112 2409 ΚΕΦᾹΛΑῙΟΝ
1146 2352 1269 2405 AA’.

276 2488 296 2521 ι
324 2468 466 2522 Οὐαὶ
484 2468 533 2521 οἱ
556 2466 975 2530 καταϐαίνοντες
994 2466 1073 2527 εἰς
1100 2464 1373 2531 Αἴγυπτον
1395 2465 1487 2517 ἐπὶ
1511 2462 1783 2535 βοήθειαν,

196 2563 249 2612 οι
277 2561 362 2628 ἐφ’
400 2560 588 2623 ἵπποις
615 2558 933 2622 πεποιθότες
962 2558 1053 2611 καὶ
1080 2556 1165 2625 ἐφ’
1193 2558 1452 2627 ἅρμασιν.
1494 2556 1650 2607 Ἐστι
1677 2553 1783 2624 γὰρ

196 2650 393 2715 πολλὰ,
424 2650 519 2704 καὶ
547 2650 630 2719 ἐφ’
666 2650 853 2714 ἵπποις
887 2649 1088 2720 πλῆθος
1116 2649 1339 2719 σφόδρα.
1376 2649 1485 2701 Καὶ
1516 2647 1617 2698 οὐκ
1644 2641 1785 2715 ἦσαν

198 2740 527 2803 πεποιθότες
558 2740 653 2793 ἐπὶ
686 2740 778 2793 τὸν
808 2738 1000 2807 Ἀγιον
1032 2736 1128 2791 τοῦ
1170 2730 1407 2809 Ἰσραὴλ,
1434 2737 1527 2789 καὶ
1554 2736 1644 2789 τὸν
1671 2735 1785 2788 K6—

204 2850 319 2904 ριον
348 2834 452 2887 οὐκ
477 2834 764 2905 ἐζήτησαν.
795 2833 903 2887 Καὶ
930 2831 1092 2897 αὐτὸς
1122 2831 1299 2901 σοφῶς
1320 2827 1455 2901 ἦγεν
1477 2831 1561 2883 ἐπ’
1588 2831 1786 2894 αὐτοὺς

204 2927 375 2990 κακά,
422 2926 517 2979 καὶ
552 2927 581 2978 6
606 2924 762 2993 λόγος
798 2921 962 2977 αὑτοῦ
1006 2924 1067 2975 οὐ
1114 2922 1189 2994 μὴ
1227 2922 1489 2993 ἀθετηθῇ,
1555 2922 1650 2975 καὶ
1688 2922 1786 2973 ὲπ-

200 3019 567 3085 αναστήσεται
600 3016 685 3069 ἐπ’
717 3014 898 3078 οἴκους
922 3013 1225 3085 ἀνθρώπων
1270 3012 1547 3083 πονηρῶν,
1584 3014 1677 3065 καὶ
1694 3011 1787 3064 ἐπὶ

201 3109 303 3178 τὴν
328 3107 522 3160 ἐλπίδα
549 3106 724 3160 αὐτῶν
755 3107 854 3177 τὴν
895 3105 1149 3176 ματαίαν,
1176 3105 1470 3175 Αίγύπτιον
1500 3104 1785 3173 ἄνθρωπον

202 3199 300 3253 καὶ
332 3200 393 3251 οὐ
418 3198 570 3261 Θεὸν,
599 3198 781 3251 ἵππων
812 3198 1017 3269 σάρκας
1048 3198 1139 3250 καὶ
1170 3197 1270 3249 οὐκ
1299 3196 1414 3248 ἔστι
1448 3194 1687 3266 βοήθεια.
1727 3196 1786 3249 ’0
1814 3236 1855 3290 C

200 3290 261 3344 δὲ
302 3290 510 3361 Κύριος
542 3288 736 3356 ἐπάγει
775 3288 873 3358 τὴν
912 3292 1066 3359 χεῖρα
1109 3287 1283 3347 αὐτοῦ,
1309 3288 1396 3341 ἐπ’
1425 3287 1642 3350 αὐτοὺς,
1686 3287 1781 3339 καὶ

204 3378 560 3432 κοπιάσουσιν
619 3380 666 3430 οἱ
714 3376 1060 3447 βοηθοῦντες,
1115 3376 1209 3429 καὶ
1254 3375 1369 3446 ἆμα
1421 3376 1623 3437 πάντες
1678 3375 1783 3427 ἀπ-

202 3469 457 3524 ολοῦνται
496 3468 757 3539 μαχαίρᾳ.
800 3485 819 3519 ›
854 3467 1142 3537 Μέμφεται
1182 3466 1380 3529 αὐτοὺς
1409 3468 1437 3519 6
1477 3465 1653 3533 λόγος,
1678 3466 1780 3530 ὃτι,

210 3562 284 3631 μὴ
310 3558 629 3622 πεποιθότες
660 3558 753 3611 ἐπὶ
778 3558 868 3611 τὸν
894 3558 1081 3626 ’Δγιον
1112 3556 1204 3610 τοῦ
1234 3556 1469 3627 Ἰσραὴλ,
1500 3558 1581 3621 είς
1618 3558 1786 3625 Δίγυ-

207 3653 398 3714 πτίους
426 3650 749 3719 κατέφυγον·
774 3649 853 3703 διδ
880 3650 974 3703 καὶ
994 3650 1395 3721 καταλήψεσθαι
1421 3649 1617 3712 αὐτοὺς
1647 3647 1682 3702 ἃ
1710 3648 1784 3718 μὴ

208 3742 614 3813 προσεδόκησαν
640 3742 787 3796 κακά
811 3743 897 3795 ἐπ’
923 3743 1089 3812 αὐτῆς
1114 3742 1215 3811 τῆς
1242 3742 1516 3811 Αἰγύπτου
1549 3740 1782 3793 ἀπειλεῖ.

208 3836 459 3912 Διδάσκει
482 3834 548 3887 δι’
572 3834 699 3903 ὅλης
724 3835 824 3905 τῆς
860 3834 1228 3905 προκειμένης
1273 3833 1513 3904 ἱστορίας
1550 3835 1579 3885 6
1607 3832 1784 3915 λόγος,

1885 2014 2009 2068 istic
2045 2008 2574 2066 condemnabuntur,
2629 2001 2977 2072 supplicium.
3037 1997 3136 2052 His
3178 2011 3344 2067 porro
3376 1995 3474 2048 ad-

1883 2107 2066 2159 ductis
2104 2104 2160 2158 in
2217 2101 2476 2165 medium,
2538 2094 2885 2167 prephetiam
2934 2106 3101 2159 super
3150 2090 3240 2154 iis,
3274 2088 3368 2159 qui
3416 2087 3473 2141 in

1885 2195 2180 2266 Egyptum
2208 2188 2617 2259 confugiebant,
2658 2184 2908 2239 resumit.
2955 2180 2959 2185 ’

2448 2339 2680 2398 CAPUT
2712 2336 2909 2393 XXXI.

1956 2459 2119 2514 Vens.
2139 2455 2253 2511 l—3.
2290 2453 2415 2509 «Va;
2431 2453 2522 2521 qui
2542 2450 2880 2506 descendunt
2901 2448 2953 2501 in
2973 2445 3267 2515 Egyptum
3286 2443 3353 2496 ad
3370 2456 3474 2495 au—

1888 2551 2102 2612 xilium,
2127 2549 2216 2618 qui
2271 2545 2551 2602 confidunt
2582 2544 2636 2597 in
2671 2542 2830 2611 equis
2861 2548 2916 2595 et
2948 2540 2999 2592 in
3027 2535 3299 2591 curribus.
3334 2532 3477 2588 Sunt

1886 2642 2027 2697 enim
2048 2639 2226 2702 multi,
2243 2647 2299 2692 et
2322 2638 2375 2691 in
2400 2634 2555 2704 equis
2573 2631 2858 2686 multitudo
2881 2629 3093 2698 ingens.
3124 2626 3188 2679 Et
3212 2640 3316 2679 non
3336 2638 3475 2677 con-

1886 2734 1968 2788 fisi
1986 2740 2112 2787 sunt
2127 2732 2179 2784 in
2195 2727 2398 2784 Sancto
2416 2725 2600 2793 Israel,
2619 2732 2675 2778 et
2690 2721 2975 2776 Dominum
2996 2735 3099 2773 non
3118 2715 3474 2787 qumsierunt.

1888 2827 1955 2881 Et
1983 2826 2097 2895 ipse
2119 2822 2394 2891 sapienter
2413 2818 2625 2873 induxit
2647 2831 2809 2884 super
2829 2828 2924 2867 eos
2966 2810 3129 2872 mala,
3166 2819 3221 2862 et
3250 2806 3475 2861 verbum

1886 2919 2003 2987 ejus
2018 2931 2124 2971 non
2146 2913 2522 2975 frustrabitur,
2546 2918 2602 2963 et
2626 2909 2873 2977 insurget
2907 2905 2961 2958 in
2985 2906 3174 2957 domos
3193 2902 3474 2954 hominum

1888 3010 2174 3069 malorum,
2209 3017 2262 3061 et
2298 3007 2352 3059 in
2376 3018 2525 3076 spem
2546 3017 2733 3057 eorum
2763 3016 2978 3064 vanam,
3020 2996 3336 3066 Egyptium
3365 2995 3471 3049 ho-

1890 3101 2088 3153 minem
2138 3107 2191 3150 ct
2220 3111 2325 3149 non
2385 3095 2580 3157 Deum,
2611 3106 2874 3163 equorum
2916 3106 3133 3154 carnes,
3160 3099 3217 3143 et
3256 3103 3363 3143 non
3392 3097 3477 3144 est

1890 3190 2175 3244 auxilium.
2209 3186 2473 3241 Dominus
2508 3193 2691 3239 autem
2728 3184 2945 3238 inducet
2985 3172 3201 3235 manum
3237 3194 3392 3235 suam
3416 3179 3476 3235 in

1890 3296 2003 3341 eos.
2034 3288 2090 3335 et
2126 3279 2446 3334 laborabunt
2466 3276 2557 3346 qui
2586 3276 2941 3339 auxiliantur,
2995 3282 3051 3326 et
3094 3271 3257 3325 simul
3280 3277 3477 3327 omnes

1890 3370 2142 3440 peribunt
2175 3366 2374 3438 gladio.
2403 3384 2423 3418 ι
2461 3364 2612 3434 Ipsos
2635 3363 2901 3432 coarguit,
2924 3360 3052 3431 quia
3078 3361 3282 3415 Sancto
3306 3359 3475 3415 Israel

1892 3476 1998 3514 non
2040 3459 2289 3522 fidentes,
2330 3457 2396 3510 ad
2421 3454 2706 3525 Egyptios
2730 3454 3099 3521 confugerunt
3132 3470 3148 3507 :
3204 3453 3475 3522 quamob—

1892 3552 2179 3622 remlipsos
2197 3550 2584 3617 inexspectatis
2610 3546 2768 3602 malis
2792 3548 2845 3601 in
2870 3546 3107 3617 Egypto
3138 3545 3479 3601 invadendos

1890 3659 2011 3699 esse
2032 3643 2419 3697 comminatur.
2445 3641 2507 3696 In
2523 3650 2634 3694 tota
2661 3639 2829 3710 igitur
2847 3641 3100 3709 praesenti
3126 3640 3351 3695 biSIoria
3375 3639 3475 3694 do-

1888 3746 1975 3792 cet
1998 3775 2013 3801 ,
2045 3736 2091 3792 si
2124 3736 2340 3804 quando
2386 3733 2563 3788 visum
2601 3732 2711 3787 Deo
2746 3731 2933 3798 fuerit,
2987 3732 3243 3807 p0pulum
3278 3746 3475 3797 suum,

1885 3829 2000 3884 sive
2026 3828 2324 3883 Ecclesiam
2365 3824 2982 3894 suam,.pcrsecutionis
3036 3832 3280 3892 tempore
3326 3822 3476 3891 piam

209 3924 267 3973 ἐν
291 3923 406 3984 τοῖς
437 3923 643 3990 καιροῖς
673 3921 781 3974 τῶν
810 3921 1083 3992 διωγμῶν,
1112 3921 1167 3975 el
1188 3939 1317 3975 ποτε
1348 3924 1583 3991 κρινεῖεν
1602 3914 1785 3986 ό,Θεὸς

1888 3918 2201 3989 religionem
2230 3918 2557 3977 vexantibus
2585 3917 2821 3983 tradere,
2860 3932 2889 3970 a
2936 3915 3120 3970 divina
3166 3914 3273 3970 fide
3312 3929 3478 3969 rece-

205 4010 298 4061 -:6v
322 4009 450 4062 λαὸν
478 4010 665 4074 αὑτοῦ,
702 4011 735 4081 ἢ
776 4011 870 4063 καὶ
906 4012 1005 4082 τήν
1044 4011 1369 4082 Ἐκκλησίαν
1393 4013 1558 4066 αὐτοῦ
1603 4030 1784 4083 παρα-

205 4098 387 4152 δοῦναι
430 4103 541 4164 τοῖς
572 4101 672 4171 τὴν
714 4100 1021 4156 θεοσέϐειαν
1051 4103 1353 4168 ἐλαύνουσι,
1401 4103 1475 4175 μὴ
1515 4104 1622 4156 δεῖν
1655 4106 1785 4157 ἀνα-

206 4193 407 4261 χωρεῖν
440 4191 541 4261 τῆς
573 4192 758 4246 ἐνθέου
796 4193 1058 4259 πίστεως,
1102 4195 1236 4266 μηδὲ
1263 4197 1363 4266 τῆς
1395 4197 1489 4248 ἐπὶ
1526 4194 1619 4247 τὸν
1651 4194 1784 4248 Θεὸν

206 4281 591 4353 πεποιθήσεως
635 4285 999 4352 ἀφίστασθαι,
1052 4287 1187 4358 μηδὲ
1240 4286 1637 4356 ἀπογινώσκειν
1686 4287 1785 4352 τὰς

1891 4011 2129 4067 dendum
2154 4026 2262 4065 non
2281 4024 2427 4076 esse,
2457 4024 2631 4078 neque
2650 4007 3033 4063 abstinendum
3063 4021 3093 4061 a
3118 4006 3315 4062 ﬁducia
3346 4022 3477 4077 erga

1892 4102 2083 4168 Deum,
2133 4118 2236 4158 nec
2279 4104 2347 4157 de
2401 4101 2517 4171 ejus
2566 4101 3017 4157 reconciliatione
3050 4101 3476 4169 desperandum,

1891 4212 1992 4252 nec
2023 4196 2405 4252 declinandum
2438 4198 2504 4251 ad
2545 4195 2926 4266 Egyptiacam
2957 4193 3124 4246 vitam
3153 4230 3171 4257 ,
3219 4191 3479 4247 videlicet

1889 4290 1954 4341 ad
1978 4289 2386 4344 ldololalrarum
2415 4289 2745 4344 institutum.
2772 4287 2925 4341 Multi
2949 4300 3185 4354 namque
3216 4286 3268 4339 in
3290 4284 3478 4355 hujus-

204 4374 401 4427 τούτου
431 4376 741 4445 διαλλαγὰς,
768 4378 904 4449 μηδὲ
930 4376 1021 4434 ἐπὶ
1045 4380 1134 4432 τὸν
1156 4380 1521 4447 Αίγυπτιακὸν
1546 4380 1658 4449 βίον
1688 4381 1785 4433 αύ-

1892 4383 2035 4437 modi
2062 4382 2397 4451 temporibus
2428 4398 2456 4434 a
2484 4381 2587 4451 piae
2622 4380 2899 4450 religionis
2926 4380 3172 4432 doctrina
3191 4378 3479 4432 disceden-

204 4464 476 4535 τομολεῖν,
504 4466 648 4536 λέγω
669 4468 735 4539 δὴ
764 4469 853 4521 τὸν
876 4469 983 4524 τῶν
1008 4469 1421 4540 εἰδωλολατρῶν.
1453 4471 1645 4523 Πολλοὶ
1674 4471 1782 4543 γὰρ

1893 4482 1991 4540 les,
2016 4490 2165 4543 spem
2194 4490 2347 4529 suam
2384 4474 2434 4528 in
2471 4473 2877 4529 idololatrarum
2898 4471 3100 4525 auxilio
3135 4470 3471 4524 locaverunt.

206 4558 269 4612 ἑν
295 4563 410 4625 τοῐς
435 4562 692 4627 τοιούτοις
718 4568 948 4635 καιροῖς,
984 4566 1388 4636 ἀποστήσαντες
1454 4565 1549 4619 τοῦ
1612 4568 1712 4639 τῆς
1779 4567 2091 4633 θεοσεϐείας
2131 4571 2313 4641 λόγου,
2348 4568 2447 4633 τάς
2490 4568 2712 4631 ἐλπίδας
2756 4568 3071 4637 ἀνήρτησαν
3112 4563 3323 4618 ἑαυτῶν
3377 4560 3477 4632 τῆς

203 4656 321 4708 τῶν
355 4654 751 4727 εἰδωλολατώ
786 4657 1053 4729 βοηθείας.

286 4794 308 4826 ι
354 4773 476 4827 Ὀτι
512 4773 682 4836 οὕτως
712 4769 832 4825 εἶπέ
873 4791 963 4845 μοι
1006 4773 1236 4845 Κύριος·
1280 4776 1375 4827 Ὃν
1412 4775 1613 4845 τρόπον
1658 4776 1784 4829 ὅταν

1962 4772 2128 4831 Vsus.
2163 4772 2287 4826 4-7.
2327 4792 2345 4824 ι
2383 4771 2648 4840 Quoniam
2695 4770 2778 4825 sic
2828 4768 2964 4823 dixit
3007 4766 3139 4821 mihi
3172 4765 3470 4821 Dominus:

205 4864 381 4934 βοὴσῃ
415 4864 443 4915 6
484 4862 641 4925 λέων,
676 4862 709 4933 ἡ
748 4863 777 4914 6
820 4863 1055 4932 σκύμνος
1100 4866 1193 4917 ἐπὶ
1224 4868 1290 4935 τῇ
1341 4860 1556 4937 θήρᾳ-ᾖ
1597 4865 1778 4928 ἔλαϐε,

1891 4866 2360 4933 Quemadmodum
2388 4881 2512 4920 cum
2554 4863 2811 4919 clamabit
2856 4861 2961 4927 leo,
3003 4860 3348 4926 autcatulus,
3377 4874 3473 4913 su-

203 4956 307 5009 καὶ
327 4953 568 5023 κεκράξη
598 4953 682 5005 ἐπ’
708 4952 878 5024 αὐτὴν
908 4954 1013 5017 ἓως
1050 4954 1115 5007 ἂν
1153 4955 1437 5025 ἐμπλησθῇ
1469 4955 1539 5007 τὰ
1560 4956 1659 5025 ὅρη
1683 4956 1782 5025 τῆς

1889 4972 1983 5026 per
2017 4958 2195 5025 praeda
2240 4972 2401 5025 quam
2458 4956 2620 5024 cepit,
2654 4964 2709 5009 et
2751 4953 3140 5008 vociferabitur
3170 4967 3335 5019 super
3383 4968 3471 5016 ea,

207 5046 397 5115 φωνῆς
422 5043 607 5108 αὐτοῦ,
640 5045 732 5096 καί
758 5044 1087 5116 ἡττήθησαν,
1117 5046 1209 5098 καὶ
1236 5046 1296 5098 τὸ
1328 5046 1531 5115 πλῆθος
1563 5045 1657 5098 τοῦ
1691 5046 1784 5099 θυ-

1890 5050 2065 5105 donec
2116 5049 2441 5117 impleantur
2467 5059 2680 5103 montes
2713 5060 2845 5101 voce
2876 5046 3017 5114 ejus,
3050 5054 3104 5098 et
3139 5044 3264 5098 victi
3312 5055 3470 5108 sunt,

209 5138 315 5208 μοῦ
343 5136 711 5205 ὲπτοὴθησαν⁸
739 5134 908 5199 οῦτως
936 5136 1302 5208 καταϐήσεται
1329 5139 1530 5209 Κύριος
1557 5136 1780 5190 Σαϐαὼθ

1890 5154 1946 5198 et
1982 5143 2378 5198 vehementiam
2406 5144 2612 5197 furoris
2647 5142 2768 5212 ejus
2791 5154 3095 5211 expavere;
3132 5140 3210 5195 sic
3243 5142 3472 5195 descen-

207 5227 634 5298 ἐπιστρατεῦσαι
666 5227 764 5279 ἐπὶ
798 5226 860 5279 τὸ
897 5228 1021 5299 ὅρος
1064 5229 1221 5295 Σιὼν,
1268 5231 1360 5282 ἐπὶ
1388 5230 1455 5283 τά
1484 5231 1584 5301 ὅρη
1616 5231 1785 5301 αὐτῆς

1891 5234 1982 5289 det
2005 5234 2261 5288 Dominus
2292 5234 2555 5299 Sabaoth,
2593 5245 2650 5286 ut
2681 5234 2957 5303 praelietur
2990 5233 3041 5286 iu
3078 5243 3259 5287 monte
3292 5233 3425 5287 Sion
3456 5272 3472 5298 ,

206 5324 290 5384 ὡς
315 5323 474 5391 ϐρνεα
506 5322 809 5391 πετόμενα·
849 5320 1022 5385 οὕτως
1064 5324 1394 5392 ὑπερασπιεῖ
1432 5323 1655 5393 Κύριος,
1693 5326 1785 5378 καὶ

1892 5341 2050 5396 supra
2077 5335 2286 5381 montes
2315 5327 2451 5393 ejus,
2506 5329 2650 5380 sicut
2702 5342 2831 5380 aves
2860 5326 3138 5388 volantes;
3170 5327 3251 5379 sic
3291 5336 3474 5394 prole-

208 5415 492 5481 ὲξελεῖται,
528 5417 623 5469 καὶ
658 5418 1087 5487 περιποιήσεται,
1133 5418 1227 5470 καὶ
1268 5418 1451 5472 σώσει.
1494 5420 1787 5491 Ἐπιστρά-

1893 5427 1981 5485 get
2010 5416 2289 5482 Dominus,
2315 5426 2368 5470 et
2390 5418 2607 5487 eripiet,
2643 5428 2695 5472 et
2723 5417 2944 5480 fovebit,
2972 5427 3025 5471 et
3054 5419 3311 5473 servabit.
3336 5417 3475 5471 Con-

209 5523 349 5575 φητε
370 5508 416 5558 οε
446 5506 545 5577 τὴν
574 5505 795 5575 βαθεῖαν
826 5507 1017 5577 βουλὴν
1042 5507 1415 5579 βουλευόμενοι
1444 5510 1538 5563 καὶ
1564 5509 1782 5581 ἄνομον,

1894 5512 2191 5573 vertimini,
2221 5512 2313 5579 qui
2342 5511 2671 5580 profundum
2702 5512 2984 5567 consilium
3008 5512 3252 5565 inieratis
3276 5520 3332 5565 et
3361 5512 3469 5564 ini-

213 5600 320 5651 υἱοὶ
373 5598 619 5670 ⁹1σραὴλ’
656 5600 741 5650 ὅτι
773 5600 837 5668 τῇ
874 5598 1054 5670 ἡμέρᾳ
1081 5600 1262 5671 ἐκείνῃ
1312 5601 1785 5673 ἀπαρνηθὴσονται

1894 5619 2080 5672 quum,
2110 5603 2206 5655 filii
2236 5603 2403 5656 Israel
2432 5621 2444 5655 :
2478 5604 2600 5671 quia
2638 5604 2692 5657 in
2730 5603 2817 5657 die
2855 5603 2942 5656 illa
2995 5602 3339 5672 abnegabunt
3369 5602 3469 5655 ho-

211 5691 263 5741 οἱ
298 5690 567 5761 ἄνθρωποι
602 5688 675 5742 τὰ
702 5690 1055 5761 χειροποίητα
1096 5693 1296 5756 αὐτῶν,
1332 5693 1399 5745 τὰ
1447 5694 1663 5765 ἀργυρᾶ
1688 5696 1781 5747 καὶ

1891 5696 2064 5749 mines
2091 5695 2234 5749 idola
2265 5711 2362 5748 sua
2412 5704 2670 5762 argentea
2698 5705 2751 5747 ct
2814 5708 3001 5759 aurea,
3054 5708 3175 5762 qua:
3225 5691 3470 5745 feccrunt

212 5780 277 5832 τὰ
305 5784 493 5853 χρυσᾶ,
538 5781 574 5835 ἃ
618 5779 887 5850 ἐποίησαν
932 5782 987 5834 αἱ
1034 5786 1209 5854 χεῖρες
1260 5784 1453 5838 αὐτῶν.
1500 5806 1516 5839 δ
1566 5786 1778 5854 Ἔξεστι

1892 5802 2085 5843 manus
2120 5802 2328 5842 eorum.
2358 5808 2377 5839 ι
2431 5787 2587 5843 Licet
2640 5787 2783 5840 enim
2842 5786 2973 5856 ipsis
3026 5788 3188 5841 etiam
3225 5800 3384 5850 nunc,
3422 5784 3465 5839 si
