4120 6294
730 412 834 467 315

1388 404 1653 462 EUSEBII
1688 405 2164 464 CESARIENSIS
2198 403 2344 461 OPl‘.
2388 401 2567 457 PARS
2604 401 2694 456 111.
2734 432 2805 442 -
2843 399 3250 456 EXEGETICA.

3838 396 3950 452 516

729 520 1094 596 ρωιιὶιοηιίοηι
1127 525 1311 589 agant,
1333 517 1387 572 in
1408 532 1562 573 suam
1589 518 1884 588 remigrare
1907 529 2125 582 terram,
2160 531 2280 571 cum

2384 515 2492 586 γὰρ
2518 516 2682 568 είσέτι
2713 515 2809 568 καὶ
2831 513 2926 568 νῦν
2955 513 3386 596 μετανοήσαντας
3407 512 3717 566 ἐπανελθεῖν
3743 513 3821 576 είς
3845 511 3952 584 τὴν

731 610 1044 669 edidicerint
1094 609 1274 679 qualia
1309 606 1451 663 Deus
1479 609 1621 663 circa
1653 624 1778 663 eam
1818 609 2089 678 pollicitus
2115 608 2204 663 sit.
2229 606 2282 660 Id

730 705 890 759 etiam
925 700 1163 757 declarat
1186 699 1408 754 historia
1444 720 1456 752 :
1490 714 1613 752 nam
1635 707 1774 767 post
1799 699 2027 754 reditum
2074 714 2138 752 ex
2189 695 2285 750 Ba-

727 792 940 863 bylone,
967 807 1032 846 ac
1055 791 1344 846 excitatum
1383 789 1560 841 denuo
1600 789 1851 857 templum
1883 790 1936 844 in
1965 788 2280 853 Jerusalem,

731 897 836 937 non
858 882 998 936 ultra
1021 881 1175 936 idolis
1208 879 1289 935 usi
1316 879 1486 936 fuisse
1523 882 1791 936 videntur.

803 1055 961 1110 Vsus.
986 1056 1038 1111 8.
1071 1075 1090 1108 ι
1121 1056 1184 1110 Et
1221 1057 1571 1114 cadetAssur
1603 1074 1706 1113 non
1748 1059 1927 1128 gladio
1951 1061 2075 1126 viri,
2112 1075 2284 1130 neque

733 1147 942 1216 gladius
969 1149 1068 1201 viri
1095 1147 1375 1201 devorahit
1399 1163 1517 1202 eum
1548 1165 1562 1201 :
1595 1158 1650 1202 et
1689 1147 1879 1218 fugiet,
1917 1164 2022 1202 non
2054 1164 2084 1202 a
2141 1151 2281 1204 lacie

730 1238 932 1308 gladii:
984 1238 1220 1306 juvenes
1264 1247 1441 1292 autem
1484 1238 1904 1306 superabuntur.
1941 1257 1960 1292 ι
2003 1239 2284 1309 Signiﬁcat

726 1337 906 1383 autem
965 1326 1366 1382 idololatrarum
1422 1329 1572 1398 regni
1623 1329 1914 1393 excidium,
1963 1332 2284 1399 ruinamque

725 1434 910 1473 eorum
941 1437 954 1472 :
987 1418 1208 1486 pristina
1242 1419 1328 1472 illa
1360 1420 1504 1489 regia
1554 1420 1840 1488 dignitate,
1865 1421 2022 1488 quasi
2071 1420 2140 1474 ab
2173 1423 2282 1475 alto

725 1509 983 1564 humilem
1007 1510 1059 1563 in
1091 1510 1265 1565 locum
1304 1510 1531 1579 dejecta.
1559 1510 1615 1570 id
1648 1519 1826 1565 autem
1857 1511 1962 1566 illis
1983 1511 2280 1581 continget,

724 1599 823 1667 ait,
854 1615 959 1655 non
986 1616 1051 1655 ex
1079 1601 1310 1655 humana
1351 1601 1647 1670 irruptione
1675 1621 1688 1656 :
1729 1603 1822 1656 sed
1855 1616 1918 1656 ex
1948 1602 2125 1656 divina
2148 1617 2280 1655 con-

726 1696 809 1741 tra
841 1687 962 1742 illos
999 1703 1225 1744 accensa
1252 1690 1351 1744 ira.
1390 1690 1613 1746 Etiamsi
1634 1691 1779 1746 enim
1805 1690 2054 1746 homines
2080 1692 2278 1746 excidii

724 1792 910 1832 eorum
945 1778 1175 1833 ministri
1222 1794 1382 1847 quam
1429 1782 1662 1836 maxime
1699 1782 1981 1839 videantur
2025 1796 2180 1846 esse;
2225 1791 2284 1836 at

723 1868 838 1937 ipse
874 1867 1010 1924 Deus
1051 1879 1172 1924 erat
1219 1839 1309 1938 qui
1360 1871 1635 1927 hominum
1677 1886 1840 1941 opera
1878 1871 2111 1928 funditus
2163 1839 2351 1928 illosC

722 1961 938 2016 evertit.

793 2130 956 2186 Vna.
985 2133 1040 2189 9.
1088 2151 1107 2184 ι
1157 2133 1314 2190 Petra
1365 2136 1508 2190 enim
1555 2124 2075 2206 circumdabuntur,
2126 2142 2278 2210 quasi

720 2218 882 2285 vallo,
918 2230 970 2276 et
997 2223 1302 2279 vincentur.
1341 2245 1361 2278 ι
1395 2226 1610 2282 Petram
1643 2239 1801 2285 vocat
1856 2231 2000 2285 illam
2026 2231 2152 2287 olim
2179 2233 2281 2288 As-

654 2332 658 2336 ι
723 2310 993 2379 syriorum
1031 2311 1361 2378 ﬁrmitatem,
1405 2318 1661 2387 regnique
1695 2321 1876 2385 robur,
1934 2322 2074 2392 quod
2106 2333 2282 2380 trans-

722 2398 922 2452 iturum
951 2414 1074 2456 esse
1095 2402 1246 2457 dicit.
1279 2421 1299 2455 ι
1319 2404 1420 2471 Qui
1445 2416 1624 2463 autem
1653 2409 1840 2480 fugiet,
1858 2413 2122 2480 capietur.
2155 2415 2279 2469 llazc

721 2488 855 2543 dicit
881 2490 1139 2548 Dominus
1168 2513 1182 2549 :
1211 2493 1427 2560 Beatus,
1471 2501 1558 2567 qui
1592 2501 1750 2556 habet
1782 2503 1835 2556 in
1878 2502 2005 2558 Sion
2051 2519 2231 2560 semen
2259 2547 2274 2572 ,

721 2588 780 2633 et
806 2581 1131 2640 domesticos
1161 2585 1214 2641 in
1243 2585 1560 2646 Jerusalem.
1599 2611 1618 2643 ι
1641 2591 1733 2648 His
1757 2594 1881 2648 item
1909 2594 2158 2649 hortatur
2183 2613 2278 2652 ens

721 2671 815 2737 qui
864 2673 917 2725 in
975 2673 1265 2744 Egyptum
1297 2679 1664 2748 confugerant,
1699 2694 1755 2738 ut
1789 2701 1857 2741 ne
1889 2688 2200 2744 recederent
2245 2706 2275 2744 a

722 2759 842 2816 loco
881 2763 967 2816 ubi
990 2777 1107 2820 erat
1141 2768 1394 2836 templum
1421 2771 1512 2824 Dei
1539 2769 1684 2828 {sed
1705 2777 1868 2830 etiam
1919 2778 2110 2834 beatos
2139 2795 2279 2848 prae-

721 2849 868 2905 dicat
891 2867 1006 2916 eos,
1043 2856 1133 2924 qui
1181 2871 1363 2914 semen
1402 2861 1453 2914 in
1486 2861 1615 2917 Sion
1652 2864 1883 2922 habituri
1919 2881 2069 2937 sunt,
2098 2883 2154 2927 et
2177 2875 2276 2926 do-

721 2943 977 2998 mesticos
1005 2945 1059 3000 in
1106 2945 1440 3018 Jerusalem;
1491 2957 1744 3022 quoniam
1777 2960 1866 3014 illa
1901 2967 2274 3031 restaurauda,

720 3039 778 3083 et
807 3035 1085 3100 pristinam
1117 3038 1518 3108 gloriamsuatu
1568 3059 1947 3118 recuperatum
1992 3064 2151 3122 erat,
2181 3073 2276 3110 seu

2386 605 2592 658 ἑαυτῶν
2624 605 2748 674 γῆν,
2790 593 3057 675 μαθόντας
3082 603 3239 656 ὁποῖα
3263 600 3588 672 ἐπήγγελται
3617 601 3743 672 περὶ
3773 603 3950 672 αὐτῆς

2383 699 2412 749 ό
2452 696 2604 758 Θεός.
2638 696 2747 748 Kal
2775 695 2931 748 τοῦτο
2972 694 3028 748 δὲ
3074 694 3397 764 παρίστησιν
3437 695 3471 764 ή
3521 692 3758 762 ἱστορία·
3805 695 3951 762 μετὰ

2383 785 2491 855 γὰρ
2519 785 2578 837 τὸ
2602 784 2916 838 ἐπανελθεῖν
2948 785 3142 847 αὐτοὺς
3178 784 3287 837 ἀπὸ
3329 783 3662 845 Βαϐυλῶνος,
3720 781 3812 836 καὶ
3855 783 3938 834 ἀν

2383 878 2592 946 εγεῐραι
2637 873 2885 945 δεύτερον
2930 875 3020 928 τὸν
3058 876 3114 926 tv
3151 873 3537 944 Ἱεροσολύμοις
3575 872 3720 936 ναὸν,
3761 872 3948 924 οὐκέτι

2340 981 2347 988 ‘
2383 967 2662 1036 φαίνονται
2688 964 2925 1030 εἰδώλοις
2953 966 3296 1037 χρησάμενοι.

2459 1072 2477 1106 ι
2511 1055 2619 1108 Καὶ
2648 1056 2890 1107 πεσεῖται
2943 1054 3170 1122 ’Δσσοὺρ
3197 1053 3256 1106 οὐ
3294 1051 3537 1124 μαχαίρᾳ
3579 1050 3787 1121 ἀνδρὸς,
3819 1049 3946 1103 οὐδὲ

2386 1146 2628 1218 μάχαιρα
2649 1145 2933 1216 ἀνθρώπου
2962 1146 3334 1214 καταφάγεται
3361 1144 3541 1204 αὐτὸν,
3573 1144 3665 1197 καὶ
3691 1141 3946 1211 φεύξεται

2382 1236 2481 1287 οὐκ
2516 1232 2624 1287 ἀπὸ
2654 1232 2944 1305 προσώπου
2991 1234 3287 1304 μαχαίραςο
3322 1233 3372 1284 οί
3410 1232 3466 1284 δὲ
3500 1232 3767 1284 νεανίσκοι
3803 1229 3946 1282 ἔσον-

2382 1341 2470 1377 ται
2511 1325 2590 1387 είς
2636 1323 2874 1394 ἥττημα.
2922 1344 2940 1376 ι
2991 1325 3250 1395 Σημαίνει
3284 1322 3341 1376 δὲ
3376 1321 3473 1393 τήν
3506 1321 3814 1391 καθαίρεσιν
3844 1321 3945 1391 τῆς

2381 1413 2488 1467 τῶν
2512 1414 2910 1485 είδωλολατρῶν
2940 1414 3234 1483 βασιλείας,
3261 1412 3355 1465 καὶ
3383 1411 3479 1481 τὴν
3507 1410 3714 1463 πτῶσιν
3746 1411 3941 1476 αὐτῶν,

2382 1502 2572 1576 ὥσπερ
2603 1507 2694 1573 ἀφ’
2722 1503 2890 1573 ὕψους
2920 1504 3011 1556 τοῦ
3040 1503 3304 1575 προτέρου
3337 1499 3610 1571 βασιλικοῦ
3643 1499 3946 1569 ἀξιώματος

2383 1599 2476 1651 ἐπὶ
2515 1599 2574 1651 τὸ
2609 1595 2861 1650 ταπεινὸν
2886 1596 3186 1666 φερομένου
3206 1611 3219 1625 ο
3252 1595 3346 1647 καὶ
3377 1591 3533 1646 τοῦτο
3557 1591 3756 1655 αὐτοῖς,
3789 1591 3944 1660 φησὶ,

2384 1687 2718 1757 συμϐήσεται
2751 1687 2851 1738 οὐκ
2880 1684 2940 1749 ἐξ
2981 1685 3329 1756 ἀνθρωπίνης
3373 1683 3583 1751 ἐφόδου,
3611 1681 3723 1735 ἀλλ’
3752 1683 3818 1735 ὲκ
3846 1681 3947 1752 τῆς

2381 1777 2474 1830 τοῦ
2511 1776 2644 1829 Θεοῦ
2682 1779 2799 1830 κατ’
2827 1776 3005 1830 αὐτῶν
3047 1775 3235 1846 ὀργῆς.
3267 1776 3330 1828 El
3356 1775 3464 1846 γὰρ
3495 1775 3586 1827 καὶ
3615 1774 3685 1827 τὰ
3716 1773 3949 1844 μάλιστα

2382 1869 2596 1921 ἐδόκουν
2641 1868 2913 1940 ἄνθρωποι
2952 1868 3222 1940 ὑπηρέται
3253 1867 3532 1936 γεγονέναι
3567 1868 3664 1936 τῆς
3692 1864 3918 1937 καθαιρά

2383 1975 2517 2022 σεως
2539 1959 2740 2022 αὐτῶν,
2762 1959 2875 2012 ἀλλ’
2901 1958 3061 2021 αὐτὸς
3085 1954 3152 2028 ἦν
3175 1961 3205 2013 ὁ
3232 1957 3383 2022 Θεὸς,
3411 1957 3440 2010 ὁ
3466 1957 3560 2011 διὰ
3599 1957 3708 2010 τῶν
3747 1954 3948 2027 ἀνθρὼ-

2381 2067 2499 2104 πων
2526 2049 2806 2120 καθαιρῶν
2833 2049 3050 2113 αὐτούς.
3628 2126 3630 2128 τ

2454 2159 2475 2192 ι
2535 2141 2717 2211 Πέτρᾳ
2758 2141 2864 2210 γὰρ
2915 2140 3404 2212 περιληφθήσονται
3447 2141 3523 2204 ὠς
3567 2137 3804 2213 χάρακι,
3853 2141 3950 2194 καὶ

2379 2231 2793 2302 ἡττηθήσονται.
2855 2251 2872 2282 ι
2932 2231 3144 2301 Πέτραν
3200 2231 3346 2298 λέγει
3395 2230 3487 2282 τοῦ
3552 2231 3835 2301 Ἀσσυρίου
3884 2230 3953 2286 τὸ

2380 2320 2543 2374 πάλαι
2577 2322 2799 2392 στερρὸν
2821 2323 2913 2374 καὶ
2939 2322 3153 2391 βέϐαιον
3177 2321 3270 2375 καὶ
3295 2322 3512 2392 ἰσχυρὸν
3537 2322 3639 2392 τῆς
3669 2322 3948 2392 βασιλείας

2379 2408 2538 2460 αὐτοῦ
2567 2448 2583 2472 ,
2641 2411 2776 2480 ὅπερ
2841 2409 3265 2481 παρελεύσεσθαι
3313 2428 3477 2481 φησιν
3533 2413 3564 2465 ό
3611 2412 3786 2482 λόγος.
3827 2433 3845 2466 ι
3890 2413 3949 2468 ὐ

2378 2498 2434 2550 δὲ
2492 2499 2705 2568 φεύγων
2768 2499 3055 2556 ἁλώσεται.
3122 2500 3259 2554 Τάδε
3335 2501 3480 2570 λέγει
3534 2502 3738 2574 Κύριος
3766 2522 3781 2536 ο
3836 2505 3950 2558 Μα-

2378 2590 2564 2660 κάριος
2611 2591 2669 2654 ὃς
2716 2589 2827 2661 ἔχει
2877 2593 2934 2643 tv
2987 2589 3124 2644 Σιὼν
3175 2592 3415 2663 σπέρμα,
3470 2594 3565 2646 καὶ
3608 2593 3840 2658 οίκείους
3891 2595 3950 2645 tv

2390 2680 2760 2751 Ἰερουσαλήμ.
2817 2699 2835 2732 ι
2882 2681 2992 2734 Καὶ
3030 2681 3116 2735 διὰ
3148 2682 3337 2736 τούτου
3373 2683 3669 2754 προτρέπει
3695 2685 3824 2748 τοὺς
3869 2688 3950 2750 είς

2377 2770 2474 2839 τὴν
2515 2769 2787 2837 Αἴγυπτον
2818 2771 3162 2840 ὁρμήσαντας
3204 2773 3278 2842 μὴ
3327 2773 3625 2843 ἀναχωρεῖν
3653 2772 3746 2826 τοῦ
3778 2775 3950 2828 τόπου

2378 2860 2506 2914 ἔνθα
2535 2856 2602 2930 ἦν
2629 2861 2658 2913 ό
2689 2859 2826 2922 νεὼς
2856 2860 2949 2912 τοῦ
2982 2860 3115 2914 Θεοῦ
3137 2878 3149 2890 ·
3187 2861 3320 2915 ἀλλὰ
3360 2863 3453 2915 καὶ
3497 2846 3788 2934 μακαρίζει
3819 2864 3951 2929 τοὺς

2376 2951 2592 3016 ἕξοντας
2643 2952 2698 3003 ὲν
2737 2951 2873 3005 Σιὼν
2924 2951 3166 3021 σπέρμα,
3219 2953 3314 3006 καὶ
3353 2955 3412 3006 ὲν
3468 2953 3820 3025 Ἰερουσαλὴμ
3864 2957 3950 3008 ol-

2377 3042 2576 3104 κείους,
2614 3040 2702 3093 διὰ
2740 3041 2800 3095 τὺ
2845 3041 3054 3112 μέλλειν
3087 3042 3256 3113 αὐτὴν
3300 3043 3674 3107 ἀνανεοῦσθαι,
3708 3046 3804 3099 καὶ
3843 3046 3950 3117 τὴν

720 3123 884 3176 etiam
913 3126 1173 3194 majorem
1207 3130 1314 3193 illa,
1350 3149 1510 3202 quam
1545 3137 1694 3203 prius
1722 3150 1881 3195 nacta
1907 3141 2103 3199 fuerat.
2136 3147 2278 3213 Qua-

2381 3131 2583 3184 οἰκείαν
2625 3127 2782 3195 αὖθις
2812 3132 3216 3202 ἀπολαμϐάνειν
3245 3132 3421 3198 δόξαν,
3461 3134 3494 3203 ἢ
3529 3135 3623 3189 καὶ
3663 3136 3950 3220 κρείττονα

721 3223 943 3283 propter
965 3217 1084 3272 aliis
1116 3220 1412 3289 dicebatur,
1445 3245 1464 3276 ι
1497 3227 1563 3281 Et
1587 3231 1690 3283 erit
1718 3231 1884 3300 gloria
1909 3234 2100 3292 domus
2124 3238 2277 3294 istius

2381 3215 2447 3290 ἦς
2474 3217 2587 3290 εἶχε
2621 3221 2901 3292 πρότερον.
2934 3222 3028 3276 Διὸ
3060 3221 3275 3291 ἀλέγετο
3306 3224 3514 3294 ἑτέροις
3536 3242 3549 3254 ·
3591 3245 3610 3276 ι
3654 3227 3763 3279 Καὶ
3792 3216 3951 3283 ἔσται

723 3303 1017 3360 novissima
1053 3323 1215 3376 super
1243 3312 1472 3380 priorem
1505 3316 1570 3370 ³ο.
1606 3337 1625 3370 ι
1658 3318 1811 3377 Scias
1851 3337 2086 3394 oportet,
2121 3329 2269 3394 illud,

2381 3315 2413 3382 ἡ
2446 3313 2566 3380 δόξα
2599 3312 2692 3366 τοῦ
2735 3314 2884 3368 οίκου
2928 3315 3116 3369 τούτου
3153 3318 3186 3386 ή
3233 3316 3436 3387 ἐσχάτη
3477 3317 3622 3388 ὑπὲρ
3659 3317 3758 3388 τὴν
3791 3319 3949 3390 πρώ-

729 3410 748 3443 ι
779 3395 986 3461 beatus,
1018 3416 1039 3450 ι
1058 3413 1088 3452 a
1108 3401 1317 3454 nemine
1348 3403 1450 3458 alio
1473 3405 1822 3477 interpretum
1844 3413 2044 3469 dictum
2070 3416 2272 3474 fuisse:

2381 3421 2498 3474 την.
2555 3425 2573 3456 ι
2612 3405 2826 3459 Εἰδέναι
2874 3406 2931 3459 δὲ
2983 3406 3108 3477 χρὴ,
3138 3407 3220 3459 ὃτι
3253 3407 3313 3459 τὸ
3348 3408 3466 3478 μὲν,
3507 3426 3526 3458 ι
3580 3408 3870 3481 μακάριος,
3924 3431 3951 3463 ι

720 3498 822 3552 pro
855 3485 943 3540 illo
970 3498 1166 3555 autem,
1200 3510 1219 3542 ι
1253 3492 1353 3558 Qui
1390 3495 1546 3551 habet
1578 3499 1631 3552 in
1676 3500 1803 3557 Sion
1841 3518 2047 3570 semen,
2078 3519 2132 3563 et
2183 3511 2277 3566 do-

2381 3495 2549 3558 οὐδεὶς
2585 3495 2692 3548 τῶν
2721 3496 3073 3567 ἐρμηνευτῶν
3093 3497 3340 3568 εἴρηκεν·
3374 3499 3496 3552 ἀντὶ
3531 3499 3586 3552 δὲ
3620 3501 3742 3566 τοῦ,
3780 3520 3799 3553 ι
3848 3503 3951 3567 Ὃς

721 3577 976 3633 mesticos
1010 3580 1060 3633 in
1086 3579 1400 3646 Jerusalem,
1427 3604 1446 3637 ι
1477 3586 1831 3656 Symmachus
1852 3594 2028 3660 habet,
2052 3615 2070 3648 ι
2099 3598 2272 3666 ignem

2381 3583 2491 3654 ἔχει
2512 3589 2567 3638 tv
2596 3585 2731 3640 Σιὼν
2765 3589 2986 3659 σπέρμα
3023 3579 3118 3642 κὰὶ
3148 3589 3378 3653 οίκείους
3404 3591 3462 3644 tv
3510 3590 3885 3662 Ἰερουσαλὴμ,
3924 3613 3944 3645 ι

723 3666 778 3720 in
813 3666 939 3723 Sion
967 3681 1021 3724 et
1047 3672 1314 3728 clibanunt
1349 3676 1401 3730 in
1433 3676 1765 3742 Jerusalem;
1795 3701 1818 3736 ι
1852 3685 2040 3755 Aquila
2069 3702 2199 3743 vero
2220 3700 2274 3746 et

2381 3675 2408 3725 6
2448 3675 2546 3744 μὲν
2587 3675 2877 3747 Σύμμαχος
2907 3676 3040 3746 ἔχει,
3081 3695 3101 3728 ι
3138 3675 3248 3750 πῦρ
3285 3679 3343 3731 tv
3375 3678 3533 3741 Σιὼν,
3567 3681 3660 3732 καὶ
3691 3679 3953 3736 κλίϐανον

724 3754 1041 3848 'l'lneodotio,
1080 3779 1101 3815 ι
1138 3761 1254 3817 Lux
1289 3765 1386 3834 ipsi
1421 3768 1473 3821 in
1520 3768 1674 3835 Sion,
1706 3782 1764 3827 et
1795 3754 2038 3833 clibanus
2072 3779 2170 3848 ipsi
2216 3781 2272 3836 in

2381 3765 2437 3816 tv
2481 3765 2861 3836 Ἰερουσαλήμ·
2897 3785 2917 3819 ›
2958 3768 2986 3820 ό
3028 3767 3252 3831 ’Δκύλας
3295 3769 3389 3822 καὶ
3426 3768 3731 3834 Θεοδοτίων,
3768 3790 3787 3823 ι
3823 3771 3953 3836 θῶς

722 3843 1043 3904 Jerusalem.
1075 3871 1094 3903 ι
1122 3855 1284 3919 Queis
1323 3858 1545 3914 docetur
1592 3864 1966 3922 universorum
2016 3843 2184 3925 Deum
2221 3883 2275 3927 et

2383 3857 2531 3926 αὐτῷ
2562 3860 2620 3908 ὲν
2654 3855 2791 3909 Σιὼν
2824 3859 2915 3910 καὶ
2946 3858 3194 3922 κλίϐανος
3223 3859 3371 3929 αὐτῷ
3409 3861 3467 3913 tv
3512 3861 3888 3932 Ἰερουσαλὴμ,
3923 3882 3945 3916 ι

726 3935 1032 4032 Dominum,
1061 3946 1150 4012 qui
1178 3946 1342 4001 hasce
1367 3960 1554 4004 contra
1577 3952 1833 4028 Assyrios
1871 3960 2043 4017 minas
2090 3973 2276 4032 protu-

2381 3947 2632 4017 εἰρήκασι
2651 3963 2664 3975 ·
2716 3946 3050 4013 διδάσκοντος
3081 3949 3175 4002 τοῦ
3225 3950 3401 4018 λόγου,
3449 3951 3529 4005 ὅτι
3573 3954 3602 4006 ό
3649 3953 3756 4006 τῶν
3802 3955 3948 4010 ὅλων

725 4026 812 4121 lit,
860 4031 1035 4100 ignem
1067 4036 1264 4090 habere
1295 4038 1346 4092 in
1397 4038 1546 4109 Sion,
1576 4052 1632 4099 et
1658 4026 1926 4103 clibanum
1973 4051 2026 4105 in
2055 4026 2276 4108 Jerusa-

2381 4037 2509 4101 Θεὸς
2539 4040 2633 4092 καὶ
2664 4039 2895 4112 Κύριος,
2925 4043 2954 4094 ό
2985 4043 3125 4097 κατὰ
3158 4043 3265 4097 τῶν
3309 4045 3604 4116 ’Δσσυρίων
3643 4049 3950 4121 ἀπειλήσας

724 4116 866 4182 lem;
895 4131 953 4174 ut
974 4125 1019 4175 si
1036 4127 1249 4193 quando
1273 4130 1518 4198 voluerit,
1545 4135 1645 4191 hoc
1674 4137 1796 4206 igne
1819 4149 1873 4194 et
1898 4141 2110 4198 clibano
2134 4160 2275 4200 com-

2381 4130 2448 4183 τὰ
2473 4130 2760 4202 λεγόμενα,
2792 4132 2904 4201 ἔχει
2929 4133 3038 4204 πῦρ
3066 4135 3122 4186 tv
3153 4134 3310 4199 Σιὼν,
3340 4137 3434 4190 καὶ
3461 4136 3707 4192 κλίϐανον
3736 4140 3797 4191 tv
3825 4116 3948 4195 ⁷Ἰε-

722 4208 887 4304 hurat
903 4221 957 4267 et
977 4227 1242 4286 excoquat
1263 4235 1355 4276 eos
1377 4223 1465 4290 qui
1488 4225 1866 4286 combustione
1892 4245 2024 4301 opus
2050 4234 2271 4291 habent.

2381 4220 2691 4291 ρουσαλήμο
2725 4221 2803 4274 ἶν’
2833 4223 2919 4275 ὅτε
2955 4223 3229 4296 βούληται,
3262 4225 3340 4297 τῷ
3372 4228 3503 4298 πυρὶ
3527 4229 3700 4299 τούτῳ
3738 4229 3836 4284 καὶ
3862 4231 3955 4304 τῷ.

724 4301 984 4392 Quocirca
1009 4305 1100 4360 Dei
1133 4308 1220 4362 illa
1247 4311 1448 4370 civitas
1465 4315 1739 4383 despectui
1767 4320 2010 4377 habenda
2040 4341 2146 4379 non
2168 4339 2271 4382 est.

2381 4311 2614 4381 κλιϐάνῳ
2661 4314 2980 4387 κατακαύσῃ
3025 4316 3118 4368 καὶ
3167 4319 3486 4392 κατοπτήσῃ
3533 4321 3660 4385 τοὺς
3696 4301 3946 4389 καύπά

724 4389 849 4446 llaec
886 4409 1049 4462 porro
1105 4398 1172 4452 de
1213 4401 1449 4456 Ecclesia
1506 4405 1635 4459 item
1663 4405 1785 4472 jure
1824 4410 2099 4479 dicantur,
2146 4418 2272 4486 quia

2381 4401 2675 4472 δεομένους.
2728 4405 2820 4456 Διὸ
2855 4405 2915 4456 οὐ
2970 4407 3234 4477 προσήκει
3282 4389 3641 4480 καταφρονεῖν
3690 4413 3791 4483 τῆς
3845 4415 3947 4470 τοῦ

725 4480 838 4548 ipsa
867 4492 948 4536 est
979 4485 1170 4543 civitas
1221 4489 1308 4543 illa
1359 4492 1453 4546 Dei
1507 4494 1762 4564 gloriosa,
1789 4501 1856 4554 de
1903 4515 2006 4570 qua
2035 4480 2274 4574 daein",

2381 4490 2510 4544 Θεοῦ
2538 4493 2762 4557 πόλεως.
2794 4495 2976 4549 Ταῦτα
3005 4496 3060 4550 δὲ
3092 4499 3184 4550 καὶ
3224 4499 3352 4570 περὶ
3374 4500 3474 4569 τῆς
3512 4480 3834 4573 Ἐκκλησίας
3858 4507 3942 4560 ειη

731 4588 751 4621 ο
785 4571 1029 4629 Gloriosa
1061 4578 1200 4632 dicta
1237 4591 1365 4635 sunt
1398 4583 1464 4638 de
1497 4595 1568 4651 te,
1609 4587 1804 4645 civitas
1857 4591 1951 4647 Dei
2000 4593 2066 4650 “.
2105 4615 2125 4648 ι
2182 4571 2278 4653 Est

2382 4582 2550 4646 κότως
2581 4584 2646 4637 ἂν
2678 4584 2888 4656 ῥηθείη,
2920 4587 3217 4658 ἐπειδήπερ
3252 4591 3285 4660 ή
3323 4589 3478 4653 πόλις
3511 4590 3604 4644 τοῦ
3631 4571 3765 4646 Θεήοῦ
3797 4596 3831 4664 ἠ
3855 4595 3941 4648 δε·

726 4662 855 4716 item
891 4663 944 4717 in
1000 4667 1087 4720 illa
1121 4668 1259 4736 ignis
1296 4679 1351 4726 et
1395 4673 1657 4744 clibanus,
1691 4693 1800 4750 quo
1850 4683 2277 4758 uniuscujusque

2381 4673 2676 4747 δοξασμένη
2700 4676 2833 4747 αὐτή
2859 4679 2993 4741 ἐστι,
3022 4681 3147 4749 περὶ
3171 4677 3237 4750 ἦς
3257 4681 3499 4751 εῐρηταιο
3527 4703 3545 4734 ι
3575 4662 3939 4757 Δεδοξασμένα

726 4755 919 4808 animae
945 4755 1107 4823 ligna,
1142 4758 1320 4816 fenum
1351 4771 1404 4818 et
1427 4766 1678 4836 stipulam
1710 4773 1992 4830 comburat
2032 4755 2089 4832 et
2116 4755 2278 4836 absu-

2381 4763 2609 4837 ἐλαλήθη
2643 4767 2772 4837 περὶ
2799 4768 2915 4832 σοῦ,
2944 4772 2977 4836 ἡ
3009 4769 3161 4831 πόλις
3192 4770 3285 4824 τοῦ
3313 4771 3467 4827 Θεοῦ.
3507 4793 3525 4826 ι
3579 4775 3731 4828 Ἐστι
3763 4755 3857 4831 καὶ
3881 4781 3939 4835 ἐν

726 4856 853 4898 mat.
885 4848 1034 4913 Quod
1059 4850 1102 4903 si
1125 4851 1357 4923 dicatur,
1389 4873 1409 4907 ι
1448 4857 1560 4912 Lux
1593 4860 1692 4928 ipsi
1727 4863 1780 4915 iu
1823 4862 1976 4930 Sion,
2020 4876 2075 4922 et
2103 4869 2273 4925 cliba-

2381 4856 2518 4929 αὐτῇ
2547 4857 2780 4934 πῦρκαὶ
2811 4859 3079 4923 κλίϐανος,
3103 4863 3182 4924 εἰς
3207 4861 3268 4914 τὸ
3303 4864 3659 4934 καταφλέγειν
3707 4869 3800 4920 καὶ
3847 4871 3936 4924 ἁν-

728 4952 828 4990 nus
860 4939 956 5006 ipsi
990 4941 1041 4994 in
1073 4941 1394 5012 Jerusalem,
1437 4967 1457 5000 ι
1500 4949 1675 5019 ignem
1707 4952 2069 5026 intelligamus
2115 4974 2275 5029 opor-

2381 4947 2622 5001 αλίσκειν
2646 4949 2716 5002 τὰ
2739 4950 2797 5003 ὲν
2831 4950 3034 5023 ἑκάστῃ
3056 4950 3197 5024 ψυχῇ
3231 4951 3360 5018 ξύλα
3382 4956 3474 5008 καὶ
3500 4957 3688 5029 χόρτον
3718 4961 3811 5012 καὶ
3843 4978 3938 5015 κα-

730 5038 826 5093 tet,
880 5043 1095 5101 propter
1123 5049 1215 5089 eos
1245 5051 1310 5090 ex
1342 5047 1505 5104 cmtu,
1541 5041 1627 5108 qui
1677 5041 1879 5100 lumine
1908 5057 2036 5102 su‘nt
2080 5049 2269 5120 digni;

2381 5035 2568 5108 λάμην.
2611 5039 2736 5091 Ἐὰν
2773 5039 2830 5092 δὲ
2875 5039 3120 5109 λέγηται,
3158 5061 3177 5093 ι
3213 5043 3332 5109 Φῶς
3367 5045 3516 5116 αὖτῷ
3545 5047 3606 5099 tv
3645 5047 3802 5113 Σιὼν,
3845 5054 3936 5105 καὶ

727 5121 993 5201 clibanum
1024 5136 1200 5180 autem
1233 5127 1284 5181 in
1315 5127 1635 5196 Jerusalem,
1666 5144 1882 5203 propter
1905 5152 1999 5194 eos
2016 5140 2104 5208 qui
2123 5156 2272 5197 com-

2381 5126 2619 5194 κλίϐανος
2643 5130 2791 5201 αύτῷ
2817 5132 2875 5183 tv
2907 5130 3276 5205 Ἰερουσαλὴμ,
3314 5155 3334 5188 ι
3364 5136 3452 5190 διὰ
3481 5139 3579 5208 μὲν
3609 5140 3734 5203 τοὺς
3761 5143 3934 5207 φωτὸς

727 5214 971 5270 bus-tione
1000 5228 1051 5272 ct
1083 5223 1398 5290 purgatione
1436 5229 1568 5294 opus
1600 5226 1816 5282 habent.

2381 5219 2551 5283 ἀξίους
2571 5221 2679 5275 τῶν
2702 5224 3077 5296 συναγομένων
3096 5225 3156 5277 τὸ
3171 5225 3297 5293 φῶς
3313 5227 3563 5298 εἰρῆσθαι
3587 5229 3928 5300 ὲκδεξόμεθιν

2374 5308 2461 5362 διὰ
2491 5310 2548 5363 δὲ
2578 5312 2704 5374 τοὺς
2739 5304 2983 5377 καύσεως
3013 5314 3106 5368 καὶ
3136 5316 3452 5388 καθάρσεως
3496 5319 3684 5390 χρείαν
3713 5320 3933 5390 ἔχοντας

2371 5399 2449 5467 τὸ,
2482 5402 2764 5470 κλίϐανος
2789 5404 2858 5457 ἐν
2897 5405 3307 5476 Ἰερουσαλήμ.
3757 5431 3767 5442 ”

2873 5495 3262 5551 ΚΕΦΔΛΛΙΟΝ
3284 5498 3404 5554 AB'.

2447 5598 2466 5632 ι
2515 5581 2646 5640 Ἰδοὺ
2689 5582 2795 5658 γὰρ
2822 5583 3072 5656 βασιλεὺς
3099 5585 3305 5655 δίκαιος
3337 5588 3658 5662 βασιλεύσει,
3703 5594 3796 5647 καὶ
3835 5591 3929 5665 ἄρ-

1257 5486 1483 5543 CAPUT
1517 5487 1729 5544 XXXII.

800 5569 957 5629 VSM.
1001 5575 1022 5628 1
1074 5575 1128 5630 2.
1160 5577 1336 5633 «Ειω
1373 5580 1515 5633 enim
1550 5596 1641 5634 sex
1691 5579 1866 5648 justus
1904 5583 2168 5654 regnabit,
2216 5593 2270 5639 et

801 5769 848 5800 ”
873 5773 1005 5841 Agg.
1041 5787 1102 5838 ll,
1141 5774 1226 5828 l0.
1302 5775 1506 5832 "Psal.
1538 5777 1833 5845 uxxn,3.
