4120 6294
222 434 319 488 317

1147 408 1658 485 εοιιιιεΝτΑιιιΑ
1694 423 1763 479 IN
1803 424 2330 483 lSAlAM.--CAP.
2363 422 2585 480 χχιιι.

223 586 398 640 χοντες
428 570 577 641 μετὰ
610 570 849 640 κρίσεως
878 565 1121 637 ἄρξουσι.
1148 565 1258 619 Καὶ
1284 564 1435 618 ἔσται
1467 564 1497 617 6
1525 563 1811 635 ἄνθρωπος

1916 565 2186 633 principes
2211 577 2335 618 cum
2357 559 2563 631 judicio
2586 559 2951 628 imperabunt.
2979 553 3047 609 Et
3070 552 3179 608 erit
3204 553 3368 607 homo
3392 567 3487 606 oc-

224 662 475 730 κρύπτων
507 661 646 722 τοὺς
680 659 869 726 λόγους
893 657 1095 719 αὑτοῦ,
1120 656 1214 709 καὶ
1250 653 1587 726 κρυϐήσιται
1615 653 1691 715 ὡς
1713 651 1808 720 ἀφ’

224 752 404 815 ὓδατος
437 749 776 821 φερομένου.
817 747 927 800 Καὶ
955 747 1255 815 φανήσεται
1284 747 1343 797 ιν
1371 742 1509 796 Σιὼν
1532 742 1609 805 ῶς
1646 758 1812 795 ποτα-

225 844 315 912 μὸς
339 844 656 913 φερόμενος
677 880 691 906 ,
720 839 925 903 ἔνδοξος
950 840 1009 891 ἑν
1034 840 1105 909 γῇ
1131 835 1362 907 διψώσῃ.
1408 854 1426 886 ι
1458 833 1716 896 Θεσπίζιι
1742 832 1812 885 τὰ

224 933 342 1002 περὶ
372 932 476 1002 τῆς
508 930 840 999 θεοφανείας
882 929 975 983 τοῦ
1018 927 1251 999 Χριστοῦ
1271 942 1285 955 ⁸
1333 927 1491 997 μόνος
1518 925 1627 998 γὰρ
1657 919 1811 988 οὗτος

221 1024 420 1085 δίκαιος
459 1024 522 1074 ιν
573 1021 886 1093 ἀνθρώποις
921 1021 1161 1089 ἀνεφάνη
1212 1020 1241 1072 6
1291 1017 1563 1088 βασιλεύς.
1609 1008 1810 1070 Καὶόί

222 1112 504 1167 ἀπόστολοι
539 1112 603 1166 δι
638 1110 804 1165 αὑτοῦ
841 1111 978 1181 μετά
1011 1108 1246 1181 κρίσεως
1274 1107 1369 1161 τοῦ
1402 1107 1611 1161 ἑαυτῶν
1656 1106 1810 1175 βασι-

222 1204 371 1267 λέως,
404 1203 511 1273 τῆς
578 1203 909 1272 Ἐκκλησίας
941 1199 1106 1255 αὑτοῦ
1140 1198 1542 1269 καθηγήσαντο.
1596 1194 1809 1250 Ἐϐασί-

222 1296 369 1348 λευσε
403 1295 596 1349 τοίνυν
628 1296 709 1356 εἰς
741 1293 1085 1363 δικαιοσύνην
1130 1294 1161 1345 6
1198 1286 1433 1361 Χριστὸς
1466 1289 1659 1359 καινήν
1688 1302 1811 1340 τινα

220 1386 415 1454 ταύτην
443 1384 551 1455 τὴν
582 1383 890 1453 βασιλείανο
927 1382 987 1437 ού
1020 1382 1126 1451 γὰρ
1160 1382 1239 1444 είς
1271 1379 1619 1450 ἀνθρωπίνην
1653 1378 1812 1444 ἀξίαν

222 1473 570 1538 ἀποϐλέπων,
612 1475 735 1527 οὐδὲ
770 1476 849 1537 είς
884 1473 1046 1544 τιμὴν
1086 1473 1180 1527 καὶ
1207 1471 1364 1537 δόξαν
1394 1471 1493 1542 τὴν
1533 1470 1685 1541 παρά
1712 1471 1809 1522 ἀν·

222 1567 477 1636 θρώποις,
517 1566 624 1635 τὴν
674 1563 950 1635 βασιλείαν
979 1565 1290 1634 ἔπανήρατο
1308 1603 1331 1633 λ
1358 1562 1470 1615 ἀλλ’
1498 1563 1578 1625 είς
1609 1561 1812 1614 δικαιο-

222 1657 417 1728 σύνην·
449 1657 649 1727 ὥσπερ
680 1652 772 1710 οὖν
825 1655 919 1709 καὶ
969 1655 1020 1707 οἱ
1068 1653 1328 1724 ἄρχοντες
1375 1652 1560 1715 αὑτοῦ,
1608 1653 1707 1704 οὐκ
1753 1652 1811 1702 έν

224 1748 495 1821 ἀξιώμασι
552 1748 842 1816 κοσμικοῖς
892 1744 1259 1816 προαχθέντες
1310 1739 1500 1815 ἦρχον,
1562 1742 1675 1795 ἀλλ’
1732 1742 1810 1805 είς

222 1840 423 1909 κρίσιν.
464 1836 565 1891 Διὸ
617 1836 759 1890 κατά
782 1838 908 1899 τοὺς
937 1835 1157 1899 λοιποὺς
1192 1835 1533 1906 ἑρμηνευτάς
1574 1835 1808 1903 εἴρηται,

228 1951 245 1982 ι
280 1931 391 1984 Καὶ
418 1931 691 2002 ἄρχοντες
722 1931 802 1992 είς
842 1930 1016 2000 κρῖμα
1044 1926 1319 1997 ἄρξουσιν.
1361 1946 1379 1978 ι
1432 1926 1576 1978 Ἀντί
1607 1925 1663 1976 δὲ
1693 1923 1810 1986 τοῦ,

228 2040 246 2071 ι
296 2020 407 2073 Καὶ
451 2018 613 2071 ῐσται
650 2022 680 2072 6
708 2016 993 2087 ἄνθρωπος
1028 2016 1285 2086 κρύπτων
1330 2016 1456 2078 τοὺς
1492 2014 1683 2081 λόγους
1714 2013 1814 2065 αὐ-

222 2112 333 2175 τοῦ,
373 2132 392 2164 ι
441 2115 472 2167 6
512 2112 829 2182 Σύμμαχος,
892 2128 911 2161 ι
948 2110 1059 2163 Καὶ
1090 2109 1264 2170 ἔσται,
1332 2106 1519 2178 φησὶν,
1569 2104 1708 2174 ἀνὴρ
1739 2104 1814 2168 ὡς

224 2203 516 2274 ἀτωκρυφή
580 2202 688 2255 ἀπὸ
760 2200 1068 2270 πνεύματος
1110 2200 1205 2253 καὶ
1260 2198 1540 2260 λαίλαπος.
1578 2216 1596 2247 ι
1659 2198 1816 2258 Ποῖος

224 2288 312 2346 οὖν
340 2292 637 2364 ἄνθρωπος
676 2291 829 2346 ἔσται
862 2291 977 2345 ἀλλ’
1005 2294 1033 2345 6
1064 2290 1320 2360 ἀνωτέρω
1369 2288 1574 2351 δίκαιος
1602 2286 1816 2356 ὠνομα-

229 2384 452 2453 σμένοςς
488 2386 665 2447 Αὐτὸς
688 2384 799 2455 γὰρ
830 2378 983 2446 οὗτος
1008 2382 1161 2436 ἔσται
1193 2382 1354 2452 ἀνὴρ,
1381 2380 1576 2433 οὐκοῦν
1613 2382 1679 2447 τῇ
1715 2377 1815 2445 φύ-

230 2490 305 2527 σει
336 2476 500 2547 ἀνὴρ,
542 2475 679 2529 ἀλλά
723 2476 986 2546 κρείττων
1028 2473 1061 2544 ἢ
1107 2471 1248 2526 κατά
1293 2470 1583 2541 ἀνθρώπου
1630 2468 1809 2538 φύσιν.

228 2562 365 2633 Πλὴν
421 2564 578 2617 ἔσται
631 2563 915 2635 ἄνθρωπος
958 2560 1311 2633 ἐπικρύπτων
1361 2558 1527 2612 αὑτοῦ
1566 2558 1665 2629 τὴν
1698 2556 1815 2609 θεό-

228 2672 379 2726 τητα.
416 2656 607 2727 ’Υδωρ
647 2656 757 2726 γὰρ
790 2653 1087 2723 φερόμενον
1117 2647 1186 2722 ἦν
1215 2652 1309 2725 καὶ
1341 2648 1712 2720 ἀπολλύμενον
1753 2648 1814 2701 τὸ

230 2746 433 2816 πλῆθος
461 2746 561 2800 τοῦ
596 2746 704 2799 τῶν
735 2744 999 2799 Ἰουδαίων
1032 2742 1160 2796 λαοῦ
1185 2760 1198 2771 ·
1232 2742 1435 2795 διὸκαὶ
1463 2740 1813 2811 ἀπέκρυπτεν

229 2837 389 2891 αὑτὸν
416 2838 477 2903 ἐξ
508 2835 710 2898 αὐτῶν,
750 2835 847 2887 καὶ
881 2835 1007 2897 τοὺς
1046 2833 1235 2897 λόγους
1260 2831 1425 2885 αὑτοῦ
1464 2832 1559 2884 ἀπ’
1589 2831 1814 2883 ἐκείνων

234 2925 328 2995 μὲν
355 2924 653 2983 ἐκάλυπτε,
684 2926 795 2985 τοῖς
826 2923 881 2975 δὲ
911 2922 1077 2975 αὑτοῦ
1101 2921 1368 2993 μαθηταῖς
1396 2920 1684 2991 ἐφανέρου.
1714 2922 1811 2984 Τίς

231 3011 285 3066 δὲ
316 3014 621 3083 φανήσεται
731 3012 892 3075 αὐτὸς
926 3010 1452 3081 δίκαιος.βασιλεύς;
1504 3010 1667 3073 αὐτὸς
1705 3011 1811 3080 γὰρ

234 3106 532 3175 φανήσεται
581 3104 658 3167 ὠς
710 3103 953 3175 ποταμὸς
1002 3103 1303 3174 φερόμενος
1347 3102 1573 3167 ἔνδοξος.
1619 3103 1714 3166 Τίς
1756 3102 1812 3155 δέ

1912 654 2125 710 cultam
2163 667 2443 717 sermones
2471 666 2620 714 suos.
2663 659 2719 705 et
2741 647 3108 704 occultabitur
3137 654 3196 699 ut
3246 643 3317 698 ab
3342 658 3490 713 aqua

1912 756 2186 800 manante.
2214 746 2282 799 Et
2298 744 2584 814 apparebit
2610 742 2666 797 in
2685 740 2839 807 Sion,
2859 741 3003 794 sicut
3020 735 3216 791 ﬂuvius
3236 749 3488 798 currens,

1912 838 2149 907 lnclytus
2185 840 2239 891 in
2270 846 2415 891 terra
2441 834 2678 891 sitienti.
2708 851 2729 886 ι
2760 832 2891 899 Quae
2920 830 2987 884 ad
3019 828 3259 883 divinum
3284 825 3489 880 Christi

1911 929 2200 985 adventum
2228 936 2477 998 spectant
2503 926 2862 980 vaticinatur:
2894 922 2942 977 is
2967 931 3201 986 namque
3222 915 3371 972 solus
3392 929 3487 969 rex

1906 1022 2087 1091 justus
2114 1023 2169 1075 in
2222 1020 2538 1076 hominibus
2578 1014 2853 1087 apparuit.
2910 1009 3156 1081 Apostoli
3204 1022 3335 1063 vero
3369 1006 3489 1077 ejus

1910 1126 2035 1167 cum
2066 1112 2271 1180 judicio
2302 1111 2447 1181 regis
2499 1109 2583 1163 sui
2623 1106 2883 1163 Ecclesia
2930 1104 3104 1175 ipsius
3132 1098 3486 1170 praefuerunt.

1913 1205 2176 1274 Regnavit
2207 1204 2392 1272 itaque
2430 1203 2485 1256 ln
2511 1199 2783 1269 Justitiam
2813 1195 3088 1258 Christus,
3130 1205 3326 1247 novum
3355 1203 3490 1244 sane

1914 1296 2061 1367 regni
2098 1310 2305 1366 genus;
2348 1308 2455 1348 non
2500 1292 2558 1347 in
2584 1292 2877 1345 humanam
2909 1286 3109 1358 quippe
3147 1282 3487 1353 dignitatem,

1912 1389 2090 1445 nonin
2123 1390 2383 1441 honorem
2413 1394 2469 1439 et
2485 1382 2715 1453 gloriam
2738 1379 3018 1435 hominum
3049 1372 3366 1442 respiciens,
3402 1384 3493 1425 re-

1912 1493 2077 1550 gnum
2094 1478 2303 1543 erexit;
2334 1475 2427 1530 sed
2452 1471 2792 1541 iniustitiam
2818 1487 2834 1525 :
2865 1464 3321 1539 quemadmodum
3340 1461 3491 1532 prin-

1910 1572 2061 1640 cipes
2096 1569 2232 1637 ejus,
2265 1582 2369 1621 non
2400 1566 2466 1619 ad
2488 1565 2795 1619 mundanas
2840 1560 3135 1631 dignitates
3157 1554 3355 1617 evecti,
3387 1553 3492 1608 im.-

1912 1662 2205 1733 perahant';
2237 1660 2329 1718 sed
2388 1657 2455 1711 ad
2485 1656 2772 1725 judicium.
2814 1650 3155 1719 Quapropter
3191 1644 3489 1700 secundum

1915 1754 2155 1822 reliquos
2180 1753 2507 1819 interpretes
2548 1748 2751 1803 dictum
2778 1754 2903 1807 est,
2945 1760 2965 1793 ι
3004 1741 3071 1795 Et
3117 1735 3393 1809 principes
3424 1734 3492 1787 ad

1910 1846 2173 1914 judicium
2215 1841 2581 1912 imperabunt.
2613 1857 2632 1890 ι
2679 1836 2785 1890 Pro
2833 1835 2925 1889 illo
2982 1842 3189 1894 autem,
3236 1846 3257 1879 ι
3294 1827 3361 1881 Et
3385 1825 3494 1881 erit

1917 1940 2083 1993 homo
2125 1936 2467 1991 abscondens
2512 1942 2796 1986 sermones
2847 1940 3000 1990 suos,
3032 1942 3051 1975 ι
3087 1919 3448 1992 Symmachus
3473 1955 3489 1981 ,

1923 2050 1941 2082 ι
1978 2031 2045 2085 Ει
2069 2029 2176 2083 erit
2212 2029 2293 2082 vir
2330 2028 2473 2080 sicut
2508 2020 2802 2077 absconsio
2826 2033 2856 2071 a
2888 2015 3079 2086 spiritu
3109 2020 3165 2067 et
3192 2008 3486 2079 procella.s

1916 2124 2051 2191 Quis
2110 2123 2275 2192 igitur
2308 2121 2472 2174 homo
2505 2118 2631 2179 erit,
2671 2114 2778 2168 nisi
2814 2112 2860 2165 is
2905 2109 2998 2178 qui
3034 2105 3283 2176 superius
3309 2102 3493 2170 justus

1916 2212 2219 2285 appellatus
2250 2210 2373 2266 est?
2416 2208 2515 2263 Hic
2551 2206 2696 2261 enim
2734 2205 2849 2273 ipse
2892 2202 2976 2255 vir
3022 2200 3149 2263 erit,
3182 2204 3378 2249 natura
3410 2194 3494 2247 vir

1916 2283 2155 2375 quidem,
2187 2304 2282 2359 sed
2306 2299 2545 2355 hominis
2572 2306 2768 2351 natura
2794 2294 2951 2364 longe
2977 2288 3343 2361 pmstantior.
3373 2283 3494 2339 Ca-

1917 2407 2090 2451 terum
2144 2396 2306 2449 homo
2346 2393 2451 2448 erit
2492 2404 2648 2445 suam
2689 2386 2976 2441 occultans
3028 2381 3307 2433 deitatem.
3354 2376 3493 2430 Nam

1916 2503 2056 2557 aqua
2087 2487 2230 2541 lluxa
2248 2496 2304 2540 et
2342 2482 2553 2552 perdita
2578 2488 2697 2534 erat
2719 2474 3004 2531 multitudo
3029 2469 3239 2525 Judaici
3272 2466 3488 2537 populi:

1915 2595 2085 2651 quare
2112 2592 2231 2633 sese
2262 2576 2331 2631 ab
2363 2574 2490 2637 illis,
2524 2580 2580 2627 et
2626 2569 2791 2625 verba
2823 2582 2919 2622 sua
2957 2565 3025 2620 ab
3054 2563 3266 2616 illorum
3312 2559 3493 2613 verbis
3580 2559 3583 2562 ’

1914 2649 2245 2733 occultabat,
2278 2668 2374 2722 sed
2417 2662 2699 2732 discipulis
2752 2660 2956 2713 suisea
2992 2653 3325 2711 declarabat.
3360 2649 3493 2715 Quis

1914 2774 2093 2819 autem
2121 2761 2438 2831 apparebit,
2475 2756 2577 2810 nisi
2612 2756 2726 2822 ipse
2778 2766 2871 2806 rex
2898 2747 3109 2817 justus?
3139 2746 3255 2813 ipse
3287 2744 3490 2811 quippe

1913 2868 2033 2909 sese
2060 2850 2508 2919 conspiciendqu
2543 2844 2823 2915 praebebit,
2854 2843 3007 2911 quasi
3044 2838 3239 2891 ﬂuvius
3264 2849 3493 2889 uiaiians

1916 2943 2162 3015 inclytus.
2186 2941 2316 3008 Qua:
2336 2955 2465 2993 vero
2490 2939 2618 2992 Sion
2644 2936 2755 2995 illa,
2779 2935 2883 2987 nisi
2908 2947 3027 3000 quae
3050 2944 3194 2989 eum.
3215 2929 3309 2996 qui
3337 2942 3396 2980 se
3424 2925 3494 2979 ab

1916 3037 2019 3091 illis
2046 3034 2373 3096 occultabat,
2406 3029 2617 3099 publice
2649 3025 2896 3093 accepit?
2928 3038 3049 3077 nam
3086 3036 3206 3089 quae
3232 3018 3363 3073 olim
3392 3017 3491 3070 de-

1915 3134 2059 3180 serta
2095 3132 2149 3177 et
2194 3120 2467 3177 sitibunda
2496 3126 2637 3187 erat,
2671 3116 2914 3172 Ecclesia
2964 3129 3029 3166 ex
3066 3111 3335 3182 gentibus,
3377 3108 3494 3178 ipsa

235 3195 373 3292 έστιν
400 3198 432 3267 ἡ
466 3195 606 3247 Σιὼν
637 3193 775 3263 αὕτη
803 3195 836 3264 ἢ
867 3196 901 3264 ή
927 3194 1018 3247 τὸν
1058 3194 1151 3246 ἀπ’
1183 3194 1407 3247 ἐκείνων
1436 3194 1810 3266 κρυπτόμενον
1837 3232 1882 3292 C
1915 3227 2039 3268 νοτε
2066 3213 2195 3267 Sion
2229 3220 2334 3266 εει,

236 3284 490 3356 ἐμφανῶς
539 3283 996 3355 παραδεξαμένη;
1035 3287 1067 3354 ὴ
1114 3283 1225 3355 γὰρ
1268 3284 1435 3337 πάλαι
1473 3284 1679 3354 ἕρημος
1720 3285 1813 3337 καὶ

236 3374 437 3443 διψῶσα
472 3376 507 3446 ἡ
540 3375 599 3438 ἐξ
640 3374 807 3426 ἐθνῶν
849 3374 1163 3443 Ἐκκλησία,
1190 3374 1331 3445 αὕτη
1368 3375 1517 3427 ἐστὶν
1549 3378 1582 3444 ἠ
1614 3373 1771 3427 Σιών.

308 3523 325 3555 ι
366 3505 479 3557 Καὶ
521 3502 701 3555 οὐκέτι
743 3502 956 3555 ἔσονται
989 3502 1307 3566 πεποιθότες
1353 3505 1435 3555 ἐπ’
1470 3502 1809 3574 ἀνθρώπους,

239 3594 367 3647 ἀλλά
404 3594 477 3647 τὰ
507 3588 623 3647 ὦτα
654 3592 915 3646 δώσουσιν
964 3592 1204 3655 ἀκούειν,
1249 3596 1343 3647 καὶ
1392 3597 1424 3665 ἡ
1473 3593 1669 3664 καρδία
1702 3594 1813 3647 τῶν

239 3683 602 3736 ἀσθενούντων
640 3682 893 3753 προσέξει
930 3680 1026 3734 τοῦ
1070 3683 1309 3743 ἀκλιυειν,
1345 3681 1441 3733 καὶ
1479 3683 1536 3733 αί
1567 3681 1810 3748 γλῶσσαι

242 3776 291 3826 αἱ
320 3772 665 3842 ψελςλίζουσαι
708 3773 846 3841 ταχὺ
898 3771 1229 3842 μαθήσονται
1278 3772 1459 3825 λαλεῖν
1502 3774 1741 3842 εἰρήνην.
1788 3792 1805 3823 ι

243 3863 374 3916 Σιὼν
405 3865 586 3917 τοίνυν
620 3864 715 3915 καὶ
756 3863 828 3931 γῆ
867 3861 1076 3931 διψῶσα
1108 3862 1275 3915 πάλαι
1307 3862 1509 3932 ἔρημος
1542 3863 1627 3932 εἴη
1672 3864 1737 3917 ἂν
1776 3867 1810 3933 ή

253 3953 573 4023 Ἐκκλησία’
617 3952 712 4005 καὶ
756 3951 951 4022 καρδία
996 3950 1387 4015 ἀσθενούντων,
1432 3952 1526 4004 καὶ
1568 3950 1813 4019 γλῶσσαι

241 4044 639 4111 τραυλίζουσαι,
672 4045 728 4095 αί
764 4042 871 4094 τῶν
906 4042 1070 4095 πάλαι
1108 4041 1199 4093 τὸν
1230 4041 1362 4094 Θεὸν
1411 4042 1484 4111 μὴ
1529 4042 1811 4107 νοούντων,

248 4132 372 4201 μηδὲ
412 4132 550 4201 ὀρθὰ
586 4132 884 4184 λαλούντων
916 4114 1105 4194 ἓθνῶν,
1152 4126 1232 4194 οἷς
1279 4131 1670 4199 ἐπαγγέλλεται
1716 4137 1813 4206 τὴν

242 4222 331 4276 ἐπὶ
366 4224 435 4277 τά
463 4223 697 4294 κρείττω
726 4223 1045 4294 μεταϐολήν.
1071 4222 1293 4285 Τούτοις
1314 4224 1554 4293 ἐπιλέγει
1574 4241 1589 4256 ο

318 4397 336 4428 ι
379 4379 492 4431 Καὶ
539 4377 719 4431 οὐκέτι
762 4378 823 4430 ού
879 4378 952 4447 μὴ
978 4378 1172 4431 εῖπωσι
1222 4378 1299 4449 τῷ
1340 4378 1508 4449 μωρῷ
1539 4378 1761 4450 ἄρχειν·
1790 4402 1809 4435 ι

247 4464 429 4538 ὥσπερ
470 4464 564 4521 οὖν
610 4468 871 4537 πρότερον
916 4467 1152 4530 ἐποίουν,
1201 4469 1289 4521 ὅτε
1337 4472 1449 4532 τοῖς
1492 4471 1568 4533 ὡς
1602 4472 1818 4542 ἀληθῶς

1988 3522 2154 3578 Vens.
2184 3525 2238 3587 3,
2268 3523 2323 3577 4.
2359 3540 2378 3573 ι
2412 3522 2479 3577 Ει
2515 3535 2621 3576 non
2672 3531 2830 3576 erunt
2892 3519 3123 3591 amplius
3162 3515 3494 3572 conﬁdentes

1919 3616 1973 3670 in
2014 3616 2363 3671 hominibus:
2394 3614 2488 3669 sed
2516 3627 2678 3668 aures
2714 3612 2783 3667 ad
2820 3612 3144 3666 audiendum
3182 3612 3409 3671 dabunt,
3438 3618 3495 3661 et

1916 3723 2015 3763 cor
2048 3706 2385 3762 inﬁrmorum
2426 3705 2689 3767 attendet,
2720 3713 2777 3757 ut
2816 3704 2993 3757 audiat
3025 3720 3039 3755 :
3076 3712 3131 3756 et
3158 3703 3351 3770 linguai
3378 3699 3495 3753 bal-

1917 3799 2238 3853 butientium
2271 3798 2378 3851 cito
2412 3797 2628 3851 discent
2659 3794 2804 3863 loqui
2846 3810 3055 3860 pacem.
3096 3812 3114 3844 ι
3144 3793 3276 3847 Sion
3313 3792 3493 3859 itaque

1918 3900 1973 3945 et
2000 3901 2142 3947 terra
2172 3890 2363 3943 sitiens
2390 3888 2518 3939 olim
2546 3888 2783 3951 deserta,
2811 3886 3052 3940 Ecclesia
3087 3884 3251 3938 fuerit
3281 3900 3295 3936 :
3325 3890 3379 3937 et
3399 3897 3493 3936 cor

1920 3981 2281 4046 inﬁrmorum,
2311 3990 2362 4031 et
2383 3980 2577 4047 lingua:
2604 3978 2986 4041 balbutientes,
3008 3976 3245 4045 gentium
3267 3976 3490 4038 iuerint,

1914 4074 2040 4143 quas
2066 4075 2197 4128 olim
2234 4087 2334 4126 nec
2361 4071 2525 4124 Deum
2562 4079 2845 4133 noverant,
2881 4084 2980 4124 nec
3010 4078 3159 4123 recte
3191 4067 3490 4135 loqueban-

1921 4178 2029 4233 tur,
2058 4168 2254 4238 quibus
2292 4166 2701 4221 conversionem
2728 4168 2794 4221 ad
2817 4165 3039 4220 meliora
3066 4163 3365 4234 pollicetur.
3394 4160 3490 4216 His

1920 4262 2193 4332 subiungit
2213 4277 2227 4313 :

1989 4397 2154 4452 Vens.
2178 4396 2232 4453 5.
2271 4414 2291 4448 ι
2320 4397 2503 4465 Neque
2537 4395 2767 4464 amplius
2795 4395 2977 4449 dicent
3012 4394 3201 4456 stulto,
3237 4400 3296 4447 ut
3322 4392 3491 4461 impe-

1923 4501 2045 4545 ret:
2085 4510 2104 4543 ι
2147 4490 2599 4558 quemadmodum
2640 4488 2767 4541 olim
2809 4486 3059 4555 agebant,
3102 4501 3224 4539 eum
3276 4486 3489 4540 animas

251 4562 449 4647 μωροῖς
468 4558 803 4647 διδασκάλοις
823 4558 1002 4610 αὐτῶν
1030 4560 1330 4628 ἐπέτρεπον
1348 4561 1445 4623 τάς
1474 4563 1681 4616 ἑαυτῶν
1711 4563 1812 4632 ψυ-

1920 4598 2047 4637 suas
2083 4581 2265 4636 stultis
2315 4596 2440 4634 vere
2496 4579 2773 4647 magistris
2834 4577 3278 4631 coneredebant:
3332 4584 3492 4629 erant

250 4648 344 4723 χάς
364 4665 379 4679 ’
413 4645 553 4718 ἦσαν
579 4649 636 4700 δὲ
661 4642 806 4702 οὗτοι
850 4650 897 4700 oi
928 4650 1083 4716 σοφοὶ
1123 4651 1217 4702 τοῦ
1260 4651 1453 4715 αἰῶνος
1498 4654 1708 4715 τούτου,
1742 4649 1817 4708 ῶν

249 4740 525 4811 ἐμώρανεν
554 4742 582 4792 6
622 4740 751 4803 Θεὸς
780 4743 881 4811 τὴν
923 4742 1130 4810 σοφίαν.
1163 4742 1411 4807 Τοιοῦτος
1453 4746 1509 4799 δὲ
1547 4742 1614 4817 ἦν
1648 4750 1755 4810 πᾶς
1790 4751 1817 4801 6

248 4831 340 4899 τὴν
371 4832 561 4899 σοφίαν
592 4832 1053 4901 ἐπαγγελλόμενος
1073 4833 1165 4885 τοῦ
1184 4834 1377 4897 αἰῶνος
1418 4836 1631 4891 τούτου.
1676 4841 1815 4893 «Καὶ

248 4921 424 4976 οὐκέτι
460 4924 535 4993 μὴ
564 4924 790 4976 εἴπωσιν
833 4924 881 4976 οί
930 4925 1195 4994 ὑπηρέται
1238 4942 1353 4989 σου,
1385 4926 1539 4994 Σίγα.
1581 4947 1599 4978 ι

323 5122 343 5153 ι
365 5103 424 5155 '0
443 5102 553 5173 γὰρ
588 5102 768 5177 μωρὸς
803 5102 958 5173 μωρά
974 5101 1217 5173 λαλήσει,
1248 5102 1340 5155 καὶ
1368 5093 1625 5171 ήῒιαρδία
1650 5101 1815 5154 αὐτοῦ

256 5191 455 5260 μάταια
481 5192 686 5259 νοήσει,
710 5190 801 5242 τοῦ
834 5190 1103 5242 συντελεῖν
1140 5191 1335 5260 ἄνομα,
1369 5189 1460 5242 καὶ
1481 5188 1657 5243 λαλεῖν
1683 5190 1817 5259 πρὸς

253 5282 452 5352 Κύριον
498 5283 785 5352 πλάνησιν,
831 5281 923 5333 τοῦ
956 5282 1267 5351 διασπεῖραι
1302 5281 1477 5351 ψυχὰς
1526 5280 1815 5343 πεινώσας,

254 5378 341 5430 καὶ
372 5376 471 5437 τὰς
503 5375 679 5447 ψυχὰς
721 5376 817 5438 τὰς
847 5374 1086 5443 διψώσας
1116 5374 1275 5438 κενὰς
1317 5376 1552 5443 ποιήσει.
1602 5374 1663 5425 Ἡ
1707 5376 1815 5444 γὰρ

252 5467 411 5539 βουλὴ
454 5468 562 5519 τῶν
597 5468 845 5537 πονηρῶν
886 5466 1061 5538 ἄνομα
1099 5466 1425 5537 βουλεύεται,
1458 5467 1816 5537 καταφθεῖραι

252 5561 535 5622 ταπεινοὺς
566 5562 622 5611 ὲν
654 5560 830 5626 λόγοις
860 5558 1095 5623 ἀδίκοις,
1121 5558 1215 5611 καὶ
1255 5559 1599 5611 διασκεδάσαι
1626 5558 1815 5625 λόγους

254 5650 518 5703 ταπεινῶν
560 5652 616 5701 ὲν
664 5650 863 5719 κρίσει.
919 5668 938 5699 ι
980 5647 1155 5717 Μωρά
1196 5648 1252 5700 δὲ
1285 5649 1454 5701 ταῦτα
1486 5649 1592 5719 γὰρ
1640 5650 1816 5701 πάντα

256 5740 417 5792 πάλαι
441 5739 708 5807 ἔπραττον
736 5740 785 5788 0i
816 5738 979 5790 πάλαι
1006 5738 1176 5807 μωροὶ
1201 5737 1453 5806 ἄρχοντες
1478 5738 1584 5790 τῶν
1606 5737 1814 5808 ἀνθρώ-

255 5846 364 5885 πων
385 5850 397 5861 ·
436 5831 528 5884 καὶ
563 5831 596 5897 ἡ
631 5829 805 5899 βουλὴ
837 5830 1013 5883 αὐτῶν
1038 5828 1268 5898 ’πονηρὰ
1297 5826 1427 5883 οὖτα
1460 5832 1633 5899 ἄνομα
1667 5830 1815 5882 ἐῦονο

1923 4688 2083 4745 porro
2123 4673 2160 4727 ii
2207 4674 2477 4739 sapientes
2511 4671 2671 4739 hujus
2706 4670 2911 4733 saeculi,
2943 4683 3172 4737 quorum
3217 4668 3357 4720 Deus
3406 4682 3494 4719 sa-

1922 4764 2183 4835 pientiam
2214 4764 2518 4816 infamavit.
2546 4763 2695 4815 Talis
2730 4772 2847 4814 erat
2885 4762 3132 4830 quisquis
3162 4759 3489 4828 sapientiam

1923 4856 2081 4924 hujus
2105 4855 2286 4908 saeculi
2325 4857 2699 4921 proﬁtebatur.
2738 4872 2760 4905 ι
2814 4853 2996 4922 Neque
3029 4852 3261 4920 amplius
3306 4852 3493 4905 dicent

1922 4948 2064 5003 servi
2104 4948 2200 5013 lui,
2224 4946 2383 5001 Tace.
2426 4966 2444 4999 ι

1994 5100 2157 5157 Vsus.
2185 5102 2237 5167 6,
2263 5101 2315 5158 7.
2346 5120 2363 5152 ι
2396 5101 2524 5155 Nam
2558 5103 2753 5157 stultus
2792 5103 2952 5157 stulta
2988 5102 3258 5169 loquetur,
3294 5112 3349 5155 et
3397 5119 3493 5156 eor

1923 5195 2037 5262 ejus
2067 5210 2203 5248 vana
2257 5196 2519 5263 cogitabit
2568 5196 2634 5249 ad
2668 5196 3055 5265 perliciendum
3089 5195 3295 5263 iniqua,
3326 5203 3381 5249 et
3415 5196 3493 5248 lo-

1924 5290 2193 5357 quendum
2242 5301 2481 5341 errorem
2516 5290 2581 5341 ad
2614 5287 2921 5352 Dominum,
2969 5297 3027 5341 ut
3062 5288 3337 5357 dispergat
3370 5290 3491 5339 aui-

1924 5395 2039 5434 mas
2062 5378 2389 5443 esurientes,
2426 5388 2481 5432 et
2514 5380 2724 5435 animas
2781 5381 3028 5434 sitientes
3063 5394 3259 5432 vacuas
3305 5379 3491 5434 faciet.

1922 5470 2215 5525 Consilium
2243 5470 2387 5523 enim
2409 5471 2672 5525 malorum
2706 5473 2889 5540 iniqua
2921 5472 3195 5540 cogitabit,
3229 5472 3295 5523 ad
3324 5473 3465 5525 inter

1926 5562 2213 5615 liciendum
2240 5561 2468 5616 humiles
2497 5566 2547 5615 in
2574 5565 2917 5618 sermonibus
2949 5562 3169 5630 iniquis,
3195 5572 3250 5616 et
3274 5564 3342 5616 ad
3376 5564 3492 5616 dis-

1920 5652 2145 5718 sipanda
2185 5653 2347 5705 verba
2402 5652 2681 5707 humilium
2724 5656 2777 5707 in
2802 5655 3022 5723 judicio.
3064 5674 3082 5705 ι
3129 5654 3252 5707 llazc
3280 5657 3478 5723 quippe

1922 5742 2085 5797 stulta
2106 5744 2284 5799 omnia
2311 5745 2435 5798 olim
2469 5745 2701 5812 agebant
2740 5747 2814 5800 illi
2864 5748 2988 5801 olim
3032 5747 3180 5801 stulti
3218 5747 3490 5815 principes

1925 5836 2199 5892 hominum
2228 5850 2241 5889 :
2274 5848 2325 5893 ct
2352 5839 2629 5895 consilium
2659 5854 2845 5897 eorum
2888 5839 3084 5895 malum
3139 5840 3323 5910 iniqua
3352 5841 3484 5895 deli-

3383 414 3491 469 318
3566 407 3569 412 “
