4120 6294
643 409 748 463 519

1307 396 1570 457 EUSEBI]
1607 393 2078 454 CAESARIENSIS
2115 389 2261 447 OPP.
2305 390 2483 446 PARS
2521 390 2609 448 Ill.
2649 421 2721 430 ——
2755 385 3161 450 EXEGETICA.

3754 383 3864 439 ἵ)Ξο

642 499 961 561 berabat,ut
991 495 1334 550 sermonibus
1365 492 1479 547 suis
1503 489 1785 546 humilium
1833 485 2042 539 animas
2074 498 2190 554 per-

2297 481 2501 544 λεύετο,
2533 483 2612 544 είς
2643 481 2706 534 τὸ
2730 479 3086 549 καταφθεῖραι
3129 479 3242 540 τοῖς
3275 475 3479 531 ἑαυτῶν
3513 474 3691 544 λόγοις
3730 478 3863 538 τοὺς

642 592 873 733 δελ-ξοδ.
903 677 955 733 8.
987 696 1004 728 ι
1032 676 1110 730 Pii
1140 683 1317 729 autem
1335 660 1614 742 prudentia
1639 671 1865 728 consilia
1889 669 2190 724 iniverunt:

639 784 692 826 et
724 771 826 825 hoc
851 769 1134 824 consilium
1157 765 1411 820 manebit.
1441 783 1457 814 ι
1485 764 1647 830 Queis
1673 760 2045 830 signiﬁcantur
2068 771 2196 826 apo—

641 861 766 915 stoli
799 857 1107 914 Servatoris
1147 854 1339 918 nostri,
1376 855 1429 908 in
1476 853 1744 922 principio
1798 851 1987 906 salutis
2038 853 2104 904 ab
2138 861 2197 904 se

641 954 810 1014 dntze,
846 966 967 1021 qua:
1010 957 1068 1003 ut
1117 948 1284 1016 probe
1331 946 1687 1016 dirigeretur,
1732 959 1825 999 rex
1869 944 2048 1013 justus
2098 942 2195 997 da-

643 1056 728 1100 tus
755 1050 858 1097 est.

718 1135 875 1190 Vens.
904 1134 956 1190 9.
995 1150 1015 1184 ι
1053 1131 1302 1186 Mulieres
1335 1130 1552 1193 divites,
1585 1127 1808 1198 surgite,
1823 1133 1878 1181 et
1906 1123 2088 1178 audite
2104 1137 2196 1177 vo-

641 1245 757 1283 cem
809 1240 1020 1281 meam:
1059 1226 1200 1289 ﬁlim,
1234 1225 1283 1277 in
1315 1240 1406 1291 spe
1436 1223 1616 1277 audite
1662 1233 1936 1275 sermones
1968 1232 2132 1270 meos.
2170 1236 2189 1268 ι

642 1320 794 1374 Nunc
849 1319 1123 1387 proponit,
1179 1317 1244 1370 ad
1300 1315 1590 1386 lacrymas,
1648 1312 1828 1367 ﬂetum
1883 1320 1938 1364 et
1997 1309 2194 1363 luctum

640 1426 932 1481 provocare
979 1424 1110 1473 eos,
1153 1409 1292 1477 quod
1345 1423 1411 1461 ex
1456 1422 1552 1462 sua
1609 1419 1735 1476 erga
1794 1402 1958 1457 Deum
2019 1401 2195 1455 incre-

639 1505 870 1559 dulitate
919 1518 948 1555 a
989 1501 1082 1556 Dei
1131 1501 1299 1569 gratia
1356 1498 1656 1552 exciderint
1711 1511 1726 1549 :
1771 1507 1958 1548 eorum
2016 1499 2193 1543 autem

638 1595 914 1649 emollitos
939 1604 995 1648 et
1022 1592 1356 1646 eﬂeminatos
1384 1591 1592 1643 animos
1641 1587 1970 1655 vituperans,
2004 1583 2194 1636 mulie-

641 1702 729 1739 res
763 1693 1052 1754 nuncupat.
1085 1683 1253 1736 Aiuut
1282 1695 1443 1748 porro
1499 1681 1599 1733 hac
1635 1678 1911 1748 prophetia
1962 1688 2194 1745 synago-

641 1794 737 1846 gas
787 1778 1022 1849 ipsorum
1070 1775 1316 1829 indicari.
1349 1772 1605 1826 Hortatur
1639 1771 1818 1838 itaque
1868 1768 2007 1831 illos,
2040 1777 2099 1820 ut
2127 1780 2194 1819 ne

640 1869 834 1936 Stipine
863 1877 918 1922 et
953 1866 1320 1936 perfunctorie
1364 1864 1521 1918 dictis
1554 1863 1869 1924 attendant;
1901 1858 1994 1912 sed
2019 1858 2192 1927 pervi-

644 1959 735 2026 gili
763 1966 817 2012 et
838 1957 1133 2026 composito
1164 1957 1361 2009 animo.
1393 1953 1646 2007 Fortasse
1671 1952 1898 2015 dixeris,
1917 1949 2190 2018 per'prlo-

637 2032 723 2104 res
753 2049 869 2104 illas
885 2048 1134 2103 mulieres
1161 2045 1450 2114 signiﬁcari
1477 2045 1687 2112 priscos
1717 2041 1834 2096 illos
1878 2041 2181 2095 Judmorum

642 2152 962 2202 conventus,
994 2154 1056 2194 ac
1095 2139 1490 2193 multitudinem
1536 2137 1608 2190 ibi
1634 2144 2047 2204 congregatam;
2097 2146 2193 2201 per

636 2235 775 2289 ﬁlias
801 2249 948 2298 vero,
982 2233 1368 2302 posterioribus
1400 2230 1727 2298 temporibus
1754 2227 2076 2291 nasciturus,
2099 2239 2193 2278 eo-

637 2340 754 2379 rum
782 2338 1101 2395 synagogas.

708 2593 871 2647 V’ens.
904 2591 992 2647 lt).
1029 2611 1047 2643 ι
1091 2589 1200 2646 Diei
1234 2589 1358 2643 anni
1389 2587 1701 2643 memoriam
1733 2584 1892 2638 facite
1916 2583 1968 2636 in
2001 2581 2190 2636 dolore

637 2698 760 2735 cum
792 2697 884 2750 spe
911 2701 924 2733 :
960 2691 1277 2749 consumpta
1302 2691 1383 2734 est
1405 2677 1696 2739 vindemia,
1722 2676 1950 2730 cessavit
1979 2689 2187 2734 semen,

567 2809 573 2818 μ
637 2783 820 2826 etnon
848 2772 1076 2840 amplius
1121 2772 1324 2825 veniet.
1369 2787 1387 2821 ι
1432 2769 1642 2823 Annum
1685 2783 1850 2835 porro
1886 2778 2039 2821 vocat
2066 2781 2190 2834 pro-

637 2860 881 2926 pheticus
911 2873 1108 2919 sermo.
1145 2867 1353 2926 tempus
1383 2857 1778 2924 praedicationis
1826 2855 2143 2925 evangelica:
2167 2893 2184 2919 ,

637 2963 741 3012 quo
770 2944 1013 2999 Salvator
1040 2955 1095 2998 et
1146 2943 1402 2997 Dominus
1449 2952 1652 3006 noster,
1704 2955 1823 2995 cum
1881 2939 2188 2996 hominibus

634 3050 856 3089 versans
879 3045 932 3089 et
949 3034 1144 3090 docens
1162 3035 1490 3101 praedicavit.
1515 3032 1569 3086 ld
1591 3047 1716 3087 vero
1740 3032 1977 3085 declarat
1997 3031 2191 3085 deinde

634 3140 757 3180 eum
790 3141 853 3179 ex
883 3139 1112 3192 persona
1139 3124 1231 3179 Dei
1270 3126 1347 3178 sic
1373 3123 1608 3191 loquitur
1635 3140 1649 3176 :
1681 3140 1699 3173 ι
1727 3120 1956 3190 Spiritus
1977 3119 2185 3174 Domini
2214 3145 2255 3202 ο

636 3229 797 3283 super
830 3230 934 3280 me,
962 3230 1027 3268 eo
1059 3216 1200 3284 quod
1251 3215 1466 3268 unxerit
1498 3228 1600 3276 me,
1647 3211 2025 3282 evangelizare
2055 3225 2188 3279 pau-

636 3307 856 3373 pcr‘mus
895 3307 1038 3360 misit
1059 3321 1176 3368 me;
1215 3305 1503 3373 praedicare
1532 3304 1762 3372 captivis
1788 3302 2187 3365 dimissionem,

635 3405 690 3449 et
722 3395 880 3450 caecis
915 3396 1059 3449 visus
1115 3395 1544 3459 restitutionem,
1599 3409 1793 3450 vocare
1841 3409 2041 3448 annum
2083 3393 2188 3447 Do-

636 3486 766 3541 mini
800 3486 1182 3555 acceptabilem
1223 3487 1289 3540 ⁸¹.
1325 3505 1346 3541 ι

707 3579 869 3632 Vens.
906 3578 990 3630 ll.
1036 3596 1055 3629 ι
1109 3577 1516 3648 Οιιειυρθεοῑιο,
1569 3576 1958 3632 contristemini
2022 3578 2187 3632 conli-

633 3668 842 3732 dentes,
896 3670 1074 3722 exuite
1123 3683 1237 3732 vos,
1283 3668 1438 3722 nuda:
1464 3675 1673 3723 estote:
1723 3667 1986 3737 accingite
2018 3669 2186 3724 saccis

634 3757 842 3812 lumbos
875 3765 1100 3813 vestros.
1140 3775 1158 3809 ι
1186 3757 1301 3823 llla,
1331 3757 1523 3826 inquit,
1556 3772 1674 3826 quae
1696 3759 1987 3814 secundum
2021 3758 2183 3813 Deum

634 3855 735 3908 est,
773 3847 986 3900 tristitia
1011 3861 1104 3900 vos
1130 3858 1472 3916 compungat,
1503 3856 1557 3899 et
1611 3863 1639 3899 a
1678 3848 1902 3916 pristina
1937 3849 2186 3903 incredu-

636 3935 785 3989 litate
813 3936 1089 3998 discedite,
1142 3935 1578 4004 pmnitentiaeque
1629 3951 1724 3990 vos
1769 3938 1910 3993 date.
1942 3937 2076 3994 Nam
2122 3956 2184 3993 ea

537 4100 544 4105 θ
633 4042 756 4094 qua:
787 4026 1076 4080 secundum
1118 4024 1286 4078 Deum
1317 4035 1400 4080 cst
1442 4026 1682 4091 tristitia,
1710 4027 2083 4094 paenitentiam
2118 4031 2184 4086 ad

633 4119 865 4172 salutem
897 4116 1022 4169 nulli
1052 4115 1376 4184 pmnitenuaa
1403 4117 1710 4182 obnoxiam,
1742 4128 2018 4187 operatur.

703 4208 867 4262 Vens.
906 4208 996 4271 12,
1034 4208 1119 4261 15.
1152 4225 1170 4258 ι
1201 4207 1267 4260 Ει
1294 4222 1456 4277 super
1495 4224 1755 4263 mammas
1810 4211 2017 4265 tundite
2047 4225 2142 4267 vos
2166 4250 2181 4275 ,

631 4307 852 4367 propter
873 4312 1060 4366 agrum
1093 4296 1364 4359 desiderii,
1386 4306 1438 4350 et
1458 4298 1666 4351 vineam
1692 4300 1981 4365 germinis:
2039 4309 2182 4356 terra

633 4387 812 4456 populi
833 4388 955 4451 mei,
979 4389 1132 4455 spina
1157 4397 1211 4441 et
1238 4388 1414 4442 fenum
1433 4386 1687 4455 proferet,
1709 4397 1763 4442 et
1783 4404 1850 4441 ex
1865 4390 2007 4445 omni
2027 4390 2185 4445 domo

2295 571 2391 635 τὰς
2421 573 2596 641 ψυχάς
2621 571 2926 634 ταπεινούς.

2368 680 2386 712 ι
2426 661 2489 712 Οἱ
2525 660 2582 713 δὲ
2620 660 2862 723 εὐσεϐεῖς
2903 657 3098 711 συνετά
3133 655 3548 715 ἐϐουλεύσαντοο
3591 655 3683 708 καὶ
3715 653 3856 724 αὕτη

2295 754 2328 824 ή
2362 752 2522 824 βουλὴ
2547 755 2716 822 μενεῖ.
2755 771 2773 804 ι
2802 755 2879 804 Δι’
2903 745 2978 805 ὧν
3002 751 3355 822 σημαίνονται
3377 751 3427 804 οί
3457 746 3737 802 ἀπόστολοι
3761 746 3856 809 τοῦ

2295 844 2547 914 Σωτῆρος
2580 842 2737 914 ήμῶν
2769 845 2849 906 είς
2877 842 2976 912 τὴν
3010 841 3182 912 ἀρχὴν
3219 841 3320 911 τῆς
3368 837 3638 911 σωτηρίας
3664 838 3854 902 αὐτοῦ,

2294 933 2388 986 καὶ
2413 933 2493 986 τὸ·
2518 931 2766 1004 ήγεϊσθαι
2801 932 2990 1002 αὐτῆς,
3029 930 3233 994 δίκαιος
3259 929 3550 1002 δεδώρηται
3583 927 3853 1001 βασιλεύς.

2371 1135 2390 1168 ι
2422 1117 2679 1178 Γυναῖκες
2713 1115 2982 1180 πλούσιαι,
3016 1112 3301 1183 ἀνάστητε,
3335 1111 3431 1168 καὶ
3465 1111 3729 1169 ἀκούσατε
3754 1106 3856 1177 τῆς

2296 1210 2479 1280 φωνῆς
2508 1226 2607 1281 μου
2626 1226 2639 1240 ⁶
2672 1209 2985 1281 θυγατέρες,
3010 1208 3103 1282 ’ἐπ’
3133 1206 3305 1261 ἐλπίδι
3333 1207 3598 1260 ἀκούσατε
3617 1204 3743 1266 τοὺς
3769 1201 3859 1256 λό-

2294 1318 2424 1369 γους
2449 1319 2571 1373 μου.
2615 1321 2634 1353 ι
2671 1299 2770 1354 Διά
2801 1302 2909 1354 τῶν
2942 1298 3316 1372 προκειμένων
3348 1297 3655 1369 προσφωνεῖ
3681 1309 3859 1364 παρα-

2293 1393 2642 1465 κελευόμενος
2685 1390 3073 1446 ἀποκλαίισθαι
3122 1390 3216 1445 καὶ
3261 1387 3556 1443 κόπτεσθαι
3595 1387 3691 1440 καὶ
3725 1384 3858 1458 θρη-

2293 1488 2424 1548 νεῖν,
2461 1485 2537 1548 ὡς
2565 1483 2632 1538 ἀν
2663 1484 2943 1538 ἐκπέσοιεν
2965 1482 3065 1554 τῆς
3090 1481 3184 1535 τοῦ
3208 1480 3342 1534 Θεοῦ
3382 1479 3601 1550 χάριτος
3637 1477 3727 1531 διά
3755 1475 3855 1547 τήν

2293 1577 2375 1639 είς
2400 1576 2491 1630 τὸν
2515 1556 2647 1629 Θεὸν
2669 1573 2926 1629 ἀπιστίαν
2951 1572 3130 1627 αὐτῶν
3147 1588 3163 1603 ο
3194 1569 3489 1626 διαϐάλλων
3520 1569 3577 1623 δέ
3610 1568 3672 1622 τὸ
3695 1569 3856 1623 ἀναν-

2291 1665 2416 1738 δρον
2440 1666 2539 1737 τῆς
2563 1665 2740 1736 ψυχῆς
2777 1663 2957 1718 αὐτῶν
2981 1665 3076 1718 καὶ¹
3103 1663 3165 1716 τὸ
3188 1661 3568 1733 τιθηλυμένον,
3596 1661 3860 1728 γυναῖκας

2294 1757 2491 1820 αὐτοὺς
2516 1756 2799 1810 ἀποκαλεῖ.
2830 1756 2967 1810 Φασὶ
2993 1755 3050 1810 δέ
3081 1753 3179 1820 τάς
3207 1751 3526 1822 συναγωγὰς
3547 1748 3731 1813 αὐτῶν
3757 1749 3854 1820 δη-

2225 1823 2264 1877 B
2292 1822 2513 1902 λοῦσθαι
2538 1848 2625 1902 διά
2652 1847 2753 1918 τῆς
2776 1844 3212 1918 φασκούσήςβθ)
3238 1842 3590 1916 προφητείας.
3609 1843 3860 1912 Παρακε-

2291 1940 2504 1994 λεύεται
2531 1939 2708 1993 τοίνυν
2739 1942 2768 1993 ό
2794 1939 2950 2007 λόγος
2975 1939 3156 2002 αὐτοῖς
3187 1937 3262 2008 μὴ
3305 1934 3531 1998 ὑπτὶως,
3563 1931 3698 2007 μηδὲ
3718 1948 3859 2003 παρ-

2293 2033 2469 2104 έργως
2527 2031 2814 2103 προσέχειν
2872 2033 2984 2094 τοῖς
3033 2028 3380 2100 λεγομένοις,
3424 2021 3860 2096 διεγηγερμένως

2290 2123 2346 2177 δὲ
2375 2123 2469 2176 καὶ
2496 2122 2960 2193 συντεταγμένως.
2990 2121 3178 2185 Είποις
3208 2119 3253 2172 δ’
3281 2118 3347 2173 ἃν
3383 2117 3485 2181 τὰς
3515 2115 3612 2188 μὲν
3637 2113 3859 2189 πρώτας

2292 2216 2553 2281 γυναῖκας
2601 2212 2885 2285 σημαίνειν
2926 2211 3027 2276 τάς
3069 2212 3160 2266 ἐπὶ
3209 2212 3317 2265 τῶν
3360 2209 3603 2264 παλαιῶν
3650 2199 3859 2280 χρόνων

2293 2304 2446 2375 παρὰ
2493 2303 2764 2367 Ἰουδαίοις
2808 2303 3091 2366 συνόδους,
3122 2303 3216 2355 καὶ
3244 2300 3313 2354 τά
3354 2299 3529 2371 πλήθη
3569 2300 3637 2352 τά
3672 2300 3730 2352 ἐν
3761 2297 3858 2352 αὑ-

2289 2398 2401 2458 τοῖς
2433 2394 2772 2463 συναγόμενα
2791 2411 2804 2424 ·
2834 2394 2931 2458 τάς
2969 2393 3027 2447 δέ
3058 2392 3358 2466 θυγατέρας
3391 2392 3449 2445 ἐν
3470 2394 3582 2454 τοῖς
3609 2389 3856 2462 ὑστέροις

2290 2486 2502 2558 χρόνοις
2529 2484 2993 2556 ὕποστησομένας,
3033 2484 3132 2549 τάς
3161 2483 3339 2538 αὐτῶν
3372 2482 3710 2551 συναγωγάς.

2365 2597 2384 2628 ι
2445 2578 2687 2648 Ἡμέρας
2725 2573 2969 2630 ἐνιαυτοῦ
3019 2575 3205 2646 μνείαν
3247 2574 3540 2646 ποιήσασθε
3583 2575 3641 2628 ἐν
3691 2570 3853 2644 ὀδύνῃ

2292 2669 2408 2738 μετ’
2457 2667 2702 2730 ἐλπίδος·
2751 2668 3022 2738 ἀνήλωται
3074 2668 3104 2720 ό
3149 2665 3448 2739 τρύγητος,
3497 2665 3768 2719 πέπαυται
3826 2665 3856 2717 ὁ

2291 2758 2511 2828 σπόρος,
2551 2757 2645 2811 καὶ
2686 2757 2868 2811 οὐκέτι
2898 2755 2971 2828 μὴ
2997 2756 3145 2827 ἔλθῃ.
3180 2777 3199 2807 ι
3246 2754 3517 2809 Ἐνιαυτὸν
3548 2755 3606 2808 δὲ
3633 2754 3789 2808 καλεῖ
3821 2755 3854 2808 ό
3957 2775 3971 2784 ο

2291 2849 2622 2918 προφητικδς
2663 2848 2819 2917 λόγος
2861 2848 2952 2900 τὸν
2989 2847 3178 2919 χρόνον
3226 2847 3318 2901 τοῦ
3362 2847 3710 2919 κηρύγματος
3757 2843 3868 2900 τοῦ

2290 2937 2666 3006 εύαγγελικοῦ,
2695 2937 2813 2991 καθ’
2846 2937 2904 2990 δν
2933 2938 2962 2990 ό
2982 2936 3170 3008 Σωτὴρ
3195 2939 3288 2993 καὶ
3311 2936 3513 3009 Κύριος
3546 2936 3701 3009 ήμῶν
3733 2953 3853 2990 συν-

2288 3026 2364 3081 ὼν
2400 3029 2706 3098 ἀνθρώποις
2745 3028 2975 3101 ἐκήρυξε
3015 3029 3294 3082 διδάσκων.
3345 3028 3455 3082 Kal
3501 3027 3660 3082 τοῦτο
3701 3027 3855 3100 δηλοῖ

2290 3117 2399 3172 ἀπὸ
2452 3118 2545 3171 τοῦ
2581 3117 2705 3190 ἑξῆς
2761 3120 2827 3172 ἐκ
2884 3117 3170 3190 προσώπου
3233 3119 3327 3173 τοῦ
3380 3118 3514 3172 Θεοῦ
3571 3118 3846 3188 λέγεσθαι·

2292 3228 2312 3261 ι
2359 3209 2581 3281 Πνεῦμα
2619 3209 2823 3282 Κυρίου
2872 3211 2959 3263 ἐπ’
3015 3210 3112 3281 ἐμὲ
3139 3249 3154 3275 ,
3201 3203 3263 3264 οὗ
3303 3211 3507 3283 εἵνεκεν
3545 3211 3728 3284 ἐχρισέ
3759 3230 3853 3283 με,

2284 3297 2737 3368 εὐαγγελίσασθαι
2797 3299 3027 3370 πτωχοῖς
3079 3298 3385 3353 ἀπέσταλκε
3457 3317 3524 3372 με
3537 3341 3559 3369 ,
3612 3301 3849 3376 κηρύξαι

2285 3388 2647 3459 αἰχμαλώτοις
2681 3390 2872 3458 ἄφεσιν
2897 3428 2912 3452 ,
2948 3389 3041 3441 καὶ
3068 3387 3285 3458 τυφλοῖς
3328 3389 3641 3460 ἀνάϐλεψιν,
3687 3390 3853 3446 καλέ·

2286 3496 2374 3532 σαι
2409 3480 2655 3533 ἐνιαυτὸν
2686 3481 2892 3552 Κυρίου
2924 3479 3126 3534 δεκτόν.
3151 3495 3186 3532 ἰ

2358 3587 2378 3621 ι
2415 3570 2718 3639 Ἔκστητε,
2763 3569 3039 3640 λυπήθητε
3079 3571 3136 3643 ag
3171 3569 3500 3634 πεποιθυῖαι,
3529 3571 3848 3639 ἐκδύσασθε,

2283 3660 2490 3730 γυμναὶ
2525 3659 2774 3728 γένεσθε·
2821 3659 3194 3731 περιζώσασθε
3241 3662 3475 3726 σάκκους
3510 3664 3609 3728 τάς
3645 3663 3849 3732 ὀσφύας

2285 3752 2460 3822 ὑμῶν.
2511 3771 2530 3803 ι
2578 3750 2850 3822 modum,
2879 3752 3058 3822 φησὶν,
3089 3753 3242 3823 ὑμῶν
3278 3755 3311 3825 ή
3343 3754 3482 3807 κατά
3510 3754 3645 3809 Θεὸν
3682 3755 3848 3828 λύπη,

2284 3844 2495 3914 καὶτῆς
2523 3843 2793 3914 προτέρας
2815 3843 3070 3907 ἀπιστίας
3099 3843 3326 3914 ἐκστητε
3350 3845 3624 3900 ἐπιδοῦναι
3649 3847 3845 3912 ἑαυτάς

2284 3936 2363 3997 εἰς
2387 3934 2694 4004 μετάνοιαν.
2734 3935 2798 3989 Ἦ
2829 3935 2938 4007 γὰρ
2961 3936 3101 3990 κατά
3127 3936 3258 3991 Θεὸν
3284 3937 3426 4007 λύπη
3462 3939 3748 4010 μετάνοιαν
3770 3942 3850 4004 είς

2286 4027 2558 4098 σωτηρίαν
2586 4026 2995 4099 ἀμεταμέλητον
3019 4029 3430 4100 κατεργάζεται.

2359 4225 2378 4259 ι
2415 4197 2524 4261 Kal
2552 4209 2644 4264 ἐπὶ
2671 4209 2780 4262 τῶν
2804 4210 3022 4280 μαστῶν
3063 4211 3346 4274 κόπτεσθε,
3376 4213 3502 4285 περὶ
3530 4213 3702 4287 ἀγροῦ
3729 4215 3848 4268 ἐπι-

2286 4297 2427 4369 θυμή
2437 4317 2622 4368 ματος,
2653 4302 2746 4354 καὶ
2772 4302 3013 4373 ἀμπέλου
3042 4301 3399 4375 γεννήματος.
3439 4306 3501 4362 Ἦ
3517 4306 3586 4377 γῆ
3609 4307 3701 4360 τοῦ
3717 4306 3845 4360 λαοῦ

2289 4407 2409 4458 μου,
2437 4391 2645 4445 ἄκανθα
2688 4393 2784 4446 καὶ
2831 4395 3021 4466 χόρτος
3059 4396 3408 4466 ἀναρήσεται,
3448 4398 3540 4450 καὶ
3577 4400 3639 4449 ἐκ
3671 4399 3848 4467 πάσης

633 4477 816 4529 laetitia
852 4475 1144 4530 auferetur.
1187 4495 1205 4528 ι
1241 4476 1297 4530 ld
1334 4490 1460 4530 vero
1484 4477 1732 4543 superius
1761 4478 2071 4535 declarabat
2101 4482 2186 4537 bis

2288 4479 2460 4542 οἰκίας
2492 4481 2793 4553 εὐφροσύνη
2831 4482 3147 4554 ἀρθήσεται.
3187 4503 3205 4534 ι
3249 4483 3419 4537 Τοῦτο
3453 4486 3510 4538 δέ
3546 4485 3731 4556 ἐδήλου
3760 4485 3848 4540 διά

633 4567 832 4630 verbis,
866 4585 883 4617 ι
922 4567 986 4620 Et
1016 4569 1314 4634 exspectavi
1351 4576 1407 4621 ut
1433 4567 1636 4622 faceret
1683 4585 1863 4634 uvam,
1907 4570 2035 4626 fecit
2082 4589 2183 4626 an-

635 4665 740 4707 tcm
769 4656 972 4721 spinas,
1010 4673 1029 4706 ι
1057 4670 1189 4724 quas
1214 4656 1395 4722 apinas
1425 4671 1543 4708 mox
1575 4658 1857 4725 explicans
1883 4660 1959 4714 ait
1983 4678 1999 4714 :
2027 4678 2048 4711 ι
2073 4661 2181 4716 Ex-

634 4746 868 4811 spectavi
897 4755 955 4798 ut
992 4744 1193 4798 faceret
1227 4745 1509 4813 judicium,
1540 4745 1668 4800 fecit
1718 4758 1895 4802 autem
1925 4749 2183 4820 iniquita-

637 4847 740 4888 tem
766 4855 781 4902 ;
811 4844 863 4890 et
885 4852 987 4888 non
1016 4835 1303 4904 justitiam,
1331 4839 1422 4891 sed
1467 4837 1774 4894 clamorem.
1815 4859 1833 4892 ι
1868 4841 1942 4896 De
1974 4841 2058 4898 his
2089 4843 2185 4898 ita-

634 4943 738 4995 que
767 4927 1033 4994 planctum
1074 4929 1235 4984 edere
1255 4929 1500 4993 iubebat,
1536 4933 1765 4987 maxime
1789 4935 1858 4987 ob
1888 4935 2182 4991 intentatas

636 5018 828 5073 minas.

705 5107 864 5164 Vsus.
899 5109 980 5162 14.
1023 5129 1041 5162 ι
1067 5110 1207 5166 Urbs
1246 5111 1516 5182 opulenta,
1547 5112 1738 5168 domus
1773 5115 2069 5182 derelictae,
2096 5117 2181 5172 di-

633 5199 789 5252 vitias
819 5200 1050 5254 civitatis
1093 5201 1411 5270 relinquent,
1460 5203 1647 5258 domos
1694 5205 2092 5260 desiderabiles.
2119 5207 2184 5260 Et

634 5297 791 5342 erunt
842 5291 964 5361 pagi
1016 5293 1279 5359 speluncae
1330 5308 1502 5362 usque
1557 5293 1608 5345 in
1659 5296 1930 5359 saeculum,
1999 5296 2182 5350 laetitia

635 5395 973 5448 onagrorum,
1021 5398 1213 5449 pascua
1248 5394 1543 5450 pastorum.
1569 5402 1588 5434 ι
1624 5383 1754 5449 Quis
1802 5386 2038 5441 advenas
2065 5400 2183 5439 cer-

637 5482 768 5520 nens
802 5468 1176 5543 Hierusolymae
1205 5472 1406 5526 incolas
1425 5510 1440 5534 ,
1471 5461 1724 5541 ipsosque
1753 5474 2059 5530 idololatras
2090 5491 2181 5528 va-

639 5557 732 5608 rii‘s
783 5572 848 5610 ex
903 5561 1148 5625 gentibus
1194 5571 1575 5632 congregatos,
1628 5577 1736 5617 nun
1786 5565 1976 5620 merito
2010 5565 2178 5631 dicat,

705 5645 751 5676 "
788 5646 887 5701 Isa.
911 5664 1020 5716 ut,
1057 5650 1104 5703 ί.

707 5757 822 5826 (59)
864 5758 1021 5815 Forte
1049 5761 1150 5832 lt‘g.
1188 5780 1480 5834 παρουσης.
1527 5763 1682 5824 Enn.

2289 4569 2395 4623 τῶν
2418 4571 2722 4642 ἔμπροσθεν
2750 4573 2919 4626 εἰπὼν
2939 4591 2951 4603 ·
2982 4593 3000 4623 ι
3029 4574 3138 4627 Καὶ
3166 4573 3354 4645 ἔμεινα
3385 4575 3471 4629 ἵνα
3501 4579 3699 4648 ποιήσῃ
3722 4593 3847 4631 στα-

2289 4659 2476 4732 φυλὴν,
2513 4663 2730 4733 ἐποίησε
2761 4663 2816 4716 δὲ
2863 4663 3131 4727 ἀκάνθας·
3179 4682 3198 4715 ι
3241 4665 3334 4718 καὶ
3373 4667 3569 4730 ταύτας
3621 4668 3844 4743 διερμη-

2288 4752 2450 4805 νεύων
2493 4756 2737 4824 ἐπήγαγε
2763 4755 2935 4823 λέγων
2956 4773 2968 4785 ·
3005 4775 3023 4806 ι
3053 4757 3278 4826 Ἔμεινα
3304 4759 3389 4810 ἵνα
3409 4762 3606 4832 ποιήσῃ
3648 4761 3845 4832 κρίσιν,

2287 4843 2506 4915 ἐποίησε
2535 4844 2590 4897 δὲ
2617 4845 2867 4928 ἀνρμίαν,
2898 4847 2988 4899 καὶ
3030 4848 3092 4899 οὐ
3113 4847 3475 4919 δικαιοσύνην,
3501 4849 3635 4902 ἀλλά
3673 4867 3844 4922 κραυά

2285 4934 2407 5002 γήν.
2451 4954 2468 4985 ι
2537 4936 2658 4988 Ἐπὶ
2697 4936 2906 5000 τούτοις
2955 4937 3239 5009 τοιγαροῦν
3280 4939 3570 4997 κόπτεσθαι
3613 4959 3847 5012 παρεκε-

2285 5022 2484 5087 λεύετο,
2511 5025 2605 5077 καὶ
2630 5026 2859 5096 μάλιστα
2879 5025 2963 5078 διὰ
2985 5027 3082 5097 τήν
3104 5029 3500 5099 ἐπιφερομένην
3525 5028 3772 5100 ἀπειλήν.

2360 5135 2378 5167 ι
2408 5117 2566 5181 Πόλις
2584 5117 2836 5181 πλουσία,
2859 5114 2998 5171 οἶκοι
3015 5118 3564 5190 ἐγκαταλελειμμένοι
3584 5159 3599 5182 ,
3620 5119 3848 5174 πλοῦτον

2288 5206 2489 5270 πόλεως
2520 5210 2836 5278 ἀφήσουσιν,
2864 5211 3045 5274 οἴκους
3078 5210 3465 5281 ἐπιθυμητούς.
3497 5211 3608 5264 Kal
3637 5210 3848 5265 ἔσονται

2288 5297 2344 5347 αἱ
2370 5297 2547 5366 κῶμαι
2584 5299 2823 5368 σπήλαια
2854 5300 2957 5363 ἕως
2987 5299 3080 5352 τοῦ
3121 5300 3335 5363 αἰῶνος,
3373 5299 3673 5372 εὐφροσύνη
3713 5301 3850 5353 ὄνων

2287 5387 2508 5463 ἀγρίων,
2543 5389 2858 5459 βοσκήματα
2889 5391 3173 5462 ποιμένων.
3199 5411 3218 5443 ι
3250 5392 3345 5454 Τίς
3374 5391 3449 5455 δὲ,
3481 5391 3622 5462 ὁρῶν
3671 5392 3850 5460 μετοί-

2287 5494 2412 5541 κους
2453 5480 2648 5552 ἀνδρας
2692 5482 2969 5546 οίκοῦντας
3015 5482 3110 5553 τὴν
3149 5482 3522 5554 Ἰερουσαλήμ,
3564 5483 3848 5537 είδωλολά-

2284 5583 2415 5638 τρας
2459 5587 2516 5623 τε
2569 5574 2631 5624 ἐκ
2694 5571 2960 5643 διαφόρων
3012 5575 3178 5630 ἐθνῶν
3233 5575 3705 5645 συνειλεγμένους,
3750 5576 3850 5630 οὐκ
