4120 6294
279 255 371 311 5‘2!

1199 253 1699 312 COMMENTANA
1734 253 1804 307 IN
1843 252 2096 307 ISAIAM.
2141 283 2204 293 --
2244 248 2401 306 CAP.
2437 248 2656 304 XXXII.

3442 251 3549 305 523

277 378 341 430 ἀν
387 378 634 444 εὐλόγως
698 378 845 431 εῐποι
907 377 1058 438 ὅνους
1111 376 1367 447 ἀγρίους,
1427 377 1521 428 καὶ
1582 373 1846 444 διαφόρου

1975 386 2206 440 onagros
2229 371 2581 438 diversosque
2605 380 2796 437 greges
2814 365 2984 434 ipsam
3007 366 3319 434 depascere?
3343 367 3543 433 Quam-

274 468 466 534 ἀγέλας
516 464 970 522 καταϐόσκεσθαι
1015 467 1207 534 αὑτήν.
1256 467 1346 518 Διὸ
1391 466 1668 518 λέλεκται·
1711 483 1729 514 ι
1759 465 1865 517 Εὑ-

275 559 507 629 φροσύνη
557 560 708 610 ὄνων
758 558 981 628 ἀγρίων,
1023 559 1343 628 βοσκήματα
1385 558 1717 627 ποιμένων.»
1767 557 1865 610 Διά

273 650 436 703 ταῦτα
491 649 798 719 τοιγαροῦν
844 649 1171 719 προσέταξεν
1216 651 1342 719 ὑμῖν
1375 651 1403 702 ό
1443 650 1598 717 λόγος
1647 650 1864 720 ἰσχυρὸν

274 741 535 793 ποιεῖσθαι
585 743 848 804 κοπετὸν,
899 742 990 794 καὶ
1039 741 1117 810 τῷ
1159 739 1338 811 θρήνῳ
1383 741 1718 812 παραμένειν
1771 741 1863 793 ἐπὶ

268 832 544 885 τοσοῦτον.

337 943 357 974 ι
389 925 539 986 Ἕως
579 923 652 977 ἂν
682 925 902 978 ἐπέλθοι
936 925 1020 993 ἐφ’
1046 925 1189 993 ὑμᾶς
1222 921 1445 993 Πνεῦμα
1477 921 1572 992 ἀφ’
1596 922 1855 992 ὑψηλοῦ.»

266 1013 430 1067 Τοῦτο
457 1014 516 1067 δὲ
555 1011 633 1085 ἦν
671 1018 805 1086 περὶ
848 1011 909 1070 οὗ
941 1015 1177 1084 ἔφασκεν
1211 1016 1239 1067 6
1267 1015 1488 1084 Σωτήρ·
1533 1033 1550 1065 ι
1588 1014 1716 1066 Ἰδοὺ
1748 1013 1859 1080 ἐγὼ

264 1105 600 1175 ἀπέρχομαι,
647 1108 748 1159 καὶ
783 1105 1062 1158 ἀποστελῶ
1101 1106 1228 1174 ὑμῖν
1261 1105 1351 1156 τὸν
1390 1102 1763 1173 Παράκλητον,
1798 1103 1858 1155 τὸ

267 1195 487 1264 Πνεῦμα
528 1196 639 1264 τῆς
690 1195 978 1264 ἀληθείας·
1008 1213 1024 1245 »
1062 1195 1154 1247 καὶ
1184 1193 1376 1247 πάλιν·
1425 1213 1443 1243 ι
1476 1194 1620 1255 Ἕως
1647 1192 1714 1245 ἂν
1759 1191 1855 1245 λά-

265 1287 388 1354 ϐητε
431 1284 492 1349 ὲξ
524 1286 708 1354 ὕψους
739 1288 983 1355 δύναμιν.
1012 1305 1030 1335 »
1072 1278 1220 1337 Ἐπεὶ
1248 1285 1424 1337 τοίνυν
1465 1303 1482 1334 ι
1505 1284 1778 1354 Μακάριοι
1804 1284 1854 1336 οἱ

264 1375 614 1439 πενθοῦντες,
642 1378 728 1429 ὃτι
758 1375 1290 1447 παρακληθήσονται,
1320 1387 1338 1426 t
1374 1374 1489 1436 καὶ,
1522 1393 1538 1422 ι
1577 1374 1852 1442 Μακάριοι

261 1469 308 1518 οἱ
330 1467 639 1531 κλαίοντες,
670 1469 752 1520 ὅτι
784 1468 1120 1534 γελάσουσιν·
1160 1485 1180 1517 »
1219 1465 1444 1527 είκότως
1468 1467 1586 1526 ταῖς
1619 1465 1851 1533 προλεχ-

263 1553 487 1618 θείσαις,
518 1557 580 1608 αἶ
632 1557 726 1609 διὰ
775 1557 970 1626 θρήνου
1010 1557 1103 1608 καὶ
1162 1555 1439 1623 κλαυθμοῦ
1485 1557 1578 1608 καί
1619 1554 1850 1608 κοπετοῦ

261 1646 354 1712 τὴν
381 1645 691 1714 μετάνοιαν
721 1645 1065 1708 ἐνεδείξαντο.
1092 1644 1420 1712 ἐπαγγελίαν
1456 1643 1668 1696 δίδωσιν
1707 1645 1848 1711 ἀγα-

262 1735 354 1804 θὴν
383 1738 484 1807 τὴν
507 1737 602 1791 διὰ
632 1738 728 1790 τοῦ
760 1736 1094 1806 Πνεύματος.

335 1846 353 1878 ι
384 1828 497 1882 Καὶ
531 1829 695 1882 ἔσται
746 1828 949 1898 ἕρημος
994 1830 1020 1879 ό
1054 1827 1292 1897 Χερμὲλ,
1343 1827 1435 1879 καὶ
1465 1827 1494 1878 ὁ
1527 1825 1743 1896 Χερμὲλ
1779 1828 1857 1890 είς

261 1916 459 1987 δρυιιδν
489 1919 884 1988 λογισθήσεται
904 1934 916 1946 ·
951 1918 1042 1970 καὶ
1071 1917 1443 1998 ἀναπαύσεται
1477 1918 1533 1969 ὲν
1565 1920 1631 1987 τῇ
1666 1917 1857 1987 ἐρήμῳ

263 2011 454 2077 κρῖμα,
485 2009 587 2062 καὶ
618 2009 930 2078 δικαιοσύνη
962 2009 1020 2061 ὲν
1057 2007 1133 2078 τῷ
1164 2009 1446 2078 Καρμήλῳ
1480 2010 1848 2078 κατοικήσει.»

261 2097 489 2162 Λίδανος
525 2101 630 2169 μὲν
664 2099 724 2152 τὸ
761 2100 886 2169 ὅρος
910 2099 972 2151 τὸ
1017 2101 1108 2152 ὲπ¹ι
1150 2100 1246 2169 τῆς
1292 2100 1543 2168 Φοινίκης
1573 2097 1759 2168 ἐδήλου
1787 2100 1854 2153 τὰ

265 2187 416 2258 ἔθνη·
473 2190 782 2260 Κάρμηλος
833 2190 890 2240 δὲ
945 2189 1004 2242 τὸ
1057 2190 1181 2259 ὅρος
1236 2189 1297 2242 τὸ
1353 2190 1458 2241 ὑπὸ
1495 2189 1764 2252 Ἰουδαίοις
1796 2189 1855 2242 ὃν

265 2277 528 2348 πρότερον
559 2279 654 2330 τὸν
685 2279 749 2330 ὲκ
780 2275 1078 2350 περιτομῆς
1106 2280 1252 2340 λαὸν,
1278 2279 1399 2332 ὅθεν
1432 2281 1525 2334 καὶ
1556 2283 1852 2353 ἑρμηνεύε-

265 2381 348 2417 ται
379 2369 406 2419 6
439 2367 687 2438 Χερμὲλ,
714 2369 909 2438 δηλαδή
941 2369 1248 2439 Κάρμηλος,
1290 2390 1308 2420 ι
1342 2372 1670 2439 Ἑπίγνωσις
1697 2391 1852 2446 περι-

266 2461 452 2526 τομῆς.
485 2478 504 2508 »
566 2460 696 2511 Τὸν-
736 2460 963 2512 Λίϐανον
1015 2461 1212 2523 τοίνυν,
1265 2461 1356 2513 τὸν
1410 2462 1704 2529 ἀλλόφυλον
1761 2467 1853 2517 καὶ

268 2546 525 2617 ἀλλογενῆ
564 2550 714 2613 λαὸν,
747 2551 838 2602 τὸν
869 2549 925 2615 ἐξ
970 2550 1137 2602 ἐθνῶν
1173 2551 1599 2621 μεταϐληθέντα,
1635 2553 1851 2607 ἔσεσθαί

271 2635 449 2705 ᾲησιν,
473 2644 661 2702 ὁποῖος
695 2637 761 2709 ἦν
789 2643 817 2694 6
852 2640 1016 2692 πάλαι
1045 2640 1202 2709 παρὰ
1230 2640 1306 2710 τῷ
1343 2640 1460 2710 Θεῴ
1490 2643 1852 2712 τετιμημένος

269 2725 386 2791 λαὸς
432 2733 462 2783 ὁ
507 2734 576 2784 ὲκ
613 2733 941 2802 περιτομῆςο
994 2731 1154 2783 αὐτὸν
1201 2732 1258 2784 δὲ
1308 2733 1398 2784 τὸν
1451 2735 1514 2785 ὲκ
1552 2735 1850 2804 περιτομῆς

269 2817 406 2880 λαὸν,
439 2823 667 2893 Χερμὲλ
697 2823 730 2892 ἢ
763 2822 1057 2894 Κάρμηλον
1097 2822 1512 2892 ὀνομαζόμενον,
1543 2827 1621 2886 εἰς
1650 2826 1848 2895 δρυμὸν

270 2907 702 2980 λογισθήσεσθαι.
733 2912 900 2964 Τοῦτο
926 2913 1104 2964 τοίνυν
1138 2914 1230 2964 καὶ
1263 2915 1321 2963 ὲν
1348 2917 1460 2975 τοῖς
1493 2914 1632 2982 μετά
1660 2919 1848 2985 χεῖρας

274 3002 520 3070 σημαίνει
553 3005 776 3072 φάσκων
806 3004 834 3055 ὁ
856 3004 1008 3070 λόγος
1051 3004 1191 3057 κατά
1213 3005 1302 3057 τὸν
1335 3005 1655 3075 Σύμμαχον·
1695 3026 1711 3055 ι
1739 3009 1846 3059 Καὶ

273 3091 412 3144 ἔσται
447 3097 478 3165 ὴ
511 3097 716 3166 ἕρημος
761 3097 839 3157 είς
881 3096 1202 3165 Κάρμηλον·
1237 3116 1253 3147 ι
1294 3097 1368 3158 ὼς
1405 3096 1514 3167 γὰρ
1546 3099 1662 3149 ἐκεῖ
1689 3099 1715 3149 6
1752 3098 1846 3150 Λί-

275 3182 423 3246 ϐανος
457 3190 539 3249 εἰς
593 3187 884 3256 Κάρμηλον
934 3187 1148 3254 ἐλέγετο
1193 3187 1640 3254 μεταϐάλλεσθαι,
1675 3187 1844 3252 οὕτως

275 3274 500 3330 ἐνταῦθα
546 3281 579 3347 ή
628 3278 852 3348 ἕρημος,
882 3278 968 3330 ἵνα
1087 3279 1280 3330 ταύτὸν
1325 3280 1417 3330 καὶ
1458 3278 1660 3349 ἕρημος
1692 3280 1721 3330 ὁ
1752 3281 1845 3331 Λί-

278 3364 458 3430 ϐανος,
504 3370 649 3421 οὕτω
691 3368 1025 3439 δηλουμένης
1057 3369 1155 3438 τῆς
1191 3369 1246 3433 ἐξ
1291 3368 1457 3420 ἐθνῶν
1483 3367 1839 3439 Ἐκκλησίας,

275 3454 386 3520 ἣτις
439 3457 837 3528 μεταϐέϐληται
888 3461 966 3520 είς
1017 3457 1329 3529 Κάρμηλον.
1363 3459 1571 3528 Ὥσπερ
1622 3460 1730 3530 γάρ
1775 3455 1842 3529 ἦν

282 3546 434 3600 πάλαι
467 3550 731 3620 πρότερον
772 3569 788 3600 ι
820 3549 976 3619 μερὶς
1005 3549 1210 3620 Κυρίου
1257 3549 1380 3612 λαὸς
1424 3549 1585 3603 αὑτοῦ
1627 3551 1838 3616 Ἰακὼϐ,

281 3637 555 3708 σχοίνισμα
593 3639 949 3710 κληρονομίας
996 3638 1157 3692 αὑτοῦ
1201 3640 1444 3710 Ἰσραήλ’
1478 3660 1495 3691 »
1535 3643 1562 3693 ὃ
1589 3659 1645 3694 τε
1692 3643 1841 3712 Κάρ-

283 3729 438 3798 μηλος
477 3727 546 3801 ἦν
579 3732 867 3798 ἐπίγνωσιν
899 3731 1034 3800 ἔχων
1065 3732 1194 3802 περὶ
1223 3732 1450 3801 ταύτης·
1487 3733 1658 3797 οὕτως
1687 3735 1716 3785 ό
1746 3734 1838 3786 Λί-

276 3822 426 3886 ϐανος
475 3828 572 3877 καὶ
606 3827 639 3895 ή
683 3826 849 3878 πάλαι
894 3825 1114 3896 ἕρημος,
1145 3827 1237 3878 ἐπὶ
1282 3826 1342 3877 τὸ
1389 3829 1629 3896 κρεῖττον
1673 3845 1836 3897 μετα-

277 3913 538 3978 ϐαλοῦσα,
578 3918 764 3985 γέγονε
814 3918 971 3987 μερὶς
1030 3917 1123 3970 τοῦ
1175 3916 1344 3970 Θεοῦ·
1388 3919 1461 3981 ὼς
1500 3915 1564 3972 αὖ
1612 3919 1774 3971 πάλιν
1809 3920 1838 3970 6

279 4001 567 4077 Κάρμηλος
619 4010 699 4068 είς
752 4008 955 4078 δρυμὸν
1007 4007 1277 4077 ἐλογίσθη.
1328 4009 1542 4078 Δρυμὸς
1604 4011 1660 4062 δέ
1720 4012 1835 4062 ἐστι

277 4097 464 4165 χωρίον
498 4098 679 4167 φυτῶν
744 4100 950 4169 ἀγρίων
995 4100 1088 4153 καὶ
1147 4101 1411 4170 ἀκάρπων
1471 4100 1706 4171 πλῆρες·
1756 4101 1836 4154 διὸ

280 4187 498 4260 σύνηθες
543 4193 607 4260 τῇ
642 4191 759 4262 θείᾳ
802 4192 990 4262 Γραφῇ
1034 4192 1103 4243 τὰ
1147 4192 1275 4262 ἔθνη
1323 4193 1391 4244 τὰ
1435 4191 1524 4245 τὸν
1559 4192 1689 4244 Θεὸν
1736 4194 1834 4244 οὑκ

278 4279 475 4346 εἰδότα,
519 4282 722 4353 δρυμὸν
749 4280 1067 4353 ὀνομάζειν,
1112 4284 1188 4346 ὡς
1239 4283 1497 4346 πολλάκις
1548 4283 1832 4350 ἀπεδείξα-

280 4385 387 4436 μεν.

342 4477 360 4509 ι
397 4461 508 4514 Καὶ
569 4460 719 4513 ἔσται
765 4461 835 4514 τὰ
879 4461 1014 4532 ἔργα
1058 4462 1156 4532 τῆς
1202 4461 1544 4532 δικαιοσύνης
1609 4465 1834 4536 εἰρήνη,

276 4551 360 4602 καὶ
403 4553 669 4623 κρατήσει
711 4552 1082 4624 ήδικαιοσύνη
1125 4554 1452 4616 ἀνάπαυσιν,
1497 4555 1591 4607 καὶ¹
1642 4572 1835 4608 πεποι-

275 4639 413 4707 θότες
448 4644 552 4706 ἓως
575 4644 669 4696 τοῦ
705 4644 919 4709 αἰῶνος.
955 4646 1064 4699 Καὶ
1094 4647 1408 4716 κατοικήσει
1441 4649 1468 4698 ὁ
1507 4646 1632 4710 λαὸς
1674 4649 1834 4702 αὑτοῦ

277 4734 326 4784 ἐν
353 4736 504 4790 πόλει
538 4737 777 4807 εἰρήνης,
815 4737 907 4790 καὶ
935 4739 1201 4808 ἐνοικήσει
1235 4737 1529 4803 πεποιθὼς,
1565 4742 1659 4792 καὶ
1704 4742 1835 4795 ἀνα-

277 4830 565 4881 παύσονται
611 4827 745 4896 μετά
785 4827 1079 4880 πλούτου.»
1137 4828 1279 4880 ’Λντὶ
1305 4829 1413 4898 γὰρ
1456 4829 1554 4898 τῆς
1582 4829 1835 4902 καθαιρε-

277 4915 450 4990 θείσης
481 4919 684 4981 πόλεως
718 4919 818 4988 τῆς
849 4919 1088 4990 μεγάλης
1122 4921 1334 4988 ἐκείνης
1375 4921 1468 4973 καὶ
1500 4923 1831 4993 γαυριὼσης,

273 5011 452 5080 ἑτέραν
492 5011 572 5081 τῷ
613 5009 750 5080 Θεῷ
780 5011 1141 5079 συστήσεσθαι
1176 5012 1350 5072 πόλιν,
1383 5013 1480 5082 τὴν
1523 5014 1629 5065 ἀπὸ
1665 5017 1834 5082 περά-

271 5118 363 5156 των
395 5106 502 5166 ἒως
543 5105 794 5174 περάτων
829 5102 1115 5172 καθολικὴν
1159 5104 1500 5174 Ἐκκλησίαν,
1533 5106 1624 5158 καὶ
1669 5105 1730 5158 τὸ
1775 5108 1832 5158 ὲν

271 5197 394 5268 αὐτῇ
449 5199 784 5268 πολίτευμα,
837 5197 1102 5261 θεσπίζει.
1155 5199 1380 5251 Βέὄαιον
1425 5201 1534 5268 γὰρ
1588 5200 1696 5250 τῶν
1750 5202 1830 5262 εἰς

270 5290 387 5346 Θεὸν
415 5293 857 5345 πεπιστευκότων
883 5291 944 5343 τὸ
975 5292 1248 5362 φρόνημα.
1284 5292 1445 5344 Πόλιν
1479 5293 1699 5363 εἰρήνης
1728 5294 1828 5364 τὴν

269 5385 318 5438 ὲν
380 5390 496 5450 τοῖς
556 5385 804 5455 οὐρανοῖς
855 5384 1035 5452 λέγει·
1089 5405 1105 5435 ι
1166 5387 1230 5437 Ἡ
1288 5385 1395 5455 γὰρ
1455 5385 1588 5448 ἀνω,
1667 5387 1829 5455 φησὶ,

277 5476 624 5552 Ἰερουσαλὴμ
653 5476 912 5547 ἐλευθέρα
951 5477 1086 5544 ἐστὶ,
1133 5479 1315 5549 μήτηρ
1359 5477 1574 5530 πάντων
1616 5475 1824 5546 ἡμῶν.»

326 5658 370 5691 ’³
392 5659 550 5715 Joan.
596 5673 686 5719 xv,
715 5656 802 5709 26.
881 5656 920 5686 ³⁸
951 5655 1060 5710 an
1113 5672 1176 5710 xx
1211 5671 1261 5720 v,
1301 5655 1386 5709 49.
1464 5657 1507 5685 ³⁵
1537 5653 1724 5709 Matth.
1765 5654 1877 5717 v,5.
1930 5647 1933 5649 ’

1973 463 2157 516 obrem
2207 461 2400 514 dicitur
2437 477 2451 514 :
2484 478 2502 510 ι
2536 457 2744 512 Lzetitia
2801 470 3155 525 onagrorum,
3197 470 3394 524 pascua
3447 473 3544 526 pa-

1972 565 2196 610 storum.
2224 571 2241 604 »
2297 552 2418 606 Ideo
2464 549 2736 618 planctum
2793 561 3044 618 magnum
3108 562 3206 602 vos
3252 548 3416 602 edere
3452 549 3549 617 ju-

1971 647 2082 711 bet,
2118 646 2247 700 etin
2283 643 2426 697 luctu
2464 651 2832 712 perseverare.

2039 910 2203 967 Vens.
2235 910 2323 964 15.
2363 928 2381 960 ι
2402 909 2582 964 Donec
2605 909 2788 962 veniat
2819 909 2871 962 in
2901 922 2999 961 vos
3019 907 3257 976 Spiritus
3280 920 3345 962 ex
3370 909 3537 962 alto.:

1967 1000 2056 1054 Ille
2111 1010 2287 1052 autem
2350 1008 2467 1052 erat
2520 999 2588 1052 de
2647 1013 2754 1067 quo
2813 997 3065 1051 Salvator
3106 998 3221 1052 haec
3271 999 3542 1067 protulit:

1971 1111 1989 1141 ι
2020 1091 2161 1145 Ecce
2187 1105 2286 1159 ego
2317 1093 2473 1150 vallo,
2521 1098 2575 1143 et
2605 1090 2812 1142 mittam
2839 1090 2992 1142 vobis
3022 1088 3385 1152 Paracletum,
3415 1091 3541 1159 Spi-

1964 1183 2125 1236 ritum
2160 1180 2507 1243 veritatis";
2543 1200 2559 1232 »
2597 1181 2905 1248 iterumque
2938 1197 2995 1233 ει
3027 1179 3209 1234 Donec
3254 1183 3544 1249 accipiatis

1963 1277 2214 1330 virtutem
2270 1290 2334 1328 ex
2391 1275 2585 1328 alto“.
2620 1293 2638 1326 »
2697 1275 2830 1340 Quia
2884 1275 3048 1344 igitur
3102 1293 3121 1326 ι
3157 1276 3302 1329 Beati
3335 1277 3424 1344 qui
3459 1277 3540 1328 ln-

1961 1379 2108 1436 gent,
2135 1369 2392 1437 quoniam
2418 1367 2866 1430 consolabuntur,
2895 1386 2913 1419 »
2947 1377 3021 1431 et,
3053 1385 3071 1417 ι
3096 1367 3244 1421 Beati
3269 1368 3359 1436 qui
3389 1367 3541 1435 ﬂent,

1960 1462 2215 1530 quoniam
2266 1459 2612 1522 ridebunt”;
2648 1459 2814 1526 »δια-ε
2870 1459 3140 1526 praedictis
3200 1458 3538 1522 mulieribus,

1958 1568 2076 1621 qnze
2103 1551 2250 1615 ﬂetu,
2286 1551 2543 1620 lacrymis
2602 1552 2906 1618 et.planctu
2943 1549 3317 1619 pmnitcntiam
3349 1551 3542 1618 praefe-

1959 1643 2170 1706 rebant,
2199 1642 2612 1711 promissionem
2663 1641 2876 1695 centert
2914 1640 3109 1695 bonam
3140 1656 3236 1708 per
3275 1640 3541 1708 Spiritum

1885 1721 1928 1776 Β
1958 1733 2309 1787 aﬂ'erendatn.

2029 1825 2192 1878 Vens.
2228 1824 2316 1876 16.
2359 1840 2378 1873 ι
2403 1823 2478 1875 Et
2511 1822 2618 1875 erit
2657 1822 2934 1876 desertum
2963 1821 3239 1888 Chermel,
3280 1831 3335 1874 et
3362 1819 3536 1874 Cber-

1958 1915 2062 1971 mel
2111 1917 2162 1969 in
2217 1916 2415 1970 saltum
2471 1915 2856 1982 reputabitur:
2890 1923 2943 1969 et
3000 1915 3310 1982 requiescet
3342 1914 3395 1966 in
3432 1915 3529 1966 de-

1956 2019 2104 2062 serto
2137 2008 2421 2078 judicium,
2453 2016 2504 2060 et
2529 2006 2746 2073 justitia
2794 2007 2848 2060 in
2896 2007 3146 2061 Carmelo
3196 2006 3483 2061 habitabit.
3511 2026 3531 2057 »

1959 2101 2198 2155 Libanus
2227 2115 2381 2152 mons
2417 2097 2712 2151 thnicize
2749 2098 3060 2162 imminens,
3090 2108 3281 2166 gentes
3324 2096 3534 2166 signiﬁ-

1955 2191 2131 2251 cabat,
2171 2187 2454 2242 Carmelus
2501 2199 2682 2242 autem
2729 2201 2909 2250 mons,
2951 2186 3042 2256 qui
3068 2187 3299 2241 antehac
3326 2185 3538 2240 ludam-

1957 2298 2072 2335 rum
2104 2291 2245 2340 erat,
2279 2279 2533 2347 populum
2563 2293 2631 2332 ex
2660 2279 3083 2331 circumcisione
3116 2293 3128 2329 :
3156 2278 3302 2332 unde
3360 2276 3531 2331 Cher-

1956 2371 2081 2434 mel,
2111 2371 2223 2424 sive
2253 2371 2555 2428 Carmelus.
2585 2370 2654 2421 ita
2686 2369 2916 2422 vertitur
2947 2385 2962 2420 :
2987 2368 3229 2438 Cognitio
3257 2370 3533 2421 circumci-

1952 2464 2136 2517 siom’s.
2180 2461 2444 2514 Libanum
2477 2475 2626 2529 ergo,
2661 2460 2916 2513 videlicet
2949 2461 3309 2528 alienigenam
3337 2470 3394 2512 et
3431 2477 3529 2514 ex-

1954 2563 2199 2607 traneum
2251 2551 2504 2621 populum
2562 2566 2628 2604 ex
2680 2551 2931 2618 gentibus
2979 2567 3325 2616 conversum,
3367 2553 3530 2606 talem
3603 2541 3606 2546 ’

1950 2644 2186 2696 futurum
2237 2645 2330 2704 ait,
2383 2643 2558 2711 qualis
2593 2652 2711 2695 erat
2742 2642 2831 2696 ille
2865 2642 2995 2697 olim
3054 2643 3279 2711 populus
3326 2658 3392 2696 ex.
3427 2644 3533 2696 cir-

1952 2735 2300 2795 cumcisione,
2333 2736 2472 2800 apud
2509 2734 2676 2786 Deum
2705 2733 3024 2796 honoratus,
3058 2734 3234 2802 ipsum
3268 2749 3398 2787 vero
3442 2751 3531 2802 po-

1951 2827 2132 2894 pulum
2161 2841 2226 2878 ex
2247 2825 2683 2886 circumcisione,
2717 2825 2804 2890 qui
2841 2825 3091 2878 Chermel
3128 2837 3219 2879 aut
3247 2826 3530 2882 Carmelus

1951 2918 2164 2978 dicitur,
2201 2917 2253 2968 in
2282 2916 2475 2970 saltum
2515 2916 2869 2984 repntandum
2903 2915 3034 2968 fore.
3057 2914 3210 2980 Quod
3248 2916 3418 2984 ipsum
3449 2920 3526 2970 in-

1951 3008 2093 3060 dicat
2134 3007 2420 3075 prmsentis
2451 3005 2552 3058 loci
2617 3005 2991 3071 interpretatio
3049 3007 3345 3061 secundum
3377 3006 3531 3076 Sym-

1956 3099 2352 3167 machumque
2373 3099 2450 3151 sic
2481 3098 2643 3150 habet
2672 3113 2687 3149 :
2715 3097 2932 3151 «Eterit
2953 3097 3220 3153 desertum
3243 3099 3293 3152 in
3317 3101 3532 3153 Carme-

1954 3189 2082 3242 lum.
2101 3189 2590 3254 iQuematlmodnm
2619 3188 2763 3242 enim
2785 3189 2855 3242 ibi
2887 3187 3125 3243 Libanns
3153 3191 3206 3244 itt
3227 3190 3525 3244 Carmelnm

1952 3280 2243 3330 vertendus
2285 3278 2603 3337 dicebatur;
2635 3276 2713 3331 sic
2753 3287 2806 3329 et
2836 3279 2938 3330 hoc
2971 3277 3087 3332 loco
3129 3280 3430 3343 desertum;
3470 3291 3530 3334 nt

1951 3371 2091 3424 idem
2118 3373 2189 3424 sit
2218 3371 2362 3439 quod
2407 3371 2682 3424 desertum
2709 3368 2968 3432 Libanus,
2993 3387 3098 3439 quo
3125 3371 3392 3427 indicatur
3425 3353 3525 3427 Ec;

1949 3461 2114 3513 clesia
2158 3475 2222 3513 ex
2274 3460 2547 3528 gentibus.
2597 3475 2715 3527 quze
2749 3468 2954 3529 mutata
2984 3470 3069 3514 est
3103 3460 3153 3514 in
3188 3461 3521 3517 Carmclnm.

1949 3553 2413 3617 Quemadmodum
2461 3552 2605 3605 enim
2670 3552 2822 3619 prius
2873 3560 2991 3604 erat
3027 3569 3045 3601 ι
3077 3554 3256 3621 portio
3311 3555 3524 3609 Domini

1960 3643 2187 3711 populus
2239 3640 2357 3710 ejus
2406 3640 2575 3695 Jacob
2607 3680 2623 3704 ,
2685 3640 2954 3696 funiculus
3017 3643 3353 3699 hmreditatis
3405 3646 3529 3712 ejus

1946 3732 2110 3787 Israel
2141 3734 2212 3796 ³⁸,
2271 3750 2289 3782 »
2323 3741 2378 3786 et
2407 3731 2688 3785 Carmelus
2736 3732 2788 3784 in
2821 3732 3181 3801 cognitionem
3214 3736 3332 3803 ejus
3360 3751 3523 3790 vene-

1948 3833 2063 3885 rat;
2093 3823 2174 3877 sic
2199 3831 2255 3876 et
2282 3821 2539 3885 Libanus,
2567 3829 2622 3875 et
2652 3821 2781 3874 illud
2836 3821 2965 3874 olim
3011 3823 3283 3877 desertum
3317 3824 3370 3878 in
3405 3841 3525 3878 tne-

1944 3915 2130 3970 liorem
2177 3915 2541 3969 conditionem
2601 3923 2890 3979 mutatum,
2945 3914 3143 3968 factum
3197 3920 3525 3986 estportio

1943 4006 2067 4071 Dei;
2109 4016 2220 4059 nte
2247 4005 2520 4060 contrario
2558 4004 2839 4059 Carmelus
2872 3988 2925 4058 in
2982 4005 3180 4059 saltum
3237 4018 3522 4073 reputatus

1942 4109 2046 4152 est.
2085 4095 2268 4151 Saltus
2303 4112 2465 4167 porro
2497 4097 2647 4150 locus
2675 4107 2758 4150 est
2798 4085 3112 4165 agrestibus
3141 4109 3194 4152 et
3222 4099 3522 4154 infrucmo—

1941 4190 2016 4242 sis
2057 4189 2341 4242 arboribus
2381 4189 2622 4255 repletus
2652 4199 3023 4257 :qnapropter
3067 4204 3182 4244 mos
3235 4201 3321 4245 est
3364 4190 3518 4246 Scri-

1941 4291 2108 4344 ptnrar
2135 4280 2332 4333 divina:
2364 4289 2576 4349 gentes,
2606 4295 2726 4348 qua:
2750 4279 2916 4334 Deum
2953 4296 3058 4334 non
3091 4294 3317 4349 norunt,
3350 4285 3522 4343 saltus

1869 4398 1911 4451 ι)
1943 4389 2277 4444 nuncupare,
2311 4388 2368 4426 ιιι
2395 4375 2714 4444 plerumque
2749 4378 3324 4434 commonstravimus.

2014 4465 2170 4519 Vens.
2208 4468 2293 4531 l7,
2328 4466 2414 4521 13.
2450 4484 2474 4516 ι
2497 4467 2562 4520 Ει
2612 4468 2987 4535 ernnt‘opera
3042 4466 3266 4534 iustitia:
3302 4485 3427 4537 pax,
3463 4483 3519 4527 et

1935 4557 2203 4610 obtinebit
2255 4557 2461 4623 jnstitia
2515 4558 2784 4625 requiem,
2843 4568 2899 4612 et
2950 4560 3294 4616 confidentes
3356 4576 3517 4618 erunt

1936 4664 2106 4716 usque
2150 4649 2202 4702 in
2256 4659 2537 4702 :eternnm.
2592 4651 2655 4702 Et
2715 4651 2984 4705 habitabit
3042 4654 3270 4722 populus
3314 4657 3430 4720 eius
3462 4659 3513 4716 in

1936 4743 2071 4795 urbe
2098 4743 2266 4809 pacis,
2295 4751 2348 4795 et
2381 4742 2704 4797 inhabitabit
2744 4744 3049 4809 conlidens,
3084 4760 3138 4799 et
3167 4749 3514 4815 requiescent

1940 4846 2059 4884 cum
2095 4832 2316 4885 divitiis.
2352 4851 2370 4882 »
2401 4831 2532 4885 Nam
2578 4849 2676 4902 pro
2709 4850 2900 4904 magna
2940 4848 2994 4890 et
3024 4839 3359 4905 tripudiante
3384 4842 3516 4897 urbe

1934 4923 2046 4991 jam
2109 4924 2308 4985 deleta,
2367 4925 2523 4977 aliain
2600 4926 2709 4981 Deo
2787 4932 3222 4987 constituendam
3288 4935 3516 5003 urbem,

1940 5016 2054 5068 sive
2124 5017 2448 5070 catholicam
2520 5016 2859 5081 Ecclesiam,
2925 5038 2952 5075 a
3025 5027 3275 5081 terminis
3342 5044 3516 5097 usque

1938 5111 2003 5161 ad
2055 5111 2312 5165 terminos
2354 5120 2509 5166 terra:
2568 5116 2984 5183 perlingentetn,
3036 5130 3092 5173 et
3146 5121 3291 5190 pium
3339 5124 3389 5176 in
3426 5125 3515 5177 illa

1936 5204 2056 5256 vitze
2102 5203 2445 5270 institutum,
2512 5207 2853 5265 vaticinatur.
2931 5210 3112 5264 Firma
3184 5214 3381 5282 quippe
3431 5227 3516 5270 est

1934 5309 2144 5357 eorum,
2203 5296 2293 5364 qui
2349 5297 2402 5350 in
2461 5297 2625 5352 Deum
2668 5301 2917 5368 credunt,
2971 5319 3122 5358 mens
3177 5315 3232 5359 et
3298 5317 3513 5360 senten-

1937 5389 2027 5439 tia.
2061 5386 2354 5441 Civitatem
2385 5391 2536 5457 pacis
2574 5401 2735 5462 vocat
2776 5392 2921 5447 illam
2957 5411 3079 5464 qua:
3113 5397 3165 5449 in
3199 5397 3357 5450 caelis
3387 5411 3509 5452 est:

1935 5496 2054 5532 nam
2088 5497 2106 5530 ι
2139 5480 2247 5546 illa,
2289 5481 2486 5550 inquit,
2512 5499 2631 5550 qua:
2655 5475 2868 5540 sursum
2901 5497 2983 5541 est
3012 5485 3339 5556 Jerusalem,
3374 5487 3511 5545 libeo

1989 5655 2029 5683 3‘
2058 5655 2210 5708 Dent.
2246 5672 2416 5721 xxxn,
2451 5661 2502 5711 ‘J.
