  <div class='ocr_page' id='page_1' title='image "/cluster/home/n/w/nwhite01/storage/ocr_20150623/24/pst.000005712083/179.png"; bbox 0 0 4120 6294; ppageno 0'>
   <div class='ocr_carea' id='block_1_1' title="bbox 701 239 2205 307">
    <p class='ocr_par' dir='ltr' id='par_1_1' title="bbox 701 239 2205 302">
     <span class='ocr_line' id='line_1_1' title="bbox 701 239 2205 302; baseline -0.001 -7"><span class='ocrx_word' id='word_1_1' title='bbox 701 239 813 296; x_wconf 68' lang='lat'><strong>325&#39;</strong></span> <span class='ocrx_word' id='word_1_2' title='bbox 1392 239 1659 299; x_wconf 81' lang='lat' dir='ltr'><strong>EUSEBII</strong></span> <span class='ocrx_word' id='word_1_3' title='bbox 1694 243 2164 302; x_wconf 64' lang='lat' dir='ltr'><strong>CESARIENSIS</strong></span> <span class='ocrx_word' id='word_1_4' title='bbox 2200 257 2205 294; x_wconf 68' lang='grc'><strong><em>4</em></strong></span> 
     </span>
    </p>
   </div>
   <div class='ocr_carea' id='block_1_2' title="bbox 2306 239 3928 307">
    <p class='ocr_par' dir='ltr' id='par_1_2' title="bbox 2306 248 3928 307">
     <span class='ocr_line' id='line_1_2' title="bbox 2306 248 3928 307; baseline 0.001 -3"><span class='ocrx_word' id='word_1_5' title='bbox 2306 250 2348 304; x_wconf 67' lang='grc' dir='ltr'>Ρ.</span> <span class='ocrx_word' id='word_1_6' title='bbox 2388 249 2572 307; x_wconf 79' lang='lat' dir='ltr'><strong>PARS</strong></span> <span class='ocrx_word' id='word_1_7' title='bbox 2609 248 2699 307; x_wconf 86' lang='lat' dir='ltr'>III.</span> <span class='ocrx_word' id='word_1_8' title='bbox 2737 281 2807 294; x_wconf 92' lang='lat'>—</span> <span class='ocrx_word' id='word_1_9' title='bbox 2842 248 3251 307; x_wconf 77' lang='lat' dir='ltr'><strong>EXEGETICA.</strong></span> <span class='ocrx_word' id='word_1_10' title='bbox 3815 252 3928 306; x_wconf 70' lang='grc'><strong>524</strong></span> 
     </span>
    </p>
   </div>
   <div class='ocr_carea' id='block_1_3' title="bbox 701 353 2205 435">
    <p class='ocr_par' dir='ltr' id='par_1_3' title="bbox 701 353 2205 416">
     <span class='ocr_line' id='line_1_3' title="bbox 701 353 2205 416; baseline 0.003 -8"><span class='ocrx_word' id='word_1_11' title='bbox 701 372 760 410; x_wconf 85' lang='lat' dir='ltr'><strong>ra</strong></span> <span class='ocrx_word' id='word_1_12' title='bbox 788 364 889 416; x_wconf 80' lang='lat' dir='ltr'><strong>est,</strong></span> <span class='ocrx_word' id='word_1_13' title='bbox 924 359 1097 407; x_wconf 88' lang='lat' dir='ltr'><strong>mater</strong></span> <span class='ocrx_word' id='word_1_14' title='bbox 1125 353 1366 409; x_wconf 84' lang='lat' dir='ltr'><strong>omnium</strong></span> <span class='ocrx_word' id='word_1_15' title='bbox 1419 365 1663 410; x_wconf 88' lang='lat' dir='ltr'><strong>nostrum</strong></span> <span class='ocrx_word' id='word_1_16' title='bbox 1687 356 1750 409; x_wconf 83' lang='grc'><strong>³⁷.</strong></span> <span class='ocrx_word' id='word_1_17' title='bbox 1776 375 1795 409; x_wconf 74' lang='grc' dir='ltr'><strong>ι</strong></span> <span class='ocrx_word' id='word_1_18' title='bbox 1835 357 2028 413; x_wconf 83' lang='lat' dir='ltr'><strong>Urbem</strong></span> <span class='ocrx_word' id='word_1_19' title='bbox 2073 371 2205 414; x_wconf 80' lang='lat' dir='ltr'><strong>aulet</strong></span> 
     </span>
    </p>
   </div>
   <div class='ocr_carea' id='block_1_4' title="bbox 2306 353 3924 435">
    <p class='ocr_par' dir='ltr' id='par_1_4' title="bbox 2306 359 3924 435">
     <span class='ocr_line' id='line_1_4' title="bbox 2306 359 3924 435; baseline 0.001 -23"><span class='ocrx_word' id='word_1_20' title='bbox 2306 362 2509 421; x_wconf 65' lang='grc' dir='ltr'>ιῐιόλιν</span> <span class='ocrx_word' id='word_1_21' title='bbox 2535 363 2592 416; x_wconf 76' lang='grc' dir='ltr'><strong>δι</strong></span> <span class='ocrx_word' id='word_1_22' title='bbox 2633 364 2964 435; x_wconf 78' lang='grc' dir='ltr'><strong>ἀμεριμνίας</strong></span> <span class='ocrx_word' id='word_1_23' title='bbox 3005 361 3099 415; x_wconf 80' lang='grc' dir='ltr'>καὶ</span> <span class='ocrx_word' id='word_1_24' title='bbox 3149 361 3250 424; x_wconf 85' lang='grc' dir='ltr'><strong>τάς</strong></span> <span class='ocrx_word' id='word_1_25' title='bbox 3293 359 3576 432; x_wconf 77' lang='grc' dir='ltr'><strong>διαφόρως</strong></span> <span class='ocrx_word' id='word_1_26' title='bbox 3622 360 3766 428; x_wconf 81' lang='grc' dir='ltr'>λέγει</span> <span class='ocrx_word' id='word_1_27' title='bbox 3814 379 3924 431; x_wconf 69' lang='grc' dir='ltr'>μου</span> 
     </span>
    </p>
   </div>
   <div class='ocr_carea' id='block_1_5' title="bbox 698 442 2205 525">
    <p class='ocr_par' dir='ltr' id='par_1_5' title="bbox 698 442 2205 520">
     <span class='ocr_line' id='line_1_5' title="bbox 698 442 2205 520; baseline 0.003 -22"><span class='ocrx_word' id='word_1_28' title='bbox 698 442 1005 498; x_wconf 80' lang='lat' dir='ltr'><strong>securitatis</strong></span> <span class='ocrx_word' id='word_1_29' title='bbox 1031 453 1190 502; x_wconf 79' lang='lat' dir='ltr'><strong>vocat</strong></span> <span class='ocrx_word' id='word_1_30' title='bbox 1217 442 1399 498; x_wconf 83' lang='lat' dir='ltr'><strong>varias</strong></span> <span class='ocrx_word' id='word_1_31' title='bbox 1425 443 1547 500; x_wconf 86' lang='lat' dir='ltr'><strong>illas</strong></span> <span class='ocrx_word' id='word_1_32' title='bbox 1583 448 1891 515; x_wconf 86' lang='lat' dir='ltr'><strong>mansiones</strong></span> <span class='ocrx_word' id='word_1_33' title='bbox 1919 466 1932 502; x_wconf 90' lang='lat'><strong>:</strong></span> <span class='ocrx_word' id='word_1_34' title='bbox 1959 465 2082 504; x_wconf 79' lang='lat' dir='ltr'><strong>Mill</strong></span> <span class='ocrx_word' id='word_1_35' title='bbox 2110 467 2205 520; x_wconf 87' lang='lat' dir='ltr'><strong>apu</strong></span> 
     </span>
    </p>
   </div>
   <div class='ocr_carea' id='block_1_6' title="bbox 2306 442 3915 525">
    <p class='ocr_par' dir='ltr' id='par_1_6' title="bbox 2347 451 3915 525">
     <span class='ocr_line' id='line_1_6' title="bbox 2347 451 3915 525; baseline 0 -21"><span class='ocrx_word' id='word_1_36' title='bbox 2347 455 2442 516; x_wconf 83' lang='grc' dir='ltr'><strong>νάς</strong></span> <span class='ocrx_word' id='word_1_37' title='bbox 2462 471 2474 483; x_wconf 78' lang='grc' dir='ltr'><strong><em>ο</em></strong></span> <span class='ocrx_word' id='word_1_38' title='bbox 2507 454 2698 507; x_wconf 79' lang='grc' dir='ltr'>πολλαὶ</span> <span class='ocrx_word' id='word_1_39' title='bbox 2744 455 2872 525; x_wconf 75' lang='grc' dir='ltr'>γὰρ,</span> <span class='ocrx_word' id='word_1_40' title='bbox 2901 453 3052 524; x_wconf 79' lang='grc' dir='ltr'>φησὶ,</span> <span class='ocrx_word' id='word_1_41' title='bbox 3089 453 3250 522; x_wconf 85' lang='grc' dir='ltr'>μοναὶ</span> <span class='ocrx_word' id='word_1_42' title='bbox 3278 452 3430 525; x_wconf 80' lang='grc' dir='ltr'>παρὰ</span> <span class='ocrx_word' id='word_1_43' title='bbox 3460 451 3539 522; x_wconf 80' lang='grc' dir='ltr'><strong>τῷ</strong></span> <span class='ocrx_word' id='word_1_44' title='bbox 3584 452 3754 523; x_wconf 84' lang='grc' dir='ltr'>Πατρί</span> <span class='ocrx_word' id='word_1_45' title='bbox 3784 463 3915 522; x_wconf 85' lang='grc' dir='ltr'>μου,</span> 
     </span>
    </p>
   </div>
   <div class='ocr_carea' id='block_1_7' title="bbox 699 534 2205 614">
    <p class='ocr_par' dir='ltr' id='par_1_7' title="bbox 699 534 2205 609">
     <span class='ocr_line' id='line_1_7' title="bbox 699 534 2205 609; baseline 0.005 -21"><span class='ocrx_word' id='word_1_46' title='bbox 699 535 934 598; x_wconf 81' lang='lat' dir='ltr'><strong>Patrem,</strong></span> <span class='ocrx_word' id='word_1_47' title='bbox 975 534 1232 604; x_wconf 75' lang='lat' dir='ltr'><strong>inquit“,</strong></span> <span class='ocrx_word' id='word_1_48' title='bbox 1275 535 1591 592; x_wconf 74' lang='lat' dir='ltr'><strong>mansiones</strong></span> <span class='ocrx_word' id='word_1_49' title='bbox 1623 537 1838 603; x_wconf 67' lang='lat' dir='ltr'><strong>multa,</strong></span> <span class='ocrx_word' id='word_1_50' title='bbox 1877 554 1997 609; x_wconf 67' lang='lat' dir='ltr'><strong>qua</strong></span> <span class='ocrx_word' id='word_1_51' title='bbox 2034 543 2205 595; x_wconf 78' lang='lat' dir='ltr'><strong>diviti:</strong></span> 
     </span>
    </p>
   </div>
   <div class='ocr_carea' id='block_1_8' title="bbox 2306 534 3918 614">
    <p class='ocr_par' dir='ltr' id='par_1_8' title="bbox 2345 542 3918 614">
     <span class='ocr_line' id='line_1_8' title="bbox 2345 542 3918 614; baseline 0.001 -19"><span class='ocrx_word' id='word_1_52' title='bbox 2345 543 2523 614; x_wconf 68' lang='grc' dir='ltr'>ἔχουσι</span> <span class='ocrx_word' id='word_1_53' title='bbox 2563 542 2621 597; x_wconf 75' lang='grc' dir='ltr'>δὲ</span> <span class='ocrx_word' id='word_1_54' title='bbox 2667 545 2882 599; x_wconf 78' lang='grc' dir='ltr'>καὶτὸν</span> <span class='ocrx_word' id='word_1_55' title='bbox 2930 543 3156 597; x_wconf 88' lang='grc' dir='ltr'>πλοῦτον</span> <span class='ocrx_word' id='word_1_56' title='bbox 3200 543 3291 597; x_wconf 81' lang='grc' dir='ltr'>τὸν</span> <span class='ocrx_word' id='word_1_57' title='bbox 3339 543 3551 600; x_wconf 82' lang='grc' dir='ltr'>ἀσυλον.</span> <span class='ocrx_word' id='word_1_58' title='bbox 3590 562 3608 594; x_wconf 80' lang='grc' dir='ltr'><strong>ι</strong></span> <span class='ocrx_word' id='word_1_59' title='bbox 3641 543 3918 614; x_wconf 81' lang='grc' dir='ltr'>Θησαυρί-</span> 
     </span>
    </p>
   </div>
   <div class='ocr_carea' id='block_1_9' title="bbox 699 623 2246 697">
    <p class='ocr_par' dir='ltr' id='par_1_9' title="bbox 699 623 2246 697">
     <span class='ocr_line' id='line_1_9' title="bbox 699 623 2246 697; baseline 0.005 -19"><span class='ocrx_word' id='word_1_60' title='bbox 699 641 970 697; x_wconf 87' lang='lat' dir='ltr'><strong>uunquam</strong></span> <span class='ocrx_word' id='word_1_61' title='bbox 1015 623 1327 696; x_wconf 81' lang='lat' dir='ltr'><strong>expilaudas</strong></span> <span class='ocrx_word' id='word_1_62' title='bbox 1363 636 1604 683; x_wconf 78' lang='lat' dir='ltr'><strong>servant.</strong></span> <span class='ocrx_word' id='word_1_63' title='bbox 1655 628 1863 683; x_wconf 82' lang='lat' dir='ltr'><strong>Etenim</strong></span> <span class='ocrx_word' id='word_1_64' title='bbox 1909 648 1927 682; x_wconf 78' lang='grc' dir='ltr'><strong>ι</strong></span> <span class='ocrx_word' id='word_1_65' title='bbox 1961 629 2246 686; x_wconf 80' lang='lat' dir='ltr'><strong>Thesauri-</strong></span> 
     </span>
    </p>
   </div>
   <div class='ocr_carea' id='block_1_10' title="bbox 696 717 2247 789">
    <p class='ocr_par' dir='ltr' id='par_1_10' title="bbox 696 717 2247 789">
     <span class='ocr_line' id='line_1_10' title="bbox 696 717 2247 789; baseline 0.006 -21"><span class='ocrx_word' id='word_1_66' title='bbox 696 727 838 782; x_wconf 79' lang='lat' dir='ltr'><strong>zate,</strong></span> <span class='ocrx_word' id='word_1_67' title='bbox 887 718 1057 787; x_wconf 92' lang='lat' dir='ltr'><strong>inquit</strong></span> <span class='ocrx_word' id='word_1_68' title='bbox 1089 717 1155 782; x_wconf 81' lang='lat'><strong>&quot;,</strong></span> <span class='ocrx_word' id='word_1_69' title='bbox 1197 717 1284 770; x_wconf 90' lang='lat' dir='ltr'><strong>ubi</strong></span> <span class='ocrx_word' id='word_1_70' title='bbox 1327 731 1428 772; x_wconf 87' lang='lat' dir='ltr'><strong>nec</strong></span> <span class='ocrx_word' id='word_1_71' title='bbox 1473 733 1675 789; x_wconf 63' lang='grc' dir='ltr'>κωκυ,</span> <span class='ocrx_word' id='word_1_72' title='bbox 1721 735 1821 774; x_wconf 87' lang='lat' dir='ltr'><strong>nec</strong></span> <span class='ocrx_word' id='word_1_73' title='bbox 1873 721 2016 776; x_wconf 89' lang='lat' dir='ltr'><strong>tinea</strong></span> <span class='ocrx_word' id='word_1_74' title='bbox 2065 724 2247 778; x_wconf 86' lang='lat' dir='ltr'><strong>demo-</strong></span> 
     </span>
    </p>
   </div>
   <div class='ocr_carea' id='block_1_11' title="bbox 693 805 1927 890">
    <p class='ocr_par' dir='ltr' id='par_1_11' title="bbox 693 805 1927 890">
     <span class='ocr_line' id='line_1_11' title="bbox 693 805 1927 890; baseline 0.002 -31"><span class='ocrx_word' id='word_1_75' title='bbox 693 806 843 875; x_wconf 89' lang='lat' dir='ltr'><strong>litur,</strong></span> <span class='ocrx_word' id='word_1_76' title='bbox 877 822 1046 878; x_wconf 89' lang='lat' dir='ltr'><strong>neque</strong></span> <span class='ocrx_word' id='word_1_77' title='bbox 1072 806 1220 890; x_wconf 53' lang='lat' dir='ltr'><strong>fures</strong></span> <span class='ocrx_word' id='word_1_78' title='bbox 1240 805 1504 862; x_wconf 78' lang='lat' dir='ltr'><strong>eﬂ’odiunt</strong></span> <span class='ocrx_word' id='word_1_79' title='bbox 1525 818 1582 863; x_wconf 90' lang='lat' dir='ltr'><strong>et</strong></span> <span class='ocrx_word' id='word_1_80' title='bbox 1610 809 1881 863; x_wconf 80' lang='lat' dir='ltr'><strong>furantur.</strong></span> <span class='ocrx_word' id='word_1_81' title='bbox 1906 829 1927 862; x_wconf 72' lang='grc' dir='ltr'><strong>τ</strong></span> 
     </span>
    </p>
   </div>
   <div class='ocr_carea' id='block_1_12' title="bbox 767 897 2239 972">
    <p class='ocr_par' dir='ltr' id='par_1_12' title="bbox 767 897 2239 972">
     <span class='ocr_line' id='line_1_12' title="bbox 767 897 2239 972; baseline 0.005 -20"><span class='ocrx_word' id='word_1_82' title='bbox 767 898 928 953; x_wconf 70' lang='lat' dir='ltr'><strong>Vsus.</strong></span> <span class='ocrx_word' id='word_1_83' title='bbox 983 899 1066 964; x_wconf 91' lang='lat' dir='ltr'><strong>I9,</strong></span> <span class='ocrx_word' id='word_1_84' title='bbox 1101 898 1194 952; x_wconf 72' lang='lat'><strong>20.</strong></span> <span class='ocrx_word' id='word_1_85' title='bbox 1229 916 1249 950; x_wconf 84' lang='grc' dir='ltr'><strong>ι</strong></span> <span class='ocrx_word' id='word_1_86' title='bbox 1279 897 1500 954; x_wconf 82' lang='lat' dir='ltr'><strong>Grando</strong></span> <span class='ocrx_word' id='word_1_87' title='bbox 1545 909 1723 955; x_wconf 82' lang='lat' dir='ltr'><strong>autem</strong></span> <span class='ocrx_word' id='word_1_88' title='bbox 1784 901 1831 955; x_wconf 91' lang='lat' dir='ltr'><strong>si</strong></span> <span class='ocrx_word' id='word_1_89' title='bbox 1874 903 2239 972; x_wconf 82' lang='lat' dir='ltr'><strong>descenderit,</strong></span> 
     </span>
    </p>
   </div>
   <div class='ocr_carea' id='block_1_13' title="bbox 693 990 2242 1058">
    <p class='ocr_par' dir='ltr' id='par_1_13' title="bbox 693 990 2242 1058">
     <span class='ocr_line' id='line_1_13' title="bbox 693 990 2242 1058; baseline 0.003 -14"><span class='ocrx_word' id='word_1_90' title='bbox 693 1005 798 1044; x_wconf 92' lang='lat' dir='ltr'><strong>non</strong></span> <span class='ocrx_word' id='word_1_91' title='bbox 829 991 892 1043; x_wconf 84' lang='lat' dir='ltr'><strong>ad</strong></span> <span class='ocrx_word' id='word_1_92' title='bbox 923 1003 1017 1044; x_wconf 78' lang='lat' dir='ltr'><strong>vos</strong></span> <span class='ocrx_word' id='word_1_93' title='bbox 1048 990 1248 1044; x_wconf 80' lang='lat' dir='ltr'><strong>veniet.</strong></span> <span class='ocrx_word' id='word_1_94' title='bbox 1276 990 1342 1044; x_wconf 82' lang='lat' dir='ltr'><strong>Et</strong></span> <span class='ocrx_word' id='word_1_95' title='bbox 1373 999 1532 1044; x_wconf 89' lang='lat' dir='ltr'><strong>erunt</strong></span> <span class='ocrx_word' id='word_1_96' title='bbox 1579 992 1671 1058; x_wconf 92' lang='lat' dir='ltr'><strong>qui</strong></span> <span class='ocrx_word' id='word_1_97' title='bbox 1713 990 1959 1046; x_wconf 79' lang='lat' dir='ltr'><strong>habitant</strong></span> <span class='ocrx_word' id='word_1_98' title='bbox 2003 992 2056 1046; x_wconf 89' lang='lat' dir='ltr'><strong>in</strong></span> <span class='ocrx_word' id='word_1_99' title='bbox 2090 993 2242 1048; x_wconf 83' lang='lat' dir='ltr'><strong>salti-</strong></span> 
     </span>
    </p>
   </div>
   <div class='ocr_carea' id='block_1_14' title="bbox 691 1079 2240 1153">
    <p class='ocr_par' dir='ltr' id='par_1_14' title="bbox 691 1079 2240 1153">
     <span class='ocr_line' id='line_1_14' title="bbox 691 1079 2240 1153; baseline 0.005 -20"><span class='ocrx_word' id='word_1_100' title='bbox 691 1081 793 1134; x_wconf 87' lang='lat' dir='ltr'><strong>bus</strong></span> <span class='ocrx_word' id='word_1_101' title='bbox 820 1079 1174 1144; x_wconf 76' lang='lat' dir='ltr'><strong>conﬁdentes,</strong></span> <span class='ocrx_word' id='word_1_102' title='bbox 1203 1082 1344 1135; x_wconf 88' lang='lat' dir='ltr'><strong>sicut</strong></span> <span class='ocrx_word' id='word_1_103' title='bbox 1371 1082 1460 1150; x_wconf 87' lang='lat' dir='ltr'><strong>qui</strong></span> <span class='ocrx_word' id='word_1_104' title='bbox 1495 1082 1547 1134; x_wconf 94' lang='lat' dir='ltr'><strong>in</strong></span> <span class='ocrx_word' id='word_1_105' title='bbox 1576 1081 1816 1149; x_wconf 88' lang='lat' dir='ltr'><strong>planitie.</strong></span> <span class='ocrx_word' id='word_1_106' title='bbox 1857 1082 2004 1138; x_wconf 80' lang='lat' dir='ltr'><strong>Beati</strong></span> <span class='ocrx_word' id='word_1_107' title='bbox 2031 1086 2121 1153; x_wconf 88' lang='lat' dir='ltr'><strong>qui</strong></span> <span class='ocrx_word' id='word_1_108' title='bbox 2154 1099 2240 1140; x_wconf 85' lang='lat' dir='ltr'><strong>se-</strong></span> 
     </span>
    </p>
   </div>
   <div class='ocr_carea' id='block_1_15' title="bbox 689 1172 2240 1242">
    <p class='ocr_par' dir='ltr' id='par_1_15' title="bbox 689 1172 2240 1242">
     <span class='ocr_line' id='line_1_15' title="bbox 689 1172 2240 1242; baseline 0.003 -17"><span class='ocrx_word' id='word_1_109' title='bbox 689 1174 895 1226; x_wconf 74' lang='lat' dir='ltr'><strong>nilnant</strong></span> <span class='ocrx_word' id='word_1_110' title='bbox 923 1186 1084 1241; x_wconf 81' lang='lat' dir='ltr'><strong>super</strong></span> <span class='ocrx_word' id='word_1_111' title='bbox 1115 1186 1326 1225; x_wconf 83' lang='lat' dir='ltr'><strong>omnem</strong></span> <span class='ocrx_word' id='word_1_112' title='bbox 1353 1185 1567 1242; x_wconf 86' lang='lat' dir='ltr'><strong>aquam,</strong></span> <span class='ocrx_word' id='word_1_113' title='bbox 1606 1172 1693 1226; x_wconf 92' lang='lat' dir='ltr'><strong>ubi</strong></span> <span class='ocrx_word' id='word_1_114' title='bbox 1720 1173 1818 1227; x_wconf 90' lang='lat' dir='ltr'><strong>bos</strong></span> <span class='ocrx_word' id='word_1_115' title='bbox 1844 1184 1899 1228; x_wconf 87' lang='lat' dir='ltr'><strong>et</strong></span> <span class='ocrx_word' id='word_1_116' title='bbox 1923 1174 2106 1230; x_wconf 86' lang='lat' dir='ltr'><strong>asinus</strong></span> <span class='ocrx_word' id='word_1_117' title='bbox 2127 1175 2240 1230; x_wconf 87' lang='lat' dir='ltr'><strong>cal-</strong></span> 
     </span>
    </p>
   </div>
   <div class='ocr_carea' id='block_1_16' title="bbox 688 1262 2238 1334">
    <p class='ocr_par' dir='ltr' id='par_1_16' title="bbox 688 1262 2238 1334">
     <span class='ocr_line' id='line_1_16' title="bbox 688 1262 2238 1334; baseline 0.004 -17"><span class='ocrx_word' id='word_1_118' title='bbox 688 1275 878 1319; x_wconf 68' lang='lat' dir='ltr'><strong>cant.»</strong></span> <span class='ocrx_word' id='word_1_119' title='bbox 937 1262 1037 1318; x_wconf 78' lang='lat' dir='ltr'><strong>llic</strong></span> <span class='ocrx_word' id='word_1_120' title='bbox 1093 1263 1276 1318; x_wconf 82' lang='lat' dir='ltr'><strong>beatos</strong></span> <span class='ocrx_word' id='word_1_121' title='bbox 1328 1263 1582 1333; x_wconf 70' lang='lat' dir='ltr'><strong>pmdiat</strong></span> <span class='ocrx_word' id='word_1_122' title='bbox 1627 1265 1899 1334; x_wconf 76' lang='lat' dir='ltr'><strong>apostolos</strong></span> <span class='ocrx_word' id='word_1_123' title='bbox 1942 1264 2238 1324; x_wconf 79' lang='lat' dir='ltr'><strong>Salvatoris</strong></span> 
     </span>
    </p>
   </div>
   <div class='ocr_carea' id='block_1_17' title="bbox 687 1351 2235 1424">
    <p class='ocr_par' dir='ltr' id='par_1_17' title="bbox 687 1351 2235 1424">
     <span class='ocr_line' id='line_1_17' title="bbox 687 1351 2235 1424; baseline 0.003 -15"><span class='ocrx_word' id='word_1_124' title='bbox 687 1357 880 1420; x_wconf 88' lang='lat' dir='ltr'><strong>nostri,</strong></span> <span class='ocrx_word' id='word_1_125' title='bbox 909 1364 965 1410; x_wconf 90' lang='lat' dir='ltr'><strong>et</strong></span> <span class='ocrx_word' id='word_1_126' title='bbox 995 1354 1198 1424; x_wconf 85' lang='lat' dir='ltr'><strong>primos</strong></span> <span class='ocrx_word' id='word_1_127' title='bbox 1224 1351 1494 1424; x_wconf 74' lang='lat' dir='ltr'><strong>Evangelii</strong></span> <span class='ocrx_word' id='word_1_128' title='bbox 1519 1368 1814 1423; x_wconf 71' lang='lat' dir='ltr'><strong>praecones,</strong></span> <span class='ocrx_word' id='word_1_129' title='bbox 1840 1356 1929 1424; x_wconf 90' lang='lat' dir='ltr'><strong>qui</strong></span> <span class='ocrx_word' id='word_1_130' title='bbox 1952 1363 2008 1410; x_wconf 93' lang='lat' dir='ltr'><strong>et</strong></span> <span class='ocrx_word' id='word_1_131' title='bbox 2037 1353 2235 1414; x_wconf 64' lang='lat' dir='ltr'><strong>Judais</strong></span> 
     </span>
    </p>
   </div>
   <div class='ocr_carea' id='block_1_18' title="bbox 684 1444 2234 1517">
    <p class='ocr_par' dir='ltr' id='par_1_18' title="bbox 684 1444 2234 1517">
     <span class='ocr_line' id='line_1_18' title="bbox 684 1444 2234 1517; baseline 0 -15"><span class='ocrx_word' id='word_1_132' title='bbox 684 1456 744 1503; x_wconf 89' lang='lat' dir='ltr'><strong>et</strong></span> <span class='ocrx_word' id='word_1_133' title='bbox 774 1446 979 1503; x_wconf 69' lang='lat' dir='ltr'><strong>Graecis</strong></span> <span class='ocrx_word' id='word_1_134' title='bbox 1023 1444 1401 1514; x_wconf 68' lang='lat' dir='ltr'><strong>pradicarunt,</strong></span> <span class='ocrx_word' id='word_1_135' title='bbox 1443 1459 1507 1500; x_wconf 86' lang='lat' dir='ltr'><strong>ac</strong></span> <span class='ocrx_word' id='word_1_136' title='bbox 1555 1459 1738 1499; x_wconf 87' lang='lat' dir='ltr'><strong>semen</strong></span> <span class='ocrx_word' id='word_1_137' title='bbox 1790 1460 1943 1500; x_wconf 91' lang='lat' dir='ltr'><strong>suum</strong></span> <span class='ocrx_word' id='word_1_138' title='bbox 1981 1447 2234 1517; x_wconf 73' lang='lat' dir='ltr'><strong>coniece-</strong></span> 
     </span>
    </p>
   </div>
   <div class='ocr_carea' id='block_1_19' title="bbox 584 1535 2234 1608">
    <p class='ocr_par' dir='ltr' id='par_1_19' title="bbox 584 1535 2234 1608">
     <span class='ocr_line' id='line_1_19' title="bbox 584 1535 2234 1608; baseline 0.001 -16"><span class='ocrx_word' id='word_1_139' title='bbox 584 1547 623 1588; x_wconf 86' lang='lat'><strong>&#39;.</strong></span> <span class='ocrx_word' id='word_1_140' title='bbox 684 1546 812 1592; x_wconf 90' lang='lat' dir='ltr'><strong>runt</strong></span> <span class='ocrx_word' id='word_1_141' title='bbox 851 1536 904 1592; x_wconf 91' lang='lat' dir='ltr'><strong>in</strong></span> <span class='ocrx_word' id='word_1_142' title='bbox 953 1550 1166 1591; x_wconf 89' lang='lat' dir='ltr'><strong>omnem</strong></span> <span class='ocrx_word' id='word_1_143' title='bbox 1201 1535 1495 1602; x_wconf 85' lang='lat' dir='ltr'><strong>hominem,</strong></span> <span class='ocrx_word' id='word_1_144' title='bbox 1529 1535 1769 1592; x_wconf 67' lang='lat' dir='ltr'><strong>Judaum</strong></span> <span class='ocrx_word' id='word_1_145' title='bbox 1813 1540 2010 1608; x_wconf 90' lang='lat' dir='ltr'><strong>primo,</strong></span> <span class='ocrx_word' id='word_1_146' title='bbox 2039 1539 2234 1594; x_wconf 87' lang='lat' dir='ltr'><strong>deinde</strong></span> 
     </span>
    </p>
   </div>
   <div class='ocr_carea' id='block_1_20' title="bbox 680 1627 2232 1698">
    <p class='ocr_par' dir='ltr' id='par_1_20' title="bbox 680 1627 2232 1698">
     <span class='ocr_line' id='line_1_20' title="bbox 680 1627 2232 1698; baseline 0 -15"><span class='ocrx_word' id='word_1_147' title='bbox 680 1627 925 1684; x_wconf 67' lang='lat' dir='ltr'><strong>Gracum</strong></span> <span class='ocrx_word' id='word_1_148' title='bbox 949 1645 965 1679; x_wconf 89' lang='lat'><strong>:</strong></span> <span class='ocrx_word' id='word_1_149' title='bbox 992 1627 1086 1682; x_wconf 86' lang='lat' dir='ltr'><strong>bos</strong></span> <span class='ocrx_word' id='word_1_150' title='bbox 1109 1628 1272 1693; x_wconf 88' lang='lat' dir='ltr'><strong>enim,</strong></span> <span class='ocrx_word' id='word_1_151' title='bbox 1297 1636 1478 1697; x_wconf 85' lang='lat' dir='ltr'><strong>utpote</strong></span> <span class='ocrx_word' id='word_1_152' title='bbox 1502 1630 1754 1682; x_wconf 85' lang='lat' dir='ltr'><strong>mundum</strong></span> <span class='ocrx_word' id='word_1_153' title='bbox 1773 1629 2232 1698; x_wconf 86' lang='lat' dir='ltr'><strong>animal,populus</strong></span> 
     </span>
    </p>
   </div>
   <div class='ocr_carea' id='block_1_21' title="bbox 2344 632 3913 705">
    <p class='ocr_par' dir='ltr' id='par_1_21' title="bbox 2344 632 3913 705">
     <span class='ocr_line' id='line_1_21' title="bbox 2344 632 3913 705; baseline 0.001 -21"><span class='ocrx_word' id='word_1_154' title='bbox 2344 633 2464 697; x_wconf 82' lang='grc' dir='ltr'>ζετε</span> <span class='ocrx_word' id='word_1_155' title='bbox 2533 633 2642 704; x_wconf 88' lang='grc' dir='ltr'><strong>γάρ</strong></span> <span class='ocrx_word' id='word_1_156' title='bbox 2674 674 2690 699; x_wconf 92' lang='grc'><strong>,</strong></span> <span class='ocrx_word' id='word_1_157' title='bbox 2764 633 2949 705; x_wconf 78' lang='grc' dir='ltr'>φησὶν,</span> <span class='ocrx_word' id='word_1_158' title='bbox 3018 634 3151 686; x_wconf 82' lang='grc' dir='ltr'>ὅπου</span> <span class='ocrx_word' id='word_1_159' title='bbox 3227 633 3324 704; x_wconf 76' lang='grc' dir='ltr'>σὴς</span> <span class='ocrx_word' id='word_1_160' title='bbox 3378 635 3472 686; x_wconf 81' lang='grc' dir='ltr'>καὶ</span> <span class='ocrx_word' id='word_1_161' title='bbox 3535 632 3736 704; x_wconf 86' lang='grc' dir='ltr'>βρῶσις</span> <span class='ocrx_word' id='word_1_162' title='bbox 3807 634 3913 686; x_wconf 85' lang='grc' dir='ltr'>οὑκ</span> 
     </span>
    </p>
   </div>
   <div class='ocr_carea' id='block_1_22' title="bbox 2342 721 3906 794">
    <p class='ocr_par' dir='ltr' id='par_1_22' title="bbox 2342 721 3906 794">
     <span class='ocr_line' id='line_1_22' title="bbox 2342 721 3906 794; baseline 0.002 -19"><span class='ocrx_word' id='word_1_163' title='bbox 2342 722 2625 791; x_wconf 75' lang='grc' dir='ltr'>ἀφανίζει,</span> <span class='ocrx_word' id='word_1_164' title='bbox 2663 723 2781 776; x_wconf 76' lang='grc' dir='ltr'>οὐδὲ</span> <span class='ocrx_word' id='word_1_165' title='bbox 2831 721 3057 776; x_wconf 76' lang='grc' dir='ltr'><strong>κλέπται</strong></span> <span class='ocrx_word' id='word_1_166' title='bbox 3111 721 3452 794; x_wconf 86' lang='grc' dir='ltr'>διορύσσουσι</span> <span class='ocrx_word' id='word_1_167' title='bbox 3491 723 3584 776; x_wconf 75' lang='grc' dir='ltr'>καὶ</span> <span class='ocrx_word' id='word_1_168' title='bbox 3639 721 3906 779; x_wconf 66' lang='grc' dir='ltr'>κλέπτου-</span> 
     </span>
    </p>
   </div>
   <div class='ocr_carea' id='block_1_23' title="bbox 2344 828 2501 865">
    <p class='ocr_par' dir='ltr' id='par_1_23' title="bbox 2344 828 2501 865">
     <span class='ocr_line' id='line_1_23' title="bbox 2344 828 2501 865; baseline 0.006 -1"><span class='ocrx_word' id='word_1_169' title='bbox 2344 828 2449 865; x_wconf 88' lang='grc' dir='ltr'>σιν.</span> <span class='ocrx_word' id='word_1_170' title='bbox 2481 832 2501 864; x_wconf 72' lang='grc' dir='ltr'><strong>Ι</strong></span> 
     </span>
    </p>
   </div>
   <div class='ocr_carea' id='block_1_24' title="bbox 2415 899 3905 973">
    <p class='ocr_par' dir='ltr' id='par_1_24' title="bbox 2415 899 3905 973">
     <span class='ocr_line' id='line_1_24' title="bbox 2415 899 3905 973; baseline 0.003 -19"><span class='ocrx_word' id='word_1_171' title='bbox 2415 921 2433 954; x_wconf 79' lang='grc' dir='ltr'><strong>ι</strong></span> <span class='ocrx_word' id='word_1_172' title='bbox 2477 902 2540 956; x_wconf 85' lang='grc' dir='ltr'><em>Ἦ</em></span> <span class='ocrx_word' id='word_1_173' title='bbox 2571 902 2629 956; x_wconf 77' lang='grc' dir='ltr'>δὲ</span> <span class='ocrx_word' id='word_1_174' title='bbox 2659 899 2888 972; x_wconf 72' lang='grc' dir='ltr'>χάλαζα,</span> <span class='ocrx_word' id='word_1_175' title='bbox 2927 902 3023 955; x_wconf 63' lang='grc' dir='ltr'><strong>ἐὰν</strong></span> <span class='ocrx_word' id='word_1_176' title='bbox 3057 900 3289 973; x_wconf 72' lang='grc' dir='ltr'>καταϐῇ,</span> <span class='ocrx_word' id='word_1_177' title='bbox 3324 902 3424 955; x_wconf 85' lang='grc' dir='ltr'>οὐκ</span> <span class='ocrx_word' id='word_1_178' title='bbox 3454 902 3553 970; x_wconf 67' lang='grc' dir='ltr'>,ἔφ’</span> <span class='ocrx_word' id='word_1_179' title='bbox 3579 903 3721 973; x_wconf 74' lang='grc' dir='ltr'>ὑμᾶς</span> <span class='ocrx_word' id='word_1_180' title='bbox 3759 901 3905 972; x_wconf 70' lang='grc' dir='ltr'>ἡξει.</span> 
     </span>
    </p>
   </div>
   <div class='ocr_carea' id='block_1_25' title="bbox 2339 989 3909 1062">
    <p class='ocr_par' dir='ltr' id='par_1_25' title="bbox 2339 989 3909 1062">
     <span class='ocr_line' id='line_1_25' title="bbox 2339 989 3909 1062; baseline 0.001 -20"><span class='ocrx_word' id='word_1_181' title='bbox 2339 990 2447 1042; x_wconf 81' lang='grc' dir='ltr'><strong>Καὶ</strong></span> <span class='ocrx_word' id='word_1_182' title='bbox 2487 989 2698 1042; x_wconf 68' lang='grc' dir='ltr'>ἔσονται</span> <span class='ocrx_word' id='word_1_183' title='bbox 2729 989 2778 1042; x_wconf 78' lang='lat' dir='ltr'><strong>oi</strong></span> <span class='ocrx_word' id='word_1_184' title='bbox 2812 989 3142 1054; x_wconf 70' lang='grc' dir='ltr'>ἐνοικοῦντες</span> <span class='ocrx_word' id='word_1_185' title='bbox 3187 991 3246 1042; x_wconf 69' lang='grc' dir='ltr'>ιν</span> <span class='ocrx_word' id='word_1_186' title='bbox 3287 991 3400 1054; x_wconf 88' lang='grc' dir='ltr'>τοῖς</span> <span class='ocrx_word' id='word_1_187' title='bbox 3441 990 3662 1062; x_wconf 77' lang='grc' dir='ltr'>δρυμοῖς</span> <span class='ocrx_word' id='word_1_188' title='bbox 3714 1007 3909 1045; x_wconf 85' lang='grc' dir='ltr'>πεποι-</span> 
     </span>
    </p>
   </div>
   <div class='ocr_carea' id='block_1_26' title="bbox 2339 1079 3906 1153">
    <p class='ocr_par' dir='ltr' id='par_1_26' title="bbox 2339 1079 3906 1153">
     <span class='ocr_line' id='line_1_26' title="bbox 2339 1079 3906 1153; baseline 0.001 -21"><span class='ocrx_word' id='word_1_189' title='bbox 2339 1079 2517 1144; x_wconf 70' lang='grc' dir='ltr'>θότες,</span> <span class='ocrx_word' id='word_1_190' title='bbox 2555 1080 2632 1144; x_wconf 84' lang='grc' dir='ltr'><strong>ὡς</strong></span> <span class='ocrx_word' id='word_1_191' title='bbox 2661 1081 2712 1134; x_wconf 79' lang='grc' dir='ltr'><strong>οῖ</strong></span> <span class='ocrx_word' id='word_1_192' title='bbox 2747 1083 2806 1134; x_wconf 72' lang='grc' dir='ltr'><strong>ιν</strong></span> <span class='ocrx_word' id='word_1_193' title='bbox 2845 1084 2912 1152; x_wconf 78' lang='grc' dir='ltr'>τῇ</span> <span class='ocrx_word' id='word_1_194' title='bbox 2945 1081 3149 1152; x_wconf 76' lang='grc' dir='ltr'>πεδινῇ.</span> <span class='ocrx_word' id='word_1_195' title='bbox 3183 1080 3455 1152; x_wconf 78' lang='grc' dir='ltr'>Μακάριοι</span> <span class='ocrx_word' id='word_1_196' title='bbox 3493 1084 3541 1134; x_wconf 73' lang='grc' dir='ltr'>οἱ</span> <span class='ocrx_word' id='word_1_197' title='bbox 3590 1082 3906 1153; x_wconf 83' lang='grc' dir='ltr'>σπείροντες</span> 
     </span>
    </p>
   </div>
   <div class='ocr_carea' id='block_1_27' title="bbox 2337 1163 3903 1244">
    <p class='ocr_par' dir='ltr' id='par_1_27' title="bbox 2337 1163 3903 1244">
     <span class='ocr_line' id='line_1_27' title="bbox 2337 1163 3903 1244; baseline 0.002 -23"><span class='ocrx_word' id='word_1_198' title='bbox 2337 1170 2429 1222; x_wconf 74' lang='grc' dir='ltr'><strong>ἐπὶ</strong></span> <span class='ocrx_word' id='word_1_199' title='bbox 2454 1171 2562 1224; x_wconf 78' lang='grc' dir='ltr'><strong>πᾶν</strong></span> <span class='ocrx_word' id='word_1_200' title='bbox 2593 1170 2756 1241; x_wconf 79' lang='grc' dir='ltr'>ὕδωρ,</span> <span class='ocrx_word' id='word_1_201' title='bbox 2781 1163 2844 1224; x_wconf 80' lang='grc' dir='ltr'><strong>οῦ</strong></span> <span class='ocrx_word' id='word_1_202' title='bbox 2879 1170 3005 1240; x_wconf 88' lang='grc' dir='ltr'>βοῦς</span> <span class='ocrx_word' id='word_1_203' title='bbox 3035 1171 3130 1224; x_wconf 88' lang='grc' dir='ltr'>καὶ</span> <span class='ocrx_word' id='word_1_204' title='bbox 3170 1171 3292 1234; x_wconf 80' lang='grc' dir='ltr'>δνος</span> <span class='ocrx_word' id='word_1_205' title='bbox 3337 1172 3516 1224; x_wconf 89' lang='grc' dir='ltr'>πατεῖ.</span> <span class='ocrx_word' id='word_1_206' title='bbox 3545 1191 3564 1222; x_wconf 72' lang='grc' dir='ltr'><strong>ι</strong></span> <span class='ocrx_word' id='word_1_207' title='bbox 3599 1170 3903 1244; x_wconf 70' lang='grc' dir='ltr'>Μακαρίςει</span> 
     </span>
    </p>
   </div>
   <div class='ocr_carea' id='block_1_28' title="bbox 2333 1257 3898 1332">
    <p class='ocr_par' dir='ltr' id='par_1_28' title="bbox 2333 1257 3898 1332">
     <span class='ocr_line' id='line_1_28' title="bbox 2333 1257 3898 1332; baseline 0.003 -22"><span class='ocrx_word' id='word_1_208' title='bbox 2333 1257 2390 1310; x_wconf 79' lang='grc' dir='ltr'>δὲ</span> <span class='ocrx_word' id='word_1_209' title='bbox 2425 1259 2514 1313; x_wconf 89' lang='grc' dir='ltr'><strong>διά</strong></span> <span class='ocrx_word' id='word_1_210' title='bbox 2545 1259 2747 1314; x_wconf 89' lang='grc' dir='ltr'>τούτων</span> <span class='ocrx_word' id='word_1_211' title='bbox 2776 1261 2902 1323; x_wconf 80' lang='grc' dir='ltr'>τοὺς</span> <span class='ocrx_word' id='word_1_212' title='bbox 2942 1260 3268 1324; x_wconf 83' lang='grc' dir='ltr'>ἀποστόλους</span> <span class='ocrx_word' id='word_1_213' title='bbox 3307 1260 3402 1314; x_wconf 90' lang='grc' dir='ltr'><strong>τοῦ</strong></span> <span class='ocrx_word' id='word_1_214' title='bbox 3443 1260 3691 1332; x_wconf 82' lang='grc' dir='ltr'>Σωτῆρος</span> <span class='ocrx_word' id='word_1_215' title='bbox 3719 1261 3898 1332; x_wconf 76' lang='grc' dir='ltr'>ἡμῶν,</span> 
     </span>
    </p>
   </div>
   <div class='ocr_carea' id='block_1_29' title="bbox 2333 1349 3902 1424">
    <p class='ocr_par' dir='ltr' id='par_1_29' title="bbox 2333 1349 3902 1424">
     <span class='ocr_line' id='line_1_29' title="bbox 2333 1349 3902 1424; baseline 0.004 -24"><span class='ocrx_word' id='word_1_216' title='bbox 2333 1349 2428 1400; x_wconf 79' lang='grc' dir='ltr'>καὶ</span> <span class='ocrx_word' id='word_1_217' title='bbox 2473 1351 2598 1414; x_wconf 81' lang='grc' dir='ltr'>τοὺς</span> <span class='ocrx_word' id='word_1_218' title='bbox 2644 1351 2888 1424; x_wconf 84' lang='grc' dir='ltr'>πρώτους</span> <span class='ocrx_word' id='word_1_219' title='bbox 2931 1351 3177 1422; x_wconf 77' lang='grc' dir='ltr'>κήρυκας</span> <span class='ocrx_word' id='word_1_220' title='bbox 3225 1350 3320 1405; x_wconf 84' lang='grc' dir='ltr'><strong>τοῦ</strong></span> <span class='ocrx_word' id='word_1_221' title='bbox 3371 1351 3721 1422; x_wconf 83' lang='grc' dir='ltr'>Εὐαγγελίου,</span> <span class='ocrx_word' id='word_1_222' title='bbox 3769 1355 3902 1416; x_wconf 78' lang='grc' dir='ltr'>τοὺς</span> 
     </span>
    </p>
   </div>
   <div class='ocr_carea' id='block_1_30' title="bbox 2332 1437 3903 1511">
    <p class='ocr_par' dir='ltr' id='par_1_30' title="bbox 2332 1437 3903 1511">
     <span class='ocr_line' id='line_1_30' title="bbox 2332 1437 3903 1511; baseline 0.003 -19"><span class='ocrx_word' id='word_1_223' title='bbox 2332 1437 2426 1492; x_wconf 81' lang='grc' dir='ltr'>καὶ</span> <span class='ocrx_word' id='word_1_224' title='bbox 2461 1438 2726 1504; x_wconf 81' lang='grc' dir='ltr'>Ἰουδαίοις</span> <span class='ocrx_word' id='word_1_225' title='bbox 2752 1441 2846 1494; x_wconf 79' lang='grc' dir='ltr'>καὶ</span> <span class='ocrx_word' id='word_1_226' title='bbox 2877 1439 3099 1510; x_wconf 84' lang='grc' dir='ltr'>Ἕλλησι</span> <span class='ocrx_word' id='word_1_227' title='bbox 3126 1440 3486 1511; x_wconf 79' lang='grc' dir='ltr'>κηρύξαντας,</span> <span class='ocrx_word' id='word_1_228' title='bbox 3521 1441 3616 1495; x_wconf 78' lang='grc' dir='ltr'>καὶ</span> <span class='ocrx_word' id='word_1_229' title='bbox 3643 1441 3735 1495; x_wconf 80' lang='grc' dir='ltr'><strong>τὸν</strong></span> <span class='ocrx_word' id='word_1_230' title='bbox 3763 1443 3903 1496; x_wconf 75' lang='grc' dir='ltr'>σπό-</span> 
     </span>
    </p>
   </div>
   <div class='ocr_carea' id='block_1_31' title="bbox 2332 1529 3898 1602">
    <p class='ocr_par' dir='ltr' id='par_1_31' title="bbox 2332 1529 3898 1602">
     <span class='ocr_line' id='line_1_31' title="bbox 2332 1529 3898 1602; baseline 0.002 -21"><span class='ocrx_word' id='word_1_231' title='bbox 2332 1545 2426 1600; x_wconf 90' lang='grc' dir='ltr'><strong>ρον</strong></span> <span class='ocrx_word' id='word_1_232' title='bbox 2493 1530 2670 1583; x_wconf 78' lang='grc' dir='ltr'>αὐτῶν</span> <span class='ocrx_word' id='word_1_233' title='bbox 2740 1529 3207 1601; x_wconf 77' lang='grc' dir='ltr'>καταϐαλομένους</span> <span class='ocrx_word' id='word_1_234' title='bbox 3267 1531 3360 1584; x_wconf 69' lang='grc' dir='ltr'><strong>ἐπὶ</strong></span> <span class='ocrx_word' id='word_1_235' title='bbox 3432 1532 3609 1585; x_wconf 89' lang='grc' dir='ltr'>πάντα</span> <span class='ocrx_word' id='word_1_236' title='bbox 3682 1530 3898 1602; x_wconf 74' lang='grc' dir='ltr'>ἂνθρω-</span> 
     </span>
    </p>
   </div>
   <div class='ocr_carea' id='block_1_32' title="bbox 2332 1619 3899 1694">
    <p class='ocr_par' dir='ltr' id='par_1_32' title="bbox 2332 1619 3899 1694">
     <span class='ocr_line' id='line_1_32' title="bbox 2332 1619 3899 1694; baseline 0.004 -22"><span class='ocrx_word' id='word_1_237' title='bbox 2332 1636 2435 1674; x_wconf 89' lang='grc' dir='ltr'><strong>πον</strong></span> <span class='ocrx_word' id='word_1_238' title='bbox 2473 1619 2726 1674; x_wconf 72' lang='grc' dir='ltr'>Ἰουδαῖον</span> <span class='ocrx_word' id='word_1_239' title='bbox 2753 1637 2813 1673; x_wconf 85' lang='grc' dir='ltr'><strong>τε</strong></span> <span class='ocrx_word' id='word_1_240' title='bbox 2846 1619 3060 1692; x_wconf 86' lang='grc' dir='ltr'>πρῶτον</span> <span class='ocrx_word' id='word_1_241' title='bbox 3104 1621 3196 1674; x_wconf 80' lang='grc' dir='ltr'>καὶ</span> <span class='ocrx_word' id='word_1_242' title='bbox 3219 1621 3452 1692; x_wconf 78' lang='grc' dir='ltr'>Ἕλληνα</span> <span class='ocrx_word' id='word_1_243' title='bbox 3471 1638 3485 1652; x_wconf 92' lang='grc'><strong>·</strong></span> <span class='ocrx_word' id='word_1_244' title='bbox 3521 1621 3646 1692; x_wconf 84' lang='grc' dir='ltr'>βοῦς</span> <span class='ocrx_word' id='word_1_245' title='bbox 3668 1623 3776 1694; x_wconf 88' lang='grc' dir='ltr'><strong>γάρ</strong></span> <span class='ocrx_word' id='word_1_246' title='bbox 3803 1623 3899 1679; x_wconf 74' lang='grc' dir='ltr'>διὰ</span> 
     </span>
    </p>
   </div>
   <div class='ocr_carea' id='block_1_33' title="bbox 678 1712 2205 1788">
    <p class='ocr_par' dir='ltr' id='par_1_33' title="bbox 678 1719 2194 1788">
     <span class='ocr_line' id='line_1_33' title="bbox 678 1719 2194 1788; baseline -0.002 -12"><span class='ocrx_word' id='word_1_247' title='bbox 678 1735 744 1776; x_wconf 77' lang='lat' dir='ltr'><strong>ex</strong></span> <span class='ocrx_word' id='word_1_248' title='bbox 777 1719 1208 1785; x_wconf 72' lang='lat' dir='ltr'><strong>circumcisione,</strong></span> <span class='ocrx_word' id='word_1_249' title='bbox 1243 1727 1454 1788; x_wconf 82' lang='lat' dir='ltr'><strong>patrum</strong></span> <span class='ocrx_word' id='word_1_250' title='bbox 1495 1733 1714 1773; x_wconf 84' lang='lat' dir='ltr'><strong>suorum</strong></span> <span class='ocrx_word' id='word_1_251' title='bbox 1761 1733 1941 1784; x_wconf 72' lang='lat' dir='ltr'><strong>caiisa,</strong></span> <span class='ocrx_word' id='word_1_252' title='bbox 1971 1730 2194 1774; x_wconf 80' lang='lat' dir='ltr'><strong>vocatur</strong></span> 
     </span>
    </p>
   </div>
   <div class='ocr_carea' id='block_1_34' title="bbox 2306 1712 3894 1788">
    <p class='ocr_par' dir='ltr' id='par_1_34' title="bbox 2306 1712 3894 1788">
     <span class='ocr_line' id='line_1_34' title="bbox 2306 1712 3894 1788; baseline 0.003 -23"><span class='ocrx_word' id='word_1_253' title='bbox 2306 1713 2456 1776; x_wconf 48' lang='lat' dir='ltr'><strong>Job;</strong></span> <span class='ocrx_word' id='word_1_254' title='bbox 2499 1713 2771 1784; x_wconf 81' lang='grc' dir='ltr'>πατέρας,</span> <span class='ocrx_word' id='word_1_255' title='bbox 2830 1712 3026 1765; x_wconf 75' lang='grc' dir='ltr'>ὡσανεὶ</span> <span class='ocrx_word' id='word_1_256' title='bbox 3072 1712 3308 1784; x_wconf 76' lang='grc' dir='ltr'>καθαρὸν</span> <span class='ocrx_word' id='word_1_257' title='bbox 3355 1713 3510 1778; x_wconf 80' lang='grc' dir='ltr'>ζῶον,</span> <span class='ocrx_word' id='word_1_258' title='bbox 3554 1717 3583 1769; x_wconf 96' lang='lat'><strong>6</strong></span> <span class='ocrx_word' id='word_1_259' title='bbox 3621 1717 3688 1768; x_wconf 78' lang='grc' dir='ltr'>ὲκ</span> <span class='ocrx_word' id='word_1_260' title='bbox 3732 1733 3894 1788; x_wconf 78' lang='grc' dir='ltr'>περι-</span> 
     </span>
    </p>
   </div>
   <div class='ocr_carea' id='block_1_35' title="bbox 677 1808 2233 1881">
    <p class='ocr_par' dir='ltr' id='par_1_35' title="bbox 677 1808 2233 1881">
     <span class='ocr_line' id='line_1_35' title="bbox 677 1808 2233 1881; baseline 0.001 -18"><span class='ocrx_word' id='word_1_261' title='bbox 677 1811 862 1873; x_wconf 80' lang='lat' dir='ltr'><strong>asinus</strong></span> <span class='ocrx_word' id='word_1_262' title='bbox 881 1818 1080 1874; x_wconf 86' lang='lat' dir='ltr'><strong>autem,</strong></span> <span class='ocrx_word' id='word_1_263' title='bbox 1097 1817 1279 1880; x_wconf 81' lang='lat' dir='ltr'><strong>utpote</strong></span> <span class='ocrx_word' id='word_1_264' title='bbox 1299 1808 1564 1878; x_wconf 80' lang='lat' dir='ltr'><strong>impurus,</strong></span> <span class='ocrx_word' id='word_1_265' title='bbox 1582 1811 1774 1864; x_wconf 89' lang='lat' dir='ltr'><strong>dicitur</strong></span> <span class='ocrx_word' id='word_1_266' title='bbox 1801 1811 2028 1880; x_wconf 88' lang='lat' dir='ltr'><strong>populus</strong></span> <span class='ocrx_word' id='word_1_267' title='bbox 2051 1825 2120 1865; x_wconf 79' lang='lat' dir='ltr'><strong>ex</strong></span> <span class='ocrx_word' id='word_1_268' title='bbox 2144 1825 2233 1881; x_wconf 87' lang='lat' dir='ltr'><strong>pa-</strong></span> 
     </span>
    </p>
   </div>
   <div class='ocr_carea' id='block_1_36' title="bbox 677 1898 2233 1970">
    <p class='ocr_par' dir='ltr' id='par_1_36' title="bbox 677 1898 2233 1970">
     <span class='ocr_line' id='line_1_36' title="bbox 677 1898 2233 1970; baseline 0.004 -18"><span class='ocrx_word' id='word_1_269' title='bbox 677 1900 848 1953; x_wconf 90' lang='lat' dir='ltr'><strong>tribus</strong></span> <span class='ocrx_word' id='word_1_270' title='bbox 871 1899 1158 1954; x_wconf 90' lang='lat' dir='ltr'><strong>idololatris</strong></span> <span class='ocrx_word' id='word_1_271' title='bbox 1192 1898 1796 1969; x_wconf 79' lang='lat' dir='ltr'><strong>progenitus.Quoniam</strong></span> <span class='ocrx_word' id='word_1_272' title='bbox 1843 1901 2005 1970; x_wconf 73' lang='lat' dir='ltr'><strong>igitur</strong></span> <span class='ocrx_word' id='word_1_273' title='bbox 2048 1903 2101 1956; x_wconf 91' lang='lat' dir='ltr'><strong>in</strong></span> <span class='ocrx_word' id='word_1_274' title='bbox 2138 1901 2233 1958; x_wconf 73' lang='lat' dir='ltr'><strong>lu-</strong></span> 
     </span>
    </p>
   </div>
   <div class='ocr_carea' id='block_1_37' title="bbox 673 1988 2228 2062">
    <p class='ocr_par' dir='ltr' id='par_1_37' title="bbox 673 1988 2228 2062">
     <span class='ocr_line' id='line_1_37' title="bbox 673 1988 2228 2062; baseline 0.003 -16"><span class='ocrx_word' id='word_1_275' title='bbox 673 1989 1290 2060; x_wconf 70' lang='lat' dir='ltr'><strong>dteosprium,deiude</strong></span> <span class='ocrx_word' id='word_1_276' title='bbox 1320 1991 1372 2044; x_wconf 93' lang='lat' dir='ltr'><strong>in</strong></span> <span class='ocrx_word' id='word_1_277' title='bbox 1401 1988 1618 2046; x_wconf 54' lang='lat' dir='ltr'><strong>Graecos</strong></span> <span class='ocrx_word' id='word_1_278' title='bbox 1649 1992 2015 2062; x_wconf 74' lang='lat' dir='ltr'><strong>evangelicum</strong></span> <span class='ocrx_word' id='word_1_279' title='bbox 2043 2009 2228 2050; x_wconf 85' lang='lat' dir='ltr'><strong>semen</strong></span> 
     </span>
    </p>
   </div>
   <div class='ocr_carea' id='block_1_38' title="bbox 671 2081 2224 2151">
    <p class='ocr_par' dir='ltr' id='par_1_38' title="bbox 671 2081 2224 2151">
     <span class='ocr_line' id='line_1_38' title="bbox 671 2081 2224 2151; baseline 0.005 -18"><span class='ocrx_word' id='word_1_280' title='bbox 671 2081 896 2149; x_wconf 84' lang='lat' dir='ltr'><strong>apostoli</strong></span> <span class='ocrx_word' id='word_1_281' title='bbox 942 2081 1237 2137; x_wconf 83' lang='lat' dir='ltr'><strong>Salvatoris</strong></span> <span class='ocrx_word' id='word_1_282' title='bbox 1276 2081 1444 2137; x_wconf 90' lang='lat' dir='ltr'><strong>nostri</strong></span> <span class='ocrx_word' id='word_1_283' title='bbox 1469 2081 1770 2150; x_wconf 85' lang='lat' dir='ltr'><strong>iaciebant;</strong></span> <span class='ocrx_word' id='word_1_284' title='bbox 1811 2082 1937 2151; x_wconf 76' lang='lat' dir='ltr'><strong>jure</strong></span> <span class='ocrx_word' id='word_1_285' title='bbox 1980 2084 2224 2140; x_wconf 90' lang='lat' dir='ltr'><strong>dicitur:</strong></span> 
     </span>
    </p>
   </div>
   <div class='ocr_carea' id='block_1_39' title="bbox 674 2174 2226 2246">
    <p class='ocr_par' dir='ltr' id='par_1_39' title="bbox 674 2174 2226 2246">
     <span class='ocr_line' id='line_1_39' title="bbox 674 2174 2226 2246; baseline 0.005 -19"><span class='ocrx_word' id='word_1_286' title='bbox 674 2191 695 2226; x_wconf 77' lang='grc' dir='ltr'><strong>ι</strong></span> <span class='ocrx_word' id='word_1_287' title='bbox 719 2174 912 2230; x_wconf 79' lang='lat' dir='ltr'><strong>Beatus</strong></span> <span class='ocrx_word' id='word_1_288' title='bbox 926 2175 1016 2245; x_wconf 87' lang='lat' dir='ltr'><strong>qui</strong></span> <span class='ocrx_word' id='word_1_289' title='bbox 1037 2175 1268 2231; x_wconf 78' lang='lat' dir='ltr'><strong>seminat</strong></span> <span class='ocrx_word' id='word_1_290' title='bbox 1293 2190 1679 2245; x_wconf 86' lang='lat' dir='ltr'><strong>superomnem</strong></span> <span class='ocrx_word' id='word_1_291' title='bbox 1705 2191 1917 2246; x_wconf 84' lang='lat' dir='ltr'><strong>aquam,</strong></span> <span class='ocrx_word' id='word_1_292' title='bbox 1940 2178 2026 2231; x_wconf 90' lang='lat' dir='ltr'><strong>ubi</strong></span> <span class='ocrx_word' id='word_1_293' title='bbox 2054 2179 2150 2233; x_wconf 83' lang='lat' dir='ltr'><strong>bos</strong></span> <span class='ocrx_word' id='word_1_294' title='bbox 2171 2191 2226 2235; x_wconf 88' lang='lat' dir='ltr'><strong>et</strong></span> 
     </span>
    </p>
   </div>
   <div class='ocr_carea' id='block_1_40' title="bbox 604 2269 2225 2341">
    <p class='ocr_par' dir='ltr' id='par_1_40' title="bbox 604 2269 2225 2341">
     <span class='ocr_line' id='line_1_40' title="bbox 604 2269 2225 2341; baseline 0.005 -21"><span class='ocrx_word' id='word_1_295' title='bbox 604 2311 614 2320; x_wconf 92' lang='lat'><strong>.</strong></span> <span class='ocrx_word' id='word_1_296' title='bbox 668 2271 849 2323; x_wconf 82' lang='lat' dir='ltr'><strong>asinus</strong></span> <span class='ocrx_word' id='word_1_297' title='bbox 879 2269 1105 2324; x_wconf 79' lang='lat' dir='ltr'><strong>calcant.</strong></span> <span class='ocrx_word' id='word_1_298' title='bbox 1139 2288 1157 2321; x_wconf 74' lang='grc' dir='ltr'><strong>ι</strong></span> <span class='ocrx_word' id='word_1_299' title='bbox 1193 2269 1289 2325; x_wconf 90' lang='lat' dir='ltr'><strong>llic</strong></span> <span class='ocrx_word' id='word_1_300' title='bbox 1335 2285 1497 2340; x_wconf 88' lang='lat' dir='ltr'><strong>porro</strong></span> <span class='ocrx_word' id='word_1_301' title='bbox 1548 2285 1647 2340; x_wconf 90' lang='lat' dir='ltr'><strong>per</strong></span> <span class='ocrx_word' id='word_1_302' title='bbox 1687 2286 1880 2341; x_wconf 87' lang='lat' dir='ltr'><strong>aquam</strong></span> <span class='ocrx_word' id='word_1_303' title='bbox 1919 2271 2225 2328; x_wconf 87' lang='lat' dir='ltr'><strong>subindicat</strong></span> 
     </span>
    </p>
   </div>
   <div class='ocr_carea' id='block_1_41' title="bbox 669 2360 2218 2434">
    <p class='ocr_par' dir='ltr' id='par_1_41' title="bbox 669 2360 2218 2434">
     <span class='ocr_line' id='line_1_41' title="bbox 669 2360 2218 2434; baseline 0.006 -22"><span class='ocrx_word' id='word_1_304' title='bbox 669 2360 903 2414; x_wconf 82' lang='lat' dir='ltr'><strong>divinam</strong></span> <span class='ocrx_word' id='word_1_305' title='bbox 939 2361 1293 2431; x_wconf 81' lang='lat' dir='ltr'><strong>Scripturam,</strong></span> <span class='ocrx_word' id='word_1_306' title='bbox 1323 2362 1494 2432; x_wconf 65' lang='lat' dir='ltr'><strong>quarta</strong></span> <span class='ocrx_word' id='word_1_307' title='bbox 1525 2361 1826 2418; x_wconf 71' lang='lat' dir='ltr'><strong>Iudaeorum</strong></span> <span class='ocrx_word' id='word_1_308' title='bbox 1855 2373 1909 2419; x_wconf 89' lang='lat' dir='ltr'><strong>et</strong></span> <span class='ocrx_word' id='word_1_309' title='bbox 1941 2366 2218 2434; x_wconf 67' lang='lat' dir='ltr'><strong>gentilium</strong></span> 
     </span>
    </p>
   </div>
   <div class='ocr_carea' id='block_1_42' title="bbox 666 2454 1148 2522">
    <p class='ocr_par' dir='ltr' id='par_1_42' title="bbox 666 2454 1148 2522">
     <span class='ocr_line' id='line_1_42' title="bbox 666 2454 1148 2522; baseline 0.008 -17"><span class='ocrx_word' id='word_1_310' title='bbox 666 2454 861 2522; x_wconf 81' lang='lat' dir='ltr'><strong>papqu</strong></span> <span class='ocrx_word' id='word_1_311' title='bbox 895 2454 1148 2509; x_wconf 80' lang='lat' dir='ltr'><strong>calcatur.</strong></span> 
     </span>
    </p>
   </div>
   <div class='ocr_carea' id='block_1_43' title="bbox 1167 2546 1672 2603">
    <p class='ocr_par' dir='ltr' id='par_1_43' title="bbox 1167 2546 1672 2603">
     <span class='ocr_line' id='line_1_43' title="bbox 1167 2546 1672 2603; baseline -0.002 -1"><span class='ocrx_word' id='word_1_312' title='bbox 1167 2546 1394 2603; x_wconf 81' lang='lat' dir='ltr'><strong>CAPUT</strong></span> <span class='ocrx_word' id='word_1_313' title='bbox 1433 2547 1672 2602; x_wconf 80' lang='lat' dir='ltr'><strong>XXXIII.</strong></span> 
     </span>
    </p>
   </div>
   <div class='ocr_carea' id='block_1_44' title="bbox 731 2634 2215 2710">
    <p class='ocr_par' dir='ltr' id='par_1_44' title="bbox 731 2634 2215 2710">
     <span class='ocr_line' id='line_1_44' title="bbox 731 2634 2215 2710; baseline 0.007 -21"><span class='ocrx_word' id='word_1_314' title='bbox 731 2634 896 2691; x_wconf 76' lang='lat' dir='ltr'><strong>Vsus.</strong></span> <span class='ocrx_word' id='word_1_315' title='bbox 933 2639 986 2692; x_wconf 77' lang='grc'>1.</span> <span class='ocrx_word' id='word_1_316' title='bbox 1021 2654 1041 2689; x_wconf 78' lang='grc' dir='ltr'><strong>ι</strong></span> <span class='ocrx_word' id='word_1_317' title='bbox 1073 2637 1160 2692; x_wconf 72' lang='lat' dir='ltr'><strong>Vae</strong></span> <span class='ocrx_word' id='word_1_318' title='bbox 1203 2639 1268 2692; x_wconf 82' lang='lat' dir='ltr'><strong>iis</strong></span> <span class='ocrx_word' id='word_1_319' title='bbox 1313 2640 1404 2709; x_wconf 89' lang='lat' dir='ltr'><strong>qui</strong></span> <span class='ocrx_word' id='word_1_320' title='bbox 1445 2655 1541 2694; x_wconf 80' lang='lat' dir='ltr'><strong>vos</strong></span> <span class='ocrx_word' id='word_1_321' title='bbox 1582 2641 1807 2696; x_wconf 85' lang='lat' dir='ltr'><strong>miseros</strong></span> <span class='ocrx_word' id='word_1_322' title='bbox 1854 2639 2077 2710; x_wconf 80' lang='lat' dir='ltr'><strong>faciunt,</strong></span> <span class='ocrx_word' id='word_1_323' title='bbox 2117 2644 2215 2700; x_wconf 85' lang='lat' dir='ltr'><strong>sed</strong></span> 
     </span>
    </p>
   </div>
   <div class='ocr_carea' id='block_1_45' title="bbox 661 2729 2213 2802">
    <p class='ocr_par' dir='ltr' id='par_1_45' title="bbox 661 2729 2213 2802">
     <span class='ocr_line' id='line_1_45' title="bbox 661 2729 2213 2802; baseline 0.01 -25"><span class='ocrx_word' id='word_1_324' title='bbox 661 2740 818 2780; x_wconf 82' lang='lat' dir='ltr'><strong>nemo</strong></span> <span class='ocrx_word' id='word_1_325' title='bbox 851 2741 946 2782; x_wconf 83' lang='lat' dir='ltr'><strong>vos</strong></span> <span class='ocrx_word' id='word_1_326' title='bbox 977 2729 1204 2783; x_wconf 79' lang='lat' dir='ltr'><strong>miseros</strong></span> <span class='ocrx_word' id='word_1_327' title='bbox 1234 2730 1403 2785; x_wconf 73' lang='lat' dir='ltr'><strong>facit:</strong></span> <span class='ocrx_word' id='word_1_328' title='bbox 1433 2742 1486 2785; x_wconf 90' lang='lat' dir='ltr'><strong>et</strong></span> <span class='ocrx_word' id='word_1_329' title='bbox 1516 2734 1605 2802; x_wconf 93' lang='lat' dir='ltr'><strong>qui</strong></span> <span class='ocrx_word' id='word_1_330' title='bbox 1653 2735 1902 2801; x_wconf 87' lang='lat' dir='ltr'><strong>reprobat</strong></span> <span class='ocrx_word' id='word_1_331' title='bbox 1946 2750 2062 2802; x_wconf 81' lang='lat' dir='ltr'><strong>vos,</strong></span> <span class='ocrx_word' id='word_1_332' title='bbox 2109 2752 2213 2792; x_wconf 92' lang='lat' dir='ltr'><strong>non</strong></span> 
     </span>
    </p>
   </div>
   <div class='ocr_carea' id='block_1_46' title="bbox 659 2818 2213 2895">
    <p class='ocr_par' dir='ltr' id='par_1_46' title="bbox 659 2818 2213 2895">
     <span class='ocr_line' id='line_1_46' title="bbox 659 2818 2213 2895; baseline 0.01 -27"><span class='ocrx_word' id='word_1_333' title='bbox 659 2818 1260 2887; x_wconf 79' lang='lat' dir='ltr'><strong>reprobatzcapieutur</strong></span> <span class='ocrx_word' id='word_1_334' title='bbox 1302 2821 1654 2890; x_wconf 88' lang='lat' dir='ltr'><strong>reprobautes</strong></span> <span class='ocrx_word' id='word_1_335' title='bbox 1701 2836 1756 2880; x_wconf 90' lang='lat' dir='ltr'><strong>et</strong></span> <span class='ocrx_word' id='word_1_336' title='bbox 1802 2827 2102 2895; x_wconf 87' lang='lat' dir='ltr'><strong>tradentur,</strong></span> <span class='ocrx_word' id='word_1_337' title='bbox 2158 2839 2213 2884; x_wconf 87' lang='lat' dir='ltr'><strong>et</strong></span> 
     </span>
    </p>
   </div>
   <div class='ocr_carea' id='block_1_47' title="bbox 657 2905 2211 2984">
    <p class='ocr_par' dir='ltr' id='par_1_47' title="bbox 657 2905 2211 2984">
     <span class='ocr_line' id='line_1_47' title="bbox 657 2905 2211 2984; baseline 0.014 -27"><span class='ocrx_word' id='word_1_338' title='bbox 657 2905 810 2972; x_wconf 82' lang='lat' dir='ltr'><strong>quasi</strong></span> <span class='ocrx_word' id='word_1_339' title='bbox 843 2907 987 2963; x_wconf 89' lang='lat' dir='ltr'><strong>tinea</strong></span> <span class='ocrx_word' id='word_1_340' title='bbox 1034 2910 1087 2963; x_wconf 92' lang='lat' dir='ltr'><strong>in</strong></span> <span class='ocrx_word' id='word_1_341' title='bbox 1137 2911 1479 2978; x_wconf 80' lang='lat' dir='ltr'><strong>vestimento,</strong></span> <span class='ocrx_word' id='word_1_342' title='bbox 1516 2914 1591 2968; x_wconf 89' lang='lat' dir='ltr'><strong>sic</strong></span> <span class='ocrx_word' id='word_1_343' title='bbox 1621 2918 2031 2984; x_wconf 84' lang='lat' dir='ltr'><strong>superabuntur.</strong></span> <span class='ocrx_word' id='word_1_344' title='bbox 2061 2939 2082 2973; x_wconf 75' lang='grc' dir='ltr'><strong>ι</strong></span> <span class='ocrx_word' id='word_1_345' title='bbox 2117 2920 2211 2979; x_wconf 80' lang='lat' dir='ltr'><strong>His</strong></span> 
     </span>
    </p>
   </div>
   <div class='ocr_carea' id='block_1_48' title="bbox 657 2997 2209 3079">
    <p class='ocr_par' dir='ltr' id='par_1_48' title="bbox 657 2997 2209 3079">
     <span class='ocr_line' id='line_1_48' title="bbox 657 2997 2209 3079; baseline 0.014 -32"><span class='ocrx_word' id='word_1_346' title='bbox 657 2997 962 3051; x_wconf 74' lang='lat' dir='ltr'><strong>consimilia</strong></span> <span class='ocrx_word' id='word_1_347' title='bbox 998 3011 1123 3052; x_wconf 90' lang='lat' dir='ltr'><strong>sunt</strong></span> <span class='ocrx_word' id='word_1_348' title='bbox 1175 3015 1258 3065; x_wconf 86' lang='lat' dir='ltr'><strong>ea,</strong></span> <span class='ocrx_word' id='word_1_349' title='bbox 1290 3003 1442 3071; x_wconf 91' lang='lat' dir='ltr'><strong>queis</strong></span> <span class='ocrx_word' id='word_1_350' title='bbox 1482 3002 1733 3062; x_wconf 77' lang='lat' dir='ltr'><strong>Salvator</strong></span> <span class='ocrx_word' id='word_1_351' title='bbox 1763 3009 2052 3079; x_wconf 86' lang='lat' dir='ltr'><strong>discipulos</strong></span> <span class='ocrx_word' id='word_1_352' title='bbox 2083 3028 2209 3068; x_wconf 85' lang='lat' dir='ltr'><strong>suos</strong></span> 
     </span>
    </p>
   </div>
   <div class='ocr_carea' id='block_1_49' title="bbox 571 3086 2183 3169">
    <p class='ocr_par' dir='ltr' id='par_1_49' title="bbox 571 3086 2183 3169">
     <span class='ocr_line' id='line_1_49' title="bbox 571 3086 2183 3169; baseline 0.012 -30"><span class='ocrx_word' id='word_1_353' title='bbox 571 3137 573 3139; x_wconf 81' lang='grc'><strong>,</strong></span> <span class='ocrx_word' id='word_1_354' title='bbox 656 3086 1072 3156; x_wconf 84' lang='lat' dir='ltr'><strong>alloquebatur:</strong></span> <span class='ocrx_word' id='word_1_355' title='bbox 1109 3109 1127 3142; x_wconf 74' lang='grc' dir='ltr'><strong>ι</strong></span> <span class='ocrx_word' id='word_1_356' title='bbox 1157 3092 1258 3157; x_wconf 88' lang='lat' dir='ltr'><strong>Qui</strong></span> <span class='ocrx_word' id='word_1_357' title='bbox 1300 3109 1395 3150; x_wconf 81' lang='lat' dir='ltr'><strong>vos</strong></span> <span class='ocrx_word' id='word_1_358' title='bbox 1438 3099 1666 3165; x_wconf 85' lang='lat' dir='ltr'><strong>spernit,</strong></span> <span class='ocrx_word' id='word_1_359' title='bbox 1715 3115 1800 3154; x_wconf 87' lang='lat' dir='ltr'><strong>me</strong></span> <span class='ocrx_word' id='word_1_360' title='bbox 1843 3105 2071 3169; x_wconf 83' lang='lat' dir='ltr'><strong>spernit,</strong></span> <span class='ocrx_word' id='word_1_361' title='bbox 2098 3123 2119 3157; x_wconf 70' lang='grc' dir='ltr'><strong>ι</strong></span> <span class='ocrx_word' id='word_1_362' title='bbox 2152 3121 2183 3160; x_wconf 91' lang='lat' dir='ltr'><strong>e</strong></span> 
     </span>
    </p>
   </div>
   <div class='ocr_carea' id='block_1_50' title="bbox 654 3177 2206 3264">
    <p class='ocr_par' dir='ltr' id='par_1_50' title="bbox 654 3177 2206 3264">
     <span class='ocr_line' id='line_1_50' title="bbox 654 3177 2206 3264; baseline 0.014 -33"><span class='ocrx_word' id='word_1_363' title='bbox 654 3193 749 3233; x_wconf 77' lang='lat' dir='ltr'><strong>vos</strong></span> <span class='ocrx_word' id='word_1_364' title='bbox 801 3194 905 3234; x_wconf 90' lang='lat' dir='ltr'><strong>non</strong></span> <span class='ocrx_word' id='word_1_365' title='bbox 961 3181 1236 3246; x_wconf 73' lang='lat' dir='ltr'><strong>laedimiui,</strong></span> <span class='ocrx_word' id='word_1_366' title='bbox 1283 3193 1358 3248; x_wconf 88' lang='lat' dir='ltr'><strong>et,</strong></span> <span class='ocrx_word' id='word_1_367' title='bbox 1398 3177 1672 3256; x_wconf 28' lang='lat' dir='ltr'><strong>«qui&#39;me</strong></span> <span class='ocrx_word' id='word_1_368' title='bbox 1722 3196 1950 3259; x_wconf 85' lang='lat' dir='ltr'><strong>spernit,</strong></span> <span class='ocrx_word' id='word_1_369' title='bbox 2001 3199 2206 3264; x_wconf 87' lang='lat' dir='ltr'><strong>spernit</strong></span> 
     </span>
    </p>
   </div>
   <div class='ocr_carea' id='block_1_51' title="bbox 651 3270 2200 3358">
    <p class='ocr_par' dir='ltr' id='par_1_51' title="bbox 651 3270 2200 3358">
     <span class='ocr_line' id='line_1_51' title="bbox 651 3270 2200 3358; baseline 0.015 -38"><span class='ocrx_word' id='word_1_370' title='bbox 651 3283 794 3332; x_wconf 89' lang='lat' dir='ltr'><strong>eum,</strong></span> <span class='ocrx_word' id='word_1_371' title='bbox 823 3270 910 3338; x_wconf 91' lang='lat' dir='ltr'><strong>qui</strong></span> <span class='ocrx_word' id='word_1_372' title='bbox 942 3271 1086 3326; x_wconf 88' lang='lat' dir='ltr'><strong>misit</strong></span> <span class='ocrx_word' id='word_1_373' title='bbox 1111 3288 1195 3326; x_wconf 92' lang='lat' dir='ltr'><strong>me</strong></span> <span class='ocrx_word' id='word_1_374' title='bbox 1217 3275 1278 3327; x_wconf 74' lang='grc'><strong>⁸⁸.</strong></span> <span class='ocrx_word' id='word_1_375' title='bbox 1305 3295 1326 3328; x_wconf 83' lang='grc'><strong>›</strong></span> <span class='ocrx_word' id='word_1_376' title='bbox 1359 3275 1489 3330; x_wconf 84' lang='lat' dir='ltr'><strong>Nam</strong></span> <span class='ocrx_word' id='word_1_377' title='bbox 1534 3294 1654 3334; x_wconf 88' lang='lat' dir='ltr'><strong>cum</strong></span> <span class='ocrx_word' id='word_1_378' title='bbox 1695 3284 1819 3348; x_wconf 87' lang='lat' dir='ltr'><strong>duo,</strong></span> <span class='ocrx_word' id='word_1_379' title='bbox 1852 3294 1911 3338; x_wconf 91' lang='lat' dir='ltr'><strong>ut</strong></span> <span class='ocrx_word' id='word_1_380' title='bbox 1939 3288 2200 3358; x_wconf 83' lang='lat' dir='ltr'><strong>quispiam</strong></span> 
     </span>
    </p>
   </div>
   <div class='ocr_carea' id='block_1_52' title="bbox 649 3361 2202 3444">
    <p class='ocr_par' dir='ltr' id='par_1_52' title="bbox 649 3361 2202 3444">
     <span class='ocr_line' id='line_1_52' title="bbox 649 3361 2202 3444; baseline 0.017 -34"><span class='ocrx_word' id='word_1_381' title='bbox 649 3361 864 3422; x_wconf 73' lang='lat' dir='ltr'><strong>dixerit.</strong></span> <span class='ocrx_word' id='word_1_382' title='bbox 893 3361 944 3415; x_wconf 86' lang='lat' dir='ltr'><strong>in</strong></span> <span class='ocrx_word' id='word_1_383' title='bbox 975 3372 1210 3434; x_wconf 84' lang='lat' dir='ltr'><strong>tempore</strong></span> <span class='ocrx_word' id='word_1_384' title='bbox 1242 3371 1626 3437; x_wconf 87' lang='lat' dir='ltr'><strong>persecutionis</strong></span> <span class='ocrx_word' id='word_1_385' title='bbox 1649 3376 1865 3431; x_wconf 85' lang='lat' dir='ltr'><strong>ordines</strong></span> <span class='ocrx_word' id='word_1_386' title='bbox 1890 3379 2028 3444; x_wconf 88' lang='lat' dir='ltr'><strong>sint,</strong></span> <span class='ocrx_word' id='word_1_387' title='bbox 2063 3381 2202 3438; x_wconf 87' lang='lat' dir='ltr'><strong>alius</strong></span> 
     </span>
    </p>
   </div>
   <div class='ocr_carea' id='block_1_53' title="bbox 647 3455 2197 3544">
    <p class='ocr_par' dir='ltr' id='par_1_53' title="bbox 647 3455 2197 3544">
     <span class='ocr_line' id='line_1_53' title="bbox 647 3455 2197 3544; baseline 0.018 -40"><span class='ocrx_word' id='word_1_388' title='bbox 647 3455 943 3521; x_wconf 75' lang='lat' dir='ltr'><strong>agentium,</strong></span> <span class='ocrx_word' id='word_1_389' title='bbox 976 3457 1290 3526; x_wconf 84' lang='lat' dir='ltr'><strong>patientium</strong></span> <span class='ocrx_word' id='word_1_390' title='bbox 1323 3461 1490 3529; x_wconf 86' lang='lat' dir='ltr'><strong>alius;</strong></span> <span class='ocrx_word' id='word_1_391' title='bbox 1523 3466 1708 3524; x_wconf 81' lang='lat' dir='ltr'><strong>beatus</strong></span> <span class='ocrx_word' id='word_1_392' title='bbox 1735 3482 1819 3526; x_wconf 85' lang='lat' dir='ltr'><strong>est</strong></span> <span class='ocrx_word' id='word_1_393' title='bbox 1851 3474 1942 3542; x_wconf 89' lang='lat' dir='ltr'><strong>qui</strong></span> <span class='ocrx_word' id='word_1_394' title='bbox 1978 3476 2197 3544; x_wconf 83' lang='lat' dir='ltr'><strong>patitur,</strong></span> 
     </span>
    </p>
   </div>
   <div class='ocr_carea' id='block_1_54' title="bbox 646 3544 2201 3636">
    <p class='ocr_par' dir='ltr' id='par_1_54' title="bbox 646 3544 2201 3636">
     <span class='ocr_line' id='line_1_54' title="bbox 646 3544 2201 3636; baseline 0.018 -41"><span class='ocrx_word' id='word_1_395' title='bbox 646 3544 740 3596; x_wconf 89' lang='lat' dir='ltr'><strong>sed</strong></span> <span class='ocrx_word' id='word_1_396' title='bbox 791 3558 893 3598; x_wconf 89' lang='lat' dir='ltr'><strong>non</strong></span> <span class='ocrx_word' id='word_1_397' title='bbox 943 3547 1086 3616; x_wconf 79' lang='lat' dir='ltr'><strong>agit;</strong></span> <span class='ocrx_word' id='word_1_398' title='bbox 1136 3549 1324 3606; x_wconf 78' lang='lat' dir='ltr'><strong>infelix</strong></span> <span class='ocrx_word' id='word_1_399' title='bbox 1360 3569 1486 3610; x_wconf 84' lang='lat' dir='ltr'><strong>vero</strong></span> <span class='ocrx_word' id='word_1_400' title='bbox 1513 3558 1602 3625; x_wconf 91' lang='lat' dir='ltr'><strong>qui</strong></span> <span class='ocrx_word' id='word_1_401' title='bbox 1631 3560 1760 3630; x_wconf 73' lang='lat' dir='ltr'><strong>agit,</strong></span> <span class='ocrx_word' id='word_1_402' title='bbox 1787 3564 1880 3616; x_wconf 85' lang='lat' dir='ltr'><strong>sed</strong></span> <span class='ocrx_word' id='word_1_403' title='bbox 1942 3580 2046 3620; x_wconf 91' lang='lat' dir='ltr'><strong>non</strong></span> <span class='ocrx_word' id='word_1_404' title='bbox 2109 3582 2201 3636; x_wconf 91' lang='lat' dir='ltr'><strong>pa-</strong></span> 
     </span>
    </p>
   </div>
   <div class='ocr_carea' id='block_1_55' title="bbox 647 3633 800 3686">
    <p class='ocr_par' dir='ltr' id='par_1_55' title="bbox 647 3633 800 3686">
     <span class='ocr_line' id='line_1_55' title="bbox 647 3633 800 3686; baseline 0.013 -2"><span class='ocrx_word' id='word_1_405' title='bbox 647 3633 800 3686; x_wconf 88' lang='lat' dir='ltr'><strong>titur.</strong></span> 
     </span>
    </p>
   </div>
   <div class='ocr_carea' id='block_1_56' title="bbox 713 3721 2190 3806">
    <p class='ocr_par' dir='ltr' id='par_1_56' title="bbox 713 3721 2190 3806">
     <span class='ocr_line' id='line_1_56' title="bbox 713 3721 2190 3806; baseline 0.016 -29"><span class='ocrx_word' id='word_1_406' title='bbox 713 3721 877 3780; x_wconf 79' lang='lat' dir='ltr'><strong>Vsus.</strong></span> <span class='ocrx_word' id='word_1_407' title='bbox 916 3725 972 3782; x_wconf 75' lang='grc'>2.</span> <span class='ocrx_word' id='word_1_408' title='bbox 1015 3747 1034 3780; x_wconf 76' lang='grc' dir='ltr'><strong>ε</strong></span> <span class='ocrx_word' id='word_1_409' title='bbox 1063 3728 1307 3798; x_wconf 87' lang='lat' dir='ltr'><strong>Domine,</strong></span> <span class='ocrx_word' id='word_1_410' title='bbox 1342 3735 1616 3796; x_wconf 67' lang='lat' dir='ltr'><strong>miserere.</strong></span> <span class='ocrx_word' id='word_1_411' title='bbox 1648 3742 1841 3806; x_wconf 83' lang='lat' dir='ltr'><strong>nostri,</strong></span> <span class='ocrx_word' id='word_1_412' title='bbox 1883 3742 1935 3798; x_wconf 94' lang='lat' dir='ltr'><strong>in</strong></span> <span class='ocrx_word' id='word_1_413' title='bbox 1967 3753 2019 3800; x_wconf 88' lang='lat' dir='ltr'><strong>te</strong></span> <span class='ocrx_word' id='word_1_414' title='bbox 2045 3747 2190 3802; x_wconf 91' lang='lat' dir='ltr'><strong>enim</strong></span> 
     </span>
    </p>
   </div>
   <div class='ocr_carea' id='block_1_57' title="bbox 642 3815 2190 3892">
    <p class='ocr_par' dir='ltr' id='par_1_57' title="bbox 642 3815 2190 3892">
     <span class='ocr_line' id='line_1_57' title="bbox 642 3815 2190 3892; baseline 0.017 -27"><span class='ocrx_word' id='word_1_415' title='bbox 642 3815 982 3877; x_wconf 78' lang='lat' dir='ltr'><strong>conﬁdimus.</strong></span> <span class='ocrx_word' id='word_1_416' title='bbox 1028 3818 1248 3878; x_wconf 81' lang='lat' dir='ltr'><strong>Factum</strong></span> <span class='ocrx_word' id='word_1_417' title='bbox 1311 3835 1396 3881; x_wconf 88' lang='lat' dir='ltr'><strong>est</strong></span> <span class='ocrx_word' id='word_1_418' title='bbox 1450 3841 1636 3883; x_wconf 87' lang='lat' dir='ltr'><strong>semen</strong></span> <span class='ocrx_word' id='word_1_419' title='bbox 1687 3829 2087 3890; x_wconf 89' lang='lat' dir='ltr'><strong>incredulorum</strong></span> <span class='ocrx_word' id='word_1_420' title='bbox 2137 3839 2190 3892; x_wconf 92' lang='lat' dir='ltr'><strong>in</strong></span> 
     </span>
    </p>
   </div>
   <div class='ocr_carea' id='block_1_58' title="bbox 640 3903 2191 3992">
    <p class='ocr_par' dir='ltr' id='par_1_58' title="bbox 640 3903 2191 3992">
     <span class='ocr_line' id='line_1_58' title="bbox 640 3903 2191 3992; baseline 0.017 -37"><span class='ocrx_word' id='word_1_421' title='bbox 640 3903 1032 3973; x_wconf 87' lang='lat' dir='ltr'><strong>perditionem;</strong></span> <span class='ocrx_word' id='word_1_422' title='bbox 1067 3910 1210 3967; x_wconf 86' lang='lat' dir='ltr'><strong>salus</strong></span> <span class='ocrx_word' id='word_1_423' title='bbox 1238 3923 1417 3970; x_wconf 88' lang='lat' dir='ltr'><strong>autem</strong></span> <span class='ocrx_word' id='word_1_424' title='bbox 1448 3927 1628 3973; x_wconf 89' lang='lat' dir='ltr'><strong>nostra</strong></span> <span class='ocrx_word' id='word_1_425' title='bbox 1655 3921 1708 3974; x_wconf 91' lang='lat' dir='ltr'><strong>in</strong></span> <span class='ocrx_word' id='word_1_426' title='bbox 1739 3930 1977 3992; x_wconf 87' lang='lat' dir='ltr'><strong>tempore</strong></span> <span class='ocrx_word' id='word_1_427' title='bbox 2021 3928 2191 3983; x_wconf 91' lang='lat' dir='ltr'><strong>tribu-</strong></span> 
     </span>
    </p>
   </div>
   <div class='ocr_carea' id='block_1_59' title="bbox 639 3993 2191 4074">
    <p class='ocr_par' dir='ltr' id='par_1_59' title="bbox 639 3993 2191 4074">
     <span class='ocr_line' id='line_1_59' title="bbox 639 3993 2191 4074; baseline 0.019 -30"><span class='ocrx_word' id='word_1_428' title='bbox 639 3993 875 4048; x_wconf 82' lang='lat' dir='ltr'><strong>lationis.</strong></span> <span class='ocrx_word' id='word_1_429' title='bbox 903 4015 924 4049; x_wconf 81' lang='grc'><strong><em>›</em></strong></span> <span class='ocrx_word' id='word_1_430' title='bbox 959 3996 1036 4050; x_wconf 77' lang='lat' dir='ltr'><strong>Ex</strong></span> <span class='ocrx_word' id='word_1_431' title='bbox 1060 4013 1285 4066; x_wconf 86' lang='lat' dir='ltr'><strong>persona</strong></span> <span class='ocrx_word' id='word_1_432' title='bbox 1311 4008 1672 4074; x_wconf 81' lang='lat' dir='ltr'><strong>apostolorum</strong></span> <span class='ocrx_word' id='word_1_433' title='bbox 1701 4013 2005 4071; x_wconf 85' lang='lat' dir='ltr'><strong>orationem</strong></span> <span class='ocrx_word' id='word_1_434' title='bbox 2032 4020 2191 4073; x_wconf 89' lang='lat' dir='ltr'><strong>emit-</strong></span> 
     </span>
    </p>
   </div>
   <div class='ocr_carea' id='block_1_60' title="bbox 639 4083 2189 4174">
    <p class='ocr_par' dir='ltr' id='par_1_60' title="bbox 639 4083 2189 4174">
     <span class='ocr_line' id='line_1_60' title="bbox 639 4083 2189 4174; baseline 0.018 -39"><span class='ocrx_word' id='word_1_435' title='bbox 639 4083 708 4174; x_wconf 85' lang='lat' dir='ltr'><strong>tit</strong></span> <span class='ocrx_word' id='word_1_436' title='bbox 743 4099 755 4133; x_wconf 91' lang='lat'>:</span> <span class='ocrx_word' id='word_1_437' title='bbox 785 4099 971 4139; x_wconf 87' lang='lat' dir='ltr'><strong>eorum</strong></span> <span class='ocrx_word' id='word_1_438' title='bbox 1001 4089 1199 4158; x_wconf 83' lang='lat' dir='ltr'><strong>quippe</strong></span> <span class='ocrx_word' id='word_1_439' title='bbox 1222 4102 1428 4158; x_wconf 74' lang='lat' dir='ltr'><strong>sennen,</strong></span> <span class='ocrx_word' id='word_1_440' title='bbox 1456 4098 1546 4164; x_wconf 92' lang='lat' dir='ltr'><strong>qui</strong></span> <span class='ocrx_word' id='word_1_441' title='bbox 1575 4102 1894 4170; x_wconf 65' lang='lat' dir='ltr'><strong>evangelica</strong></span> <span class='ocrx_word' id='word_1_442' title='bbox 1923 4108 2189 4174; x_wconf 64' lang='lat' dir='ltr'><strong>praedica-</strong></span> 
     </span>
    </p>
   </div>
   <div class='ocr_carea' id='block_1_61' title="bbox 633 4173 2186 4253">
    <p class='ocr_par' dir='ltr' id='par_1_61' title="bbox 633 4173 2186 4253">
     <span class='ocr_line' id='line_1_61' title="bbox 633 4173 2186 4253; baseline 0.017 -27"><span class='ocrx_word' id='word_1_443' title='bbox 633 4173 768 4227; x_wconf 88' lang='lat' dir='ltr'><strong>tioni</strong></span> <span class='ocrx_word' id='word_1_444' title='bbox 812 4189 918 4229; x_wconf 91' lang='lat' dir='ltr'><strong>non</strong></span> <span class='ocrx_word' id='word_1_445' title='bbox 961 4179 1331 4249; x_wconf 89' lang='lat' dir='ltr'><strong>crediderunt,</strong></span> <span class='ocrx_word' id='word_1_446' title='bbox 1362 4185 1617 4253; x_wconf 89' lang='lat' dir='ltr'><strong>perniciei</strong></span> <span class='ocrx_word' id='word_1_447' title='bbox 1650 4185 1898 4246; x_wconf 85' lang='lat' dir='ltr'><strong>traditum</strong></span> <span class='ocrx_word' id='word_1_448' title='bbox 1924 4173 2015 4250; x_wconf 78' lang='lat' dir='ltr'><strong>est</strong></span> <span class='ocrx_word' id='word_1_449' title='bbox 2043 4213 2057 4248; x_wconf 89' lang='lat'><strong>:</strong></span> <span class='ocrx_word' id='word_1_450' title='bbox 2085 4213 2186 4252; x_wconf 87' lang='lat' dir='ltr'><strong>no-</strong></span> 
     </span>
    </p>
   </div>
   <div class='ocr_carea' id='block_1_62' title="bbox 632 4268 2182 4352">
    <p class='ocr_par' dir='ltr' id='par_1_62' title="bbox 632 4268 2182 4352">
     <span class='ocr_line' id='line_1_62' title="bbox 632 4268 2182 4352; baseline 0.017 -36"><span class='ocrx_word' id='word_1_451' title='bbox 632 4273 743 4316; x_wconf 86' lang='lat' dir='ltr'><strong>stra</strong></span> <span class='ocrx_word' id='word_1_452' title='bbox 787 4277 915 4318; x_wconf 78' lang='lat' dir='ltr'><strong>vero</strong></span> <span class='ocrx_word' id='word_1_453' title='bbox 963 4268 1107 4324; x_wconf 84' lang='lat' dir='ltr'><strong>salus</strong></span> <span class='ocrx_word' id='word_1_454' title='bbox 1151 4280 1204 4323; x_wconf 93' lang='lat' dir='ltr'><strong>tu</strong></span> <span class='ocrx_word' id='word_1_455' title='bbox 1253 4273 1367 4341; x_wconf 88' lang='lat' dir='ltr'><strong>ipse</strong></span> <span class='ocrx_word' id='word_1_456' title='bbox 1414 4290 1495 4340; x_wconf 87' lang='lat' dir='ltr'><strong>es,</strong></span> <span class='ocrx_word' id='word_1_457' title='bbox 1523 4291 1557 4332; x_wconf 94' lang='lat' dir='ltr'><strong>o</strong></span> <span class='ocrx_word' id='word_1_458' title='bbox 1597 4277 1845 4347; x_wconf 88' lang='lat' dir='ltr'><strong>Domine,</strong></span> <span class='ocrx_word' id='word_1_459' title='bbox 1892 4285 1984 4352; x_wconf 89' lang='lat' dir='ltr'><strong>qui</strong></span> <span class='ocrx_word' id='word_1_460' title='bbox 2029 4289 2182 4343; x_wconf 91' lang='lat' dir='ltr'><strong>nobis</strong></span> 
     </span>
    </p>
   </div>
   <div class='ocr_carea' id='block_1_63' title="bbox 639 4355 1530 4427">
    <p class='ocr_par' dir='ltr' id='par_1_63' title="bbox 639 4355 1530 4427">
     <span class='ocr_line' id='line_1_63' title="bbox 639 4355 1530 4427; baseline 0.018 -22"><span class='ocrx_word' id='word_1_461' title='bbox 639 4355 766 4406; x_wconf 86' lang='lat' dir='ltr'><strong>ades</strong></span> <span class='ocrx_word' id='word_1_462' title='bbox 789 4355 841 4408; x_wconf 90' lang='lat' dir='ltr'><strong>iu</strong></span> <span class='ocrx_word' id='word_1_463' title='bbox 883 4365 1120 4427; x_wconf 89' lang='lat' dir='ltr'><strong>tempore</strong></span> <span class='ocrx_word' id='word_1_464' title='bbox 1147 4361 1530 4422; x_wconf 88' lang='lat' dir='ltr'><strong>tribulationis.</strong></span> 
     </span>
    </p>
   </div>
   <div class='ocr_carea' id='block_1_64' title="bbox 700 4444 2177 4524">
    <p class='ocr_par' dir='ltr' id='par_1_64' title="bbox 700 4444 2177 4524">
     <span class='ocr_line' id='line_1_64' title="bbox 700 4444 2177 4524; baseline 0.016 -26"><span class='ocrx_word' id='word_1_465' title='bbox 700 4444 862 4498; x_wconf 79' lang='lat' dir='ltr'><strong>Vsus.</strong></span> <span class='ocrx_word' id='word_1_466' title='bbox 911 4447 964 4500; x_wconf 80' lang='grc'>5.</span> <span class='ocrx_word' id='word_1_467' title='bbox 1009 4466 1029 4499; x_wconf 79' lang='grc' dir='ltr'><strong>ι</strong></span> <span class='ocrx_word' id='word_1_468' title='bbox 1058 4446 1284 4524; x_wconf 75' lang='lat' dir='ltr'><strong>Propter</strong></span> <span class='ocrx_word' id='word_1_469' title='bbox 1314 4468 1500 4510; x_wconf 80' lang='lat' dir='ltr'><strong>vocem</strong></span> <span class='ocrx_word' id='word_1_470' title='bbox 1557 4458 1769 4516; x_wconf 85' lang='lat' dir='ltr'><strong>timoris</strong></span> <span class='ocrx_word' id='word_1_471' title='bbox 1831 4463 1906 4517; x_wconf 92' lang='lat' dir='ltr'><strong>tui</strong></span> <span class='ocrx_word' id='word_1_472' title='bbox 1961 4467 2177 4522; x_wconf 89' lang='lat' dir='ltr'><strong>sedibus</strong></span> 
     </span>
    </p>
   </div>
   <div class='ocr_carea' id='block_1_65' title="bbox 629 4535 2178 4622">
    <p class='ocr_par' dir='ltr' id='par_1_65' title="bbox 629 4535 2178 4622">
     <span class='ocr_line' id='line_1_65' title="bbox 629 4535 2178 4622; baseline 0.017 -37"><span class='ocrx_word' id='word_1_473' title='bbox 629 4535 758 4588; x_wconf 88' lang='lat' dir='ltr'><strong>moti</strong></span> <span class='ocrx_word' id='word_1_474' title='bbox 807 4545 929 4589; x_wconf 86' lang='lat' dir='ltr'><strong>sunt</strong></span> <span class='ocrx_word' id='word_1_475' title='bbox 962 4538 1142 4606; x_wconf 88' lang='lat' dir='ltr'><strong>populi</strong></span> <span class='ocrx_word' id='word_1_476' title='bbox 1193 4555 1223 4594; x_wconf 87' lang='lat' dir='ltr'><strong>a</strong></span> <span class='ocrx_word' id='word_1_477' title='bbox 1277 4544 1466 4600; x_wconf 88' lang='lat' dir='ltr'><strong>timore</strong></span> <span class='ocrx_word' id='word_1_478' title='bbox 1503 4556 1613 4612; x_wconf 93' lang='lat' dir='ltr'><strong>tuo,</strong></span> <span class='ocrx_word' id='word_1_479' title='bbox 1652 4561 1707 4604; x_wconf 92' lang='lat' dir='ltr'><strong>et</strong></span> <span class='ocrx_word' id='word_1_480' title='bbox 1746 4551 2003 4622; x_wconf 77' lang='lat' dir='ltr'><strong>dispersa:</strong></span> <span class='ocrx_word' id='word_1_481' title='bbox 2052 4569 2178 4612; x_wconf 89' lang='lat' dir='ltr'><strong>sunt</strong></span> 
     </span>
    </p>
   </div>
   <div class='ocr_carea' id='block_1_66' title="bbox 505 4625 2172 4711">
    <p class='ocr_par' dir='ltr' id='par_1_66' title="bbox 505 4625 2172 4711">
     <span class='ocr_line' id='line_1_66' title="bbox 505 4625 2172 4711; baseline 0.019 -38"><span class='ocrx_word' id='word_1_482' title='bbox 505 4631 512 4636; x_wconf 82' lang='lat'><strong><em>‘</em></strong></span> <span class='ocrx_word' id='word_1_483' title='bbox 628 4635 869 4693; x_wconf 66' lang='lat' dir='ltr'><strong>gentes.»</strong></span> <span class='ocrx_word' id='word_1_484' title='bbox 911 4625 964 4681; x_wconf 92' lang='lat' dir='ltr'><strong>Id</strong></span> <span class='ocrx_word' id='word_1_485' title='bbox 1009 4629 1204 4684; x_wconf 83' lang='lat' dir='ltr'><strong>dicitur</strong></span> <span class='ocrx_word' id='word_1_486' title='bbox 1248 4632 1314 4686; x_wconf 91' lang='lat' dir='ltr'><strong>de</strong></span> <span class='ocrx_word' id='word_1_487' title='bbox 1363 4634 1431 4688; x_wconf 84' lang='lat' dir='ltr'><strong>iis</strong></span> <span class='ocrx_word' id='word_1_488' title='bbox 1471 4638 1562 4704; x_wconf 91' lang='lat' dir='ltr'><strong>qui</strong></span> <span class='ocrx_word' id='word_1_489' title='bbox 1593 4653 1760 4694; x_wconf 65' lang='lat' dir='ltr'><strong>sacrm</strong></span> <span class='ocrx_word' id='word_1_490' title='bbox 1806 4646 2172 4711; x_wconf 73' lang='lat' dir='ltr'><strong>pmdicationi</strong></span> 
     </span>
    </p>
   </div>
   <div class='ocr_carea' id='block_1_67' title="bbox 623 4714 2173 4794">
    <p class='ocr_par' dir='ltr' id='par_1_67' title="bbox 623 4714 2173 4794">
     <span class='ocr_line' id='line_1_67' title="bbox 623 4714 2173 4794; baseline 0.018 -28"><span class='ocrx_word' id='word_1_491' title='bbox 623 4714 782 4768; x_wconf 84' lang='lat' dir='ltr'><strong>iidem</strong></span> <span class='ocrx_word' id='word_1_492' title='bbox 833 4731 937 4770; x_wconf 90' lang='lat' dir='ltr'><strong>non</strong></span> <span class='ocrx_word' id='word_1_493' title='bbox 985 4718 1308 4779; x_wconf 85' lang='lat' dir='ltr'><strong>habuerunt.</strong></span> <span class='ocrx_word' id='word_1_494' title='bbox 1363 4726 1643 4794; x_wconf 78' lang='lat' dir='ltr'><strong>Signiﬁcat</strong></span> <span class='ocrx_word' id='word_1_495' title='bbox 1703 4743 1877 4787; x_wconf 85' lang='lat' dir='ltr'><strong>autem</strong></span> <span class='ocrx_word' id='word_1_496' title='bbox 1938 4735 2173 4794; x_wconf 76' lang='lat' dir='ltr'><strong>Judaica:</strong></span> 
     </span>
    </p>
   </div>
   <div class='ocr_carea' id='block_1_68' title="bbox 621 4807 2170 4897">
    <p class='ocr_par' dir='ltr' id='par_1_68' title="bbox 621 4807 2170 4897">
     <span class='ocr_line' id='line_1_68' title="bbox 621 4807 2170 4897; baseline 0.019 -40"><span class='ocrx_word' id='word_1_497' title='bbox 621 4807 792 4873; x_wconf 76' lang='lat' dir='ltr'><strong>gentis</strong></span> <span class='ocrx_word' id='word_1_498' title='bbox 839 4808 1194 4879; x_wconf 90' lang='lat' dir='ltr'><strong>obsidionem,</strong></span> <span class='ocrx_word' id='word_1_499' title='bbox 1245 4823 1298 4869; x_wconf 90' lang='lat' dir='ltr'><strong>et</strong></span> <span class='ocrx_word' id='word_1_500' title='bbox 1351 4819 1512 4885; x_wconf 90' lang='lat' dir='ltr'><strong>quod,</strong></span> <span class='ocrx_word' id='word_1_501' title='bbox 1566 4819 1853 4891; x_wconf 80' lang='lat' dir='ltr'><strong>ingruente</strong></span> <span class='ocrx_word' id='word_1_502' title='bbox 1905 4828 2034 4897; x_wconf 85' lang='lat' dir='ltr'><strong>ipsis</strong></span> <span class='ocrx_word' id='word_1_503' title='bbox 2081 4832 2170 4885; x_wconf 79' lang='grc' dir='ltr'><strong>Ιιο⁸</strong></span> 
     </span>
    </p>
   </div>
   <div class='ocr_carea' id='block_1_69' title="bbox 619 4897 2170 4993">
    <p class='ocr_par' dir='ltr' id='par_1_69' title="bbox 619 4897 2170 4993">
     <span class='ocr_line' id='line_1_69' title="bbox 619 4897 2170 4993; baseline 0.02 -45"><span class='ocrx_word' id='word_1_504' title='bbox 619 4897 780 4948; x_wconf 85' lang='lat' dir='ltr'><strong>stium</strong></span> <span class='ocrx_word' id='word_1_505' title='bbox 814 4901 1173 4969; x_wconf 89' lang='lat' dir='ltr'><strong>multitudine,</strong></span> <span class='ocrx_word' id='word_1_506' title='bbox 1205 4920 1272 4958; x_wconf 77' lang='lat' dir='ltr'><strong>ex</strong></span> <span class='ocrx_word' id='word_1_507' title='bbox 1305 4917 1445 4961; x_wconf 87' lang='lat' dir='ltr'><strong>terra</strong></span> <span class='ocrx_word' id='word_1_508' title='bbox 1471 4924 1565 4963; x_wconf 86' lang='lat' dir='ltr'><strong>sua</strong></span> <span class='ocrx_word' id='word_1_509' title='bbox 1598 4914 1756 4982; x_wconf 89' lang='lat' dir='ltr'><strong>pulsi,</strong></span> <span class='ocrx_word' id='word_1_510' title='bbox 1789 4927 1844 4974; x_wconf 93' lang='lat' dir='ltr'><strong>et</strong></span> <span class='ocrx_word' id='word_1_511' title='bbox 1874 4919 2014 4976; x_wconf 89' lang='lat' dir='ltr'><strong>inter</strong></span> <span class='ocrx_word' id='word_1_512' title='bbox 2046 4939 2170 4993; x_wconf 78' lang='lat' dir='ltr'><strong>gen-</strong></span> 
     </span>
    </p>
   </div>
   <div class='ocr_carea' id='block_1_70' title="bbox 623 4987 1120 5055">
    <p class='ocr_par' dir='ltr' id='par_1_70' title="bbox 623 4987 1120 5055">
     <span class='ocr_line' id='line_1_70' title="bbox 623 4987 1120 5055; baseline 0.012 -17"><span class='ocrx_word' id='word_1_513' title='bbox 623 4997 698 5039; x_wconf 86' lang='lat' dir='ltr'><strong>tcs</strong></span> <span class='ocrx_word' id='word_1_514' title='bbox 730 4987 962 5055; x_wconf 86' lang='lat' dir='ltr'><strong>dispersi</strong></span> <span class='ocrx_word' id='word_1_515' title='bbox 992 4993 1120 5046; x_wconf 88' lang='lat' dir='ltr'><strong>sint.</strong></span> 
     </span>
    </p>
   </div>
   <div class='ocr_carea' id='block_1_71' title="bbox 689 5075 2166 5171">
    <p class='ocr_par' dir='ltr' id='par_1_71' title="bbox 689 5075 2166 5171">
     <span class='ocr_line' id='line_1_71' title="bbox 689 5075 2166 5171; baseline 0.02 -43"><span class='ocrx_word' id='word_1_516' title='bbox 689 5075 850 5131; x_wconf 72' lang='lat' dir='ltr'><strong>Vens.</strong></span> <span class='ocrx_word' id='word_1_517' title='bbox 898 5077 952 5132; x_wconf 74' lang='grc'>4.</span> <span class='ocrx_word' id='word_1_518' title='bbox 1014 5080 1208 5136; x_wconf 68' lang='lat' dir='ltr'><strong>«Nunc</strong></span> <span class='ocrx_word' id='word_1_519' title='bbox 1253 5095 1430 5141; x_wconf 83' lang='lat' dir='ltr'><strong>autem</strong></span> <span class='ocrx_word' id='word_1_520' title='bbox 1484 5095 1950 5162; x_wconf 70' lang='lat' dir='ltr'><strong>congregabuntur</strong></span> <span class='ocrx_word' id='word_1_521' title='bbox 1998 5101 2166 5171; x_wconf 87' lang='lat' dir='ltr'><strong>spolia</strong></span> 
     </span>
    </p>
   </div>
   <div class='ocr_carea' id='block_1_72' title="bbox 614 5171 2166 5262">
    <p class='ocr_par' dir='ltr' id='par_1_72' title="bbox 614 5171 2166 5262">
     <span class='ocr_line' id='line_1_72' title="bbox 614 5171 2166 5262; baseline 0.021 -47"><span class='ocrx_word' id='word_1_522' title='bbox 614 5174 813 5233; x_wconf 78' lang='lat' dir='ltr'><strong>vestra,</strong></span> <span class='ocrx_word' id='word_1_523' title='bbox 843 5171 990 5236; x_wconf 82' lang='lat' dir='ltr'><strong>parvi</strong></span> <span class='ocrx_word' id='word_1_524' title='bbox 1028 5182 1082 5226; x_wconf 91' lang='lat' dir='ltr'><strong>et</strong></span> <span class='ocrx_word' id='word_1_525' title='bbox 1125 5176 1331 5256; x_wconf 80' lang='lat' dir='ltr'><strong>magni,</strong></span> <span class='ocrx_word' id='word_1_526' title='bbox 1363 5187 1616 5248; x_wconf 85' lang='lat' dir='ltr'><strong>tauquam</strong></span> <span class='ocrx_word' id='word_1_527' title='bbox 1645 5183 1691 5238; x_wconf 90' lang='lat' dir='ltr'><strong>si</strong></span> <span class='ocrx_word' id='word_1_528' title='bbox 1725 5186 1845 5252; x_wconf 88' lang='lat' dir='ltr'><strong>quis</strong></span> <span class='ocrx_word' id='word_1_529' title='bbox 1878 5201 2166 5262; x_wconf 75' lang='lat' dir='ltr'><strong>congreget</strong></span> 
     </span>
    </p>
   </div>
   <div class='ocr_carea' id='block_1_73' title="bbox 613 5254 2162 5344">
    <p class='ocr_par' dir='ltr' id='par_1_73' title="bbox 613 5254 2162 5344">
     <span class='ocr_line' id='line_1_73' title="bbox 613 5254 2162 5344; baseline 0.021 -36"><span class='ocrx_word' id='word_1_530' title='bbox 613 5254 870 5322; x_wconf 87' lang='lat' dir='ltr'><strong>locustas,</strong></span> <span class='ocrx_word' id='word_1_531' title='bbox 897 5261 976 5316; x_wconf 88' lang='lat' dir='ltr'><strong>sic</strong></span> <span class='ocrx_word' id='word_1_532' title='bbox 1000 5263 1228 5319; x_wconf 88' lang='lat' dir='ltr'><strong>illudent</strong></span> <span class='ocrx_word' id='word_1_533' title='bbox 1251 5254 1420 5324; x_wconf 83' lang='lat' dir='ltr'><strong>vobis.</strong></span> <span class='ocrx_word' id='word_1_534' title='bbox 1443 5289 1463 5322; x_wconf 75' lang='grc' dir='ltr'><strong>ι</strong></span> <span class='ocrx_word' id='word_1_535' title='bbox 1491 5269 1586 5327; x_wconf 82' lang='lat' dir='ltr'><strong>His</strong></span> <span class='ocrx_word' id='word_1_536' title='bbox 1619 5290 1778 5344; x_wconf 84' lang='lat' dir='ltr'><strong>quam</strong></span> <span class='ocrx_word' id='word_1_537' title='bbox 1806 5254 2162 5340; x_wconf 39' lang='lat' dir='ltr'><strong>invalidusvet</strong></span> 
     </span>
    </p>
   </div>
   <div class='ocr_carea' id='block_1_74' title="bbox 611 5355 2163 5435">
    <p class='ocr_par' dir='ltr' id='par_1_74' title="bbox 611 5355 2163 5435">
     <span class='ocr_line' id='line_1_74' title="bbox 611 5355 2163 5435; baseline 0.021 -38"><span class='ocrx_word' id='word_1_538' title='bbox 611 5360 771 5414; x_wconf 88' lang='lat' dir='ltr'><strong>quam</strong></span> <span class='ocrx_word' id='word_1_539' title='bbox 801 5364 1107 5422; x_wconf 74' lang='lat' dir='ltr'><strong>expugnato</strong></span> <span class='ocrx_word' id='word_1_540' title='bbox 1135 5355 1309 5414; x_wconf 78' lang='lat' dir='ltr'><strong>facilis</strong></span> <span class='ocrx_word' id='word_1_541' title='bbox 1335 5359 1589 5419; x_wconf 87' lang='lat' dir='ltr'><strong>Judaicus</strong></span> <span class='ocrx_word' id='word_1_542' title='bbox 1619 5369 1840 5435; x_wconf 87' lang='lat' dir='ltr'><strong>populus</strong></span> <span class='ocrx_word' id='word_1_543' title='bbox 1884 5383 2027 5428; x_wconf 80' lang='lat' dir='ltr'><strong>esset</strong></span> <span class='ocrx_word' id='word_1_544' title='bbox 2067 5375 2163 5430; x_wconf 85' lang='lat' dir='ltr'><strong>de-</strong></span> 
     </span>
    </p>
   </div>
   <div class='ocr_carea' id='block_1_75' title="bbox 610 5436 2158 5534">
    <p class='ocr_par' dir='ltr' id='par_1_75' title="bbox 610 5436 2158 5534">
     <span class='ocr_line' id='line_1_75' title="bbox 610 5436 2158 5534; baseline 0.022 -46"><span class='ocrx_word' id='word_1_545' title='bbox 610 5436 781 5491; x_wconf 77' lang='lat' dir='ltr'><strong>clarat</strong></span> <span class='ocrx_word' id='word_1_546' title='bbox 807 5454 820 5491; x_wconf 93' lang='lat'>:</span> <span class='ocrx_word' id='word_1_547' title='bbox 852 5455 914 5495; x_wconf 88' lang='lat' dir='ltr'><strong>ac</strong></span> <span class='ocrx_word' id='word_1_548' title='bbox 939 5444 1330 5504; x_wconf 86' lang='lat' dir='ltr'><strong>multitudinem</strong></span> <span class='ocrx_word' id='word_1_549' title='bbox 1355 5466 1542 5508; x_wconf 87' lang='lat' dir='ltr'><strong>eorum</strong></span> <span class='ocrx_word' id='word_1_550' title='bbox 1574 5455 1796 5515; x_wconf 90' lang='lat' dir='ltr'><strong>locustis</strong></span> <span class='ocrx_word' id='word_1_551' title='bbox 1817 5477 2158 5534; x_wconf 87' lang='lat' dir='ltr'><strong>comparans,</strong></span> 
     </span>
    </p>
   </div>
   <div class='ocr_carea' id='block_1_76' title="bbox 2187 3066 2751 3161">
    <p class='ocr_par' dir='ltr' id='par_1_76' title="bbox 2187 3066 2751 3161">
     <span class='ocr_line' id='line_1_76' title="bbox 2187 3066 2751 3161; baseline 0.004 -43"><span class='ocrx_word' id='word_1_552' title='bbox 2187 3066 2274 3161; x_wconf 56' lang='lat' dir='ltr'><strong>&#39;lc</strong></span> <span class='ocrx_word' id='word_1_553' title='bbox 2308 3066 2497 3137; x_wconf 83' lang='grc' dir='ltr'>θηταῖς</span> <span class='ocrx_word' id='word_1_554' title='bbox 2538 3066 2751 3136; x_wconf 78' lang='grc' dir='ltr'>ἔλεγεν·</span> 
     </span>
    </p>
   </div>
   <div class='ocr_carea' id='block_1_77' title="bbox 2329 1806 3891 1879">
    <p class='ocr_par' dir='ltr' id='par_1_77' title="bbox 2329 1806 3891 1879">
     <span class='ocr_line' id='line_1_77' title="bbox 2329 1806 3891 1879; baseline 0.004 -22"><span class='ocrx_word' id='word_1_555' title='bbox 2329 1810 2501 1877; x_wconf 74' lang='grc' dir='ltr'>τομῆς</span> <span class='ocrx_word' id='word_1_556' title='bbox 2527 1806 2651 1870; x_wconf 78' lang='grc' dir='ltr'>λαὸς</span> <span class='ocrx_word' id='word_1_557' title='bbox 2685 1807 3024 1878; x_wconf 83' lang='grc' dir='ltr'>ὠνόμοσται·</span> <span class='ocrx_word' id='word_1_558' title='bbox 3060 1807 3180 1870; x_wconf 82' lang='grc' dir='ltr'>δνος</span> <span class='ocrx_word' id='word_1_559' title='bbox 3210 1806 3285 1871; x_wconf 65' lang='grc' dir='ltr'>δὲ,</span> <span class='ocrx_word' id='word_1_560' title='bbox 3327 1807 3525 1861; x_wconf 81' lang='grc' dir='ltr'>ὡσανεὶ</span> <span class='ocrx_word' id='word_1_561' title='bbox 3553 1807 3891 1879; x_wconf 85' lang='grc' dir='ltr'>ἀκάθαρτος,</span> 
     </span>
    </p>
   </div>
   <div class='ocr_carea' id='block_1_78' title="bbox 2328 1895 3893 1967">
    <p class='ocr_par' dir='ltr' id='par_1_78' title="bbox 2328 1895 3893 1967">
     <span class='ocr_line' id='line_1_78' title="bbox 2328 1895 3893 1967; baseline 0.003 -20"><span class='ocrx_word' id='word_1_562' title='bbox 2328 1896 2357 1947; x_wconf 98' lang='lat'><strong>6</strong></span> <span class='ocrx_word' id='word_1_563' title='bbox 2382 1898 2444 1948; x_wconf 70' lang='lat' dir='ltr'><strong>ix</strong></span> <span class='ocrx_word' id='word_1_564' title='bbox 2473 1897 2720 1966; x_wconf 76' lang='grc' dir='ltr'>πατέριον</span> <span class='ocrx_word' id='word_1_565' title='bbox 2749 1895 3145 1967; x_wconf 79' lang='grc' dir='ltr'>είδωλολατρῶν</span> <span class='ocrx_word' id='word_1_566' title='bbox 3175 1896 3322 1961; x_wconf 91' lang='grc' dir='ltr'>λαός.</span> <span class='ocrx_word' id='word_1_567' title='bbox 3365 1897 3518 1950; x_wconf 75' lang='grc' dir='ltr'>Ἐπεὶ</span> <span class='ocrx_word' id='word_1_568' title='bbox 3544 1898 3720 1952; x_wconf 80' lang='grc' dir='ltr'>τοίνυν</span> <span class='ocrx_word' id='word_1_569' title='bbox 3758 1899 3893 1952; x_wconf 87' lang='grc' dir='ltr'>Ἰου-</span> 
     </span>
    </p>
   </div>
   <div class='ocr_carea' id='block_1_79' title="bbox 2327 1985 3894 2058">
    <p class='ocr_par' dir='ltr' id='par_1_79' title="bbox 2327 1985 3894 2058">
     <span class='ocr_line' id='line_1_79' title="bbox 2327 1985 3894 2058; baseline 0.003 -20"><span class='ocrx_word' id='word_1_570' title='bbox 2327 1985 2493 2050; x_wconf 89' lang='grc' dir='ltr'>δαίοις</span> <span class='ocrx_word' id='word_1_571' title='bbox 2512 1987 2762 2057; x_wconf 82' lang='grc' dir='ltr'>πρώτως,</span> <span class='ocrx_word' id='word_1_572' title='bbox 2793 1986 2983 2040; x_wconf 77' lang='grc' dir='ltr'>ἔπειτα</span> <span class='ocrx_word' id='word_1_573' title='bbox 2999 1985 3222 2058; x_wconf 84' lang='grc' dir='ltr'>Ἕλλησι</span> <span class='ocrx_word' id='word_1_574' title='bbox 3260 1987 3351 2041; x_wconf 80' lang='grc' dir='ltr'>τὸν</span> <span class='ocrx_word' id='word_1_575' title='bbox 3382 1988 3731 2056; x_wconf 74' lang='grc' dir='ltr'>εὐαγγελικὺν</span> <span class='ocrx_word' id='word_1_576' title='bbox 3756 2007 3894 2044; x_wconf 82' lang='grc' dir='ltr'>κατ-</span> 
     </span>
    </p>
   </div>
   <div class='ocr_carea' id='block_1_80' title="bbox 2325 2077 3890 2150">
    <p class='ocr_par' dir='ltr' id='par_1_80' title="bbox 2325 2077 3890 2150">
     <span class='ocr_line' id='line_1_80' title="bbox 2325 2077 3890 2150; baseline 0.003 -20"><span class='ocrx_word' id='word_1_577' title='bbox 2325 2077 2607 2132; x_wconf 78' lang='grc' dir='ltr'>εσάλλοντο</span> <span class='ocrx_word' id='word_1_578' title='bbox 2663 2080 2863 2150; x_wconf 81' lang='grc' dir='ltr'>σπόρον</span> <span class='ocrx_word' id='word_1_579' title='bbox 2894 2081 2944 2132; x_wconf 75' lang='grc' dir='ltr'>οἱ</span> <span class='ocrx_word' id='word_1_580' title='bbox 2971 2079 3066 2132; x_wconf 89' lang='grc' dir='ltr'><strong>τοῦ</strong></span> <span class='ocrx_word' id='word_1_581' title='bbox 3095 2079 3348 2150; x_wconf 78' lang='grc' dir='ltr'>Σωτῆρος</span> <span class='ocrx_word' id='word_1_582' title='bbox 3385 2079 3543 2150; x_wconf 79' lang='grc' dir='ltr'>ἡμῶν</span> <span class='ocrx_word' id='word_1_583' title='bbox 3579 2078 3890 2147; x_wconf 87' lang='grc' dir='ltr'>ἀπόστολοι,</span> 
     </span>
    </p>
   </div>
   <div class='ocr_carea' id='block_1_81' title="bbox 2323 2169 3891 2242">
    <p class='ocr_par' dir='ltr' id='par_1_81' title="bbox 2323 2169 3891 2242">
     <span class='ocr_line' id='line_1_81' title="bbox 2323 2169 3891 2242; baseline 0.003 -22"><span class='ocrx_word' id='word_1_584' title='bbox 2323 2169 2545 2232; x_wconf 79' lang='grc' dir='ltr'><strong>εἰκότως</strong></span> <span class='ocrx_word' id='word_1_585' title='bbox 2593 2170 2837 2241; x_wconf 76' lang='grc' dir='ltr'>εῖρηταιο</span> <span class='ocrx_word' id='word_1_586' title='bbox 2893 2189 2912 2222; x_wconf 85' lang='grc' dir='ltr'><strong>ι</strong></span> <span class='ocrx_word' id='word_1_587' title='bbox 2941 2171 3223 2241; x_wconf 78' lang='grc' dir='ltr'>Μακάριος</span> <span class='ocrx_word' id='word_1_588' title='bbox 3271 2171 3301 2224; x_wconf 89' lang='lat'><strong>6</strong></span> <span class='ocrx_word' id='word_1_589' title='bbox 3347 2169 3585 2242; x_wconf 83' lang='grc' dir='ltr'>σπείρων</span> <span class='ocrx_word' id='word_1_590' title='bbox 3636 2171 3730 2224; x_wconf 67' lang='grc' dir='ltr'><strong>ἐπὶ</strong></span> <span class='ocrx_word' id='word_1_591' title='bbox 3775 2173 3891 2225; x_wconf 70' lang='grc' dir='ltr'>πᾶν</span> 
     </span>
    </p>
   </div>
   <div class='ocr_carea' id='block_1_82' title="bbox 2323 2254 3886 2334">
    <p class='ocr_par' dir='ltr' id='par_1_82' title="bbox 2323 2254 3886 2334">
     <span class='ocr_line' id='line_1_82' title="bbox 2323 2254 3886 2334; baseline 0.003 -22"><span class='ocrx_word' id='word_1_592' title='bbox 2323 2258 2483 2330; x_wconf 76' lang='grc' dir='ltr'>ὕδωρ,</span> <span class='ocrx_word' id='word_1_593' title='bbox 2521 2254 2582 2314; x_wconf 76' lang='grc' dir='ltr'><strong>οὗ</strong></span> <span class='ocrx_word' id='word_1_594' title='bbox 2625 2260 2752 2331; x_wconf 87' lang='grc' dir='ltr'>βοῦς</span> <span class='ocrx_word' id='word_1_595' title='bbox 2782 2262 2876 2314; x_wconf 79' lang='grc' dir='ltr'>καὶ</span> <span class='ocrx_word' id='word_1_596' title='bbox 2917 2261 3036 2325; x_wconf 75' lang='grc' dir='ltr'>ὄνος</span> <span class='ocrx_word' id='word_1_597' title='bbox 3071 2263 3249 2315; x_wconf 88' lang='grc' dir='ltr'>πατεῖ.</span> <span class='ocrx_word' id='word_1_598' title='bbox 3278 2281 3296 2313; x_wconf 74' lang='grc' dir='ltr'><strong>ι</strong></span> <span class='ocrx_word' id='word_1_599' title='bbox 3331 2262 3515 2334; x_wconf 74' lang='grc' dir='ltr'>’Υδωρ</span> <span class='ocrx_word' id='word_1_600' title='bbox 3546 2262 3604 2316; x_wconf 72' lang='grc' dir='ltr'>δὶ</span> <span class='ocrx_word' id='word_1_601' title='bbox 3646 2261 3886 2318; x_wconf 66' lang='grc' dir='ltr'>ενταῦθα</span> 
     </span>
    </p>
   </div>
   <div class='ocr_carea' id='block_1_83' title="bbox 2319 2346 3888 2421">
    <p class='ocr_par' dir='ltr' id='par_1_83' title="bbox 2319 2346 3888 2421">
     <span class='ocr_line' id='line_1_83' title="bbox 2319 2346 3888 2421; baseline 0.006 -23"><span class='ocrx_word' id='word_1_602' title='bbox 2319 2346 2534 2416; x_wconf 71' lang='grc' dir='ltr'>ᾐνίξατο</span> <span class='ocrx_word' id='word_1_603' title='bbox 2562 2348 2660 2420; x_wconf 75' lang='grc' dir='ltr'>τὴν</span> <span class='ocrx_word' id='word_1_604' title='bbox 2687 2348 3038 2403; x_wconf 88' lang='grc' dir='ltr'>θεόπνευστον</span> <span class='ocrx_word' id='word_1_605' title='bbox 3067 2350 3308 2421; x_wconf 80' lang='grc' dir='ltr'>Γραφὴν,</span> <span class='ocrx_word' id='word_1_606' title='bbox 3352 2351 3459 2405; x_wconf 78' lang='grc' dir='ltr'><strong>ὑπὸ</strong></span> <span class='ocrx_word' id='word_1_607' title='bbox 3495 2351 3763 2406; x_wconf 80' lang='grc' dir='ltr'>Ἰουδαίων</span> <span class='ocrx_word' id='word_1_608' title='bbox 3788 2351 3888 2407; x_wconf 75' lang='grc' dir='ltr'>καὶ</span> 
     </span>
    </p>
   </div>
   <div class='ocr_carea' id='block_1_84' title="bbox 2317 2436 3281 2510">
    <p class='ocr_par' dir='ltr' id='par_1_84' title="bbox 2317 2436 3281 2510">
     <span class='ocr_line' id='line_1_84' title="bbox 2317 2436 3281 2510; baseline 0.004 -20"><span class='ocrx_word' id='word_1_609' title='bbox 2317 2436 2411 2490; x_wconf 88' lang='grc' dir='ltr'><strong>τοῦ</strong></span> <span class='ocrx_word' id='word_1_610' title='bbox 2436 2437 2496 2504; x_wconf 75' lang='grc' dir='ltr'>ιξ</span> <span class='ocrx_word' id='word_1_611' title='bbox 2521 2437 2689 2493; x_wconf 67' lang='grc' dir='ltr'>ἐθνῶν</span> <span class='ocrx_word' id='word_1_612' title='bbox 2717 2439 2844 2493; x_wconf 88' lang='grc' dir='ltr'>λαοῦ</span> <span class='ocrx_word' id='word_1_613' title='bbox 2876 2442 3237 2510; x_wconf 82' lang='grc' dir='ltr'>πατουμένην.</span> <span class='ocrx_word' id='word_1_614' title='bbox 3271 2489 3281 2500; x_wconf 94' lang='grc'><strong>,</strong></span> 
     </span>
    </p>
   </div>
   <div class='ocr_carea' id='block_1_85' title="bbox 2823 2531 3393 2587">
    <p class='ocr_par' dir='ltr' id='par_1_85' title="bbox 2823 2531 3393 2587">
     <span class='ocr_line' id='line_1_85' title="bbox 2823 2531 3393 2587; baseline 0.004 -2"><span class='ocrx_word' id='word_1_615' title='bbox 2823 2531 3216 2586; x_wconf 70' lang='grc' dir='ltr'><strong>ΚΕΦᾹΛΔῙΟΝ</strong></span> <span class='ocrx_word' id='word_1_616' title='bbox 3253 2531 3393 2587; x_wconf 77' lang='lat' dir='ltr'><strong>AP.’</strong></span> 
     </span>
    </p>
   </div>
   <div class='ocr_carea' id='block_1_86' title="bbox 2389 2620 3880 2695">
    <p class='ocr_par' dir='ltr' id='par_1_86' title="bbox 2389 2620 3880 2695">
     <span class='ocr_line' id='line_1_86' title="bbox 2389 2620 3880 2695; baseline 0.004 -23"><span class='ocrx_word' id='word_1_617' title='bbox 2389 2638 2410 2672; x_wconf 80' lang='grc' dir='ltr'><strong>ι</strong></span> <span class='ocrx_word' id='word_1_618' title='bbox 2435 2621 2572 2675; x_wconf 69' lang='grc' dir='ltr'><strong>θύα)⁵</strong></span> <span class='ocrx_word' id='word_1_619' title='bbox 2599 2624 2712 2685; x_wconf 86' lang='grc' dir='ltr'>τοῖς</span> <span class='ocrx_word' id='word_1_620' title='bbox 2745 2620 3179 2693; x_wconf 70' lang='grc' dir='ltr'>ταλαιπωροῦσιν</span> <span class='ocrx_word' id='word_1_621' title='bbox 3207 2623 3349 2693; x_wconf 76' lang='grc' dir='ltr'>ὑμᾶς</span> <span class='ocrx_word' id='word_1_622' title='bbox 3370 2662 3386 2685; x_wconf 91' lang='grc'><strong>,</strong></span> <span class='ocrx_word' id='word_1_623' title='bbox 3429 2623 3573 2695; x_wconf 65' lang='grc' dir='ltr'>ὑμᾶς</span> <span class='ocrx_word' id='word_1_624' title='bbox 3617 2621 3675 2677; x_wconf 71' lang='grc' dir='ltr'>δὶ</span> <span class='ocrx_word' id='word_1_625' title='bbox 3706 2622 3880 2691; x_wconf 67' lang='grc' dir='ltr'>οὐδεὶς</span> 
     </span>
    </p>
   </div>
   <div class='ocr_carea' id='block_1_87' title="bbox 2313 2709 3874 2781">
    <p class='ocr_par' dir='ltr' id='par_1_87' title="bbox 2313 2709 3874 2781">
     <span class='ocr_line' id='line_1_87' title="bbox 2313 2709 3874 2781; baseline 0.003 -19"><span class='ocrx_word' id='word_1_626' title='bbox 2313 2711 2455 2762; x_wconf 84' lang='grc' dir='ltr'>ποιεῖ</span> <span class='ocrx_word' id='word_1_627' title='bbox 2484 2709 2885 2779; x_wconf 50' lang='grc' dir='ltr'>ταλαιπώρους</span> <span class='ocrx_word' id='word_1_628' title='bbox 2933 2709 3026 2763; x_wconf 81' lang='grc' dir='ltr'>καὶ</span> <span class='ocrx_word' id='word_1_629' title='bbox 3062 2712 3090 2764; x_wconf 89' lang='lat'><strong>6</strong></span> <span class='ocrx_word' id='word_1_630' title='bbox 3117 2710 3325 2764; x_wconf 83' lang='grc' dir='ltr'>ἀθετῶν</span> <span class='ocrx_word' id='word_1_631' title='bbox 3357 2711 3502 2781; x_wconf 74' lang='grc' dir='ltr'>ὑμᾶς</span> <span class='ocrx_word' id='word_1_632' title='bbox 3535 2711 3635 2764; x_wconf 80' lang='grc' dir='ltr'>οὐκ</span> <span class='ocrx_word' id='word_1_633' title='bbox 3661 2710 3874 2766; x_wconf 81' lang='grc' dir='ltr'>ἀθετεῖ·</span> 
     </span>
    </p>
   </div>
   <div class='ocr_carea' id='block_1_88' title="bbox 2312 2798 3879 2874">
    <p class='ocr_par' dir='ltr' id='par_1_88' title="bbox 2312 2798 3879 2874">
     <span class='ocr_line' id='line_1_88' title="bbox 2312 2798 3879 2874; baseline 0.003 -21"><span class='ocrx_word' id='word_1_634' title='bbox 2312 2798 2611 2853; x_wconf 78' lang='grc' dir='ltr'>ἁλώσονται</span> <span class='ocrx_word' id='word_1_635' title='bbox 2643 2800 2691 2852; x_wconf 78' lang='grc' dir='ltr'>οἱ</span> <span class='ocrx_word' id='word_1_636' title='bbox 2741 2799 3056 2864; x_wconf 86' lang='grc' dir='ltr'>ἀθετοῦντες</span> <span class='ocrx_word' id='word_1_637' title='bbox 3107 2802 3198 2854; x_wconf 82' lang='grc' dir='ltr'>καὶ</span> <span class='ocrx_word' id='word_1_638' title='bbox 3248 2802 3732 2874; x_wconf 74' lang='grc' dir='ltr'>παραδοθήσονται,</span> <span class='ocrx_word' id='word_1_639' title='bbox 3781 2806 3879 2859; x_wconf 66' lang='grc' dir='ltr'>καὶ</span> 
     </span>
    </p>
   </div>
   <div class='ocr_carea' id='block_1_89' title="bbox 2307 2887 3877 2964">
    <p class='ocr_par' dir='ltr' id='par_1_89' title="bbox 2307 2887 3877 2964">
     <span class='ocr_line' id='line_1_89' title="bbox 2307 2887 3877 2964; baseline 0.008 -26"><span class='ocrx_word' id='word_1_640' title='bbox 2307 2887 2384 2951; x_wconf 85' lang='grc' dir='ltr'><strong>ὡς</strong></span> <span class='ocrx_word' id='word_1_641' title='bbox 2421 2887 2518 2959; x_wconf 76' lang='grc' dir='ltr'>σὴς</span> <span class='ocrx_word' id='word_1_642' title='bbox 2560 2889 2646 2956; x_wconf 75' lang='grc' dir='ltr'><strong>ἐφ’</strong></span> <span class='ocrx_word' id='word_1_643' title='bbox 2673 2890 2909 2960; x_wconf 78' lang='grc' dir='ltr'>ἱματίου,</span> <span class='ocrx_word' id='word_1_644' title='bbox 2948 2889 3117 2956; x_wconf 76' lang='grc' dir='ltr'>οὕτως</span> <span class='ocrx_word' id='word_1_645' title='bbox 3148 2893 3554 2964; x_wconf 75' lang='grc' dir='ltr'>ἡττηθήσονται.</span> <span class='ocrx_word' id='word_1_646' title='bbox 3583 2913 3603 2946; x_wconf 74' lang='grc' dir='ltr'>ι</span> <span class='ocrx_word' id='word_1_647' title='bbox 3653 2893 3877 2963; x_wconf 80' lang='grc' dir='ltr'>Τούτοις</span> 
     </span>
    </p>
   </div>
   <div class='ocr_carea' id='block_1_90' title="bbox 2302 2972 3878 3056">
    <p class='ocr_par' dir='ltr' id='par_1_90' title="bbox 2302 2972 3878 3056">
     <span class='ocr_line' id='line_1_90' title="bbox 2302 2972 3878 3056; baseline 0.007 -28"><span class='ocrx_word' id='word_1_648' title='bbox 2302 2976 2511 3044; x_wconf 84' lang='grc' dir='ltr'>ἀδελφά</span> <span class='ocrx_word' id='word_1_649' title='bbox 2537 2978 2791 3047; x_wconf 82' lang='grc' dir='ltr'>τυγχάνει</span> <span class='ocrx_word' id='word_1_650' title='bbox 2818 2977 2887 3032; x_wconf 88' lang='grc' dir='ltr'><strong>τά</strong></span> <span class='ocrx_word' id='word_1_651' title='bbox 2917 2979 2983 3031; x_wconf 90' lang='grc' dir='ltr'><strong>δι’</strong></span> <span class='ocrx_word' id='word_1_652' title='bbox 3008 2972 3084 3032; x_wconf 80' lang='grc' dir='ltr'>ὧν</span> <span class='ocrx_word' id='word_1_653' title='bbox 3118 2983 3147 3032; x_wconf 93' lang='lat'><strong>6</strong></span> <span class='ocrx_word' id='word_1_654' title='bbox 3173 2980 3360 3052; x_wconf 81' lang='grc' dir='ltr'>Σωτὴρ</span> <span class='ocrx_word' id='word_1_655' title='bbox 3391 2984 3503 3047; x_wconf 89' lang='grc' dir='ltr'>τοῖς</span> <span class='ocrx_word' id='word_1_656' title='bbox 3542 2983 3735 3039; x_wconf 69' lang='grc' dir='ltr'>ἑαυτοῦ</span> <span class='ocrx_word' id='word_1_657' title='bbox 3769 3003 3878 3056; x_wconf 86' lang='grc' dir='ltr'>μα-</span> 
     </span>
    </p>
   </div>
   <div class='ocr_carea' id='block_1_91' title="bbox 2794 3069 3876 3144">
    <p class='ocr_par' dir='ltr' id='par_1_91' title="bbox 2794 3069 3876 3144">
     <span class='ocr_line' id='line_1_91' title="bbox 2794 3069 3876 3144; baseline 0.009 -24"><span class='ocrx_word' id='word_1_658' title='bbox 2794 3088 2812 3120; x_wconf 74' lang='grc' dir='ltr'><strong>ι</strong></span> <span class='ocrx_word' id='word_1_659' title='bbox 2849 3069 2906 3123; x_wconf 89' lang='grc' dir='ltr'>Ὀ</span> <span class='ocrx_word' id='word_1_660' title='bbox 2935 3069 3078 3139; x_wconf 78' lang='grc' dir='ltr'>ὑμᾶς</span> <span class='ocrx_word' id='word_1_661' title='bbox 3104 3069 3310 3126; x_wconf 86' lang='grc' dir='ltr'>ἀθετῶν</span> <span class='ocrx_word' id='word_1_662' title='bbox 3351 3073 3452 3144; x_wconf 64' lang='grc' dir='ltr'><strong>ἐμὲ</strong></span> <span class='ocrx_word' id='word_1_663' title='bbox 3494 3071 3696 3141; x_wconf 82' lang='grc' dir='ltr'>ἀθετεῖ,</span> <span class='ocrx_word' id='word_1_664' title='bbox 3719 3095 3738 3126; x_wconf 71' lang='grc' dir='ltr'><strong>ι</strong></span> <span class='ocrx_word' id='word_1_665' title='bbox 3777 3077 3876 3130; x_wconf 79' lang='grc' dir='ltr'>καὶ</span> 
     </span>
    </p>
   </div>
   <div class='ocr_carea' id='block_1_92' title="bbox 2303 3157 3876 3232">
    <p class='ocr_par' dir='ltr' id='par_1_92' title="bbox 2303 3157 3876 3232">
     <span class='ocr_line' id='line_1_92' title="bbox 2303 3157 3876 3232; baseline 0.009 -23"><span class='ocrx_word' id='word_1_666' title='bbox 2303 3157 2403 3210; x_wconf 82' lang='grc' dir='ltr'>οὐκ</span> <span class='ocrx_word' id='word_1_667' title='bbox 2452 3158 2719 3212; x_wconf 82' lang='grc' dir='ltr'>ἀδικεῖσθε</span> <span class='ocrx_word' id='word_1_668' title='bbox 2771 3159 2956 3230; x_wconf 86' lang='grc' dir='ltr'>ὑμεῖς,</span> <span class='ocrx_word' id='word_1_669' title='bbox 2992 3160 3114 3223; x_wconf 81' lang='grc' dir='ltr'>καὶ,</span> <span class='ocrx_word' id='word_1_670' title='bbox 3149 3179 3169 3213; x_wconf 82' lang='grc' dir='ltr'><strong>ι</strong></span> <span class='ocrx_word' id='word_1_671' title='bbox 3201 3161 3261 3216; x_wconf 86' lang='lat'><strong>&#39;0</strong></span> <span class='ocrx_word' id='word_1_672' title='bbox 3290 3164 3392 3232; x_wconf 62' lang='grc' dir='ltr'><strong>ἐμὲ</strong></span> <span class='ocrx_word' id='word_1_673' title='bbox 3433 3165 3641 3220; x_wconf 84' lang='grc' dir='ltr'>ἀθετῶν</span> <span class='ocrx_word' id='word_1_674' title='bbox 3685 3167 3876 3228; x_wconf 82' lang='grc' dir='ltr'>ἀθετεῖ</span> 
     </span>
    </p>
   </div>
   <div class='ocr_carea' id='block_1_93' title="bbox 2301 3245 3871 3328">
    <p class='ocr_par' dir='ltr' id='par_1_93' title="bbox 2301 3245 3871 3328">
     <span class='ocr_line' id='line_1_93' title="bbox 2301 3245 3871 3328; baseline 0.01 -30"><span class='ocrx_word' id='word_1_675' title='bbox 2301 3245 2394 3298; x_wconf 80' lang='grc' dir='ltr'><strong>τὸν</strong></span> <span class='ocrx_word' id='word_1_676' title='bbox 2439 3249 2828 3302; x_wconf 87' lang='grc' dir='ltr'>ἀποστείλαντά</span> <span class='ocrx_word' id='word_1_677' title='bbox 2867 3265 2955 3320; x_wconf 87' lang='grc' dir='ltr'><strong>με.</strong></span> <span class='ocrx_word' id='word_1_678' title='bbox 2977 3267 2996 3302; x_wconf 70' lang='grc' dir='ltr'><strong>ι</strong></span> <span class='ocrx_word' id='word_1_679' title='bbox 3035 3251 3137 3304; x_wconf 90' lang='grc' dir='ltr'>Δύο</span> <span class='ocrx_word' id='word_1_680' title='bbox 3188 3253 3296 3325; x_wconf 88' lang='grc' dir='ltr'><strong>γάρ</strong></span> <span class='ocrx_word' id='word_1_681' title='bbox 3335 3255 3503 3310; x_wconf 76' lang='grc' dir='ltr'>ὄντων</span> <span class='ocrx_word' id='word_1_682' title='bbox 3546 3259 3871 3328; x_wconf 85' lang='grc' dir='ltr'>ταγμάτων,</span> 
     </span>
    </p>
   </div>
   <div class='ocr_carea' id='block_1_94' title="bbox 2301 3337 3870 3421">
    <p class='ocr_par' dir='ltr' id='par_1_94' title="bbox 2301 3337 3870 3421">
     <span class='ocr_line' id='line_1_94' title="bbox 2301 3337 3870 3421; baseline 0.011 -33"><span class='ocrx_word' id='word_1_683' title='bbox 2301 3337 2376 3401; x_wconf 84' lang='grc' dir='ltr'>ὡς</span> <span class='ocrx_word' id='word_1_684' title='bbox 2418 3339 2482 3391; x_wconf 84' lang='grc' dir='ltr'>ἂν</span> <span class='ocrx_word' id='word_1_685' title='bbox 2526 3339 2668 3392; x_wconf 76' lang='grc' dir='ltr'>εἴποι</span> <span class='ocrx_word' id='word_1_686' title='bbox 2692 3357 2808 3406; x_wconf 87' lang='grc' dir='ltr'>τις,</span> <span class='ocrx_word' id='word_1_687' title='bbox 2850 3341 2990 3394; x_wconf 88' lang='grc' dir='ltr'><strong>κατά</strong></span> <span class='ocrx_word' id='word_1_688' title='bbox 3027 3345 3154 3408; x_wconf 83' lang='grc' dir='ltr'>τοὺς</span> <span class='ocrx_word' id='word_1_689' title='bbox 3181 3348 3404 3418; x_wconf 81' lang='grc' dir='ltr'>καιροὺς</span> <span class='ocrx_word' id='word_1_690' title='bbox 3451 3349 3559 3402; x_wconf 90' lang='grc' dir='ltr'><strong>τῶν</strong></span> <span class='ocrx_word' id='word_1_691' title='bbox 3586 3349 3870 3421; x_wconf 83' lang='grc' dir='ltr'>διωγμῶν,</span> 
     </span>
    </p>
   </div>
   <div class='ocr_carea' id='block_1_95' title="bbox 2297 3425 3870 3509">
    <p class='ocr_par' dir='ltr' id='par_1_95' title="bbox 2297 3425 3870 3509">
     <span class='ocr_line' id='line_1_95' title="bbox 2297 3425 3870 3509; baseline 0.012 -33"><span class='ocrx_word' id='word_1_692' title='bbox 2297 3425 2404 3478; x_wconf 87' lang='grc' dir='ltr'><strong>τῶν</strong></span> <span class='ocrx_word' id='word_1_693' title='bbox 2437 3427 2535 3496; x_wconf 84' lang='grc' dir='ltr'>μὲν</span> <span class='ocrx_word' id='word_1_694' title='bbox 2568 3427 2834 3499; x_wconf 82' lang='grc' dir='ltr'>δρώντων,</span> <span class='ocrx_word' id='word_1_695' title='bbox 2877 3430 2986 3485; x_wconf 86' lang='grc' dir='ltr'><strong>τῶν</strong></span> <span class='ocrx_word' id='word_1_696' title='bbox 3019 3431 3076 3484; x_wconf 74' lang='grc' dir='ltr'>δὲ</span> <span class='ocrx_word' id='word_1_697' title='bbox 3123 3435 3452 3503; x_wconf 80' lang='grc' dir='ltr'>πασχόντων,</span> <span class='ocrx_word' id='word_1_698' title='bbox 3503 3440 3770 3509; x_wconf 87' lang='grc' dir='ltr'>μακάριος</span> <span class='ocrx_word' id='word_1_699' title='bbox 3799 3442 3870 3496; x_wconf 72' lang='grc' dir='ltr'>ἂν</span> 
     </span>
    </p>
   </div>
   <div class='ocr_carea' id='block_1_96' title="bbox 2297 3516 3868 3604">
    <p class='ocr_par' dir='ltr' id='par_1_96' title="bbox 2297 3516 3868 3604">
     <span class='ocr_line' id='line_1_96' title="bbox 2297 3516 3868 3604; baseline 0.012 -34"><span class='ocrx_word' id='word_1_700' title='bbox 2297 3516 2382 3588; x_wconf 84' lang='grc' dir='ltr'><strong>εῖη</strong></span> <span class='ocrx_word' id='word_1_701' title='bbox 2412 3520 2440 3570; x_wconf 93' lang='lat'><strong>6</strong></span> <span class='ocrx_word' id='word_1_702' title='bbox 2467 3520 2710 3589; x_wconf 85' lang='grc' dir='ltr'>πάσχων,</span> <span class='ocrx_word' id='word_1_703' title='bbox 2739 3521 2874 3576; x_wconf 86' lang='grc' dir='ltr'><strong>ἀλλά</strong></span> <span class='ocrx_word' id='word_1_704' title='bbox 2904 3522 2980 3592; x_wconf 81' lang='grc' dir='ltr'>μὴ</span> <span class='ocrx_word' id='word_1_705' title='bbox 3004 3522 3172 3592; x_wconf 87' lang='grc' dir='ltr'>δρῶν·</span> <span class='ocrx_word' id='word_1_706' title='bbox 3201 3525 3383 3591; x_wconf 81' lang='grc' dir='ltr'>ἄθλιος</span> <span class='ocrx_word' id='word_1_707' title='bbox 3409 3529 3465 3583; x_wconf 82' lang='grc' dir='ltr'>δὲ</span> <span class='ocrx_word' id='word_1_708' title='bbox 3487 3533 3516 3585; x_wconf 92' lang='lat'><strong>6</strong></span> <span class='ocrx_word' id='word_1_709' title='bbox 3537 3531 3698 3604; x_wconf 85' lang='grc' dir='ltr'>δρῶν,</span> <span class='ocrx_word' id='word_1_710' title='bbox 3725 3533 3868 3588; x_wconf 81' lang='grc' dir='ltr'><strong>ἀλλά</strong></span> 
     </span>
    </p>
   </div>
   <div class='ocr_carea' id='block_1_97' title="bbox 2300 3606 2651 3677">
    <p class='ocr_par' dir='ltr' id='par_1_97' title="bbox 2300 3606 2651 3677">
     <span class='ocr_line' id='line_1_97' title="bbox 2300 3606 2651 3677; baseline 0.014 -20"><span class='ocrx_word' id='word_1_711' title='bbox 2300 3606 2374 3676; x_wconf 79' lang='grc' dir='ltr'>μὴ</span> <span class='ocrx_word' id='word_1_712' title='bbox 2408 3607 2651 3677; x_wconf 87' lang='grc' dir='ltr'>πάσχων.</span> 
     </span>
    </p>
   </div>
   <div class='ocr_carea' id='block_1_98' title="bbox 2369 3762 3855 3845">
    <p class='ocr_par' dir='ltr' id='par_1_98' title="bbox 2369 3762 3855 3845">
     <span class='ocr_line' id='line_1_98' title="bbox 2369 3762 3855 3845; baseline 0.011 -33"><span class='ocrx_word' id='word_1_713' title='bbox 2369 3779 2389 3812; x_wconf 82' lang='grc' dir='ltr'><strong>ι</strong></span> <span class='ocrx_word' id='word_1_714' title='bbox 2420 3762 2612 3833; x_wconf 85' lang='grc' dir='ltr'>Κύριε,</span> <span class='ocrx_word' id='word_1_715' title='bbox 2643 3765 2862 3836; x_wconf 75' lang='grc' dir='ltr'>ἐλέησον</span> <span class='ocrx_word' id='word_1_716' title='bbox 2895 3772 3073 3840; x_wconf 77' lang='grc' dir='ltr'>ἡμᾶς’</span> <span class='ocrx_word' id='word_1_717' title='bbox 3107 3771 3199 3826; x_wconf 69' lang='grc' dir='ltr'><strong>ἐπὶ</strong></span> <span class='ocrx_word' id='word_1_718' title='bbox 3229 3773 3312 3826; x_wconf 75' lang='grc' dir='ltr'>σοὶ</span> <span class='ocrx_word' id='word_1_719' title='bbox 3358 3773 3466 3844; x_wconf 83' lang='grc' dir='ltr'><strong>γὰρ</strong></span> <span class='ocrx_word' id='word_1_720' title='bbox 3494 3773 3855 3845; x_wconf 83' lang='grc' dir='ltr'>πεποίθαμεν.</span> 
     </span>
    </p>
   </div>
   <div class='ocr_carea' id='block_1_99' title="bbox 2305 3850 3854 3928">
    <p class='ocr_par' dir='ltr' id='par_1_99' title="bbox 2305 3850 3854 3928">
     <span class='ocr_line' id='line_1_99' title="bbox 2305 3850 3854 3928; baseline 0.012 -26"><span class='ocrx_word' id='word_1_721' title='bbox 2305 3850 2560 3925; x_wconf 81' lang='grc' dir='ltr'>Ἐγενήθη</span> <span class='ocrx_word' id='word_1_722' title='bbox 2586 3854 2647 3907; x_wconf 80' lang='grc' dir='ltr'>τὸ</span> <span class='ocrx_word' id='word_1_723' title='bbox 2673 3858 2890 3928; x_wconf 82' lang='grc' dir='ltr'>σπέρμα</span> <span class='ocrx_word' id='word_1_724' title='bbox 2920 3860 3027 3914; x_wconf 89' lang='grc' dir='ltr'><strong>τῶν</strong></span> <span class='ocrx_word' id='word_1_725' title='bbox 3047 3861 3414 3916; x_wconf 81' lang='grc' dir='ltr'>ἀπειθούντων</span> <span class='ocrx_word' id='word_1_726' title='bbox 3443 3867 3524 3928; x_wconf 86' lang='grc' dir='ltr'><strong>είς</strong></span> <span class='ocrx_word' id='word_1_727' title='bbox 3548 3864 3823 3921; x_wconf 84' lang='grc' dir='ltr'>ἀπώλειαν</span> <span class='ocrx_word' id='word_1_728' title='bbox 3839 3885 3854 3897; x_wconf 89' lang='grc'><strong>·</strong></span> 
     </span>
    </p>
   </div>
   <div class='ocr_carea' id='block_1_100' title="bbox 2289 3942 3858 4028">
    <p class='ocr_par' dir='ltr' id='par_1_100' title="bbox 2289 3942 3858 4028">
     <span class='ocr_line' id='line_1_100' title="bbox 2289 3942 3858 4028; baseline 0.012 -35"><span class='ocrx_word' id='word_1_729' title='bbox 2289 3943 2322 4011; x_wconf 78' lang='grc' dir='ltr'>ὴ</span> <span class='ocrx_word' id='word_1_730' title='bbox 2349 3942 2406 3994; x_wconf 87' lang='grc' dir='ltr'>δὲ</span> <span class='ocrx_word' id='word_1_731' title='bbox 2446 3946 2684 4016; x_wconf 84' lang='grc' dir='ltr'>σωτηρία</span> <span class='ocrx_word' id='word_1_732' title='bbox 2725 3948 2881 4018; x_wconf 73' lang='grc' dir='ltr'>ἡμῶν</span> <span class='ocrx_word' id='word_1_733' title='bbox 2918 3953 2975 4003; x_wconf 76' lang='grc' dir='ltr'>ὲν</span> <span class='ocrx_word' id='word_1_734' title='bbox 3005 3952 3180 4023; x_wconf 82' lang='grc' dir='ltr'>καιρῷ</span> <span class='ocrx_word' id='word_1_735' title='bbox 3221 3952 3470 4023; x_wconf 80' lang='grc' dir='ltr'>θλίψεως.</span> <span class='ocrx_word' id='word_1_736' title='bbox 3505 3973 3524 4005; x_wconf 71' lang='grc' dir='ltr'><strong>ι</strong></span> <span class='ocrx_word' id='word_1_737' title='bbox 3571 3955 3664 4009; x_wconf 82' lang='grc' dir='ltr'>Ἐκ</span> <span class='ocrx_word' id='word_1_738' title='bbox 3693 3973 3858 4028; x_wconf 86' lang='grc' dir='ltr'>προσ-</span> 
     </span>
    </p>
   </div>
   <div class='ocr_carea' id='block_1_101' title="bbox 2288 4032 3854 4118">
    <p class='ocr_par' dir='ltr' id='par_1_101' title="bbox 2288 4032 3854 4118">
     <span class='ocr_line' id='line_1_101' title="bbox 2288 4032 3854 4118; baseline 0.011 -33"><span class='ocrx_word' id='word_1_739' title='bbox 2288 4032 2436 4086; x_wconf 84' lang='grc' dir='ltr'>ώπου</span> <span class='ocrx_word' id='word_1_740' title='bbox 2483 4035 2590 4088; x_wconf 87' lang='grc' dir='ltr'><strong>τῶν</strong></span> <span class='ocrx_word' id='word_1_741' title='bbox 2637 4038 2946 4094; x_wconf 85' lang='grc' dir='ltr'>ἀποστόλων</span> <span class='ocrx_word' id='word_1_742' title='bbox 2996 4044 3097 4113; x_wconf 81' lang='grc' dir='ltr'><strong>τὴν</strong></span> <span class='ocrx_word' id='word_1_743' title='bbox 3145 4045 3309 4115; x_wconf 82' lang='grc' dir='ltr'>εὐχὴν</span> <span class='ocrx_word' id='word_1_744' title='bbox 3355 4045 3700 4118; x_wconf 80' lang='grc' dir='ltr'>ἀναπέμπει·</span> <span class='ocrx_word' id='word_1_745' title='bbox 3741 4050 3854 4103; x_wconf 90' lang='grc' dir='ltr'><strong>τῶν</strong></span> 
     </span>
    </p>
   </div>
   <div class='ocr_carea' id='block_1_102' title="bbox 2290 4122 3854 4209">
    <p class='ocr_par' dir='ltr' id='par_1_102' title="bbox 2290 4122 3854 4209">
     <span class='ocr_line' id='line_1_102' title="bbox 2290 4122 3854 4209; baseline 0.013 -35"><span class='ocrx_word' id='word_1_746' title='bbox 2290 4122 2389 4192; x_wconf 73' lang='grc' dir='ltr'>μὶν</span> <span class='ocrx_word' id='word_1_747' title='bbox 2432 4125 2540 4196; x_wconf 83' lang='grc' dir='ltr'><strong>γάρ</strong></span> <span class='ocrx_word' id='word_1_748' title='bbox 2579 4126 2985 4199; x_wconf 84' lang='grc' dir='ltr'>ἀπειθησάντων</span> <span class='ocrx_word' id='word_1_749' title='bbox 3031 4133 3110 4204; x_wconf 82' lang='grc' dir='ltr'><strong>τῷ</strong></span> <span class='ocrx_word' id='word_1_750' title='bbox 3153 4134 3490 4207; x_wconf 81' lang='grc' dir='ltr'>εὐαγγελικῷ</span> <span class='ocrx_word' id='word_1_751' title='bbox 3533 4138 3854 4209; x_wconf 81' lang='grc' dir='ltr'>κηρύγματι</span> 
     </span>
    </p>
   </div>
   <div class='ocr_carea' id='block_1_103' title="bbox 2284 4211 3851 4298">
    <p class='ocr_par' dir='ltr' id='par_1_103' title="bbox 2284 4211 3851 4298">
     <span class='ocr_line' id='line_1_103' title="bbox 2284 4211 3851 4298; baseline 0.013 -35"><span class='ocrx_word' id='word_1_752' title='bbox 2284 4211 2346 4264; x_wconf 84' lang='grc' dir='ltr'>τὸ</span> <span class='ocrx_word' id='word_1_753' title='bbox 2375 4214 2592 4285; x_wconf 74' lang='grc' dir='ltr'>σπέρμα</span> <span class='ocrx_word' id='word_1_754' title='bbox 2623 4216 2888 4288; x_wconf 82' lang='grc' dir='ltr'>παρεδόθη</span> <span class='ocrx_word' id='word_1_755' title='bbox 2919 4219 3191 4294; x_wconf 64' lang='grc' dir='ltr'>ἀπωλείᾳο</span> <span class='ocrx_word' id='word_1_756' title='bbox 3224 4225 3382 4296; x_wconf 76' lang='grc' dir='ltr'>ἡμῶν</span> <span class='ocrx_word' id='word_1_757' title='bbox 3415 4226 3473 4279; x_wconf 77' lang='grc' dir='ltr'>δὲ</span> <span class='ocrx_word' id='word_1_758' title='bbox 3510 4229 3752 4298; x_wconf 87' lang='grc' dir='ltr'>σωτηρία</span> <span class='ocrx_word' id='word_1_759' title='bbox 3781 4230 3851 4283; x_wconf 72' lang='grc' dir='ltr'>σὺ</span> 
     </span>
    </p>
   </div>
   <div class='ocr_carea' id='block_1_104' title="bbox 2282 4302 3849 4391">
    <p class='ocr_par' dir='ltr' id='par_1_104' title="bbox 2282 4302 3849 4391">
     <span class='ocr_line' id='line_1_104' title="bbox 2282 4302 3849 4391; baseline 0.014 -37"><span class='ocrx_word' id='word_1_760' title='bbox 2282 4302 2440 4368; x_wconf 79' lang='grc' dir='ltr'>αὐτὸς</span> <span class='ocrx_word' id='word_1_761' title='bbox 2491 4309 2804 4377; x_wconf 81' lang='grc' dir='ltr'>τυγχάνεις,</span> <span class='ocrx_word' id='word_1_762' title='bbox 2841 4304 2888 4363; x_wconf 79' lang='grc' dir='ltr'>ὦ</span> <span class='ocrx_word' id='word_1_763' title='bbox 2931 4312 3123 4384; x_wconf 76' lang='grc' dir='ltr'>Κύριε,</span> <span class='ocrx_word' id='word_1_764' title='bbox 3171 4318 3571 4388; x_wconf 81' lang='grc' dir='ltr'>παριστάμενος</span> <span class='ocrx_word' id='word_1_765' title='bbox 3617 4321 3748 4391; x_wconf 78' lang='grc' dir='ltr'>ημῖν</span> <span class='ocrx_word' id='word_1_766' title='bbox 3789 4325 3849 4376; x_wconf 67' lang='grc' dir='ltr'>ἐν</span> 
     </span>
    </p>
   </div>
   <div class='ocr_carea' id='block_1_105' title="bbox 2217 4394 2739 4466">
    <p class='ocr_par' dir='ltr' id='par_1_105' title="bbox 2217 4394 2739 4466">
     <span class='ocr_line' id='line_1_105' title="bbox 2217 4394 2739 4466; baseline 0.017 -22"><span class='ocrx_word' id='word_1_767' title='bbox 2217 4403 2261 4458; x_wconf 78' lang='lat' dir='ltr'><strong>D</strong></span> <span class='ocrx_word' id='word_1_768' title='bbox 2289 4394 2466 4466; x_wconf 89' lang='grc' dir='ltr'>καιρῷ</span> <span class='ocrx_word' id='word_1_769' title='bbox 2490 4396 2739 4466; x_wconf 78' lang='grc' dir='ltr'>θλίψεως.</span> 
     </span>
    </p>
   </div>
   <div class='ocr_carea' id='block_1_106' title="bbox 2354 4485 3844 4570">
    <p class='ocr_par' dir='ltr' id='par_1_106' title="bbox 2354 4485 3844 4570">
     <span class='ocr_line' id='line_1_106' title="bbox 2354 4485 3844 4570; baseline 0.015 -34"><span class='ocrx_word' id='word_1_770' title='bbox 2354 4502 2372 4535; x_wconf 80' lang='grc' dir='ltr'><strong>ι</strong></span> <span class='ocrx_word' id='word_1_771' title='bbox 2399 4485 2496 4540; x_wconf 89' lang='grc' dir='ltr'>Διά</span> <span class='ocrx_word' id='word_1_772' title='bbox 2523 4489 2706 4561; x_wconf 77' lang='grc' dir='ltr'>φωνὴν</span> <span class='ocrx_word' id='word_1_773' title='bbox 2745 4491 2840 4545; x_wconf 91' lang='grc' dir='ltr'><strong>τοῦ</strong></span> <span class='ocrx_word' id='word_1_774' title='bbox 2884 4493 3051 4561; x_wconf 81' lang='grc' dir='ltr'>φόὸου</span> <span class='ocrx_word' id='word_1_775' title='bbox 3090 4511 3184 4548; x_wconf 93' lang='grc' dir='ltr'><strong>σου</strong></span> <span class='ocrx_word' id='word_1_776' title='bbox 3235 4497 3533 4570; x_wconf 74' lang='grc' dir='ltr'>ἐξέστησαν</span> <span class='ocrx_word' id='word_1_777' title='bbox 3577 4500 3695 4554; x_wconf 77' lang='grc' dir='ltr'>λαοὶ</span> <span class='ocrx_word' id='word_1_778' title='bbox 3735 4503 3844 4558; x_wconf 83' lang='grc' dir='ltr'><strong>ἀπὺ</strong></span> 
     </span>
    </p>
   </div>
   <div class='ocr_carea' id='block_1_107' title="bbox 2279 4575 3842 4663">
    <p class='ocr_par' dir='ltr' id='par_1_107' title="bbox 2279 4575 3842 4663">
     <span class='ocr_line' id='line_1_107' title="bbox 2279 4575 3842 4663; baseline 0.014 -36"><span class='ocrx_word' id='word_1_779' title='bbox 2279 4575 2369 4628; x_wconf 90' lang='grc' dir='ltr'><strong>τοῦ</strong></span> <span class='ocrx_word' id='word_1_780' title='bbox 2398 4578 2562 4644; x_wconf 78' lang='grc' dir='ltr'>φόϐου</span> <span class='ocrx_word' id='word_1_781' title='bbox 2589 4597 2702 4645; x_wconf 81' lang='grc' dir='ltr'>σου,</span> <span class='ocrx_word' id='word_1_782' title='bbox 2728 4583 2823 4635; x_wconf 80' lang='grc' dir='ltr'>καὶ</span> <span class='ocrx_word' id='word_1_783' title='bbox 2849 4582 3214 4657; x_wconf 83' lang='grc' dir='ltr'>διεσπάρησαν</span> <span class='ocrx_word' id='word_1_784' title='bbox 3241 4589 3311 4642; x_wconf 89' lang='grc' dir='ltr'><strong>τά</strong></span> <span class='ocrx_word' id='word_1_785' title='bbox 3341 4588 3468 4658; x_wconf 75' lang='grc' dir='ltr'>ιθνη</span> <span class='ocrx_word' id='word_1_786' title='bbox 3489 4606 3502 4620; x_wconf 84' lang='grc'><em>’</em></span> <span class='ocrx_word' id='word_1_787' title='bbox 3523 4608 3543 4642; x_wconf 74' lang='grc' dir='ltr'><strong>ι</strong></span> <span class='ocrx_word' id='word_1_788' title='bbox 3581 4594 3707 4663; x_wconf 74' lang='grc' dir='ltr'>περὶ</span> <span class='ocrx_word' id='word_1_789' title='bbox 3734 4596 3842 4651; x_wconf 78' lang='grc' dir='ltr'><strong>τῶν</strong></span> 
     </span>
    </p>
   </div>
   <div class='ocr_carea' id='block_1_108' title="bbox 2277 4666 3840 4757">
    <p class='ocr_par' dir='ltr' id='par_1_108' title="bbox 2277 4666 3840 4757">
     <span class='ocr_line' id='line_1_108' title="bbox 2277 4666 3840 4757; baseline 0.014 -39"><span class='ocrx_word' id='word_1_790' title='bbox 2277 4666 2686 4757; x_wconf 76' lang='grc' dir='ltr'>ἀπιστησάντων</span> <span class='ocrx_word' id='word_1_791' title='bbox 2722 4674 2800 4743; x_wconf 83' lang='grc' dir='ltr'>τῷ</span> <span class='ocrx_word' id='word_1_792' title='bbox 2845 4675 2973 4745; x_wconf 75' lang='grc' dir='ltr'>ἱερῷ</span> <span class='ocrx_word' id='word_1_793' title='bbox 3009 4679 3340 4750; x_wconf 83' lang='grc' dir='ltr'>κηρύγματι.</span> <span class='ocrx_word' id='word_1_794' title='bbox 3372 4681 3628 4752; x_wconf 84' lang='grc' dir='ltr'>Σημαίνει</span> <span class='ocrx_word' id='word_1_795' title='bbox 3659 4686 3718 4739; x_wconf 69' lang='grc' dir='ltr'>δὲ</span> <span class='ocrx_word' id='word_1_796' title='bbox 3743 4687 3840 4757; x_wconf 79' lang='grc' dir='ltr'>τὴν</span> 
     </span>
    </p>
   </div>
   <div class='ocr_carea' id='block_1_109' title="bbox 2277 4756 3836 4848">
    <p class='ocr_par' dir='ltr' id='par_1_109' title="bbox 2277 4756 3836 4848">
     <span class='ocr_line' id='line_1_109' title="bbox 2277 4756 3836 4848; baseline 0.013 -39"><span class='ocrx_word' id='word_1_797' title='bbox 2277 4756 2584 4848; x_wconf 75' lang='grc' dir='ltr'>πολιορκίαν</span> <span class='ocrx_word' id='word_1_798' title='bbox 2629 4762 2723 4816; x_wconf 90' lang='grc' dir='ltr'><strong>τοῦ</strong></span> <span class='ocrx_word' id='word_1_799' title='bbox 2757 4766 3022 4821; x_wconf 85' lang='grc' dir='ltr'>Ἰουδαίων</span> <span class='ocrx_word' id='word_1_800' title='bbox 3063 4768 3272 4835; x_wconf 68' lang='grc' dir='ltr'>ἔθνους,</span> <span class='ocrx_word' id='word_1_801' title='bbox 3316 4774 3409 4826; x_wconf 82' lang='grc' dir='ltr'>καὶ</span> <span class='ocrx_word' id='word_1_802' title='bbox 3443 4775 3520 4838; x_wconf 80' lang='grc' dir='ltr'>ὥς</span> <span class='ocrx_word' id='word_1_803' title='bbox 3566 4756 3836 4848; x_wconf 80' lang='grc' dir='ltr'>πολυπλη-</span> 
     </span>
    </p>
   </div>
   <div class='ocr_carea' id='block_1_110' title="bbox 2275 4843 3835 4938">
    <p class='ocr_par' dir='ltr' id='par_1_110' title="bbox 2275 4843 3835 4938">
     <span class='ocr_line' id='line_1_110' title="bbox 2275 4843 3835 4938; baseline 0.017 -43"><span class='ocrx_word' id='word_1_804' title='bbox 2275 4843 2422 4910; x_wconf 88' lang='grc' dir='ltr'>θείας</span> <span class='ocrx_word' id='word_1_805' title='bbox 2477 4849 2748 4920; x_wconf 85' lang='grc' dir='ltr'>πολεμίων</span> <span class='ocrx_word' id='word_1_806' title='bbox 2798 4854 3126 4930; x_wconf 75' lang='grc' dir='ltr'>ἐπελθούσης</span> <span class='ocrx_word' id='word_1_807' title='bbox 3168 4861 3350 4925; x_wconf 76' lang='grc' dir='ltr'>αὐτοῖς</span> <span class='ocrx_word' id='word_1_808' title='bbox 3397 4861 3692 4935; x_wconf 64' lang='grc' dir='ltr'>ἐξέστησαν</span> <span class='ocrx_word' id='word_1_809' title='bbox 3738 4843 3835 4938; x_wconf 59' lang='grc' dir='ltr'>τῆς</span> 
     </span>
    </p>
   </div>
   <div class='ocr_carea' id='block_1_111' title="bbox 2273 4936 3622 5030">
    <p class='ocr_par' dir='ltr' id='par_1_111' title="bbox 2273 4936 3622 5030">
     <span class='ocr_line' id='line_1_111' title="bbox 2273 4936 3622 5030; baseline 0.017 -42"><span class='ocrx_word' id='word_1_810' title='bbox 2273 4936 2478 4992; x_wconf 78' lang='grc' dir='ltr'>ἑαυτῶν</span> <span class='ocrx_word' id='word_1_811' title='bbox 2514 4941 2634 5011; x_wconf 86' lang='grc' dir='ltr'>γῆς,</span> <span class='ocrx_word' id='word_1_812' title='bbox 2663 4943 2755 4996; x_wconf 81' lang='grc' dir='ltr'>καὶ</span> <span class='ocrx_word' id='word_1_813' title='bbox 2777 4943 3258 5023; x_wconf 86' lang='grc' dir='ltr'>διεσκορπίσθησαν</span> <span class='ocrx_word' id='word_1_814' title='bbox 3282 4956 3360 5017; x_wconf 83' lang='grc' dir='ltr'><strong>είς</strong></span> <span class='ocrx_word' id='word_1_815' title='bbox 3383 4956 3450 5008; x_wconf 84' lang='grc' dir='ltr'>τὰ</span> <span class='ocrx_word' id='word_1_816' title='bbox 3476 4955 3622 5030; x_wconf 71' lang='grc' dir='ltr'>ἔθνη.</span> 
     </span>
    </p>
   </div>
   <div class='ocr_carea' id='block_1_112' title="bbox 2342 5115 3829 5214">
    <p class='ocr_par' dir='ltr' id='par_1_112' title="bbox 2342 5115 3829 5214">
     <span class='ocr_line' id='line_1_112' title="bbox 2342 5115 3829 5214; baseline 0.02 -48"><span class='ocrx_word' id='word_1_817' title='bbox 2342 5130 2364 5214; x_wconf 61' lang='grc' dir='ltr'><strong>ι</strong></span> <span class='ocrx_word' id='word_1_818' title='bbox 2403 5115 2516 5170; x_wconf 81' lang='grc' dir='ltr'>Νῦν</span> <span class='ocrx_word' id='word_1_819' title='bbox 2537 5119 2614 5214; x_wconf 31' lang='grc' dir='ltr'><strong>’δὲ</strong></span> <span class='ocrx_word' id='word_1_820' title='bbox 2673 5123 3056 5197; x_wconf 78' lang='grc' dir='ltr'>συναχθήσεται</span> <span class='ocrx_word' id='word_1_821' title='bbox 3088 5131 3156 5185; x_wconf 82' lang='grc' dir='ltr'>τὰ</span> <span class='ocrx_word' id='word_1_822' title='bbox 3207 5133 3378 5189; x_wconf 89' lang='grc' dir='ltr'>σκύλα</span> <span class='ocrx_word' id='word_1_823' title='bbox 3415 5136 3586 5206; x_wconf 82' lang='grc' dir='ltr'>ὑμῶν,</span> <span class='ocrx_word' id='word_1_824' title='bbox 3634 5141 3829 5214; x_wconf 83' lang='grc' dir='ltr'>μικροῦ</span> 
     </span>
    </p>
   </div>
   <div class='ocr_carea' id='block_1_113' title="bbox 2269 5204 3830 5302">
    <p class='ocr_par' dir='ltr' id='par_1_113' title="bbox 2269 5204 3830 5302">
     <span class='ocr_line' id='line_1_113' title="bbox 2269 5204 3830 5302; baseline 0.02 -48"><span class='ocrx_word' id='word_1_825' title='bbox 2269 5204 2361 5302; x_wconf 64' lang='grc' dir='ltr'>καὶ</span> <span class='ocrx_word' id='word_1_826' title='bbox 2394 5208 2669 5302; x_wconf 74' lang='grc' dir='ltr'>μεγάλου,</span> <span class='ocrx_word' id='word_1_827' title='bbox 2689 5211 2749 5266; x_wconf 83' lang='grc' dir='ltr'><strong>δν</strong></span> <span class='ocrx_word' id='word_1_828' title='bbox 2780 5216 2981 5286; x_wconf 89' lang='grc' dir='ltr'>τρόπον</span> <span class='ocrx_word' id='word_1_829' title='bbox 3005 5220 3103 5274; x_wconf 78' lang='grc' dir='ltr'>ἐάν</span> <span class='ocrx_word' id='word_1_830' title='bbox 3141 5239 3226 5286; x_wconf 89' lang='grc' dir='ltr'><strong>τις</strong></span> <span class='ocrx_word' id='word_1_831' title='bbox 3259 5204 3552 5301; x_wconf 72' lang='grc' dir='ltr'>συναγάγῃ.</span> <span class='ocrx_word' id='word_1_832' title='bbox 3583 5204 3830 5302; x_wconf 67' lang='grc' dir='ltr'>ἀκρίδας,</span> 
     </span>
    </p>
   </div>
   <div class='ocr_carea' id='block_1_114' title="bbox 2265 5293 3829 5388">
    <p class='ocr_par' dir='ltr' id='par_1_114' title="bbox 2265 5293 3829 5388">
     <span class='ocr_line' id='line_1_114' title="bbox 2265 5293 3829 5388; baseline 0.021 -44"><span class='ocrx_word' id='word_1_833' title='bbox 2265 5293 2436 5388; x_wconf 77' lang='grc' dir='ltr'>οὕτως</span> <span class='ocrx_word' id='word_1_834' title='bbox 2478 5299 2833 5368; x_wconf 71' lang='grc' dir='ltr'>ἐμπαίξουσιν</span> <span class='ocrx_word' id='word_1_835' title='bbox 2864 5308 3052 5379; x_wconf 75' lang='grc' dir='ltr'>ὑμῖν.»</span> <span class='ocrx_word' id='word_1_836' title='bbox 3096 5313 3171 5366; x_wconf 74' lang='grc' dir='ltr'>Τδ</span> <span class='ocrx_word' id='word_1_837' title='bbox 3218 5293 3542 5388; x_wconf 51' lang='grc' dir='ltr'>εὐχείρωτος</span> <span class='ocrx_word' id='word_1_838' title='bbox 3707 5293 3829 5378; x_wconf 53' lang='grc' dir='ltr'><strong>εύάζ</strong></span> 
     </span>
    </p>
   </div>
   <div class='ocr_carea' id='block_1_115' title="bbox 2264 5379 3829 5483">
    <p class='ocr_par' dir='ltr' id='par_1_115' title="bbox 2264 5379 3829 5483">
     <span class='ocr_line' id='line_1_115' title="bbox 2264 5379 3829 5483; baseline 0.024 -51"><span class='ocrx_word' id='word_1_839' title='bbox 2264 5379 2431 5483; x_wconf 69' lang='grc' dir='ltr'>λωτον</span> <span class='ocrx_word' id='word_1_840' title='bbox 2475 5388 2569 5442; x_wconf 91' lang='grc' dir='ltr'><strong>τοῦ</strong></span> <span class='ocrx_word' id='word_1_841' title='bbox 2594 5393 2875 5483; x_wconf 5' lang='grc' dir='ltr'>,Ἰουδαίων</span> <span class='ocrx_word' id='word_1_842' title='bbox 2919 5400 3048 5455; x_wconf 88' lang='grc' dir='ltr'>λαοῦ</span> <span class='ocrx_word' id='word_1_843' title='bbox 3081 5379 3381 5476; x_wconf 58' lang='grc' dir='ltr'>παριστάς,</span> <span class='ocrx_word' id='word_1_844' title='bbox 3409 5409 3490 5468; x_wconf 82' lang='grc' dir='ltr'>τό.</span> <span class='ocrx_word' id='word_1_845' title='bbox 3519 5427 3577 5464; x_wconf 85' lang='grc' dir='ltr'><strong>τε</strong></span> <span class='ocrx_word' id='word_1_846' title='bbox 3629 5412 3829 5483; x_wconf 83' lang='grc' dir='ltr'>πλῆθος</span> 
     </span>
    </p>
   </div>
   <div class='ocr_carea' id='block_1_116' title="bbox 2264 5474 3904 5576">
    <p class='ocr_par' dir='ltr' id='par_1_116' title="bbox 2264 5474 3904 5576">
     <span class='ocr_line' id='line_1_116' title="bbox 2264 5474 3904 5576; baseline 0.019 -51"><span class='ocrx_word' id='word_1_847' title='bbox 2264 5474 2440 5530; x_wconf 85' lang='grc' dir='ltr'>αὐτῶν</span> <span class='ocrx_word' id='word_1_848' title='bbox 2472 5479 2659 5551; x_wconf 86' lang='grc' dir='ltr'>ἀκρίσι</span> <span class='ocrx_word' id='word_1_849' title='bbox 2689 5489 3067 5557; x_wconf 70' lang='grc' dir='ltr'>παραϐάλλων.</span> <span class='ocrx_word' id='word_1_850' title='bbox 3105 5474 3358 5566; x_wconf 82' lang='grc' dir='ltr'>σημαίνει</span> <span class='ocrx_word' id='word_1_851' title='bbox 3387 5498 3461 5564; x_wconf 82' lang='grc' dir='ltr'>ὡς</span> <span class='ocrx_word' id='word_1_852' title='bbox 3485 5503 3550 5563; x_wconf 70' lang='grc' dir='ltr'><strong>οῖ,</strong></span> <span class='ocrx_word' id='word_1_853' title='bbox 3578 5474 3828 5576; x_wconf 72' lang='grc' dir='ltr'>πολέμιοι</span> <span class='ocrx_word' id='word_1_854' title='bbox 3891 5537 3904 5556; x_wconf 90' lang='grc'><strong>.</strong></span> 
     </span>
    </p>
   </div>
   <div class='ocr_carea' id='block_1_117' title="bbox 680 5625 2612 5735">
    <p class='ocr_par' dir='ltr' id='par_1_117' title="bbox 680 5625 2612 5735">
     <span class='ocr_line' id='line_1_117' title="bbox 680 5625 2612 5735; baseline 0.024 -56"><span class='ocrx_word' id='word_1_855' title='bbox 680 5625 723 5658; x_wconf 73' lang='grc' dir='ltr'><strong>ι’</strong></span> <span class='ocrx_word' id='word_1_856' title='bbox 749 5625 865 5684; x_wconf 83' lang='lat' dir='ltr'><strong>Gal.</strong></span> <span class='ocrx_word' id='word_1_857' title='bbox 898 5645 972 5697; x_wconf 79' lang='lat' dir='ltr'><strong>tv,</strong></span> <span class='ocrx_word' id='word_1_858' title='bbox 1001 5631 1088 5689; x_wconf 76' lang='lat'><strong>26.</strong></span> <span class='ocrx_word' id='word_1_859' title='bbox 1166 5639 1209 5672; x_wconf 84' lang='grc'><strong>³⁸</strong></span> <span class='ocrx_word' id='word_1_860' title='bbox 1233 5638 1499 5715; x_wconf 75' lang='lat' dir='ltr'><strong>Joan.x1v,</strong></span> <span class='ocrx_word' id='word_1_861' title='bbox 1527 5645 1581 5700; x_wconf 77' lang='lat'><strong>2.</strong></span> <span class='ocrx_word' id='word_1_862' title='bbox 1657 5648 1702 5682; x_wconf 82' lang='lat'><strong>&quot;</strong></span> <span class='ocrx_word' id='word_1_863' title='bbox 1728 5649 1914 5711; x_wconf 78' lang='lat' dir='ltr'><strong>Matth.</strong></span> <span class='ocrx_word' id='word_1_864' title='bbox 1946 5671 2018 5726; x_wconf 76' lang='grc' dir='ltr'><strong>νι,</strong></span> <span class='ocrx_word' id='word_1_865' title='bbox 2055 5657 2138 5714; x_wconf 89' lang='lat' dir='ltr'><strong>I9.</strong></span> <span class='ocrx_word' id='word_1_866' title='bbox 2214 5661 2260 5694; x_wconf 62' lang='grc' dir='ltr'><strong>ι’</strong></span> <span class='ocrx_word' id='word_1_867' title='bbox 2280 5661 2408 5721; x_wconf 87' lang='lat' dir='ltr'><strong>Luc.</strong></span> <span class='ocrx_word' id='word_1_868' title='bbox 2445 5682 2498 5735; x_wconf 70' lang='grc' dir='ltr'>ι,</span> <span class='ocrx_word' id='word_1_869' title='bbox 2531 5669 2612 5725; x_wconf 81' lang='lat' dir='ltr'><strong>l6.</strong></span> 
     </span>
    </p>
   </div>
  </div>
