4120 6294
216 234 334 289 39.5

1144 234 1641 293 COMMENTARIA
1684 235 1749 291 IN
1790 234 2042 292 ISAIAM.
2086 267 2154 277 --
2190 231 2343 287 CAP.
2385 227 2621 285 XXXIII.

3391 232 3497 286 326

214 348 347 400 ἀντὶ
392 346 642 411 παιγνίου
689 347 887 410 αὐτοὺς
938 347 1170 414 ἕξουσιν,
1211 351 1274 404 ού
1325 350 1485 423 μόνον
1527 354 1597 406 τὰ
1646 354 1796 408 σκύλι

1919 354 2196 422 signiﬁcat
2221 353 2366 420 ipsos
2400 350 2468 402 ab
2493 344 2734 401 inimicis
2764 344 2999 400 ludibrio
3028 344 3309 402 habendos
3329 361 3452 402 esse
3479 364 3494 399 :

220 435 412 488 αὐτῶν
448 438 839 509 διαρπάξοντες
877 439 1077 509 μικροῦ
1115 442 1209 495 κα)⁵
1249 442 1505 513 μεγάλου,
1539 444 1673 499 ἀλλά
1719 448 1812 499 καὶ

212 523 413 588 αὐτοῖς
448 525 829 596 ἐμπαίζοντες.
858 527 1043 581 Ταῦτα
1079 530 1205 601 περὶ
1247 531 1453 606 τούτων
1489 534 1678 599 εἰπὼν,
1713 554 1811 606 με·-

213 618 471 670 ταϐαίνει
500 618 592 671 ἐπὶ
620 617 683 670 τὸ
710 618 893 687 τάγμα
920 619 1019 689 τῆς
1044 620 1139 673 τοῦ
1172 621 1307 675 Θεοῦ
1349 623 1695 697 Ἑκκλησίας,
1722 631 1807 699 ἐφ’

210 700 263 774 ᾧ
295 709 396 760 καὶ
416 706 628 772 δοξάζει
650 707 741 759 τὸν
772 706 904 760 Θεὸν
935 708 1108 778 λέγων
1127 728 1141 741 ·

298 816 318 847 ι
352 799 545 866 Ἀγιος
567 798 597 849 6
628 797 763 861 Θεὸς
787 799 816 851 6
843 801 1112 854 κατοικῶν
1140 803 1203 855 ἐν
1225 802 1477 873 ὑψηλοῖς·
1504 806 1808 882 ἐνεπλήσθη

213 885 365 939 Σιὼν
419 887 653 959 κρίσεως
702 888 799 941 καὶ
852 889 1216 962 δικαιοσύνης.
1246 912 1264 943 ι
1319 894 1553 966 Νοήσεις
1599 898 1657 950 δὲ
1710 900 1810 970 τὴν

214 977 368 1031 Σιὼν
419 979 529 1031 ἀπὸ
570 977 665 1030 τοῦ
728 977 981 1048 λέγεσθαι
1034 982 1268 1053 κρίσεως
1322 985 1419 1038 καὶ
1463 986 1809 1061 δικαιοσύνης

214 1068 618 1140 πεπληρῶσθαι
654 1069 847 1139 αὐτήν.
891 1071 977 1122 Ἐν
1009 1070 1067 1123 δὲ
1107 1076 1221 1137 τοῖς
1261 1069 1518 1147 ἀνωτέρω
1556 1078 1804 1145 ἐλέγετο·

219 1176 239 1209 ι
271 1158 391 1211 Καὶ
417 1159 787 1213 ἀναπαύσεται
822 1163 880 1214 ἐν
908 1166 974 1234 τῇ
1018 1164 1211 1234 ἐρήμῳ
1254 1169 1428 1237 κρῖμα
1472 1169 1566 1225 καὶ
1607 1168 1810 1223 δικαιο-

215 1246 384 1319 σύνη.
411 1269 430 1300 ι
470 1250 581 1320 Τὴν
625 1252 881 1323 ἀνωτέρω
925 1255 1100 1307 τοίνυν
1151 1256 1357 1327 ἔρημον
1412 1256 1807 1333 ὠνομασμένην

214 1336 319 1390 νῦν
354 1339 495 1392 Σιὼν
524 1342 813 1407 ἀποκαλεῖ,
858 1344 999 1398 οὕτω
1030 1346 1128 1417 τὴν
1176 1349 1497 1420 Ἐκκλησίαν
1540 1350 1635 1404 τοῦ
1670 1352 1807 1405 Θεοῦ

216 1431 528 1513 σημαίνων.
555 1432 702 1502 Αὕτη
757 1434 865 1505 γὰρ
908 1430 974 1506 ἧν
1004 1438 1036 1506 ή
1069 1437 1233 1491 πάλαι
1280 1439 1503 1509 ἕρημος,
1548 1437 1667 1515 ὲνῇ
1710 1445 1806 1497 ἀν-

214 1521 501 1574 επαύσατο
540 1526 712 1594 κρῖμα
752 1527 845 1577 καὶ
889 1525 1197 1599 δικαιοσύνη
1220 1546 1233 1558 ·
1262 1529 1341 1582 διὸ
1372 1532 1466 1585 καὶ
1506 1532 1806 1602 εὐλογεῖται

214 1609 317 1664 νῦν
354 1614 385 1664 6
434 1612 602 1678 Θεὸς,
647 1615 729 1667 ὅτι
790 1616 1093 1688 ἐνεπλήσθη
1157 1620 1390 1689 κρίσεως
1448 1624 1541 1676 καὶ
1596 1623 1805 1678 δικαιο-

217 1705 415 1774 σύνης.

294 1812 314 1844 r
361 1797 451 1848 Ἐν
480 1796 629 1867 νόμῳ
679 1799 1169 1871 παραδοθήσονται,
1211 1804 1269 1854 ὲν
1304 1802 1659 1875 θησαυροῖςή
1706 1824 1810 1859 σω-

214 1885 388 1955 τηρία
434 1886 593 1955 ἡμῶν
614 1904 627 1916 ’
661 1888 778 1939 ἐκεῖ
810 1888 971 1957 σοφία
1000 1889 1095 1941 καὶ
1127 1892 1404 1962 ἐπιστήμη
1438 1894 1531 1944 καὶ
1560 1893 1809 1946 εὐσέϐεια

217 1977 361 2046 πρὸς
392 1977 486 2029 τὸν
521 1978 742 2049 Κύριον.
769 1972 927 2033 Οὗτοί
955 1982 1061 2033 εἰσι
1102 1981 1363 2054 θησαυροὶ
1405 1985 1801 2055 δικαιοσύνης.»

217 2069 394 2139 Νόμῳ
422 2071 533 2139 γάρ
551 2111 566 2133 ,
593 2071 791 2141 δηλαδὴ
821 2072 1187 2143 εὐαγγελικῷ,
1246 2075 1293 2126 οἳ
1316 2076 1430 2145 (40)
1467 2079 1524 2129 ὲν
1554 2080 1619 2148 τῇ
1647 2082 1799 2148 κοινῇ

214 2156 393 2227 ταύτῃ
442 2158 580 2210 Σιὼν
610 2159 983 2230 παρεδόθησαν
1003 2178 1015 2189 ·
1052 2162 1109 2213 ἐν
1147 2162 1324 2215 ἐλπίσι
1354 2163 1459 2233 γὰρ
1487 2168 1597 2227 τοῖς
1630 2165 1807 2233 ἁγίοις

216 2247 503 2299 ἀπόκειται
560 2248 627 2300 τὰ
669 2248 866 2316 ἀγαθά.
918 2249 1095 2312 Ποίοις
1146 2249 1205 2301 δὲ
1266 2249 1560 2321 θησαυροῖς
1617 2253 1799 2322 ἢτοῖς

220 2340 605 2407 ἀποκειμένοις
628 2341 684 2390 ὲν
708 2339 955 2410 οὐρανοῖς
976 2357 990 2404 ;

363 2430 495 2481 Ἰδοὺ
543 2430 598 2482 δὲ
630 2431 687 2481 ὲν
719 2431 796 2500 τῷ
822 2430 972 2500 φόϐῳ
1019 2430 1172 2501 ὑμῶν
1202 2426 1345 2484 οὗτοι
1380 2432 1800 2503 φοϐηθήσονται,

218 2519 311 2581 ui);
360 2517 673 2587 ὲςεοϐεῖσθε·
712 2517 993 2589 βοήσονται
1029 2520 1120 2587 ἀφ’
1166 2519 1338 2587 ὑμῶν,
1367 2537 1383 2568 ι
1428 2518 1613 2571 Ταῦτα
1666 2518 1802 2589 πρὸς

220 2610 343 2671 τοὺς
379 2609 710 2670 ἀποστόλους
762 2609 1009 2679 εἴρηται·
1056 2611 1392 2661 ἐπιπεσεῖται
1437 2609 1565 2679 γὰρ,
1614 2610 1799 2679 φησιν,

220 2701 312 2751 ἐπὶ
346 2701 473 2757 τοὺς
512 2698 772 2761 ἀπίστους
805 2700 833 2749 ὸ
863 2697 1123 2768 ὑμέτερος
1157 2697 1337 2767 φόϐος.

294 2810 313 2840 ι
361 2788 620 2855 Ἄγγελοι
686 2789 1151 2860 ἀποσταλήσονται
1218 2789 1433 2861 πικρῶς
1503 2789 1795 2852 κλαίοντες.

231 2882 717 2949 Ἐρημωθήσονται
767 2879 876 2951 γάρ
924 2882 979 2933 αἱ
1026 2881 1227 2933 τούτων
1278 2880 1423 2932 ὁδοί·
1456 2882 1731 2934 πέπαυται
1772 2884 1800 2934 6

216 2974 381 3041 φόϐος
416 2972 525 3036 τῶν
566 2971 754 3036 ἐθνῶν,
804 2972 899 3025 καὶ
931 2974 963 3042 ἡ
1012 2973 1148 3043 πρὸς
1185 2974 1405 3037 τούτους
1437 2974 1667 3044 διαθήκη
1714 2973 1797 3026 αἶ-

1919 444 2012 513 qui
2042 458 2147 497 non
2177 442 2338 497 modo
2376 450 2483 495 tam
2510 438 2688 509 parvi,
2720 450 2882 506 quam
2923 438 3103 507 magni
3135 451 3323 492 eorum
3368 452 3498 507 spo-

1919 535 1988 589 lia
2023 534 2425 604 diripient,sed
2462 533 2628 588 etiam
2677 529 2812 601 ipsis
2865 528 3111 583 illudent.
3158 528 3283 584 llaec
3332 544 3498 598 porro

1916 627 1986 681 de
2042 626 2108 680 iis
2164 626 2394 684 locutus.
2441 622 2506 675 ad
2551 620 2852 675 Ecclesiam
2896 619 2989 674 Dei
3032 620 3350 688 pertransit,
3401 621 3496 676 ubi

1920 718 2085 771 Deum
2114 715 2199 769 his
2221 714 2401 769 verbis
2428 712 2671 768 celebrat
2698 727 2712 761 :

1990 805 2151 859 Vens.
2182 804 2236 859 5.
2282 822 2301 855 ι
2328 803 2569 857 Sanctus
2594 801 2756 863 Deus,
2779 798 2872 869 qui
2905 798 3113 854 habitat
3146 799 3199 852 in
3225 799 3494 855 excelsis:

1916 896 2123 964 repleta
2150 905 2234 949 est
2269 895 2399 949 Sion
2442 892 2648 962 judicio
2695 900 2749 945 et
2792 890 3026 959 iustitia.
3052 906 3071 941 ι
3113 889 3245 944 Sion
3270 904 3390 960 quae
3420 890 3496 945 sit

1916 984 2000 1039 vel
2044 984 2170 1039 inde
2220 982 2514 1053 intelligas,
2549 981 2693 1049 quod
2743 980 2961 1034 dicatur
3005 978 3155 1034 illam
3190 977 3402 1047 judicio
3437 988 3495 1034 et

1910 1073 2123 1143 justitia
2165 1074 2427 1140 repletam
2479 1084 2622 1125 esse.
2661 1068 2925 1137 Superius
2954 1076 3136 1123 autem
3164 1068 3491 1124 dicebatur:

1920 1184 1939 1216 ι
1966 1164 2029 1218 Et
2062 1166 2367 1234 requiescet
2422 1162 2477 1216 in
2537 1164 2752 1215 deserto
2780 1158 3045 1227 judicium
3099 1170 3156 1214 et
3184 1160 3427 1230 juStltia.
3465 1180 3488 1215 ι

1914 1254 2045 1309 Eam
2096 1255 2280 1322 igitur,
2334 1267 2455 1322 qua
2494 1254 2742 1319 superius
2778 1250 3051 1306 desertum
3098 1262 3346 1315 vocatur,
3376 1252 3490 1323 jam

1915 1346 2046 1400 Sion
2080 1353 2393 1414 nuncupat;
2437 1354 2600 1413 atque
2630 1346 2701 1396 ita
2738 1341 3035 1397 Ecclesiam
3067 1341 3165 1396 Dei
3195 1342 3485 1413 signiﬁcat.

1914 1433 2040 1489 Haec
2068 1435 2266 1504 quippe
2291 1444 2409 1489 erat
2441 1434 2531 1488 illa
2554 1434 2680 1489 olim
2706 1430 2960 1497 solitudo,
2998 1433 3050 1485 in
3073 1448 3177 1503 qua
3220 1434 3491 1504 requievit

1908 1526 2172 1597 judicium
2215 1535 2272 1580 et
2294 1523 2505 1592 iustitia
2531 1540 2547 1580 :
2572 1526 2926 1594 quamobrem
2979 1540 3123 1581 nunc
3155 1525 3295 1581 Deus
3324 1526 3488 1582 bene-

1910 1618 2130 1682 dicitur,
2156 1615 2282 1685 quia
2308 1614 2512 1685 repleta
2533 1625 2617 1670 est
2632 1616 2843 1685 judicio
2863 1625 2918 1670 et
2932 1615 3163 1684 iustitia.

1981 1795 2147 1850 Vens.
2184 1795 2237 1850 6.
2269 1814 2288 1847 ι
2317 1794 2372 1848 In
2406 1794 2526 1865 lege
2557 1795 2860 1858 tradentur,
2917 1795 2969 1849 in
3018 1795 3289 1850 thesauris
3335 1795 3485 1850 salus

1910 1897 2099 1942 nostra
2130 1902 2141 1936 :
2170 1887 2282 1940 illic
2333 1886 2600 1955 sapientia
2644 1896 2701 1938 et
2749 1886 2974 1940 scientia
3025 1897 3081 1939 et
3132 1888 3306 1955 pietas
3340 1880 3483 1957 apud

1912 1975 2219 2029 Dominum.
2268 1975 2331 2028 IIi
2372 1984 2498 2029 sunt
2538 1976 2778 2029 thesauri
2807 1976 3052 2045 justitite.
3085 1994 3104 2028 ι
3154 1975 3279 2045 Legi
3310 1978 3479 2041 enim,

1908 2068 2156 2122 videlicet
2200 2067 2544 2137 evangelica},
2593 2070 2686 2135 qui
2742 2068 2796 2121 itt
2848 2067 2951 2122 hac
3007 2067 3282 2121 communi
3348 2068 3482 2123 Sion

1909 2159 2155 2213 habitant
2186 2160 2371 2212 traditi
2408 2168 2534 2213 sunt
2564 2177 2577 2212 :
2606 2159 2813 2214 sanctis
2867 2160 3067 2229 quippe
3114 2159 3252 2212 bona
3296 2162 3349 2213 in
3386 2174 3483 2230 spe

1908 2250 2188 2303 recondita
2235 2259 2403 2312 sunt;
2446 2249 2501 2301 in
2539 2250 2736 2317 quibus
2760 2259 2939 2303 autem
2968 2248 3259 2312 thesauris,
3288 2248 3390 2302 nisi
3425 2250 3481 2303 in

1908 2339 1973 2393 iis
1995 2338 2085 2407 qui
2116 2341 2166 2391 in
2190 2339 2343 2392 caelis
2369 2346 2493 2391 sunt
2527 2338 2798 2406 repositi?

1977 2433 2139 2484 Vens.
2168 2432 2221 2482 7.
2257 2450 2275 2481 ι
2301 2431 2439 2485 Ecce
2464 2438 2611 2484 certe
2652 2430 2703 2481 in
2743 2430 2935 2481 timore
2986 2437 3171 2482 restrc
3206 2425 3293 2481 isti
3321 2428 3479 2480 time-

1906 2523 2059 2587 bunt,
2106 2536 2241 2589 quos
2294 2520 2567 2573 tintehatis
2598 2538 2611 2571 :
2638 2519 2949 2572 clamabunt
2994 2533 3021 2568 a
3066 2518 3241 2571 vobis.
3272 2537 3289 2569 ι
3350 2515 3477 2571 Haec

1905 2613 2161 2682 apostolis
2193 2614 2448 2665 dicuntur
2483 2631 2494 2665 :
2523 2610 2725 2664 incidet
2767 2610 2937 2674 enim,
2986 2609 3082 2673 ait,
3116 2610 3278 2663 timor
3307 2609 3477 2663 vestri

1905 2706 1958 2757 in
1991 2702 2317 2759 incredulos.

1973 2790 2137 2846 Vens.
2167 2792 2221 2855 8,
2254 2792 2306 2843 9.
2342 2808 2359 2841 ι
2383 2788 2573 2859 Angeli
2608 2787 2892 2842 mittentur
2924 2802 3108 2841 amare
3131 2786 3339 2841 ﬂentes.
3373 2787 3478 2840 De-

1904 2894 2161 2939 sercutur
2188 2884 2332 2936 enim
2360 2896 2546 2936 eorum
2579 2881 2678 2935 via:
2714 2898 2726 2933 :
2764 2881 2995 2933 cessarit
3027 2879 3188 2932 timor
3210 2879 3475 2948 gentium,

1903 2991 1956 3034 et
1992 2986 2373 3032 testamentum
2402 2990 2527 3027 cum
2553 2974 2659 3029 illis
2682 2974 2874 3026 initum
2901 2972 3107 3026 tollitur
3138 2989 3151 3024 :
3187 2986 3284 3025 nec
3316 2988 3475 3040 repu-

220 3039 410 3131 ρεται,
461 3061 555 3112 καὶ
614 3061 675 3112 οὺ
741 3062 815 3131 μὴ
876 3039 1158 3131 λογίσησθε
1211 3065 1406 3127 αὐτοὺς
1453 3039 1792 3134 ἀνθρώπους.

1905 3068 2088 3120 tahitis
2121 3080 2217 3119 eos
2281 3066 2549 3119 homines.
2599 3062 2765 3117 Lusit
2820 3072 3005 3125 terra;
3047 3063 3265 3115 erubuit
3312 3061 3472 3116 Liba-

227 3149 559 3219 Ἐπένθησεν
601 3150 768 3219 ήγῆ,
818 3151 1057 3221 ᾐσχύνθη
1101 3155 1128 3205 6
1160 3153 1408 3217 Λίϐανος,
1450 3154 1544 3222 ἕλη
1580 3155 1796 3221 ἐγένετο

216 3242 248 3311 ἠ
277 3242 492 3312 Σάρων,
536 3240 744 3310 φανερὰ
774 3240 925 3294 ἔσται
958 3244 991 3311 ή
1029 3242 1285 3296 Γαλιλαία
1326 3246 1420 3297 καὶ
1444 3249 1471 3297 ὁ
1508 3245 1745 3316 Χέρμελ.
1769 3265 1789 3297 ι

226 3331 284 3387 ὐ
330 3334 431 3403 μὲν
485 3328 580 3385 οὖν
646 3332 1027 3403 φιλάνθρωπος
1081 3334 1212 3398 Θεὸς
1262 3337 1523 3404 ἀγγέλους
1571 3340 1795 3409 εἰρήνης

214 3425 500 3477 ἀπέστειλε
542 3424 678 3494 πρὸς
716 3424 807 3475 τὸν
843 3424 1109 3479 Ἰουδαίων
1154 3426 1301 3489 λαὸν,
1335 3430 1545 3499 πικρῶς
1578 3431 1792 3483 κλαίον-

212 3531 304 3578 τας
346 3516 444 3568 καὶ
474 3517 927 3585 παρακαλοῦντας
969 3518 1328 3581 ὑποδέξασθαι
1370 3520 1467 3589 τὴν
1512 3521 1795 3588 εὐαγγελι-

214 3605 311 3674 κὴν
340 3607 532 3668 αὐτοῖς
578 3608 819 3677 εἰρήνην.
868 3606 1025 3660 Ἐπεὶ
1062 3607 1117 3659 δὲ
1159 3609 1255 3660 οὐκ
1289 3608 1532 3672 ἐδέξαντο
1575 3612 1791 3676 αὐτοὺς,

212 3695 464 3765 ἐπιφέρει
495 3697 738 3763 φάσκωνο

283 3804 301 3836 r
331 3786 450 3839 Νῦν
468 3788 866 3857 ἀναστήσομαι,
895 3787 1041 3855 λέγει
1059 3790 1087 3840 6
1105 3788 1325 3859 Κύριος,
1352 3788 1446 3841 νῦν
1471 3789 1791 3860 δοξασθήσο-

211 3893 330 3944 ttat,
348 3877 447 3929 νῦν
464 3877 845 3948 ὑψωθήσομαν
862 3897 881 3929 ι
915 3878 1009 3930 τοῦ
1037 3878 1191 3945 λόγου
1219 3880 1587 3949 παριστῶντος
1606 3881 1791 3949 σαφῶς

208 3967 547 4037 ὀφθήσεσθαι
579 3968 669 4020 τὸν
684 3968 814 4021 Θεὸν
831 3969 1033 4031 αὐτοῖς.
1066 3970 1185 4022 Τίσι
1208 3970 1263 4022 δὲ
1292 3970 1492 4032 αὐτοῖς,
1510 3973 1541 4040 ἢ
1562 3974 1676 4033 τοῖς
1694 3973 1789 4040 θη-

210 4056 539 4124 σαθδρίσασιν
553 4056 762 4117 ἑαυτοῖς
778 4057 901 4117 τοὺς
915 4056 1013 4123 τῆς
1029 4056 1369 4127 δικαιοσύνης
1384 4060 1475 4110 καὶ
1490 4059 1585 4127 τῆς
1601 4060 1789 4126 σοφίας

206 4146 552 4217 θησαυρούς;
600 4147 820 4209 Τούτοις
873 4148 1000 4218 γὰρ,
1048 4148 1231 4217 φησὶν,
1276 4148 1614 4218 ὀφθήσομαι·
1650 4146 1787 4219 ἦσαν

203 4238 257 4292 δὲ
304 4234 458 4293 οὗτοι
503 4241 552 4289 οἱ
616 4238 854 4308 μαθηταὶ
904 4240 997 4291 καὶ
1060 4239 1343 4291 ἀπόστολοι
1386 4240 1478 4291 τοῦ
1541 4242 1788 4311 Σωτῆρος

1900 3172 2002 3209 nus
2029 3172 2043 3218 ;
2076 3154 2228 3225 palus
2258 3154 2399 3207 facta
2451 3161 2537 3206 est
2568 3151 2765 3215 Sarou,
2801 3152 3083 3205 manifesta
3115 3153 3220 3205 erit
3248 3150 3473 3206 Galilma

1898 3258 1951 3301 ct
1979 3246 2252 3301 Chermel.
2287 3264 2304 3295 ι
2339 3244 2593 3300 Clemens
2634 3244 2817 3313 itaque
2878 3243 3016 3297 Deus
3068 3243 3289 3313 angelos
3322 3244 3474 3310 pacis

1899 3337 2040 3390 misit
2070 3333 2135 3388 ad
2164 3332 2469 3387 Judzeorutn
2507 3331 2785 3401 populum,
2816 3345 3000 3384 amare
3038 3330 3248 3394 ﬂentes,
3290 3347 3352 3382 ac
3382 3346 3474 3384 co-

1898 3431 2176 3484 hortantes
2212 3436 2270 3479 ut
2306 3424 2672 3493 evangelieam
2745 3423 2848 3476 sibi
2901 3436 3088 3490 pacem
3142 3424 3470 3490 reciperent.

1895 3522 2160 3589 Quoniam
2196 3532 2325 3573 vero
2352 3531 2457 3569 non
2492 3522 2814 3584 receperunt
2847 3527 2963 3579 eos,
2997 3513 3068 3567 ita
3114 3511 3388 3581 subjuugit
3421 3528 3438 3567 :

1964 3788 2125 3843 Vens.
2158 3790 2245 3844 I0.
2272 3809 2289 3840 ι
2316 3789 2468 3843 Nunc
2496 3800 2810 3854 exsurgam,
2844 3785 2977 3839 dicit
3008 3785 3291 3849 Dominus,
3323 3800 3469 3840 nunc

1895 3880 2262 3949 glurilicabor,
2299 3893 2440 3932 nunc
2461 3877 2761 3950 expaltabor.
2798 3895 2817 3927 ι
2855 3874 2955 3930 His
2986 3889 3149 3945 porro
3180 3874 3469 3930 manifeste

1890 3972 2197 4027 declaratur
2230 3970 2361 4040 ipsis
2399 3967 2688 4023 videndum
2724 3969 2890 4022 Deum
2925 3982 3068 4020 esse.
3100 3966 3462 4031 Quibusnam,

1891 4064 1993 4116 nisi
2033 4064 2117 4126 iis,
2159 4062 2249 4129 qui
2302 4052 2528 4129 justitiac
2572 4068 2627 4112 et
2680 4058 2959 4127 sapientiae
3023 4058 3310 4110 thesauros
3359 4056 3465 4111 sibi

1890 4154 2313 4223 compararunt?
2367 4154 2449 4205 Ab
2510 4152 2666 4220 ipsis,
2718 4149 2917 4219 inquit,
2973 4148 3254 4202 videbor:
3304 4155 3466 4201 erant

1891 4261 2051 4315 porro
2090 4247 2177 4299 isti
2216 4244 2466 4313 discipuli
2498 4254 2553 4299 et
2598 4242 2826 4310 apostoli
2855 4239 3158 4294 Salvatoris
3190 4240 3357 4293 nostri
3385 4256 3399 4303 ;
3433 4254 3464 4292 a

203 4330 382 4399 ήμῶν,
424 4324 508 4391 οἷς
553 4328 661 4397 ἐγὼ
695 4329 793 4399 μὲν
849 4329 1064 4401 ὤφθην·
1096 4334 1143 4383 οἱ
1175 4331 1231 4383 δὲ
1270 4332 1501 4401 ἔκραξαν
1534 4335 1783 4396 ἐκτενῶς,

1901 4339 2105 4405 quibus,
2126 4338 2323 4406 inquit,
2348 4352 2447 4403 ego
2459 4335 2673 4404 quidem
2691 4333 2835 4386 visus
2850 4346 2966 4384 sum
2987 4348 3001 4393 ;
3020 4331 3091 4384 illi
3106 4345 3233 4385 vero
3250 4330 3464 4384 assidue

202 4418 429 4487 ἄγγελοι
484 4420 634 4480 ὄντες
679 4421 933 4490 εἰρήνης·
971 4421 1052 4473 διὸ
1100 4423 1193 4474 καὶ
1246 4421 1457 4492 πικρῶς
1517 4423 1785 4477 ἔκλαυσαν

1901 4429 2219 4491 clamabant,
2250 4437 2308 4481 ut
2349 4426 2524 4497 angeli
2556 4425 2706 4492 pacis
2734 4442 2747 4477 :
2779 4431 3112 4493 quapropter
3146 4436 3329 4476 amare
3365 4420 3432 4474 lle

204 4509 439 4577 βοῶντες
472 4511 528 4561 ἐν
566 4512 746 4578 εὐχαῖς
787 4512 1017 4575 ἐκτενῶς
1079 4513 1218 4583 ὑπὲρ
1263 4513 1363 4581 τῆς
1398 4514 1667 4577 ἀπωλείας
1690 4516 1783 4569 τοῦ

202 4602 477 4672 προτέρου
528 4600 676 4653 λαοῦ.
718 4598 896 4655 Ἷίσαν
934 4604 1042 4673 γὰρ
1091 4605 1140 4655 οἱ
1192 4603 1478 4655 ἀπόστολοι
1527 4607 1621 4657 τοῦ
1669 4607 1781 4658 Σω-

199 4694 367 4763 τῆρος
408 4691 567 4760 ἡμῶν
616 4694 834 4760 ἄγγελοι
858 4733 871 4755 ,
911 4696 959 4746 οἳ
1011 4694 1223 4763 πικρῶς
1274 4694 1485 4747 ἔκλαιον
1527 4695 1780 4748 πενθοῦν-

200 4800 319 4847 τες,
366 4784 459 4835 διὰ
520 4782 581 4834 τὸ
637 4783 711 4854 μὴ
763 4786 1046 4839 πείθεσθαι
1107 4785 1238 4855 μηδὲ
1296 4784 1567 4837 πιστεύειν
1605 4788 1785 4850 αὐτοῖς

199 4876 326 4936 τοὺς
378 4872 454 4925 δι’
498 4873 675 4926 αὐτῶν
723 4873 1091 4945 κεκλημένους
1124 4876 1217 4927 ἐπὶ
1262 4875 1361 4944 τὴν
1409 4874 1503 4926 τοῦ
1545 4877 1781 4946 Χριστοῦ

200 4966 449 5037 εἰρήνην-

266 5074 288 5105 (
327 5053 447 5106 Νῦν
490 5054 705 5121 ὄψεσθε,
756 5052 849 5107 νῦν
899 5053 1258 5125 αἰσθήσεσθε·
1302 5058 1501 5125 ματαία
1548 5057 1701 5110 ἕσται
1746 5063 1778 5129 ή

200 5147 360 5218 ἰσχὺς
386 5144 483 5197 τοῦ
531 5146 839 5216 πνεύματος
883 5145 1070 5215 ὑμῶν’
1117 5167 1134 5195 ι
1183 5149 1217 5217 ὴ
1260 5147 1349 5199 διὰ
1388 5150 1631 5211 Μωσέως
1684 5152 1782 5202 αὐ-

198 5242 305 5302 τοῖς
348 5237 736 5306 παραδοθεῖσα,
783 5236 1004 5299 καὶ-ὅτι
1032 5237 1205 5300 οὐδεὶς
1251 5238 1433 5291 οὐκέτι
1476 5240 1671 5300 αὐτοὺς
1706 5243 1785 5303 είς

196 5325 518 5399 ἀνθρώπους
554 5327 830 5394 λογιεῖται.
865 5345 881 5375 ι
907 5326 1025 5396 Πῦρ
1054 5328 1332 5380 κατέδεται
1395 5330 1537 5398 ὑμᾶς
1567 5346 1581 5359 υ
1629 5347 1647 5377 ›
1686 5329 1780 5399 τὴν

196 5418 457 5490 δευτέραν
519 5418 685 5471 αὐτοῦ
728 5418 824 5471 καὶ
882 5416 1088 5480 ἔνδοξον
1141 5420 1443 5491 παρουσίαν
1512 5420 1780 5488 ἐπαγγελ-

201 5509 458 5581 λόμενος,
507 5509 630 5563 καθ’
662 5508 731 5579 ἡν
782 5509 1021 5578 ὄψονται.

1892 4519 2023 4573 baut
2052 4559 2067 4581 ,
2123 4518 2455 4573 clamoribus
2507 4526 2561 4570 et
2606 4516 2952 4570 orationibus
3000 4513 3236 4567 assiduis
3297 4511 3463 4582 prisci

1891 4611 2071 4679 populi
2105 4611 2400 4677 perniciem
2427 4608 2794 4676 depiorantcs.
2831 4608 2901 4659 At
2925 4606 3066 4659 enim
3084 4604 3307 4673 apostoli
3339 4603 3432 4657 Sal

1890 4702 2095 4755 ratoris
2131 4700 2296 4754 nostri
2335 4700 2512 4769 angeli
2544 4711 2724 4764 erant,
2756 4699 2845 4767 qui
2877 4696 3088 4750 acerhis
3124 4709 3245 4751 sese
3292 4695 3442 4764 lacry

1886 4795 1989 4848 mis
2022 4794 2362 4855 dediderant,
2392 4792 2534 4859 quod
2568 4792 2623 4854 ii,
2647 4790 2739 4858 qui
2771 4789 2839 4841 ab
2872 4804 2929 4843 se
2959 4792 3025 4840 ad
3078 4800 3269 4853 pacem
3298 4786 3459 4839 Chri-

1884 4885 1953 4938 sti
1999 4883 2375 4947 vocabantur,
2433 4894 2540 4934 nnn
2594 4880 3071 4947 obtemperarent,
3128 4890 3303 4944 neque
3354 4874 3458 4930 sibi

1886 4974 2043 5027 fidem
2077 4972 2359 5025 haberent.

1958 5062 2125 5116 Vens.
2160 5063 2247 5114 Il.
2292 5080 2311 5111 ι
2335 5060 2486 5113 Nunc
2515 5059 2789 5121 videbitis,
2815 5071 2956 5110 nunc
3006 5054 3249 5109 sentietis
3276 5072 3289 5107 :
3319 5068 3457 5107 vana

1884 5152 1990 5207 erit
2020 5151 2283 5204 fortitudo
2316 5151 2542 5214 spiritus
2586 5149 2750 5201 vestri
2786 5164 2843 5198 ει
2875 5162 2995 5215 qua:
3030 5145 3163 5213 ipsis
3202 5160 3231 5198 a
3264 5145 3454 5211 Moyse

1883 5241 2007 5292 data
2045 5238 2243 5301 fuerat,
2280 5240 2406 5305 quia
2439 5253 2595 5291 nemo
2622 5237 2769 5307 ipsos
2808 5238 2859 5290 in
2892 5248 3166 5306 posterum
3209 5237 3456 5290 homines

1882 5329 2178 5397 reputabit.
2214 5348 2232 5381 ι
2260 5329 2405 5400 Ignis
2431 5330 2719 5384 devorabit
2740 5343 2861 5391 vos,
2903 5348 2921 5379 ι
2959 5328 3043 5381 his
3071 5328 3369 5380 secundum
3398 5337 3455 5380 et

1878 5421 2168 5491 gloriosum
2209 5420 2499 5476 adventum
2551 5436 2709 5475 suum
2757 5421 3069 5490 pollicetur,
3102 5434 3213 5490 quo
3251 5418 3330 5474 illi
3360 5418 3456 5475 rvi-

1877 5512 2099 5568 debunt.

256 5624 379 5696 (40)
424 5626 511 5681 Vel
562 5624 855 5693 legendum
883 5620 932 5677 οἱ
964 5625 1082 5683 sine
1113 5633 1360 5690 accentu,
1395 5625 1475 5681 vel
1514 5625 1863 5695 supplendum
1898 5624 2120 5683 verbum
2152 5624 2380 5680 οἰκοῦσι.
2418 5622 2576 5680 Eutr.
