4120 6294
705 287 810 341 327

779 405 934 457 Vens.
985 405 1172 457 12-14.
1215 404 1323 458 «Et
1374 415 1536 458 erunt
1583 415 1772 473 gentes
1829 403 2144 461 coinbustze,
2201 397 2332 452 utA

702 499 853 563 spina
890 498 940 550 in
971 511 1101 566 agro
1128 497 1364 566 projects
1391 507 1446 550 et
1474 509 1686 551 exusta.
1715 496 1950 550 Audient
1981 493 2070 561 qui
2101 493 2257 560 longe

703 597 851 650 sunt,
891 601 1009 655 quae
1045 601 1145 655 ego
1171 586 1600 654 feci,scientqui
1635 584 2069 655 appropinquant
2116 582 2259 634 forti-

705 679 946 729 tudinem
989 693 1180 731 meam.
1237 675 1599 729 Recesserunt
1649 675 1740 743 qui
1794 683 1953 726 erant
2015 674 2067 724 in
2129 670 2256 724 Sion

703 769 870 834 iniqui
897 785 908 818 :
943 766 1303 835 apprehendet
1333 776 1536 818 tremor
1565 766 1777 834 impios.
1808 783 1826 816 ι
1877 762 2099 816 Etiamsi
2146 762 2258 814 hac

703 876 808 912 non
825 861 887 912 de
903 860 1004 912 illis
1021 875 1078 912 ex
1099 855 1320 911 Iudaico
1341 857 1536 926 populo
1555 857 1896 916 vaticinetur,
1932 856 2019 921 qui
2049 869 2258 906 annun-

707 956 891 1018 tiatam
941 951 1040 1006 sibi
1089 951 1319 1020 gratiam
1354 958 1700 1017 acceperunt,
1732 963 1828 1002 vos
1862 946 2060 999 auditis
2109 945 2260 998 hisce

704 1043 1033 1112 propheticis
1088 1041 1450 1104 sermonibus,
1502 1054 1608 1093 non
1672 1039 1992 1109 intelligitis,
2023 1037 2258 1091 scientes

704 1136 837 1194 haec,
863 1149 978 1198 qua!
1013 1132 1275 1187 Hebraice
1311 1132 1460 1183 vobis
1492 1131 1771 1184 enuntiata
1803 1139 1856 1183 et
1885 1129 2082 1195 scripta
2109 1135 2254 1188 sunt,

703 1237 912 1274 necnon
944 1222 1125 1274 omnia
1175 1220 1260 1272 illa
1291 1219 1532 1289 prodigia
1563 1233 1678 1286 qua:
1706 1219 1846 1284 apud
1873 1225 2252 1279 vos'Operatus

702 1326 841 1371 Sum,
870 1319 925 1362 et
953 1324 1071 1377 qua:
1103 1309 1237 1376 apud
1267 1323 1360 1362 vos
1387 1307 1599 1360 locutus
1643 1321 1782 1370 sum,
1815 1315 2111 1358 nccnon‘ea
2141 1318 2260 1372 qua:

701 1402 1012 1453 videntibus
1058 1401 1211 1452 vobis
1262 1413 1378 1450 sum
1416 1405 1690 1464 operatus,
1724 1411 1750 1448 a
1783 1396 2032 1462 gentibus
2071 1394 2257 1462 procul

702 1493 844 1545 etad
879 1502 1116 1543 extrema
1153 1500 1313 1540 terrae
1358 1485 1595 1540 auditum
1641 1486 1726 1538 iri.
1759 1485 2034 1551 Quomodo
2077 1495 2256 1539 autem

705 1582 946 1642 audient,
995 1582 1095 1634 nisi
1141 1581 1206 1632 ad
1255 1580 1418 1630 Deum
1472 1579 1811 1638 accedentes,
1844 1593 1962 1629 cum
2003 1576 2256 1628 virtutem

702 1672 816 1734 ejus
848 1669 1210 1725 edidicerint?
1244 1668 1305 1722 Hi
1362 1681 1490 1721 vero
1539 1667 1663 1736 ipsi,
1697 1666 1948 1720 videlicet
2006 1667 2154 1734 impii
2203 1667 2255 1719 in

1368 283 1636 340 EUSEBll
1677 275 2137 338 CESARIENSIS
2173 272 2322 327 OPP.
2364 269 2548 324 PARS
2587 267 2677 322 lll.
2716 297 2786 308 ——
2818 265 3227 323 EXEGETICA.

3822 267 3930 323 528

2437 407 2454 440 ι
2488 389 2597 441 Καὶ
2640 388 2847 441 ἔσονται
2893 386 3021 456 ἔθνη
3072 382 3558 454 κατακεκαυμένα,
3598 383 3673 446 ῶς
3719 381 3930 438 ἄκανθα

2361 479 2419 528 ἐν
2469 475 2624 546 ἀγρῷ
2687 474 2989 546 ὲρῤιμμένη
3053 474 3145 526 καὶ
3208 471 3682 541 κατακεκαυμένη.
3735 473 3928 526 ’Δκού-

2361 584 2542 620 σονται
2585 567 2633 616 οἱ
2669 563 2944 633 πόρρωθεν
2988 562 3024 614 ἄ
3057 562 3306 630 ἐποίησα,
3355 561 3648 630 γνώσονται
3692 563 3740 612 οἱ
3775 561 3929 629 ἐγγί-

2362 658 2543 723 ζοντες
2585 657 2683 727 τὴν
2733 655 2881 726 ίσχύν
2917 673 3036 725 μου.
3077 655 3414 723 Ἀπέστησαν
3443 655 3491 706 ot
3533 655 3591 706 ὲν
3637 652 3774 705 Σιὼν
3806 653 3927 705 ἀνο-

2363 765 2484 820 μοι·
2523 747 2747 818 λήψεται
2779 745 2976 815 τρόμος
3014 746 3138 806 τοὺς
3177 744 3411 807 ἀσεϐεῖς.
3439 763 3458 796 ι
3500 745 3562 796 Ei
3615 745 3710 796 καὶ
3753 742 3929 796 ταῦτα

2362 843 2436 912 μὴ
2469 841 2596 910 περὶ
2627 838 2736 891 τῶν
2769 837 3072 906 δεξαμένων
3114 834 3212 904 τὴν
3241 834 3714 903 εὐαγγελισθεῖσαν
3745 835 3929 895 αὐτοῖς

2360 934 2516 1002 χάριν
2553 929 2819 984 Ἰουδαίων
2861 928 2991 982 λαοῦ
3036 926 3315 990 θεσπίζει,
3363 928 3552 996 ὑμεῖς,
3601 925 3772 996 ἀκοὴν
3818 925 3932 977 τῶν

2361 1019 2711 1100 προφητικῶν
2759 1018 2959 1071 τούτων
3013 1019 3184 1086 λόγων
3236 1017 3557 1080 ἀκούοντες,
3606 1018 3665 1070 οὐ
3716 1015 3931 1070 συνίετε

2359 1114 2731 1182 γινώσκοντες,
2759 1111 2838 1163 ὅτι
2863 1110 3032 1163 ταῦτα
3059 1109 3286 1179 τὰσπρὸς
3310 1109 3453 1178 ὑμᾶς
3484 1107 3742 1178 Ἐϐραῖκῇ
3773 1109 3927 1177 φωνῇ

2359 1204 2660 1274 λαλούμενά
2688 1216 2744 1254 τε
2776 1201 2868 1253 καὶ
2912 1201 3251 1270 γραφόμενα,
3291 1201 3389 1252 ὅσα
3420 1215 3478 1252 τε
3510 1199 3641 1252 ἄλλα
3673 1200 3932 1269 θαύματα

2360 1296 2439 1355 είς
2475 1294 2616 1360 ὑμᾶς
2650 1281 3054 1360 ἐξεπραξάμην,
3091 1290 3139 1340 oi
3174 1287 3450 1358 πόρρωθεν
3496 1286 3588 1340 καὶ
3625 1286 3784 1357 μέχρι
3822 1287 3934 1340 τῶν

2358 1385 2600 1453 ἐσχάτων
2653 1384 2752 1452 τῆς
2804 1383 2904 1451 γῆς
2959 1381 3260 1444 οἰκοῦντες,
3316 1380 3410 1433 καὶ
3459 1379 3601 1449 ἅπερ
3634 1382 3764 1450 παρ’
3799 1380 3932 1449 ὑμῖν

2358 1477 2630 1544 ἐλάλησα,
2674 1475 2768 1527 καὶ
2816 1473 2967 1544 ὑμῶν
3032 1473 3284 1544 ὁρώντων
3329 1474 3590 1541 ἐποίησα,
3621 1475 3670 1524 ot
3717 1475 3776 1524 tv
3817 1477 3932 1535 τοῖς

2359 1568 2556 1636 πέρασι
2594 1568 2691 1636 τῆς
2734 1566 3050 1634 οἰκουμένης
3079 1565 3414 1618 ἀκούσονται.
3453 1565 3575 1627 Πῶς
3602 1565 3657 1617 δὲ
3692 1564 3932 1632 γνώσον-

2357 1674 2448 1710 ται
2492 1657 2604 1710 ἀλλ’
2645 1657 2676 1726 ἢ
2731 1657 3042 1724 ἐγγίσαντες
3079 1654 3156 1725 τῷ
3202 1655 3351 1725 Θεῷ,
3393 1657 3488 1708 καὶ
3541 1656 3934 1725 προσελθόντες

704 1761 832 1814 Sion
870 1768 1167 1823 versantes,
1213 1774 1319 1828 quo
1360 1767 1516 1825 pacto
1561 1771 1590 1809 a
1644 1771 1726 1809 me
1754 1757 2093 1820 recesserint,
2131 1771 2259 1823 cog-

2361 1749 2508 1818 αύτῷ
2548 1748 2641 1800 καὶ
2678 1748 2774 1816 τὴν
2807 1748 2959 1815 ἰσχὺν
3006 1745 3167 1798 αὑτοῦ
3218 1744 3628 1816 μεμαθηκότες;
3674 1739 3834 1798 Οὗτοι
3873 1745 3936 1799 δὲ

702 1863 971 1907 noscent:
1004 1868 1108 1920 qua
1149 1852 1216 1904 de
1268 1864 1453 1912 causa,
1503 1849 1574 1903 ob
1624 1845 1978 1902 defectionem
2029 1848 2255 1910 scilicet,

705 1954 906 1999 tremor
933 1944 1149 1998 invadet
1175 1942 1316 1998 illos.

774 2120 1217 2188 Vens.15.tQtiis
1247 2120 1586 2175 annuntiabit
1607 2120 1753 2175 vobis
1772 2121 1943 2188 ignem
1973 2134 2258 2174 acccnsun.

701 2212 858 2266 esse?
889 2213 1018 2278 Quis
1051 2211 1388 2266 annuntiabit
1429 2212 1579 2265 vobis
1621 2212 1792 2266 locum
1829 2212 2126 2265 aeternum?
2158 2210 2258 2274 Qui

702 2301 945 2354 ambulat
975 2303 1025 2353 iu
1064 2301 1296 2370 justitia,
1331 2301 1421 2370 qui
1463 2300 1698 2369 loquitur
1732 2310 1930 2354 rectam
1968 2295 2128 2364 viam,
2165 2301 2257 2368 qui

702 2393 816 2444 odit
849 2392 1190 2458 iniquitatem
1219 2402 1272 2446 et
1305 2393 1642 2459 iujustitiam,
1672 2391 1760 2458 qui
1792 2406 1979 2443 manus
2003 2392 2204 2444 excutit
2229 2406 2257 2443 a

708 2483 1041 2545 muneribus,
1086 2484 1174 2550 qui
1230 2484 1446 2535 obturat
1487 2498 1664 2542 aures,
1700 2496 1764 2533 ne
1789 2481 1964 2532 audiat
1996 2479 2256 2546 judicium

703 2574 999 2640 sanguinis,
1023 2575 1108 2641 qui
1124 2572 1324 2625 claudit
1344 2573 1545 2633 oculos,
1565 2589 1628 2626 ne
1648 2573 1823 2624 videat
1844 2572 2203 2638 iniquitatem.
2235 2592 2252 2622 ι

703 2661 793 2714 Ait
822 2663 1012 2730 igitur:
1041 2681 1057 2710 ι
1089 2663 1216 2726 Quis
1233 2664 1566 2715 annuutiabit
1594 2663 1741 2714 vobis
1775 2663 1948 2729 ignem
1970 2678 2257 2716 accensum

703 2767 852 2814 esse,
888 2770 904 2798 ι
958 2765 1199 2820 paratum
1253 2753 1462 2806 diabolo
1521 2765 1574 2807 et
1641 2755 1846 2822 angelis
1907 2753 2064 2821 ejus?
2125 2754 2258 2818 Quis

703 2855 833 2909 ergo
859 2841 958 2892 ista
998 2843 1296 2905 cognoscit,
1326 2853 1385 2895 ut
1430 2844 1616 2895 eadem
1654 2845 2019 2896 nescientibus
2072 2843 2260 2896 teStiti-

706 2940 893 2991 cetur,
927 2931 1026 2983 nisi
1086 2933 1329 2998 quisquis
1382 2932 1619 2985 ambulat
1677 2934 1726 2985 in
1783 2934 2013 3002 justitia,
2060 2943 2113 2987 et
2150 2935 2261 2987 odit

707 3019 1034 3087 impietatem
1061 3032 1113 3073 et
1137 3021 1450 3089 injuslitiam
1479 3039 1490 3084 ;
1518 3023 1551 3074 ii
1607 3024 1694 3090 qui
1724 3039 1946 3075 munera
1979 3031 2254 3090 respuunt,

707 3118 762 3160 ct
794 3124 952 3161 aures
983 3110 1254 3171 obturant,
1291 3123 1353 3161 ne
1384 3111 1602 3162 audiant
1630 3111 1890 3176 judicium
1943 3113 2247 3179 sanguinis,

707 3198 1002 3267 oculosque
1039 3199 1309 3263 claudunt,
1347 3215 1415 3253 ne
1465 3201 1677 3253 videant
1729 3204 1971 3269 iniquum
2009 3202 2259 3256 facinus?

710 3286 855 3344 Talis
880 3301 996 3344 erat
1027 3294 1222 3344 chorus
1268 3293 1647 3359 prophetarum
1686 3292 1798 3356 Dei,
1831 3305 1882 3345 et
1917 3295 2141 3359 quilibet
2180 3297 2261 3348 vir

709 3381 1007 3448 religiosus,
1028 3381 1223 3434 chorus
1250 3381 1371 3433 item
1402 3381 1763 3449 apostolorum
1798 3391 1850 3433 et
1879 3381 2258 3446 discipulorum

709 3470 1007 3522 Salvatoris
1045 3474 1235 3524 nostri.
1267 3472 1519 3540 Quisquis
1553 3473 1733 3541 igitur,
1769 3474 1940 3533 aiunt,
1988 3474 2262 3541 hujusmo-

707 3560 761 3612 di
783 3561 905 3619 erit,
937 3559 981 3611 is
1004 3560 1341 3613 auuuutiabit
1373 3561 1548 3622 nobis,
1587 3562 1764 3628 ignem
1808 3561 1988 3629 impiis
2012 3573 2257 3631 paratum

709 3665 995 3702 accensum
1030 3664 1184 3702 esse:
1225 3651 1470 3718 idemque
1512 3651 1626 3718 ipse
1666 3651 1843 3704 locum
1883 3654 2035 3705 nobis
2069 3653 2258 3706 aeterni

702 3739 889 3808 judicii
927 3742 1201 3804 indicabit,
1237 3751 1570 3795 contestatus
1596 3742 1893 3795 cavendqu
1926 3756 2067 3806 esse,
2101 3753 2160 3796 ut
2196 3758 2262 3797 ne

707 3848 774 3887 eo
799 3834 1123 3888 decidamus.

784 4011 941 4064 Vens.
981 4011 1065 4063 16.
1122 4027 1140 4059 ι
1203 4009 1299 4063 llic
1344 4009 1605 4064 habitabit
1653 4010 1704 4063 in
1745 4009 1958 4065 excelsa
1997 4009 2262 4078 spelunca

709 4115 872 4169 petrae
905 4092 1072 4155 ﬁruize
1105 4119 1116 4152 :
1147 4100 1299 4168 panis
1325 4102 1372 4152 ei
1407 4100 1638 4163 dabitur,
1692 4109 1746 4154 et
1790 4114 1925 4168 aqua
1968 4099 2085 4167 ejus
2133 4100 2263 4153 tide—

709 4195 792 4247 lis.
829 4212 846 4243 ι
883 4192 1022 4245 Idem
1063 4193 1177 4260 ipse
1225 4190 1408 4257 procul
1458 4191 1580 4255 igne
1606 4228 1620 4252 ,
1655 4199 1708 4243 et
1741 4201 2035 4243 memorato
2061 4201 2265 4243 :eterno

707 4286 825 4338 loco
856 4294 1090 4336 remotus
1116 4324 1128 4346 ,
1164 4281 1428 4335 habitabit
1459 4281 1510 4334 in
1557 4281 1767 4335 excelsa
1798 4281 2048 4348 spelunca
2074 4320 2087 4341 ,
2123 4289 2176 4333 et
2211 4281 2263 4334 in

707 4385 857 4444 petra
892 4375 1065 4426 ﬁrma.
1119 4371 1424 4424 Secundum
1460 4369 1842 4440 Symmachum
1875 4385 2002 4424 vero
2027 4407 2044 4434 ,
2082 4387 2100 4419 ι
2148 4369 2266 4437 lpse
2296 4412 2339 4467 Β

708 4469 760 4519 in
793 4464 1018 4517 excelsis
1059 4463 1364 4526 habitabit,
1413 4462 1565 4528 quasi
1605 4463 1936 4514 munimenta
1993 4471 2263 4528 petrarum

709 4553 1008 4607 sublimitas
1035 4551 1185 4618 ejus;
1228 4567 1247 4600 ι
1281 4558 1337 4601 ut
1367 4563 1433 4601 ex
1474 4548 1554 4601 his
1583 4549 1860 4601 beatorum
1907 4547 2223 4601 exercitium
2250 4585 2266 4610 ,

706 4655 763 4700 et
794 4645 1098 4697 institutum
1127 4643 1249 4694 vita:
1287 4641 1341 4694 in
1394 4654 1598 4693 summa
1645 4639 1984 4706 philosophia
2035 4638 2267 4706 positum

710 4736 1069 4804 intelligamus
1099 4751 1110 4785 :
1141 4731 1488 4802 quamobrem
1532 4730 1780 4792 infertur,
1825 4749 1842 4782 ι
1879 4729 2040 4783 Panis
2087 4731 2135 4784 ei
2171 4731 2266 4782 da-

708 4829 870 4892 bitur,
898 4838 951 4880 et
979 4841 1114 4895 aqua
1149 4827 1262 4893 ejus
1303 4822 1492 4878 ﬁdelis.
1535 4842 1554 4874 ›
1590 4822 1733 4878 Talis
1759 4833 1936 4878 autem
1971 4823 2133 4878 homo
2169 4839 2267 4891 pa-

708 4940 772 4974 ne
794 4931 845 4974 et
867 4935 1006 4987 aqua
1048 4921 1098 4971 in
1130 4919 1381 4986 praesenti
1411 4918 1518 4970 vita
1563 4919 1628 4971 ad
1665 4919 1978 4973 alimentum
2023 4934 2169 4981 usus,
2205 4918 2261 4969 iu

705 5013 1114 5067 exercitationis
1154 5013 1437 5065 terminum
1473 5023 1524 5065 et
1562 5011 1816 5074 fructum,
1854 5015 2142 5083 gloriosam
2182 5027 2264 5066 re-

707 5107 788 5174 gis
816 5104 1314 5170 contemplationem
1342 5102 1539 5157 referet
1567 5127 1579 5159 :
1620 5117 1946 5173 quapropter
1968 5108 2045 5160 ait
2076 5125 2089 5159 :

778 5201 940 5256 Vens.
975 5200 1186 5257 17-19.
1245 5217 1262 5250 ι
1301 5200 1497 5270 Regem
1564 5213 1681 5252 cum
1750 5199 1915 5268 gloria
1973 5196 2262 5261 videbitis,

707 5293 847 5346 oculi
886 5294 1046 5347 vestri
1095 5302 1317 5346 cernent
1369 5301 1564 5344 terram
1600 5290 1786 5359 procul
1819 5308 1831 5343 :
1865 5290 2048 5342 anima
2081 5300 2260 5342 vestra

712 5385 1050 5439 meditabitur
1094 5387 1364 5438 timorem.
1435 5382 1529 5437 Ubi
1580 5392 1702 5436 sunt
1757 5382 2128 5449 grammatici?
2175 5379 2262 5432 tibi

710 5475 1045 5530 consiliarii?
1090 5476 1177 5529 ubi
1215 5483 1335 5538 est,
1365 5474 1455 5538 qui
1490 5483 1735 5527 numerat
1761 5490 1854 5526 eos
1883 5475 1974 5541 qui
2025 5471 2265 5524 nutriunt

710 5583 930 5633 parvum
952 5579 1005 5622 et
1028 5582 1279 5636 maguum
1313 5566 1562 5635 populum
1590 5566 1612 5616 'l
1658 5567 1742 5619 cui
1772 5580 1873 5618 non
1907 5565 2054 5618 dedit
2091 5561 2266 5617 consi-

710 5659 839 5713 lium
865 5699 881 5727 ,
912 5675 1081 5729 neque
1125 5659 1280 5715 scivit
1314 5674 1500 5715 vocem
1552 5657 1907 5726 altiloquam;
1945 5657 2016 5711 ita
2058 5665 2116 5710 ut
2160 5669 2264 5710 non

2361 1840 2512 1892 αὐτοὶ
2558 1840 2791 1891 εἴσονται
2850 1838 2997 1900 ὅπως
3054 1836 3367 1906 ἀπέστησάν
3425 1853 3544 1906 μου,
3584 1838 3634 1888 οἱ
3687 1838 3745 1888 tv
3792 1835 3937 1890 Σιὼν

2361 1932 2550 2000 ἄνομοι
2571 1945 2585 1960 ο
2622 1925 2681 1983 οὗ
2711 1930 2868 1999 χάριν
2907 1928 2995 1981 διά
3025 1927 3123 1999 τὴν
3153 1927 3484 1982 ἀποστασίαν
3531 1927 3730 1992 αὐτῶν,
3764 1927 3938 1998 ληψι-

2358 2037 2448 2073 ται
2474 2021 2670 2081 αὐτοὺς
2703 2019 2919 2089 τρόμος.

2437 2130 2454 2162 ι
2483 2112 2578 2172 Τίς
2607 2109 2895 2178 ἀναγγελεῖ
2923 2107 3050 2179 ὑμῖν
3101 2107 3181 2161 ὅτι
3209 2105 3321 2177 πῦρ
3354 2107 3597 2172 mittat;
3633 2105 3729 2170 Τίς
3759 2109 3936 2175 ἀναγ-

2357 2203 2504 2269 γελεῖ
2534 2203 2659 2269 ὑμῖν
2697 2201 2788 2252 τὸν
2831 2199 2997 2252 τόπον
3040 2198 3132 2252 τὸν
3175 2198 3420 2262 σίώνιον;
3466 2197 3837 2267 Πορευόμενος
3871 2201 3934 2249 ὲν

2356 2291 2684 2362 δικαιοσύνῃ,
2718 2287 2892 2341 λαλῶν
2936 2287 3152 2341 εὐθεῖαν
3185 2288 3323 2349 ὁδὸν,
3360 2286 3530 2357 μισῶν
3561 2287 3790 2356 ἀνομίαν
3829 2287 3933 2339 καὶ

2358 2379 2590 2441 ἀδικίαν,
2620 2377 2838 2441 καὶτὰς
2893 2379 3079 2446 χεῖρας
3125 2376 3508 2444 ἀποσειόμενος
3557 2374 3668 2428 ἀπὸ
3715 2374 3935 2444 δώρων,

2361 2469 2606 2540 βαρύνων
2642 2468 2709 2520 τὰ
2740 2463 2884 2533 ὦτα,
2929 2468 3015 2520 ἵνα
3062 2467 3136 2538 μὴ
3203 2467 3408 2537 ἀκούσῃ
3442 2467 3621 2538 κρίσιν
3665 2467 3933 2535 αἵματος,

2358 2557 2628 2626 καμμύων
2680 2557 2805 2618 τοὺς
2856 2554 3197 2625 ὀφθαλμοὺς,
3248 2556 3332 2607 ἵνα
3377 2554 3450 2625 μὴ
3503 2555 3587 2626 ἴδῃ
3635 2555 3869 2608 ἀδικίαν.
3912 2573 3932 2605 ›

2356 2649 2493 2716 Φησὶ
2525 2648 2672 2714 γοῦν,
2694 2633 2727 2696 ἰ
2753 2647 2848 2709 Τίς
2885 2647 3173 2714 ἀναγγελεῖ
3208 2647 3333 2715 ὑμῖν
3376 2646 3455 2698 ὅτι
3499 2645 3608 2715 πῦρ
3641 2646 3876 2709 καίεται,
3910 2665 3932 2699 ι

2358 2740 2418 2791 τὸ
2450 2738 2845 2808 ἡτοιμασμένον
2885 2737 2963 2807 τῷ
3006 2737 3232 2806 διαϐόλῳ
3277 2738 3370 2789 καὶ
3408 2738 3517 2799 τοῖς
3553 2737 3801 2803 ἀγγέλοις
3831 2737 3938 2790 αὖ·

2357 2830 2485 2893 τοῦς
2532 2831 2626 2892 Τίς
2667 2827 2757 2882 οὖν
2790 2833 2935 2882 ἐστιν
2970 2829 2998 2880 ὁ
3026 2828 3199 2883 ταῦτα
3238 2827 3412 2891 εἰδὼς,
3441 2829 3533 2882 καὶ
3580 2831 3690 2890 τοῖς
3738 2829 3814 2899 μὴ
3856 2830 3937 2881 εἱ-

2358 2923 2470 2975 δόσι
2512 2919 3128 2991 προσμαρτυρούμενος,
3175 2920 3208 2989 ἢ
3259 2921 3364 2982 πᾶς
3401 2921 3427 2971 ὁ
3461 2918 3828 2990 πορευόμενος
3875 2923 3937 2974 tv

2359 3013 2701 3080 δικαιοσύνη,
2736 3011 2828 3063 καὶ
2863 3013 2971 3072 πᾶς
3009 3012 3038 3062 ό
3072 3010 3241 3078 μισῶν
3275 3011 3522 3063 ἀσέϐειαν
3564 3011 3655 3062 καὶ
3691 3012 3936 3076 ἀδικίαν,

2283 3079 2324 3136 C
2357 3079 2676 3172 δωροδοκίαν
2724 3116 2784 3152 τε
2827 3101 3320 3169 ἀποστρεφόμενοι,
3373 3099 3468 3152 καὶ
3496 3099 3565 3151 τά
3613 3092 3725 3151 ὦτα
3760 3102 3942 3171 φράτ-

2358 3211 2538 3255 τοντες
2567 3194 2660 3245 τοῦ
2693 3192 2762 3261 μὴ
2794 3191 3018 3242 ἀκοῦσαι
3053 3190 3227 3259 κρίσιν
3252 3190 3497 3257 αἵματος,
3531 3190 3774 3258 μυῶντες
3806 3193 3939 3255 τοὺς

2357 3284 2664 3353 ὀφθαλμοὺς
2697 3283 2794 3334 τοῦ
2842 3285 2914 3351 μὴ
2945 3283 3166 3352 θεωρεῖν
3198 3281 3378 3333 ἄδικον
3411 3280 3643 3352 πρᾶξιν;
3677 3281 3938 3348 Τοιοῦτος

2358 3373 2414 3427 δὲ
2439 3370 2506 3443 ἦν
2528 3375 2554 3425 ό
2592 3373 2748 3445 χορὸς
2775 3373 2881 3424 τῶν
2911 3371 3201 3441 προφητῶν
3227 3369 3319 3423 τοῦ
3359 3371 3512 3436 Θεοῦ,
3545 3373 3639 3425 καὶ
3671 3374 3780 3434 πᾶς
3816 3373 3940 3426 Θεο-

2361 3447 2528 3534 φιλὴξ
2549 3466 2706 3534 ἀνὴρ,
2735 3465 2762 3516 ὅ
2786 3480 2846 3516 τε
2878 3463 3036 3532 χορὸς
3068 3463 3174 3515 τῶν
3209 3464 3516 3515 ἀποστόλων
3549 3465 3642 3516 καὶ
3671 3465 3937 3535 μαθητῶν

2361 3557 2610 3626 Σωτῆρος
2649 3555 2822 3625 ἡμῶν.
2872 3555 2986 3616 Πᾶς
3023 3554 3201 3606 τοίνυν
3247 3556 3276 3605 ό
3305 3554 3543 3616 τοιοῦτος
3594 3556 3935 3630 ἀπαγγέλλει

2362 3651 2511 3718 ἡμῖν,
2544 3649 2693 3714 φασὶ,
2737 3648 2867 3699 διότι
2916 3646 3028 3716 πῦρ
3069 3647 3277 3699 καίεται
3323 3649 3434 3708 τοῖς
3482 3646 3731 3700 ἀσεϐέσιν
3783 3649 3937 3719 ἡτοι-

2367 3739 2668 3807 μασμένον·
2716 3740 2742 3789 ό
2784 3737 2840 3789 δὲ
2887 3737 3046 3798 αὐτὸς
3093 3737 3186 3788 καὶ
3231 3736 3318 3787 τὸν
3362 3736 3526 3788 τόπον
3569 3737 3668 3805 τῆς
3706 3739 3936 3795 αἰωνίου

2364 3831 2594 3900 κρίσεως
2636 3827 2861 3896 δηλώσει
2904 3829 3054 3896 ἡμῖν,
3099 3829 3680 3898 προσμαρτυρούμενος
3723 3833 3937 3900 φυλάτ-

2362 3922 2549 3973 τεσθαι
2587 3920 2661 3990 μὴ
2691 3921 3005 3990 περιπεσεῖν
3033 3920 3112 3981 είς
3138 3919 3325 3990 αὑτήν.
3735 3949 3746 3958 ς

2439 4032 2456 4063 ι
2487 4007 2650 4074 Οὗτος
2681 4014 2886 4082 οἰκήσει
2937 4013 2994 4063 ὲν
3046 4011 3229 4080 ύψήλῳ
3261 4009 3505 4080 σπηλαίῳ
3542 4012 3747 4083 πέτρας
3777 4015 3939 4086 ἰσχυ-

2366 4105 2495 4175 ρᾶςο
2550 4104 2710 4173 ἄρτος
2756 4100 2902 4171 αύτῷ
2958 4100 3259 4170 δοθήσεται,
3305 4097 3398 4154 καὶ
3448 4102 3508 4153 τὸ
3564 4100 3706 4172 ὕδωρ
3763 4104 3936 4157 αὐτοῦ

2366 4193 2572 4245 πιστόν.
2614 4211 2632 4243 ι
2664 4192 2834 4253 Αὐτὸς
2875 4191 2929 4243 δὲ
2979 4184 3154 4253 οὗτος,
3190 4191 3406 4261 μακρὰν
3435 4189 3528 4243 τοῦ
3574 4193 3742 4262 πυρὸς
3773 4209 3938 4261 γεγο-

2365 4283 2470 4346 νὼς
2500 4283 2708 4336 καὶτοῦ
2747 4282 3136 4352 προλεχθέντος
3166 4283 3384 4335 αἰωνίου
3414 4281 3600 4345 τόπου,
3631 4286 3842 4353 οἰκήσει
3875 4288 3937 4339 ὲν

2367 4372 2553 4445 ὑψηλῷ
2605 4375 2872 4445 σπηλαίῳ,
2913 4375 3007 4427 καὶ
3055 4374 3146 4425 ἐπὶ
3187 4375 3392 4443 πέτρας
3427 4375 3668 4444 ἰσχυρᾶς.
3693 4376 3852 4429 Κατά
3877 4379 3936 4431 δὲ

2366 4466 2456 4520 τὸν
2471 4466 2792 4534 Σύμμαχον,
2847 4483 2865 4515 ι
2916 4464 3103 4527 Ἀὐτὸς
3135 4466 3192 4516 ὲν
3225 4463 3449 4532 ὑψηλοῖς
3496 4466 3933 4534 κατασκηνώσει,

2366 4555 2440 4620 ῶς
2475 4558 2724 4626 περιοχαὶ
2754 4554 2968 4625 πετρῶν
2988 4553 3048 4608 τὸ
3077 4554 3206 4623 ὕψος
3230 4553 3424 4606 αὑτοῦ·
3461 4573 3478 4606 ι
3505 4555 3580 4618 ὼς
3613 4559 3750 4609 νοεῖν
3779 4561 3935 4627 ἡμᾶς

2365 4645 2450 4700 διά
2481 4646 2683 4700 τούτων
2721 4647 2817 4717 τὴν
2864 4647 2971 4699 τῶν
3000 4646 3280 4717 μακαρίων
3307 4647 3554 4717 ἄσκησιν,
3594 4648 3686 4700 καὶ
3733 4649 3826 4702 τὸν
3876 4655 3934 4705 ὲν

2366 4739 2649 4809 ἀκροτάτῳ
2679 4738 2994 4806 φιλοσοφίας
3034 4737 3144 4807 βίον
3187 4738 3398 4791 αὐτῶν·
3454 4739 3534 4791 διὸ
3583 4739 3933 4807 ὲπιλέγετας,

2374 4850 2391 4880 ι
2428 4832 2589 4900 ἄρτος
2616 4831 2763 4900 αὐτῷ
2791 4830 3094 4900 δοθήσεται,
3121 4830 3291 4883 καὶτὸ
3318 4829 3459 4900 ὕδωρ
3487 4832 3650 4883 αὐτοῦ
3679 4835 3927 4887 πιστόν.»

2381 4925 2438 4977 Ὀ
2467 4924 2524 4976 δὲ
2547 4925 2806 4987 τοιοῦτος,
2845 4924 2992 4993 ἄρτῳ
3027 4923 3120 4976 καὶ
3156 4922 3304 4976 ὕδατι
3332 4924 3430 4992 τὴν
3464 4923 3742 4994 παροῦσαν
3778 4922 3928 4995 ζωὴν

2369 5014 2647 5086 ἀσκηθεὶς,
2685 5016 2856 5085 πέρας
2883 5013 2992 5077 ἕξει
3025 5014 3119 5066 καὶ
3144 5013 3354 5084 καρπὸν
3386 5015 3485 5082 τῆς
3516 5016 3799 5086 ἀσκήσεως
3829 5020 3932 5088 τὴν

2370 5105 2573 5171 ἔνδοξον
2595 5106 2688 5158 τοῦ
2719 5104 2977 5175 βασιλέως
3001 5104 3126 5157 θέαν
3146 5121 3160 5135 ·
3189 5105 3268 5158 διό
3293 5122 3453 5174 φησιν
3477 5122 3490 5135 ο

2443 5217 2460 5248 ‹
2500 5197 2727 5250 Βασιλέα
2760 5197 2894 5266 μετὰ
2936 5196 3092 5268 δόξης
3116 5196 3332 5264 aesaes,
3371 5199 3419 5250 oi
3462 5197 3727 5268 ὀφθαλμοὶ
3776 5199 3932 5270 ὑμῶν

2367 5289 2585 5358 ὄψονται
2618 5290 2721 5358 γῆν
2747 5287 3046 5358 πορρωθεν,
3076 5289 3108 5358 ή
3142 5288 3287 5358 ψυχὴ
3328 5287 3789 5360 ὑμῶν.μελετήσει
3833 5290 3934 5359 φό-

2368 5381 2480 5434 ϐον.
2515 5379 2624 5432 Ποῦ
2653 5381 2787 5432 εἰσιν
2811 5380 2859 5432 οἱ
2892 5379 3290 5450 γραμματικοί;
3324 5378 3433 5431 Ποῦ
3459 5382 3592 5433 εἰσιν
3612 5382 3662 5434 οἱ
3693 5381 3932 5451 συμϐου-

2367 5473 2646 5535 λεύοντες;
2697 5471 2805 5523 Ποῦ
2853 5473 2998 5523 ἐστιν
3050 5473 3079 5524 ὁ
3124 5470 3371 5541 ἀριθμῶν
3411 5472 3535 5535 τοὺς
3563 5473 3929 5546 τρεφομένους

2373 5562 2564 5633 μικρὸν
2601 5561 2692 5614 καὶ
2747 5561 2916 5630 μέγαν
2944 5561 3102 5627 λαόν;
3134 5553 3178 5628 ᾧ
3216 5561 3276 5613 οὐ
3315 5561 3780 5629 συνεϐουλεύσατο,
3808 5564 3927 5617 οὐδὲ

2370 5654 2485 5724 ᾔδει
2520 5651 2853 5723 βαθύφωνον,
2887 5651 3027 5706 ὥστε
3077 5652 3150 5723 μὴ
3183 5652 3441 5706 ἀκοῦσαι·
3500 5653 3628 5717 λαὸς
3662 5654 3928 5724 πεφαυλι-
