4120 6294
212 337 304 391 339
1099 326 1589 385 COMMENTARIA
1629 324 1699 380 IN
1743 319 1996 378 ISAIAM.
2036 350 2105 361 ——
2142 316 2292 373 CAP.
2337 313 2571 370 XXXIII.
3316 310 3420 364 530

214 445 400 516 σμένος,
443 444 537 498 καὶ
588 444 691 497 οὐκ
738 442 852 494 ἔστι
906 439 981 511 τῷ
1036 441 1286 494 ἀκούοντι
1310 439 1542 502 σύνεσις.
1583 459 1600 489 ι
1641 438 1748 490 Ποῦ
1780 446 1823 500 Α

1787 446 1823 500 Α
1852 436 2037 489 audiat
2070 456 2080 487 :
2121 432 2349 502 populus
2379 438 2717 499 contemptus
2746 468 2774 493 ,,
2808 433 2862 480 et
2909 441 3011 481 non
3043 434 3126 482 est
3175 426 3414 480 audienti

214 537 328 587 εἰσιν
350 535 397 587 ol
432 535 796 605 γραμματεῖς,
831 534 879 584 oi
908 531 968 584 τὸ
1006 530 1236 602 γράμμα
1272 530 1369 583 τοῦ
1410 531 1572 600 νόμου
1621 546 1753 597 πρε-

1857 526 2231 596 intelligentia.
2268 542 2286 577 ι
2328 523 2426 578 Ubi
2459 532 2588 577 sunt
2635 520 2843 575 Scriba!
2870 559 2885 583 ,
2933 519 3022 588 qui
3069 518 3201 588 legis
3235 518 3426 573 littera:

216 626 531 687 σῦεύσαντες,
569 624 665 676 καὶ
701 623 822 694 μηδ’
846 622 1031 693 ἕτερον
1057 622 1260 684 ειδότες
1287 624 1423 674 νοεῖν
1455 622 1487 691 ἢ
1526 620 1625 684 τὰς
1655 619 1751 689 τῆς

1856 619 2288 689 patrocinantur,
2324 614 2570 684 nihilque
2600 611 2747 667 aliud
2777 613 3018 681 cogitant
3044 649 3060 672 .
3108 626 3269 677 quam
3320 609 3424 662 ob-

215 715 382 778 λέξεως
419 714 795 783 άπαγγελίας;
851 714 953 776 Οὓς
1010 712 1320 777 ὲοαλάνιζεν
1364 714 1393 765 ό
1448 711 1638 781 Σωτὴρ
1697 711 1755 763 ἐν

1858 709 1998 763 viam
2024 707 2278 762 dictionis
2309 705 2740 761 enuntiationem
2771 703 2794 757 ΐ
2841 702 2987 769 Quos
3022 702 3251 756 miseros
3282 716 3423 770 pra:-

214 804 532 873 Εὑαγγελίοις
588 804 760 873 λέγων
784 821 798 833 ·
839 822 859 854 ι
899 804 1033 857 Οὐαὶ
1092 803 1240 873 ὑμῖν,
1268 801 1612 872 γραμματεῖς
1664 798 1758 852 καί

1859 799 2073 855 dicabat
2106 797 2355 854 Salvator
2400 797 2454 851 in
2482 795 2788 865 Evangeliis
2813 797 2994 849 dicens
3018 834 3033 855 ,
3070 812 3088 844 ι
3132 792 3220 847 νδ
3256 794 3426 855 vobis,

214 899 461 968 Φαρισαῖοι
490 897 800 969 ὑποκριταί.
844 916 863 947 ι
903 895 1012 948 Ποῦ
1057 895 1164 967 γὰρ
1223 885 1373 947 οὗτοι
1428 893 1756 963 φανήσονται

1864 892 2071 947 Scriba:
2097 900 2153 945 et
2186 888 2445 945 Pharisaei
2479 887 2771 959 hypocrita:
2798 886 2865 939 ⁸⁸.
2905 904 2924 936 ι
2965 882 3192 939 Ubinam
3230 883 3301 937 illi
3332 898 3426 951 ap—

215 990 263 1040 ὲν
284 987 453 1057 ἡμέρᾳ
483 986 585 1056 τῆς
608 986 873 1058 κρίσεως;
920 986 969 1039 οἳ
1006 986 1230 1048 κόλακες
1281 984 1598 1053 ὲξὲστρεφον
1633 982 1758 1043 τοὺς

1862 987 2127 1053 parebunt
2154 986 2207 1037 in
2245 983 2330 1037 die
2354 981 2541 1053 iudicii
2567 979 2591 1033 τ
2622 980 2738 1048 qui,
2768 986 2954 1046 utpote
2984 977 3314 1039 adulatores,
3337 993 3430 1031 eos

219 1077 651 1147 κολακευομένους
675 1078 878 1138 αὐτοῖς.

1864 1075 2061 1146 quibus
2094 1075 2504 1129 assentabantur
2528 1072 2868 1127 avertebant.

278 1188 293 1221 ι
336 1168 459 1222 Ἰδοὺ
482 1166 621 1220 Σιὼν
647 1170 680 1237 ἡ
712 1166 886 1230 πόλις,
918 1166 979 1218 τὸ
1012 1165 1285 1234 Σωτήρων
1314 1163 1472 1235 ἡμῶν
1495 1162 1544 1215 οἱ
1564 1160 1763 1230 ὀφθαλ-

1934 1166 2099 1223 Vsns.
2129 1167 2219 1222 20.
2254 1185 2280 1227 ι
2315 1165 2450 1220 Ecce
2483 1162 2614 1219 Sion
2645 1162 2840 1217 civitas
2865 1202 2882 1229 ,
2909 1160 3160 1216 Salutare
3189 1168 3434 1214 nostrum

222 1258 295 1325 μοί
324 1273 410 1310 σου
432 1256 672 1327 ὄψονται,
702 1255 1083 1326 Ἰερουσαλήμ·
1116 1254 1267 1316 πόλις
1293 1252 1541 1314 πλουσία,
1569 1252 1764 1322 σκηναὶ

1864 1259 2004 1315 oculi
2033 1260 2105 1313 tui
2134 1258 2414 1322 videbunt,
2444 1253 2744 1310 Jerusalem
2765 1295 2783 1321 ,
2805 1254 3002 1309 civitas
3034 1252 3185 1307 dives
3207 1291 3224 1317 ,
3259 1249 3437 1305 taber-

217 1348 339 1401 ο.ῖοὺ
365 1347 438 1418 μὴ
473 1347 780 1409 σεισθῶσιν,
812 1346 931 1400 οὐδὲ
967 1346 1041 1417 μὴ
1085 1343 1377 1417 κινηθῶσιν
1417 1346 1466 1397 οἱ
1504 1343 1762 1397 πάσσαλω

1865 1349 2056 1405 naeula
2089 1364 2211 1419 quae
2258 1363 2366 1404 non
2409 1346 2808 1413 concutientur,
2846 1360 3023 1414 neque
3078 1342 3439 1399 movebuntur

216 1439 301 1507 τῆς
333 1439 532 1508 σκηνῆς
574 1439 744 1506 αὐτῆς
797 1439 877 1502 εἰς
907 1439 998 1491 τὸν
1044 1436 1215 1491 αίῶνα
1265 1435 1475 1508 χρόνον,
1527 1433 1646 1488 οὐδὲ
1696 1433 1765 1485 τά

1866 1441 2049 1514 paxilli
2087 1438 2420 1495 tabernaculi
2468 1438 2586 1508 ejus
2640 1438 2694 1493 in
2738 1439 3126 1507 sempiternum
3182 1444 3396 1504 tempus
3425 1473 3438 1493 .

221 1528 399 1599 σχοινία
420 1528 589 1599 αὐτῆς
608 1529 670 1581 οὐ
701 1529 776 1600 μὴ
803 1528 1219 1601 διαρραγῶσιν.·
1240 1546 1259 1579 ι
1290 1526 1551 1598 Σημαίνει
1595 1526 1652 1579 δὲ
1676 1523 1765 1577 διὰ

1869 1546 2043 1601 neque
2076 1530 2299 1587 funiculi
2332 1529 2449 1599 ejus
2497 1530 2891 1599 dirumpentur.
2951 1548 2970 1582 ι
3025 1527 3121 1583 His
3152 1543 3319 1599 porro
3366 1531 3442 1580 si--

218 1618 395 1673 τούπυν
420 1621 449 1673 ό
474 1620 649 1689 λόγος,
682 1621 954 1691 Σωτήρων
984 1621 1081 1691 μιν
1108 1620 1199 1673 τὸν
1223 1617 1455 1690 Χριστὸν
1484 1616 1577 1670 τοῦ
1610 1616 1765 1677 Θεοῦ,

1868 1624 2111 1697 gniﬁcat,
2146 1622 2396 1678 Salutare
2424 1622 2640 1691 quidem
2670 1635 2791 1676 esse
2816 1621 3089 1675 Christum
3114 1620 3242 1685 Dei,
3278 1619 3445 1675 festo-

220 1711 351 1766 πόλιν
373 1713 429 1765 δὲ
466 1712 667 1783 ἑορτῶν
688 1711 785 1783 τὴν
828 1708 1151 1780 Ἐκκλησίαν
1180 1708 1275 1762 τοῦ
1313 1707 1470 1761 Θεοῦ.
1512 1708 1623 1777 Τῆς
1670 1706 1767 1776 μὲν
1802 1781 1813 1783 _

1875 1733 1990 1771 rum
2042 1729 2169 1771 vero
2213 1715 2491 1770 civitatem
2542 1727 2663 1766 esse
2699 1711 2791 1765 Dei
2826 1710 3147 1767 Ecclesium.
3184 1707 3319 1764 Nam
3348 1706 3445 1763 Ju-

219 1803 312 1875 γάρ
352 1781 639 1876 Ἰουδαέκῆς
668 1781 1020 1874 Ἰερουσαλὴμ
1063 1800 1321 1864 πολλάκις
1358 1799 1679 1869 ἐσείσθησαν
1708 1799 1762 1851 al
1800 1781 1838 1835 Β

1820 1783 1838 1834 ³
1872 1810 2039 1863 daicae
2086 1806 2301 1877 quidem
2326 1804 2715 1875 Hierosolyma:
2748 1802 3091 1858 tabernacula
3125 1801 3447 1871 plerumque

218 1896 411 1968 σκηναὶ,
439 1894 890 1966 πολιορκηθείσης
912 1893 1181 1963 διαφόρως
1204 1894 1297 1946 καὶ
1317 1893 1397 1955 είς
1417 1891 1609 1961 ἔδαφος
1633 1906 1763 1943 κατ-

1870 1913 2123 1955 succussa
2155 1908 2284 1954 sunt
2325 1897 2381 1951 in
2414 1895 2583 1950 variis
2616 1894 2722 1949 illis
2764 1893 3139 1951 obsidionibus
3162 1933 3179 1959 ,
3229 1893 3446 1963 quando

218 1986 501 2060 ενεχθιίσης
548 1986 654 2041 ὑπὸ
714 1985 825 2040 τῶν
888 1984 1029 2038 κατὰ
1067 1984 1293 2056 χρόνους
1341 1982 1764 2054 πολεμησάντων

1872 1988 2061 2044 illaab
2091 1986 2524 2058 expugnantibus
2547 1985 2665 2041 solo
2708 2000 2815 2041 non
2843 1986 3013 2041 semel
3042 1994 3256 2055 aequata
3297 1985 3439 2052 fuit;

218 2076 394 2147 efrrﬁv'
445 2077 547 2148 τῆς
598 2077 655 2130 δὲ
710 2075 905 2146 καινῆς
962 2073 1166 2145 ταύτης
1227 2074 1435 2137 πόλεως
1472 2072 1764 2143 ἀκινήτους

1873 2096 2026 2136 nova:
2053 2089 2234 2136 autem
2277 2076 2502 2146 hujusce
2544 2076 2694 2132 urbis
2724 2078 2975 2132 immotos
3012 2077 3091 2131 ait
3124 2077 3243 2132 fore
3271 2077 3445 2146 paxil-

219 2170 364 2239 φησιν
392 2168 610 2223 ἔσεσθαι
657 2172 783 2234 τοὺς
820 2168 1149 2232 πασσάλους.
1196 2166 1317 2220 Κᾶν
1362 2166 1473 2238 γάρ
1509 2165 1766 2237 volume;

1872 2172 1972 2228 los.
2009 2170 2234 2227 Etiamsi
2261 2169 2407 2226 enim
2438 2168 2640 2241 putetis
2686 2183 3074 2240 nonnunquam
3106 2183 3202 2225 vos
3229 2170 3283 2224 in
3315 2183 3441 2238 per-

220 2275 332 2313 ποτε
353 2263 408 2315 ιν
437 2261 699 2333 διωγμοῖς
727 2259 1047 2315 ἐλαύνεσθαι
1074 2259 1168 2314 καὶ
1200 2257 1620 2330 πολιορκεῖσθαι,
1652 2256 1766 2312 ἀλλ’

1872 2263 2241 2320 secutionibus
2268 2261 2390 2331 pelli
2418 2271 2472 2316 et
2494 2260 2731 2316 obsideri
2765 2278 2780 2315 :
2813 2269 2871 2315 at
2897 2259 2989 2316 illa
3015 2274 3231 2329 semper
3264 2260 3319 2315 in
3347 2274 3444 2330 pe-

219 2349 298 2402 ὲπὶ
318 2350 411 2421 τὴν
442 2352 647 2422 πέτραν
681 2350 894 2405 ιστῶσα
934 2349 1085 2423 μένει
1125 2348 1194 2403 δι’
1236 2347 1432 2412 αἰῶνος
1483 2348 1762 2411 άπτωτος·

1875 2371 1957 2415 tra
1995 2360 2266 2423 consistit,
2291 2366 2347 2414 et
2373 2358 2592 2411 immota
2623 2364 2805 2412 manet
2832 2356 2884 2411 in
2910 2354 3169 2411 saeculum
3198 2373 3212 2409 :
3240 2354 3443 2411 etenim

219 2439 428 2513 ἀψευδὴς
448 2443 558 2514 γάρ
589 2437 656 2514 ἦν
679 2441 709 2494 ό
735 2439 903 2495 είπιῖιν
926 2457 941 2472 ·
981 2459 1002 2494 ι
1044 2440 1169 2495 Ἐπὶ
1198 2439 1297 2513 τὴν
1328 2436 1532 2510 πέτραν
1562 2437 1767 2491 οἰκοδο-

1940 2450 2088 2508 ειιιίιιί
2135 2450 2323 2519 nequit
2355 2448 2401 2504 is
2431 2449 2522 2517 qui
2553 2447 2688 2503 dixit
2717 2466 2732 2503 :
2772 2466 2791 2500 ι
2827 2446 3005 2518 Super
3046 2455 3254 2518 petram
3276 2445 3448 2502 sedil-
3565 2498 3567 2502 .

223 2532 361 2602 μήσω
388 2548 486 2602 μου
511 2532 611 2604 τὴν
644 2532 993 2605 Ἐκκλησίαν,
1023 2532 1120 2586 καὶ
1156 2529 1325 2585 πύλαι
1369 2529 1498 2602 ᾅδου
1544 2529 1605 2583 οὐ
1632 2546 1767 2584 κατ-

1876 2543 2015 2600 cabn
2047 2540 2347 2599 Ecclesiam
2383 2555 2559 2597 meam
2585 2579 2603 2605 ,
2630 2549 2686 2596 et
2709 2550 2879 2610 portat
2913 2539 3069 2595 inferi
3100 2554 3205 2594 nan
3242 2552 3447 2610 praeva-

223 2621 509 2692 ισχύσουσιν
535 2623 727 2694 αὐτῆς.
764 2642 784 2677 ι

1876 2636 2060 2693 lebnnt
2086 2636 2350 2689 adversus
2377 2646 2498 2689 eam
2538 2632 2605 2687 δ’.
2646 2650 2665 2684 ι
2832 2704 2835 2709 7

283 2730 301 2765 ι
331 2714 448 2768 ὀτι
490 2714 554 2767 τὸ
579 2714 750 2785 δνομα
803 2713 1008 2787 Κυρίου
1064 2714 1204 2786 μέγα
1246 2715 1411 2786 ὑμῖν,
1452 2711 1614 2778 τόπος
1642 2713 1769 2785 ὑμῖν

1945 2722 2109 2779 Vsus.
2143 2722 2343 2790 $1.22.
2380 2740 2401 2775 ι
2424 2721 2690 2790 Quoniam
2717 2738 2911 2781 nomen
2949 2724 3161 2781 Domini
3191 2736 3447 2796 magnum

222 2800 370 2868 ισται,
396 2804 631 2877 ποταμοὶ
654 2806 748 2860 καὶ
786 2805 1049 2879 διώρυγες
1078 2807 1302 2871 πλατεῖς
1326 2807 1420 2862 καὶ
1448 2806 1766 2880 εὐρύχωροι.

1874 2817 2029 2874 vobis
2054 2858 2071 2884 ,
2114 2816 2263 2871 locus
2302 2814 2457 2870 vobis
2488 2814 2591 2871 erit
2639 2813 2860 2872 ﬂumina
2906 2827 2961 2874 et
2994 2816 3094 2873 rivi
3124 2816 3216 2873 lati
3244 2824 3299 2872 et
3321 2830 3449 2886 spa-

222 2894 287 2946 υύ
320 2895 768 2969 πορεύσῃταύτην
790 2896 891 2969 τὴν
916 2896 1052 2962 όδδν,
1084 2897 1204 2951 οὐδὲ
1238 2897 1562 2969 πορεύσεται
1587 2896 1771 2951 πλοῖον

1877 2909 2029 2965 tiosl.
2058 2908 2175 2964 Non
2216 2906 2522 2964 ambulabis
2545 2921 2643 2978 per
2682 2908 2823 2963 hanc
2845 2906 2987 2963 viam
3007 2947 3024 2975 ,
3056 2923 3235 2979 neque
3259 2906 3450 2962 ambu-

223 2986 440 3044 ίλαῦνον.
489 2989 549 3043 '0
601 2990 711 3060 γὰρ
746 2990 881 3056 Θεός
940 3007 1043 3062 μου
1095 2990 1273 3063 μέγας
1312 2991 1488 3044 ἐστίν·
1519 2990 1581 3044 οὐ
1626 3007 1769 3063 παρ-

1878 3000 2017 3055 labit
2049 2997 2325 3069 navigium
2349 3012 2666 3068 properans.
2699 2999 2843 3055 Deus
2861 2999 3006 3055 enim
3042 3014 3193 3056 meus
3222 3013 3450 3070 magnus

223 3078 581 3188 clauserat,”
629 3081 832 3188 Κύριος
880 3083 1071 3155 κριτὴς
1128 3082 1308 3155 ἡμῶν,
1344 3082 1547 3188 Κύριος
1588 3084 1771 3155 ἄρχων
1798 3126 1844 3188 C

1825 3126 1844 3188 Ξ
1877 3098 1981 3146 est.
2019 3087 2135 3144 Non
2176 3088 2429 3145 transibit
2455 3104 2541 3145 me
2568 3089 2826 3147 Dominus
2847 3088 3013 3159 iudex
3040 3101 3243 3154 noster.
3271 3091 3452 3146 Domi-

225 3171 384 3242 ημῶν,
415 3172 621 3245 Κύριος
655 3172 909 3244 βασιλεὺς
953 3174 1134 3245 ἡμῶν,
1187 3175 1389 3247 Κύριος
1440 3167 1596 3239 οὗτος
1625 3176 1772 3247 ἡμᾶς
1799 3167 1844 3188 ”

1825 3167 1844 3188 ⁸
1876 3197 1977 3237 nus
1996 3181 2248 3252 princeps
2276 3190 2483 3247 noster,
2519 3181 2782 3239 Dominus
2812 3197 2908 3238 res
2942 3191 3152 3249 noster,
3192 3182 3452 3237 Dominus

226 3261 387 3320 σώσει.
418 3284 437 3317 ι
466 3265 612 3320 Αὐτὸ
656 3265 719 3320 τὸ
753 3266 944 3338 ὄνομα,
979 3268 1131 3339 φησὶ,
1166 3267 1371 3340 Κυρίου
1408 3268 1571 3332 τόπος
1620 3267 1773 3321 ἔσται

1874 3272 1965 3327 hic
2001 3270 2236 3329 salvabit
2263 3285 2387 3327 nos.
2426 3290 2447 3325 ι
2497 3270 2653 3341 lluic,
2682 3274 2898 3345 inquit,
2924 3288 3078 3329 novae
3104 3275 3311 3330 civitati
3364 3275 3451 3329 ia-

224 3352 375 3427 ταύτῃ
395 3359 460 3427 τῇ
487 3357 650 3428 καινῇ
672 3355 825 3410 πόλει
856 3359 924 3429 τῇ
952 3358 1187 3429 άσείστῳ
1221 3358 1316 3413 καὶ
1347 3356 1611 3429 άπτιὲηῳ·
1668 3356 1775 3411 διό-

1875 3377 2156 3420 concussas
2183 3372 2238 3417 et
2284 3362 2545 3421 immobili
2571 3403 2589 3430 ,
2616 3364 2793 3435 ipsum
2818 3381 3016 3423 nomen
3053 3365 3267 3422 Domini
3300 3366 3451 3422 locus

227 3459 335 3513 περ,
357 3445 428 3507 ὡς
453 3446 520 3499 ἂν
552 3445 647 3500 ἰπὶ
672 3444 765 3499 τὸν
796 3444 1018 3517 Κύριον.
1036 3447 1200 3501 τόπον
1213 3447 1342 3501 ὄντα
1368 3448 1557 3519 αὐτῆς,
1579 3447 1775 3519 ᾠκοδο-

1874 3455 1980 3513 erit
2009 3473 2024 3510 :
2052 3468 2228 3525 quare
2256 3470 2416 3526 supra
2466 3454 2750 3512 Dominum
2774 3496 2791 3521 ,
2838 3457 3017 3513 locum
3050 3472 3206 3513 suum
3236 3497 3255 3523 ,
3280 3456 3450 3512 utib-

227 3534 441 3608 μημὲνη,
466 3537 716 3600 άσειστος
762 3535 931 3607 μένει.
972 3538 1049 3591 Δι’
1081 3531 1157 3592 ὦν
1184 3540 1213 3593 ό
1252 3537 1408 3607 λόγος
1448 3539 1549 3611 τῆς
1579 3538 1773 3609 προλε-

1875 3556 1996 3604 cata
2022 3588 2038 3612 ,
2066 3550 2288 3603 immota
2324 3556 2529 3603 manet.
2560 3546 2657 3606 His
2688 3549 2869 3621 itaque
2898 3548 3239 3622 signiﬁcatur
3273 3550 3448 3619 ipsum

226 3623 424 3696 κθιίσης
448 3625 657 3688 πόλεως
682 3623 772 3678 τὸν
800 3624 1003 3698 Κύριόν
1030 3642 1192 3698 φησιν
1215 3625 1435 3681 ἔσεσθαι
1464 3627 1647 3690 τόπον,
1680 3643 1776 3691 πο-

1866 3639 2162 3697 .Dominum
2193 3639 2461 3707 praedictae
2506 3639 2748 3695 civitatis
2784 3639 2963 3695 locum
2996 3639 3235 3694 futurum
3285 3653 3406 3694 esse
3432 3678 3447 3699 .

224 3715 393 3785 ταμιῖιν
418 3717 611 3789 ῥεῖθρα
640 3715 873 3786 ἑχόντων
902 3716 993 3771 καὶ
1036 3717 1308 3790 διώρυγας
1335 3718 1556 3782 πλατεῖς
1576 3734 1590 3749 ·
1629 3717 1773 3772 ὥστε

1876 3730 2154 3787 ﬂuminum
2189 3730 2359 3787 alveis
2386 3740 2444 3788 et
2470 3730 2595 3787 latis
2625 3732 2755 3787 rivis
2788 3732 3110 3787 instructum
3130 3770 3147 3795 ,
3177 3732 3248 3785 ita
3280 3740 3338 3784 ut
3369 3730 3446 3784 di-

226 3804 383 3875 λέγειν
399 3824 412 3837 ·
445 3826 465 3860 ι
493 3808 603 3863 Τοῦ
630 3806 875 3879 ποταμοῦ
896 3807 964 3861 τά
989 3808 1282 3880 όρμήματα
1308 3808 1655 3880 εὐφραίνουσι
1678 3807 1777 3879 τὴν

1878 3831 2069 3885 catur,
2135 3837 2157 3873 ι
2217 3819 2482 3878 Fluminis
2536 3822 2770 3892 impetus
2838 3822 3117 3879 laetiticant
3173 3823 3448 3877 civitatem

226 3896 363 3951 πόλιν
381 3899 473 3953 τοῦ
501 3898 662 3965 Θεοῦ,
701 3918 721 3951 ι
755 3899 848 3953 καὶ
878 3918 897 3952 ι
943 3900 1003 3953 '0
1038 3900 1281 3970 ποταμὸς
1312 3899 1407 3953 τοῦ
1439 3898 1574 3954 Θεοῦ
1618 3899 1779 3969 ὲπλη⁹

1879 3914 1971 3970 Dei
2004 3914 2071 3980 “,
2106 3932 2124 3965 ι
2160 3922 2254 3979 et,
2291 3930 2312 3965 ι
2348 3912 2573 3971 Flumen
2604 3913 2697 3970 Del
2724 3914 2987 3985 repletum
3021 3922 3104 3969 est
3134 3912 3288 3984 aquis
3319 3912 3388 3979 ιδ,
3426 3932 3447 3965 a

227 3988 358 4063 ρὼθη
390 3991 618 4055 ὑδάτων,
661 4009 679 4042 ι
704 3990 793 4045 διά
837 3990 899 4044 τδ
940 3992 1103 4045 αὐτὸν
1136 3991 1228 4043 τὸν
1256 3989 1459 4063 Κύριον
1502 3984 1641 4044 εἶναι
1687 3988 1779 4043 τὸν

1880 4012 2005 4081 quia
2040 4006 2249 4063 scilicet
2284 4006 2397 4076 ipse
2428 4006 2685 4063 Dominus
2713 3984 2863 4062 locus
2891 4020 3082 4061 eorum
3113 4013 3219 4058 est.
3246 4004 3452 4070 Quam-

227 4079 376 4134 τόπον
421 4082 621 4137 αὐτῶν.
648 4082 812 4136 Ὅθεν
856 4082 1067 4154 ἐχθροῖς
1122 4082 1216 4136 καὶ
1260 4081 1543 4155 πολεμίοις
1589 4081 1778 4135 ἀνεπί-

1879 4079 2065 4159 obrem
2098 4101 2282 4155 isthac
2309 4098 2531 4153 ﬂumina
2558 4097 2803 4153 hostibus
2837 4097 3181 4165 inimicisque
3208 4094 3446 4149 inacccs-

231 4170 366 4226 ϐας-οι
390 4173 747 4245 τυγχάνουσιν
772 4175 822 4227 οἱ
869 4175 1123 4245 ποταμοὶ,
1150 4174 1251 4245 τὴν
1276 4173 1661 4247 προλεχθεῖσαν
1684 4172 1779 4227 τοῦ

1880 4208 1940 4249 sa
1967 4200 2092 4247 sunt
2119 4204 2283 4259 ,quze
2324 4188 2636 4259 praedictam
2690 4189 2781 4245 Dei
2813 4190 3090 4245 civitatem
3126 4185 3447 4242 munimenti

225 4261 348 4317 θεοῦ
378 4264 530 4319 πόλιν
557 4265 681 4320 ἀντὶ
710 4264 993 4336 περιϐόλου
1048 4265 1371 4331 κυκλοῦντες
1413 4265 1507 4319 καὶ
1538 4283 1779 4338 περιτει-

1881 4283 2001 4338 loco
2033 4280 2374 4337 circumdant
2400 4291 2457 4338 et
2485 4281 2776 4344 ambiunt;
2808 4283 2883 4337 ita
2929 4290 2987 4334 ut
3033 4280 3308 4336 extraneis
3334 4279 3452 4348 qui-

224 4356 447 4425 χίζοντες
464 4375 478 4389 ο
503 4358 583 4421 ὡς
597 4358 761 4411 πᾶσιν
775 4356 1072 4429 ἀλλοτρίοις
1094 4356 1382 4412 άδιάϐατον
1399 4354 1536 4412 εἶναι
1551 4375 1565 4389 σ
1592 4357 1780 4429 ἐπειδὴ

1885 4377 2091 4445 busque
2117 4374 2294 4429 aditus
2322 4372 2396 4428 sit
2422 4372 2602 4427 nullus
2638 4390 2655 4427 :
2686 4372 2939 4442 quoniam
2977 4370 3270 4434 Dominus,
3303 4367 3453 4423 locus

222 4447 477 4536 όΚύριος,
508 4450 677 4510 τόπος
712 4448 789 4503 ὣν
826 4449 1017 4518 αὐτῆς,
1052 4448 1224 4519 μέγας
1265 4450 1443 4504 ἐστίν*
1482 4449 1644 4513 αὐτὸς
1670 4449 1780 4520 γὰρ
1810 4454 1849 4512 D

1827 4455 1855 4512 ἶ)
1885 4480 2077 4536 nempe
2120 4464 2240 4535 eius
2266 4503 2283 4530 ,
2326 4478 2657 4535 permagnus
2701 4474 2787 4521 est
2822 4481 2838 4519 :
2875 4467 2989 4534 ipse
3019 4476 3251 4532 namque
3299 4471 3454 4532 petra

221 4531 285 4609 ἧν
307 4542 339 4610 ἡ
369 4542 567 4613 πέτρα,
594 4541 678 4610 ἐφ’
703 4542 769 4613 ἢν
795 4540 1129 4613 ᾠκοδόμητο.

1882 4531 2027 4624 ιιι-ιιι,
2047 4531 2209 4627 supra
2243 4531 2407 4627 quam
2436 4531 2835 4613 exstruebatur.

291 4671 311 4706 ι
351 4655 694 4729 Ἐῥράγησαν
723 4655 792 4709 τά
824 4655 1031 4725 σχοινία
1066 4671 1179 4717 σου,
1209 4654 1291 4707 ὅτι
1321 4653 1423 4708 οὐκ
1452 4653 1740 4724 ἑνίσχυσαν
1762 4670 1777 4682 ·

1956 4650 2119 4707 Vens.
2148 4651 2222 4706 23
2245 4690 2263 4714 ,
2292 4650 2386 4705 24.
2436 4669 2455 4703 ι
2517 4650 2728 4722 Dirupti
2760 4658 2888 4705 sunt
2919 4648 3148 4705 l‘uniculi
3179 4649 3257 4703 tui
3284 4690 3300 4716 ,
3328 4652 3454 4720 quia

223 4743 401 4809 ὀίστός
432 4762 529 4798 σου
575 4744 801 4808 ἔκλινεν,
828 4745 889 4797 οὑ
924 4744 1146 4813 χαλάσει
1177 4744 1245 4796 τὰ
1290 4743 1466 4797 ἱστία·
1515 4743 1617 4795 οὑκ
1660 4744 1785 4816 άρεῖ

1886 4760 1990 4801 non
2022 4742 2418 4814 praevaluerunt
2450 4762 2465 4798 :
2508 4743 2684 4797 malus
2709 4751 2835 4797 tuus
2864 4741 3157 4797 inclinatus
3186 4750 3270 4798 est
3293 4781 3311 4808 ,
3345 4756 3452 4796 non

227 4839 452 4905 σημεῖον,
482 4837 591 4898 tu;
612 4828 673 4888 οὗ
690 4833 964 4907 παραδοθῇ
1000 4836 1077 4897 είς
1109 4834 1403 4905 προνομήν.
1427 4834 1618 4887 Τοίνυν
1650 4832 1781 4886 πολ-

1884 4835 2189 4905 pendebunt
2228 4834 2345 4890 vela
2384 4853 2401 4887 :
2433 4848 2539 4889 non
2578 4832 2777 4891 levabit
2804 4834 3043 4903 signum,
3072 4834 3245 4889 donec
3276 4834 3451 4888 trada-

225 4922 299 4977 λοὶ
345 4928 504 4999 χωλοὶ
541 4926 817 4998 προνομὴν
868 4927 1171 4996 ποιήσουσι,
1224 4926 1319 4977 καὶ
1359 4926 1419 4978 οὐ
1457 4926 1532 4997 μὴ
1566 4926 1782 4988 είπωσι,

1883 4937 1971 4982 tur
1998 4928 2054 4981 in
2084 4926 2465 4980 vastationem.
2500 4924 2649 4979 Multi
2696 4926 2861 4995 igitur
2911 4924 3090 4980 claudi
3125 4924 3337 4995 praedas
3376 4924 3457 4977 fn-

227 5015 423 5083 Κοπιῶ,
455 5022 483 5073 ό
514 5018 645 5081 λαὸς
674 5017 898 5071 ἑνοικῶν
934 5020 992 5070 ὲν
1024 5017 1233 5080 αὐτοῖς·
1265 5016 1439 5089 άφέθη
1468 5018 1577 5088 γὰρ
1606 5018 1787 5080 αὐτοῖς

1882 5020 2049 5083 cient,
2082 5029 2136 5071 et
2164 5033 2268 5073 non
2293 5017 2496 5082 dicent,
2523 5017 2756 5082 Patisco,
2786 5017 3015 5089 populus
3040 5019 3133 5088 qui
3166 5019 3375 5075 habitat
3402 5018 3455 5071 in

227 5107 535 5181 ήῖάμαρτία.
574 5128 593 5160 s
615 5108 873 5181 Σημαίνει
904 5110 958 5162 δὲ
985 5108 1072 5163 διά
1103 5108 1306 5162 τούτων
1326 5110 1425 5179 τὴν
1454 5108 1662 5162 πτῶσιν
1687 5108 1787 5177 τῆς

1884 5111 1965 5166 eis
1996 5128 2009 5162 :
2042 5110 2322 5165 dimissum
2353 5111 2499 5163 enim
2541 5119 2624 5165 est
2650 5111 2730 5164 eis
2764 5118 3065 5178 peccatum.
3119 5128 3139 5163 ι
3176 5110 3271 5165 His
3312 5112 3453 5165 indi-

230 5200 532 5269 σωματικῆς
562 5199 934 5272 Ἰερουσαλὴμ,
966 5194 1033 5270 ἧς
1072 5201 1282 5272 ἐρράγη
1311 5200 1379 5253 τά
1410 5198 1618 5270 σχοινία
1646 5218 1658 5230 θ
1694 5198 1787 5252 καὶ

1884 5210 1973 5255 cat
2016 5215 2289 5269 corporea:
2312 5200 2700 5272 Hierosolyma!
2734 5203 2957 5257 exitium
2983 5243 2999 5269 ,
3050 5203 3203 5273 cujus
3236 5204 3456 5258 funiculi

228 5288 254 5339 ὀ
279 5290 411 5355 ἱστὸς
443 5293 501 5347 δὲ
531 5292 726 5362 αὐτῆς.
746 5279 943 5363 ὥσπερ
990 5293 1131 5356 τινὸς
1159 5293 1285 5362 νηὸς
1319 5294 1375 5345 εν
1412 5292 1649 5362 χειμῶσι
1696 5292 1788 5344 καὶ

1888 5293 2085 5361 dirupti
2116 5302 2277 5355 sunt;
2327 5302 2382 5347 et
2415 5293 2588 5348 malus
2614 5292 2730 5362 ejus
2759 5335 2771 5356 .
2827 5309 2925 5349 ceu
2980 5294 3257 5361 cujusdam
3308 5296 3459 5349 navis

230 5379 443 5435 κλύδωσι
465 5384 851 5454 διαπεσούσης,
874 5383 1059 5455 ἐκλίθη
1090 5384 1327 5446 πίπτων,
1350 5384 1784 5437 διασπασθέντων

1895 5386 2305 5454 tempestatibus
2338 5396 2391 5441 et
2419 5387 2668 5441 ﬂuctibus
2710 5388 2969 5441 demersae
2996 5430 3010 5453 ,
3057 5386 3332 5442 declinans
3384 5386 3461 5440 la-

231 5471 327 5523 τῶν
359 5473 793 5543 διακρατοῦντων
825 5474 1001 5528 αὐτῶν
1034 5476 1295 5543 σχοινίων.

1896 5491 2024 5546 psus
2054 5486 2155 5541 cst,
2190 5478 2421 5546 diruptis
2453 5477 2667 5531 funibus
2698 5480 2869 5547 ipsum
2910 5478 3286 5533 retinentibus.

297 5710 332 5737 "’
363 5708 539 5762 Matth.
578 5725 740 5772 um,
772 5712 854 5764 l5.
936 5714 976 5742 δ’
1008 5712 1194 5769 Matth.
1234 5733 1340 5780 \‘t‘l,
1375 5716 1458 5773 l8.
1542 5717 1585 5747 "
1617 5716 1886 5786 βασίλει’,

1012 5712 1194 5769 Matth.
1234 5733 1340 5780 ιιι,
1375 5716 1458 5773 l8.
1542 5717 1585 5747 "
1617 5716 1886 5786 βασίλει’,
1938 5719 1988 5773 ἲς.
2086 5720 2125 5749 ⁸³
2173 5718 2310 5771 Psal.
2368 5734 2509 5783 ωιιν,
2560 5722 2639 5773 l0.

466 5805 734 5862 l’arnoa.
779 5805 893 5864 tiu.
950 5806 1173 5865 XXIV.
3114 5813 3179 5874 11
