4120 6294
726 260 819 317 ’551

1245 367 1469 422 CAPUT
1509 367 1742 421 XXXIV.

720 670 947 743 populus
977 669 1067 737 qui
1114 667 1278 722 estin
1322 678 1386 717 eo
1418 681 1429 715 :
1465 662 1590 730 quia
1639 662 1787 715 furor
1839 660 2049 714 Domini
2107 674 2267 728 super

719 775 909 816 omnes
950 767 1172 831 gentes;
1217 767 1266 809 et
1300 755 1378 809 ira
1407 769 1569 822 super
1603 767 1817 806 omnem
1864 767 2143 804 numerum
2176 766 2267 804 co-

717 868 843 908 rum
870 894 886 918 ,
929 862 987 907 ut
1011 850 1193 922 perdat
1221 862 1313 902 eos
1347 856 1400 901 et
1437 846 1611 899 tradat
1641 845 1706 896 ad
1735 845 1954 897 caedem.
1992 841 2266 896 Vulnerati

1382 253 1647 312 EUSEBII
1673 254 2144 312 CASSARIENSIS
2182 256 2329 315 OI’I’.
2372 256 2545 311 PARS
2584 256 2665 313 ΙΙΙ.
2710 289 2771 297 -
2815 257 3222 313 EXEGETICA.

2294 376 2341 432 Α

799 488 957 542 Vens.
993 483 1106 539 1-5.
1161 503 1176 534 ι
1206 484 1475 546 Accedite,
1513 494 1717 550 gentes,
1746 491 1799 534 ct
1830 481 2028 541 audite,
2066 478 2265 549 princi-
2330 528 2337 531 _

722 596 819 647 pes
850 576 1071 634 :audiat
1102 585 1237 631 terra
1267 614 1282 638 ,
1322 582 1377 628 et
1404 574 1494 641 qui
1540 573 1591 625 in
1619 586 1680 624 ea
1712 572 1985 634 habitant,
2014 572 2181 634 orbis,
2216 578 2269 621 et

3830 261 3935 318 πά

2878 374 3263 424 ΚΕΦΛΛΑΙΟΝ

2455 524 2465 534 .
2507 484 2906 553 Προσαγάγετε,

2374 574 2653 625 ἀκουσάτω
2683 578 2714 642 ἡ
2736 616 2739 621 .
2762 576 2853 643 γῆ,
2890 577 2983 627 καὶ
3024 578 3069 628 οἱ
3104 578 3160 627 ὲν
3196 577 3330 645 αὐτῇ
3363 576 3654 640 οἰκοῦντες,
3682 581 3713 649 ή
3746 581 3930 632 οἰκον-

2378 663 2531 732 μένη,
2569 666 2660 717 καὶ
2692 667 2719 716 ὁ
2747 665 2869 727 λαὸς
2917 669 2945 718 ὁ
3006 667 3061 718 ἐν
3090 667 3223 735 αὐτῇ
3250 684 3261 694 ·
3295 666 3428 717 διότι
3464 669 3491 718 ὁ
3530 666 3696 737 θυμὸς
3723 668 3928 736 Κυρίου

3322 375 3417 426 ΛΔ·

2963 486 3105 555 ἒϐνη,
3153 484 3243 536 καὶ
3302 486 3584 548 ἀκούσατε,
3632 488 3883 557 ἄρχοντες
3916 508 3927 518 ·

2372 756 2465 806 ἐπὶ
2503 756 2677 837 πάντα
2708 756 2773 807 τὰ
2802 756 2947 825 ἔθνη,
2973 758 3067 809 καὶ
3092 758 3225 827 ὀργὴ
3256 758 3347 808 ἐπὶ
3380 759 3471 810 τὸν
3495 758 3721 829 ἀριθμὸν
3748 759 3928 811 αὐτῶν

2369 846 2461 899 τοῦ
2499 846 2755 900 ἀπολέσαι
2809 849 3023 911 αὐτοὺς,
3060 849 3152 901 καὶ
3204 849 3533 917 παραδοῦναι
3580 854 3658 909 είς
3692 853 3921 902 σφα-νίν.

3737 930 3751 943 ο
3811 921 3930 947 Ι¹ο’⁹

717 990 896 1031 autem
941 953 1124 1031 eorum
1158 949 1525 1040 idoneam},
1558 942 1613 1017 ἐξ
1659 942 1853 1018 iiii-iiii
1886 979 1900 1015 :
1934 978 1990 1020 et
2016 971 2254 1021 ascendet

2365 972 2427 1023 Οί
2468 970 2525 1023 δὲ
2569 970 2898 1038 τραυματίαι
2931 963 3106 1015 αὐτῶν
3137 960 3468 1031 ριφήσονται,
3506 964 3599 1018 καὶ
3632 969 3680 1024 οξ
3710 942 3923 1044 vago}.

717 1071 853 1124 odor
901 1081 1103 1123 eorum.
1160 1081 1179 1114 ι
1231 1060 1559 1129 Quibusnam
1596 1052 1774 1112 tradat
1807 1053 1859 1111 in
1888 1059 2084 1112 caedem
2118 1099 2131 1120 ,
2164 1057 2266 1111 nisi

716 1162 1002 1217 ultricibus
1028 1154 1361 1211 virtutibus?
1390 1151 1483 1207 llis
1510 1166 1670 1221 porro
1691 1149 1993 1221 castigatis,
2028 1149 2115 1203 alii
2149 1148 2265 1203 vul—

713 1252 888 1307 nerati
911 1290 929 1317 ,
977 1249 1063 1304 alii
1115 1248 1309 1301 mortui
1356 1254 1554 1307 erunt,
1587 1243 1678 1312 qui
1707 1241 1912 1297 scilicet
1940 1243 2003 1295 ad
2041 1252 2263 1295 mortem

713 1356 1007 1411 peccavere
1044 1357 1058 1392 :
1091 1353 1317 1409 quorum
1349 1337 1617 1400 facinora,
1664 1336 1718 1389 in
1759 1337 1870 1387 vita
1906 1334 2112 1389 mortali
2142 1348 2262 1402 per-

713 1443 919 1501 petrata
946 1474 959 1496 ,
1008 1431 1195 1499 iudicii
1227 1442 1461 1497 tempore
1516 1426 1740 1481 fetorem
1772 1427 2057 1480 emittent:
2093 1439 2259 1493 quare

713 1528 1003 1580 secundum
1018 1522 1392 1594 Symmachum
1417 1518 1633 1581 dicitur,
1652 1537 1669 1567 ι
1696 1518 1759 1571 Ει
1777 1516 2201 1572 asccndetfetor.
2231 1534 2248 1565 ι

2365 1062 2457 1113 καὶ
2488 1058 2812 1128 ἀναϐήσεται
2838 1054 3014 1107 αὐτῶν
3042 1056 3074 1121 ἡ
3101 1054 3261 1132 ὀσμή,
3296 1072 3314 1113 3
3344 1053 3466 1114 Τίσι
3505 1063 3561 1116 δὲ
3597 1064 3927 1135 παραδοῦναι

2362 1152 2556 1212 αὐτοὺς
2585 1152 2662 1213 είς
2692 1147 2924 1219 σφαγὴν,
2981 1156 3012 1221 ἢ
3041 1157 3159 1216 ταῖς
3187 1153 3529 1218 κολαστικαίς
3561 1158 3654 1208 καὶ
3675 1173 3921 1228 τιμωρη-

2361 1246 2537 1306 τικαῖς
2582 1244 2878 1314 δυνάμεσι;
2925 1245 3140 1297 Τούτων
3203 1246 3257 1298 δὲ
3299 1246 3404 1301 τῶν
3451 1247 3823 1319 κολαζομένων
3878 1250 3926 1301 ot

2369 1336 2464 1404 μὲν
2518 1337 2845 1406 τραυματίαι
2878 1336 3111 1402 ἔσονται,
3162 1341 3211 1390 οἱ
3267 1339 3321 1389 δὲ
3378 1341 3590 1410 νεκροί·
3642 1342 3691 1391 οἱ
3724 1340 3925 1410 δηλαδὴ

2363 1424 2429 1476 τὰ
2473 1426 2606 1495 πρὸς
2678 1425 2902 1477 θάνατον
2956 1428 3368 1497 ἡμαρτηκότεςο
3434 1424 3511 1483 ὧν
3574 1431 3630 1482 αί
3677 1429 3923 1501 πράξεις,

2362 1516 2417 1566 αἱ
2463 1516 2599 1568 κατὰ
2638 1518 2728 1568 τὸν
2773 1516 2960 1585 θνητὸν
3023 1520 3133 1587 βίον
3189 1521 3611 1574 συντελεσθεῖσαι
3645 1522 3784 1575 κατά
3834 1522 3923 1573 τὸν

710 1623 809 1691 τῆς
863 1620 1091 1690 κρίσεως
1146 1613 1331 1685 καιρὸν
1378 1611 1633 1674 δυσωδίας
1696 1610 2121 1663 ἀποπνεύσουσι’
2192 1609 2271 1661 διὸ
2343 1610 2481 1662 κατά
2526 1610 2617 1662 τὸν
2670 1610 2959 1680 Σύμμαχον
3019 1613 3251 1681 εἴρηται,
3309 1633 3325 1662 ι
3363 1616 3470 1666 Καὶ
3518 1616 3847 1687 ἀναϐήσεται
3888 1618 3920 1684 ἡ

709 1714 956 1769 δυσωδία,
989 1732 1007 1763 ι

784 1825 942 1878 Vens.
971 1821 1022 1875 4.
1052 1840 1070 1872 ι
1098 1820 1163 1873 Et
1188 1819 1503 1889 rigabuntur
1532 1822 1740 1869 montes
1758 1811 2019 1881 sanguine
2048 1825 2253 1865 corum.
2289 1818 2330 1872 Β

710 1918 777 1972 Ει
801 1919 1076 1971 tabcsccnt
1103 1926 1289 1967 omnes
1315 1910 1539 1963 virtutes
1569 1905 1847 1961 calorum.
1894 1927 1913 1954 ι
1954 1901 2019 1957 Hi
2050 1911 2258 1956 montes

708 2019 860 2063 erant
890 2010 956 2062 de
977 2004 1171 2075 quibus
1197 2003 1395 2056 dictum
1429 2008 1512 2053 est
1536 2038 1551 2062 ,
1590 2015 1608 2048 «
1652 1996 1718 2051 Ει
1745 1995 2022 2051 tabescent
2053 2004 2260 2049 montes

708 2118 736 2154 a
776 2100 1049 2168 sanguine.
1106 2113 1125 2147 ι
1172 2092 1379 2147 Etenim
1410 2089 1640 2143 virtutes
1682 2085 1944 2141 ctelorum
1970 2123 1986 2149 ,
2016 2098 2135 2153 qua:
2165 2096 2262 2152 per

705 2198 919 2245 montes
946 2185 1335 2257 significantur,
1370 2191 1495 2235 tunc
1543 2178 1818 2233 tabescere
1853 2176 2127 2242 dicuntur,
2172 2184 2259 2227 ut-

706 2289 833 2348 pote
858 2293 976 2349 qua:
1022 2273 1337 2332 memoratis
1386 2270 1689 2327 hominibus
1723 2270 1777 2323 in
1809 2283 1970 2324 causa
1999 2267 2255 2337 perniciei

707 2372 929 2428 fuerint.
961 2371 1217 2437 Quaenam
1242 2378 1405 2434 porro
1432 2362 1533 2417 illae
1566 2361 1761 2417 fuerint
1786 2398 1801 2424 ,
1843 2360 1942 2413 nisi
1969 2358 2037 2413 de
2065 2358 2258 2428 quibus

704 2464 991 2534 Apostolus
1019 2462 1136 2525 ait,
1172 2477 1191 2511 ι
1238 2456 1352 2511 Non
1382 2465 1467 2511 est
1498 2454 1652 2508 nobis
1680 2455 1820 2505 lucta
1850 2450 2107 2504 adversus
2134 2462 2257 2502 san-

706 2555 920 2622 guinem
970 2561 1026 2606 et
1069 2562 1325 2612 carnem;
1373 2546 1463 2599 sed
1497 2544 1755 2597 adversus
1782 2541 2152 2609 principatus,
2198 2546 2256 2593 et

703 2652 993 2711 potestates
1021 2681 1039 2706 ,
1083 2647 1137 2694 et
1164 2646 1400 2693 rectores
1428 2635 1612 2689 mundi
1662 2633 1821 2702 hujus
1849 2672 1864 2696 ,
1896 2641 1950 2685 et
1999 2631 2257 2687 adversus

702 2733 996 2805 spiritualia
1025 2730 1277 2800 nequitiae
1307 2728 1362 2781 in
1392 2725 1697 2781 crelestibus
1724 2724 1809 2776 "‘3
1848 2741 1867 2773 ι
1896 2721 1987 2776 Hae
2028 2735 2256 2790 namque

699 2833 1029 2897 potestates,
1071 2835 1189 2892 qua:
1242 2818 1444 2874 aerium
1489 2817 1661 2871 locum
1704 2816 1984 2877 obtinent,
2031 2813 2255 2867 virtutes

704 2916 964 2971 caelorum
1015 2908 1774 2980 vocantur-,quandoquidem
1828 2921 1931 2971 ca,
1984 2919 2104 2973 quae
2159 2920 2257 2974 per

698 3021 825 3060 aera
877 3004 1143 3067 feruntur,
1184 3001 1431 3056 volucres
1481 2998 1599 3053 ειειί
1650 3011 1842 3054 vocare
1891 2996 2025 3051 solet
2078 2995 2254 3050 divina

700 3097 978 3167 Scriptura
1010 3096 1193 3151 dicens
1217 3134 1231 3158 ,
1267 3112 1287 3146 ι
1323 3092 1580 3147 Volucres
1627 3090 1745 3146 caeli
1800 3099 1856 3143 et
1906 3091 2079 3157 pisces
2134 3105 2249 3143 ma-

697 3190 781 3243 ris
802 3188 895 3242 ⁸⁸⁸.
947 3207 967 3241 ι
1017 3187 1149 3242 Cum
1177 3198 1354 3240 autem
1385 3185 1513 3238 illud
1539 3223 1554 3249 ,
1591 3202 1609 3234 (
1643 3183 1710 3236 Et
1756 3183 2026 3236 tabesccnt
2057 3195 2246 3236 omnes

697 3282 923 3335 virtutes
949 3262 1257 3343 caelorum,
1310 3296 1330 3330 ι
1386 3277 1439 3329 in
1488 3272 1837 3344 Septuaginta
1887 3272 2244 3340 lnterpretum

694 3373 948 3426 versione
992 3384 1095 3425 non
1138 3376 1486 3439 compareat.
1527 3380 1646 3420 cum
1699 3363 1974 3419 asteriscis
2003 3377 2067 3417 ex
2114 3361 2244 3417 reli-

698 3477 927 3533 quorum
988 3461 1426 3529 interpretatione
1473 3458 1708 3511 additum
1760 3454 1876 3507 fuit.
1927 3454 2059 3519 Quia
2116 3467 2244 3509 vero

697 3557 835 3609 scitu
870 3554 1023 3609 nobis
1055 3568 1187 3623 opus
1215 3561 1333 3606 erat
1382 3551 1719 3620 quandonam
1776 3548 1889 3600 haec
1936 3545 2111 3599 futura
2161 3560 2245 3598 es-

696 3654 836 3711 sent,
878 3645 930 3698 id
960 3658 1058 3698 nos
1084 3642 1271 3698 edocet
1314 3641 1653 3711 propheticus
1699 3652 1878 3693 sermo
1926 3637 2243 3699 declarans,

694 3734 939 3803 superius
971 3742 1262 3788 memorata
1294 3742 1414 3803 post
1466 3732 1625 3801 hujus
1670 3728 1851 3784 mundi
1904 3743 2245 3784 consumma-

696 3827 895 3881 tionem
918 3836 1173 3881 eventura
1190 3839 1328 3879 esse.
1356 3822 1720 3892 Quamobrem
1749 3821 1917 3875 infert
1952 3837 1964 3873 :
2005 3839 2023 3870 ι
2061 3819 2125 3873 Et
2144 3819 2245 3888 pli-

696 3919 905 3973 cabitur
931 3917 1144 3984 coelum,
1166 3918 1303 3971 sicut
1328 3916 1479 3978 liber,
1528 3925 1581 3969 et
1607 3914 1784 3969 omnia
1817 3920 1964 3966 astra
2012 3912 2241 3976 cadent,

698 4021 955 4079 tanquam
989 4010 1113 4063 folia
1162 4009 1227 4063 de
1253 4009 1360 4062 vite
1384 4045 1400 4071 ,
1434 4017 1482 4061 et
1521 4007 1656 4060 sicut
1680 4006 1878 4060 cadunt
1911 4002 2036 4056 folia
2072 4002 2137 4055 de
2174 4001 2242 4054 11-
2274 4008 2281 4015 ’

695 4120 781 4157 cu.
815 4122 833 4154 ι
869 4101 1116 4155 Salvator
1147 4101 1272 4153 item
1310 4100 1360 4151 in
1395 4097 1693 4166 Evangeliis
1723 4096 1837 4150 hac
1880 4096 1945 4149 de
1987 4109 2242 4148 consum-

694 4195 929 4249 matione
966 4192 1225 4246 tradidit:
1260 4208 1277 4239 ι
1314 4190 1378 4243 Et
1421 4187 1586 4241 stellae
1626 4186 1818 4240 cadent
1852 4179 1941 4239 de'
1964 4183 2140 4248 cmlo,
2189 4191 2243 4236 et

690 4288 915 4341 virtutes
943 4283 1201 4338 caelorum
1248 4280 1744 4339 commovebuntur,
1797 4284 1852 4330 et
1897 4284 2023 4328 tunc
2082 4288 2243 4343 appa-

692 4378 1055 4445 rebitsignum
1093 4374 1182 4426 lilii
1213 4371 1446 4426 hominis
1468 4370 1519 4423 in
1548 4367 1686 4422 coelo
1715 4367 1761 4398 “
1820 4384 1837 4416 ι
1873 4365 2059 4434 Aquila
2090 4378 2239 4431 vero,

2436 1837 2452 1867 ι
2492 1818 2600 1871 Καὶ
2626 1816 2953 1888 βραχήσεται
2981 1818 3047 1870 τὰ
3076 1819 3174 1889 ὅρη
3203 1820 3309 1872 ἀπὸ
3346 1819 3438 1871 τοῦ
3468 1821 3693 1890 αἵματος
3718 1822 3919 1875 αὐτῶν.

2358 1910 2463 1961 Καὶ
2500 1911 2825 1978 τακήσονται
2873 1911 3042 1962 πᾶσαι
3092 1912 3145 1962 αἱ
3178 1910 3431 1980 δυνάμεις
3454 1912 3558 1963 τῶν
3598 1912 3859 1981 οὐρανῶν.
3898 1934 3917 1965 ι

2357 1998 2539 2052 Ταῦτα
2569 2001 2744 2053 τοίνυν
2794 2001 3085 2070 ἐτύγχανον
3117 2002 3238 2072 ὄρη,
3288 2003 3413 2071 περὶ
3460 1995 3535 2055 ὦν
3584 2002 3797 2073 εἴρηται
3840 2004 3919 2067 τὺ,

2363 2110 2381 2141 ι
2422 2092 2527 2143 Καὶ
2583 2092 2905 2161 τακήσονται
2951 2094 3049 2163 δρη
3091 2092 3196 2145 ἀπὸ
3238 2093 3330 2145 τοῦ
3364 2093 3610 2162 αἵματος.
3644 2114 3661 2144 ι
3700 2096 3767 2146 Δί
3814 2096 3921 2166 γάρ

2356 2182 2611 2252 δυνάμεις
2638 2183 2743 2236 τῶν
2783 2183 3042 2253 οὐρανῶν,
3092 2183 3191 2254 ὅρη
3240 2184 3544 2253 νοούμεναι,
3585 2185 3921 2256 τακήσεσθαι

2357 2273 2619 2342 λέγονται,
2645 2276 2719 2338 ὡς
2750 2276 2916 2328 αἰτίαι
2965 2275 3249 2345 γενόμεναι
3287 2275 3557 2335 ἀπωλείας
3613 2276 3720 2329 τῶν
3772 2279 3922 2348 εἰρη-

2360 2364 2552 2432 μένων.
2588 2366 2807 2428 Τίνεςδ’
2837 2368 2903 2420 ἂν
2935 2362 3039 2419 εἶεν
3092 2363 3269 2430 αὗται,
3324 2370 3357 2440 ἢ
3398 2370 3523 2440 περὶ
3567 2362 3643 2421 ὧν
3682 2388 3850 2440 φησιν
3890 2369 3923 2423 ὁ

2370 2455 2687 2518 Ἀπόστολος
2705 2496 2719 2519 ,
2759 2475 2776 2507 ι
2820 2458 2933 2509 Οὐκ
2956 2457 3099 2509 ἔστιν
3120 2461 3248 2529 ἡμῖν
3273 2460 3305 2530 ἠ
3334 2459 3477 2528 πάλη
3495 2460 3629 2530 πρὸς
3660 2457 3797 2530 αἷμα
3826 2461 3921 2513 καὶ

2359 2546 2565 2615 σάρκα·
2617 2546 2750 2599 ἀλλά
2784 2546 2920 2617 πρὸς
2963 2548 3061 2610 τάς
3088 2549 3283 2619 ἀρχὰς,
3331 2551 3467 2621 πρὸς
3513 2551 3610 2614 τὰς
3646 2551 3917 2618 ἐξουσίας,

2355 2638 2487 2707 πρὸς
2557 2640 2682 2702 τοὺς
2754 2642 3199 2713 κοσμοκράτορας
3262 2642 3356 2694 τοῦ
3417 2643 3622 2712 κόσμου
3697 2646 3915 2707 mu,

2356 2730 2489 2801 πρὸς
2538 2730 2605 2783 τά
2653 2733 2994 2801 πνευματικά
3025 2732 3123 2802 τῆς
3155 2734 3416 2803 πονηρίας
3444 2736 3499 2786 ὲν
3539 2738 3653 2797 τοῖς
3684 2736 3919 2806 ἐπουρα-

2357 2820 2504 2883 νίοις.
2544 2839 2561 2873 ι
2601 2818 2765 2877 Αὖται
2798 2822 2906 2893 γὰρ
2932 2822 2988 2875 αἱ
3013 2824 3290 2894 δυνάμεις,
3313 2824 3367 2876 αἳ
3409 2824 3501 2878 τὸν
3529 2826 3709 2896 ἀέριον
3739 2826 3919 2896 χῶρον

2354 2911 2779 2982 διακατέχονται,
2813 2914 3068 2985 δυνάμεις
3096 2915 3336 2987 οὐρανῶν
3368 2915 3637 2987 εἴρηνται·
3671 2917 3793 2970 ἐπεὶ
3824 2918 3921 2971 καὶ

2354 3001 2423 3054 τὰ
2452 3004 2520 3056 δι’
2558 3004 2714 3075 ἀέρος
2744 3005 3014 3077 φερόμενα
3071 3006 3289 3059 πετεινά
3320 3006 3549 3078 οὐρανοῦ
3582 3006 3768 3060 καλεῖν
3795 3008 3920 3062 εἴω-

2354 3093 2443 3147 θεν
2467 3098 2499 3166 ἡ
2529 3095 2646 3148 θεία
2672 3096 2859 3167 Γραφὴ
2903 3096 3132 3164 λέγουσα
3152 3142 3165 3161 ,
3205 3116 3222 3147 ι
3254 3097 3332 3151 Ta
3361 3098 3579 3151 πετεινά
3608 3098 3703 3151 τοῦ
3754 3099 3921 3170 οὐρα-

2349 3187 2439 3239 νοῦ
2462 3187 2552 3239 καὶ
2575 3188 2699 3250 τοὺς
2733 3187 2916 3257 ἰχθύας
2942 3188 3039 3258 τῆς
3067 3188 3360 3260 θαλάσσης.
3406 3209 3424 3241 ι
3585 3189 3837 3260 κείμενον
3860 3192 3920 3246 δὲ

2347 3279 2403 3329 ὲν
2432 3281 2498 3347 τῇ
2526 3278 2635 3330 τῶν
2671 3278 3067 3349 Ἐϐδομήκοντα
3109 3281 3372 3352 ἑρμηνείᾳ.
3397 3281 3479 3344 τὸ,
3517 3300 3535 3332 ι
3588 3282 3699 3334 Kal.
3742 3284 3921 3353 τακῆ-

2347 3386 2525 3421 σονται
2581 3371 2751 3423 πᾶσαι
2812 3371 2869 3423 αἱ
2924 3372 3180 3441 δυνάμεις
3234 3371 3341 3425 τῶν
3388 3372 3649 3443 οὐρανῶν,
3692 3394 3711 3423 ι
3773 3374 3920 3444 μετά

2349 3461 2686 3531 ἀστερίσκων
2742 3462 2806 3514 ὲκ
2853 3463 2950 3532 τῆς
2988 3462 3094 3515 τῶν
3139 3463 3337 3517 λοιπῶν
3383 3464 3678 3535 ἑρμηνείας
3740 3483 3918 3551 προσ-

2326 3549 2530 3620 ετέθη.
2586 3551 2737 3603 Ἐπεὶ
2788 3550 2844 3603 δὲ
2879 3552 3044 3622 ἐχρῆν
3098 3553 3245 3621 ἡμᾶς
3296 3552 3496 3619 γνῶναι
3559 3553 3686 3605 πότε
3736 3549 3917 3607 ταῦτα

2347 3640 2497 3694 ἔσται
2525 3682 2540 3703 ,
2604 3643 2697 3694 καί¹
2749 3640 2905 3695 τοῦτο
2970 3641 3204 3696 διδάσκει
3261 3646 3290 3697 ὁ
3345 3645 3677 3715 προφητικὸς
3731 3645 3913 3714 λόγος,

2346 3734 2653 3804 παριστὰς,
2700 3734 2775 3797 ὡς
2835 3735 2967 3804 μετά
3034 3734 3131 3805 τὴν
3200 3736 3505 3789 συντέλειαν
3562 3736 3655 3789 τοῦ
3702 3738 3913 3807 κόσμου

2344 3826 2530 3879 τούτου
2583 3829 2867 3897 γενήσεται
2908 3828 2975 3880 τὰ
3039 3826 3417 3897 προλεχθέντα.
3470 3829 3559 3881 Διὸ
3607 3829 3899 3899 ἐπιφέρει’

2349 3934 2368 3966 ι
2402 3916 2509 3968 Καὶ
2544 3916 2872 3987 είλιγήσεται
2896 3918 2969 3980 ὡς
2994 3918 3193 3987 βιϐλίον
3245 3922 3273 3972 ὁ
3320 3919 3567 3989 οὐρανὸς,
3601 3920 3694 3972 καὶ
3726 3921 3913 3977 πάντα

2344 4007 2409 4059 τὰ
2456 4007 2631 4078 ἄστρα
2656 4011 2917 4071 πεσεῖται,
2956 4008 3030 4071 ὡς
3062 4009 3232 4077 φύλλα
3261 4011 3318 4076 ἐξ
3368 4010 3632 4079 ἀμπέλου.
3684 4012 3777 4063 καὶ
3829 4014 3913 4078 ὡς

2343 4100 2529 4151 πίπτει
2553 4099 2723 4168 φύλλα
2754 4099 2861 4153 ἀπὸ
2887 4101 3074 4170 συκῆς.
3120 4120 3138 4151 ι
3172 4102 3282 4154 Καὶ
3333 4103 3363 4154 ὁ
3396 4102 3583 4174 Σωτὴρ
3611 4103 3666 4157 δὲ
3706 4105 3763 4157 ἐν
3791 4108 3909 4172 τοῖς

2343 4190 2692 4258 Εὐαγγελίοις
2740 4193 2865 4263 περὶ
2903 4192 3003 4261 τῆς
3036 4193 3338 4257 συντελείας
3372 4194 3645 4264 παραδοὺς
3678 4196 3864 4264 ἔλεγεν
3885 4218 3903 4231 ·

2348 4301 2367 4331 ι
2395 4281 2499 4333 Ka‘t
2527 4283 2575 4333 οἱ
2597 4280 2822 4351 ἀστέρες
2854 4279 3141 4334 πεσοῦνται
3168 4282 3230 4334 ἐκ
3272 4281 3365 4333 τοῦ
3401 4282 3651 4353 οὐρανοῦ,
3706 4285 3798 4337 καὶ
3842 4287 3905 4338 αἱ

2341 4369 2591 4439 δυνάμεις
2613 4368 2720 4421 τῶν
2742 4368 2982 4439 οὐρανῶν
3008 4368 3445 4440 σαλευθήσονται,
3470 4370 3563 4423 καὶ
3588 4372 3707 4425 τότε
3728 4375 3905 4445 φανή-

698 4487 717 4517 ι
759 4470 822 4522 Et
837 4467 1013 4522 omnis
1036 4464 1302 4521 exercitus
1328 4476 1511 4515 eorum
1541 4458 1759 4520 defluet,
1781 4458 1919 4511 sicut
1944 4455 2126 4509 deﬂuit
2156 4454 2240 4510 fo-

2351 4475 2492 4513 σεται
2522 4459 2583 4512 τὸ
2618 4462 2838 4529 σημεῖον
2858 4459 2951 4511 τοῦ
2980 4458 3111 4511 Υἱοῦ
3138 4458 3231 4511 τοῦ
3255 4457 3537 4530 ἀνθρώπου
3554 4459 3613 4511 ὲν
3637 4460 3715 4531 τῷ
3742 4461 3906 4533 οὐρα-

691 4562 822 4614 lium
850 4573 880 4612 a
908 4558 1040 4621 vite,
1070 4566 1123 4609 et
1152 4564 1403 4622 tanquam
1434 4550 1668 4618 id,quod
1705 4548 1968 4602 delabitur
1990 4562 2017 4598 a
2042 4545 2143 4599 ficu
2170 4561 2185 4609 ;
2215 4563 2233 4595 ο

693 4652 983 4704 secundum
1011 4646 1388 4716 Symmachum
1437 4653 1655 4705 autem,
1698 4658 1717 4688 ι
1762 4639 1827 4692 Ει
1852 4638 2028 4691 omnis
2067 4637 2238 4690 virtus

690 4742 804 4807 ejus
837 4739 1010 4801 cadet,
1042 4738 1181 4792 sicut
1201 4716 1561 4790 cadit'folium
1587 4749 1615 4785 a
1646 4732 1754 4785 vite
1782 4770 1796 4791 ,
1828 4739 1882 4784 et
1908 4740 2156 4797 tanquam
2181 4727 2235 4781 id
2278 4780 2279 4783 η

690 4834 831 4902 quod
855 4830 1054 4886 decidit
1087 4843 1118 4881 a
1149 4827 1274 4883 ﬁcu.
1317 4844 1337 4879 ι
1374 4824 1495 4878 llaec
1520 4838 1677 4891 porro
1699 4820 2102 4877 observavimus
2130 4858 2147 4884 ,
2176 4826 2236 4871 ut

690 4921 1091 4977 ostenderemus
1149 4932 1234 4982 ea,
1264 4932 1381 4986 qua:
1414 4933 1440 4969 a
1493 4914 1628 4969 LXX
1673 4912 2057 4981 lnterpretihus
2090 4918 2235 4964 astra

692 5016 963 5078 dicuntur,
992 5011 1127 5080 apud
1160 5009 1392 5078 reliquos
1437 5009 1757 5076 interpretes
1809 5006 2035 5059 virtutes
2068 5001 2234 5057 caelo-

690 5121 807 5158 rum
841 5104 1042 5158 vocari.
1078 5103 1207 5167 Quae
1236 5102 1482 5162 virtutes,
1518 5100 1615 5152 nisi
1654 5097 1720 5151 de
1750 5097 1942 5165 quibus
1972 5094 2129 5149 modo
2153 5095 2234 5148 di-

691 5210 833 5250 ctum
866 5205 944 5250 est
968 5195 992 5248 ?
1020 5193 1111 5247 Ha:
1139 5192 1299 5262 igitur
1332 5194 1459 5259 ipsa:
1485 5231 1499 5254 ,
1526 5192 1665 5243 sicut
1690 5187 1812 5242 folia
1839 5189 1905 5241 de
1932 5187 2061 5249 vite.
2086 5186 2235 5253 judi—

690 5288 756 5340 cii
800 5286 1256 5355 tempore-cadere
1284 5285 1555 5345 dicuntur,
1582 5295 1687 5349 quo
1719 5280 1912 5334 caelum
1942 5279 2235 5349 plicabitur

688 5380 840 5445 quasi
880 5378 1034 5432 liber.
1066 5376 1164 5429 llic
1192 5389 1318 5430 vero
1349 5375 1637 5428 notandum
1664 5379 1773 5435 cst,
1808 5386 1913 5425 non
1942 5368 2239 5439 corruptio-

690 5487 831 5534 :icm,
862 5486 964 5523 non
988 5469 1205 5522 exitium
1230 5508 1245 5531 ,
1287 5482 1389 5519 non
1418 5463 1838 5520 destructionem
1862 5462 2120 5517 caelorum
2150 5458 2233 5513 his

758 5715 799 5744 ”
829 5713 1019 5782 Ephcs.
1058 5728 1127 5777 t't,
1161 5714 1239 5765 l2.

2341 4550 2435 4619 νῷ.
2470 4569 2488 4601 ι
2520 4550 2577 4602 Ὀ
2612 4551 2709 4620 μὲν
2752 4549 3001 4612 ’Δκύλας,
3032 4569 3050 4600 ι
3104 4550 3213 4602 Καὶ
3259 4551 3408 4603 πᾶσα
3452 4550 3678 4621 στρατιᾲ
3718 4552 3902 4605 αὐτῶν

2338 4640 2682 4711 ἀπορῤεὐᾶει,
2700 4640 2775 4703 ὡς
2802 4641 3031 4709 ἀπορρεῖ
3063 4638 3256 4708 φύλλον
3277 4639 3385 4693 ἀπὸ
3407 4640 3672 4711 ἀμπέλου,
3702 4642 3797 4695 καί¹
3820 4642 3902 4705 ὡς

2336 4733 2641 4801 ἀπόπτωμα
2691 4731 2797 4783 ἀπὸ
2855 4730 3055 4799 συκῆς⁸
3116 4750 3135 4781 ι
3169 4733 3307 4783 κατά
3348 4731 3404 4783 δὲ
3447 4730 3539 4785 τὸν
3584 4732 3898 4803 Σύμμαχον,

2343 4838 2360 4868 ι
2397 4820 2504 4872 Καὶ
2537 4820 2684 4872 πᾶσα
2716 4821 2749 4889 ἡ
2801 4819 3026 4889 δύναμις
3057 4820 3217 4873 αὐτοῦ
3267 4824 3528 4886 πεσεῖται,
3579 4822 3653 4885 ὡς
3704 4824 3903 4876 πίπτει-

2338 4909 2528 4977 φύλλον
2559 4910 2668 4963 ἀπὸ
2689 4910 2951 4980 ἀμπέλου,
2986 4912 3077 4964 καὶ
3094 4911 3168 4974 ὼς
3195 4912 3501 4983 ἀπόπτωμα
3526 4913 3633 4966 ἀπὸ
3666 4914 3893 4984 συκῆς.»

2340 5001 2637 5073 Τετήρηται
2671 5001 2726 5054 δὲ
2762 5000 2931 5055 ταῦτα
2961 5002 3107 5071 ἡμῖν,
3141 5004 3220 5064 εἰς
3249 5003 3309 5055 τὸ
3328 5000 3515 5067 δεῖξαι,
3536 5005 3617 5055 ὅτι
3648 5004 3717 5057 τὰ
3746 5006 3900 5075 παρὰ

2335 5097 2445 5157 τοῖς
2471 5094 2864 5164 Ἐϐδομὴκοντα
2895 5095 3153 5166 εἰρημένα
3182 5096 3354 5165 ἄστρα
3378 5096 3529 5166 παρὰ
3554 5098 3665 5159 τοῖς
3692 5095 3899 5161 λοιποῖς

2341 5186 2696 5255 ὲρμηνευταῐς
2748 5185 2999 5254 δυνάμεις
3054 5184 3149 5237 τοῦ
3206 5186 3434 5255 οὐρανοῦ
3482 5184 3896 5255 ὠνομάσθησαν.

2339 5275 2491 5329 Ποῖαι
2520 5274 2576 5327 δὲ
2603 5274 2875 5345 δυνάμεις,
2899 5274 2930 5344 ἦ
2959 5276 3083 5345 περὶ
3111 5268 3186 5327 ὦν
3216 5276 3416 5346 ἀρτίως
3446 5275 3688 5343 nive-ro;
3711 5275 3899 5330 Ταῦτα

2333 5360 2423 5417 οὖν
2450 5365 2588 5417 αὐτὰ
2629 5364 2703 5426 ὼς
2736 5362 2906 5432 φύλλα
2954 5363 3013 5428 ἐξ
3063 5364 3305 5434 ἀμπέλου
3353 5362 3633 5417 πεσεῖσθαι
3681 5364 3894 5435 εἴρηται

2334 5454 2471 5507 κατὰ
2507 5454 2597 5506 τὸν
2633 5454 2729 5523 τῆς
2765 5451 2993 5523 κρίσεως
3027 5453 3237 5522 καιρὸν,
3286 5453 3408 5507 καθ’
3450 5453 3510 5507 ὃν
3562 5453 3892 5525 εἰλιγήσεται

1339 5716 1399 5743 ἰδ⁴
1442 5710 1577 5763 l’sai.
1626 5723 1740 5771 \Ill,
1797 5706 1849 5757 9.
1929 5706 1973 5736 “
2026 5704 2205 5759 Matth.
2260 5715 2408 5764 XXIV,
2459 5698 2545 5753 ‘29.
