4120 6294
252 322 356 375 '53?)

1173 316 1673 376 ὉΟΜΜΕΝΓΑΜΛ
1717 312 1780 366 ΙΝ
1817 311 2075 366 ἸΞΑΙΑΜ.
2119 342 2188 350 --—
2218 309 2374 365 CAP.
2417 309 2657 364 XXXIV.

3400 307 3504 360 554

251 443 473 512 οὖρανὺς
512 445 592 505 ὡς
631 443 850 512 βιϐλίον.
896 443 1248 513 Ἐπιτηρῆσαι
1294 441 1350 493 δὲ
1385 440 1550 503 ἄξιον,
1604 437 1829 490 ἐνταῦθα

1939 430 2118 484 verbis
2151 429 2375 482 indicari
2406 447 2420 493 ;
2457 444 2641 482 verum
2668 467 2681 489 ,
2717 426 2857 480 sicut
2885 422 3099 479 evoluto
3133 432 3188 478 et
3212 433 3400 492 aperto
3444 425 3502 476 li-

257 535 576 604 γενομένους
604 537 702 587 τοῦ
730 537 906 602 λόγου,
935 535 1010 595 ὡς
1043 536 1102 586 οὐ
1140 532 1362 602 φθορὰν,
1399 532 1517 584 οὐδὲ
1559 531 1831 584 ἀπώλειαν

255 627 342 678 καὶ
377 628 702 697 ἀφανισμὸν
746 627 960 678 ἔσεσθαι
996 626 1089 678 τοῦ
1117 625 1346 694 οὐρανοῦ
1371 624 1623 693 σημαίνει
1669 624 1696 673 ὁ
1744 622 1832 673 λό-

255 734 342 786 γος
365 735 378 748 ·
415 719 534 771 ἀλλ’
558 719 640 783 ὡς
686 720 751 772 ἂν
779 719 1148 790 είλισσομένης
1190 718 1368 788 βίϐλου
1409 715 1729 787 φανεροῦται
1767 714 1835 767 τὰ

251 813 304 862 ἐν
345 813 483 882 αὐτῇ
543 813 933 884 γεγραμμένα,
985 813 1046 864 οὑ
1097 813 1203 881 μὴν
1234 810 1514 880 φθείρεται
1547 811 1579 878 ή
1616 807 1828 877 βίϐλος’

251 902 335 954 τὸν
365 903 533 956 αὐτὸν
559 905 767 976 τρόπον
799 902 1208 973 ἀνελιττομένης
1234 903 1332 972 τῆς
1351 899 1708 973 περιεχούσης
1733 897 1830 961 τὰς

251 995 340 1047 τοῦ
374 995 703 1065 σύμπαντος
758 998 948 1058 αἰῶνος
985 995 1194 1067 κρίσεις
1223 995 1320 1047 καὶ
1363 992 1586 1064 πράξεις
1622 990 1825 1060 βίϐλου,

249 1087 301 1138 αἱ
334 1086 718 1157 ἀντικείμεναι
768 1087 1022 1156 δυνάμεις
1072 1085 1400 1156 ἀπορρέουσι
1437 1084 1533 1153 τῆς
1576 1081 1713 1135 κατὰ
1737 1080 1828 1133 τὸν

248 1177 378 1246 ἀέρα
402 1177 722 1249 διατριϐῆς.
758 1178 891 1230 Τότε
913 1177 970 1230 δὲ
997 1179 1053 1230 αἱ
1076 1177 1443 1245 ἀντικείμεναι
1469 1174 1742 1243 δυνάμεις,
1773 1173 1828 1225 αἱ

249 1269 413 1322 πάλαι
450 1269 621 1341 δίκην
638 1270 850 1340 ἄστρων
886 1269 1113 1331 πολλοὺς
1139 1267 1482 1337 ἀδικήσασαι,
1520 1263 1824 1316 πεσοῦνται·

249 1362 364 1415 ἐπεὶ
420 1363 518 1423 καὶ
570 1361 736 1424 αὐτὸς
779 1362 808 1412 ό
850 1361 1113 1424 Σατανᾶς,
1181 1357 1787 1429 μετασχηματιζόμενος
1819 1359 1897 1418 εἰς

248 1471 357 1507 νου.

321 1565 338 1596 ε
384 1545 703 1618 Ἑμεθύσθη
737 1548 770 1617 ή
800 1545 1044 1616 μάχαιρά
1078 1561 1178 1613 μου
1230 1544 1286 1596 ἐν
1335 1543 1412 1613 τῷ
1455 1543 1689 1615 οὐρανῷ,
1733 1544 1825 1597 καὶ

249 1643 336 1694 ἐπὶ
362 1641 463 1712 τήν
505 1641 816 1713 Ἰδουμαίαν
849 1641 1235 1712 καταϐήσεται,
1286 1642 1378 1692 καὶ
1426 1642 1516 1694 ἐπὶ
1565 1642 1655 1694 τὸν
1697 1642 1821 1695 λαὸν

1937 525 2056 585 bro,
2107 536 2226 591 qua:
2271 522 2537 588 descripta
2575 528 2699 572 sunt
2750 517 2801 570 in
2853 525 3200 584 conspectum
3236 515 3499 577 veniunt,

1931 628 2104 682 neque
2135 621 2312 666 tamen
2331 611 2466 665 liber
2487 609 2818 672 destruitur;
2847 607 3035 662 eodem
3074 621 3296 676 prorsus
3320 607 3501 670 modo,

1929 706 2143 759 evoluto
2197 714 2252 759 et
2306 714 2490 772 aperto
2548 702 2674 764 illo,
2734 701 2902 755 totius
2953 699 3135 754 saeculi
3186 698 3388 767 judicia
3449 709 3504 752 ct

1931 813 2094 866 Opera
2153 797 2545 865 complectente
2571 835 2586 857 ,
2628 795 2764 847 libro
2789 835 2804 858 ,
2837 792 3162 846 adversaria
3206 800 3503 860 potestates

1932 891 2002 944 ab
2046 889 2132 943 illa
2160 889 2212 942 in
2271 903 2395 942 aere
2430 886 2851 942 commoratione
2883 884 3140 938 deﬂuent.
3193 883 3344 940 Tunc
3403 901 3501 937 au-

1933 992 2040 1037 tern
2107 981 2308 1035 eaedem
2380 981 2510 1048 ipsae
2575 977 2898 1032 adversaria:
2969 985 3318 1042 potestates,
3382 991 3502 1044 quae

1931 1076 2058 1128 olim
2105 1073 2380 1128 stellarum
2422 1072 2620 1132 instar,
2673 1069 2871 1123 multos
2904 1069 3176 1131 laeserant,
3207 1065 3457 1122 deciderit
3487 1085 3499 1118 :

1932 1165 2363 1236 quandoquidem
2412 1174 2467 1218 et
2515 1164 2629 1231 ipse
2680 1161 2913 1216 Satanas
2967 1159 3394 1214 transformatus
3444 1159 3498 1212 in

1935 1259 2186 1330 angelum
2238 1258 2395 1322 lucis,
2435 1267 2687 1324 tanquam
2744 1253 2920 1322 fulgur
2966 1255 3033 1307 de
3078 1252 3217 1308 ccelo
3278 1249 3500 1305 decidit.

1929 1354 2158 1423 ἄγγελον
2181 1349 2376 1420 φωτὸς,
2409 1348 2694 1400 πέπτωκεν
2717 1345 2790 1409 ὡς
2820 1345 3072 1416 ἀστραπὴ
3106 1347 3170 1397 ἐκ
3200 1343 3293 1396 τοῦ
3334 1345 3499 1414 ούρα-

2004 1532 2170 1586 Vsns.
2212 1529 2264 1584 5.
2304 1547 2324 1581 ‹
2364 1526 2664 1581 Inebriatus
2697 1535 2774 1579 est
2807 1524 3018 1595 gladius
3052 1538 3203 1578 meus
3230 1523 3283 1577 in
3313 1522 3451 1577 coelo
3481 1563 3498 1585 .

1930 1636 1984 1680 ct
2018 1627 2068 1680 in
2107 1623 2393 1678 ldumaaam
2434 1620 2744 1683 descendet,
2774 1627 2830 1670 et
2857 1617 2908 1670 in
2945 1615 3199 1686 p0pulum
3233 1614 3498 1684 perditio-

247 1734 341 1802 τῆς
393 1692 1156 1802 ἐπωλζειέιὲ’“μ“εέάἇρίσὲως.
1197 1692 1234 1782 »⁷
1262 1692 1530 1802 Ἰδουμαία
1567 1692 1824 1803 τερον

1934 1723 2015 1774 nis
2055 1733 2176 1772 cum
2225 1714 2450 1786 judicio.
2490 1731 2508 1765 ι
2549 1711 2777 1765 ldunuea
2818 1710 3126 1780 signiﬁcat,
3158 1717 3364 1763 terrena
3392 1727 3409 1762 :
3444 1710 3496 1761 in

250 1823 458 1876 νεύεται
492 1824 534 1890 ἡ
577 1822 820 1892 γεώδης,
852 1822 936 1889 ἐφ’
961 1822 1030 1891 ἢν
1054 1825 1087 1892 ή
1109 1823 1354 1892 μάχαιρα
1384 1823 1668 1876 καταϐᾶσα
1691 1822 1824 1893 πλη-

251 1914 434 1984 ροῦται
466 1916 728 1985 αἵματος,
761 1913 856 1966 καὶ
890 1912 1078 1983 ὥσπερ
1124 1913 1232 1965 ἀπὸ
1267 1914 1489 1976 στέατος
1519 1913 1628 1965 τῶν
1658 1930 1825 1965 κατα-

252 2006 643 2076 σφαττομένων
668 2003 987 2074 παχύνεται.

322 2115 342 2147 ι
383 2097 450 2150 Ἡ
508 2099 756 2168 μάχαιρα
804 2097 1006 2168 Κυρίου
1052 2097 1352 2170 ἐνεπλήσθη
1393 2100 1639 2170 αἵματος,
1688 2101 1822 2151 ἐπα-

251 2185 416 2257 χύνθη
443 2188 557 2240 ἀπὸ
585 2187 828 2251 στέατος,
862 2186 969 2240 ἀπὸ
999 2187 1228 2257 αἵματος
1246 2187 1463 2257 τράγων
1490 2188 1585 2241 καὶ
1614 2185 1821 2256 ἀμνῶν,

253 2278 340 2333 καὶ
368 2280 482 2336 ἀπὸ
529 2281 750 2342 στέατος
776 2280 991 2351 τράγων
1016 2280 1109 2333 καὶ
1154 2278 1353 2350 κριῶν
1403 2280 1487 2332 ὅτι
1542 2279 1702 2332 θυσία
1748 2280 1824 2348 τῷ

253 2373 441 2444 Κυρίῳ
492 2375 554 2426 ἐν
602 2372 791 2442 Βοσὸρ,
827 2373 920 2425 καὶ
968 2371 1148 2442 σφαγὴ
1205 2372 1413 2443 μεγάλη
1466 2374 1523 2424 ὲν
1564 2376 1630 2442 τῇ
1666 2373 1824 2426 Ἰδου-

258 2465 409 2536 μαίᾳ.
449 2484 469 2517 ι
505 2465 664 2526 Τίνες
701 2464 759 2517 δέ
805 2451 941 2516 εἰσιν
973 2458 1116 2516 οὗτοι
1165 2462 1328 2532 ἀμνοὶ
1374 2464 1468 2516 καὶ
1506 2463 1696 2532 τράγοι
1731 2463 1825 2518 καὶ

255 2556 395 2628 κριοί
426 2572 594 2627 φησι·
645 2555 752 2608 τῶν
809 2555 905 2625 μὲν
947 2555 1154 2628 ἀμνῶν,
1196 2554 1229 2626 ἢ
1263 2553 1403 2612 κατὰ
1437 2557 1560 2623 τοὺς
1605 2559 1824 2622 λοιποὺς

255 2647 617 2718 ἐρμηνευτάς,
670 2650 868 2722 ἀρνῶν,
901 2651 1271 2722 σημαινόντων
1312 2653 1437 2715 τοὺς
1480 2653 1570 2705 τὸν
1603 2651 1820 2724 δημώδη

256 2742 346 2796 καὶ
369 2742 645 2796 ἰδιωτικὸν
674 2742 1024 2813 μετελθόντας
1055 2743 1198 2813 βίονο
1237 2743 1347 2796 τῶν
1376 2744 1432 2796 δὲ
1479 2745 1693 2816 τράγων
1731 2748 1826 2798 καὶ

257 2833 420 2904 κριῶν
443 2836 575 2898 τοὺς
621 2835 792 2889 πολλά
830 2835 1216 2905 δεδυνημένους
1251 2837 1308 2888 ἐν
1332 2837 1526 2906 ἀρχαῖς
1557 2837 1650 2888 καὶ
1675 2835 1824 2901 ἐξου-

259 2925 418 2989 σίαις,
444 2925 544 2990 οὒς
582 2927 960 2996 μετελεύσεται
989 2929 1026 2998 ἡ
1070 2927 1312 2999 μάχαιρα
1333 2927 1426 2980 τοῦ
1447 2926 1603 2988 Θεοῦ,
1638 2927 1825 2998 ὥσπερ

257 3016 444 3072 θυσίαν
478 3019 819 3091 ἐργαζομένη
857 3020 944 3073 διὰ
970 3019 1062 3073 τοῦ
1087 3020 1486 3088 κατασφάττειν
1537 3019 1632 3073 καὶ
1678 3020 1826 3073 θύειν

258 3112 378 3174 τοῦς
412 3110 806 3182 προλεχθέντας
830 3112 1033 3183 ἀμνοὺς
1053 3114 1153 3166 ’καὶ
1182 3113 1418 3185 τράγους
1440 3114 1533 3166 καὶ
1559 3113 1766 3184 κριούς.

330 3243 349 3276 ι
389 3225 504 3278 Καὶ
537 3225 938 3296 συμπεσοῦνται
963 3227 1012 3278 οἱ
1058 3225 1209 3296 ἁδροὶ
1248 3229 1364 3296 μετ’
1410 3227 1609 3290 αὐτῶν,
1641 3229 1736 3279 καὶ
1782 3229 1833 3280 oi

261 3313 421 3385 κριοὶ,
454 3316 551 3367 καὶ
583 3317 631 3368 οἱ
654 3313 865 3385 ταῦροι,
899 3316 993 3368 καὶ
1025 3314 1421 3387 μεθυσθήσεται
1449 3317 1578 3387 ήγῆ
1608 3319 1716 3372 ἀπὸ
1738 3317 1831 3371 τοῦ

262 3402 506 3471 αῐματος,
533 3404 631 3456 καὶ
651 3404 760 3457 ἀπὸ
782 3403 875 3457 τοῦ
902 3403 1123 3466 στέατος
1137 3407 1315 3460 αὐτῶν
1335 3407 1793 3478 ἐμπλησθήσεται.
1809 3427 1827 3460 ι

274 3490 335 3544 Ἦ
366 3491 542 3562 Βοσὸρ
573 3491 1040 3562 μεταλαμϐάνεται
1074 3495 1154 3555 είς
1177 3493 1274 3563 τὴν
1303 3495 1500 3564 σάρκα,
1530 3495 1626 3546 τοῦ
1673 3494 1832 3562 λόγου

263 3581 356 3653 τὴν
390 3583 687 3635 ἀνάστασιν
711 3582 812 3652 τῆς
857 3583 1056 3655 σαρκὸς
1102 3584 1456 3654 σημαίνοντος
1499 3588 1558 3638 ἐν
1602 3587 1829 3649 τούτοις.

264 3675 351 3728 Διὸ
393 3675 494 3745 τὴν
542 3674 652 3727 τῶν
697 3676 1002 3745 εἰρημένων
1043 3677 1257 3749 σφαγὴν
1305 3679 1362 3729 ἐν
1408 3679 1572 3749 σαρκὶ
1616 3678 1832 3731 ἔσεσθαι

263 3764 526 3820 διδάσκων
555 3765 755 3836 φησιν*
804 3785 822 3816 ι
861 3767 983 3818 Ὅτι
1043 3767 1201 3819 θυσία
1253 3767 1333 3837 τῷ
1381 3768 1500 3838 Θεῷ
1547 3771 1604 3821 ἐν
1642 3769 1830 3840 Βοσὸρ,

269 3859 362 3913 καὶ
392 3859 572 3927 σφαγὴ
603 3857 810 3928 μεγάλη
838 3860 896 3911 ἐν
927 3861 994 3928 τῇ
1036 3843 1358 3929 ’Ῐδουμαίᾳί
1392 3861 1574 3912 πᾶσαν
1609 3858 1717 3928 γὰρ
1735 3861 1832 3929 τὴν

265 3949 438 4018 γεώδη
476 3949 655 4018 ψυχήν
711 3948 1108 4019 μετελεύσεται.
1171 3949 1350 4019 Ἐδὼμ
1381 3950 1490 4022 γάρ
1549 3953 1578 4003 ό
1646 3953 1833 4020 γήϊνος

269 4039 661 4111 ιρμηνεύεται·
723 4040 798 4103 ὡς
843 4040 935 4092 καὶ
996 4040 1230 4111 ἀλλαχοῦ
1298 4042 1362 4112 δὴ
1407 4042 1435 4093 ὁ
1471 4043 1632 4106 αὐτὸς
1679 4040 1833 4106 οὗτος

265 4132 547 4200 προφήτης
624 4129 749 4200 ἑξῆς
811 4130 1016 4200 προῖὼν
1084 4134 1212 4202 περὶ
1277 4133 1369 4186 τοῦ
1417 4134 1668 4204 Σωτῆρος
1740 4139 1833 4188 καὶ¹

262 4225 358 4292 τῆς
395 4222 493 4273 ὑπ’
544 4221 708 4275 αὑτοῦ
751 4224 1123 4293 γενησομένης
1177 4224 1412 4294 κρίσεώς
1453 4243 1647 4295 φησιν·
1688 4245 1706 4276 ι
1735 4228 1831 4290 Τίς

262 4304 415 4376 οὗτος
459 4315 489 4365 ὁ
554 4313 989 4383 παραγενόμενος
1032 4314 1093 4376 ἐξ
1157 4313 1352 4384 Ἐδὼμ,
1415 4315 1665 4385 ἐρύθημα
1707 4319 1831 4387 ἱμα-

1929 1827 2089 1881 quam
2130 1807 2463 1863 descendens
2481 1805 2693 1874 gladius
2725 1803 2989 1873 sanguine
3014 1802 3271 1872 repletur,
3293 1811 3499 1872 etqua-

1930 1907 1973 1960 si
1994 1905 2156 1973 adipe
2180 1901 2484 1959 occisorum
2520 1899 2900 1967 impinguatur.

2000 2086 2162 2142 Vens.
2192 2084 2244 2138 6.
2277 2103 2297 2134 ‹
2331 2081 2560 2138 Gladius
2594 2079 2802 2135 Domini
2834 2078 3083 2148 impletus
3101 2087 3187 2132 est
3212 2077 3494 2147 sanguine,

1931 2181 2292 2250 impinguatus
2316 2185 2401 2232 est
2423 2175 2612 2244 adipe,
2645 2173 2909 2244 sanguine
2948 2172 3227 2226 hircorum
3249 2179 3303 2224 et
3328 2183 3498 2238 agno-

1930 2287 2074 2335 rum,
2104 2271 2263 2340 adipe
2293 2270 2568 2324 hircorum
2609 2269 2915 2322 etarietum
2949 2285 2960 2319 :
2997 2265 3124 2334 quia
3166 2262 3495 2318 sacriﬁcium

1933 2364 2160 2422 Domino
2204 2363 2258 2421 ie
2334 2361 2522 2427 Basor,
2582 2368 2638 2414 et
2691 2359 2948 2413 mactatio
3002 2370 3197 2427 magna
3249 2355 3303 2407 in
3375 2352 3499 2407 ldu-

1931 2478 2085 2519 ma.
2136 2481 2156 2513 ι
2192 2459 2420 2526 Quinam
2453 2464 2580 2510 sunt
2607 2453 2680 2508 illi
2711 2452 2870 2522 agni,
2909 2449 3042 2505 hirci
3074 2459 3130 2503 et
3163 2446 3383 2508 arietes,
3417 2445 3501 2497 di-

1932 2558 2006 2612 cit
2036 2574 2049 2609 :
2083 2567 2342 2625 agnorum
2371 2548 2590 2604 nomine
2616 2587 2630 2611 ,
2662 2544 2777 2599 sive
2803 2542 3098 2597 secundum
3149 2539 3385 2606 reliquos
3416 2537 3499 2589 in-
3576 2554 3579 2558 ·

1933 2655 2196 2715 terpretes
2222 2685 2237 2708 ,
2268 2640 2468 2713 ἀρνῶν,
2504 2635 2880 2707 signiﬁcantur
2926 2633 3017 2703 qui
3076 2630 3386 2700 popularem
3443 2637 3500 2681 et

1933 2740 2198 2808 privatam
2226 2735 2392 2788 vitam
2421 2741 2626 2802 agunt;
2667 2727 2805 2782 hirci
2838 2739 2967 2780 vero
2996 2733 3048 2779 et
3078 2725 3276 2778 arietes
3315 2721 3373 2783 ii,
3405 2720 3501 2789 qui

1934 2830 2101 2884 multa
2132 2836 2356 2897 possunt
2382 2824 2613 2892 imperio
2641 2831 2698 2875 et
2729 2827 2992 2896 potestate
3017 2858 3032 2882 ,
3065 2830 3202 2884 quos
3238 2814 3332 2868 Dei
3379 2813 3498 2882 gIa--

1937 2923 2057 2978 dius
2084 2920 2320 2982 invadet,
2347 2919 2439 2986 qui
2473 2913 2626 2984 quasi
2660 2909 2988 2966 sacriﬁcium
3019 2908 3200 2971 faciet,
3235 2919 3502 2960 memora-

1937 3023 2020 3068 tos
2073 3025 2278 3081 agnos,
2329 3009 2510 3064 hircos
2563 3015 2618 3061 et
2659 3003 2860 3059 arietes
2910 3000 3194 3055 mactaudo
3221 3007 3276 3053 et
3305 2997 3501 3053 immo-

1934 3105 2117 3159 lando.

2005 3214 2169 3269 Vsus.
2203 3215 2255 3266 7.
2299 3231 2317 3264 ι
2353 3211 2421 3266 Et
2454 3210 2744 3266 concident
2773 3207 2982 3263 robuin
3010 3220 3131 3260 cum
3165 3205 3266 3270 eis,
3291 3215 3346 3259 et
3373 3205 3508 3258 arie-

1937 3318 2018 3362 tes
2039 3318 2094 3363 et
2117 3306 2256 3362 tauri
2288 3319 2302 3358 :
2334 3315 2388 3358 et
2416 3302 2773 3358 inebriahitur
2804 3310 2946 3353 terra
2973 3316 3002 3352 a
3037 3298 3317 3369 sanguine,
3369 3306 3424 3352 et
3477 3314 3507 3352 a

1939 3398 2264 3469 pinguedine
2315 3409 2507 3450 eorum
2561 3389 2895 3454 implebitur.
2929 3408 2947 3440 ι
2980 3389 3149 3442 Βηδοι*
3186 3402 3405 3443 carnem
3434 3389 3508 3441 si-

1935 3491 2161 3561 gniﬁcat
2201 3512 2211 3544 :
2249 3499 2414 3557 atque
2459 3486 2545 3540 his
2593 3487 2774 3541 carnis
2809 3487 3139 3541 resurrectio
3172 3481 3506 3536 declaratur.

1937 3583 2276 3651 Quapropter
2312 3577 2618 3646 huiusmodi
2659 3575 3044 3631 mactationem
3076 3574 3129 3626 in
3162 3586 3327 3626 carne
3362 3569 3509 3623 futu-

1937 3689 2050 3728 ram
2092 3688 2216 3728 esse
2245 3673 2445 3727 docens
2486 3672 2602 3725 ait:
2638 3691 2656 3723 ι
2697 3673 2971 3738 Quoniam
3015 3664 3509 3722 sacriﬁcium-Deo

1935 3767 1988 3820 in
2018 3764 2207 3830 Bosor,
2239 3774 2295 3819 et
2325 3764 2581 3818 mactatio
2609 3777 2802 3832 magna
2837 3762 2888 3814 in
2914 3761 3147 3814 ldumaea
3180 3774 3194 3811 :
3231 3778 3250 3810 ι
3289 3770 3506 3811 onmem

1935 3858 2131 3925 quippe
2163 3863 2475 3910 terrestrem
2505 3855 2738 3908 animam
2769 3853 3011 3907 invadet.
3031 3851 3198 3905 Edoni
3230 3849 3374 3903 enim
3400 3856 3508 3902 ter-

1934 3964 2126 4004 renum
2157 3947 2458 4019 signiﬁcat,
2500 3946 2951 4014 quemadmodum
2976 3943 3102 3998 alibi
3132 3943 3218 3996 hic
3245 3941 3508 4010 propheta

1936 4044 1990 4097 in
2020 4041 2372 4111 sequentibus
2404 4041 2469 4094 de
2514 4040 2801 4094 Salvatore
2849 4041 3024 4109 deque
3073 4037 3254 4090 futuro
3301 4034 3508 4102 judicic

1936 4131 2050 4201 ejus
2091 4131 2316 4200 loquens
2340 4129 2457 4183 ait:
2501 4147 2518 4178 ι
2557 4129 2688 4194 Quis
2716 4129 2804 4182 hic
2847 4129 2937 4196 qui
2984 4126 3129 4179 venit
3178 4125 3244 4179 de
3287 4124 3456 4177 Edoni
3483 4162 3502 4188 ,

1936 4223 2102 4277 rubor
2152 4222 2596 4275 vestimentorum
2650 4221 2717 4273 de
2767 4219 2938 4273 Bosor
2988 4219 3035 4250 "
3075 4217 3097 4270 ?
3148 4236 3167 4268 ι
3217 4213 3500 4270 Carnalem

1934 4314 2131 4383 quippe
2158 4313 2447 4366 adventum
2476 4326 2632 4364 suum
2663 4312 2715 4363 in
2757 4321 2956 4364 terram
2996 4310 3100 4364 hue
3131 4309 3291 4362 modo
3319 4305 3502 4360 decla-

262 4393 390 4456 τίων
439 4403 503 4454 ὲκ
552 4403 755 4474 Βοσὸρ;
789 4423 808 4454 ι
833 4403 947 4474 Τὴν
981 4404 1088 4476 γὰρ
1130 4404 1390 4476 ἔνσαρκον
1422 4406 1587 4459 αὐτοῦ
1628 4426 1829 4478 παρου-

1936 4408 2096 4460 ravit.
2124 4406 2374 4458 Arbitror
2403 4413 2583 4457 autem
2632 4403 2895 4471 Spiritum
2933 4403 3173 4454 divinum
3207 4399 3505 4453 commina-

264 4495 386 4548 σίαν
410 4495 502 4546 ἐπὶ
530 4498 628 4564 τῆς
675 4496 776 4565 γῆς
799 4495 1097 4566 γενομένην
1142 4496 1328 4549 τοῦτον
1359 4497 1542 4568 ἐδήλου
1576 4499 1668 4550 τὸν
1705 4501 1828 4570 τρό-

264 4601 387 4639 πον.
416 4581 585 4654 ϋῖμαι
616 4584 671 4636 δὲ
699 4585 758 4637 τὸ
793 4587 933 4637 θεῖον
961 4586 1186 4656 Πνεῦμα
1216 4587 1492 4651 τοιαύταις
1523 4590 1827 4659 χρήσασθαι

262 4674 467 4739 λέξεσιν
501 4675 881 4745 ἀπειλητικαῖς
924 4678 1002 4740 εἰς
1055 4678 1114 4730 τὸ
1155 4676 1498 4749 παραστῆσαι
1544 4682 1641 4752 τὴν
1691 4681 1830 4734 κατὰ

261 4764 368 4817 τῶν
393 4765 606 4818 ἀσεϐῶν
631 4765 724 4819 τοῦ
754 4766 889 4819 Θεοῦ
922 4768 1221 4838 ἐκδίκησιν,
1253 4771 1345 4822 καὶ
1383 4772 1463 4832 εἰς
1515 4771 1576 4824 τὸ
1604 4772 1828 4840 σοϐῆσαι

261 4855 384 4918 τοὺς
412 4856 618 4908 τούτοιν
660 4857 1036 4927 ἀκροωμένους
1072 4863 1138 4930 τῇ
1177 4861 1392 4930 συνήθει
1426 4863 1518 4914 καὶ
1548 4865 1830 4935 ’παχυτέρα⁴

263 4948 417 5017 ἀκοῇ,
445 4947 524 5018 τῷ
555 4948 629 5018 μὴ
666 4948 924 5003 δύνασθαι
962 4953 1086 5014 τοὺς
1113 4952 1313 5016 πάντας
1344 4952 1517 5016 ἄλλως
1557 4960 1692 5006 νοεῖν
1733 4958 1830 5019 τὰς

263 5038 708 5108 ἐπαχθησομένας
736 5044 846 5102 τοῖς
876 5042 1093 5095 ἀσεϐέσι
1117 5045 1402 5114 τιμωρίας,
1433 5046 1564 5116 μηδὲ
1589 5047 1677 5099 τὸν
1710 5050 1830 5118 τρό-

264 5145 360 5180 πον
382 5130 480 5198 τῆς
496 5130 1073 5202 κολάσεωςιὲπινοῆσαι
1094 5133 1374 5188 δύνασθαι.
1403 5137 1490 5188 Διὸ
1507 5140 1832 5208 παχυτέροις

1937 4497 2089 4550 toriis
2135 4495 2282 4547 hisce
2311 4493 2531 4546 vocibus
2561 4492 2657 4553 uti.
2695 4500 2752 4543 ut
2794 4491 2998 4544 indicet
3042 4490 3357 4552 ultionem,a
3391 4487 3503 4540 Deo

1936 4591 2003 4644 de
2033 4587 2213 4656 impiis
2242 4585 2554 4639 sumendam
2585 4604 2597 4649 ;
2627 4596 2790 4654 utque
2816 4601 2881 4639 ex
2929 4584 3300 4653 frequentiore
3325 4589 3380 4634 et
3409 4597 3508 4634 sa:-

1935 4680 2057 4748 pius
2086 4680 2311 4746 repetita
2341 4693 2473 4731 voce
2514 4679 2786 4731 auditores
2813 4679 3221 4739 deterreantur,
3272 4689 3370 4727 nec
3416 4689 3508 4724 vn-

1940 4769 2049 4823 leat
2097 4771 2364 4838 quispiam
2413 4770 2680 4838 supplicia
2713 4770 2894 4835 impiis
2923 4767 3204 4822 inferenda
3233 4765 3391 4818 aliter
3423 4763 3508 4816 in-

1937 4861 2181 4928 telligere
2207 4902 2221 4924 ,
2248 4875 2420 4929 neque
2455 4871 2632 4914 tamen
2661 4860 2905 4927 supplicii
2944 4861 3161 4912 modum
3194 4859 3506 4924 excogitare

1939 4955 2129 5021 possit.
2161 4953 2524 5019 Quamobrem
2558 4955 2758 5008 rudiori
2801 4967 3053 5007 sermone
3079 4994 3094 5016 ,
3135 4961 3188 5002 et
3234 4949 3506 5016 vulgario-

1940 5048 2091 5101 ribus
2123 5048 2303 5101 verbis
2335 5057 2600 5100 terrorem
2651 5046 3046 5100 incutientibus
3076 5045 3246 5096 utitur
3272 5083 3286 5104 ,
3321 5051 3380 5093 ut
3416 5041 3506 5109 qui

1943 5142 2058 5195 haec
2087 5143 2332 5205 audiunt,
2367 5143 2640 5210 perterriti
2678 5147 3082 5194 convertantur.

267 5221 466 5290 ρημασι
516 5224 608 5274 καὶ
656 5225 1070 5294 συνηθεστέραις
1117 5227 1293 5294 λέξεσι
1341 5231 1504 5298 φόϐου
1532 5239 1838 5298 ποιητικαῖς
1878 5237 2158 5308 κέχρηται,
2220 5239 2305 5289 ἵνα
2344 5237 2448 5288 κᾶν
2486 5236 2627 5288 οῦτω
2667 5235 2990 5304 φοϐηθέντες
3029 5231 3426 5300 ἐπιστρέψωσιν
3458 5232 3505 5279 οἱ

265 5311 460 5364 τούτων
483 5313 792 5376 ἀκούοντες.

337 5442 354 5474 ι
403 5427 615 5499 Ἡμέρα
641 5430 748 5500 γὰρ
775 5433 1006 5501 κρίσεως
1048 5435 1272 5504 Κυρίου,
1300 5439 1389 5490 καί
1435 5440 1675 5501 ἐνιαυτὸς
1705 5440 1828 5492 ἀντ-

270 5516 557 5584 ατοδὸσεως
585 5520 823 5592 κρίσεως
867 5525 1021 5579 Σιών.
1049 5550 1066 5575 ιι
1099 5528 1299 5580 Καὶιέν
1340 5533 1449 5592 τοῖς
1475 5531 1730 5599 ἀνωτέρω
1771 5533 1824 5583 δὲ

324 5745 364 5773 ⁸⁷
387 5746 500 5814 ,lsa.
541 5760 704 5807 mn,
753 5745 800 5796 Ι.

2011 5443 2172 5497 Vnus.
2208 5445 2258 5496 8.
2319 5462 2337 5494 ι
2380 5443 2505 5498 Dies
2533 5445 2675 5498 enim
2706 5442 2895 5510 iudicii
2951 5441 3200 5500 Domini,
3253 5449 3307 5490 et
3333 5453 3507 5488 anuus

1938 5537 2314 5591 retributionis
2344 5536 2534 5604 judicii
2581 5536 2733 5591 Sion.
2775 5555 2793 5587 ι
2846 5535 3104 5604 Superius
3137 5534 3258 5585 item
3294 5531 3488 5583 diccbat
