4120 6294
662 340 766 396 355

1316 332 1576 391 EUSEBII
1612 331 2082 390 CESAMENSIS
2119 333 2267 392 OPP.
2302 333 2480 391 PARS
2517 333 2602 389 111.
2637 366 2706 378 -
2741 329 3150 393 EXEGBTICA.
3739 339 3857 394 336

661 461 765 509 tur,
808 449 835 497 ι
864 444 1111 500 Mulieres
1134 444 1344 513 divites,
1380 444 1670 515 exsurgite,
1713 442 1818 499 diei
1843 445 1966 499 anni
1997 458 2196 500 memo-

2296 444 2509 514 ἐλέγετο
2523 447 2604 510 τὸ,
2626 464 2645 497 ι
2669 447 2926 510 Γυναῖκες
2944 446 3212 511 πλούσιαι,
3233 447 3521 516 ἀνάστητε,
3534 447 3744 517 ἡμέρας
3758 453 3862 504 ἑνο-

661 541 793 595 riam
827 537 987 590 facile
1025 538 1077 591 in
1105 536 1290 591 dolore
1315 550 1436 590 eum
1472 550 1600 604 spe.
1628 556 1647 589 ι
1677 536 1808 604 Quis
1852 536 1925 591 sit
1967 537 2055 591 ille
2103 551 2197 590 an-

658 643 758 682 nus
781 667 797 693 ,
843 639 952 694 quo
982 640 1104 680 cum
1157 624 1336 680 dolore
1365 624 1635 694 planctum
1663 629 1825 682 edere
1859 625 2014 696 jubet
2033 666 2050 692 ,
2083 627 2198 682 haec

657 717 933 787 prophetia
959 716 1194 771 declarat
1220 716 1304 770 bis
1333 716 1528 775 verbis.
1565 735 1583 766 ι
1626 714 1832 772 Vocare
1869 730 2068 771 annum
2096 718 2198 772 Do-

656 807 786 860 mini
819 806 1198 874 acceptabilem
1227 844 1243 868 ,
1271 814 1328 859 et
1356 804 1496 859 diem
1528 807 1897 862 retributionis
1943 807 2053 860 Deo
2104 822 2198 860 no-

656 906 770 951 stro
796 936 812 960 ,
866 897 1129 952 consolari
1180 909 1368 950 omnes
1414 895 1654 966 lugentes
1682 937 1698 962 ,
1732 897 1860 950 dare
1893 897 2199 965 lugentibus

655 987 785 1042 Sion
811 985 1050 1056 gloriam.
1091 1002 1110 1036 ι
1147 983 1332 1040 Viden'
1360 999 1468 1054 quo
1497 999 1659 1039 sensu
1691 985 1778 1042 hic
1805 986 2074 1050 dicator,a
2105 1002 2197 1040 an.

655 1091 755 1132 nus
796 1075 1002 1133 Domini
1030 1113 1045 1140 ,
1074 1083 1130 1129 et
1154 1075 1267 1130 dies
1295 1063 1708 1140 ιοιιίὺιὶιίοιιὶες
1743 1096 1764 1130 ι
1813 1077 1884 1131 ita
1932 1087 1991 1132 ut
2021 1078 2196 1134 simile

653 1169 728 1222 sit
751 1166 878 1220 illud
904 1167 1006 1222 hoc
1033 1166 1176 1220 dicto
1199 1209 1214 1233 ,
1251 1183 1270 1217 ι
1307 1164 1428 1221 Dies
1455 1167 1598 1220 enim
1622 1165 1814 1235 judicii
1846 1167 1996 1224 Sion.
2038 1187 2056 1220 ι
2088 1167 2194 1222 Ita-

655 1269 762 1324 que
794 1253 934 1310 idem
963 1255 1076 1324 ipse
1105 1268 1299 1318 annus,
1325 1255 1511 1310 eadem
1541 1255 1652 1321 ipsa
1673 1255 1788 1310 dies
1815 1267 1918 1322 est,
1943 1273 2045 1326 qua
2074 1273 2197 1327 pan-

653 1357 812 1412 peres
841 1343 1298 1414 evangelizantur,
1330 1342 1574 1409 lugentes
1619 1345 1748 1398 Sion
1779 1346 2194 1402 consolationem

652 1433 924 1500 accipiunt
948 1432 1001 1486 in
1031 1432 1228 1488 Christi
1259 1432 1490 1486 adventu
1519 1471 1535 1493 .
1585 1433 1835 1488 mulieres
1877 1435 1979 1489 illae
2004 1437 2196 1491 divites

651 1526 718 1578 ad
749 1523 1020 1593 planctum
1047 1532 1362 1589 evocantur,
1394 1533 1449 1578 et
1476 1539 1594 1591 qua:
1622 1525 1721 1578 hoc
1753 1526 1805 1578 in
1833 1528 1948 1580 loco
1975 1527 2042 1580 de
2067 1526 2194 1580 Sion

651 1615 1028 1678 enuntientur,
1063 1613 1243 1668 futura
1275 1623 1420 1668 sunt.
1449 1612 1575 1668 Haec
1602 1628 1763 1681 porro
1783 1615 1962 1668 omnia
1995 1616 2047 1669 in
2077 1615 2196 1670 Sal-

651 1705 853 1760 vatoris
897 1703 1063 1760 nostri
1109 1703 1235 1759 Jesu
1281 1703 1481 1758 Christi
1529 1705 1756 1759 adventu
1818 1707 2192 1776 implebantur,

2295 537 2456 591 αυτοῦ
2473 539 2658 608 μνείαν
2680 537 2973 610 ποιήσασθε
2988 539 3045 590 ὲν
3058 536 3217 610 ὀδύνῃ
3242 539 3358 610 μετ’
3375 536 3604 600 ἐλπίδος.
3619 538 3740 602 »Τίς
3762 536 3861 593 οὖν

2291 619 2359 695 ἦν
2371 617 2524 688 οὗτος
2537 627 2565 678 ὀ
2582 624 2842 688 ἐνιαυτὸς,
2865 625 2948 694 ἐφ’
2961 617 3006 692 ᾦ
3021 625 3313 679 κόπτεσθαι
3337 626 3452 697 μετ’
3469 625 3658 696 ὀδύνης
3684 644 3856 696 προσ-

2292 711 2493 776 τάττει,
2525 713 2559 783 ή
2596 712 2842 783 παροῦσα
2875 713 3175 784 προφητεία
3210 713 3502 784 παρίστησι
3531 713 3761 782 λέγουσα
3788 716 3859 769 τά

2293 803 2638 874 προκείμενα·
2653 822 2668 854 ι
2681 803 2919 856 Καλέσαι
2931 803 3168 856 ἐνιαυτὸν
3181 804 3381 875 Κυρίου
3392 803 3598 871 δεκτδν,
3612 805 3704 858 καὶ
3717 806 3862 875 ἠμέ-

2296 910 2391 964 ραν
2405 893 2803 957 άνταποδόσεως
2823 895 2899 964 τῷ
2914 893 3031 964 Θεῷ
3047 895 3079 964 ή
3086 893 3220 964 μῶν,
3248 895 3621 964 παρακαλέσαι
3649 895 3860 958 πάντας

2290 986 2416 1049 τοὺς
2445 986 2789 1050 πενθοῦντας,
2814 985 3030 1055 δοθῆναι
3057 988 3166 1047 τοῖς
3201 985 3454 1038 πενθοῦσι
3482 984 3619 1039 Σιὼν
3639 986 3847 1052 δόξαν.»

2305 1075 2464 1146 Ὁρᾷς
2482 1077 2625 1138 ὅπως
2641 1076 2698 1128 ἰν
2709 1075 2915 1136 τούτοις
2936 1093 2954 1125 ι
2976 1074 3215 1138 ἐνιαυτὸς
3232 1075 3433 1143 Κυρίου
3445 1093 3463 1125 ι
3484 1077 3716 1148 εἴρηται,
3734 1095 3752 1125 ι
3765 1075 3858 1128 καὶ

2294 1167 2474 1239 ἡμέρα
2490 1166 2748 1221 άνταποδό
2756 1184 2904 1230 σεως,
2925 1186 2944 1218 ι
2959 1167 3034 1229 ὡς
3046 1167 3225 1237 ὅμοιον
3240 1166 3476 1237 τυγχάνῃ
3491 1166 3588 1237 τῷ,
3607 1186 3624 1218 ι
3647 1167 3858 1237 Ἡμέρα

2291 1259 2399 1328 γάρ
2422 1260 2650 1330 κρίσεως
2679 1256 2833 1311 Σιών.
2857 1277 2875 1307 s
2909 1257 3113 1311 Οὐκοῦν
3144 1251 3222 1321 εἷς
3253 1259 3345 1311 καὶ
3373 1258 3403 1310 ὁ
3426 1259 3584 1322 αὐτὸς
3611 1258 3855 1322 ἐνιαυτὸς

2290 1349 2566 1421 τυγχάνει,
2601 1349 2692 1404 καὶ
2743 1350 2840 1419 μία
2887 1351 2980 1402 καὶ
3031 1351 3064 1420 ή
3108 1349 3244 1419 αὐτὴ
3275 1349 3477 1420 ήμέρα,
3507 1349 3634 1403 καθ’
3681 1350 3748 1420 ἢν
3800 1349 3854 1401 οἱ

2293 1443 2497 1514 πτωχοὶ
2529 1438 2981 1510 εὐαγγελίζονται,
3029 1440 3081 1491 οἶ
3125 1455 3182 1492 τε
3230 1437 3550 1502 πενθοῦντες
3582 1439 3680 1509 τὴν
3714 1437 3855 1490 Σιὼν

2293 1532 2730 1605 παρακαλοῦνται
2759 1531 2852 1583 ἐπὶ
2881 1533 2946 1602 τῇ
2976 1530 3208 1600 Χριστοῦ
3239 1529 3528 1602 παρουσίᾳ,
3554 1529 3646 1582 καὶ
3675 1529 3732 1580 al
3761 1529 3849 1580 λε-

2293 1625 2518 1696 γόμεναι
2565 1623 2816 1677 πλούσιαι
2844 1623 3098 1691 γυναῖκες
3119 1622 3211 1674 ἐπὶ
3237 1621 3328 1674 τὸν
3355 1617 3580 1673 κοπετὸν
3629 1616 3853 1671 καλοῦν-

2294 1735 2403 1782 ται,
2427 1717 2519 1770 καὶ
2545 1715 2612 1768 τά
2645 1714 2909 1783 λεγόμενα
2939 1713 3026 1766 διά
3047 1712 3154 1766 τῶν
3204 1712 3578 1783 προκειμένων
3609 1714 3675 1780 τῇ
3717 1709 3855 1764 Σιὼν

651 1797 864 1866 quando
891 1795 925 1850 ii
961 1797 1049 1864 qui
1081 1794 1132 1850 in
1165 1797 1339 1863 ipsum
1363 1795 1726 1858 crediderant,
1753 1807 1803 1850 et
1831 1799 2058 1866 gratiam
2079 1800 2195 1870 ejus

2297 1779 2609 1862 ἀποϐαίνειν
2669 1779 2886 1876 ἤμελλε.
2926 1803 3108 1856 Ταῦτα
3153 1801 3212 1854 δὲ
3248 1779 3437 1855 ’πάντα
3492 1801 3585 1854 ιπι
3616 1779 3715 1871 τῆς
3757 1798 3852 1853 τοῦ

649 1896 1023 1955 susceperant,
1050 1887 1268 1954 optimis
1304 1886 1408 1940 illis
1435 1885 1911 1956 pollicitationibus
1938 1888 2193 1946 frueban-

652 1990 740 2035 tur
768 1999 782 2034 :
815 1980 905 2050 qui
935 1994 1060 2034 vero
1087 1993 1206 2033 sese
1230 1994 1259 2032 a
1301 1980 1472 2048 gratia
1513 1977 1629 2044 ejus
1677 1989 2152 2048 sequestraverant
2175 2023 2190 2047 ,

2298 1899 2546 1968 Σωτῆρος
2559 1897 2714 1966 ἡμῶν
2740 1893 2913 1966 Ἰησοῦ
2945 1891 3180 1964 Χριστοῦ
3197 1891 3500 1962 παρουσίας
3530 1889 3853 1961 ἐπληροῦτο,

2298 1989 2416 2043 καθ’
2439 1990 2505 2060 ἢν
2529 1991 2576 2042 οἱ
2614 1989 2710 2058 μὲν
2752 1989 2830 2051 εἰς
2869 1987 3029 2039 αὐτὸν
3056 1983 3497 2046 πεπιστευκότες,
3524 1984 3618 2035 καὶ
3641 1981 3740 2051 τὴν
3761 1981 3857 2051 χά-

649 2074 716 2128 ah
743 2067 888 2126 omni
917 2085 1012 2141 spe
1041 2070 1177 2125 bona
1206 2070 1336 2137 lapsi
1365 2107 1381 2133 ,
1417 2070 1718 2125 tristiorum
1747 2073 2194 2130 comininationes

2298 2097 2382 2154 ριν
2412 2079 2509 2150 τὴν
2533 2081 2599 2132 δι’
2620 2080 2784 2133 αὑτοῦ
2828 2074 3306 2148 παραδεδεγμένοι,
3338 2073 3445 2127 τῶν
3476 2071 3856 2144 χρηστοτέρων

645 2163 927 2220 subierunt
995 2163 1061 2218 Et
1103 2177 1232 2218 sane
1281 2163 1394 2231 ipsa
1422 2176 1608 2217 eorum
1634 2164 1920 2232 conspicua
1950 2173 2005 2219 et
2050 2167 2193 2236 regia

2298 2171 2637 2241 ιπαγγελιῶν
2667 2171 2942 2241 άπήλαυον
2965 2184 2978 2198 ·
3007 2168 3057 2220 οί
3077 2166 3134 2220 δὲ
3162 2165 3472 2237 ἀλλοτρίους
3494 2164 3720 2226 ἑαυτοὺς
3751 2179 3853 2216 κα-

643 2256 853 2324 civitss,
885 2269 947 2312 ea
979 2255 1091 2325 ipsa
1115 2253 1334 2324 pertulit
1358 2293 1374 2317 ,
1397 2267 1516 2323 qua:
1537 2265 1776 2323 praesens
1795 2254 2074 2325 prophetia
2103 2270 2195 2310 va-

2297 2264 2662 2333 ταστήσαντες
2699 2263 2797 2332 τῆς
2852 2256 3014 2312 αὐτοῦ
3059 2257 3302 2327 χάριτος,
3331 2255 3508 2324 πάσης
3529 2253 3736 2323 ἄγαθῆς
3770 2253 3828 2305 ts

644 2348 922 2403 ticinatur.
2295 2351 2446 2414 πίδος
2482 2349 2869 2412 ἁποπεσόντες,
2895 2349 3014 2408 ταῖς
3041 2345 3151 2398 τῶν
3189 2342 3650 2416 σκυθρωποτέρων
3692 2342 3854 2395 ἄπει-

645 2443 764 2507 his
801 2439 1275 2496 ὑποπεπτώκασιν.
1315 2439 1424 2491 Καὶ
1467 2437 1602 2508 αὑτὴ
1635 2436 1692 2490 δὲ
1717 2437 1950 2510 αὐτῶνη
1977 2441 2147 2514 σεμνή
2171 2443 2265 2497 καὶ
2301 2444 2551 2516 βασιλικὴ
2577 2443 2732 2507 πόλις
2773 2439 2991 2496 τοιαῦτα
3039 2435 3325 2504 πέπονθεν,
3355 2437 3512 2490 ὁποῖα
3541 2433 3788 2497 θεσπίζει
3818 2435 3854 2505 ἡ

643 2536 892 2607 παροῦσα
919 2533 1234 2606 προφητεία.

719 2629 880 2684 Vens.
910 2628 964 2683 9.
1006 2643 1026 2677 ι
1063 2623 1130 2679 Ει
1157 2632 1434 2679 vertentur
1488 2622 1654 2678 valles
1705 2621 1822 2692 ejus
1871 2623 1924 2677 in
1974 2625 2146 2694 picem
2173 2665 2190 2691 ,

639 2729 696 2776 et
739 2731 882 2775 terra
928 2716 1046 2787 ejus
1100 2716 1154 2770 in
1205 2713 1448 2785 sulphur.
1509 2713 1576 2768 Et
1623 2713 1728 2769 erit
1785 2723 1928 2770 terra
1977 2716 2094 2787 ejus
2136 2727 2196 2771 ut

641 2813 734 2880 pix
777 2807 976 2865 ardens
1029 2817 1188 2862 nocte
1234 2817 1290 2862 et
1343 2805 1452 2860 die.
1507 2822 1528 2857 s
1584 2804 1748 2872 Queis
1797 2805 1944 2863 clare
1988 2809 2196 2864 denun-

641 2901 745 2955 tiat
774 2907 1074 2954 extremam
1106 2897 1411 2951 vastitatem
1457 2905 1513 2950 et
1559 2896 1676 2952 loco
1703 2906 1758 2952 et
1788 2899 1929 2968 genti
1961 2899 2197 2956 inferen-

644 2991 790 3044 tlum.

2373 2643 2393 2676 ι
2415 2623 2524 2677 Kal
2545 2619 2941 2693 στραφήσονται
2960 2616 3016 2668 al
3037 2613 3317 2685 φάραγγες
3337 2609 3506 2680 αὐτῆς
3527 2610 3606 2672 εἰς
3630 2608 3855 2672 πίσσαν,

2299 2717 2393 2771 καὶ
2419 2717 2453 2785 ἡ
2481 2712 2554 2783 γῆ
2575 2711 2746 2780 αὐτῆς
2784 2711 2864 2771 είς
2902 2707 3063 2760 θεῖον.
3097 2705 3205 2758 Kal
3231 2704 3382 2756 ἔσται
3407 2703 3441 2773 ή
3477 2701 3550 2771 γῆ
3572 2699 3751 2785 αὐτῆς
3779 2697 3857 2761 ὡς

2299 2783 2468 2861 πίσσα
2497 2803 2759 2873 καιομένη
2775 2799 2964 2862 νυκτὸς
3003 2796 3096 2852 καὶ
3124 2793 3357 2866 ἡμέρας.
3393 2811 3410 2843 ι
3449 2793 3526 2844 Δι’
3559 2783 3633 2843 ὧν
3671 2787 3859 2857 σαφῶς

2297 2902 2328 2954 ό
2355 2899 2510 2964 λόγος
2539 2892 2862 2964 παρίστησιν
2900 2887 3132 2958 ισχάτην
3167 2882 3402 2954 ἐρημίαν
3450 2875 3857 2949 καταλήψεσθα.

2299 2990 2391 3044 τόν
2415 3004 2477 3040 τε
2500 2985 2666 3039 τόπον
2692 2983 2784 3036 καὶ
2809 2981 2870 3034 τὸ
2896 2978 3063 3040 ἔθνος.

717 3076 877 3133 Vatis.
906 3077 992 3132 l0.
1041 3096 1059 3129 ι
1092 3077 1159 3132 Et
1202 3092 1308 3132 non
1357 3079 1728 3148 eastinguetur
1773 3080 1829 3136 in
1878 3091 2194 3152 perpetuum

2340 3059 2389 3128 ἰ
2428 3073 2539 3129 Καὶ
2566 3072 2627 3125 οὐ
2663 3067 3014 3138 σϐεσθήσεται
3043 3065 3124 3127 είς
3170 3063 3260 3116 τὸν
3314 3059 3483 3115 αἰῶνα
3516 3058 3737 3152 χρόνον,
3761 3058 3861 3152 καὶ

646 3179 858 3239 tempus
906 3186 919 3222 :
967 3178 1021 3223 et
1055 3167 1308 3222 ascendet
1353 3167 1534 3223 fumus
1575 3167 1692 3236 ejus
1718 3184 1931 3225 sursum
1967 3191 1982 3226 :
2019 3173 2071 3228 in
2109 3188 2202 3243 gev

642 3257 981 3312 nerationem
1039 3255 1154 3326 ejus
1204 3257 1547 3324 desolabitur,
1594 3269 1650 3313 et
1705 3259 1760 3314 in
1809 3270 2018 3332 tempus
2061 3263 2200 3318 mul-

643 3357 774 3403 tum.
803 3365 825 3398 s
867 3345 1090 3417 Signum
1126 3346 1399 3418 supplicii,
1430 3349 1572 3415 quod
1614 3348 1665 3402 in
1711 3349 1975 3419 profundo
2023 3352 2196 3419 luunt,

641 3437 710 3493 iis
743 3439 832 3504 qni
868 3451 1082 3492 sursum
1119 3439 1280 3507 positi
1311 3449 1436 3494 sunt
1472 3441 1718 3510 praebens
1739 3442 2196 3512 conspiciendum,

641 3530 713 3582 ob
761 3528 976 3582 insitam
1009 3528 1115 3583 illis
1155 3527 1411 3583 malitiam
1432 3569 1450 3593 ,
1482 3544 1631 3598 quae,
1661 3529 1804 3602 quod
1839 3531 2122 3589 tenebrosa
2144 3543 2201 3588 et

641 3620 798 3688 nigra
825 3620 919 3684 sit,
952 3621 1055 3689 pici
1081 3629 1442 3687 comparatur.

714 3707 876 3765 νεεδ.
907 3712 993 3764 Η.
1031 3729 1051 3762 ε
1073 3713 1231 3775 Aves,
1257 3722 1313 3768 et
1347 3709 1520 3775 ericii,
1553 3719 1611 3766 et
1636 3711 1753 3768 ibes
1781 3720 1836 3768 et
1867 3711 2012 3768 corvi
2047 3713 2199 3768 habi-

639 3803 836 3856 tahunt
890 3802 942 3856 in
987 3817 1099 3857 ea:
1143 3813 1197 3858 et
1243 3803 1512 3873 injicietur
1557 3809 1717 3872 super
1761 3817 1880 3858 eam
1933 3802 2200 3859 funiculus

639 3894 956 3963 geometria:
1005 3895 1227 3958 deserti,
1283 3904 1336 3948 et
1382 3893 1729 3948 ouocentauri
1781 3892 2100 3947 habitabant
2145 3894 2198 3948 in

640 3997 770 4035 σε.»
823 3981 916 4037 llis
964 3981 1206 4051 impuras
1239 3983 1448 4039 animas
1480 3981 1768 4053 signiﬁcat,
1815 3983 2005 4051 quales
2045 3990 2200 4036 erant

645 4086 839 4126 eorum
892 4071 1124 4134 animae.
1179 4073 1273 4141 qui
1325 4087 1392 4127 ex
1450 4072 1761 4141 alienigenis
1811 4080 1867 4126 et
1923 4071 2200 4127 extraneis

641 4159 895 4227 gentibus
943 4174 1009 4214 eo
1064 4161 1116 4215 in
1173 4161 1289 4216 loco
1334 4171 1513 4230 postea
1555 4161 1896 4227 habitarunt,
1937 4161 2199 4221 idolorum

641 4249 896 4304 cultores.

716 4337 880 4392 Vens.
911 4337 996 4391 l2.
1038 4357 1056 4387 ι
1082 4337 1357 4408 Principes
1381 4338 1497 4406 ejus
1524 4354 1628 4393 non
1654 4347 1833 4393 erunt.
1862 4337 2036 4408 Reges
2057 4340 2199 4394 enim

642 4439 698 4482 et
729 4441 1009 4501 magnates
1039 4429 1157 4497 ejus
1183 4441 1343 4484 erunt
1368 4430 1420 4484 in
1454 4431 1828 4499 perditionem.
1856 4450 1875 4482 ι
1923 4431 2198 4485 Dctnonas

646 4520 908 4585 quosdam
960 4521 1274 4582 adtnnbrat,
1332 4523 1423 4588 qui
1479 4523 1530 4575 in
1580 4522 1885 4577 simulacris
1931 4531 1987 4575 et
2045 4520 2200 4577 idolis

647 4623 836 4662 eorum
861 4625 958 4662 ceu
993 4611 1042 4663 in
1079 4610 1298 4665 latebris
1327 4612 1574 4678 agebant.

722 4698 883 4753 Vsus.
912 4699 1012 4762 l5,
1053 4699 1140 4754 14.
1185 4717 1204 4750 ι
1230 4699 1295 4754 Et
1337 4713 1685 4755 renascentur
1729 4702 1781 4755 in
1828 4700 2051 4756 urbibus
2083 4700 2202 4767 ejus

649 4789 863 4858 spinosa
887 4799 941 4843 et
968 4788 1128 4858 ligna,
1152 4799 1207 4842 et
1235 4791 1286 4843 in
1325 4791 1705 4845 munitionibus
1745 4792 1880 4864 ejus.
1935 4791 2002 4847 Et
2043 4800 2201 4845 erunt

649 4878 825 4933 cubile
864 4881 1124 4938 sirenum.
1157 4889 1210 4934 et
1237 4881 1503 4934 stabulum
1523 4879 1982 4936 struthionumJSt
2015 4881 2200 4935 obvia-

649 4969 782 5020 lnmt
811 4968 1082 5023 daemones
1115 4971 1493 5025 onocentauris
1513 5009 1527 5033 ,
1557 4979 1610 5022 et
1636 4971 1942 5026 clamabunt
1970 4969 2106 5024 alter
2132 4970 2199 5024 ad

649 5057 900 5112 alterum.
946 5057 1023 5112 lbi
1064 5059 1404 5127 requiescent
1453 5060 1817 5122 onoceututtri,
1866 5059 2200 5114 invenientes

651 5147 751 5199 sibi
805 5148 1088 5216 requiem:
1127 5168 1147 5202 ι
1206 5149 1599 5204 infructuosam
1655 5164 1834 5201 eorum
1895 5147 2196 5203 doctrinam

653 5237 980 5303 signiﬁcans.
1017 5239 1373 5304 Quamobrem
1405 5240 1618 5292 vineam
1643 5255 1826 5293 eorum
1856 5240 2038 5308 spinas
2065 5238 2200 5292 emi-

2295 3164 2623 3236 ἀναϐήσεται
2645 3162 2676 3214 ό
2703 3159 2904 3222 καπνὸς
2930 3157 3098 3226 αὐτῆς
3148 3156 3292 3210 άνω·
3333 3155 3412 3218 είς
3446 3151 3637 3222 γενεάν
3681 3150 3855 3219 αὐτῆς

2297 3255 2737 3329 ἐρημωθήσεται,
2791 3251 2884 3304 καὶ
2911 3250 2992 3312 είς
3019 3248 3210 3320 χρόνον
3245 3245 3429 3298 πολύν.
3472 3263 3491 3295 ι
3526 3243 3601 3296 Τδ
3629 3242 3860 3329 σημεῖον

2295 3328 2394 3416 τῆς
2437 3345 2495 3398 ιν
2540 3340 2692 3413 βάθει
2735 3337 3004 3410 τιμωρίας
3051 3335 3232 3390 αὐτῶν
3275 3335 3388 3396 τοῖς
3435 3331 3548 3386 ἄνω
3599 3328 3859 3401 παρέχων

2296 3438 2427 3509 όρᾷν
2457 3433 2546 3488 διὰ
2576 3433 2674 3504 τὴν
2713 3427 3074 3499 ὑποκειμένην
3108 3427 3289 3488 αὐτοῖς
3319 3422 3534 3484 κακίαν,
3566 3419 3739 3491 πίσσῃ
3767 3418 3862 3473 διὰ

2297 3527 2358 3580 τὸ
2385 3523 2648 3587 σκοτῶδες
2675 3521 2771 3575 καὶ
2805 3518 2973 3589 μέλαν
2995 3514 3503 3588 παραϐαλλομένην.

2375 3717 2396 3752 ε
2437 3700 2658 3770 ὀρνεα,
2679 3696 2776 3749 καὶ
2812 3696 2997 3764 ἐχῖνοι,
3029 3694 3122 3747 καὶ
3154 3691 3309 3757 ίῦεις,
3339 3691 3433 3744 καὶ
3455 3690 3688 3760 κόρακες
3726 3702 3862 3742 κατ·-

2297 3792 2609 3862 οικήσουσιν
2655 3789 2713 3842 ἐν
2750 3789 2922 3857 αῠτῇο
2968 3785 3064 3838 καὶ
3105 3781 3524 3854 ὲπιόληθήσεται
3567 3781 3653 3833 ἔπ’
3684 3779 3858 3849 αὐτὴν

2302 3881 2562 3954 σπαρτίον
2579 3877 2915 3951 γεωμετρίας
2942 3877 3169 3948 ἐρήμου,
3188 3874 3283 3927 καὶ
3301 3871 3675 3941 όνοκένταυροι
3701 3870 3857 3940 οἰκή-

2303 3990 2481 4027 σουσιν
2521 3974 2578 4027 ὲν
2616 3970 2771 4040 αὐτῇ.
2823 3987 2844 4021 s
2876 3968 2954 4022 Δι’
2975 3960 3052 4022 ὧν
3078 3965 3373 4020 αίνὶττεται
3399 3961 3577 4033 ψυχάς
3606 3959 3860 4032 ἀκαθάρ-

2299 4083 2445 4129 τους,
2473 4065 2653 4117 ὁποῖαι
2674 4057 2813 4132 ἦσαν
2843 4060 2900 4114 αἱ
2939 4055 3064 4117 τῶν,
3081 4055 3219 4128 μετὰ
3255 4053 3427 4108 ταῦτα
3459 4052 3522 4118 ιξ
3543 4050 3861 4121 ἀλλοφύλων

2303 4157 2394 4211 καὶ
2429 4153 2728 4224 ἀλλογενῶν
2767 4151 2936 4207 ἐθνῶν
2962 4151 3059 4205 τὸν
3083 4150 3249 4204 τόπον
3270 4145 3606 4217 οἰκησάντων
3642 4142 3860 4198 ειδωλοο

2301 4245 2536 4318 λατρῶν.

2232 4371 2276 4427 D
2377 4303 2469 4392 «δὶ
2493 4338 2746 4409 αρχοντες
2770 4333 2937 4427 αὐτῆς
3093 4309 3324 4427 laniarat.
3371 4327 3440 4427 οι
3476 4326 3583 4427 γάρ
3614 4323 3861 4427 ,ξασιλετς

2303 4429 2396 4481 καὶ
2453 4429 2500 4480 οἱ
2557 4426 2874 4497 μεγιστᾶνες
2921 4421 3089 4492 αὐτῆς
3134 4419 3346 4472 ἔσονται
3394 4419 3474 4480 είς
3519 4413 3857 4470 ἀπώλειανοε

2301 4517 2554 4588 δαίμονάς
2592 4534 2741 4579 τινας
2783 4514 3148 4583 αἰνιττόμενος
3183 4512 3310 4573 τοὺς
3339 4510 3397 4562 εν
3428 4509 3540 4570 τοῖς
3582 4505 3862 4576 ἀγάλμασι

2303 4610 2398 4678 τῆς
2426 4607 2859 4676 εἰδωλολατρείας
2883 4604 3059 4658 αὐτῶν
3086 4599 3515 4672 ὲμφωλεύοντας.

2378 4715 2396 4746 ε
2425 4697 2532 4749 Kal
2570 4695 2869 4766 άναορυήσει
2913 4695 2992 4756 εις
3025 4691 3122 4754 τὰς
3153 4690 3333 4755 πόλεις
3376 4687 3552 4745 αὐτῶν
3595 4684 3861 4740 άκάνθινα

2305 4783 2454 4851 ξύλα,
2491 4785 2584 4837 καὶ
2606 4787 2685 4847 εἰς
2711 4784 2780 4836 τὰ
2804 4779 3130 4852 ὀχυρώματα
3157 4779 3347 4850 αὐτῆς.
3376 4778 3487 4833 Kal
3514 4777 3663 4831 ἔσται
3697 4777 3862 4834 επαύ-

2302 4874 2412 4941 λεις
2439 4877 2718 4948 σειρήνων,
2743 4876 2835 4928 καὶ
2855 4873 2991 4945 αὐλὴ
3017 4871 3306 4943 στρουθῶν.
3329 4869 3441 4926 Kal
3471 4871 3860 4941 συναντήσουσι

2302 4964 2547 5036 δαιμόνια
2585 4961 3020 5034 ὀνοκενταύροις,
3059 4962 3152 5016 καὶ
3185 4960 3467 5033 βοήσονται
3505 4961 3688 5031 ἕτερος
3721 4959 3859 5030 πρὸς

2303 5058 2393 5110 τὸν
2418 5059 2620 5128 ἕτερον.
2661 5057 2805 5108 Ἐκεῖ
2826 5055 3219 5109 ἀναπαύσονται
3249 5053 3640 5124 ὀνοκὲνταυροι,
3673 5053 3861 5123 εὑρόν-

2302 5163 2392 5209 τες
2423 5147 2602 5210 αύτοῐς
2630 5147 2929 5199 ἀνάπαυσιν
2952 5161 2966 5174 ο
2994 5163 3012 5195 s
3037 5144 3210 5215 δηλῶν
3238 5142 3334 5206 τὰς
3366 5144 3647 5212 ἀκάρπους
3679 5143 3859 5195 αὐτῶν

2305 5238 2660 5300 διδασκαλίας.
2706 5237 2794 5289 Διὸ
2839 5236 2930 5289 καὶ
2969 5237 3056 5289 τὸν
3097 5235 3394 5305 ἀμπελῶνα
3432 5233 3607 5286 αὐτῶν
3638 5233 3724 5285 διὰ
3751 5233 3863 5286 τῶν

657 5328 790 5381 sisse
831 5342 987 5397 supra
1017 5327 1062 5360 ’⁵⁸
1104 5329 1414 5384 declarabat
1463 5330 1547 5384 his
1595 5331 1790 5393 verbis,
1849 5328 2198 5397 «Exspectavi

2313 5329 2610 5400 ἔμπροσθεν
2621 5328 2808 5399 ἐδήλου
2821 5326 3056 5380 ἄκανθαν
3067 5325 3374 5396 ἀγηοχέναι,
3387 5323 3556 5393 λέγων
3577 5340 3619 5376 ἰ
3634 5323 3699 5376 Ἐ
3707 5339 3863 5393 μεινσ.

657 5428 715 5470 ιιι
763 5418 958 5472 faceret
996 5419 1126 5474 mihi
1177 5436 1372 5484 uvam,
1412 5420 1540 5475 fecit
1579 5430 1754 5472 autem
1799 5419 2039 5489 spinas.»
2099 5418 2198 5473 Ubi

2308 5421 2393 5473 ἵνα
2417 5421 2614 5492 ποιήσῃ
2639 5435 2727 5489 μοι
2750 5418 3039 5488 σταφυλὴν,
3061 5417 3280 5487 ἐποίησε
3300 5416 3356 5468 δὲ
3379 5415 3669 5478 ἀκάνθας.)
3703 5414 3866 5483 Ἔρη-

662 5518 834 5561 autem
868 5511 918 5564 in
949 5511 1230 5565 animabus
1256 5524 1441 5566 eorum
1481 5521 1721 5566 extrema
1752 5509 1973 5565 vastitas
2017 5509 2197 5573 fuerit,

2310 5508 2434 5572 μίας
2463 5509 2521 5563 δὲ
2549 5509 2646 5580 τῆς
2676 5506 2907 5576 ἐσχάτης
2951 5508 3008 5560 ὲν
3035 5509 3153 5570 ταῖς
3191 5505 3387 5576 ψυχαῖς
3426 5505 3606 5559 αὐτῶν
3631 5503 3863 5575 γενομέ-

726 5686 765 5711 ἰ⁸
798 5681 923 5753 (ἴξιν.
959 5699 1008 5748 v,
1041 5685 1090 5738 ι,
