4120 6294
312 369 419 426 331

1232 369 1738 426 COMMENTAHIA
1779 367 1843 423 lN
1886 368 2140 424 ISAIAM.
2183 401 2249 410 —-
2287 368 2441 425 CAP.
2481 366 2700 424 XXXV.

3489 367 3594 427 338

327 507 455 562 νης,
491 492 591 545 καὶ
629 490 900 553 άιιάνθαις
940 487 1320 561 πληρωθείσης
1363 490 1543 545 αὐτῶν
1591 491 1689 561 τῆς
1726 488 1914 562 χώρας.

2034 501 2199 561 atque
2242 505 2374 561 ager
2418 492 2659 561 ipsorum
2712 490 2883 561 spinis
2926 489 3166 561 repletus
3210 491 3347 559 erit;
3396 491 3469 548 ibi
3515 505 3609 547 re-

339 584 567 648 ιικὰτως
594 580 979 636 ἀναπαύεσθαι
1010 581 1069 634 ὲν
1093 581 1275 645 αὐτοῖς
1302 580 1371 636 τά
1397 582 1680 652 πνεύματα
1700 581 1768 635 τὰ
1793 582 1929 637 ἀκά-

340 675 519 749 θαρτα
553 673 837 747 προλέγει.

424 786 442 819 ι
481 765 631 819 Ἐκεῖ
676 763 995 818 ενάσσευσεν
1038 764 1241 833 ἐχῖνος,
1292 764 1385 817 καὶ
1431 762 1632 818 ἔσωσεν
1671 766 1704 837 ή
1750 766 1823 836 γῆ
1859 765 1927 819 τά

338 857 537 910 ¹ιιπαιδίιι
578 854 749 925 αὐτῆς
809 854 947 926 μετά
994 854 1313 926 ἀσφαλείας.
1379 856 1525 909 Ἐκεῖ
1592 859 1926 927 συνήντησαν

338 947 536 1014 ἔλαφοι
555 984 572 1010 ,
620 946 714 998 καὶ
749 940 888 998 εἶδον
938 945 1008 1000 τά
1054 945 1321 1016 πρόσωπα
1343 946 1605 1018 ἀλλήλων.
1643 965 1661 998 ι
1691 946 1927 1015 Ἔλαφον

335 1035 587 1108 καθαρὸν
612 1032 751 1099 ζῶον
780 1030 920 1089 οἶδεν
944 1039 977 1107 ή
1006 1035 1126 1089 θεία
1150 1036 1363 1109 Γραφή,
1394 1038 1488 1091 καὶ
1514 1036 1683 1091 πολλά
1710 1036 1927 1109 χρηστά

333 1126 477 1198 πρὶν
522 1124 734 1197 ἐλάφων
808 1125 1065 1192 διδάσκει,
1098 1126 1175 1190 ὡς
1219 1128 1348 1182 ὅταν
1390 1127 1563 1202 λέγῃο
1608 1147 1629 1181 ι
1658 1130 1757 1181 ’ον
1796 1128 1925 1202 τρό-

335 1234 448 1271 πον
486 1217 741 1272 ἐπιποθεῖ
766 1218 799 1289 ή
829 1216 1024 1288 ἔλαφος
1046 1235 1095 1270 οι
1126 1220 1223 1273 καὶ
1250 1218 1410 1273 πάλιν
1434 1236 1447 1249 ε
1483 1239 1502 1272 ι
1526 1218 1685 1291 Φωνὴ
1718 1219 1924 1294 Κυρίου

335 1310 785 1382 καταρτιζομένη
821 1309 1085 1379 0.6901);-
1111 1329 1131 1363 ι
1169 1310 1264 1365 καὶ
1298 1308 1453 1377 αὖθις
1478 1330 1491 1343 ·
1523 1331 1540 1363 ι
1570 1312 1807 1381 Ἔλαφος
1836 1328 1924 1381 φι-

332 1399 464 1465 λίας
487 1402 584 1455 καὶ
613 1402 791 1463 πῶλος
817 1401 927 1454 σῶν
958 1400 1194 1472 χαρίτων
1225 1403 1481 1473 ὁμιλείτω
1519 1419 1602 1456 σοι
1626 1419 1641 1433 ’
1674 1420 1693 1455 ι
1742 1403 1836 1457 καὶ
1864 1403 1924 1457 ιν

332 1492 423 1564 τῷ
462 1494 617 1547 Ἰώδα
665 1514 684 1547 ι
718 1496 1020 1565 Ἐφύλαξας
1058 1498 1114 1551 δι
1152 1499 1327 1569 μῆνας
1360 1498 1605 1566 ἐλάφων,
1642 1495 1836 1560 ὠδῖνας
1864 1494 1921 1549 δὲ

333 1585 523 1639 αὐτῶν
554 1586 949 1661 ἐξαποστελεῖς.
972 1608 991 1640 ι
1016 1590 1123 1643 Καὶ
1155 1588 1313 1651 αὐτὸς
1345 1587 1404 1641 δὲ
1445 1588 1597 1657 ὁτῆς
1635 1588 1919 1660 νύμφης,ὁ

335 1678 403 1729 ἐν
436 1675 516 1747 τῷ
564 1678 803 1748 ’ᾼσματι
848 1679 957 1732 τῶν
1007 1680 1285 1751 ᾀσμάτων,
1330 1682 1359 1734 6
1411 1680 1743 1750 ἀδελφιδοῦς,
1795 1679 1919 1733 ἰλά-

333 1781 427 1833 φῳ
461 1765 896 1836 παρασῶληται·
930 1786 948 1818 ι
977 1768 1196 1838 ὐμοιός
1233 1771 1347 1823 ἐστι
1390 1769 1605 1841 δορκάδι
1658 1769 1689 1839 ἢ
1746 1766 1921 1840 νεόρῷ

2029 582 2209 651 quiem
2240 580 2519 638 habituros
2550 582 2795 653 impuros
2828 582 3104 639 damonas
3129 583 3252 655 jure
3282 583 3547 654 praedicit.

2104 759 2271 816 Vens.
2322 760 2413 817 15.
2470 760 2593 817 «ibi
2640 760 2938 817 nrdilicavit
2975 760 3207 827 ericius.
3264 772 3320 818 et
3364 763 3602 821 servavit

2028 859 2174 906 terra
2225 852 2402 921 pullos
2435 851 2554 920 eius
2598 867 2721 908 cum
2766 853 3079 909 securitate.
3129 853 3208 911 lbi
3243 854 3602 912 obviaverunt

2025 943 2194 1003 cervi.
2232 954 2288 999 et
2323 943 2577 999 viderunt
2613 942 2782 1000 facies
2805 960 2931 1001 suas
2966 956 3171 1002 mutuo.
3203 964 3223 999 ι
3250 942 3483 1002 Corvum
3519 947 3602 1003 in-

2026 1041 2110 1089 ter
2137 1034 2390 1089 animalia
2421 1034 2619 1090 munda
2650 1037 2895 1106 agnoscit
2925 1035 3205 1107 Scriptura
3232 1038 3436 1103 divina,
3464 1038 3603 1093 mul-

2026 1131 2189 1191 taque
2215 1123 2282 1179 de
2323 1124 2418 1180 illo
2454 1126 2509 1179 in
2539 1126 2733 1181 bonam
2757 1136 2965 1196 partem
2996 1125 3184 1191 eﬂ‘ert,
3229 1137 3290 1182 ut
3329 1142 3452 1184 cum
3477 1129 3596 1185 ait:

2030 1212 2527 1279 «Quen-admodum
2555 1215 2829 1272 desiderat
2869 1231 3068 1276 cervus
3084 1219 3168 1286 “;
3197 1237 3218 1272 ι
3266 1232 3329 1274 ac
3365 1219 3603 1275 iterum:

2030 1321 2049 1355 ι
2080 1301 2199 1360 Vox
2240 1304 2455 1361 Domini
2509 1322 2822 1377 praeparans
2872 1324 3065 1366 cervos
3086 1311 3177 1378 “;
3206 1329 3229 1365 ι
3266 1320 3325 1367 et
3370 1326 3597 1367 rursus:

2029 1413 2048 1448 ι
2075 1394 2282 1453 Cervus
2303 1396 2581 1461 amicitiae,
2611 1408 2666 1453 et
2692 1399 2869 1470 pullus
2895 1402 3194 1472 gratiarum
3226 1412 3464 1472 tuarum,
3489 1404 3597 1459 col-

2023 1487 2278 1559 loquatur
2310 1499 2487 1545 tecum
2508 1491 2588 1554 ³¹;
2620 1510 2640 1542 ι
2691 1500 2748 1547 et
2786 1491 2837 1547 in
2880 1492 3022 1549 libro
3051 1492 3153 1551 Job
3180 1511 3198 1550 :
3234 1511 3257 1547 ι
3282 1493 3599 1552 οιιιθινιιειι

2024 1590 2205 1635 autem
2252 1595 2466 1636 menses
2512 1595 2802 1636 cervorum
2825 1623 2843 1646 ,
2885 1594 2944 1639 et
2982 1584 3199 1642 dolores
3239 1594 3430 1656 partus
3468 1586 3603 1655 ipsis

2023 1674 2284 1729 immittes
2305 1674 2384 1727 ".
2416 1693 2434 1725 ι
2473 1672 2594 1743 ipse
2617 1688 2833 1744 quoque
2859 1687 3076 1745 sponsa
3109 1675 3344 1733 dilectus
3375 1676 3427 1731 in
3456 1676 3601 1733 Can-

2024 1766 2130 1821 tico
2177 1764 2513 1821 canticorum
2563 1780 2726 1821 cervo
2775 1776 3167 1836 comparatur:
3222 1766 3476 1825 «Similis
3516 1778 3605 1824 est

335 1855 591 1924 ἐλάφων,
629 1858 721 1911 ἐπὶ
758 1859 830 1912 τά
864 1859 964 1933 ὅρη
1022 1860 1350 1934 ἀρωμάτων.
1378 1880 1396 1912 ι
1438 1862 1566 1915 Ὅτε
1608 1862 1787 1914 τοίνυν
1824 1862 1914 1915 καὶ

2025 1870 2236 1924 capreae
2274 1864 2331 1909 et
2388 1854 2617 1912 hinnuio
2659 1871 2971 1923 cervorum,
3016 1872 3183 1925 super
3222 1870 3437 1915 montes
3476 1874 3605 1915 aro-

333 1948 502 2013 αὺτὸς
546 1950 575 2002 6
620 1951 856 2021 νυμφίος
901 1952 1084 2025 ἐλάφῳ
1131 1952 1568 2025 παραϐάλλεται,
1610 1953 1763 2015 τίνας
1790 1951 1925 2006 δ’ἂν

332 2041 513 2103 εἴποις
544 2040 777 2095 ἐνταῦθα
802 2042 1032 2113 ἐλάφους
1064 2045 1097 2115 ή
1141 2045 1267 2108 τοὺς
1309 2045 1555 2116 μαθητὰς
1584 2045 1675 2097 καὶ
1696 2045 1924 2098 ἀποστό-

329 2129 461 2193 λους
477 2131 660 2194 ;”Εστι
681 2130 738 2183 δὲ
756 2132 847 2185 καὶ
858 2134 1166 2202 ὁφιοκτόνον
1179 2132 1239 2186 τὸ
1260 2134 1415 2198 ζῶον.
1430 2134 1680 2188 Διδάσκει
1702 2132 1877 2185 τοίνυν
1896 2135 1925 2187 6

328 2222 527 2294 παρὼν
546 2222 723 2292 λόγος,
743 2224 819 2287 ὡς
838 2225 945 2279 ἀπὸ
968 2226 1066 2298 τῆς
1090 2227 1324 2298 ἐρημίας
1339 2226 1431 2279 τοῦ
1448 2226 1715 2280 Ἰουδαίων
1738 2225 1924 2289 ἔθνους

326 2311 524 2380 ἔλαφοί
539 2330 685 2376 τινες
704 2314 998 2386 παρῆλθον,
1028 2317 1077 2370 oi
1103 2316 1339 2387 mental
1356 2316 1449 2369 τοῦ
1467 2317 1717 2387 Σωτῆρος
1741 2316 1919 2387 ἡμῶν

332 2421 356 2451 ι
382 2403 533 2456 Ἐκεῖ
579 2404 709 2476 γάρ,
767 2406 933 2476 φησὶ,
974 2407 1310 2478 συνήντησαν
1357 2406 1579 2478 ἔλαφοι,
1631 2409 1724 2461 καὶ
1783 2402 1921 2460 εἶδον

324 2493 400 2547 τὰ
452 2494 723 2565 πρόσωπα
776 2496 1037 2567 ἀλλήλων.
1064 2516 1082 2550 ι
1147 2497 1477 2569 Ἐγνώρισαν
1515 2499 1623 2570 γὰρ
1670 2499 1916 2564 ἑαυτοὺς,

325 2586 429 2640 καὶ
466 2588 567 2656 τῆς
598 2588 777 2658 ψυχῆς
802 2589 985 2642 αὐτῶν
1015 2592 1142 2653 τοὺς
1164 2592 1285 2644 κατ’
1316 2592 1500 2645 εἰκόνα
1523 2589 1658 2643 Θεοῦ
1688 2590 1916 2661 γενομέ-

325 2692 459 2740 νους
487 2679 843 2750 χαρακτῆρας
864 2681 1197 2748 ἐπέγνωσαν.
1227 2682 1447 2753 Ἐπειδὴ
1480 2681 1536 2734 δὲ
1564 2682 1625 2733 οὺ
1654 2679 1918 2751 παρέμει-

326 2784 429 2822 ναν
476 2770 536 2822 ἐν
580 2771 677 2839 μιᾷ
717 2770 889 2823 «diter
925 2772 1211 2845 διέδραμον
1243 2773 1299 2826 δὲ
1328 2772 1487 2836 ἀλλος
1518 2772 1752 2844 άλλαχοῦ
1779 2773 1917 2844 πλη-

329 2857 557 2929 ροῦντες
585 2858 644 2912 τὸ
678 2860 1037 2929 Εὑαγγέλιον·
1067 2862 1257 2917 τούτου
1283 2862 1442 2935 χάριν
1466 2864 1679 2935 εἴρηται
1699 2880 1715 2894 ·

406 3140 426 3171 ι
470 3122 667 3194 Ἑτέρα
699 3125 796 3197 τὴν
819 3127 1013 3198 ἑτέραν
1054 3130 1154 3182 οὐκ
1203 3128 1496 3200 ἐζήτησαν,
1538 3130 1621 3183 ὅτι
1652 3133 1681 3184 6
1714 3130 1916 3202 Κύριος

2025 1956 2229 2000 malum
2261 1946 2327 2001 ⁸³.
2353 1964 2372 1999 ι
2408 1945 2542 2002 Cum
2574 1948 2757 2017 itaque
2784 1963 3014 2018 sponsus
3038 1964 3203 2007 cervo
3231 1962 3600 2021 comparetur,

2024 2050 2162 2105 quos
2186 2038 2277 2092 bic
2306 2052 2497 2094 cervos
2531 2042 2819 2095 memorari
2855 2041 3028 2106 dicas,
3073 2043 3177 2097 nisi
3219 2042 3517 2111 discipulos
3544 2054 3603 2100 et

2024 2128 2335 2197 apostolos?
2364 2127 2461 2185 Est
2495 2140 2675 2186 autem
2708 2132 2910 2185 animai
2944 2132 3074 2187 illud
3108 2135 3451 2204 serpentibus
3479 2137 3600 2190 exi-

2024 2220 2245 2277 tiosum.
2292 2218 2391 2276 Hie
2427 2236 2559 2290 ergo
2599 2222 2846 2286 docetur,
2877 2240 2941 2277 ex
2971 2221 3279 2279 Iudaeorum
3306 2225 3602 2283 solitudine

2022 2321 2213 2363 cervos
2242 2309 2511 2379 prodiisse
2550 2312 2834 2380 quosdam,
2860 2312 3112 2369 videlicet
3147 2314 3441 2386 discipulos
3465 2314 3598 2371 Ser-

2020 2400 2228 2454 vatoris
2259 2401 2431 2455 nostri
2463 2420 2479 2457 :
2531 2420 2551 2453 ι
2577 2399 2653 2455 lbi
2687 2403 2852 2467 enim,
2900 2404 2997 2469 ait,
3042 2404 3402 2461 obviaverunt
3425 2408 3598 2471 cervi,

2019 2499 2075 2545 et
2102 2490 2355 2546 viderunt
2384 2491 2556 2547 facies
2591 2507 2719 2548 suas
2752 2505 2964 2549 mutuo.
2986 2514 3005 2547 ι
3058 2493 3190 2550 Sese
3222 2511 3452 2565 namque
3480 2512 3601 2550 mu-

2023 2590 2115 2635 tuo
2165 2593 2543 2652 agnoverunt,
2586 2585 2891 2656 animaque
2930 2588 2997 2642 ad
3048 2587 3457 2643 similitudinem
3504 2589 3597 2643 Dei

2021 2672 2318 2730 adornatos
2366 2674 2715 2734 characteres
2760 2680 2813 2733 in
2858 2692 2920 2733 se
2956 2678 3186 2735 invicem
3222 2680 3597 2747 deprehende-

2022 2773 2167 2823 runt.
2226 2766 2493 2832 Quoniam
2544 2784 2677 2824 vero
2742 2785 2847 2824 non
2909 2770 2968 2825 in
3024 2787 3130 2825 una
3182 2772 3483 2841 eademque
3520 2773 3602 2826 ci-

2021 2855 2183 2910 vitate
2241 2868 2598 2923 manserunt,
2671 2862 2767 2915 sed
2838 2862 2982 2917 ultro
3055 2862 3305 2932 citroque
3369 2862 3592 2932 singuli,

2022 2946 2295 3018 Evangelii
2354 2966 2551 3007 munus
2623 2954 2949 3024 impienles,
3011 2956 3437 3011 discurrebant:
3476 2957 3597 3013 ideo

2018 3039 2216 3094 dicitur
2240 3055 2255 3093 :

2090 3127 2254 3185 Vens.
2292 3131 2379 3184 l6.
2420 3130 2608 3187 «Alter
2640 3133 2871 3188 alterum
2904 3150 3008 3189 non
3042 3136 3310 3205 qtmsivil,
3338 3138 3466 3208 quia
3492 3138 3598 3195 Do-

328 3209 517 3274 αὐτοῖς
560 3214 895 3279 ἐνετείλατο,
940 3218 1033 3271 καὶ
1072 3219 1134 3270 τὸ
1164 3218 1384 3289 Πνεῦμα
1413 3220 1576 3273 αὑτοῦ
1611 3223 1913 3291 συνήγαγεν

2018 3218 2198 3273 minus
2240 3219 2345 3273 illis
2396 3223 2678 3289 praecepit,
2722 3234 2775 3278 et
2811 3203 3211 3293 Spiritus—ejus
3246 3203 3599 3299 congregavit

324 3301 522 3366 αὑτάς.
553 3324 572 3355 ι
613 3306 670 3357 Ὀ
696 3307 803 3378 γάρ
828 3307 997 3361 εἰπὼν
1020 3311 1201 3374 αὐτοῖς
1228 3353 1243 3376 ,
1284 3331 1300 3362 ι
1320 3312 1710 3385 Μαθητεύσατε
1737 3314 1915 3369 πάντα

322 3390 399 3444 τά
427 3392 558 3463 ἔθνη
612 3396 669 3445 ἐν
717 3396 795 3465 τῷ
844 3398 1069 3469 ὀνόματί
1102 3418 1225 3471 μου,
1267 3421 1285 3452 ι
1312 3403 1472 3465 αὐτὸς
1498 3403 1797 3457 ἐνετείλατο
1839 3403 1913 3474 μὴ

325 3484 474 3536 κατά
508 3483 570 3536 τὸ
603 3486 732 3538 αὐτὸ
780 3491 1048 3544 ποιεῖσθαι
1074 3492 1143 3545 τά
1168 3493 1269 3563 τῆς
1302 3494 1611 3559 συστάσεως
1641 3496 1749 3549 τῶν
1790 3496 1913 3550 Ἐκ-

324 3573 433 3643 κλη
441 3573 577 3625 σιῶν
606 3576 801 3631 αὐτῶν.

404 3682 425 3712 e
449 3662 560 3715 Kal.
588 3666 747 3730 αὐτὸς
788 3667 1036 3723 ὲπιϐαλεῖ
1077 3671 1260 3735 αὐτοῖς
1301 3672 1553 3744 κλήρους,
1592 3676 1684 3728 καὶ
1730 3678 1763 3746 ή
1794 3680 1913 3751 χεὶρ

323 3753 499 3808 αὐτοῦ
548 3756 822 3829 διεμέρισε
870 3762 1181 3831 βόσκεσθαι.
1233 3768 1327 3832 Et;
1371 3768 1463 3821 τὸν
1507 3771 1679 3825 αἰῶνα
1720 3774 1912 3844 χρόνον

326 3845 432 3915 κλη
444 3850 795 3920 ρονομήσετε,
825 3855 905 3917 είς
942 3856 1137 3924 γενεὰς
1162 3860 1365 3927 γενεῶν
1390 3862 1792 3919 ἀναπαύσονται
1826 3867 1912 3919 ἐπ’

325 3934 520 4005 αὐτῆς.
550 3956 568 3987 ι
614 3941 822 3993 Οὐκοῦν
865 3945 958 3997 καὶ
982 3948 1151 4019 νομὴν
1188 3951 1371 4015 αὐτοῖς
1404 3953 1498 4005 καὶ
1530 3953 1731 4027 βοσκὴν
1771 3974 1913 4029 παρ-

325 4027 499 4094 εῖχεν,
553 4027 741 4101 ῶσπερ
774 4034 868 4086 καὶ
930 4034 1164 4107 κλήρους
1210 4041 1291 4103 είς
1341 4041 1533 4109 γενεὰς
1573 4045 1793 4111 γενεῶν,
1832 4027 1913 4111 εἰς

324 4116 390 4170 τὺ
414 4118 788 4177 ἀναπαύεσθαι
829 4126 1023 4191 αὐτοὺς
1050 4130 1127 4193 είς
1171 4133 1297 4195 τοὺς
1317 4134 1497 4187 αὐτῶν
1536 4134 1785 4208 κλήρους,
1813 4140 1909 4209 δη-

326 4205 465 4280 λαδὴ
502 4213 614 4274 τοῖς
643 4212 820 4266 ἔθνεσι
852 4219 964 4279 τοῖς
985 4219 1451 4291 άποκληρωθεῖσιν
1479 4205 1682 4289 αὐτοῖς,
1730 4230 1787 4281 ὲν
1830 4205 1911 4292 ei;

326 4302 409 4363 είς
431 4300 625 4368 γενεὰς
650 4304 850 4369 γενεῶν
882 4307 913 4375 ή
948 4308 1135 4379 μνήμη
1166 4310 1345 4364 αὐτῶν
1377 4314 1433 4363 ὲν
1461 4315 1580 4377 ταῖς
1614 4315 1705 4367 ὑπ’
1732 4316 1909 4370 αὐτῶν

328 4390 657 4460 ἱδρυθείσαις
700 4395 1043 4466 Ἐκκλησίαις
1075 4400 1525 4473 ἀναζωπυρεῖται.

846 4490 1240 4547 ΚΕΦΔΛΑΙΟΝ
1274 4494 1396 4547 ΛΕ’.

404 4592 424 4623 ι
456 4574 824 4649 Εὐφράνθητι,
860 4578 1063 4653 ἔρημος
1107 4584 1343 4653 διψιῖισαο
1388 4588 1734 4657 ἁγαλλιάσθω
1780 4592 1908 4664 ἔρη-

332 4682 465 4758 μος,
501 4670 596 4722 καὶ
628 4671 855 4727 ἀνθείτω
901 4674 977 4738 ὡς
1025 4677 1229 4746 κρίνον.
1260 4698 1278 4730 ι
1329 4679 1429 4750 Εἴη
1470 4682 1647 4735 τοίνυν
1686 4683 1825 4756 αὕτη
1871 4688 1903 4758 ἡ

330 4757 535 4829 ἔρημος
584 4763 731 4834 παρὰ
762 4764 858 4835 τὴν
900 4766 1290 4837 προλεχθεῖσαν
1324 4770 1481 4837 Σιὼν,
1524 4775 1581 4826 ὲν
1675 4757 1903 4845 ἐχίνους,

330 4858 421 4905 καὶ
461 4854 618 4918 ίϐεις,
664 4857 756 4907 καὶ
796 4857 1057 4927 κόρακας,
1087 4859 1338 4929 δαιμόνιά
1369 4879 1426 4914 τε
1461 4865 1555 4915 καὶ
1590 4864 1907 4919 ὀνοκενταύ-

332 4959 455 5013 ρους
488 4945 730 5015 οίκήσειν
778 4946 1013 5015 ἐλέγετο,
1068 4950 1268 5021 πίσσης
1317 4968 1375 5003 τε
1420 4953 1588 5022 αὐτῆς
1629 4955 1723 5007 καὶ
1756 4955 1899 5008 θείου

330 5032 781 5105 πληρωθήσεσθαι
812 5037 910 5100 τὰς
942 5039 1251 5108 φάραγγας.
1289 5039 1504 5097 Τούτων
1541 5044 1596 5097 δὲ
1638 5046 1767 5116 περὶ
1800 5048 1899 5117 τῆς

331 5124 461 5177 Σιὼν
504 5127 598 5178 καὶ
635 5128 762 5198 περὶ
801 5146 899 5197 της
940 5131 1291 5203 Ἰερουσαλήμ
1324 5135 1646 5205 εἰρημένων,
1685 5137 1801 5207 ὥρα
1832 5138 1901 5191 τά

331 5214 664 5284 προκείμενα
706 5218 833 5287 περὶ
877 5218 1066 5289 ἑτέρας
1106 5221 1313 5291 ἐρήμου
1342 5223 1591 5291 λέγεσθαι
1621 5230 1780 5281 νοεῖν.
1811 5229 1900 5279 Δι-

330 5305 481 5375 Wa
522 5308 629 5379 γὰρ
670 5304 738 5378 ἦν
788 5309 927 5379 αὕτη
956 5312 1219 5385 πρότερον
1248 5316 1279 5385 ἡ
1308 5315 1531 5386 ἔρημος»
1560 5318 1901 5389 ἐστερημένη

333 5396 562 5467 νάματος
599 5400 852 5471 οὐρανίου
874 5417 887 5429 ·
921 5402 1055 5455 ἀλλὰ
1084 5404 1290 5477 χαίρειν
1319 5408 1453 5477 αὐτῇ
1494 5408 1587 5460 καὶ
1613 5409 1900 5479 εὐφραίνε-

338 5486 446 5542 σθαι
478 5493 505 5543 6
536 5490 693 5559 λόγος
734 5493 1059 5560 προστάττει
1084 5496 1171 5549 διά
1199 5497 1267 5550 τὰ
1295 5498 1582 5568 λεγόμενα,
1614 5500 1693 5553 ἔτι
1721 5501 1777 5554 δὲ
1808 5502 1902 5555 καὶ

333 5580 496 5635 ἀνθεῖν
541 5583 620 5647 ὡς
670 5584 897 5653 κρίνον·
947 5584 1085 5639 ὥστε
1134 5587 1338 5657 λέγειν·
1380 5591 1655 5660 «Χριστοῦ
1706 5592 1901 5645 εὐωδία

384 5770 425 5800 "
451 5770 597 5826 l'sai.
633 5782 752 5833 su,
798 5764 845 5817 Ι.
920 5768 963 5799 ⁸ο
992 5768 1126 5824 l’sai.
1175 5785 1363 5839 mm,
1392 5777 1443 5827 τι.

1526 5780 1561 5803 "
1595 5776 1747 5832 l't'ov.
1779 5794 1828 5844 v,
1866 5778 1948 5833 l‘J.

2015 3324 2184 3369 eos.)
2240 3310 2455 3366 Etenim
2515 3313 2606 3381 qui
2652 3314 2865 3367 dixerat
2915 3314 3065 3381 illis,
3122 3318 3364 3373 «Docete
3405 3334 3597 3374 omnes

2012 3410 2199 3466 gentes
2258 3400 2312 3455 in
2370 3403 2590 3494 no:nine
2645 3418 2844 3471 meo;t
2894 3407 3037 3461 idem
3094 3407 3208 3478 ipse
3257 3411 3468 3476 vetuit,
3522 3425 3591 3465 ne

2015 3488 2067 3541 in
2132 3504 2239 3543 uno
2305 3488 2607 3561 eode'mque
2669 3492 2791 3548 loco
2851 3494 3125 3552 Ecclesias
3192 3513 3323 3553 suas
3390 3501 3596 3556 consti-

2014 3589 2249 3635 tuerent.

2082 3670 2247 3726 Vens.
2275 3673 2393 3726 17.‹
2421 3672 2974 3745 Etipseimmitteteis
2990 3678 3594 3747 sortes,etmanusejus

2013 3762 2168 3818 divisi
2180 3773 2217 3827 ι,
2233 3775 2292 3818 ut
2307 3777 2622 3835 pascantur.
2643 3768 2699 3822 In
2715 3776 2976 3825 aeternum
2998 3780 3207 3841 tempus
3222 3774 3591 3829 lia-reditatem

2012 3856 2337 3921 sortiemini,
2353 3857 2403 3911 in
2421 3860 2795 3928 generationes
2813 3862 3223 3930 generationum
3246 3864 3593 3933 requiescth

2013 3945 2065 3999 in
2106 3962 2189 4001 ea.
2222 3966 2239 3998 ι
2289 3948 2548 4004 Pabulum
2599 3965 2729 4019 ergo
2764 3952 2892 4020 ipsis
2932 3963 2988 4007 et
3033 3969 3228 4024 pascua
3273 3956 3588 4025 suppedita-

2012 4040 2108 4105 vit,
2145 4040 2379 4109 itemqne
2412 4052 2587 4097 sortes
2633 4043 2685 4097 in
2722 4046 3101 4113 generationes
3137 4048 3591 4114 generationem;

2012 4140 2070 4183 ut
2110 4132 2301 4200 singuli
2342 4132 2396 4186 in
2439 4133 2677 4190 sortibus
2716 4136 2831 4189 suis
2874 4138 3303 4206 requiescerent,
3338 4138 3591 4194 videlicet

2013 4222 2064 4276 in
2099 4224 2352 4291 gentibus
2387 4225 2490 4278 sibi
2534 4237 2680 4281 sorte
2726 4228 3015 4298 assignatis
3049 4248 3061 4283 :
3100 4232 3210 4295 ubi,
3250 4233 3502 4284 nimirum
3535 4232 3587 4285 in

2012 4312 2078 4365 iis
2125 4328 2261 4381 quas
2291 4315 2651 4370 fittnlaverunt
2681 4319 2960 4384 Ecciesiis,
3000 4326 3262 4375 mentoria
3298 4338 3485 4377 eorum
3532 4325 3585 4378 in

2010 4404 2387 4473 generationes
2414 4411 2819 4476 generationum
2856 4423 3106 4467 servatur
3137 4424 3191 4466 et
3222 4416 3385 4483 viget.

2566 4500 2793 4556 CAPUT
2821 4501 3032 4555 XXXV.

2082 4587 2243 4641 Vens.
2275 4586 2369 4639 1.(
2394 4587 2622 4653 ιωιοιε,
2655 4591 2928 4645 desertum
2956 4593 3146 4647 sitiens
3180 4611 3193 4644 :
3232 4592 3467 4647 exsultet
3494 4608 3585 4649 so-

2006 4679 2205 4743 litudo,
2258 4689 2313 4735 et
2364 4680 2559 4735 ﬂoreat
2604 4683 2747 4737 sicut
2782 4683 2973 4738 lilium.
3002 4704 3020 4735 ι
3065 4683 3191 4740 Haec
3233 4686 3395 4756 igitur
3446 4686 3588 4740 soli-

2008 4775 2158 4838 tudo,
2204 4775 2311 4828 alia
2359 4774 2520 4828 fuerit
2550 4790 2578 4827 a
2626 4779 2775 4842 prius
2808 4788 3113 4831 memorata
3157 4775 3351 4842 Sione,
3394 4778 3588 4847 inqua

2004 4866 2233 4931 ericios,
2279 4866 2424 4929 ibes,
2482 4882 2706 4933 corvos,
2756 4869 3034 4922 demonas
3080 4876 3137 4921 et
3186 4878 3587 4922 onocentauros

2010 4958 2349 5013 babitaturos
2382 4974 2521 5023 esse,
2578 4974 2639 5013 ac
2677 4959 2831 5026 cujus
2855 4959 3025 5013 valles
3076 4960 3194 5027 pice
3236 4970 3290 5013 et
3323 4961 3586 5027 sulphure

2010 5052 2270 5118 repletum
2317 5052 2406 5113 iri,
2453 5051 2758 5104 dicebatur.
2807 5050 2937 5104 Cum
2974 5066 3105 5122 ergo
3160 5051 3284 5105 talia
3326 5053 3394 5107 de
3420 5052 3587 5109 Sione

2007 5150 2063 5194 et
2118 5139 2185 5195 de
2220 5140 2554 5213 Jerosoiyma
2604 5142 2973 5212 proferantur,
3022 5152 3194 5199 restat
3232 5152 3290 5198 ut
3331 5158 3417 5206 ea,
3464 5158 3586 5213 qua

2003 5231 2114 5300 jam
2148 5243 2473 5299 tractantur,
2515 5236 2581 5289 de
2626 5235 2730 5288 alia
2771 5234 3065 5290 solitudine
3104 5236 3447 5306 pronuntiari
3501 5236 3585 5290 in-

2011 5325 2339 5391 telligamus.
2397 5326 2608 5381 Etenim
2639 5343 2766 5382 vere
2817 5329 3091 5383 sitibunda
3135 5328 3262 5383 olim
3315 5338 3432 5382 erat
3488 5328 3582 5383 illa

2010 5414 2269 5475 solitudo,
2326 5414 2542 5469 ﬂuentis
2598 5416 2912 5471 cmlcstibus
2955 5418 3145 5472 orbata
3185 5437 3198 5472 :
3245 5432 3429 5470 verum
3466 5431 3583 5473 me-

2010 5500 2234 5554 moratis
2260 5500 2324 5555 de
2358 5503 2537 5557 causis
2570 5502 2741 5557 laetari
2772 5513 2828 5559 et
2868 5504 3163 5569 exsultare,
3200 5507 3440 5572 itemque
3476 5506 3586 5561 sic-

2008 5601 2068 5647 ut
2118 5592 2283 5648 Iiliunt
2331 5592 2525 5651 ﬂorere
2570 5594 2827 5665 iubetur;
2875 5597 2950 5651 ita
2993 5608 3052 5653 ut
3102 5598 3288 5653 dicat:
3321 5616 3339 5651 ι
3378 5598 3581 5655 Christi

2026 5779 2067 5809 υ
2092 5775 2210 5833 Job.
2241 5792 2427 5845 xxxix,
2470 5779 2516 5836 i.
2598 5780 2641 5811 ⁵³
2672 5779 2828 5836 Cant.
2885 5796 2947 5849 ιι,
2976 5781 3031 5837 9.
