4120 6294
647 397 748 453 3'59

1344 389 1609 448 EUSEBII
1649 391 2122 448 C/ESAIHENSIS
2161 390 2191 445 ί]

2296 430 2309 446 .
2351 386 2526 443 PARS
2566 385 2652 442 ΠΙ.
2693 417 2758 426 --
2799 382 3202 440 ΕΧΕΕΕΤΙΟᾹ.

3745 371 3859 426 5ίῦ

645 514 816 568 bonus
869 515 996 565 odor
1049 525 1235 564 sumus
1280 510 1390 564 Deo
1442 511 1493 562 in
1544 510 1685 564 omni
1739 510 1857 562 loco
1891 509 2002 561 ⁸⁸.»
2059 507 2191 574 Quin

2299 507 2460 574 ἐσμὲν
2489 505 2564 573 τῷ
2585 503 2702 572 Θεῷ
2733 503 2789 554 tv
2814 500 2971 552 παντὶ
2996 498 3160 570 τόπῳ.
3192 515 3208 545 ι
3254 493 3406 544 ’Λλλὰ
3435 492 3524 542 καῖ
3546 487 3856 574 ἐξανθήσει,

644 605 804 656 etiam
825 641 840 664 ,
875 603 983 664 ait,
1021 599 1284 654 ﬂorebunt
1318 613 1450 652 nova
1482 599 1719 669 germina
1748 609 1802 651 et
1832 599 2055 666 speciosi
2100 598 2194 651 ﬂo-

647 707 772 754 res.
833 691 899 745 de
952 692 1146 760 quibus
1196 691 1247 743 in
1289 689 1522 776 Canticq
1570 691 1898 744 canticorum
1957 688 2190 741 dicitur:

651 800 670 832 ς
699 781 809 836 Visi
842 791 967 833 sunt
1018 778 1175 833 ﬂores
1215 779 1266 831 in
1305 787 1486 841 terra;
1536 777 1906 845 mandragorae
1935 777 2195 830 dederunt

642 872 863 926 odorem
903 884 1058 926 suum
1085 870 1149 922 ".
1174 887 1194 920 ι

714 960 953 1016 Vensﬂ.
1011 958 1120 1012 «Et
1171 956 1435 1011 ﬂorebunt
1487 964 1543 1010 et
1591 953 1941 1009 exsultabant
1983 953 2194 1007 deserta

639 1050 909 1105 Jordanis.
956 1048 1135 1104 Gloria
1171 1049 1354 1102 Libani
1384 1050 1506 1101 data
1547 1055 1630 1100 est
1657 1047 1728 1110 ei,
1769 1056 1822 1099 et
1872 1045 2042 1099 honos
2068 1045 2195 1100 Car-

640 1145 763 1198 meli
798 1163 809 1196 :
845 1153 899 1196 et
946 1142 1172 1209 populus
1230 1155 1378 1192 meus
1423 1139 1627 1192 videbit
1693 1139 1919 1207 gloriam
1962 1138 2191 1202 Domini,

640 1244 696 1289 et
725 1232 1094 1288 celsitudinem
1123 1231 1235 1284 Dei.
1262 1248 1279 1279 ι
1329 1229 1426 1283 llic
1467 1243 1560 1296 per
1601 1225 1891 1283 Iordanem
1927 1229 2194 1298 evangeli-

640 1338 757 1376 cam
787 1320 1119 1388 Scripturam
1146 1319 1295 1374 clare
1327 1319 1592 1388 signiﬁcat
1617 1337 1630 1372 :
1661 1336 1785 1373 nam
1818 1321 1884 1374 ad
1910 1319 2192 1374 Iordanem

637 1411 858 1467 ﬂuvium
891 1410 1121 1466 Joannes
1159 1412 1360 1479 primus
1407 1410 1719 1479 praedicavit
1763 1427 1987 1480 regnum
2031 1413 2194 1466 ctelo-

640 1517 757 1554 runt
793 1520 803 1554 :
841 1513 896 1554 et
927 1501 1049 1568 quia
1087 1499 1260 1553 cultus
1295 1498 1416 1562 ille,
1468 1500 1761 1552 secundum
1793 1498 1990 1568 Moysis
2019 1500 2192 1568 legem

638 1593 764 1645 olim
803 1592 909 1646 Deo
939 1592 1227 1659 prmetitus,
1256 1589 1634 1657 Hierosolyma:
1653 1604 1754 1641 non
1787 1588 2013 1657 amplius
2044 1590 2191 1658 vige—

637 1685 750 1746 bat,
784 1685 1103 1753 baptismum
1137 1680 1466 1748 poanitentia:
1499 1689 1554 1732 et
1602 1679 1872 1732 lavacrum
1907 1693 2190 1749 regenera-

641 1777 802 1829 tionis
838 1777 887 1826 in
931 1774 1117 1827 eodem
1149 1771 1310 1825 ﬂuvio
1350 1772 1608 1840 propheta
1644 1770 1731 1824 ille
1763 1771 2020 1824 tradidit:
2055 1771 2193 1838 ipse-

2296 566 2448 664 quiat,
2473 566 2639 663 νεαρὰ
2675 566 3026 660 θλαστήματα
3063 584 3156 637 καὶ
3203 581 3336 649 ἄνθη
3369 580 3562 650 ὡραῖα,
3609 576 3739 644 περϊ
3777 566 3858 624 ὧν

2295 687 2504 757 εἴρηται
2544 688 2600 737 ἐν
2630 685 2867 752 ’ᾼςτματι
2898 679 3005 738 τῶν
3044 676 3299 748 ᾀσμάτων
3324 692 3336 704 ·
3381 693 3398 723 ι
3421 672 3502 724 Τὰ
3535 669 3668 739 ἄνθη
3696 666 3857 737 ὤφθη

2295 780 2351 829 ἐν
2380 780 2445 847 τῇ
2481 778 2549 845 γῇ
2571 792 2582 806 ·
2618 776 2666 825 οί
2705 769 3070 842 μανδραγόραι
3093 766 3298 819 ἔδωκαν
3318 764 3491 834 ὀσμὴν
3520 760 3716 817 αὐτῶν.
3754 777 3773 810 ι

2370 1001 2386 1031 ι
2428 981 2534 1034 Καὶ
2549 977 2828 1047 ἐξανθήσει
2845 975 2935 1028 καὶ
2946 971 3328 1042 ἀγαλλιάσεται
3343 967 3410 1020 τὰ
3427 966 3609 1037 ἔρημα
3624 961 3714 1015 τοῦ
3730 961 3862 1031 Ἰορ-

2293 1075 2471 1128 δάνου.
2489 1073 2548 1124 Ἦ
2567 1071 2692 1136 δόξα
2707 1069 2800 1121 τοῦ
2823 1067 3052 1120 Λιϐάνου
3073 1063 3228 1133 ἐδόθη
3250 1062 3407 1129 αὐτῇ,
3446 1059 3538 1112 καὶ
3557 1060 3590 1126 ἡ
3607 1056 3737 1124 τιμὴ
3758 1050 3856 1105 τοῦ

2294 1162 2586 1234 Καρμήλου
2606 1178 2619 1190 ·
2668 1159 2760 1214 καὶ
2787 1161 2816 1210 6
2847 1159 2970 1220 λαός
3003 1174 3102 1226 μου
3131 1154 3318 1222 ὄψεται
3342 1153 3439 1220 τὴν
3467 1148 3622 1212 δόξαν
3647 1145 3854 1234 Κυρίου

2294 1233 2395 1311 καὶῗ
2420 1233 2479 1309 τὸ
2513 1255 2641 1324 ὕψος
2687 1251 2779 1305 τοῦ
2809 1249 2962 1302 Θεοῦ.
2991 1268 3007 1297 ι
3058 1243 3318 1299 Ἐνταῦθα
3358 1243 3613 1310 ἄντικρυς
3644 1237 3730 1291 διὰ
3757 1233 3853 1288 τοῦ

2306 1350 2565 1419 Ἰορδάνου
2606 1348 2703 1415 τὴν
2735 1341 3089 1410 εὐαγγελικὴν
3136 1336 3354 1408 Γραφὴν
3393 1333 3751 1402 παρίστησιν·
3797 1328 3858 1378 ἐν

2293 1441 2399 1510 γὰρ
2426 1438 2504 1508 τῷ
2543 1437 2778 1507 Ἰορδάνῃ
2809 1430 3034 1500 ποταμῷ
3067 1428 3278 1498 πρῶτος
3315 1425 3562 1492 Ἰωάννης
3589 1422 3857 1490 ἐκήρυσσε

2293 1532 2391 1600 τὴν
2426 1527 2697 1598 βασιλείαν
2734 1523 2842 1576 τῶν
2885 1519 3156 1590 οὐρανῶν·
3201 1516 3294 1568 καὶ
3340 1513 3414 1575 ὼς
3467 1510 3661 1582 μηκέτι
3709 1512 3860 1576 ἐνερ-

2292 1596 2492 1687 γούσης
2529 1619 2588 1669 ἐν
2633 1618 2698 1684 τῇ
2746 1608 3094 1683 Ἰερουσαλὴμ
3139 1605 3238 1674 τῆς
3281 1602 3420 1656 κατά
3465 1601 3555 1653 τὸν
3582 1596 3858 1687 Μωῦσέιυς

2293 1686 2458 1780 νόμον
2486 1706 2901 1775 ἐπιτελουμένης
2935 1699 3208 1770 λατρείας,
3256 1697 3535 1768 βάπτισμα
3573 1686 3860 1780 μετανοίας

2294 1779 2386 1854 καί
2423 1801 2482 1854 τὸ
2526 1801 2622 1869 τῆς
2668 1793 3078 1862 παλιγγενεσίας
3121 1787 3340 1856 λουτρὸν
3383 1787 3440 1837 ἐν
3470 1779 3618 1846 αὐτῷ

639 1882 744 1935 que
762 1866 1011 1919 Salvator
1035 1875 1090 1918 et
1111 1863 1372 1917 Dominus
1399 1873 1583 1916 noster
1602 1860 1756 1915 Jesus
1771 1860 2019 1915 Christus
2034 1858 2191 1914 Ioan-

2295 1891 2448 1960 τα,μῷ
2478 1891 2506 1941 6
2545 1858 2706 1948 αῦτδς
2749 1858 3030 1953 παρεδίδου
3060 1894 3344 1949 προφητης
3362 1890 3376 1903 ·
3411 1875 3439 1927 ὃ
3464 1888 3526 1924 τε
3550 1868 3739 1938 Σωτὴρ
3764 1864 3861 1960 Ita-1

638 1952 724 2011 nis
765 1956 1198 2026 praedicationem
1249 1956 1399 2021 quasi
1436 1953 1608 2021 sigillo
1649 1967 1744 2005 suo
1774 1951 2020 2016 munivit,
2067 1965 2190 2005 cum

639 2049 708 2104 ab
733 2062 797 2102 eo
857 2049 910 2102 in
938 2046 1171 2102 .lordane
1198 2045 1355 2099 ﬂuvio
1409 2044 1709 2111 baptizatus
1741 2051 1853 2105 est,
1887 2057 1950 2096 ac
1979 2056 2077 2111 per
2103 2055 2184 2095 se-

640 2142 814 2206 ipsunt
842 2138 1260 2209 regenerationis
1290 2135 1602 2205 mysterium
1633 2134 1886 2186 firmavit.

713 2338 731 2370 ι
763 2317 941 2375 Gloria
967 2317 1154 2372 Libani
1195 2317 1315 2369 data
1356 2325 1437 2368 est
1473 2315 1544 2378 ei,
1583 2322 1640 2368 et
1684 2315 1852 2367 bonos
1879 2311 2136 2367 Carmeli.
2166 2331 2184 2364 ι

638 2408 873 2466 Libanus
917 2410 1156 2480 quidem,
1211 2409 1323 2462 sive
1373 2409 1519 2470 thus,
1573 2408 1625 2459 in
1677 2404 1967 2474 praemissis
2014 2405 2194 2459 verbis

638 2501 905 2570 signiﬁcat
941 2503 1113 2555 altare
1157 2509 1207 2554 et
1239 2499 1514 2568 templum,
1553 2499 1604 2551 in
1639 2511 1745 2564 quo
1777 2495 2042 2550 sacriﬁcia
2070 2510 2190 2550 cum

638 2595 754 2662 ipso
784 2594 963 2655 tbure,
992 2591 1179 2661 legalis
1205 2591 1365 2643 etiam
1395 2589 1569 2644 cultus
1595 2589 1773 2643 oﬂ‘erri
1809 2595 2190 2651 consueverat;

637 2683 916 2739 Carmelus
941 2693 1141 2745 autem,
1169 2691 1226 2735 ut
1248 2680 1558 2748 plerumque
1584 2686 2063 2734 commonstratum
2089 2685 2190 2741 est,

639 2773 895 2842 populum
929 2787 994 2827 ex
1043 2771 1451 2827 circumcisione
1487 2771 1807 2825 snbindicat.
1863 2765 2034 2823 Prisci
2087 2768 2189 2821 ita-

637 2879 745 2933 que
768 2862 951 2934 pepuli
972 2866 1249 2926 honorem,
1283 2877 1346 2916 ac
1366 2861 1542 2930 templi
1570 2857 2043 2928 Hierosolymitani
2075 2856 2191 2927 glo-

637 2955 798 3021 riam,
843 2956 1077 3024 antiqua:
1127 2954 1200 3008 ilﬁ
1252 2954 1549 3016 solitudini,
1595 2953 1646 3006 id
1687 2963 1791 3016 est,
1829 2949 2083 3004 Ecclesia:
2127 2966 2192 3005 ex

636 3048 882 3116 gentibus
897 3048 1076 3100 datum
1101 3046 1164 3097 iri
1188 3045 1238 3098 in
1258 3045 1532 3113 prophetia
1555 3044 1744 3097 fertur.
1764 3041 1956 3109 Adjicit
1974 3051 2189 3111 postea:

642 3157 661 3187 ε
711 3138 779 3191 Et
813 3137 1036 3206 populus
1083 3151 1256 3199 meus,
1287 3154 1310 3187 ι
1342 3151 1444 3188 non
1488 3136 1621 3188 ultra
1675 3133 1869 3198 Israel;
1910 3151 1930 3185 ι
1964 3136 2057 3188 sed
2095 3147 2191 3202 po-

2291 1955 2494 2050 Κῦρίος
2543 1977 2697 2048 ἡμῶν
2737 1973 2942 2045 Ἰησοῦς
2993 1970 3224 2041 Χριστὸς
3271 1962 3710 2036 ἐπεσφραγίσατο
3760 1955 3860 2012 τοῦ

2306 2049 2544 2124 Ἰώάννου
2576 2069 2638 2120 τὸ
2661 2069 2917 2138 κήρυγμα
2945 2067 3001 2116 tv
3027 2061 3106 2130 τῷ
3139 2058 3375 2130 Ἰορδάνῃ
3403 2052 3629 2122 ποταμῷ
3661 2049 3858 2120 βαπτι-

2295 2163 2441 2226 σθεὶς
2486 2163 2577 2216 ὑπ’
2613 2157 2804 2221 αὐτοῦ,
2853 2156 2946 2209 καὶ
2993 2151 3293 2223 βεϐαιώσας
3337 2147 3403 2200 δι’
3435 2143 3624 2198 ἑαυτοῦ
3656 2142 3719 2193 τὸ
3759 2139 3860 2208 τῆς

2293 2252 2707 2321 παλιγγενεσίας
2743 2249 3052 2319 μυστήριον.

2367 2364 2386 2397 ι
2418 2347 2481 2398 'H
2511 2344 2634 2407 δόξα
2678 2342 2773 2394 τοῦ
2801 2339 3032 2394 Λιϐάνου
3073 2335 3224 2405 ἐδόθη
3273 2331 3457 2400 αὐτῷ,
3502 2327 3595 2382 καὶ
3639 2329 3675 2398 ἡ
3722 2322 3859 2395 τιμὴ

2292 2435 2382 2488 τοῦ
2411 2433 2723 2504 Καρμήλου.
2753 2451 2771 2482 ι
2823 2431 2878 2484 Ὀ
2912 2429 3010 2500 μὲν
3032 2427 3261 2488 Λίϐανος
3287 2422 3381 2476 διὰ
3401 2421 3508 2474 τῶν
3549 2416 3860 2504 ἔμπροσθεν

2292 2527 2478 2597 ἐδήλου
2504 2501 2680 2578 καὶ-τὸ
2713 2521 3090 2591 θυσιαστήριον
3126 2515 3219 2570 καὶ
3245 2516 3334 2568 τὸν
3364 2513 3518 2574 νεὼν,
3557 2513 3613 2562 tv
3638 2501 3682 2575 ᾧ
3711 2507 3770 2560 αἴ
3796 2521 3859 2558 τε

2293 2618 2470 2670 θυσίαι
2495 2618 2591 2670 σὺν
2613 2613 2759 2683 αὐτῷ
2786 2612 2862 2682 τῷ
2885 2611 3098 2681 Λιϐάνῳ
3119 2609 3212 2662 καὶ
3233 2609 3266 2677 ἡ
3296 2604 3436 2658 κατὰ
3456 2603 3615 2670 νόμον
3637 2597 3862 2668 λατρεία

2291 2711 2348 2762 ἐν
2377 2711 2495 2770 ταῖς
2525 2707 2820 2775 ἀναφοραῖς
2856 2702 3218 2774 προσεφέρετο
3240 2715 3254 2727 ·
3293 2699 3320 2749 6
3357 2695 3414 2747 δὲ
3442 2691 3734 2762 Κάρμηλος
3767 2687 3861 2741 τδν

2291 2802 2356 2853 ἐκ
2370 2797 2670 2870 περιτομῆς
2683 2797 2808 2849 λαὸν
2824 2793 3021 2847 αίνιττό
3029 2808 3181 2862 μενος
3197 2788 3561 2844 ἀποδέδεικται
3578 2779 3858 2844 πολλάκις.

2293 2890 2399 2944 Τοῦ
2433 2889 2562 2943 λαοῦ
2594 2888 2770 2941 τοίνυν
2787 2885 2880 2939 τοῦ
2905 2883 3129 2937 παλαιοῦ
3153 2883 3186 2951 ἡ
3215 2880 3367 2950 τιμὴ,
3386 2881 3478 2933 καὶ
3507 2876 3600 2929 τοῦ
3619 2873 3746 2928 ναοῦ
3763 2872 3859 2925 τοῦ

2291 2983 2350 3033 ἐν
2364 2979 2715 3051 Ἰερουσαλὴμ
2734 2981 2768 3048 ἡ
2789 2977 2913 3042 δόξα
2949 2979 3013 3046 τῇ
3035 2974 3198 3026 πάλαι
3223 2975 3432 3043 ἐρήμῳ,
3452 2969 3594 3036 λέγω
3612 2967 3674 3037 δὴ
3708 2967 3774 3034 τῇ
3798 2964 3859 3029 ἐξ

2293 3071 2458 3125 ἐθνῶν
2483 3070 2774 3140 Ἐκκλησία
2801 3066 3116 3140 δοθήσεσθαι
3144 3061 3556 3134 προφητεύεται.
3585 3053 3696 3112 Εἶτ’
3733 3059 3858 3109 ἐπι-

2294 3160 2476 3228 λέγει·
2513 3177 2532 3209 ι
2551 3159 2658 3213 Καὶ
2677 3161 2705 3212 6
2736 3157 2862 3220 λαός
2890 3173 3013 3228 μου,
3052 3175 3069 3206 ι
3088 3153 3269 3207 οὐκέτι
3289 3156 3317 3205 ὀ
3355 3150 3590 3222 Ἰσραὴλ,
3622 3147 3738 3201 ἀλλ’
3774 3165 3795 3197 ι
3829 3147 3861 3199 ὁ

638 3205 829 3297 pulos,
852 3247 872 3281 ι
903 3229 1096 3296 inquit,
1129 3244 1148 3277 ι
1184 3242 1332 3282 meus
1377 3227 1574 3282 videbit
1618 3226 1841 3297 gloriam
1873 3224 2120 3292 Domini;
2168 3244 2188 3277 ι

2295 3205 2446 3322 ἐμός,
2474 3271 2492 3302 ι
2519 3252 2670 3322 φησὶ,
2700 3270 2717 3301 ι
2880 3205 3180 3318 oleantth
3193 3245 3346 3311 δόξαν
3366 3205 3589 3314 Κῦρίόυί
3618 3260 3636 3292 ι
3654 3240 3858 3306 ταύτην

639 3337 801 3392 quam
839 3320 1242 3390 promissionem
1287 3333 1425 3373 novo
1474 3317 1670 3387 populo
1710 3318 1976 3382 enuntiat,
2012 3323 2196 3387 utpote

640 3414 729 3482 qui
774 3413 1001 3481 primum
1043 3409 1341 3466 Salvatoris
1384 3411 1668 3464 adventum
1717 3411 1989 3478 exceperit
2034 3426 2049 3466 :
2089 3424 2192 3478 qua

639 3506 764 3558 item
819 3505 883 3558 de
925 3517 1086 3558 causa
1137 3502 1429 3556 secundum
1471 3511 1527 3557 et
1573 3501 1860 3570 gloriosum
1907 3501 2023 3570 ejus
2050 3501 2195 3554 'con-

637 3605 912 3663 spectant,
966 3608 1174 3648 necnon
1217 3593 1333 3663 ejus
1386 3592 1752 3647 celsitudinem
1799 3591 2194 3661 contemplatu-

638 3700 731 3739 I‘llS
764 3694 865 3739 est.

708 3776 934 3831 Vens.5.
964 3775 1443 3841 «Corroboramini,
1465 3791 1655 3833 manus
1679 3778 1933 3843 remissae,
1957 3787 2194 3848 etgenua

634 3871 834 3934 soluta,
865 3869 1235 3925 consolamini.
1263 3887 1282 3920 ι
1309 3867 1404 3922 Hic
1423 3867 1679 3937 jubentur
1707 3869 1950 3938 discipuli
1975 3880 2029 3924 et
2060 3885 2193 3938 apo-

640 3962 762 4015 stoli
813 3961 1112 4015 Servaloris
1185 3960 1353 4014 nostri
1431 3960 1639 4014 animas
1693 3960 1745 4013 in
1797 3961 2047 4022 gentibus
2109 3975 2192 4014 re-

643 4055 836 4106 :aissas
889 4051 1230 4114 continuare,
1284 4061 1336 4105 et
1389 4051 1722 4105 inﬁrmorum
1779 4065 1956 4119 genua
2007 4063 2189 4105 (ξονι-οι

637 4145 706 4198 bo
715 4161 768 4198 ra
778 4159 852 4198 re.

714 4234 875 4289 Vens.
899 4234 951 4288 4.
980 4254 998 4284 ‹
1023 4234 1196 4288 Mente
1226 4233 1590 4302 pusillamines
1611 4233 2004 4297 eonlortamini,
2037 4246 2102 4285 ne
2129 4231 2195 4284 ti-

641 4337 804 4380 mete.
846 4326 983 4380 Ecce
1021 4327 1160 4379 Deus
1193 4336 1369 4378 vester
1406 4325 1662 4391 judicium
1693 4325 1934 4377 retribuit
1958 4335 2012 4378 et
2037 4323 2196 4378 retri-

638 4415 767 4468 buet
797 4435 809 4468 :
847 4414 958 4484 ipse
989 4416 1188 4472 veniet.
1231 4424 1286 4467 et
1323 4415 1545 4469 salvabit
1579 4431 1694 4470 nos.
1726 4435 1744 4466 ι
1783 4416 2000 4469 Etiamsi
2049 4416 2192 4469 enim

636 4522 734 4560 vos
787 4509 1001 4575 quidam
1046 4517 1452 4576 persequantur,
1499 4509 1755 4576 vobisque
1789 4508 1961 4561 minas
1994 4518 2049 4562 et
2085 4516 2192 4561 ter-

639 4613 812 4652 rorem
875 4599 1169 4663 incutiant,
1244 4599 1426 4668 plagas
1503 4600 1626 4651 item
1674 4609 1728 4652 et
1786 4606 2051 4654 termenta
2108 4601 2191 4652 in-

637 4687 862 4756 tiigant’;
917 4698 971 4739 at
1009 4703 1132 4751 vos,
1192 4690 1401 4757 inquit,
1453 4691 1576 4743 olim
1628 4691 2032 4758 pusillanimes,
2078 4691 2190 4758 jam

640 4779 828 4832 robore
871 4794 934 4832 ac
975 4780 1286 4834 fortitudine
1324 4783 1586 4844 instructi,
1629 4797 1693 4835 ne
1744 4785 1950 4844 timete,
2001 4785 2195 4852 quippe

635 4870 724 4936 qui
762 4870 924 4923 Deum
973 4872 1241 4926 vobiscum
1283 4873 1426 4926 omni
1479 4885 1713 4942 tempore
1753 4884 2056 4930 versantem
2102 4877 2192 4930 ba-

635 4960 829 5014 beatis.
878 4961 990 5015 llac
1032 4963 1214 5030 itaque
1253 4965 1438 5017 imbuti
1471 4965 1773 5031 disciplina,
1812 4983 1906 5021 vos
1933 4969 2060 5022 olitn
2094 4984 2192 5037 pu-

634 5049 948 5114 sillanimes,
983 5052 1382 5117 aoniortamini,
1412 5065 1466 5107 et
1502 5073 1565 5108 ne
1597 5057 1847 5111 timeatis.

704 5142 867 5195 Vens.
895 5144 950 5206 5,
980 5145 1031 5197 6.
1069 5163 1087 5194 ι
1115 5145 1263 5199 Tunc
1289 5147 1598 5214 aper-ientur
1627 5148 1764 5201 oculi
1801 5163 2085 5209 caecorum.
2139 5160 2195 5203 et

633 5249 790 5288 aures
827 5237 1111 5289 surdorum
1155 5237 1390 5290 audient.
1436 5234 1590 5291 Tunc
1634 5239 1787 5292 saliet
1833 5242 1972 5295 sicut
2003 5256 2194 5295 cervus

634 5326 878 5390 claudus,
914 5337 969 5381 et
997 5328 1195 5381 diserta
1228 5329 1330 5382 erit
1363 5329 1539 5398 lingua
1573 5330 1866 5385 balborum.
1897 5352 1913 5383 ›
1949 5333 2027 5387 llli
2063 5334 2190 5388 olim

634 5419 779 5470 surdi
824 5431 876 5471 et
921 5420 1068 5482 caeci,
1114 5422 1204 5486 qui
1248 5421 1480 5473 divinam
1511 5423 1808 5476 doctrinam
1858 5440 1960 5478 non
1999 5425 2189 5479 audie-

636 5519 788 5572 rant,
821 5527 980 5574 nunc,
1018 5527 1112 5577 per
1153 5511 1268 5578 cjus
1321 5513 1568 5578 gratiam,
1609 5513 1792 5567 auditu
1827 5518 2088 5585 perceptis
2109 5517 2189 5569 di-

633 5603 770 5654 vinis
821 5603 1044 5670 cloquiis
1113 5605 1306 5657 eruditi
1359 5617 1643 5658 evaserunt
1687 5626 1696 5657 :
1759 5607 1863 5662 into
1912 5611 2072 5664 etiam
2126 5607 2184 5674 ii,

704 5773 747 5804 "‘
791 5776 827 5826 ll
862 5777 983 5830 Cor.
1015 5793 1072 5842 ιι,
1108 5778 1186 5831 15.
1263 5781 1304 5810 ⁵⁵
1336 5781 1487 5834 Cant.
1525 5798 1616 5848 vn,
1653 5783 1734 5836 l5.

2294 3343 2390 3414 τὴν
2416 3341 2740 3411 ἐπαγγελίαν
2761 3340 2852 3394 τοῦ
2875 3341 3030 3408 λόγου
3053 3337 3378 3409 παρέχοντος
3393 3335 3470 3406 τῷ
3480 3336 3584 3405 νέῳ
3609 3333 3743 3404 λαῷ.
3763 3331 3859 3386 ἆτι

2297 3434 2721 3506 παραδεξαμένῳ
2741 3436 2837 3504 τὴν
2871 3431 3092 3504 πρώτην
3123 3429 3217 3484 τοῦ
3241 3431 3489 3503 Σωτῆρος
3514 3429 3816 3500 παρουσίαν
3839 3443 3854 3457 ·

2293 3528 2373 3580 διὸ
2413 3527 2505 3580 καὶ
2533 3527 2632 3596 τὴν
2657 3525 2912 3596 δευτέραν
2941 3523 3033 3577 καὶ
3078 3522 3281 3588 ἔνδοξον
3327 3521 3491 3576 αὑτοῦ
3526 3521 3672 3586 θέαν,
3702 3520 3766 3573 τό
3799 3535 3860 3574 τι

2297 3620 2426 3689 ὕψος
2458 3617 2621 3673 αὐτοῦ
2648 3617 2930 3689 θεωρήσει.

2371 3819 2388 3851 ι
2428 3797 2724 3869 Ἰσχύσατε,
2768 3802 2943 3870 χεῖρες
2990 3799 3290 3870 ἀνειμέναι,
3333 3799 3426 3852 καὶ
3452 3799 3651 3867 γόνατα
3678 3812 3859 3869 παραν-

2293 3890 2577 3961 λελυμένα,
2609 3891 3038 3961 παρακαλέσατε·
3069 3910 3087 3942 ι
3123 3891 3213 3944 τοῦ
3241 3889 3397 3958 λόγου
3422 3886 3861 3959 παρακελευομέ-

2295 3991 2384 4037 tu
2432 3984 2542 4044 τοῖς
2583 3981 2676 4033 τοῦ
2709 3980 2956 4052 Σωτῆρος
3001 3981 3158 4052 ἡμῶν
3189 3982 3452 4052 μαθηταῖς
3485 3997 3543 4032 τε
3589 3981 3682 4033 καὶ
3723 3981 3860 4033 dm-

2298 4073 2498 4135 στόλοις
2529 4073 2793 4143 ἐνισχύειν
2820 4072 2916 4137 τὰς
2961 4073 3294 4144 παρειμένας
3325 4075 3381 4124 ἐν
3406 4075 3517 4134 τοῖς
3552 4071 3725 4124 ἔθνεσι
3752 4070 3858 4140 ψυρ

2297 4163 2416 4234 χὰς,
2443 4165 2537 4216 καὶ
2567 4164 2634 4217 τὰ
2666 4165 2774 4216 τῶν
2808 4164 3182 4234 ὴσθενηκότων
3215 4164 3416 4231 γόνατα
3441 4162 3748 4234 κρατύνειν.

2371 4272 2388 4302 ε
2412 4255 2474 4306 Οί
2495 4253 2800 4323 ὀλιγόψυχοι
2824 4255 2889 4323 τῆ
2915 4254 3140 4325 διανοίᾳ,
3176 4254 3449 4323 ἰσχύσατε,
3478 4253 3551 4322 μὴ
3584 4250 3860 4320 φοϐεῖσθε.

2311 4346 2437 4398 Ἰδοὺ
2490 4349 2517 4398 6
2561 4346 2692 4409 Θεὸς
2749 4346 2897 4415 ὑμῶν
2937 4347 3115 4416 κρίσιν
3160 4347 3543 4399 ἀνταποδίδωσι
3595 4347 3687 4398 καὶ
3732 4347 3863 4399 άντ-

2298 4435 2580 4488 αποδώσει·
2617 4435 2776 4497 αὐτὸς
2809 4435 2946 4505 ἥξει,
2986 4436 3077 4487 καὶ
3121 4435 3280 4486 σώσει
3316 4435 3482 4504 ἡμᾶς.
3510 4452 3528 4484 ι
3584 4432 3699 4486 Κᾶν
3749 4433 3864 4506 γὰρ

2295 4526 2527 4579 διώκωσί
2570 4543 2711 4589 τινες
2735 4527 3097 4594 ἀπειλοῦντες,
3133 4526 3226 4578 καὶ
3259 4526 3455 4592 φόϐους
3487 4526 3862 4596 ἐμποιοῦντες,

2295 4616 2472 4677 αίκίας
2517 4633 2575 4667 τε
2603 4617 2697 4668 καὶ
2734 4615 2994 4684 βασάνους
3027 4616 3317 4681 ἐπάγοντες
3342 4632 3354 4644 ·
3392 4616 3504 4668 ἀλλ’
3539 4617 3713 4684 ὑμεῖς,
3749 4634 3860 4688 φη-

2297 4701 2401 4762 o‘tv,
2428 4702 2479 4753 οἵ
2504 4719 2631 4753 ποτε
2662 4702 2965 4771 ὀλιγόψυχοι
2984 4743 2997 4764 ,
3036 4703 3214 4771 ἰσχύος
3244 4721 3301 4756 τε
3336 4705 3428 4756 καὶ
3453 4705 3731 4774 δυνάμεως
3763 4725 3861 4777 με·

2291 4791 2736 4860 ταλαμϐάνοντες,
2787 4793 2859 4862 μὴ
2905 4793 3172 4860 φοϐεῖσθε,
3211 4795 3422 4864 ἔχοντες
3465 4796 3554 4848 τὸν
3593 4798 3859 4869 ὑμέτερον

2288 4880 2373 4934 διὰ
2409 4884 2606 4946 παντὸς
2657 4885 2783 4951 ὑμῖν
2833 4884 3052 4936 συνόντα
3095 4885 3242 4937 Θεὸν.
3293 4887 3473 4942 Ταῦτα
3512 4889 3686 4941 τοίνυν
3727 4908 3860 4944 παι⁴

2293 4973 2584 5037 δευθέντες,
2635 4977 2789 5045 ὑμεῖς
2837 4976 2890 5028 οἵ
2935 4993 3063 5028 ποτε
3115 4977 3439 5047 ὀλιγόψυχοι,
3467 4971 3736 5049 ἰσχύσατε
3765 4983 3864 5035 καὶ

2302 5062 2374 5133 μὴ
2405 5065 2672 5130 φοϐεῖσθε.

2373 5175 2390 5204 ι
2419 5155 2547 5207 Τότε
2588 5157 3274 5229 ἀνοιχθήσονταιόφθαλμοὶ
3319 5161 3552 5230 τυφλῶν,
3600 5164 3693 5216 καὶ
3743 5159 3861 5220 ὦτα

2301 5247 2494 5314 κωφῶν
2520 5247 2838 5300 ἀκούσονται
2858 5266 2870 5279 ·
2901 5251 3018 5302 τότε
3041 5251 3243 5304 ἁλεῖται
3267 5253 3339 5315 ὡς
3365 5253 3580 5322 ἔλαφος,
3612 5257 3640 5306 ὁ
3662 5256 3854 5325 χωλὸς,

2297 5336 2388 5386 καὶ
2436 5337 2605 5407 τρανὴ
2656 5335 2803 5388 ἔσται
2833 5339 2864 5406 ἡ
2894 5338 3106 5406 γλῶσσα
3143 5340 3461 5410 μογιλάλων.
3483 5359 3500 5391 ι
3544 5342 3650 5393 Καὶ
3674 5344 3723 5394 οἱ
3750 5361 3860 5395 κω-

2298 5427 2407 5492 φοὶ,
2434 5429 2620 5494 τυφλοί
2639 5445 2696 5479 τε
2731 5429 2821 5479 καὶ
2836 5429 3054 5498 ἀνήκοοι
3080 5430 3236 5481 θείων
3260 5430 3431 5494 λόγων
3461 5431 3739 5500 πρότερον,
3758 5432 3855 5484 νῦν

2296 5516 2380 5568 διὰ
2421 5519 2516 5587 τῆς
2565 5518 2730 5570 αὐτοῦ
2775 5520 2992 5593 χάριτος
3034 5522 3392 5590 ἐπιστήμονες
3438 5521 3686 5588 γεγόνασι
3733 5526 3854 5585 ταῖς

2299 5608 2398 5661 τῶν
2430 5609 2793 5663 θεοπνεύστων
2820 5611 3011 5677 λογίων
3043 5613 3257 5675 ἀκοαῖς·
3293 5612 3424 5666 ἀλλὰ
3463 5613 3550 5665 καί¹
3583 5615 3630 5667 οἱ
3663 5629 3854 5684 παρει-
