4120 6294
212 400 299 458 δη
517 388 535 401 ’
1082 380 1585 441 COMMENTARIA
1624 378 1687 432 IN
1733 378 1783 431 IS

1886 375 1980 429 till.
2028 403 2092 413 —
2130 370 2282 427 CAP.
2326 364 2541 423 XXXV.

3338 346 3445 405 542

217 531 354 583 μενοι
383 512 481 575 τὰς
513 512 704 580 βάσεις
734 506 829 575 τῆς
864 503 1039 571 ψυχῆς
1082 499 1423 567 ἀνεπήδησαν
1458 495 1669 559 ἐλάφων
1700 492 1775 543 δί-

1886 502 2103 558 quorum
2140 484 2333 538 animus
2374 494 2592 552 gressus
2637 472 2858 529 resoluti
2901 485 2966 525 ac
3009 464 3218 523 remissi
3269 477 3445 528 erant,

2363 576 2373 583 '
2454 582 2459 583 γ
2658 565 2893 583 γ’1·-----ι
2975 558 3279 583 ΔΑΑιΑΑΙηη.
3334 557 3445 583 ..ι-ἂι.

214 625 323 676 κην,
362 608 471 667 τοῖς
502 601 688 657 αὐτῶν
716 595 1123 667 ἐξομοιωθέντες
1160 589 1520 650 διδασκάλοις·
1563 585 1654 647 οὒς
1687 603 1771 654 μι-

215 698 331 768 κροῦ
360 694 600 764 πρόσθεν
649 692 878 758 ἐλάφους
910 686 1190 755 ὠνόμασεν
1221 686 1253 751 ὴ
1301 678 1621 751 προφητεία.
1666 677 1774 729 Kal

214 792 242 860 ἡ
282 787 383 841 τῶν
425 784 737 857 μογιλάλων
763 781 1000 849 γλῶσσα,
1043 778 1109 846 ἢν
1143 774 1429 842 συνέδησεν
1473 774 1499 823 ὁ
1530 770 1772 830 Σατανᾶς

214 883 335 950 πρὸς
362 880 421 931 τὸ
458 878 533 948 μὴ
570 875 839 941 θεολογεῖν
870 871 960 924 τὸν
999 867 1170 937 ἀληθῆ
1203 864 1355 924 Θεὸν.
1400 860 1573 933 τρανά
1609 860 1772 929 φθέγ-

214 969 387 1040 γεσθαι
418 970 513 1021 καὶ
551 964 934 1036 διηρθρωμένα
977 956 1317 1030 μεμάθηκεν.
1347 951 1681 1019 Μογιλάλους
1719 950 1775 1001 δὲ

214 1064 301 1115 οὐκ
330 1060 396 1113 ἂν
422 1062 701 1129 ’ἁμάρτοις
742 1054 909 1109 εἰπὼν
940 1053 1066 1114 τοὺς
1099 1048 1249 1119 παρὰ
1298 1050 1408 1109 τοῖς
1453 1046 1634 1111 σοφοῖς
1684 1042 1774 1094 τοῦ

214 1153 392 1216 αἰῶνος
438 1151 661 1211 τούτου⁹
720 1148 875 1217 μόγις
920 1144 1050 1197 ποτὲ
1094 1140 1466 1210 τολμήσαντας
1516 1134 1674 1204 ὀρθόν
1726 1150 1775 1183 τι

215 1245 463 1316 φρονῆσαι
500 1242 600 1294 καὶ
625 1240 798 1293 εἰπεῖν
828 1238 955 1306 περὶ
984 1231 1141 1286 Θεοῦ.

280 1355 297 1387 ι
326 1336 445 1388 Ὀτι
475 1333 692 1404 ἐρράγη
724 1322 789 1381 ἐν’
809 1329 876 1398 τῇ
916 1327 1107 1396 ἐρήμῳ
1146 1322 1318 1391 ὓδωρ,
1362 1318 1452 1372 καὶ
1483 1314 1696 1386 φάραγξ
1724 1316 1778 1365 ὲν

216 1429 277 1495 γῇ
300 1423 523 1495 διψώσῃ.
558 1421 669 1474 Καὶ
701 1420 853 1471 ἔσται
884 1420 915 1488 ἡ
946 1416 1169 1487 ἄνυδρος
1204 1413 1281 1474 εἰς
1314 1411 1430 1479 ἕλη,
1468 1409 1557 1461 καὶ
1582 1410 1659 1470 εις
1684 1408 1777 1476 τὴν

214 1516 438 1585 διψῶσαν
486 1515 595 1584 γῆν
644 1514 794 1583 πηγὴ
843 1510 1030 1571 ὓδατος
1074 1506 1247 1559 ἔσται.
1301 1504 1444 1567 Ἐκεῖ
1476 1500 1778 1570 εὐφροσύνη

215 1606 421 1675 ὀρνέων,
474 1603 749 1666 ἐπαύλεις.
784 1600 1027 1670 καλάμου
1079 1598 1172 1650 καὶ
1217 1594 1334 1663 ἓλη.
1363 1613 1380 1643 ι
1432 1590 1505 1644 Τὸ
1552 1593 1650 1661 μὲν
1688 1586 1779 1641 οὖν

218 1696 380 1767 ὕδωρ,
413 1697 549 1751 αὐτὸ
580 1692 648 1767 ἦν
680 1697 855 1748 ὲκεῐνο
884 1694 946 1747 τὸ
976 1690 1069 1745 τοῦ
1114 1688 1381 1760 Ἰορδάνου
1408 1704 1420 1715 ·
1456 1686 1537 1739 διὸ
1568 1685 1781 1752 ἐλέγετο

220 1788 386 1859 μικρῷ
422 1787 663 1859 πρόσθεν
688 1805 701 1819 ·
760 1806 777 1838 ι
808 1785 916 1839 Kal
952 1782 1331 1852 άγαλλιάσεται
1360 1778 1428 1831 τά
1470 1777 1649 1847 ἔρημα
1687 1774 1778 1826 τοῦ

228 1874 500 1949 Ἰορδάνου.
530 1896 550 1930 θ
586 1879 666 1931 Δι’
698 1872 758 1930 οὗ
789 1875 880 1928 καὶ
919 1872 1160 1943 ᾐνίττετο
1187 1870 1246 1925 τὸ
1288 1868 1509 1939 λουτρὸν
1552 1866 1649 1936 τῆς
1681 1882 1786 1918 πα-

218 1969 576 2037 λιγγενεσίας,
628 1970 721 2022 καὶ
772 1967 835 2020 τὸ
890 1966 991 2035 τῆς
1036 1962 1227 2032 καινῆς
1260 1961 1530 2032 Διαθήκης
1578 1962 1780 2029 μυστή-

222 2081 348 2135 ριον
388 2072 460 2116 τα
483 2063 541 2115 δὲ
571 2061 762 2133 ῥεῖθρα
786 2061 911 2121 τοὺς
939 2055 1323 2125 εύαγγελικοὺς
1352 2052 1540 2121 ἐδήλου
1569 2050 1777 2118 λόγους.

226 2182 241 2211 ι
264 2154 608 2231 Εὸφροσύνην
634 2151 861 2223 ὀρνέων·
887 2169 905 2200 ι
937 2146 1121 2217 ψυχῶν
1146 2144 1536 2215 ὲπτερωμένων
1560 2142 1777 2211 δηλαδὴ,

222 2255 305 2307 καὶ
350 2245 766 2323 μετεωροποιῶν
789 2284 805 2307 ,
844 2243 938 2296 καὶ
981 2240 1156 2294 ἄλλων
1194 2238 1415 2309 ἡμέρων
1457 2238 1551 2289 καὶ
1592 2236 1779 2307 πράων

220 2348 314 2399 ὑπὸ
360 2344 438 2416 τῷ
493 2343 646 2412 καλῷ
700 2337 946 2411 ποιμένι-
969 2332 1352 2404 διοικουμένων
1408 2332 1481 2394 ὡς
1525 2328 1780 2382 δύνασθαι

218 2437 418 2503 λέγειν·
466 2435 711 2505 «Κύριος
749 2429 1025 2499 ποιμαίνει
1062 2444 1160 2497 με,
1204 2426 1298 2478 καὶ
1343 2422 1492 2477 οὐδέν
1530 2440 1594 2494 με
1624 2422 1778 2475 ὑστε-

219 2529 385 2599 ρήσει.
411 2545 431 2578 ι

286 2618 509 2671 «Ἔσται
539 2618 657 2669 ἐκεῖ
683 2614 800 2676 ὁδὸς
826 2612 1065 2682 καθαρὰ,
1102 2612 1197 2663 καὶ
1228 2608 1343 2671 ὁδὸς
1368 2605 1499 2674 ἁγία
1527 2605 1783 2676 κληθήσε-

219 2725 332 2763 sar
381 2709 475 2763 ul
502 2709 565 2761 οὐ
610 2708 683 2777 μὴ
715 2706 958 2776 παρέλθῃ
989 2705 1105 2757 ἐκεῖ
1130 2703 1455 2769 ἀκάθαρτος.
1486 2722 1503 2751 ι
1544 2699 1692 2768 Αὕτη
1725 2699 1781 2750 δὲ

222 2802 296 2871 εἰη
322 2800 386 2853 ἂν
426 2801 459 2870 ὴ
498 2801 787 2867 ἀπάγουσα
820 2798 912 2851 ἐπὶ
953 2798 1014 2851 τὸ
1060 2796 1453 2868 τρισμακάριον
1497 2792 1647 2854 τέλος
1682 2792 1780 2861 τῆς

222 2892 528 2963 ἐπουρανίου
562 2890 655 2943 τοῦ
700 2888 834 2943 Θεοῦ
869 2890 1093 2954 πόλεως,
1124 2890 1188 2958 ἥν
1220 2884 1488 2956 παριστὰς
1527 2887 1555 2937 ὁ
1592 2882 1782 2953 Σωτὴρ

222 2980 391 3049 ελεγεν
414 2995 427 3009 ·
453 3000 472 3033 r
497 2980 639 3049 Ἐγὼ
668 2982 782 3050 εἰμι
802 2983 835 3048 ἡ
868 2980 1005 3042 ὁδός.
1049 2998 1067 3029 ι
1100 2997 1118 3028 ι
1140 2976 1273 3031 Οὐδὲ
1324 2975 1475 3028 ἔσται
1520 2977 1634 3026 ἐκεῖ
1666 2973 1784 3035 ὁδὸς

222 3070 513 3142 ἀκάθαρτος
538 3089 551 3101 θ
589 3074 639 3124 οἱ
678 3070 735 3123 δὲ
772 3070 1158 3140 διεσπαρμένοι
1189 3067 1543 3138 πορεύσονται
1572 3066 1657 3119 ἐπ’
1688 3065 1786 3118 αύ-

224 3159 329 3229 τῆς,
360 3161 449 3213 καὶ
474 3161 535 3212 ού
587 3160 660 3230 μὴ
696 3158 1024 3229 πλανηθῶσι.
1060 3178 1077 3209 ι
1121 3158 1275 3219 Τίνες
1311 3155 1368 3208 δὲ
1404 3150 1569 3217 οὗτοι,
1604 3153 1717 3207 ἀλλ’
1748 3154 1782 3223 ἢ

226 3253 268 3302 οἱ
312 3250 471 3307 πάλαι
516 3250 954 3319 διεσκεδασμένοι
992 3248 1083 3311 τοῦ
1118 3247 1251 3301 Θεοῦ
1293 3248 1386 3301 καὶ
1438 3247 1652 3316 μακρὰν
1689 3248 1786 3315 τῆς

227 3341 465 3411 ἀληθείας
490 3342 999 3411 ἀποπλανηθέντες
1050 3335 1205 3394 Οὗτοι
1246 3339 1387 3409 γάρ,
1422 3338 1787 3407 παλινδρομή-

230 3447 403 3497 σαντες
427 3473 441 3496 ,
490 3434 586 3486 καὶ
613 3435 712 3504 τὴν
747 3431 957 3485 εὐθεῖαν
996 3432 1089 3483 xal
1121 3429 1339 3498 ἀπλανῆ
1371 3428 1487 3481 ὁδὸν
1517 3428 1788 3499 εὑρόντες,

229 3524 575 3594 πορεύσονται
607 3526 665 3577 ὲν
693 3525 854 3593 αὐτῇ.
1608 3509 1615 3518 ’

295 3638 312 3667 ι
336 3618 440 3670 Καὶ
467 3618 570 3669 οὐκ
600 3616 749 3668 ἔσται
777 3618 892 3669 ἐκεῖ
922 3614 1078 3678 λέων,
1108 3614 1228 3667 οὐδὲ
1266 3614 1375 3666 τῶν
1403 3612 1653 3683 πονηρῶν
1694 3612 1789 3681 θη-

231 3706 347 3776 ρίων
375 3708 433 3759 ού
465 3708 542 3777 μὴ
577 3706 750 3775 ἀναϐῇ
784 3707 863 3768 εἰς
893 3704 1082 3773 αὐτὴν,
1116 3703 1235 3755 οὐδὲ
1271 3702 1345 3773 μὴ
1382 3702 1575 3773 εὑρεθῇ
1605 3703 1738 3754 ἐκεῖ.
1765 3721 1783 3753 ι

232 3796 340 3860 Πῶς
367 3798 472 3869 γὰρ
511 3800 607 3850 καὶ
640 3792 751 3850 οἷόν
781 3813 841 3849 τε
867 3793 935 3866 ἦν
967 3798 1026 3847 ὲν
1052 3793 1129 3864 τῷ
1153 3794 1417 3865 εἰρηκότι,
1458 3812 1476 3843 ι
1510 3791 1649 3860 Ἐγὼ
1675 3793 1789 3862 ειμι

231 3890 262 3957 ἡ
303 3890 481 3955 όδὺς,ι
538 3889 825 3962 εὑρεθῆναί
875 3907 931 3942 τι
977 3888 1085 3942 τῶν
1134 3887 1414 3957 τοονηρῶν;
1472 3884 1605 3938 Οὐδὲ
1642 3884 1791 3947 ὀδοὺς

230 3978 390 4047 ιφεως
432 3984 527 4036 ἐπὶ
576 3983 780 4053 πέτραν
825 3981 1046 4035 δυνατὸν
1079 3975 1148 4049 ἦν
1191 3979 1368 4048 εὑρεῖν
1401 3976 1541 4029 κατὰ
1577 3976 1667 4029 τὸν
1699 3976 1792 4029 Ya-

232 4070 485 4141 λομῶντα.

297 4166 492 4221 «Ἀλλά
544 4166 899 4239 πορεύσονται
940 4166 998 4218 ὲν
1040 4162 1176 4235 αὐτῇ
1223 4164 1647 4234 λελυτρωμένοι,
1699 4164 1791 4214 καὶ

233 4258 547 4329 συνηγμένοι
593 4258 680 4309 διὰ
721 4256 923 4326 Κυρίου
951 4275 962 4285 ·
999 4274 1018 4306 ι
1057 4255 1149 4318 οὓς
1194 4254 1355 4316 αὑτὸς
1396 4252 1635 4321 δηλονότι
1672 4252 1791 4303 ἐλυ-

231 4347 462 4415 τρώσατο
488 4346 567 4415 τῷ
606 4346 718 4416 ἰδίῳ
745 4346 935 4415 αἵματι
954 4385 969 4406 ,
1001 4345 1094 4397 καί
1123 4347 1169 4396 οἱ
1205 4342 1528 4413 συνηγμένοι
1571 4341 1658 4394 διὰ
1684 4342 1792 4393 Κυ-

234 4436 359 4505 ρίου,
386 4438 499 4492 ἀλλ’
535 4439 654 4491 οὐδὲ
677 4437 765 4489 διὰ
792 4439 1090 4509 προφήτου,
1117 4436 1235 4489 οὐδὲ
1266 4435 1354 4487 διά
1384 4451 1527 4497 τινος
1560 4433 1790 4501 σπουδῆς

1870 581 1979 650 jam
2030 592 2312 633 cervorum
2363 576 2531 627 instar
2578 565 2919 626 exsilierunt,
2970 558 3283 615 doctoribus
3334 557 3448 609 suis

1874 648 2076 727 similes
2104 669 2312 730 eﬂ'ecti,
2348 680 2484 735 quos
2530 661 2689 731 paulo
2734 671 2896 726 supra
2936 664 3126 708 cervos
3164 648 3449 718 prophetia

1877 764 2104 820 vocavit.
2137 761 2425 814 Balborum
2460 766 2639 808 autem
2681 751 2882 819 lingua.
2914 759 3100 814 quam,
3145 756 3213 795 ne
3259 753 3448 793 verum

1880 858 2043 911 Deum
2070 852 2443 912 conﬁteretur,
2477 844 2828 915 colligaverat
2854 838 3113 901 Satanas,
3141 834 3286 889 clara
3316 846 3449 885 voce

1878 959 1933 1002 et
1976 946 2299 1000 articulatim
2355 942 2517 995 verba
2580 932 2934 1007 pronuntiare
2984 926 3194 984 didicit.
3252 924 3453 977 Balbos

1878 1053 2037 1109 porro
2087 1036 2397 1103 neutiquam
2432 1034 2673 1093 aberres,
2713 1027 2757 1080 si
2799 1026 2948 1079 dicas
2986 1036 3080 1076 eos
3108 1033 3230 1074 esse
3263 1033 3329 1072 ex
3358 1030 3449 1069 sa-

1878 1107 2147 1200 pientibus
2176 1128 2335 1196 hujus
2367 1122 2575 1187 saeculi,
2609 1121 2700 1190 qui
2727 1119 2816 1173 vix
2849 1114 2983 1171 recti
3015 1108 3217 1181 aliquid
3246 1110 3313 1165 de
3342 1107 3452 1161 De.

1880 1236 2114 1291 unquam
2148 1222 2348 1275 sentire
2378 1232 2440 1270 ac
2469 1214 2653 1268 dicere
2680 1213 2795 1267 ausi
2824 1217 2971 1264 sunt.

1952 1316 2117 1369 Vens.
2147 1313 2201 1366 7.
2250 1310 2421 1377 «Quia
2457 1306 2634 1375 erupit
2664 1306 2715 1358 in
2748 1306 2963 1358 deserto
3000 1312 3164 1367 aqua,
3206 1306 3264 1350 et
3299 1291 3455 1347 vallis

1882 1409 1933 1460 in
1968 1416 2113 1459 terra
2141 1401 2372 1457 sitienti.
2417 1398 2481 1452 Et
2507 1398 2611 1452 erit
2644 1396 2904 1463 iuaquosa
2936 1394 2989 1446 in
3021 1390 3263 1460 paludes,
3308 1396 3361 1441 et
3399 1386 3452 1439 in

1883 1510 2025 1553 terra
2077 1495 2283 1551 sitienti
2336 1494 2458 1547 fons
2515 1505 2670 1558 aqua:
2718 1488 2842 1543 erit.
2898 1486 2973 1541 lbi
3016 1482 3199 1538 laetitia
3247 1479 3453 1543 avium,

1885 1591 2054 1647 caulae
2096 1587 2381 1642 arundinis
2413 1594 2469 1639 et
2511 1582 2757 1653 paludes.
2785 1601 2804 1632 ι
2836 1580 2990 1648 Aqua
3019 1576 3231 1639 isthmc,
3257 1575 3325 1628 de
3351 1588 3457 1641 qua

1886 1680 2144 1749 loquitur,
2193 1674 2445 1730 Iordanis
2473 1681 2592 1727 erat
2621 1685 2637 1725 :
2678 1685 2846 1739 quare
2876 1667 3037 1735 paulo
3070 1675 3200 1720 ante
3239 1663 3457 1718 diceba-

1885 1782 1994 1828 tur.
2037 1790 2055 1823 ι
2090 1770 2155 1825 Et
2186 1767 2539 1823 exsultabunt
2574 1763 2787 1819 deserta
2814 1759 3085 1815 Iordanis.
3117 1777 3136 1810 ι
3174 1754 3293 1821 Quo
3322 1754 3460 1808 lava-

1818 1874 1860 1927 Β
1888 1880 2039 1920 crum
2087 1859 2512 1931 regenerationis
2568 1855 2983 1916 subindicabat,
3029 1865 3240 1906 necnon
3264 1846 3458 1902 Testa-

1883 1957 2047 2012 menti
2082 1955 2215 2009 Novi
2257 1952 2573 2022 mysterium
2616 1967 2631 2005 :
2682 1963 2776 2019 per
2806 1946 3006 2001 ﬂuenta
3041 1954 3249 2008 autem,
3296 1955 3459 1995 evan—

1881 2049 2081 2118 gelicos
2119 2058 2400 2099 sermones
2430 2044 2671 2097 denotat.
2710 2060 2726 2091 ι
2752 2038 2966 2093 L-etitia
3008 2038 3227 2101 avium;
3254 2053 3272 2085 l
3313 2032 3463 2086 vide-

1881 2140 2005 2194 licet
2032 2138 2337 2191 animarum
2370 2144 2753 2204 pennatarum,
2788 2142 2845 2186 et
2875 2129 3292 2191 altivolantium,
3328 2126 3462 2180 alia—

1883 2250 2111 2303 rumque
2173 2238 2579 2288 mansuetarnm
2637 2242 2703 2281 ac
2754 2227 2909 2281 bona:
2976 2220 3211 2285 indolis,
3259 2233 3380 2288 qua:
3431 2232 3461 2269 a

1883 2332 2023 2383 bono
2064 2338 2276 2399 pastore
2321 2332 2609 2395 reguntur;
2659 2331 2716 2374 ut
2763 2320 2950 2372 dicere
2983 2316 3197 2369 valeant
3231 2331 3246 2368 :
3302 2329 3320 2361 ε
3353 2310 3461 2363 Do-

1884 2421 2062 2475 minus
2090 2421 2261 2490 pascit
2294 2432 2400 2483 tne,
2429 2426 2483 2470 et
2511 2414 2648 2470 nihil
2684 2411 2813 2466 mihi
2848 2410 3023 2464 deerit
3044 2408 3113 2459 “.
3142 2426 3161 2460 ι

1953 2598 2116 2654 Vens.
2151 2598 2204 2652 8.
2256 2619 2273 2648 ε
2301 2597 2375 2652 lbi
2405 2597 2511 2650 erit
2544 2595 2628 2647 via
2669 2608 2823 2661 pura,
2865 2599 2920 2644 et
2946 2589 3029 2643 via
3070 2596 3262 2641 sancta
3295 2600 3456 2639 voca-

1883 2694 2068 2756 bitur;
2129 2701 2183 2744 et
2243 2705 2347 2743 non
2412 2686 2666 2744 transibit
2729 2683 2855 2737 illac
2906 2678 3281 2734 immundus.»
3336 2674 3463 2729 Haec

1886 2799 2015 2838 sane
2047 2784 2209 2839 fuerit
2259 2784 2374 2847 illa,
2411 2796 2531 2850 quae
2582 2778 2731 2833 ducit
2778 2777 2842 2830 ad
2881 2771 3251 2828 felicissimum
3300 2770 3461 2822 linem

1883 2878 2128 2933 cmlestis
2176 2875 2270 2929 Dei
2322 2874 2593 2936 civitatis,
2644 2884 2809 2940 quam
2859 2866 3146 2921 declarans
3198 2864 3463 2929 Servatur

1886 2970 2096 3025 dicebat
2132 2989 2145 3025 :
2200 2986 2218 3018 ι
2254 2968 2361 3037 Ego
2387 2980 2507 3020 sum
2554 2965 2636 3016 via
2664 2982 2683 3013 ι
2712 2963 2782 3018 ⁸⁷.
2837 2979 2855 3011 ι
2881 2957 3066 3027 Neque
3103 2956 3208 3009 erit
3256 2955 3325 3007 ibi
3375 2953 3462 3005 via

1887 3061 2094 3132 impura
2130 3079 2142 3113 :
2174 3061 2264 3129 qui
2302 3068 2484 3113 autem
2538 3055 2769 3124 dispersi
2814 3061 2965 3113 sunt,
3006 3047 3361 3104 ambulabunt
3408 3047 3463 3099 in

1886 3168 1972 3218 ea,
2009 3169 2184 3223 neque
2206 3153 2487 3207 errabunt.
2514 3168 2531 3201 ι
2580 3148 2809 3214 Quinam
2852 3145 2949 3207 illi,
3000 3143 3101 3196 nisi
3146 3140 3237 3209 qui
3270 3138 3397 3194 olim
3434 3155 3464 3192 ι

1838 3242 1855 3263 ³
1894 3246 2001 3301 Deo
2041 3247 2355 3317 disgregati,
2384 3261 2413 3298 a
2441 3244 2674 3296 veritate
2702 3239 2887 3309 procul
2922 3233 3352 3291 aberraverant?
3399 3231 3463 3286 lli

1891 3354 2123 3408 namque
2154 3337 2489 3407 retrogressi,
2528 3336 2852 3398 inventaque
2902 3339 3044 3384 recta
3104 3328 3345 3396 nullique
3368 3341 3463 3380 cr-

1890 3432 1998 3487 rori
2026 3431 2259 3486 obnoxia
2290 3431 2397 3493 via,
2428 3430 2479 3483 in
2512 3443 2575 3482 ea
2604 3426 2980 3481 ambulabunt.

1966 3611 2123 3665 Vens.
2151 3611 2201 3664 9.
2257 3609 2365 3662 «Et
2416 3624 2522 3662 non
2578 3607 2680 3660 erit
2736 3604 2811 3658 ibi
2841 3603 2946 3667 leo,
2999 3614 3173 3670 neque
3227 3597 3336 3652 ulla
3395 3613 3464 3651 ex

1891 3704 2047 3759 malis
2090 3703 2278 3757 bestiis
2325 3700 2579 3755 ascendet
2630 3699 2681 3752 in
2736 3712 2877 3760 eam,
2934 3709 3111 3761 neque
3159 3691 3467 3745 invenietur

1892 3796 1985 3851 ibi.
2021 3817 2039 3848 ν
2096 3796 2197 3862 Qui
2248 3794 2391 3849 enim
2423 3792 2539 3846 ﬁeri
2571 3800 2825 3860 poterat,
2878 3798 2934 3840 ut
2960 3788 3012 3840 in
3055 3800 3121 3840 eo
3144 3824 3159 3849 ,
3188 3784 3278 3852 qui
3313 3784 3470 3839 dixe-

1895 3901 1997 3956 rat,
2034 3908 2052 3939 ι
2086 3889 2195 3959 Ego
2232 3903 2349 3943 sum
2395 3887 2502 3949 via,
2534 3904 2550 3935 ι
2592 3883 2717 3936 mali
2765 3880 3046 3950 quidpiam
3088 3874 3467 3945 reperiretur?

1891 3983 2078 4051 Neque
2108 3983 2223 4034 vias
2254 3979 2522 4047 serpentis
2555 3976 2608 4028 in
2646 3984 2798 4044 petra
2832 3970 3081 4025 invenire
3112 3974 3232 4022 erat
3274 3980 3465 4020 secun-

1893 4078 2016 4131 dum
2052 4074 2420 4129 Salomonem.

1966 4168 2129 4221 Vms.
2170 4167 2257 4220 10.
2319 4165 2465 4218 «Sed
2513 4165 2563 4216 in
2613 4176 2676 4216 ea
2726 4158 3078 4213 ambulabunt
3127 4153 3383 4221 redempti
3416 4164 3472 4205 et

1893 4258 2202 4329 congregati
2265 4272 2360 4324 per
2414 4255 2739 4319 Dominum;
2773 4273 2792 4304 ι
2855 4265 2991 4319 quos
3053 4248 3307 4302 videlicet
3354 4248 3471 4314 ipse

1895 4353 2113 4421 proprio
2141 4351 2400 4419 sanguine
2440 4347 2668 4401 redemit
2702 4364 2715 4399 :
2747 4355 2802 4399 et
2844 4344 2934 4411 qui
2982 4338 3291 4409 congregati
3342 4350 3472 4391 sunt

1895 4463 1923 4498 a
1961 4446 2212 4509 Domino,
2258 4458 2363 4496 non
2410 4458 2438 4495 a
2485 4441 2774 4510 propheta,
2810 4452 2908 4491 nec
2948 4437 3179 4489 humana
3216 4430 3470 4499 quapiam

233 4527 588 4599 ἀνθρωπίνης·
619 4529 684 4582 δι’
711 4528 873 4581 αὐτοῦ
902 4528 956 4581 δὲ
977 4527 1071 4580 τοῦ
1095 4528 1300 4596 Κυρίου
1331 4529 1377 4577 οἱ
1394 4524 1783 4595 λελυτρωμὲνοι

1892 4537 2271 4599 sollicitudine,
2312 4550 2498 4587 verum
2539 4534 2628 4600 qui
2683 4532 2752 4585 ab
2786 4532 2900 4598 ipso
2934 4526 3162 4581 Domino
3205 4523 3471 4589 redempti

234 4621 315 4669 καὶ
326 4635 485 4687 συνηγ
498 4620 669 4688 μένοι,
682 4614 824 4672 οὗτοι
840 4618 1004 4689 πορεύ
1013 4634 1192 4670 σονται
1207 4617 1303 4688 τὴν
1315 4616 1640 4685 δηλωθεῖσαν
1652 4614 1765 4667 ὁδόν
1774 4654 1786 4664 .

238 4734 255 4764 ο
281 4718 379 4771 Kal
408 4720 943 4790 άποστραφήσονται,
992 4718 1085 4771 xal
1110 4717 1328 4788 ἥξουσιν
1362 4719 1442 4779 εἰς
1496 4715 1632 4768 Σιὼν
1664 4716 1777 4783 μετ’

233 4819 579 4890 εὐφροσύνης.
610 4841 627 4870 ι
663 4820 735 4873 Οὐ
762 4821 871 4891 γὰρ
902 4822 965 4890 δὴ
987 4820 1207 4872 δυνατὸν
1231 4818 1463 4871 ἐνταῦθα
1487 4817 1621 4869 Σιὼν
1650 4818 1790 4869 ὲκεί-

234 4933 319 4985 νην
333 4921 749 4991 παραδέχεσθαι,
777 4924 906 4991 περὶ
922 4918 989 4993 ἧς
1009 4923 1211 4993 εἴρητο’
1242 4942 1259 4970 ι
1286 4922 1393 4973 Kal
1410 4920 1649 4982 ἐνιαυτὸς
1677 4922 1794 4973 άντ-

234 5019 523 5083 αποδόσεως
541 5021 767 5090 κρίσεως
778 5021 1030 5074 Σιιί›ν’κα“ι¹
1042 5024 1434 5093 στραφήσονται
1449 5025 1503 5075 αἱ
1517 5024 1795 5091 φάραγγες

236 5118 387 5188 αὐτῆς
398 5123 476 5182 εἰς
505 5120 755 5185 aridam,»
776 5121 953 5175 καὶτὰ
968 5122 1173 5185 τούτοις
1195 5122 1339 5192 ἑξῆς.
1361 5126 1558 5193 Διόπερ
1583 5128 1791 5196 ἀνάγκη

235 5216 487 5288 διαφόρως
537 5222 674 5270 νοεῖν
726 5218 826 5282 τὰς
880 5222 1201 5291 ὁμωνύμους
1251 5225 1795 5293 προσαγορευομένας

238 5320 375 5375 Σιών.
406 5342 423 5374 ι
443 5322 557 5375 Kal
583 5323 884 5394 εὐφροσύνη
906 5324 1118 5389 αἰώνιος
1138 5328 1275 5397 ὑπὲρ
1301 5330 1537 5399 κεφαλῆς
1559 5332 1755 5385 αὐτῶν.
1772 5351 1790 5381 ι

239 5423 291 5473 Οἱ
317 5424 419 5494 γάρ
450 5426 674 5494 νικηταὶ
706 5424 799 5477 τοῦ
828 5426 1064 5493 μεγάλου
1093 5429 1283 5499 τούςτου
1309 5431 1515 5498 ἀγῶνος
1549 5434 1795 5502 στεφάνῳ

239 5521 557 5593 εὐφροσύνης
610 5523 982 5592 ἀναδήσυνται.
1041 5527 1203 5579 ιἘπὶ
1257 5529 1363 5599 γάρ
1408 5529 1505 5597 τῆς
1557 5530 1793 5598 κεφαλῆς

240 5622 399 5679 αὐτῶν
426 5626 631 5688 αἰνεσις
665 5626 757 5677 καὶ
800 5626 1127 5697 ἁγαλλίαμα,
1172 5632 1263 5681 καὶ
1295 5629 1594 5701 εὐφροσύνη
1634 5648 1795 5683 κατι-

296 5846 334 5875 ⁵⁶
364 5847 495 5903 l‘sal.
533 5864 676 5911 uti,
724 5849 771 5905 l.
847 5849 888 5878 "
919 5847 1070 5903 Juan.
1114 5865 1221 5916 xiv,
1260 5849 1314 5902 ὓ.

1897 4641 1947 4685 et
1990 4629 2300 4699 congregati
2352 4637 2500 4690 sunt,
2552 4626 2603 4678 hi
2649 4626 2698 4676 in
2748 4631 3043 4675 memorata
3091 4618 3171 4669 via
3224 4614 3472 4667 ambula;

1898 4726 2049 4777 bunt.
2100 4742 2117 4773 ι
2143 4723 2205 4774 Ει
2248 4731 2584 4778 avertentur.
2616 4726 2670 4771 et
2713 4717 2933 4769 venient
2968 4712 3018 4765 iu
3051 4709 3180 4763 Sion
3225 4722 3346 4761 cum
3382 4707 3471 4757 Ire-

1902 4817 2038 4868 tilia.
2072 4834 2088 4864 ι
2138 4813 2261 4866 llaec
2291 4814 2490 4881 quippe
2546 4820 2819 4877 nequeunt
2861 4809 2925 4860 de
2978 4804 3063 4857 illa
3104 4802 3272 4871 Sione
3311 4801 3471 4853 intel-

1901 4909 2013 4978 ligi,
2051 4909 2117 4961 de
2158 4922 2261 4973 qua
2307 4908 2509 4958 dictum
2559 4915 2641 4957 est
2672 4921 2697 4955 :v
2723 4920 2739 4950 ι
2774 4900 2839 4953 Et
2874 4912 3047 4950 annus
3102 4893 3473 4948 retributionis

1896 4999 2082 5066 jmlicii
2108 4999 2237 5052 Sion
2266 5016 2281 5049 ε
2309 5008 2363 5050 et
2391 5007 2781 5051 convertentur
2802 4993 2969 5045 valles
2990 4991 3107 5056 eius
3138 4989 3189 5038 in
3221 4986 3416 5055 picem,
3446 5006 3466 5035 ι

1901 5101 1955 5142 et
1982 5100 2195 5144 caetera.
2229 5087 2591 5153 Quamobrem
2630 5086 2747 5137 illas
2776 5100 2895 5151 qua:
2925 5083 3112 5135 eodem
3148 5078 3331 5131 Sionis
3379 5094 3473 5130 tm-

1904 5180 2047 5231 inine
2096 5188 2380 5240 vocantur,
2434 5177 2585 5229 vario
2637 5175 2796 5228 modo
2850 5172 3149 5239 intelligere
3190 5184 3327 5239 opus
3367 5181 3474 5221 est.

1908 5286 1925 5318 ι
1954 5269 2017 5321 Et
2043 5268 2228 5322 laetitia
2267 5268 2592 5333 sempiterna
2631 5280 2792 5333 super
2821 5273 2981 5330 caput
3019 5275 3233 5313 eorum.
3268 5278 3288 5309 ι
3340 5256 3476 5309 Nam

1904 5362 1938 5414 ii
1988 5360 2077 5428 qui
2146 5359 2199 5410 in
2252 5374 2448 5427 magno
2507 5358 2596 5411 illo
2642 5355 2945 5410 certamine
2994 5352 3233 5405 victores
3289 5359 3473 5409 erunt,

1904 5466 2103 5504 corona
2134 5451 2331 5503 latitia:
2366 5449 2741 5501 redimientur.
2787 5466 2804 5497 ι
2831 5448 2885 5498 In
2912 5445 3085 5512 capite
3116 5443 3261 5495 enim
3287 5454 3474 5494 eorum

1906 5540 2021 5593 laus
2048 5551 2104 5593 et
2148 5540 2463 5602 exsultatio,
2523 5546 2577 5591 et
2621 5538 2800 5591 laetitia
2858 5532 3281 5601 comprehendet
3328 5543 3471 5583 eos:

1906 5634 2165 5689 abscessit
2193 5632 2379 5697 dolor,
2420 5633 2635 5686 tristitia
2670 5641 2721 5687 et
2750 5629 3013 5699 gemitus;
3052 5644 3067 5676 ι
3100 5624 3352 5677 videlicet
3379 5636 3476 5675 eos
