  <div class='ocr_page' id='page_1' title='image "/cluster/home/n/w/nwhite01/storage/ocr_20150623/24/pst.000005712083/189.png"; bbox 0 0 4120 6294; ppageno 0'>
   <div class='ocr_carea' id='block_1_1' title="bbox 659 323 762 379">
    <p class='ocr_par' dir='ltr' id='par_1_1' title="bbox 659 323 762 379">
     <span class='ocr_line' id='line_1_1' title="bbox 659 323 762 379; baseline 0.019 -2"><span class='ocrx_word' id='word_1_1' title='bbox 659 323 762 379; x_wconf 74' lang='grc' dir='ltr'>5ίό</span> 
     </span>
    </p>
   </div>
   <div class='ocr_carea' id='block_1_2' title="bbox 1339 317 3190 380">
    <p class='ocr_par' dir='ltr' id='par_1_2' title="bbox 1339 317 3190 380">
     <span class='ocr_line' id='line_1_2' title="bbox 1339 317 3190 380; baseline -0.002 -5"><span class='ocrx_word' id='word_1_2' title='bbox 1339 319 1602 378; x_wconf 73' lang='grc' dir='ltr'>ευδειιιι</span> <span class='ocrx_word' id='word_1_3' title='bbox 1639 318 2111 380; x_wconf 70' lang='grc' dir='ltr'>ὒᾹΞδΔῐίΞΕΝΒΙδ</span> <span class='ocrx_word' id='word_1_4' title='bbox 2147 320 2298 378; x_wconf 79' lang='lat' dir='ltr'>OPP.</span> <span class='ocrx_word' id='word_1_5' title='bbox 2338 320 2516 376; x_wconf 75' lang='lat' dir='ltr'>PARS</span> <span class='ocrx_word' id='word_1_6' title='bbox 2552 318 2639 375; x_wconf 76' lang='lat' dir='ltr'><strong>Ill.</strong></span> <span class='ocrx_word' id='word_1_7' title='bbox 2679 349 2746 361; x_wconf 88' lang='lat'><strong>-</strong></span> <span class='ocrx_word' id='word_1_8' title='bbox 2784 317 3190 376; x_wconf 70' lang='lat' dir='ltr'>EXEGETIGA.</span> 
     </span>
    </p>
   </div>
   <div class='ocr_carea' id='block_1_3' title="bbox 3762 316 3866 371">
    <p class='ocr_par' dir='ltr' id='par_1_3' title="bbox 3762 316 3866 371">
     <span class='ocr_line' id='line_1_3' title="bbox 3762 316 3866 371; baseline 0.019 -2"><span class='ocrx_word' id='word_1_9' title='bbox 3762 316 3866 371; x_wconf 67' lang='grc' dir='ltr'>ΞΗ</span> 
     </span>
    </p>
   </div>
   <div class='ocr_carea' id='block_1_4' title="bbox 659 433 2202 511">
    <p class='ocr_par' dir='ltr' id='par_1_4' title="bbox 659 437 2196 511">
     <span class='ocr_line' id='line_1_4' title="bbox 659 437 2196 511; baseline 0.001 -18"><span class='ocrx_word' id='word_1_10' title='bbox 659 442 750 508; x_wconf 79' lang='grc' dir='ltr'>ιιιιί</span> <span class='ocrx_word' id='word_1_11' title='bbox 783 440 836 495; x_wconf 92' lang='lat' dir='ltr'>in</span> <span class='ocrx_word' id='word_1_12' title='bbox 863 437 1082 495; x_wconf 84' lang='lat' dir='ltr'><strong>salutari</strong></span> <span class='ocrx_word' id='word_1_13' title='bbox 1106 441 1217 504; x_wconf 74' lang='lat' dir='ltr'><strong>via,</strong></span> <span class='ocrx_word' id='word_1_14' title='bbox 1251 439 1382 493; x_wconf 77' lang='lat' dir='ltr'><strong>nihil</strong></span> <span class='ocrx_word' id='word_1_15' title='bbox 1412 442 1555 497; x_wconf 85' lang='lat' dir='ltr'><strong>ultro</strong></span> <span class='ocrx_word' id='word_1_16' title='bbox 1573 440 1819 511; x_wconf 84' lang='lat' dir='ltr'><strong>citroque</strong></span> <span class='ocrx_word' id='word_1_17' title='bbox 1841 440 2196 504; x_wconf 78' lang='lat' dir='ltr'><strong>dcﬂectcndo,</strong></span> 
     </span>
    </p>
   </div>
   <div class='ocr_carea' id='block_1_5' title="bbox 2304 433 3863 511">
    <p class='ocr_par' dir='ltr' id='par_1_5' title="bbox 2304 433 3863 510">
     <span class='ocr_line' id='line_1_5' title="bbox 2304 433 3863 510; baseline -0.005 -17"><span class='ocrx_word' id='word_1_18' title='bbox 2304 440 2525 510; x_wconf 74' lang='grc' dir='ltr'>λήψεται</span> <span class='ocrx_word' id='word_1_19' title='bbox 2571 439 2766 502; x_wconf 70' lang='grc' dir='ltr'>αύτούς</span> <span class='ocrx_word' id='word_1_20' title='bbox 2789 456 2802 468; x_wconf 78' lang='grc'><em>³</em></span> <span class='ocrx_word' id='word_1_21' title='bbox 2851 438 3060 508; x_wconf 79' lang='grc' dir='ltr'>ἀπέδρα</span> <span class='ocrx_word' id='word_1_22' title='bbox 3092 435 3281 508; x_wconf 81' lang='grc' dir='ltr'>ὀδύνη,</span> <span class='ocrx_word' id='word_1_23' title='bbox 3323 435 3416 490; x_wconf 79' lang='grc' dir='ltr'>καὶ</span> <span class='ocrx_word' id='word_1_24' title='bbox 3445 434 3589 505; x_wconf 82' lang='grc' dir='ltr'>λύπη</span> <span class='ocrx_word' id='word_1_25' title='bbox 3615 433 3708 487; x_wconf 78' lang='grc' dir='ltr'>καὶ</span> <span class='ocrx_word' id='word_1_26' title='bbox 3741 450 3863 486; x_wconf 64' lang='lat' dir='ltr'><strong>crta»</strong></span> 
     </span>
    </p>
   </div>
   <div class='ocr_carea' id='block_1_6' title="bbox 661 533 2199 603">
    <p class='ocr_par' dir='ltr' id='par_1_6' title="bbox 661 533 2199 603">
     <span class='ocr_line' id='line_1_6' title="bbox 661 533 2199 603; baseline -0.001 -15"><span class='ocrx_word' id='word_1_27' title='bbox 661 533 1087 596; x_wconf 77' lang='lat' dir='ltr'><strong>ambulaverunt,</strong></span> <span class='ocrx_word' id='word_1_28' title='bbox 1135 533 1364 601; x_wconf 78' lang='lat' dir='ltr'>ideoque</span> <span class='ocrx_word' id='word_1_29' title='bbox 1389 535 1456 587; x_wconf 87' lang='lat' dir='ltr'>ad</span> <span class='ocrx_word' id='word_1_30' title='bbox 1485 533 1851 589; x_wconf 73' lang='lat' dir='ltr'><strong>felicissimum</strong></span> <span class='ocrx_word' id='word_1_31' title='bbox 1879 533 2037 588; x_wconf 85' lang='lat' dir='ltr'><strong>tinem</strong></span> <span class='ocrx_word' id='word_1_32' title='bbox 2077 547 2199 603; x_wconf 85' lang='lat' dir='ltr'><strong>per-</strong></span> 
     </span>
    </p>
   </div>
   <div class='ocr_carea' id='block_1_7' title="bbox 661 613 2202 692">
    <p class='ocr_par' dir='ltr' id='par_1_7' title="bbox 661 613 2202 692">
     <span class='ocr_line' id='line_1_7' title="bbox 661 613 2202 692; baseline 0.003 -20"><span class='ocrx_word' id='word_1_33' title='bbox 661 630 972 676; x_wconf 75' lang='lat' dir='ltr'><strong>venerunt:</strong></span> <span class='ocrx_word' id='word_1_34' title='bbox 1020 613 1109 678; x_wconf 82' lang='lat' dir='ltr'>ubi</span> <span class='ocrx_word' id='word_1_35' title='bbox 1153 635 1352 678; x_wconf 91' lang='lat' dir='ltr'><strong>corona</strong></span> <span class='ocrx_word' id='word_1_36' title='bbox 1406 620 1500 675; x_wconf 85' lang='lat' dir='ltr'>Dei</span> <span class='ocrx_word' id='word_1_37' title='bbox 1558 621 1826 688; x_wconf 82' lang='lat' dir='ltr'><strong>exornati,</strong></span> <span class='ocrx_word' id='word_1_38' title='bbox 1876 624 2202 692; x_wconf 86' lang='lat' dir='ltr'><strong>sempiterna</strong></span> 
     </span>
    </p>
   </div>
   <div class='ocr_carea' id='block_1_8' title="bbox 660 709 2204 780">
    <p class='ocr_par' dir='ltr' id='par_1_8' title="bbox 660 709 2204 780">
     <span class='ocr_line' id='line_1_8' title="bbox 660 709 2204 780; baseline 0.003 -19"><span class='ocrx_word' id='word_1_39' title='bbox 660 710 765 762; x_wconf 78' lang='lat' dir='ltr'><strong>vita</strong></span> <span class='ocrx_word' id='word_1_40' title='bbox 797 709 1064 776; x_wconf 77' lang='lat' dir='ltr'>fruentur,</span> <span class='ocrx_word' id='word_1_41' title='bbox 1115 710 1168 766; x_wconf 86' lang='lat' dir='ltr'><strong>in</strong></span> <span class='ocrx_word' id='word_1_42' title='bbox 1209 724 1373 780; x_wconf 73' lang='lat' dir='ltr'><strong>regno</strong></span> <span class='ocrx_word' id='word_1_43' title='bbox 1403 710 1684 777; x_wconf 65' lang='lat' dir='ltr'><strong>calorum,</strong></span> <span class='ocrx_word' id='word_1_44' title='bbox 1727 710 1870 766; x_wconf 85' lang='lat' dir='ltr'><strong>unde</strong></span> <span class='ocrx_word' id='word_1_45' title='bbox 1901 729 1924 761; x_wconf 76' lang='grc' dir='ltr'>σ</span> <span class='ocrx_word' id='word_1_46' title='bbox 1945 711 2204 765; x_wconf 75' lang='lat' dir='ltr'>abscessit</span> 
     </span>
    </p>
   </div>
   <div class='ocr_carea' id='block_1_9' title="bbox 658 800 1225 872">
    <p class='ocr_par' dir='ltr' id='par_1_9' title="bbox 658 800 1225 872">
     <span class='ocr_line' id='line_1_9' title="bbox 658 800 1225 872; baseline 0.002 -20"><span class='ocrx_word' id='word_1_47' title='bbox 658 801 812 856; x_wconf 87' lang='lat' dir='ltr'><strong>dolor</strong></span> <span class='ocrx_word' id='word_1_48' title='bbox 841 810 896 855; x_wconf 87' lang='lat' dir='ltr'>et</span> <span class='ocrx_word' id='word_1_49' title='bbox 926 800 1174 872; x_wconf 73' lang='lat' dir='ltr'><strong>gemitus.</strong></span> <span class='ocrx_word' id='word_1_50' title='bbox 1204 819 1225 853; x_wconf 75' lang='grc' dir='ltr'>ι</span> 
     </span>
    </p>
   </div>
   <div class='ocr_carea' id='block_1_10' title="bbox 1175 973 1673 1058">
    <p class='ocr_par' dir='ltr' id='par_1_10' title="bbox 1175 973 1673 1058">
     <span class='ocr_line' id='line_1_10' title="bbox 1175 973 1673 1058; baseline 0.002 -28"><span class='ocrx_word' id='word_1_51' title='bbox 1175 973 1402 1058; x_wconf 58' lang='lat' dir='ltr'><strong>casm</strong></span> <span class='ocrx_word' id='word_1_52' title='bbox 1437 974 1673 1032; x_wconf 66' lang='lat' dir='ltr'><strong>xxx&quot;.</strong></span> 
     </span>
    </p>
   </div>
   <div class='ocr_carea' id='block_1_11' title="bbox 734 1065 2205 1136">
    <p class='ocr_par' dir='ltr' id='par_1_11' title="bbox 734 1065 2205 1136">
     <span class='ocr_line' id='line_1_11' title="bbox 734 1065 2205 1136; baseline 0.005 -22"><span class='ocrx_word' id='word_1_53' title='bbox 734 1065 892 1120; x_wconf 76' lang='lat' dir='ltr'><strong>t‘sns.</strong></span> <span class='ocrx_word' id='word_1_54' title='bbox 929 1065 1042 1120; x_wconf 64' lang='lat'><strong>1-3.</strong></span> <span class='ocrx_word' id='word_1_55' title='bbox 1085 1084 1104 1118; x_wconf 85' lang='grc' dir='ltr'>ι</span> <span class='ocrx_word' id='word_1_56' title='bbox 1141 1065 1208 1121; x_wconf 83' lang='lat' dir='ltr'><strong>Et</strong></span> <span class='ocrx_word' id='word_1_57' title='bbox 1253 1065 1452 1122; x_wconf 78' lang='lat' dir='ltr'><strong>factum</strong></span> <span class='ocrx_word' id='word_1_58' title='bbox 1502 1077 1584 1120; x_wconf 88' lang='lat' dir='ltr'>est</span> <span class='ocrx_word' id='word_1_59' title='bbox 1629 1081 1769 1122; x_wconf 86' lang='lat' dir='ltr'><strong>anno</strong></span> <span class='ocrx_word' id='word_1_60' title='bbox 1804 1066 2205 1136; x_wconf 80' lang='lat' dir='ltr'><strong>quartodecimo</strong></span> 
     </span>
    </p>
   </div>
   <div class='ocr_carea' id='block_1_12' title="bbox 661 1155 2207 1228">
    <p class='ocr_par' dir='ltr' id='par_1_12' title="bbox 661 1155 2207 1228">
     <span class='ocr_line' id='line_1_12' title="bbox 661 1155 2207 1228; baseline 0.001 -18"><span class='ocrx_word' id='word_1_61' title='bbox 661 1158 801 1226; x_wconf 71' lang='lat' dir='ltr'><strong>regis</strong></span> <span class='ocrx_word' id='word_1_62' title='bbox 841 1156 1118 1223; x_wconf 61' lang='lat' dir='ltr'><strong>Bacchis,</strong></span> <span class='ocrx_word' id='word_1_63' title='bbox 1165 1156 1408 1213; x_wconf 84' lang='lat' dir='ltr'><strong>ascendit</strong></span> <span class='ocrx_word' id='word_1_64' title='bbox 1468 1155 1851 1212; x_wconf 82' lang='lat' dir='ltr'><strong>Sennscherim</strong></span> <span class='ocrx_word' id='word_1_65' title='bbox 1901 1172 1996 1212; x_wconf 90' lang='lat' dir='ltr'>rex</span> <span class='ocrx_word' id='word_1_66' title='bbox 2041 1158 2207 1228; x_wconf 80' lang='lat' dir='ltr'><strong>Assy-</strong></span> 
     </span>
    </p>
   </div>
   <div class='ocr_carea' id='block_1_13' title="bbox 661 1247 2206 1318">
    <p class='ocr_par' dir='ltr' id='par_1_13' title="bbox 661 1247 2206 1318">
     <span class='ocr_line' id='line_1_13' title="bbox 661 1247 2206 1318; baseline 0.001 -17"><span class='ocrx_word' id='word_1_67' title='bbox 661 1250 865 1303; x_wconf 83' lang='lat' dir='ltr'><strong>riorum</strong></span> <span class='ocrx_word' id='word_1_68' title='bbox 915 1250 1178 1304; x_wconf 60' lang='lat' dir='ltr'><strong>adversus</strong></span> <span class='ocrx_word' id='word_1_69' title='bbox 1222 1249 1382 1304; x_wconf 87' lang='lat' dir='ltr'><strong>urbes</strong></span> <span class='ocrx_word' id='word_1_70' title='bbox 1429 1247 1627 1304; x_wconf 66' lang='lat' dir='ltr'><strong>Judasze</strong></span> <span class='ocrx_word' id='word_1_71' title='bbox 1661 1249 1926 1316; x_wconf 85' lang='lat' dir='ltr'><strong>munitas,</strong></span> <span class='ocrx_word' id='word_1_72' title='bbox 1969 1259 2026 1305; x_wconf 88' lang='lat' dir='ltr'>et</span> <span class='ocrx_word' id='word_1_73' title='bbox 2065 1249 2206 1318; x_wconf 82' lang='lat' dir='ltr'><strong>cepit</strong></span> 
     </span>
    </p>
   </div>
   <div class='ocr_carea' id='block_1_14' title="bbox 659 1339 2206 1411">
    <p class='ocr_par' dir='ltr' id='par_1_14' title="bbox 659 1339 2206 1411">
     <span class='ocr_line' id='line_1_14' title="bbox 659 1339 2206 1411; baseline 0 -17"><span class='ocrx_word' id='word_1_74' title='bbox 659 1355 770 1394; x_wconf 87' lang='lat' dir='ltr'><strong>cas.</strong></span> <span class='ocrx_word' id='word_1_75' title='bbox 809 1339 872 1394; x_wconf 81' lang='lat' dir='ltr'><strong>Et</strong></span> <span class='ocrx_word' id='word_1_76' title='bbox 911 1341 1056 1395; x_wconf 84' lang='lat' dir='ltr'><strong>misit</strong></span> <span class='ocrx_word' id='word_1_77' title='bbox 1086 1355 1179 1394; x_wconf 90' lang='lat' dir='ltr'>rex</span> <span class='ocrx_word' id='word_1_78' title='bbox 1207 1340 1553 1411; x_wconf 74' lang='lat' dir='ltr'>Assyriorum</span> <span class='ocrx_word' id='word_1_79' title='bbox 1597 1339 1892 1396; x_wconf 77' lang='lat' dir='ltr'><strong>Rabsacem</strong></span> <span class='ocrx_word' id='word_1_80' title='bbox 1916 1355 1984 1395; x_wconf 85' lang='lat' dir='ltr'><strong>ex</strong></span> <span class='ocrx_word' id='word_1_81' title='bbox 2013 1340 2206 1397; x_wconf 86' lang='lat' dir='ltr'><strong>Lachis</strong></span> 
     </span>
    </p>
   </div>
   <div class='ocr_carea' id='block_1_15' title="bbox 660 1427 2207 1502">
    <p class='ocr_par' dir='ltr' id='par_1_15' title="bbox 660 1427 2207 1502">
     <span class='ocr_line' id='line_1_15' title="bbox 660 1427 2207 1502; baseline 0 -18"><span class='ocrx_word' id='word_1_82' title='bbox 660 1430 713 1484; x_wconf 92' lang='lat' dir='ltr'>in</span> <span class='ocrx_word' id='word_1_83' title='bbox 747 1427 1043 1485; x_wconf 80' lang='lat' dir='ltr'>Jerusalem</span> <span class='ocrx_word' id='word_1_84' title='bbox 1079 1432 1145 1484; x_wconf 77' lang='lat' dir='ltr'>ad</span> <span class='ocrx_word' id='word_1_85' title='bbox 1170 1446 1344 1502; x_wconf 76' lang='lat' dir='ltr'><strong>regem</strong></span> <span class='ocrx_word' id='word_1_86' title='bbox 1376 1429 1665 1487; x_wconf 83' lang='lat' dir='ltr'><strong>Ezechiam</strong></span> <span class='ocrx_word' id='word_1_87' title='bbox 1696 1445 1816 1487; x_wconf 88' lang='lat' dir='ltr'>cum</span> <span class='ocrx_word' id='word_1_88' title='bbox 1841 1431 2042 1487; x_wconf 76' lang='lat' dir='ltr'><strong>virtute</strong></span> <span class='ocrx_word' id='word_1_89' title='bbox 2069 1429 2207 1486; x_wconf 86' lang='lat' dir='ltr'><strong>mul-</strong></span> 
     </span>
    </p>
   </div>
   <div class='ocr_carea' id='block_1_16' title="bbox 661 1521 2203 1592">
    <p class='ocr_par' dir='ltr' id='par_1_16' title="bbox 661 1521 2203 1592">
     <span class='ocr_line' id='line_1_16' title="bbox 661 1521 2203 1592; baseline -0.002 -15"><span class='ocrx_word' id='word_1_90' title='bbox 661 1532 737 1578; x_wconf 86' lang='lat' dir='ltr'>ta.</span> <span class='ocrx_word' id='word_1_91' title='bbox 779 1523 842 1576; x_wconf 87' lang='lat' dir='ltr'><strong>Et</strong></span> <span class='ocrx_word' id='word_1_92' title='bbox 874 1524 1023 1578; x_wconf 87' lang='lat' dir='ltr'><strong>stetit</strong></span> <span class='ocrx_word' id='word_1_93' title='bbox 1070 1523 1121 1577; x_wconf 91' lang='lat' dir='ltr'><strong>in</strong></span> <span class='ocrx_word' id='word_1_94' title='bbox 1173 1521 1491 1591; x_wconf 65' lang='lat' dir='ltr'><strong>squmductu</strong></span> <span class='ocrx_word' id='word_1_95' title='bbox 1540 1523 1763 1591; x_wconf 67' lang='lat' dir='ltr'><strong>piscinae</strong></span> <span class='ocrx_word' id='word_1_96' title='bbox 1801 1521 2116 1592; x_wconf 78' lang='lat' dir='ltr'>superioris,</span> <span class='ocrx_word' id='word_1_97' title='bbox 2151 1521 2203 1575; x_wconf 92' lang='lat' dir='ltr'>in</span> 
     </span>
    </p>
   </div>
   <div class='ocr_carea' id='block_1_17' title="bbox 660 1610 2203 1682">
    <p class='ocr_par' dir='ltr' id='par_1_17' title="bbox 660 1610 2203 1682">
     <span class='ocr_line' id='line_1_17' title="bbox 660 1610 2203 1682; baseline 0 -18"><span class='ocrx_word' id='word_1_98' title='bbox 660 1614 745 1668; x_wconf 76' lang='lat' dir='ltr'><strong>via</strong></span> <span class='ocrx_word' id='word_1_99' title='bbox 783 1615 896 1682; x_wconf 69' lang='lat' dir='ltr'><strong>agri</strong></span> <span class='ocrx_word' id='word_1_100' title='bbox 932 1613 1169 1667; x_wconf 80' lang='lat' dir='ltr'><strong>fullonis.</strong></span> <span class='ocrx_word' id='word_1_101' title='bbox 1207 1612 1272 1667; x_wconf 85' lang='lat' dir='ltr'><strong>Et</strong></span> <span class='ocrx_word' id='word_1_102' title='bbox 1300 1625 1552 1681; x_wconf 72' lang='lat' dir='ltr'><strong>egressus</strong></span> <span class='ocrx_word' id='word_1_103' title='bbox 1604 1621 1689 1667; x_wconf 84' lang='lat' dir='ltr'>est</span> <span class='ocrx_word' id='word_1_104' title='bbox 1718 1613 1786 1667; x_wconf 78' lang='lat' dir='ltr'>ad</span> <span class='ocrx_word' id='word_1_105' title='bbox 1824 1626 1946 1668; x_wconf 87' lang='lat' dir='ltr'>eum</span> <span class='ocrx_word' id='word_1_106' title='bbox 1981 1610 2203 1666; x_wconf 81' lang='lat' dir='ltr'><strong>Eliacim</strong></span> 
     </span>
    </p>
   </div>
   <div class='ocr_carea' id='block_1_18' title="bbox 662 1704 2206 1770">
    <p class='ocr_par' dir='ltr' id='par_1_18' title="bbox 662 1704 2206 1770">
     <span class='ocr_line' id='line_1_18' title="bbox 662 1704 2206 1770; baseline 0 -13"><span class='ocrx_word' id='word_1_107' title='bbox 662 1705 800 1758; x_wconf 87' lang='lat' dir='ltr'><strong>tilius</strong></span> <span class='ocrx_word' id='word_1_108' title='bbox 829 1704 1076 1768; x_wconf 68' lang='lat' dir='ltr'><strong>Chelcim,</strong></span> <span class='ocrx_word' id='word_1_109' title='bbox 1122 1713 1469 1770; x_wconf 66' lang='lat' dir='ltr'><strong>mconomu&#39;s,</strong></span> <span class='ocrx_word' id='word_1_110' title='bbox 1521 1714 1577 1760; x_wconf 90' lang='lat' dir='ltr'>et</span> <span class='ocrx_word' id='word_1_111' title='bbox 1621 1705 1852 1760; x_wconf 87' lang='lat' dir='ltr'><strong>Somnas</strong></span> <span class='ocrx_word' id='word_1_112' title='bbox 1889 1705 2100 1768; x_wconf 88' lang='lat' dir='ltr'><strong>scriba,</strong></span> <span class='ocrx_word' id='word_1_113' title='bbox 2151 1713 2206 1757; x_wconf 82' lang='lat' dir='ltr'>et</span> 
     </span>
    </p>
   </div>
   <div class='ocr_carea' id='block_1_19' title="bbox 2302 524 3869 602">
    <p class='ocr_par' dir='ltr' id='par_1_19' title="bbox 2302 524 3869 602">
     <span class='ocr_line' id='line_1_19' title="bbox 2302 524 3869 602; baseline -0.006 -17"><span class='ocrx_word' id='word_1_114' title='bbox 2302 533 2507 601; x_wconf 66' lang='grc' dir='ltr'>ναγμύς</span> <span class='ocrx_word' id='word_1_115' title='bbox 2528 547 2543 562; x_wconf 90' lang='grc'><strong>·</strong></span> <span class='ocrx_word' id='word_1_116' title='bbox 2572 551 2591 583; x_wconf 78' lang='grc' dir='ltr'>ι</span> <span class='ocrx_word' id='word_1_117' title='bbox 2626 530 2864 602; x_wconf 66' lang='grc' dir='ltr'>δηλονότι</span> <span class='ocrx_word' id='word_1_118' title='bbox 2890 531 3014 593; x_wconf 80' lang='grc' dir='ltr'>τοὺς</span> <span class='ocrx_word' id='word_1_119' title='bbox 3053 528 3152 598; x_wconf 80' lang='grc' dir='ltr'>τὴν</span> <span class='ocrx_word' id='word_1_120' title='bbox 3179 528 3440 599; x_wconf 85' lang='grc' dir='ltr'>σωτήριον</span> <span class='ocrx_word' id='word_1_121' title='bbox 3475 526 3592 578; x_wconf 79' lang='grc' dir='ltr'>δδὺν</span> <span class='ocrx_word' id='word_1_122' title='bbox 3634 524 3869 587; x_wconf 85' lang='grc' dir='ltr'>ἀκλινῶς</span> 
     </span>
    </p>
   </div>
   <div class='ocr_carea' id='block_1_20' title="bbox 2303 613 3868 692">
    <p class='ocr_par' dir='ltr' id='par_1_20' title="bbox 2303 613 3868 692">
     <span class='ocr_line' id='line_1_20' title="bbox 2303 613 3868 692; baseline -0.006 -17"><span class='ocrx_word' id='word_1_123' title='bbox 2303 621 2656 692; x_wconf 78' lang='grc' dir='ltr'>βαδίσαντας,</span> <span class='ocrx_word' id='word_1_124' title='bbox 2689 620 2784 674; x_wconf 79' lang='grc' dir='ltr'>καὶ</span> <span class='ocrx_word' id='word_1_125' title='bbox 2823 620 2911 674; x_wconf 84' lang='grc' dir='ltr'>διὰ</span> <span class='ocrx_word' id='word_1_126' title='bbox 2940 617 3098 672; x_wconf 83' lang='grc' dir='ltr'>τοῦτο</span> <span class='ocrx_word' id='word_1_127' title='bbox 3128 618 3222 675; x_wconf 64' lang='grc' dir='ltr'>ἐπὶ</span> <span class='ocrx_word' id='word_1_128' title='bbox 3251 615 3312 670; x_wconf 75' lang='grc' dir='ltr'>ἰδ</span> <span class='ocrx_word' id='word_1_129' title='bbox 3343 614 3734 688; x_wconf 72' lang='grc' dir='ltr'>τρισμακάριον</span> <span class='ocrx_word' id='word_1_130' title='bbox 3779 613 3868 666; x_wconf 84' lang='grc' dir='ltr'>τέ-</span> 
     </span>
    </p>
   </div>
   <div class='ocr_carea' id='block_1_21' title="bbox 2301 702 3865 781">
    <p class='ocr_par' dir='ltr' id='par_1_21' title="bbox 2301 702 3865 781">
     <span class='ocr_line' id='line_1_21' title="bbox 2301 702 3865 781; baseline -0.006 -16"><span class='ocrx_word' id='word_1_131' title='bbox 2301 712 2390 776; x_wconf 98' lang='grc' dir='ltr'>λος</span> <span class='ocrx_word' id='word_1_132' title='bbox 2418 711 2878 781; x_wconf 72' lang='grc' dir='ltr'>καταντήσαντας·</span> <span class='ocrx_word' id='word_1_133' title='bbox 2912 712 2969 762; x_wconf 81' lang='grc' dir='ltr'>ὲν</span> <span class='ocrx_word' id='word_1_134' title='bbox 3006 702 3070 777; x_wconf 77' lang='grc' dir='ltr'>ᾧ,</span> <span class='ocrx_word' id='word_1_135' title='bbox 3089 708 3333 777; x_wconf 84' lang='grc' dir='ltr'>στεφάνῳ</span> <span class='ocrx_word' id='word_1_136' title='bbox 3358 707 3493 759; x_wconf 83' lang='grc' dir='ltr'>Θεοῦ</span> <span class='ocrx_word' id='word_1_137' title='bbox 3523 703 3865 776; x_wconf 57' lang='grc' dir='ltr'>τιμηθέντες,</span> 
     </span>
    </p>
   </div>
   <div class='ocr_carea' id='block_1_22' title="bbox 2302 792 3868 872">
    <p class='ocr_par' dir='ltr' id='par_1_22' title="bbox 2302 792 3868 872">
     <span class='ocr_line' id='line_1_22' title="bbox 2302 792 3868 872; baseline -0.005 -19"><span class='ocrx_word' id='word_1_138' title='bbox 2302 803 2399 872; x_wconf 80' lang='grc' dir='ltr'>τῆς</span> <span class='ocrx_word' id='word_1_139' title='bbox 2431 800 2651 854; x_wconf 87' lang='grc' dir='ltr'>αίωνίου</span> <span class='ocrx_word' id='word_1_140' title='bbox 2680 800 2826 871; x_wconf 77' lang='grc' dir='ltr'>ζωῆς</span> <span class='ocrx_word' id='word_1_141' title='bbox 2867 798 3260 853; x_wconf 79' lang='grc' dir='ltr'>ἀπολαύσουσιν</span> <span class='ocrx_word' id='word_1_142' title='bbox 3294 799 3352 850; x_wconf 67' lang='grc' dir='ltr'>ἐν</span> <span class='ocrx_word' id='word_1_143' title='bbox 3389 799 3457 867; x_wconf 77' lang='grc' dir='ltr'>τῇ</span> <span class='ocrx_word' id='word_1_144' title='bbox 3495 794 3599 848; x_wconf 87' lang='grc' dir='ltr'>τῶν</span> <span class='ocrx_word' id='word_1_145' title='bbox 3623 792 3868 865; x_wconf 77' lang='grc' dir='ltr'>οὐρανῶν</span> 
     </span>
    </p>
   </div>
   <div class='ocr_carea' id='block_1_23' title="bbox 2306 888 3717 965">
    <p class='ocr_par' dir='ltr' id='par_1_23' title="bbox 2306 888 3717 965">
     <span class='ocr_line' id='line_1_23' title="bbox 2306 888 3717 965; baseline -0.004 -18"><span class='ocrx_word' id='word_1_146' title='bbox 2306 892 2571 965; x_wconf 78' lang='grc' dir='ltr'>βασιλείᾳ,</span> <span class='ocrx_word' id='word_1_147' title='bbox 2603 893 2731 948; x_wconf 70' lang='grc' dir='ltr'>ἔνθα</span> <span class='ocrx_word' id='word_1_148' title='bbox 2765 912 2786 945; x_wconf 76' lang='grc' dir='ltr'>ι</span> <span class='ocrx_word' id='word_1_149' title='bbox 2811 892 3021 962; x_wconf 83' lang='grc' dir='ltr'>ἀπέδρα</span> <span class='ocrx_word' id='word_1_150' title='bbox 3047 891 3204 962; x_wconf 80' lang='grc' dir='ltr'>ὀδύνη</span> <span class='ocrx_word' id='word_1_151' title='bbox 3236 891 3329 944; x_wconf 74' lang='grc' dir='ltr'>καὶ</span> <span class='ocrx_word' id='word_1_152' title='bbox 3356 888 3671 960; x_wconf 81' lang='grc' dir='ltr'>στεναγμός.</span> <span class='ocrx_word' id='word_1_153' title='bbox 3697 907 3717 940; x_wconf 76' lang='grc' dir='ltr'>ι</span> 
     </span>
    </p>
   </div>
   <div class='ocr_carea' id='block_1_24' title="bbox 2792 983 3358 1048">
    <p class='ocr_par' dir='ltr' id='par_1_24' title="bbox 2792 983 3358 1048">
     <span class='ocr_line' id='line_1_24' title="bbox 2792 983 3358 1048; baseline -0.004 -12"><span class='ocrx_word' id='word_1_154' title='bbox 2792 983 3182 1037; x_wconf 73' lang='grc' dir='ltr'>κεφΑΑΑιοΝ</span> <span class='ocrx_word' id='word_1_155' title='bbox 3219 983 3358 1048; x_wconf 70' lang='grc' dir='ltr'>Δεῖν.</span> 
     </span>
    </p>
   </div>
   <div class='ocr_carea' id='block_1_25' title="bbox 2379 1071 3862 1144">
    <p class='ocr_par' dir='ltr' id='par_1_25' title="bbox 2379 1071 3862 1144">
     <span class='ocr_line' id='line_1_25' title="bbox 2379 1071 3862 1144; baseline -0.004 -15"><span class='ocrx_word' id='word_1_156' title='bbox 2379 1096 2398 1129; x_wconf 80' lang='grc' dir='ltr'>ι</span> <span class='ocrx_word' id='word_1_157' title='bbox 2427 1077 2537 1131; x_wconf 76' lang='lat' dir='ltr'>Kal</span> <span class='ocrx_word' id='word_1_158' title='bbox 2557 1075 2770 1144; x_wconf 73' lang='grc' dir='ltr'>ἐγένετο</span> <span class='ocrx_word' id='word_1_159' title='bbox 2797 1074 2892 1129; x_wconf 79' lang='grc' dir='ltr'>τοῦ</span> <span class='ocrx_word' id='word_1_160' title='bbox 2923 1076 2983 1128; x_wconf 85' lang='grc' dir='ltr'>ιδ’</span> <span class='ocrx_word' id='word_1_161' title='bbox 3013 1073 3164 1137; x_wconf 75' lang='grc' dir='ltr'>ἔτους</span> <span class='ocrx_word' id='word_1_162' title='bbox 3200 1073 3569 1142; x_wconf 79' lang='grc' dir='ltr'>βασιλεύοντος</span> <span class='ocrx_word' id='word_1_163' title='bbox 3597 1071 3862 1137; x_wconf 78' lang='grc' dir='ltr'>Ἐζεκίου,</span> 
     </span>
    </p>
   </div>
   <div class='ocr_carea' id='block_1_26' title="bbox 2305 1161 3865 1236">
    <p class='ocr_par' dir='ltr' id='par_1_26' title="bbox 2305 1161 3865 1236">
     <span class='ocr_line' id='line_1_26' title="bbox 2305 1161 3865 1236; baseline -0.003 -18"><span class='ocrx_word' id='word_1_164' title='bbox 2305 1165 2468 1236; x_wconf 88' lang='grc' dir='ltr'>ἀνέϐη</span> <span class='ocrx_word' id='word_1_165' title='bbox 2503 1165 2868 1236; x_wconf 75' lang='grc' dir='ltr'>Σενναχηρεὶμ</span> <span class='ocrx_word' id='word_1_166' title='bbox 2901 1163 3150 1233; x_wconf 84' lang='grc' dir='ltr'>βασιλεὺς</span> <span class='ocrx_word' id='word_1_167' title='bbox 3192 1162 3486 1233; x_wconf 81' lang='grc' dir='ltr'>’Δσσυρίων</span> <span class='ocrx_word' id='word_1_168' title='bbox 3511 1164 3603 1216; x_wconf 72' lang='grc' dir='ltr'>ἐπὶ</span> <span class='ocrx_word' id='word_1_169' title='bbox 3629 1161 3728 1225; x_wconf 86' lang='grc' dir='ltr'>τάς</span> <span class='ocrx_word' id='word_1_170' title='bbox 3765 1162 3865 1214; x_wconf 82' lang='grc' dir='ltr'>πό-</span> 
     </span>
    </p>
   </div>
   <div class='ocr_carea' id='block_1_27' title="bbox 2303 1252 3862 1328">
    <p class='ocr_par' dir='ltr' id='par_1_27' title="bbox 2303 1252 3862 1328">
     <span class='ocr_line' id='line_1_27' title="bbox 2303 1252 3862 1328; baseline -0.004 -18"><span class='ocrx_word' id='word_1_171' title='bbox 2303 1257 2416 1320; x_wconf 75' lang='grc' dir='ltr'>λεις</span> <span class='ocrx_word' id='word_1_172' title='bbox 2459 1257 2558 1328; x_wconf 81' lang='grc' dir='ltr'>τῆς</span> <span class='ocrx_word' id='word_1_173' title='bbox 2601 1255 2860 1319; x_wconf 77' lang='grc' dir='ltr'>Ἰουδαίας</span> <span class='ocrx_word' id='word_1_174' title='bbox 2898 1254 2999 1319; x_wconf 89' lang='grc' dir='ltr'>τάς</span> <span class='ocrx_word' id='word_1_175' title='bbox 3037 1255 3257 1327; x_wconf 83' lang='grc' dir='ltr'>ὀχυρὰς,</span> <span class='ocrx_word' id='word_1_176' title='bbox 3292 1255 3386 1308; x_wconf 77' lang='grc' dir='ltr'>καὶ</span> <span class='ocrx_word' id='word_1_177' title='bbox 3426 1253 3614 1308; x_wconf 75' lang='grc' dir='ltr'>ἔλαϐεν</span> <span class='ocrx_word' id='word_1_178' title='bbox 3671 1252 3862 1316; x_wconf 76' lang='grc' dir='ltr'>αὐτάς.</span> 
     </span>
    </p>
   </div>
   <div class='ocr_carea' id='block_1_28' title="bbox 2305 1344 3866 1416">
    <p class='ocr_par' dir='ltr' id='par_1_28' title="bbox 2305 1344 3866 1416">
     <span class='ocr_line' id='line_1_28' title="bbox 2305 1344 3866 1416; baseline -0.005 -12"><span class='ocrx_word' id='word_1_179' title='bbox 2305 1350 2414 1404; x_wconf 76' lang='lat' dir='ltr'><strong>Kal</strong></span> <span class='ocrx_word' id='word_1_180' title='bbox 2467 1345 2748 1402; x_wconf 85' lang='grc' dir='ltr'>ἀπέστειλε</span> <span class='ocrx_word' id='word_1_181' title='bbox 2800 1345 3049 1416; x_wconf 79' lang='grc' dir='ltr'>βασιλεὺς</span> <span class='ocrx_word' id='word_1_182' title='bbox 3100 1344 3394 1415; x_wconf 79' lang='grc' dir='ltr'>Ἀσσυρίων</span> <span class='ocrx_word' id='word_1_183' title='bbox 3429 1344 3520 1397; x_wconf 81' lang='grc' dir='ltr'>τὸν</span> <span class='ocrx_word' id='word_1_184' title='bbox 3559 1344 3866 1414; x_wconf 86' lang='grc' dir='ltr'>Ῥαϐσάκην</span> 
     </span>
    </p>
   </div>
   <div class='ocr_carea' id='block_1_29' title="bbox 2304 1434 3868 1510">
    <p class='ocr_par' dir='ltr' id='par_1_29' title="bbox 2304 1434 3868 1510">
     <span class='ocr_line' id='line_1_29' title="bbox 2304 1434 3868 1510; baseline -0.003 -17"><span class='ocrx_word' id='word_1_185' title='bbox 2304 1442 2370 1493; x_wconf 82' lang='grc' dir='ltr'>ὲκ</span> <span class='ocrx_word' id='word_1_186' title='bbox 2400 1439 2584 1510; x_wconf 83' lang='grc' dir='ltr'>Λάχης</span> <span class='ocrx_word' id='word_1_187' title='bbox 2613 1439 2691 1501; x_wconf 84' lang='grc' dir='ltr'>είς</span> <span class='ocrx_word' id='word_1_188' title='bbox 2728 1435 3076 1508; x_wconf 79' lang='grc' dir='ltr'>Ἰερουσαλὴμ</span> <span class='ocrx_word' id='word_1_189' title='bbox 3095 1436 3232 1507; x_wconf 82' lang='grc' dir='ltr'>πρὸς</span> <span class='ocrx_word' id='word_1_190' title='bbox 3250 1436 3340 1489; x_wconf 82' lang='grc' dir='ltr'>τὸν</span> <span class='ocrx_word' id='word_1_191' title='bbox 3364 1434 3585 1505; x_wconf 83' lang='grc' dir='ltr'>βασιλέα</span> <span class='ocrx_word' id='word_1_192' title='bbox 3621 1435 3868 1499; x_wconf 79' lang='grc' dir='ltr'>Ἐζεκίαν</span> 
     </span>
    </p>
   </div>
   <div class='ocr_carea' id='block_1_30' title="bbox 2309 1526 3869 1601">
    <p class='ocr_par' dir='ltr' id='par_1_30' title="bbox 2309 1526 3869 1601">
     <span class='ocr_line' id='line_1_30' title="bbox 2309 1526 3869 1601; baseline -0.002 -18"><span class='ocrx_word' id='word_1_193' title='bbox 2309 1530 2445 1601; x_wconf 85' lang='grc' dir='ltr'>μετά</span> <span class='ocrx_word' id='word_1_194' title='bbox 2480 1529 2758 1598; x_wconf 86' lang='grc' dir='ltr'>δυνάμεως</span> <span class='ocrx_word' id='word_1_195' title='bbox 2803 1527 3021 1597; x_wconf 82' lang='grc' dir='ltr'>πολλῆς.</span> <span class='ocrx_word' id='word_1_196' title='bbox 3054 1528 3161 1580; x_wconf 86' lang='lat' dir='ltr'><strong>Kal</strong></span> <span class='ocrx_word' id='word_1_197' title='bbox 3193 1526 3320 1597; x_wconf 71' lang='grc' dir='ltr'>ἔστη</span> <span class='ocrx_word' id='word_1_198' title='bbox 3363 1528 3423 1580; x_wconf 79' lang='grc' dir='ltr'>ὲν</span> <span class='ocrx_word' id='word_1_199' title='bbox 3452 1527 3530 1598; x_wconf 82' lang='grc' dir='ltr'>τῷ</span> <span class='ocrx_word' id='word_1_200' title='bbox 3563 1526 3869 1599; x_wconf 81' lang='grc' dir='ltr'>ὕδραγωγῷ</span> 
     </span>
    </p>
   </div>
   <div class='ocr_carea' id='block_1_31' title="bbox 2304 1615 3867 1692">
    <p class='ocr_par' dir='ltr' id='par_1_31' title="bbox 2304 1615 3867 1692">
     <span class='ocr_line' id='line_1_31' title="bbox 2304 1615 3867 1692; baseline -0.001 -18"><span class='ocrx_word' id='word_1_201' title='bbox 2304 1621 2402 1692; x_wconf 83' lang='grc' dir='ltr'>τῆς</span> <span class='ocrx_word' id='word_1_202' title='bbox 2438 1618 2819 1690; x_wconf 85' lang='grc' dir='ltr'>κολυμϐήθρας</span> <span class='ocrx_word' id='word_1_203' title='bbox 2861 1618 2962 1688; x_wconf 81' lang='grc' dir='ltr'>τῆς</span> <span class='ocrx_word' id='word_1_204' title='bbox 2987 1619 3100 1672; x_wconf 83' lang='grc' dir='ltr'>άνω</span> <span class='ocrx_word' id='word_1_205' title='bbox 3127 1619 3185 1670; x_wconf 81' lang='grc' dir='ltr'>ὲν</span> <span class='ocrx_word' id='word_1_206' title='bbox 3213 1620 3280 1687; x_wconf 82' lang='grc' dir='ltr'>τῇ</span> <span class='ocrx_word' id='word_1_207' title='bbox 3315 1617 3418 1688; x_wconf 78' lang='grc' dir='ltr'>ὀδῷ</span> <span class='ocrx_word' id='word_1_208' title='bbox 3447 1617 3541 1671; x_wconf 80' lang='grc' dir='ltr'>τοῦ</span> <span class='ocrx_word' id='word_1_209' title='bbox 3567 1616 3738 1689; x_wconf 77' lang='grc' dir='ltr'>ἀγροῦ</span> <span class='ocrx_word' id='word_1_210' title='bbox 3771 1615 3867 1672; x_wconf 79' lang='grc' dir='ltr'>τοῦ</span> 
     </span>
    </p>
   </div>
   <div class='ocr_carea' id='block_1_32' title="bbox 2305 1708 3870 1781">
    <p class='ocr_par' dir='ltr' id='par_1_32' title="bbox 2305 1708 3870 1781">
     <span class='ocr_line' id='line_1_32' title="bbox 2305 1708 3870 1781; baseline -0.001 -16"><span class='ocrx_word' id='word_1_211' title='bbox 2305 1712 2571 1781; x_wconf 79' lang='grc' dir='ltr'>κναφέως.</span> <span class='ocrx_word' id='word_1_212' title='bbox 2608 1711 2715 1764; x_wconf 80' lang='lat' dir='ltr'>Kal</span> <span class='ocrx_word' id='word_1_213' title='bbox 2753 1708 2940 1780; x_wconf 67' lang='grc' dir='ltr'>ἐξῆλθε</span> <span class='ocrx_word' id='word_1_214' title='bbox 2989 1709 3125 1781; x_wconf 72' lang='grc' dir='ltr'>πρὸς</span> <span class='ocrx_word' id='word_1_215' title='bbox 3174 1710 3335 1762; x_wconf 77' lang='grc' dir='ltr'>αὐτὸν</span> <span class='ocrx_word' id='word_1_216' title='bbox 3391 1709 3669 1781; x_wconf 71' lang='grc' dir='ltr'>Ἐλιακεὶμ</span> <span class='ocrx_word' id='word_1_217' title='bbox 3709 1712 3739 1764; x_wconf 94' lang='lat'>6</span> <span class='ocrx_word' id='word_1_218' title='bbox 3768 1709 3870 1764; x_wconf 73' lang='grc' dir='ltr'>τοῦ</span> 
     </span>
    </p>
   </div>
   <div class='ocr_carea' id='block_1_33' title="bbox 657 1771 2202 1871">
    <p class='ocr_par' dir='ltr' id='par_1_33' title="bbox 657 1792 2202 1864">
     <span class='ocr_line' id='line_1_33' title="bbox 657 1792 2202 1864; baseline -0.002 -15"><span class='ocrx_word' id='word_1_219' title='bbox 657 1792 821 1849; x_wconf 79' lang='lat' dir='ltr'><strong>Joach</strong></span> <span class='ocrx_word' id='word_1_220' title='bbox 849 1794 989 1848; x_wconf 83' lang='lat' dir='ltr'><strong>illius</strong></span> <span class='ocrx_word' id='word_1_221' title='bbox 1011 1794 1215 1864; x_wconf 81' lang='lat' dir='ltr'><strong>Asaph,</strong></span> <span class='ocrx_word' id='word_1_222' title='bbox 1240 1810 1268 1848; x_wconf 90' lang='lat' dir='ltr'>a</span> <span class='ocrx_word' id='word_1_223' title='bbox 1296 1795 1715 1850; x_wconf 87' lang='lat' dir='ltr'><strong>commentariis.</strong></span> <span class='ocrx_word' id='word_1_224' title='bbox 1747 1813 1767 1846; x_wconf 73' lang='grc' dir='ltr'>ι</span> <span class='ocrx_word' id='word_1_225' title='bbox 1794 1793 2054 1848; x_wconf 71' lang='lat' dir='ltr'><strong>Mirabilis</strong></span> <span class='ocrx_word' id='word_1_226' title='bbox 2075 1806 2202 1847; x_wconf 85' lang='lat' dir='ltr'><strong>sane</strong></span> 
     </span>
    </p>
   </div>
   <div class='ocr_carea' id='block_1_34' title="bbox 2304 1771 3871 1871">
    <p class='ocr_par' dir='ltr' id='par_1_34' title="bbox 2309 1771 3871 1871">
     <span class='ocr_line' id='line_1_34' title="bbox 2309 1771 3871 1871; baseline -0.002 -16"><span class='ocrx_word' id='word_1_227' title='bbox 2309 1771 2558 1866; x_wconf 70' lang='grc' dir='ltr'>Χελκίου,</span> <span class='ocrx_word' id='word_1_228' title='bbox 2585 1802 2614 1853; x_wconf 98' lang='lat'>6</span> <span class='ocrx_word' id='word_1_229' title='bbox 2637 1771 2933 1869; x_wconf 70' lang='grc' dir='ltr'>οἱκονάμος,</span> <span class='ocrx_word' id='word_1_230' title='bbox 2963 1771 3055 1852; x_wconf 60' lang='grc' dir='ltr'>καλ.</span> <span class='ocrx_word' id='word_1_231' title='bbox 3078 1799 3286 1870; x_wconf 78' lang='grc' dir='ltr'>Σομνᾶς</span> <span class='ocrx_word' id='word_1_232' title='bbox 3316 1801 3345 1852; x_wconf 90' lang='lat'>6</span> <span class='ocrx_word' id='word_1_233' title='bbox 3368 1771 3744 1871; x_wconf 71' lang='grc' dir='ltr'>γραμματεὺς,</span> <span class='ocrx_word' id='word_1_234' title='bbox 3773 1800 3871 1854; x_wconf 72' lang='grc' dir='ltr'>καὶ</span> 
     </span>
    </p>
   </div>
   <div class='ocr_carea' id='block_1_35' title="bbox 659 1883 2205 1952">
    <p class='ocr_par' dir='ltr' id='par_1_35' title="bbox 659 1883 2205 1952">
     <span class='ocr_line' id='line_1_35' title="bbox 659 1883 2205 1952; baseline -0.001 -13"><span class='ocrx_word' id='word_1_235' title='bbox 659 1899 742 1941; x_wconf 85' lang='lat' dir='ltr'><strong>est</strong></span> <span class='ocrx_word' id='word_1_236' title='bbox 771 1887 881 1940; x_wconf 74' lang='lat' dir='ltr'><strong>lia-c</strong></span> <span class='ocrx_word' id='word_1_237' title='bbox 908 1887 1130 1941; x_wconf 86' lang='lat' dir='ltr'><strong>historia</strong></span> <span class='ocrx_word' id='word_1_238' title='bbox 1154 1895 1208 1941; x_wconf 87' lang='lat' dir='ltr'><strong>et</strong></span> <span class='ocrx_word' id='word_1_239' title='bbox 1232 1885 1470 1940; x_wconf 85' lang='lat' dir='ltr'><strong>narratio</strong></span> <span class='ocrx_word' id='word_1_240' title='bbox 1493 1899 1670 1940; x_wconf 89' lang='lat' dir='ltr'><strong>rerum</strong></span> <span class='ocrx_word' id='word_1_241' title='bbox 1698 1883 1941 1938; x_wconf 67' lang='lat' dir='ltr'><strong>Ezechiae</strong></span> <span class='ocrx_word' id='word_1_242' title='bbox 1964 1892 2205 1952; x_wconf 87' lang='lat' dir='ltr'><strong>tempore</strong></span> 
     </span>
    </p>
   </div>
   <div class='ocr_carea' id='block_1_36' title="bbox 661 1976 2206 2050">
    <p class='ocr_par' dir='ltr' id='par_1_36' title="bbox 661 1976 2206 2050">
     <span class='ocr_line' id='line_1_36' title="bbox 661 1976 2206 2050; baseline -0.002 -16"><span class='ocrx_word' id='word_1_243' title='bbox 661 1991 973 2048; x_wconf 72' lang='lat' dir='ltr'><strong>gestarum:</strong></span> <span class='ocrx_word' id='word_1_244' title='bbox 1023 1994 1142 2050; x_wconf 64' lang='lat' dir='ltr'>qua</span> <span class='ocrx_word' id='word_1_245' title='bbox 1192 1981 1331 2033; x_wconf 88' lang='lat' dir='ltr'><strong>inter</strong></span> <span class='ocrx_word' id='word_1_246' title='bbox 1376 1978 1610 2047; x_wconf 83' lang='lat' dir='ltr'><strong>reliquas</strong></span> <span class='ocrx_word' id='word_1_247' title='bbox 1657 1977 1911 2032; x_wconf 84' lang='lat' dir='ltr'><strong>historias</strong></span> <span class='ocrx_word' id='word_1_248' title='bbox 1961 1977 2016 2031; x_wconf 90' lang='lat' dir='ltr'><strong>in</strong></span> <span class='ocrx_word' id='word_1_249' title='bbox 2067 1976 2206 2031; x_wconf 90' lang='lat' dir='ltr'><strong>libro</strong></span> 
     </span>
    </p>
   </div>
   <div class='ocr_carea' id='block_1_37' title="bbox 660 2059 2210 2140">
    <p class='ocr_par' dir='ltr' id='par_1_37' title="bbox 660 2059 2210 2140">
     <span class='ocr_line' id='line_1_37' title="bbox 660 2059 2210 2140; baseline 0.002 -19"><span class='ocrx_word' id='word_1_250' title='bbox 660 2080 853 2138; x_wconf 80' lang='lat' dir='ltr'><strong>quarto</strong></span> <span class='ocrx_word' id='word_1_251' title='bbox 903 2071 1105 2138; x_wconf 78' lang='lat' dir='ltr'><strong>Regum</strong></span> <span class='ocrx_word' id='word_1_252' title='bbox 1151 2080 1203 2126; x_wconf 90' lang='lat' dir='ltr'><strong>et</strong></span> <span class='ocrx_word' id='word_1_253' title='bbox 1251 2071 1303 2125; x_wconf 92' lang='lat' dir='ltr'>in</span> <span class='ocrx_word' id='word_1_254' title='bbox 1358 2059 1601 2125; x_wconf 85' lang='lat' dir='ltr'><strong>secundo</strong></span> <span class='ocrx_word' id='word_1_255' title='bbox 1638 2068 2078 2140; x_wconf 82' lang='lat' dir='ltr'><strong>Paralipomencn</strong></span> <span class='ocrx_word' id='word_1_256' title='bbox 2122 2083 2210 2124; x_wconf 84' lang='lat' dir='ltr'>re-</span> 
     </span>
    </p>
   </div>
   <div class='ocr_carea' id='block_1_38' title="bbox 659 2159 2208 2232">
    <p class='ocr_par' dir='ltr' id='par_1_38' title="bbox 659 2159 2208 2232">
     <span class='ocr_line' id='line_1_38' title="bbox 659 2159 2208 2232; baseline -0.002 -16"><span class='ocrx_word' id='word_1_257' title='bbox 659 2173 931 2217; x_wconf 86' lang='lat' dir='ltr'><strong>censetnr.</strong></span> <span class='ocrx_word' id='word_1_258' title='bbox 966 2164 1214 2217; x_wconf 80' lang='lat' dir='ltr'><strong>Attamen</strong></span> <span class='ocrx_word' id='word_1_259' title='bbox 1245 2176 1306 2216; x_wconf 87' lang='lat' dir='ltr'>ea</span> <span class='ocrx_word' id='word_1_260' title='bbox 1337 2161 1463 2217; x_wconf 84' lang='lat' dir='ltr'>huic</span> <span class='ocrx_word' id='word_1_261' title='bbox 1492 2159 1806 2232; x_wconf 87' lang='lat' dir='ltr'><strong>prophetico</strong></span> <span class='ocrx_word' id='word_1_262' title='bbox 1839 2159 1977 2216; x_wconf 89' lang='lat' dir='ltr'><strong>libro</strong></span> <span class='ocrx_word' id='word_1_263' title='bbox 2005 2160 2208 2216; x_wconf 80' lang='lat' dir='ltr'><strong>inserts</strong></span> 
     </span>
    </p>
   </div>
   <div class='ocr_carea' id='block_1_39' title="bbox 660 2252 2205 2323">
    <p class='ocr_par' dir='ltr' id='par_1_39' title="bbox 660 2252 2205 2323">
     <span class='ocr_line' id='line_1_39' title="bbox 660 2252 2205 2323; baseline 0.001 -19"><span class='ocrx_word' id='word_1_264' title='bbox 660 2254 781 2316; x_wconf 78' lang='lat' dir='ltr'><strong>fuit,</strong></span> <span class='ocrx_word' id='word_1_265' title='bbox 809 2256 932 2322; x_wconf 86' lang='lat' dir='ltr'><strong>quia</strong></span> <span class='ocrx_word' id='word_1_266' title='bbox 968 2254 1069 2308; x_wconf 86' lang='lat' dir='ltr'><strong>sub</strong></span> <span class='ocrx_word' id='word_1_267' title='bbox 1107 2254 1266 2308; x_wconf 78' lang='lat' dir='ltr'><strong>tinem</strong></span> <span class='ocrx_word' id='word_1_268' title='bbox 1308 2253 1548 2307; x_wconf 76' lang='lat' dir='ltr'><strong>historia:</strong></span> <span class='ocrx_word' id='word_1_269' title='bbox 1587 2260 1696 2307; x_wconf 88' lang='lat' dir='ltr'>tum</span> <span class='ocrx_word' id='word_1_270' title='bbox 1735 2252 2042 2323; x_wconf 86' lang='lat' dir='ltr'><strong>prophetia,</strong></span> <span class='ocrx_word' id='word_1_271' title='bbox 2095 2263 2205 2306; x_wconf 88' lang='lat' dir='ltr'>tum</span> 
     </span>
    </p>
   </div>
   <div class='ocr_carea' id='block_1_40' title="bbox 660 2344 2207 2414">
    <p class='ocr_par' dir='ltr' id='par_1_40' title="bbox 660 2344 2207 2414">
     <span class='ocr_line' id='line_1_40' title="bbox 660 2344 2207 2414; baseline 0.001 -19"><span class='ocrx_word' id='word_1_272' title='bbox 660 2358 744 2398; x_wconf 88' lang='lat' dir='ltr'>res</span> <span class='ocrx_word' id='word_1_273' title='bbox 771 2345 1008 2412; x_wconf 72' lang='lat' dir='ltr'><strong>qnmdam</strong></span> <span class='ocrx_word' id='word_1_274' title='bbox 1035 2345 1292 2400; x_wconf 87' lang='lat' dir='ltr'><strong>mirabilis</strong></span> <span class='ocrx_word' id='word_1_275' title='bbox 1316 2354 1372 2400; x_wconf 91' lang='lat' dir='ltr'><strong>et</strong></span> <span class='ocrx_word' id='word_1_276' title='bbox 1401 2345 1783 2414; x_wconf 75' lang='lat' dir='ltr'><strong>inexspectata,</strong></span> <span class='ocrx_word' id='word_1_277' title='bbox 1810 2344 2054 2399; x_wconf 64' lang='lat' dir='ltr'><strong>Ezechias</strong></span> <span class='ocrx_word' id='word_1_278' title='bbox 2078 2355 2207 2398; x_wconf 86' lang='lat' dir='ltr'><strong>tem-</strong></span> 
     </span>
    </p>
   </div>
   <div class='ocr_carea' id='block_1_41' title="bbox 661 2446 1266 2506">
    <p class='ocr_par' dir='ltr' id='par_1_41' title="bbox 661 2446 1266 2506">
     <span class='ocr_line' id='line_1_41' title="bbox 661 2446 1266 2506; baseline 0.003 -18"><span class='ocrx_word' id='word_1_279' title='bbox 661 2450 791 2501; x_wconf 86' lang='lat' dir='ltr'><strong>pore</strong></span> <span class='ocrx_word' id='word_1_280' title='bbox 820 2446 966 2506; x_wconf 76' lang='lat' dir='ltr'><strong>gesta</strong></span> <span class='ocrx_word' id='word_1_281' title='bbox 997 2446 1266 2490; x_wconf 85' lang='lat' dir='ltr'><strong>narratur.</strong></span> 
     </span>
    </p>
   </div>
   <div class='ocr_carea' id='block_1_42' title="bbox 2320 1890 3874 1963">
    <p class='ocr_par' dir='ltr' id='par_1_42' title="bbox 2320 1890 3874 1963">
     <span class='ocr_line' id='line_1_42' title="bbox 2320 1890 3874 1963; baseline -0.002 -16"><span class='ocrx_word' id='word_1_282' title='bbox 2320 1894 2477 1963; x_wconf 78' lang='grc' dir='ltr'>ἰωάχ</span> <span class='ocrx_word' id='word_1_283' title='bbox 2504 1894 2533 1945; x_wconf 93' lang='lat'>6</span> <span class='ocrx_word' id='word_1_284' title='bbox 2559 1891 2654 1945; x_wconf 79' lang='grc' dir='ltr'>τοῦ</span> <span class='ocrx_word' id='word_1_285' title='bbox 2713 1890 2904 1960; x_wconf 77' lang='grc' dir='ltr'>Ἀσάφ,</span> <span class='ocrx_word' id='word_1_286' title='bbox 2941 1891 3522 1962; x_wconf 79' lang='grc' dir='ltr'>ὖπομνηματογράφος.</span> <span class='ocrx_word' id='word_1_287' title='bbox 3547 1911 3588 1944; x_wconf 29' lang='grc' dir='ltr'>ιγ</span> <span class='ocrx_word' id='word_1_288' title='bbox 3637 1891 3874 1962; x_wconf 83' lang='grc' dir='ltr'>Ἱστορία</span> 
     </span>
    </p>
   </div>
   <div class='ocr_carea' id='block_1_43' title="bbox 2311 1981 3871 2055">
    <p class='ocr_par' dir='ltr' id='par_1_43' title="bbox 2311 1981 3871 2055">
     <span class='ocr_line' id='line_1_43' title="bbox 2311 1981 3871 2055; baseline -0.001 -19"><span class='ocrx_word' id='word_1_289' title='bbox 2311 1984 2409 2054; x_wconf 88' lang='grc' dir='ltr'>μέν</span> <span class='ocrx_word' id='word_1_290' title='bbox 2446 1985 2591 2037; x_wconf 82' lang='grc' dir='ltr'>ἐστιν</span> <span class='ocrx_word' id='word_1_291' title='bbox 2624 1985 2657 2053; x_wconf 81' lang='grc' dir='ltr'>ἡ</span> <span class='ocrx_word' id='word_1_292' title='bbox 2686 1981 3016 2054; x_wconf 77' lang='grc' dir='ltr'>προκειμένη</span> <span class='ocrx_word' id='word_1_293' title='bbox 3042 1981 3133 2034; x_wconf 81' lang='grc' dir='ltr'>καὶ</span> <span class='ocrx_word' id='word_1_294' title='bbox 3154 1981 3399 2053; x_wconf 75' lang='grc' dir='ltr'>διήγησις</span> <span class='ocrx_word' id='word_1_295' title='bbox 3425 1982 3707 2053; x_wconf 81' lang='grc' dir='ltr'>θαυμαστὴ</span> <span class='ocrx_word' id='word_1_296' title='bbox 3726 1999 3871 2055; x_wconf 85' lang='grc' dir='ltr'>πρα-</span> 
     </span>
    </p>
   </div>
   <div class='ocr_carea' id='block_1_44' title="bbox 2305 2073 3874 2145">
    <p class='ocr_par' dir='ltr' id='par_1_44' title="bbox 2305 2073 3874 2145">
     <span class='ocr_line' id='line_1_44' title="bbox 2305 2073 3874 2145; baseline -0.001 -17"><span class='ocrx_word' id='word_1_297' title='bbox 2305 2075 2530 2145; x_wconf 89' lang='grc' dir='ltr'>γμάτων</span> <span class='ocrx_word' id='word_1_298' title='bbox 2553 2074 2690 2128; x_wconf 86' lang='grc' dir='ltr'>κατά</span> <span class='ocrx_word' id='word_1_299' title='bbox 2715 2074 2841 2136; x_wconf 81' lang='grc' dir='ltr'>τοὺς</span> <span class='ocrx_word' id='word_1_300' title='bbox 2863 2075 3083 2145; x_wconf 80' lang='grc' dir='ltr'>χρόνους</span> <span class='ocrx_word' id='word_1_301' title='bbox 3111 2073 3350 2137; x_wconf 80' lang='grc' dir='ltr'>Ἐζεκίου</span> <span class='ocrx_word' id='word_1_302' title='bbox 3371 2074 3690 2145; x_wconf 68' lang='grc' dir='ltr'>γενομένωνι</span> <span class='ocrx_word' id='word_1_303' title='bbox 3724 2074 3874 2127; x_wconf 85' lang='grc' dir='ltr'>ἀνεί-</span> 
     </span>
    </p>
   </div>
   <div class='ocr_carea' id='block_1_45' title="bbox 2303 2163 3868 2238">
    <p class='ocr_par' dir='ltr' id='par_1_45' title="bbox 2303 2163 3868 2238">
     <span class='ocr_line' id='line_1_45' title="bbox 2303 2163 3868 2238; baseline 0.001 -21"><span class='ocrx_word' id='word_1_304' title='bbox 2303 2165 2506 2236; x_wconf 84' lang='grc' dir='ltr'>ληπται</span> <span class='ocrx_word' id='word_1_305' title='bbox 2535 2164 2592 2218; x_wconf 84' lang='grc' dir='ltr'>δὲ</span> <span class='ocrx_word' id='word_1_306' title='bbox 2628 2164 2763 2236; x_wconf 84' lang='grc' dir='ltr'>μετά</span> <span class='ocrx_word' id='word_1_307' title='bbox 2795 2163 2904 2217; x_wconf 88' lang='grc' dir='ltr'>τῶν</span> <span class='ocrx_word' id='word_1_308' title='bbox 2935 2163 3133 2218; x_wconf 82' lang='grc' dir='ltr'>λοιπῶν</span> <span class='ocrx_word' id='word_1_309' title='bbox 3169 2165 3417 2236; x_wconf 82' lang='grc' dir='ltr'>ἱστοριῶν</span> <span class='ocrx_word' id='word_1_310' title='bbox 3448 2167 3506 2218; x_wconf 78' lang='grc' dir='ltr'>ἐν</span> <span class='ocrx_word' id='word_1_311' title='bbox 3537 2168 3603 2237; x_wconf 81' lang='grc' dir='ltr'>τῇ</span> <span class='ocrx_word' id='word_1_312' title='bbox 3630 2166 3868 2238; x_wconf 70' lang='grc' dir='ltr'>τετάρτῃ</span> 
     </span>
    </p>
   </div>
   <div class='ocr_carea' id='block_1_46' title="bbox 2300 2254 3870 2327">
    <p class='ocr_par' dir='ltr' id='par_1_46' title="bbox 2300 2254 3870 2327">
     <span class='ocr_line' id='line_1_46' title="bbox 2300 2254 3870 2327; baseline 0.002 -20"><span class='ocrx_word' id='word_1_313' title='bbox 2300 2254 2411 2308; x_wconf 85' lang='grc' dir='ltr'>τῶν</span> <span class='ocrx_word' id='word_1_314' title='bbox 2451 2254 2762 2320; x_wconf 88' lang='grc' dir='ltr'>Βασιλειῶν,</span> <span class='ocrx_word' id='word_1_315' title='bbox 2793 2255 2887 2308; x_wconf 78' lang='grc' dir='ltr'>καὶ</span> <span class='ocrx_word' id='word_1_316' title='bbox 2924 2255 2982 2308; x_wconf 80' lang='grc' dir='ltr'>ἐν</span> <span class='ocrx_word' id='word_1_317' title='bbox 3013 2257 3079 2326; x_wconf 77' lang='grc' dir='ltr'>τῇ</span> <span class='ocrx_word' id='word_1_318' title='bbox 3130 2255 3358 2326; x_wconf 72' lang='grc' dir='ltr'>δευτέρᾳ</span> <span class='ocrx_word' id='word_1_319' title='bbox 3389 2255 3496 2308; x_wconf 91' lang='grc' dir='ltr'>τῶν</span> <span class='ocrx_word' id='word_1_320' title='bbox 3531 2257 3870 2327; x_wconf 81' lang='grc' dir='ltr'>Παραλειπο-</span> 
     </span>
    </p>
   </div>
   <div class='ocr_carea' id='block_1_47' title="bbox 2304 2338 3868 2420">
    <p class='ocr_par' dir='ltr' id='par_1_47' title="bbox 2304 2338 3868 2420">
     <span class='ocr_line' id='line_1_47' title="bbox 2304 2338 3868 2420; baseline 0.001 -24"><span class='ocrx_word' id='word_1_321' title='bbox 2304 2342 2499 2414; x_wconf 88' lang='grc' dir='ltr'>μένων.</span> <span class='ocrx_word' id='word_1_322' title='bbox 2514 2344 2702 2414; x_wconf 85' lang='grc' dir='ltr'>Ὅμως</span> <span class='ocrx_word' id='word_1_323' title='bbox 2721 2343 2766 2396; x_wconf 85' lang='grc' dir='ltr'>δ’</span> <span class='ocrx_word' id='word_1_324' title='bbox 2784 2338 2876 2397; x_wconf 80' lang='grc' dir='ltr'>οὖν</span> <span class='ocrx_word' id='word_1_325' title='bbox 2895 2343 2989 2397; x_wconf 73' lang='grc' dir='ltr'>καὶ</span> <span class='ocrx_word' id='word_1_326' title='bbox 3012 2345 3068 2396; x_wconf 78' lang='grc' dir='ltr'>ὲν</span> <span class='ocrx_word' id='word_1_327' title='bbox 3089 2346 3154 2415; x_wconf 76' lang='grc' dir='ltr'>τῇ</span> <span class='ocrx_word' id='word_1_328' title='bbox 3187 2344 3320 2415; x_wconf 90' lang='grc' dir='ltr'>μετά</span> <span class='ocrx_word' id='word_1_329' title='bbox 3340 2347 3524 2416; x_wconf 82' lang='grc' dir='ltr'>χεῖρας</span> <span class='ocrx_word' id='word_1_330' title='bbox 3556 2349 3868 2420; x_wconf 71' lang='grc' dir='ltr'>προφητικῇ</span> 
     </span>
    </p>
   </div>
   <div class='ocr_carea' id='block_1_48' title="bbox 2304 2433 3872 2506">
    <p class='ocr_par' dir='ltr' id='par_1_48' title="bbox 2304 2433 3872 2506">
     <span class='ocr_line' id='line_1_48' title="bbox 2304 2433 3872 2506; baseline 0.001 -20"><span class='ocrx_word' id='word_1_331' title='bbox 2304 2433 2468 2504; x_wconf 79' lang='grc' dir='ltr'>βίϐλῳ</span> <span class='ocrx_word' id='word_1_332' title='bbox 2488 2433 2901 2505; x_wconf 79' lang='grc' dir='ltr'>καταϐέϐληται,</span> <span class='ocrx_word' id='word_1_333' title='bbox 2918 2433 3005 2488; x_wconf 84' lang='grc' dir='ltr'>διά</span> <span class='ocrx_word' id='word_1_334' title='bbox 3024 2433 3085 2486; x_wconf 78' lang='grc' dir='ltr'>τὸ</span> <span class='ocrx_word' id='word_1_335' title='bbox 3113 2434 3444 2506; x_wconf 81' lang='grc' dir='ltr'>έμφέρεσθαι</span> <span class='ocrx_word' id='word_1_336' title='bbox 3474 2435 3610 2506; x_wconf 81' lang='grc' dir='ltr'>πρὸς</span> <span class='ocrx_word' id='word_1_337' title='bbox 3631 2437 3692 2489; x_wconf 81' lang='grc' dir='ltr'>τὸ</span> <span class='ocrx_word' id='word_1_338' title='bbox 3718 2434 3872 2500; x_wconf 81' lang='grc' dir='ltr'>τέλος</span> 
     </span>
    </p>
   </div>
   <div class='ocr_carea' id='block_1_49' title="bbox 658 2525 3872 2600">
    <p class='ocr_par' dir='ltr' id='par_1_49' title="bbox 658 2525 3872 2600">
     <span class='ocr_line' id='line_1_49' title="bbox 658 2525 3872 2600; baseline 0.001 -21"><span class='ocrx_word' id='word_1_339' title='bbox 658 2527 755 2595; x_wconf 81' lang='grc' dir='ltr'>τῆς</span> <span class='ocrx_word' id='word_1_340' title='bbox 800 2528 1035 2598; x_wconf 76' lang='grc' dir='ltr'>ἱστορίας</span> <span class='ocrx_word' id='word_1_341' title='bbox 1092 2528 1444 2599; x_wconf 74' lang='grc' dir='ltr'>προφητείαν,</span> <span class='ocrx_word' id='word_1_342' title='bbox 1504 2527 1596 2582; x_wconf 87' lang='grc' dir='ltr'>καί</span> <span class='ocrx_word' id='word_1_343' title='bbox 1636 2544 1755 2580; x_wconf 86' lang='grc' dir='ltr'>τινα</span> <span class='ocrx_word' id='word_1_344' title='bbox 1785 2525 2024 2597; x_wconf 81' lang='grc' dir='ltr'>μεγάλην</span> <span class='ocrx_word' id='word_1_345' title='bbox 2054 2526 2148 2579; x_wconf 77' lang='grc' dir='ltr'>καὶ</span> <span class='ocrx_word' id='word_1_346' title='bbox 2207 2525 2505 2597; x_wconf 80' lang='grc' dir='ltr'>παράδοξον</span> <span class='ocrx_word' id='word_1_347' title='bbox 2578 2526 2772 2598; x_wconf 76' lang='grc' dir='ltr'>πρᾶξιν</span> <span class='ocrx_word' id='word_1_348' title='bbox 2821 2525 3252 2579; x_wconf 74' lang='grc' dir='ltr'>ἐπιτελεσθεῖσαν</span> <span class='ocrx_word' id='word_1_349' title='bbox 3304 2525 3442 2581; x_wconf 88' lang='grc' dir='ltr'>κατά</span> <span class='ocrx_word' id='word_1_350' title='bbox 3485 2529 3610 2592; x_wconf 75' lang='grc' dir='ltr'>τοὺς</span> <span class='ocrx_word' id='word_1_351' title='bbox 3649 2528 3872 2600; x_wconf 80' lang='grc' dir='ltr'>χρόνους</span> 
     </span>
    </p>
   </div>
   <div class='ocr_carea' id='block_1_50' title="bbox 670 2615 928 2675">
    <p class='ocr_par' dir='ltr' id='par_1_50' title="bbox 670 2615 928 2675">
     <span class='ocr_line' id='line_1_50' title="bbox 670 2615 928 2675; baseline 0.019 -6"><span class='ocrx_word' id='word_1_352' title='bbox 670 2615 928 2675; x_wconf 79' lang='grc' dir='ltr'>Ἐζεκίου.</span> 
     </span>
    </p>
   </div>
   <div class='ocr_carea' id='block_1_51' title="bbox 729 2617 2195 2767">
    <p class='ocr_par' dir='ltr' id='par_1_51' title="bbox 729 2617 2195 2767">
     <span class='ocr_line' id='line_1_51' title="bbox 761 2618 928 2675; baseline 0.03 -6"><span class='ocrx_word' id='word_1_353' title='bbox 761 2618 928 2675; x_wconf 89' lang='grc' dir='ltr'>εκίου.</span> 
     </span>
     <span class='ocr_line' id='line_1_52' title="bbox 729 2617 2195 2767; baseline 0.002 -5"><span class='ocrx_word' id='word_1_354' title='bbox 729 2617 889 2764; x_wconf 46' lang='lat' dir='ltr'><strong>ius.</strong></span> <span class='ocrx_word' id='word_1_355' title='bbox 919 2711 972 2765; x_wconf 77' lang='grc' dir='ltr'>ι.</span> <span class='ocrx_word' id='word_1_356' title='bbox 996 2729 1014 2762; x_wconf 80' lang='grc' dir='ltr'>ι</span> <span class='ocrx_word' id='word_1_357' title='bbox 1051 2710 1118 2765; x_wconf 85' lang='grc' dir='ltr'>Ει</span> <span class='ocrx_word' id='word_1_358' title='bbox 1144 2711 1278 2766; x_wconf 93' lang='lat' dir='ltr'><strong>dixit</strong></span> <span class='ocrx_word' id='word_1_359' title='bbox 1298 2712 1377 2767; x_wconf 88' lang='lat' dir='ltr'>eis</span> <span class='ocrx_word' id='word_1_360' title='bbox 1403 2711 1704 2767; x_wconf 79' lang='lat' dir='ltr'><strong>Rabsaces:</strong></span> <span class='ocrx_word' id='word_1_361' title='bbox 1731 2710 1899 2765; x_wconf 86' lang='lat' dir='ltr'><strong>Dicite</strong></span> <span class='ocrx_word' id='word_1_362' title='bbox 1917 2709 2195 2765; x_wconf 68' lang='lat' dir='ltr'><strong>Ezechiae:</strong></span> 
     </span>
    </p>
   </div>
   <div class='ocr_carea' id='block_1_52' title="bbox 663 2800 2202 2873">
    <p class='ocr_par' dir='ltr' id='par_1_52' title="bbox 663 2800 2202 2873">
     <span class='ocr_line' id='line_1_53' title="bbox 663 2800 2202 2873; baseline 0.001 -20"><span class='ocrx_word' id='word_1_363' title='bbox 663 2800 786 2854; x_wconf 67' lang='lat' dir='ltr'><strong>llmc</strong></span> <span class='ocrx_word' id='word_1_364' title='bbox 821 2801 950 2854; x_wconf 89' lang='lat' dir='ltr'><strong>dicit</strong></span> <span class='ocrx_word' id='word_1_365' title='bbox 980 2815 1067 2856; x_wconf 91' lang='lat' dir='ltr'>rex</span> <span class='ocrx_word' id='word_1_366' title='bbox 1097 2817 1343 2870; x_wconf 80' lang='lat' dir='ltr'><strong>magnus,</strong></span> <span class='ocrx_word' id='word_1_367' title='bbox 1379 2817 1469 2856; x_wconf 83' lang='lat' dir='ltr'>rex</span> <span class='ocrx_word' id='word_1_368' title='bbox 1499 2803 1876 2873; x_wconf 80' lang='lat' dir='ltr'><strong>Assyriorum:</strong></span> <span class='ocrx_word' id='word_1_369' title='bbox 1909 2801 2046 2867; x_wconf 85' lang='lat' dir='ltr'><strong>Quid</strong></span> <span class='ocrx_word' id='word_1_370' title='bbox 2072 2815 2202 2856; x_wconf 88' lang='lat' dir='ltr'><strong>con-</strong></span> 
     </span>
    </p>
   </div>
   <div class='ocr_carea' id='block_1_53' title="bbox 2383 2704 3870 2781">
    <p class='ocr_par' dir='ltr' id='par_1_53' title="bbox 2383 2704 3870 2781">
     <span class='ocr_line' id='line_1_54' title="bbox 2383 2704 3870 2781; baseline 0 -20"><span class='ocrx_word' id='word_1_371' title='bbox 2383 2729 2400 2761; x_wconf 82' lang='grc' dir='ltr'>ι</span> <span class='ocrx_word' id='word_1_372' title='bbox 2431 2710 2541 2763; x_wconf 83' lang='lat' dir='ltr'>Kal</span> <span class='ocrx_word' id='word_1_373' title='bbox 2574 2705 2723 2761; x_wconf 75' lang='grc' dir='ltr'>εἶπεν</span> <span class='ocrx_word' id='word_1_374' title='bbox 2765 2709 2946 2770; x_wconf 84' lang='grc' dir='ltr'>αὐτοῖς</span> <span class='ocrx_word' id='word_1_375' title='bbox 2983 2705 3308 2776; x_wconf 82' lang='grc' dir='ltr'>Ῥαϐσάκης·</span> <span class='ocrx_word' id='word_1_376' title='bbox 3345 2704 3548 2760; x_wconf 75' lang='grc' dir='ltr'>Εἴπατε</span> <span class='ocrx_word' id='word_1_377' title='bbox 3615 2706 3870 2781; x_wconf 66' lang='grc' dir='ltr'>Ἑζεκίαν</span> 
     </span>
    </p>
   </div>
   <div class='ocr_carea' id='block_1_54' title="bbox 2306 2798 3868 2872">
    <p class='ocr_par' dir='ltr' id='par_1_54' title="bbox 2306 2798 3868 2872">
     <span class='ocr_line' id='line_1_55' title="bbox 2306 2798 3868 2872; baseline 0.001 -20"><span class='ocrx_word' id='word_1_378' title='bbox 2306 2800 2444 2854; x_wconf 84' lang='grc' dir='ltr'>Τάδε</span> <span class='ocrx_word' id='word_1_379' title='bbox 2471 2799 2618 2868; x_wconf 84' lang='grc' dir='ltr'>λέγει</span> <span class='ocrx_word' id='word_1_380' title='bbox 2646 2803 2674 2853; x_wconf 90' lang='lat'>6</span> <span class='ocrx_word' id='word_1_381' title='bbox 2704 2799 2951 2870; x_wconf 81' lang='grc' dir='ltr'>βασιλεὺς</span> <span class='ocrx_word' id='word_1_382' title='bbox 2972 2799 3000 2850; x_wconf 90' lang='lat'>6</span> <span class='ocrx_word' id='word_1_383' title='bbox 3027 2800 3216 2869; x_wconf 84' lang='grc' dir='ltr'>μέγας,</span> <span class='ocrx_word' id='word_1_384' title='bbox 3246 2798 3496 2869; x_wconf 82' lang='grc' dir='ltr'>βασιλεὺς</span> <span class='ocrx_word' id='word_1_385' title='bbox 3537 2800 3868 2872; x_wconf 77' lang='grc' dir='ltr'>’Δσσυρίωνο</span> 
     </span>
    </p>
   </div>
   <div class='ocr_carea' id='block_1_55' title="bbox 658 2881 2202 2963">
    <p class='ocr_par' dir='ltr' id='par_1_55' title="bbox 658 2890 2199 2963">
     <span class='ocr_line' id='line_1_56' title="bbox 658 2890 2199 2963; baseline 0.001 -20"><span class='ocrx_word' id='word_1_386' title='bbox 658 2891 819 2946; x_wconf 75' lang='lat' dir='ltr'><strong>tidis?</strong></span> <span class='ocrx_word' id='word_1_387' title='bbox 855 2909 874 2942; x_wconf 79' lang='grc' dir='ltr'>ι</span> <span class='ocrx_word' id='word_1_388' title='bbox 910 2890 1040 2944; x_wconf 80' lang='lat' dir='ltr'><strong>Nam</strong></span> <span class='ocrx_word' id='word_1_389' title='bbox 1067 2907 1162 2946; x_wconf 87' lang='lat' dir='ltr'>ceu</span> <span class='ocrx_word' id='word_1_390' title='bbox 1194 2903 1428 2960; x_wconf 84' lang='lat' dir='ltr'><strong>potestas</strong></span> <span class='ocrx_word' id='word_1_391' title='bbox 1457 2894 1698 2960; x_wconf 67' lang='lat' dir='ltr'><strong>quaedam</strong></span> <span class='ocrx_word' id='word_1_392' title='bbox 1732 2893 2043 2963; x_wconf 81' lang='lat' dir='ltr'><strong>prophetico</strong></span> <span class='ocrx_word' id='word_1_393' title='bbox 2081 2907 2199 2947; x_wconf 81' lang='lat' dir='ltr'><strong>ser-</strong></span> 
     </span>
    </p>
   </div>
   <div class='ocr_carea' id='block_1_56' title="bbox 2304 2881 3872 2963">
    <p class='ocr_par' dir='ltr' id='par_1_56' title="bbox 2305 2884 3872 2961">
     <span class='ocr_line' id='line_1_57' title="bbox 2305 2884 3872 2961; baseline 0 -19"><span class='ocrx_word' id='word_1_394' title='bbox 2305 2889 2369 2942; x_wconf 91' lang='grc' dir='ltr'>Τί</span> <span class='ocrx_word' id='word_1_395' title='bbox 2402 2888 2675 2951; x_wconf 85' lang='grc' dir='ltr'>πεποιθὼς</span> <span class='ocrx_word' id='word_1_396' title='bbox 2707 2884 2787 2954; x_wconf 80' lang='lat' dir='ltr'><strong>el;</strong></span> <span class='ocrx_word' id='word_1_397' title='bbox 2820 2907 2838 2939; x_wconf 79' lang='grc' dir='ltr'>ι</span> <span class='ocrx_word' id='word_1_398' title='bbox 2878 2888 3086 2959; x_wconf 81' lang='grc' dir='ltr'>Ὥσπερ</span> <span class='ocrx_word' id='word_1_399' title='bbox 3118 2889 3227 2957; x_wconf 86' lang='grc' dir='ltr'>γάρ</span> <span class='ocrx_word' id='word_1_400' title='bbox 3256 2906 3340 2953; x_wconf 84' lang='grc' dir='ltr'>τις</span> <span class='ocrx_word' id='word_1_401' title='bbox 3387 2889 3730 2961; x_wconf 80' lang='grc' dir='ltr'>ἀντικειμένη</span> <span class='ocrx_word' id='word_1_402' title='bbox 3774 2889 3872 2943; x_wconf 84' lang='grc' dir='ltr'>δύ-</span> 
     </span>
    </p>
   </div>
   <div class='ocr_carea' id='block_1_57' title="bbox 667 2982 2206 3048">
    <p class='ocr_par' dir='ltr' id='par_1_57' title="bbox 667 2982 2206 3048">
     <span class='ocr_line' id='line_1_58' title="bbox 667 2982 2206 3048; baseline 0 -14"><span class='ocrx_word' id='word_1_403' title='bbox 667 2984 809 3036; x_wconf 91' lang='lat' dir='ltr'><strong>moni</strong></span> <span class='ocrx_word' id='word_1_404' title='bbox 843 2983 1149 3036; x_wconf 82' lang='lat' dir='ltr'><strong>adversaria</strong></span> <span class='ocrx_word' id='word_1_405' title='bbox 1186 2983 1406 3047; x_wconf 88' lang='lat' dir='ltr'><strong>dicenti,</strong></span> <span class='ocrx_word' id='word_1_406' title='bbox 1441 2982 1563 3037; x_wconf 74' lang='lat' dir='ltr'><strong>Hmc</strong></span> <span class='ocrx_word' id='word_1_407' title='bbox 1605 2983 1737 3038; x_wconf 87' lang='lat' dir='ltr'><strong>dicit</strong></span> <span class='ocrx_word' id='word_1_408' title='bbox 1793 2983 2048 3037; x_wconf 84' lang='lat' dir='ltr'><strong>Dominus</strong></span> <span class='ocrx_word' id='word_1_409' title='bbox 2071 3021 2087 3048; x_wconf 93' lang='lat'>,</span> <span class='ocrx_word' id='word_1_410' title='bbox 2127 2983 2206 3036; x_wconf 87' lang='lat' dir='ltr'><strong>sic</strong></span> 
     </span>
    </p>
   </div>
   <div class='ocr_carea' id='block_1_58' title="bbox 655 3073 2206 3143">
    <p class='ocr_par' dir='ltr' id='par_1_58' title="bbox 655 3073 2206 3143">
     <span class='ocr_line' id='line_1_59' title="bbox 655 3073 2206 3143; baseline 0.001 -18"><span class='ocrx_word' id='word_1_411' title='bbox 655 3084 712 3126; x_wconf 82' lang='lat' dir='ltr'><strong>ct</strong></span> <span class='ocrx_word' id='word_1_412' title='bbox 755 3074 843 3128; x_wconf 87' lang='lat' dir='ltr'><strong>ille</strong></span> <span class='ocrx_word' id='word_1_413' title='bbox 886 3075 1199 3128; x_wconf 86' lang='lat' dir='ltr'><strong>clamabat:</strong></span> <span class='ocrx_word' id='word_1_414' title='bbox 1241 3094 1260 3124; x_wconf 71' lang='grc' dir='ltr'><strong>ε</strong></span> <span class='ocrx_word' id='word_1_415' title='bbox 1309 3073 1431 3128; x_wconf 70' lang='lat' dir='ltr'><strong>Haec</strong></span> <span class='ocrx_word' id='word_1_416' title='bbox 1479 3074 1608 3128; x_wconf 89' lang='lat' dir='ltr'><strong>dicit</strong></span> <span class='ocrx_word' id='word_1_417' title='bbox 1655 3089 1748 3129; x_wconf 78' lang='lat' dir='ltr'>rex</span> <span class='ocrx_word' id='word_1_418' title='bbox 1798 3088 2058 3143; x_wconf 74' lang='lat' dir='ltr'><strong>magnus,</strong></span> <span class='ocrx_word' id='word_1_419' title='bbox 2111 3087 2206 3128; x_wconf 83' lang='lat' dir='ltr'>rex</span> 
     </span>
    </p>
   </div>
   <div class='ocr_carea' id='block_1_59' title="bbox 659 3163 1078 3233">
    <p class='ocr_par' dir='ltr' id='par_1_59' title="bbox 659 3163 1078 3233">
     <span class='ocr_line' id='line_1_60' title="bbox 659 3163 1078 3233; baseline -0.002 -16"><span class='ocrx_word' id='word_1_420' title='bbox 659 3163 1021 3233; x_wconf 78' lang='lat' dir='ltr'><strong>Assyriorum.</strong></span> <span class='ocrx_word' id='word_1_421' title='bbox 1059 3183 1078 3216; x_wconf 76' lang='grc' dir='ltr'>ι</span> 
     </span>
    </p>
   </div>
   <div class='ocr_carea' id='block_1_60' title="bbox 727 3253 2206 3324">
    <p class='ocr_par' dir='ltr' id='par_1_60' title="bbox 727 3253 2206 3324">
     <span class='ocr_line' id='line_1_61' title="bbox 727 3253 2206 3324; baseline 0.003 -17"><span class='ocrx_word' id='word_1_422' title='bbox 727 3253 888 3307; x_wconf 71' lang='lat' dir='ltr'><strong>Vens.</strong></span> <span class='ocrx_word' id='word_1_423' title='bbox 920 3253 975 3319; x_wconf 89' lang='lat'>5,</span> <span class='ocrx_word' id='word_1_424' title='bbox 1005 3253 1056 3309; x_wconf 86' lang='lat'><strong>6.</strong></span> <span class='ocrx_word' id='word_1_425' title='bbox 1095 3272 1115 3306; x_wconf 84' lang='grc' dir='ltr'>ι</span> <span class='ocrx_word' id='word_1_426' title='bbox 1149 3255 1286 3310; x_wconf 85' lang='lat' dir='ltr'>Ecce</span> <span class='ocrx_word' id='word_1_427' title='bbox 1316 3257 1538 3313; x_wconf 79' lang='lat' dir='ltr'><strong>conﬁdis</strong></span> <span class='ocrx_word' id='word_1_428' title='bbox 1567 3257 1731 3324; x_wconf 67' lang='lat' dir='ltr'><strong>virgae</strong></span> <span class='ocrx_word' id='word_1_429' title='bbox 1754 3257 2058 3311; x_wconf 63' lang='lat' dir='ltr'><strong>arundinea!</strong></span> <span class='ocrx_word' id='word_1_430' title='bbox 2085 3256 2206 3312; x_wconf 90' lang='lat' dir='ltr'><strong>huic</strong></span> 
     </span>
    </p>
   </div>
   <div class='ocr_carea' id='block_1_61' title="bbox 655 3345 2204 3417">
    <p class='ocr_par' dir='ltr' id='par_1_61' title="bbox 655 3345 2204 3417">
     <span class='ocr_line' id='line_1_62' title="bbox 655 3345 2204 3417; baseline 0.004 -19"><span class='ocrx_word' id='word_1_431' title='bbox 655 3347 975 3412; x_wconf 62' lang='lat' dir='ltr'><strong>confracta,</strong></span> <span class='ocrx_word' id='word_1_432' title='bbox 1037 3345 1308 3416; x_wconf 69' lang='lat' dir='ltr'><strong>Egypto:</strong></span> <span class='ocrx_word' id='word_1_433' title='bbox 1354 3348 1438 3403; x_wconf 88' lang='lat' dir='ltr'>cui</span> <span class='ocrx_word' id='word_1_434' title='bbox 1485 3348 1529 3404; x_wconf 88' lang='lat' dir='ltr'><strong>si</strong></span> <span class='ocrx_word' id='word_1_435' title='bbox 1582 3348 1666 3403; x_wconf 79' lang='lat' dir='ltr'><strong>vir</strong></span> <span class='ocrx_word' id='word_1_436' title='bbox 1709 3349 1988 3414; x_wconf 87' lang='lat' dir='ltr'><strong>innitatur,</strong></span> <span class='ocrx_word' id='word_1_437' title='bbox 2041 3362 2204 3417; x_wconf 88' lang='lat' dir='ltr'><strong>pene-</strong></span> 
     </span>
    </p>
   </div>
   <div class='ocr_carea' id='block_1_62' title="bbox 656 3433 2205 3509">
    <p class='ocr_par' dir='ltr' id='par_1_62' title="bbox 656 3433 2205 3509">
     <span class='ocr_line' id='line_1_63' title="bbox 656 3433 2205 3509; baseline 0.005 -22"><span class='ocrx_word' id='word_1_438' title='bbox 656 3433 819 3488; x_wconf 80' lang='lat' dir='ltr'><strong>trabit</strong></span> <span class='ocrx_word' id='word_1_439' title='bbox 847 3449 1060 3489; x_wconf 90' lang='lat' dir='ltr'><strong>manum</strong></span> <span class='ocrx_word' id='word_1_440' title='bbox 1091 3437 1226 3505; x_wconf 83' lang='lat' dir='ltr'><strong>ejus.</strong></span> <span class='ocrx_word' id='word_1_441' title='bbox 1266 3437 1355 3492; x_wconf 88' lang='lat' dir='ltr'><strong>Sic</strong></span> <span class='ocrx_word' id='word_1_442' title='bbox 1401 3447 1482 3493; x_wconf 90' lang='lat' dir='ltr'>est</span> <span class='ocrx_word' id='word_1_443' title='bbox 1511 3438 1721 3493; x_wconf 85' lang='lat' dir='ltr'><strong>Pharao</strong></span> <span class='ocrx_word' id='word_1_444' title='bbox 1760 3455 1852 3493; x_wconf 91' lang='lat' dir='ltr'>rex</span> <span class='ocrx_word' id='word_1_445' title='bbox 1880 3438 2120 3509; x_wconf 69' lang='lat' dir='ltr'><strong>Egypti,</strong></span> <span class='ocrx_word' id='word_1_446' title='bbox 2151 3449 2205 3495; x_wconf 87' lang='lat' dir='ltr'><strong>et</strong></span> 
     </span>
    </p>
   </div>
   <div class='ocr_carea' id='block_1_63' title="bbox 655 3526 2203 3599">
    <p class='ocr_par' dir='ltr' id='par_1_63' title="bbox 655 3526 2203 3599">
     <span class='ocr_line' id='line_1_64' title="bbox 655 3526 2203 3599; baseline 0.005 -21"><span class='ocrx_word' id='word_1_447' title='bbox 655 3540 844 3581; x_wconf 85' lang='lat' dir='ltr'><strong>omnes</strong></span> <span class='ocrx_word' id='word_1_448' title='bbox 874 3526 966 3594; x_wconf 88' lang='lat' dir='ltr'>qui</span> <span class='ocrx_word' id='word_1_449' title='bbox 1018 3527 1292 3581; x_wconf 80' lang='lat' dir='ltr'><strong>conﬁdunt</strong></span> <span class='ocrx_word' id='word_1_450' title='bbox 1316 3529 1368 3583; x_wconf 91' lang='lat' dir='ltr'>in</span> <span class='ocrx_word' id='word_1_451' title='bbox 1407 3543 1494 3585; x_wconf 89' lang='lat' dir='ltr'>eo.</span> <span class='ocrx_word' id='word_1_452' title='bbox 1527 3547 1556 3580; x_wconf 68' lang='grc' dir='ltr'>ο</span> <span class='ocrx_word' id='word_1_453' title='bbox 1593 3529 1933 3599; x_wconf 80' lang='lat' dir='ltr'><strong>Sycophanta</strong></span> <span class='ocrx_word' id='word_1_454' title='bbox 1971 3545 2091 3585; x_wconf 91' lang='lat' dir='ltr'>cum</span> <span class='ocrx_word' id='word_1_455' title='bbox 2115 3544 2203 3585; x_wconf 84' lang='lat' dir='ltr'>es-</span> 
     </span>
    </p>
   </div>
   <div class='ocr_carea' id='block_1_64' title="bbox 654 3614 2205 3684">
    <p class='ocr_par' dir='ltr' id='par_1_64' title="bbox 654 3614 2205 3684">
     <span class='ocr_line' id='line_1_65' title="bbox 654 3614 2205 3684; baseline 0.006 -19"><span class='ocrx_word' id='word_1_456' title='bbox 654 3622 738 3669; x_wconf 83' lang='lat' dir='ltr'><strong>set</strong></span> <span class='ocrx_word' id='word_1_457' title='bbox 762 3614 1028 3679; x_wconf 89' lang='lat' dir='ltr'><strong>inimicus,</strong></span> <span class='ocrx_word' id='word_1_458' title='bbox 1053 3615 1335 3672; x_wconf 85' lang='lat' dir='ltr'><strong>Ezechiam</strong></span> <span class='ocrx_word' id='word_1_459' title='bbox 1366 3617 1796 3674; x_wconf 87' lang='lat' dir='ltr'><strong>calumniabatur</strong></span> <span class='ocrx_word' id='word_1_460' title='bbox 1825 3620 2028 3684; x_wconf 88' lang='lat' dir='ltr'><strong>dicens,</strong></span> <span class='ocrx_word' id='word_1_461' title='bbox 2063 3619 2205 3676; x_wconf 86' lang='lat' dir='ltr'><strong>Ecce</strong></span> 
     </span>
    </p>
   </div>
   <div class='ocr_carea' id='block_1_65' title="bbox 653 3703 2202 3782">
    <p class='ocr_par' dir='ltr' id='par_1_65' title="bbox 653 3703 2202 3782">
     <span class='ocr_line' id='line_1_66' title="bbox 653 3703 2202 3782; baseline 0.004 -23"><span class='ocrx_word' id='word_1_462' title='bbox 653 3704 879 3759; x_wconf 85' lang='lat' dir='ltr'><strong>conlidis</strong></span> <span class='ocrx_word' id='word_1_463' title='bbox 925 3703 1191 3777; x_wconf 66' lang='lat' dir='ltr'><strong>Egypto,</strong></span> <span class='ocrx_word' id='word_1_464' title='bbox 1236 3717 1291 3763; x_wconf 90' lang='lat' dir='ltr'><strong>et</strong></span> <span class='ocrx_word' id='word_1_465' title='bbox 1348 3706 1615 3765; x_wconf 86' lang='lat' dir='ltr'><strong>Pharaoni</strong></span> <span class='ocrx_word' id='word_1_466' title='bbox 1667 3710 1779 3782; x_wconf 74' lang='lat' dir='ltr'><strong>regi</strong></span> <span class='ocrx_word' id='word_1_467' title='bbox 1816 3709 2061 3781; x_wconf 66' lang='lat' dir='ltr'><strong>Egypti,</strong></span> <span class='ocrx_word' id='word_1_468' title='bbox 2110 3710 2202 3780; x_wconf 90' lang='lat' dir='ltr'>qui</span> 
     </span>
    </p>
   </div>
   <div class='ocr_carea' id='block_1_66' title="bbox 654 3796 2202 3875">
    <p class='ocr_par' dir='ltr' id='par_1_66' title="bbox 654 3796 2202 3875">
     <span class='ocr_line' id='line_1_67' title="bbox 654 3796 2202 3875; baseline 0.005 -26"><span class='ocrx_word' id='word_1_469' title='bbox 654 3796 940 3854; x_wconf 82' lang='lat' dir='ltr'><strong>ﬁdentibus</strong></span> <span class='ocrx_word' id='word_1_470' title='bbox 986 3799 1113 3865; x_wconf 85' lang='lat' dir='ltr'><strong>sibi,</strong></span> <span class='ocrx_word' id='word_1_471' title='bbox 1155 3809 1209 3856; x_wconf 92' lang='lat' dir='ltr'>et</span> <span class='ocrx_word' id='word_1_472' title='bbox 1250 3804 1593 3872; x_wconf 84' lang='lat' dir='ltr'><strong>sperantibus</strong></span> <span class='ocrx_word' id='word_1_473' title='bbox 1638 3804 1691 3859; x_wconf 92' lang='lat' dir='ltr'><strong>in</strong></span> <span class='ocrx_word' id='word_1_474' title='bbox 1730 3820 1824 3868; x_wconf 88' lang='lat' dir='ltr'>se.</span> <span class='ocrx_word' id='word_1_475' title='bbox 1869 3805 2060 3875; x_wconf 85' lang='lat' dir='ltr'><strong>quovis</strong></span> <span class='ocrx_word' id='word_1_476' title='bbox 2095 3805 2202 3858; x_wconf 91' lang='lat' dir='ltr'><strong>ini-</strong></span> 
     </span>
    </p>
   </div>
   <div class='ocr_carea' id='block_1_67' title="bbox 654 3891 2202 3967">
    <p class='ocr_par' dir='ltr' id='par_1_67' title="bbox 654 3891 2202 3967">
     <span class='ocr_line' id='line_1_68' title="bbox 654 3891 2202 3967; baseline 0.005 -24"><span class='ocrx_word' id='word_1_477' title='bbox 654 3891 796 3944; x_wconf 78' lang='lat' dir='ltr'><strong>mico</strong></span> <span class='ocrx_word' id='word_1_478' title='bbox 827 3891 1060 3947; x_wconf 81' lang='lat' dir='ltr'><strong>deterior</strong></span> <span class='ocrx_word' id='word_1_479' title='bbox 1088 3903 1191 3957; x_wconf 87' lang='lat' dir='ltr'><strong>est,</strong></span> <span class='ocrx_word' id='word_1_480' title='bbox 1242 3897 1486 3952; x_wconf 88' lang='lat' dir='ltr'><strong>nesciens</strong></span> <span class='ocrx_word' id='word_1_481' title='bbox 1525 3906 1677 3967; x_wconf 84' lang='lat' dir='ltr'><strong>pacta</strong></span> <span class='ocrx_word' id='word_1_482' title='bbox 1727 3912 1946 3952; x_wconf 85' lang='lat' dir='ltr'><strong>servare</strong></span> <span class='ocrx_word' id='word_1_483' title='bbox 1974 3911 2095 3950; x_wconf 91' lang='lat' dir='ltr'>cum</span> <span class='ocrx_word' id='word_1_484' title='bbox 2137 3895 2202 3950; x_wconf 91' lang='lat' dir='ltr'>iis</span> 
     </span>
    </p>
   </div>
   <div class='ocr_carea' id='block_1_68' title="bbox 653 3979 2203 4056">
    <p class='ocr_par' dir='ltr' id='par_1_68' title="bbox 653 3979 2203 4056">
     <span class='ocr_line' id='line_1_69' title="bbox 653 3979 2203 4056; baseline 0.004 -24"><span class='ocrx_word' id='word_1_485' title='bbox 653 3979 745 4044; x_wconf 83' lang='lat' dir='ltr'>qui</span> <span class='ocrx_word' id='word_1_486' title='bbox 781 3981 846 4033; x_wconf 82' lang='lat' dir='ltr'>ad</span> <span class='ocrx_word' id='word_1_487' title='bbox 891 3982 1061 4050; x_wconf 86' lang='lat' dir='ltr'><strong>ipsum</strong></span> <span class='ocrx_word' id='word_1_488' title='bbox 1099 3983 1449 4054; x_wconf 74' lang='lat' dir='ltr'><strong>confugiunt:</strong></span> <span class='ocrx_word' id='word_1_489' title='bbox 1492 4002 1660 4056; x_wconf 87' lang='lat' dir='ltr'><strong>quare</strong></span> <span class='ocrx_word' id='word_1_490' title='bbox 1709 3988 1939 4043; x_wconf 86' lang='lat' dir='ltr'><strong>similem</strong></span> <span class='ocrx_word' id='word_1_491' title='bbox 1977 3985 2052 4039; x_wconf 90' lang='lat' dir='ltr'>ait</span> <span class='ocrx_word' id='word_1_492' title='bbox 2083 4001 2203 4039; x_wconf 91' lang='lat' dir='ltr'><strong>esse</strong></span> 
     </span>
    </p>
   </div>
   <div class='ocr_carea' id='block_1_69' title="bbox 655 4070 2199 4148">
    <p class='ocr_par' dir='ltr' id='par_1_69' title="bbox 655 4070 2199 4148">
     <span class='ocr_line' id='line_1_70' title="bbox 655 4070 2199 4148; baseline 0.007 -28"><span class='ocrx_word' id='word_1_493' title='bbox 655 4070 818 4138; x_wconf 71' lang='lat' dir='ltr'><strong>virga:</strong></span> <span class='ocrx_word' id='word_1_494' title='bbox 853 4072 1071 4135; x_wconf 86' lang='lat' dir='ltr'><strong>calami,</strong></span> <span class='ocrx_word' id='word_1_495' title='bbox 1102 4089 1220 4142; x_wconf 73' lang='lat' dir='ltr'><strong>qua:</strong></span> <span class='ocrx_word' id='word_1_496' title='bbox 1256 4076 1417 4131; x_wconf 89' lang='lat' dir='ltr'><strong>simul</strong></span> <span class='ocrx_word' id='word_1_497' title='bbox 1450 4088 1640 4133; x_wconf 89' lang='lat' dir='ltr'><strong>natura</strong></span> <span class='ocrx_word' id='word_1_498' title='bbox 1675 4079 1901 4148; x_wconf 74' lang='lat' dir='ltr'><strong>fragilis,</strong></span> <span class='ocrx_word' id='word_1_499' title='bbox 1929 4089 1984 4133; x_wconf 93' lang='lat' dir='ltr'><strong>et</strong></span> <span class='ocrx_word' id='word_1_500' title='bbox 2014 4078 2080 4132; x_wconf 89' lang='lat' dir='ltr'>iis</span> <span class='ocrx_word' id='word_1_501' title='bbox 2109 4077 2199 4147; x_wconf 79' lang='lat' dir='ltr'>qui</span> 
     </span>
    </p>
   </div>
   <div class='ocr_carea' id='block_1_70' title="bbox 653 4161 1410 4227">
    <p class='ocr_par' dir='ltr' id='par_1_70' title="bbox 653 4161 1410 4227">
     <span class='ocr_line' id='line_1_71' title="bbox 653 4161 1410 4227; baseline 0.013 -13"><span class='ocrx_word' id='word_1_502' title='bbox 653 4162 752 4227; x_wconf 88' lang='lat' dir='ltr'><strong>ipsi</strong></span> <span class='ocrx_word' id='word_1_503' title='bbox 783 4161 1084 4218; x_wconf 88' lang='lat' dir='ltr'><strong>innituntur</strong></span> <span class='ocrx_word' id='word_1_504' title='bbox 1125 4167 1282 4221; x_wconf 86' lang='lat' dir='ltr'><strong>noxia</strong></span> <span class='ocrx_word' id='word_1_505' title='bbox 1307 4176 1410 4224; x_wconf 85' lang='lat' dir='ltr'><strong>est.</strong></span> 
     </span>
    </p>
   </div>
   <div class='ocr_carea' id='block_1_71' title="bbox 2304 2981 3873 3052">
    <p class='ocr_par' dir='ltr' id='par_1_71' title="bbox 2304 2981 3873 3052">
     <span class='ocr_line' id='line_1_72' title="bbox 2304 2981 3873 3052; baseline 0.002 -19"><span class='ocrx_word' id='word_1_506' title='bbox 2304 2997 2466 3050; x_wconf 85' lang='grc' dir='ltr'>ναμις</span> <span class='ocrx_word' id='word_1_507' title='bbox 2516 2981 2593 3050; x_wconf 84' lang='grc' dir='ltr'>τῷ</span> <span class='ocrx_word' id='word_1_508' title='bbox 2643 2981 2961 3052; x_wconf 80' lang='grc' dir='ltr'>προφητικῷ</span> <span class='ocrx_word' id='word_1_509' title='bbox 2994 2982 3070 3051; x_wconf 82' lang='grc' dir='ltr'>τῷ</span> <span class='ocrx_word' id='word_1_510' title='bbox 3086 2982 3362 3051; x_wconf 82' lang='grc' dir='ltr'>φάσκοντι,</span> <span class='ocrx_word' id='word_1_511' title='bbox 3399 2981 3537 3035; x_wconf 82' lang='grc' dir='ltr'>Τάδε</span> <span class='ocrx_word' id='word_1_512' title='bbox 3578 2981 3724 3050; x_wconf 85' lang='grc' dir='ltr'>λέγει</span> <span class='ocrx_word' id='word_1_513' title='bbox 3753 2983 3873 3036; x_wconf 79' lang='grc' dir='ltr'>Κύ-</span> 
     </span>
    </p>
   </div>
   <div class='ocr_carea' id='block_1_72' title="bbox 2305 3063 3871 3145">
    <p class='ocr_par' dir='ltr' id='par_1_72' title="bbox 2305 3063 3871 3145">
     <span class='ocr_line' id='line_1_73' title="bbox 2305 3063 3871 3145; baseline 0.004 -25"><span class='ocrx_word' id='word_1_514' title='bbox 2305 3085 2438 3140; x_wconf 86' lang='grc' dir='ltr'>ριος,</span> <span class='ocrx_word' id='word_1_515' title='bbox 2469 3068 2564 3123; x_wconf 76' lang='grc' dir='ltr'>καὶ</span> <span class='ocrx_word' id='word_1_516' title='bbox 2593 3063 2744 3134; x_wconf 75' lang='grc' dir='ltr'>οὗτος</span> <span class='ocrx_word' id='word_1_517' title='bbox 2770 3070 2894 3123; x_wconf 73' lang='grc' dir='ltr'>ἐϐόα</span> <span class='ocrx_word' id='word_1_518' title='bbox 2915 3087 2928 3100; x_wconf 91' lang='grc'><strong>·</strong></span> <span class='ocrx_word' id='word_1_519' title='bbox 2975 3088 2994 3121; x_wconf 78' lang='grc' dir='ltr'>ι</span> <span class='ocrx_word' id='word_1_520' title='bbox 3021 3070 3158 3124; x_wconf 83' lang='grc' dir='ltr'>Τάδε</span> <span class='ocrx_word' id='word_1_521' title='bbox 3193 3070 3337 3142; x_wconf 86' lang='grc' dir='ltr'>λέγει</span> <span class='ocrx_word' id='word_1_522' title='bbox 3374 3072 3400 3124; x_wconf 89' lang='lat'>6</span> <span class='ocrx_word' id='word_1_523' title='bbox 3433 3071 3685 3143; x_wconf 82' lang='grc' dir='ltr'>βασιλεὺς</span> <span class='ocrx_word' id='word_1_524' title='bbox 3709 3075 3738 3126; x_wconf 89' lang='lat'>6</span> <span class='ocrx_word' id='word_1_525' title='bbox 3770 3073 3871 3145; x_wconf 80' lang='grc' dir='ltr'>μέ-</span> 
     </span>
    </p>
   </div>
   <div class='ocr_carea' id='block_1_73' title="bbox 2303 3161 3144 3234">
    <p class='ocr_par' dir='ltr' id='par_1_73' title="bbox 2303 3161 3144 3234">
     <span class='ocr_line' id='line_1_74' title="bbox 2303 3161 3144 3234; baseline 0.001 -20"><span class='ocrx_word' id='word_1_526' title='bbox 2303 3177 2424 3230; x_wconf 82' lang='grc' dir='ltr'>γας,</span> <span class='ocrx_word' id='word_1_527' title='bbox 2451 3164 2478 3214; x_wconf 96' lang='lat'>6</span> <span class='ocrx_word' id='word_1_528' title='bbox 2505 3161 2754 3233; x_wconf 83' lang='grc' dir='ltr'>βασιλεὺς</span> <span class='ocrx_word' id='word_1_529' title='bbox 2788 3162 3102 3234; x_wconf 78' lang='grc' dir='ltr'>Ἀσσυρίων.</span> <span class='ocrx_word' id='word_1_530' title='bbox 3124 3180 3144 3215; x_wconf 76' lang='grc' dir='ltr'>ι</span> 
     </span>
    </p>
   </div>
   <div class='ocr_carea' id='block_1_74' title="bbox 2377 3248 3866 3327">
    <p class='ocr_par' dir='ltr' id='par_1_74' title="bbox 2377 3248 3866 3327">
     <span class='ocr_line' id='line_1_75' title="bbox 2377 3248 3866 3327; baseline 0.005 -24"><span class='ocrx_word' id='word_1_531' title='bbox 2377 3270 2396 3303; x_wconf 79' lang='grc' dir='ltr'>ι</span> <span class='ocrx_word' id='word_1_532' title='bbox 2432 3251 2561 3306; x_wconf 80' lang='grc' dir='ltr'>’ἰδοὺ</span> <span class='ocrx_word' id='word_1_533' title='bbox 2593 3251 2867 3314; x_wconf 86' lang='grc' dir='ltr'>πεποιθὼς</span> <span class='ocrx_word' id='word_1_534' title='bbox 2915 3248 2966 3306; x_wconf 72' lang='grc' dir='ltr'>εἴ</span> <span class='ocrx_word' id='word_1_535' title='bbox 3017 3254 3109 3306; x_wconf 78' lang='grc' dir='ltr'>ἐπὶ</span> <span class='ocrx_word' id='word_1_536' title='bbox 3167 3254 3266 3324; x_wconf 83' lang='grc' dir='ltr'>τὴν</span> <span class='ocrx_word' id='word_1_537' title='bbox 3330 3254 3523 3324; x_wconf 77' lang='grc' dir='ltr'>ῥάϐδον</span> <span class='ocrx_word' id='word_1_538' title='bbox 3571 3255 3670 3327; x_wconf 79' lang='grc' dir='ltr'>τὴν</span> <span class='ocrx_word' id='word_1_539' title='bbox 3693 3257 3866 3316; x_wconf 86' lang='grc' dir='ltr'>καλα-</span> 
     </span>
    </p>
   </div>
   <div class='ocr_carea' id='block_1_75' title="bbox 2307 3340 3871 3415">
    <p class='ocr_par' dir='ltr' id='par_1_75' title="bbox 2307 3340 3871 3415">
     <span class='ocr_line' id='line_1_76' title="bbox 2307 3340 3871 3415; baseline 0.004 -22"><span class='ocrx_word' id='word_1_540' title='bbox 2307 3340 2463 3413; x_wconf 84' lang='grc' dir='ltr'>μίνην</span> <span class='ocrx_word' id='word_1_541' title='bbox 2493 3343 2592 3414; x_wconf 83' lang='grc' dir='ltr'>τὴν</span> <span class='ocrx_word' id='word_1_542' title='bbox 2621 3342 2986 3414; x_wconf 87' lang='grc' dir='ltr'>τεθλασμένην</span> <span class='ocrx_word' id='word_1_543' title='bbox 3011 3343 3232 3415; x_wconf 86' lang='grc' dir='ltr'>ταύτην,</span> <span class='ocrx_word' id='word_1_544' title='bbox 3263 3345 3349 3396; x_wconf 79' lang='grc' dir='ltr'>ἐπ’</span> <span class='ocrx_word' id='word_1_545' title='bbox 3376 3345 3666 3412; x_wconf 71' lang='grc' dir='ltr'>Αἴγυπτον,</span> <span class='ocrx_word' id='word_1_546' title='bbox 3694 3346 3771 3410; x_wconf 82' lang='grc' dir='ltr'>ὡς</span> <span class='ocrx_word' id='word_1_547' title='bbox 3801 3347 3871 3400; x_wconf 79' lang='grc' dir='ltr'>ἀν</span> 
     </span>
    </p>
   </div>
   <div class='ocr_carea' id='block_1_76' title="bbox 2303 3433 3870 3508">
    <p class='ocr_par' dir='ltr' id='par_1_76' title="bbox 2303 3433 3870 3508">
     <span class='ocr_line' id='line_1_77' title="bbox 2303 3433 3870 3508; baseline 0.003 -23"><span class='ocrx_word' id='word_1_548' title='bbox 2303 3433 2658 3506; x_wconf 78' lang='grc' dir='ltr'>ὲπιστηριχθῇ</span> <span class='ocrx_word' id='word_1_549' title='bbox 2693 3434 2831 3505; x_wconf 83' lang='grc' dir='ltr'>ἀνὴρ</span> <span class='ocrx_word' id='word_1_550' title='bbox 2870 3435 2956 3487; x_wconf 72' lang='grc' dir='ltr'>ἐπ’</span> <span class='ocrx_word' id='word_1_551' title='bbox 2985 3435 3190 3506; x_wconf 79' lang='grc' dir='ltr'>αὐτὴν,</span> <span class='ocrx_word' id='word_1_552' title='bbox 3237 3434 3599 3490; x_wconf 77' lang='grc' dir='ltr'>εἰσελεύσεται</span> <span class='ocrx_word' id='word_1_553' title='bbox 3650 3438 3732 3500; x_wconf 86' lang='grc' dir='ltr'>είς</span> <span class='ocrx_word' id='word_1_554' title='bbox 3765 3439 3870 3508; x_wconf 82' lang='grc' dir='ltr'>τὴν</span> 
     </span>
    </p>
   </div>
   <div class='ocr_carea' id='block_1_77' title="bbox 2303 3525 3866 3598">
    <p class='ocr_par' dir='ltr' id='par_1_77' title="bbox 2303 3525 3866 3598">
     <span class='ocr_line' id='line_1_78' title="bbox 2303 3525 3866 3598; baseline 0.003 -22"><span class='ocrx_word' id='word_1_555' title='bbox 2303 3526 2459 3595; x_wconf 84' lang='grc' dir='ltr'>χεῖρα</span> <span class='ocrx_word' id='word_1_556' title='bbox 2487 3525 2681 3579; x_wconf 81' lang='grc' dir='ltr'>αὐτοῦ’</span> <span class='ocrx_word' id='word_1_557' title='bbox 2712 3525 2885 3589; x_wconf 75' lang='grc' dir='ltr'>οὕτως</span> <span class='ocrx_word' id='word_1_558' title='bbox 2912 3526 3029 3579; x_wconf 77' lang='grc' dir='ltr'>ἐστὶ</span> <span class='ocrx_word' id='word_1_559' title='bbox 3059 3525 3255 3598; x_wconf 69' lang='grc' dir='ltr'>Φαραὼ</span> <span class='ocrx_word' id='word_1_560' title='bbox 3289 3526 3539 3596; x_wconf 82' lang='grc' dir='ltr'>βασιλεὺς</span> <span class='ocrx_word' id='word_1_561' title='bbox 3565 3528 3866 3596; x_wconf 71' lang='grc' dir='ltr'>Αἰγύπτου,</span> 
     </span>
    </p>
   </div>
   <div class='ocr_carea' id='block_1_78' title="bbox 2301 3616 3869 3691">
    <p class='ocr_par' dir='ltr' id='par_1_78' title="bbox 2301 3616 3869 3691">
     <span class='ocr_line' id='line_1_79' title="bbox 2301 3616 3869 3691; baseline 0.004 -23"><span class='ocrx_word' id='word_1_562' title='bbox 2301 3616 2396 3669; x_wconf 72' lang='grc' dir='ltr'>καὶ</span> <span class='ocrx_word' id='word_1_563' title='bbox 2426 3616 2625 3680; x_wconf 84' lang='grc' dir='ltr'>πάντες</span> <span class='ocrx_word' id='word_1_564' title='bbox 2651 3618 2700 3670; x_wconf 78' lang='grc' dir='ltr'>οἱ</span> <span class='ocrx_word' id='word_1_565' title='bbox 2729 3616 3043 3682; x_wconf 82' lang='grc' dir='ltr'>πεποιθότες</span> <span class='ocrx_word' id='word_1_566' title='bbox 3079 3619 3164 3670; x_wconf 72' lang='grc' dir='ltr'>ἐπ’</span> <span class='ocrx_word' id='word_1_567' title='bbox 3190 3618 3354 3690; x_wconf 83' lang='grc' dir='ltr'>αὐτῷ.</span> <span class='ocrx_word' id='word_1_568' title='bbox 3379 3638 3398 3670; x_wconf 84' lang='grc' dir='ltr'>ι</span> <span class='ocrx_word' id='word_1_569' title='bbox 3440 3619 3789 3691; x_wconf 77' lang='grc' dir='ltr'>Συκοφάντης</span> <span class='ocrx_word' id='word_1_570' title='bbox 3810 3620 3869 3675; x_wconf 73' lang='grc' dir='ltr'>δὲ</span> 
     </span>
    </p>
   </div>
   <div class='ocr_carea' id='block_1_79' title="bbox 2301 3703 3867 3782">
    <p class='ocr_par' dir='ltr' id='par_1_79' title="bbox 2301 3703 3867 3782">
     <span class='ocr_line' id='line_1_80' title="bbox 2301 3703 3867 3782; baseline 0.006 -24"><span class='ocrx_word' id='word_1_571' title='bbox 2301 3703 2377 3758; x_wconf 84' lang='grc' dir='ltr'>ὢν</span> <span class='ocrx_word' id='word_1_572' title='bbox 2429 3707 2458 3760; x_wconf 94' lang='lat'>6</span> <span class='ocrx_word' id='word_1_573' title='bbox 2509 3705 2698 3780; x_wconf 71' lang='grc' dir='ltr'>ἐχθρὸς</span> <span class='ocrx_word' id='word_1_574' title='bbox 2745 3707 3134 3778; x_wconf 74' lang='grc' dir='ltr'>καταψεύδεται</span> <span class='ocrx_word' id='word_1_575' title='bbox 3184 3709 3279 3764; x_wconf 83' lang='grc' dir='ltr'>τοῦ</span> <span class='ocrx_word' id='word_1_576' title='bbox 3343 3712 3614 3778; x_wconf 76' lang='grc' dir='ltr'>Ἐζεκίου,</span> <span class='ocrx_word' id='word_1_577' title='bbox 3666 3711 3867 3782; x_wconf 84' lang='grc' dir='ltr'>λέγων,</span> 
     </span>
    </p>
   </div>
   <div class='ocr_carea' id='block_1_80' title="bbox 2316 3793 3864 3874">
    <p class='ocr_par' dir='ltr' id='par_1_80' title="bbox 2316 3793 3864 3874">
     <span class='ocr_line' id='line_1_81' title="bbox 2316 3793 3864 3874; baseline 0.005 -26"><span class='ocrx_word' id='word_1_578' title='bbox 2316 3796 2443 3849; x_wconf 81' lang='grc' dir='ltr'>Ἰδοὺ</span> <span class='ocrx_word' id='word_1_579' title='bbox 2477 3795 2752 3862; x_wconf 85' lang='grc' dir='ltr'>πεποιθὼς</span> <span class='ocrx_word' id='word_1_580' title='bbox 2779 3793 2830 3851; x_wconf 84' lang='grc' dir='ltr'>εῐ</span> <span class='ocrx_word' id='word_1_581' title='bbox 2858 3799 2943 3851; x_wconf 78' lang='grc' dir='ltr'>ἐπ’</span> <span class='ocrx_word' id='word_1_582' title='bbox 2978 3799 3268 3868; x_wconf 78' lang='grc' dir='ltr'>Αἴγυπτον,</span> <span class='ocrx_word' id='word_1_583' title='bbox 3301 3801 3394 3854; x_wconf 71' lang='grc' dir='ltr'>καλ⁴</span> <span class='ocrx_word' id='word_1_584' title='bbox 3423 3802 3513 3854; x_wconf 75' lang='grc' dir='ltr'>ἐπὶ</span> <span class='ocrx_word' id='word_1_585' title='bbox 3539 3802 3737 3874; x_wconf 76' lang='grc' dir='ltr'>Φαραὼ</span> <span class='ocrx_word' id='word_1_586' title='bbox 3764 3802 3864 3874; x_wconf 82' lang='grc' dir='ltr'>βα-</span> 
     </span>
    </p>
   </div>
   <div class='ocr_carea' id='block_1_81' title="bbox 2304 3887 3870 3966">
    <p class='ocr_par' dir='ltr' id='par_1_81' title="bbox 2304 3887 3870 3966">
     <span class='ocr_line' id='line_1_82' title="bbox 2304 3887 3870 3966; baseline 0.006 -26"><span class='ocrx_word' id='word_1_587' title='bbox 2304 3887 2455 3942; x_wconf 88' lang='grc' dir='ltr'>σιλέα</span> <span class='ocrx_word' id='word_1_588' title='bbox 2476 3887 2844 3956; x_wconf 81' lang='grc' dir='ltr'>Αίγύπτου,δς</span> <span class='ocrx_word' id='word_1_589' title='bbox 2868 3893 2979 3954; x_wconf 85' lang='grc' dir='ltr'>τοῖς</span> <span class='ocrx_word' id='word_1_590' title='bbox 3006 3893 3433 3964; x_wconf 82' lang='grc' dir='ltr'>ὲπερειδομένοις</span> <span class='ocrx_word' id='word_1_591' title='bbox 3464 3896 3550 3948; x_wconf 74' lang='grc' dir='ltr'>ἐπ’</span> <span class='ocrx_word' id='word_1_592' title='bbox 3577 3895 3744 3966; x_wconf 81' lang='grc' dir='ltr'>αὐτῷ,</span> <span class='ocrx_word' id='word_1_593' title='bbox 3771 3896 3870 3950; x_wconf 81' lang='grc' dir='ltr'>καὶ</span> 
     </span>
    </p>
   </div>
   <div class='ocr_carea' id='block_1_82' title="bbox 2301 3979 3868 4058">
    <p class='ocr_par' dir='ltr' id='par_1_82' title="bbox 2301 3979 3868 4058">
     <span class='ocr_line' id='line_1_83' title="bbox 2301 3979 3868 4058; baseline 0.008 -27"><span class='ocrx_word' id='word_1_594' title='bbox 2301 3979 2656 4050; x_wconf 77' lang='grc' dir='ltr'>ὲπιθαρῤοὖσι</span> <span class='ocrx_word' id='word_1_595' title='bbox 2706 3982 2903 4053; x_wconf 81' lang='grc' dir='ltr'>παντὸς</span> <span class='ocrx_word' id='word_1_596' title='bbox 2945 3983 3151 4053; x_wconf 85' lang='grc' dir='ltr'>γίνεται</span> <span class='ocrx_word' id='word_1_597' title='bbox 3201 3985 3455 4057; x_wconf 84' lang='grc' dir='ltr'>πολεμίου</span> <span class='ocrx_word' id='word_1_598' title='bbox 3502 3987 3720 4058; x_wconf 84' lang='grc' dir='ltr'>χείρων,</span> <span class='ocrx_word' id='word_1_599' title='bbox 3765 3989 3868 4042; x_wconf 77' lang='grc' dir='ltr'>οὐκ</span> 
     </span>
    </p>
   </div>
   <div class='ocr_carea' id='block_1_83' title="bbox 2301 4073 3854 4149">
    <p class='ocr_par' dir='ltr' id='par_1_83' title="bbox 2301 4073 3854 4149">
     <span class='ocr_line' id='line_1_84' title="bbox 2301 4073 3854 4149; baseline 0.001 -23"><span class='ocrx_word' id='word_1_600' title='bbox 2301 4073 2456 4136; x_wconf 85' lang='grc' dir='ltr'>είδὼς</span> <span class='ocrx_word' id='word_1_601' title='bbox 2484 4074 2768 4143; x_wconf 83' lang='grc' dir='ltr'>φυλάττειν</span> <span class='ocrx_word' id='word_1_602' title='bbox 2802 4075 2901 4139; x_wconf 86' lang='grc' dir='ltr'>τάς</span> <span class='ocrx_word' id='word_1_603' title='bbox 2939 4074 3210 4146; x_wconf 83' lang='grc' dir='ltr'>συνθήκας</span> <span class='ocrx_word' id='word_1_604' title='bbox 3239 4080 3349 4141; x_wconf 85' lang='grc' dir='ltr'>τοῖς</span> <span class='ocrx_word' id='word_1_605' title='bbox 3382 4078 3680 4149; x_wconf 79' lang='grc' dir='ltr'>πρόσφυξιν</span> <span class='ocrx_word' id='word_1_606' title='bbox 3698 4096 3712 4108; x_wconf 89' lang='grc'><strong>·</strong></span> <span class='ocrx_word' id='word_1_607' title='bbox 3742 4078 3854 4133; x_wconf 73' lang='grc' dir='ltr'>ὅθει</span> 
     </span>
    </p>
   </div>
   <div class='ocr_carea' id='block_1_84' title="bbox 2302 4163 3867 4240">
    <p class='ocr_par' dir='ltr' id='par_1_84' title="bbox 2302 4163 3867 4240">
     <span class='ocr_line' id='line_1_85' title="bbox 2302 4163 3867 4240; baseline 0.004 -24"><span class='ocrx_word' id='word_1_608' title='bbox 2302 4163 2532 4217; x_wconf 82' lang='grc' dir='ltr'>ἐοικέναι</span> <span class='ocrx_word' id='word_1_609' title='bbox 2564 4164 2726 4218; x_wconf 80' lang='grc' dir='ltr'>αὐτὸν</span> <span class='ocrx_word' id='word_1_610' title='bbox 2753 4164 2932 4236; x_wconf 80' lang='grc' dir='ltr'>ῥάϐδῳ</span> <span class='ocrx_word' id='word_1_611' title='bbox 2964 4166 3256 4238; x_wconf 84' lang='grc' dir='ltr'>καλαμίνῃ,</span> <span class='ocrx_word' id='word_1_612' title='bbox 3285 4167 3420 4237; x_wconf 77' lang='grc' dir='ltr'>ὁμοῦ</span> <span class='ocrx_word' id='word_1_613' title='bbox 3455 4168 3548 4220; x_wconf 71' lang='grc' dir='ltr'>καὶ</span> <span class='ocrx_word' id='word_1_614' title='bbox 3576 4168 3638 4221; x_wconf 84' lang='grc' dir='ltr'>τὺ</span> <span class='ocrx_word' id='word_1_615' title='bbox 3664 4168 3867 4240; x_wconf 79' lang='grc' dir='ltr'>σαθρὸν</span> 
     </span>
    </p>
   </div>
   <div class='ocr_carea' id='block_1_85' title="bbox 2306 4258 3861 4332">
    <p class='ocr_par' dir='ltr' id='par_1_85' title="bbox 2306 4258 3861 4332">
     <span class='ocr_line' id='line_1_86' title="bbox 2306 4258 3861 4332; baseline 0.005 -23"><span class='ocrx_word' id='word_1_616' title='bbox 2306 4258 2504 4330; x_wconf 78' lang='grc' dir='ltr'>ἐχούσῃ</span> <span class='ocrx_word' id='word_1_617' title='bbox 2547 4259 2612 4312; x_wconf 83' lang='grc' dir='ltr'>ὲκ</span> <span class='ocrx_word' id='word_1_618' title='bbox 2669 4258 2901 4328; x_wconf 85' lang='grc' dir='ltr'>φύσεως,</span> <span class='ocrx_word' id='word_1_619' title='bbox 2939 4260 3033 4314; x_wconf 74' lang='grc' dir='ltr'>καὶ</span> <span class='ocrx_word' id='word_1_620' title='bbox 3058 4260 3119 4312; x_wconf 76' lang='grc' dir='ltr'>τὸ</span> <span class='ocrx_word' id='word_1_621' title='bbox 3153 4259 3410 4330; x_wconf 82' lang='grc' dir='ltr'>βλαϐερὸν</span> <span class='ocrx_word' id='word_1_622' title='bbox 3440 4262 3552 4324; x_wconf 81' lang='grc' dir='ltr'>τοϊς</span> <span class='ocrx_word' id='word_1_623' title='bbox 3587 4261 3861 4332; x_wconf 74' lang='grc' dir='ltr'>ἐπερειδο-</span> 
     </span>
    </p>
   </div>
   <div class='ocr_carea' id='block_1_86' title="bbox 2308 4347 2669 4420">
    <p class='ocr_par' dir='ltr' id='par_1_86' title="bbox 2308 4347 2669 4420">
     <span class='ocr_line' id='line_1_87' title="bbox 2308 4347 2669 4420; baseline 0.008 -20"><span class='ocrx_word' id='word_1_624' title='bbox 2308 4347 2484 4418; x_wconf 80' lang='grc' dir='ltr'>μένοις</span> <span class='ocrx_word' id='word_1_625' title='bbox 2515 4349 2669 4420; x_wconf 76' lang='grc' dir='ltr'>αὐτῇ.</span> 
     </span>
    </p>
   </div>
   <div class='ocr_carea' id='block_1_87' title="bbox 717 4419 2202 4512">
    <p class='ocr_par' dir='ltr' id='par_1_87' title="bbox 717 4419 2197 4492">
     <span class='ocr_line' id='line_1_88' title="bbox 717 4419 2197 4492; baseline 0.01 -17"><span class='ocrx_word' id='word_1_626' title='bbox 717 4419 883 4477; x_wconf 73' lang='lat' dir='ltr'><strong>Vsus.</strong></span> <span class='ocrx_word' id='word_1_627' title='bbox 912 4422 966 4477; x_wconf 87' lang='lat'><strong>7.</strong></span> <span class='ocrx_word' id='word_1_628' title='bbox 994 4441 1013 4474; x_wconf 76' lang='grc' dir='ltr'>ι</span> <span class='ocrx_word' id='word_1_629' title='bbox 1047 4423 1197 4491; x_wconf 82' lang='lat' dir='ltr'><strong>Quod</strong></span> <span class='ocrx_word' id='word_1_630' title='bbox 1221 4425 1267 4480; x_wconf 91' lang='lat' dir='ltr'>si</span> <span class='ocrx_word' id='word_1_631' title='bbox 1296 4426 1494 4492; x_wconf 90' lang='lat' dir='ltr'><strong>dicitis,</strong></span> <span class='ocrx_word' id='word_1_632' title='bbox 1523 4426 1581 4482; x_wconf 84' lang='lat' dir='ltr'>in</span> <span class='ocrx_word' id='word_1_633' title='bbox 1625 4428 1850 4485; x_wconf 91' lang='lat' dir='ltr'><strong>Domino</strong></span> <span class='ocrx_word' id='word_1_634' title='bbox 1878 4429 1986 4487; x_wconf 86' lang='lat' dir='ltr'>Deo</span> <span class='ocrx_word' id='word_1_635' title='bbox 2014 4443 2197 4491; x_wconf 86' lang='lat' dir='ltr'><strong>nostro</strong></span> 
     </span>
    </p>
   </div>
   <div class='ocr_carea' id='block_1_88' title="bbox 2304 4419 3864 4512">
    <p class='ocr_par' dir='ltr' id='par_1_88' title="bbox 2375 4438 3864 4512">
     <span class='ocr_line' id='line_1_89' title="bbox 2375 4438 3864 4512; baseline 0.008 -24"><span class='ocrx_word' id='word_1_636' title='bbox 2375 4457 2393 4487; x_wconf 79' lang='grc' dir='ltr'>ι</span> <span class='ocrx_word' id='word_1_637' title='bbox 2425 4439 2484 4490; x_wconf 87' lang='lat' dir='ltr'>El</span> <span class='ocrx_word' id='word_1_638' title='bbox 2503 4438 2559 4491; x_wconf 84' lang='grc' dir='ltr'>δὲ</span> <span class='ocrx_word' id='word_1_639' title='bbox 2586 4439 2791 4508; x_wconf 86' lang='grc' dir='ltr'>λέγετε,</span> <span class='ocrx_word' id='word_1_640' title='bbox 2836 4440 2958 4493; x_wconf 76' lang='grc' dir='ltr'>Ἐπὶ</span> <span class='ocrx_word' id='word_1_641' title='bbox 2989 4438 3190 4511; x_wconf 81' lang='grc' dir='ltr'>Κύριον</span> <span class='ocrx_word' id='word_1_642' title='bbox 3218 4440 3309 4494; x_wconf 73' lang='grc' dir='ltr'>τὸν</span> <span class='ocrx_word' id='word_1_643' title='bbox 3340 4440 3646 4512; x_wconf 82' lang='grc' dir='ltr'>Θεὺνὴμῶν</span> <span class='ocrx_word' id='word_1_644' title='bbox 3669 4445 3864 4500; x_wconf 79' lang='grc' dir='ltr'>πεποίο</span> 
     </span>
    </p>
   </div>
   <div class='ocr_carea' id='block_1_89' title="bbox 651 4513 2199 4589">
    <p class='ocr_par' dir='ltr' id='par_1_89' title="bbox 651 4513 2199 4589">
     <span class='ocr_line' id='line_1_90' title="bbox 651 4513 2199 4589; baseline 0.013 -26"><span class='ocrx_word' id='word_1_645' title='bbox 651 4513 1005 4568; x_wconf 73' lang='grc' dir='ltr'>σεοιιῆάὶιιιιιεε</span> <span class='ocrx_word' id='word_1_646' title='bbox 1052 4530 1227 4569; x_wconf 89' lang='lat' dir='ltr'><strong>annon</strong></span> <span class='ocrx_word' id='word_1_647' title='bbox 1264 4518 1379 4586; x_wconf 89' lang='lat' dir='ltr'><strong>ipse</strong></span> <span class='ocrx_word' id='word_1_648' title='bbox 1408 4528 1512 4584; x_wconf 87' lang='lat' dir='ltr'><strong>est,</strong></span> <span class='ocrx_word' id='word_1_649' title='bbox 1549 4520 1704 4589; x_wconf 88' lang='lat' dir='ltr'><strong>cujus</strong></span> <span class='ocrx_word' id='word_1_650' title='bbox 1739 4522 1951 4578; x_wconf 85' lang='lat' dir='ltr'><strong>excelsa</strong></span> <span class='ocrx_word' id='word_1_651' title='bbox 1982 4527 2199 4583; x_wconf 87' lang='lat' dir='ltr'><strong>sustulit</strong></span> 
     </span>
    </p>
   </div>
   <div class='ocr_carea' id='block_1_90' title="bbox 655 4605 2200 4676">
    <p class='ocr_par' dir='ltr' id='par_1_90' title="bbox 655 4605 2200 4676">
     <span class='ocr_line' id='line_1_91' title="bbox 655 4605 2200 4676; baseline 0.012 -21"><span class='ocrx_word' id='word_1_652' title='bbox 655 4605 930 4670; x_wconf 71' lang='lat' dir='ltr'><strong>Ezechias,</strong></span> <span class='ocrx_word' id='word_1_653' title='bbox 976 4615 1030 4659; x_wconf 85' lang='lat' dir='ltr'>et</span> <span class='ocrx_word' id='word_1_654' title='bbox 1063 4606 1254 4660; x_wconf 86' lang='lat' dir='ltr'><strong>altaria</strong></span> <span class='ocrx_word' id='word_1_655' title='bbox 1293 4607 1445 4676; x_wconf 81' lang='lat' dir='ltr'><strong>ejus;</strong></span> <span class='ocrx_word' id='word_1_656' title='bbox 1480 4621 1537 4665; x_wconf 88' lang='lat' dir='ltr'>et</span> <span class='ocrx_word' id='word_1_657' title='bbox 1585 4611 1723 4666; x_wconf 72' lang='lat' dir='ltr'><strong>dixit</strong></span> <span class='ocrx_word' id='word_1_658' title='bbox 1757 4612 1908 4669; x_wconf 70' lang='lat' dir='ltr'><strong>Judae</strong></span> <span class='ocrx_word' id='word_1_659' title='bbox 1947 4624 2002 4670; x_wconf 90' lang='lat' dir='ltr'>et</span> <span class='ocrx_word' id='word_1_660' title='bbox 2043 4615 2200 4672; x_wconf 83' lang='lat' dir='ltr'><strong>Jeru-</strong></span> 
     </span>
    </p>
   </div>
   <div class='ocr_carea' id='block_1_91' title="bbox 649 4693 2196 4774">
    <p class='ocr_par' dir='ltr' id='par_1_91' title="bbox 649 4693 2196 4774">
     <span class='ocr_line' id='line_1_92' title="bbox 649 4693 2196 4774; baseline 0.01 -30"><span class='ocrx_word' id='word_1_661' title='bbox 649 4693 812 4748; x_wconf 77' lang='lat' dir='ltr'><strong>salem</strong></span> <span class='ocrx_word' id='word_1_662' title='bbox 840 4713 852 4748; x_wconf 91' lang='lat'>:</span> <span class='ocrx_word' id='word_1_663' title='bbox 878 4693 1069 4749; x_wconf 88' lang='lat' dir='ltr'><strong>Coram</strong></span> <span class='ocrx_word' id='word_1_664' title='bbox 1101 4695 1253 4750; x_wconf 89' lang='lat' dir='ltr'><strong>altari</strong></span> <span class='ocrx_word' id='word_1_665' title='bbox 1297 4697 1401 4752; x_wconf 88' lang='lat' dir='ltr'><strong>isto</strong></span> <span class='ocrx_word' id='word_1_666' title='bbox 1440 4701 1704 4754; x_wconf 84' lang='lat' dir='ltr'><strong>adorate?</strong></span> <span class='ocrx_word' id='word_1_667' title='bbox 1746 4720 1766 4753; x_wconf 79' lang='grc'><strong>»</strong></span> <span class='ocrx_word' id='word_1_668' title='bbox 1813 4701 1930 4756; x_wconf 82' lang='lat' dir='ltr'><strong>Non</strong></span> <span class='ocrx_word' id='word_1_669' title='bbox 1979 4703 2196 4774; x_wconf 82' lang='lat' dir='ltr'><strong>ignora-</strong></span> 
     </span>
    </p>
   </div>
   <div class='ocr_carea' id='block_1_92' title="bbox 651 4783 2196 4858">
    <p class='ocr_par' dir='ltr' id='par_1_92' title="bbox 651 4783 2196 4858">
     <span class='ocr_line' id='line_1_93' title="bbox 651 4783 2196 4858; baseline 0.007 -23"><span class='ocrx_word' id='word_1_670' title='bbox 651 4785 774 4836; x_wconf 87' lang='lat' dir='ltr'><strong>haut</strong></span> <span class='ocrx_word' id='word_1_671' title='bbox 807 4783 951 4836; x_wconf 85' lang='lat' dir='ltr'><strong>enim</strong></span> <span class='ocrx_word' id='word_1_672' title='bbox 987 4785 1216 4852; x_wconf 91' lang='lat' dir='ltr'><strong>inimici,</strong></span> <span class='ocrx_word' id='word_1_673' title='bbox 1249 4786 1536 4840; x_wconf 69' lang='lat' dir='ltr'><strong>Esecbiatn</strong></span> <span class='ocrx_word' id='word_1_674' title='bbox 1565 4798 1619 4842; x_wconf 89' lang='lat' dir='ltr'>et</span> <span class='ocrx_word' id='word_1_675' title='bbox 1645 4790 1736 4858; x_wconf 91' lang='lat' dir='ltr'><strong>qui</strong></span> <span class='ocrx_word' id='word_1_676' title='bbox 1774 4805 1894 4845; x_wconf 91' lang='lat' dir='ltr'>cum</span> <span class='ocrx_word' id='word_1_677' title='bbox 1922 4805 1988 4846; x_wconf 90' lang='lat' dir='ltr'>eo</span> <span class='ocrx_word' id='word_1_678' title='bbox 2019 4801 2196 4857; x_wconf 87' lang='lat' dir='ltr'><strong>erant,</strong></span> 
     </span>
    </p>
   </div>
   <div class='ocr_carea' id='block_1_93' title="bbox 647 4872 2199 4951">
    <p class='ocr_par' dir='ltr' id='par_1_93' title="bbox 647 4872 2199 4951">
     <span class='ocr_line' id='line_1_94' title="bbox 647 4872 2199 4951; baseline 0.01 -29"><span class='ocrx_word' id='word_1_679' title='bbox 647 4872 893 4938; x_wconf 81' lang='lat' dir='ltr'><strong>precibus</strong></span> <span class='ocrx_word' id='word_1_680' title='bbox 930 4889 992 4926; x_wconf 81' lang='lat' dir='ltr'><strong>ac</strong></span> <span class='ocrx_word' id='word_1_681' title='bbox 1034 4874 1137 4940; x_wconf 85' lang='lat' dir='ltr'><strong>piis</strong></span> <span class='ocrx_word' id='word_1_682' title='bbox 1175 4877 1517 4931; x_wconf 86' lang='lat' dir='ltr'><strong>sermonibus</strong></span> <span class='ocrx_word' id='word_1_683' title='bbox 1547 4878 1612 4931; x_wconf 92' lang='lat' dir='ltr'>ad</span> <span class='ocrx_word' id='word_1_684' title='bbox 1659 4884 2021 4949; x_wconf 88' lang='lat' dir='ltr'><strong>superandum</strong></span> <span class='ocrx_word' id='word_1_685' title='bbox 2061 4897 2199 4951; x_wconf 85' lang='lat' dir='ltr'><strong>opus</strong></span> 
     </span>
    </p>
   </div>
   <div class='ocr_carea' id='block_1_94' title="bbox 649 4963 2198 5044">
    <p class='ocr_par' dir='ltr' id='par_1_94' title="bbox 649 4963 2198 5044">
     <span class='ocr_line' id='line_1_95' title="bbox 649 4963 2198 5044; baseline 0.009 -30"><span class='ocrx_word' id='word_1_686' title='bbox 649 4963 866 5017; x_wconf 88' lang='lat' dir='ltr'><strong>habere.</strong></span> <span class='ocrx_word' id='word_1_687' title='bbox 913 4963 1035 5018; x_wconf 64' lang='lat' dir='ltr'><strong>&quot;ac</strong></span> <span class='ocrx_word' id='word_1_688' title='bbox 1077 4966 1192 5034; x_wconf 86' lang='lat' dir='ltr'><strong>ipsa</strong></span> <span class='ocrx_word' id='word_1_689' title='bbox 1241 4968 1578 5023; x_wconf 80' lang='lat' dir='ltr'><strong>criminando</strong></span> <span class='ocrx_word' id='word_1_690' title='bbox 1624 4970 1749 5025; x_wconf 90' lang='lat' dir='ltr'><strong>dicit</strong></span> <span class='ocrx_word' id='word_1_691' title='bbox 1791 4971 1893 5026; x_wconf 87' lang='lat' dir='ltr'>dux</span> <span class='ocrx_word' id='word_1_692' title='bbox 1945 4974 2198 5044; x_wconf 77' lang='lat' dir='ltr'><strong>Assyrio-</strong></span> 
     </span>
    </p>
   </div>
   <div class='ocr_carea' id='block_1_95' title="bbox 650 5052 2191 5132">
    <p class='ocr_par' dir='ltr' id='par_1_95' title="bbox 650 5052 2191 5132">
     <span class='ocr_line' id='line_1_96' title="bbox 650 5052 2191 5132; baseline 0.01 -29"><span class='ocrx_word' id='word_1_693' title='bbox 650 5069 786 5116; x_wconf 81' lang='lat' dir='ltr'><strong>rum,</strong></span> <span class='ocrx_word' id='word_1_694' title='bbox 842 5052 1128 5110; x_wconf 80' lang='lat' dir='ltr'><strong>Ezechiam</strong></span> <span class='ocrx_word' id='word_1_695' title='bbox 1178 5060 1327 5127; x_wconf 89' lang='lat' dir='ltr'><strong>quasi</strong></span> <span class='ocrx_word' id='word_1_696' title='bbox 1377 5071 1695 5129; x_wconf 71' lang='lat' dir='ltr'><strong>prmsenlein</strong></span> <span class='ocrx_word' id='word_1_697' title='bbox 1741 5063 2059 5132; x_wconf 85' lang='lat' dir='ltr'><strong>alloquens:</strong></span> <span class='ocrx_word' id='word_1_698' title='bbox 2108 5067 2191 5120; x_wconf 91' lang='lat' dir='ltr'>cui</span> 
     </span>
    </p>
   </div>
   <div class='ocr_carea' id='block_1_96' title="bbox 648 5145 2196 5226">
    <p class='ocr_par' dir='ltr' id='par_1_96' title="bbox 648 5145 2196 5226">
     <span class='ocr_line' id='line_1_97' title="bbox 648 5145 2196 5226; baseline 0.012 -32"><span class='ocrx_word' id='word_1_699' title='bbox 648 5145 904 5200; x_wconf 69' lang='lat' dir='ltr'><strong>Ezechias</strong></span> <span class='ocrx_word' id='word_1_700' title='bbox 940 5157 995 5202; x_wconf 89' lang='lat' dir='ltr'>et</span> <span class='ocrx_word' id='word_1_701' title='bbox 1029 5149 1120 5216; x_wconf 91' lang='lat' dir='ltr'><strong>qui</strong></span> <span class='ocrx_word' id='word_1_702' title='bbox 1154 5165 1276 5203; x_wconf 90' lang='lat' dir='ltr'>cum</span> <span class='ocrx_word' id='word_1_703' title='bbox 1323 5165 1390 5205; x_wconf 89' lang='lat' dir='ltr'><strong>eo</strong></span> <span class='ocrx_word' id='word_1_704' title='bbox 1432 5163 1585 5206; x_wconf 78' lang='lat' dir='ltr'><strong>erant</strong></span> <span class='ocrx_word' id='word_1_705' title='bbox 1626 5154 1739 5207; x_wconf 64' lang='lat' dir='ltr'><strong>haec</strong></span> <span class='ocrx_word' id='word_1_706' title='bbox 1779 5155 1899 5223; x_wconf 83' lang='lat' dir='ltr'><strong>jure</strong></span> <span class='ocrx_word' id='word_1_707' title='bbox 1944 5173 2196 5226; x_wconf 86' lang='lat' dir='ltr'><strong>reposue-</strong></span> 
     </span>
    </p>
   </div>
   <div class='ocr_carea' id='block_1_97' title="bbox 647 5235 2194 5315">
    <p class='ocr_par' dir='ltr' id='par_1_97' title="bbox 647 5235 2194 5315">
     <span class='ocr_line' id='line_1_98' title="bbox 647 5235 2194 5315; baseline 0.014 -29"><span class='ocrx_word' id='word_1_708' title='bbox 647 5237 782 5290; x_wconf 80' lang='lat' dir='ltr'><strong>rint:</strong></span> <span class='ocrx_word' id='word_1_709' title='bbox 821 5255 840 5287; x_wconf 82' lang='grc' dir='ltr'>ι</span> <span class='ocrx_word' id='word_1_710' title='bbox 878 5235 940 5289; x_wconf 87' lang='lat' dir='ltr'>lli</span> <span class='ocrx_word' id='word_1_711' title='bbox 969 5239 1023 5292; x_wconf 92' lang='lat' dir='ltr'>in</span> <span class='ocrx_word' id='word_1_712' title='bbox 1057 5241 1331 5308; x_wconf 90' lang='lat' dir='ltr'><strong>curribus,</strong></span> <span class='ocrx_word' id='word_1_713' title='bbox 1373 5254 1427 5298; x_wconf 93' lang='lat' dir='ltr'><strong>et</strong></span> <span class='ocrx_word' id='word_1_714' title='bbox 1465 5245 1519 5298; x_wconf 91' lang='lat' dir='ltr'>hi</span> <span class='ocrx_word' id='word_1_715' title='bbox 1570 5249 1619 5298; x_wconf 90' lang='lat' dir='ltr'><strong>in</strong></span> <span class='ocrx_word' id='word_1_716' title='bbox 1655 5248 1841 5315; x_wconf 86' lang='lat' dir='ltr'><strong>equis;</strong></span> <span class='ocrx_word' id='word_1_717' title='bbox 1886 5264 1983 5307; x_wconf 88' lang='lat' dir='ltr'><strong>nos</strong></span> <span class='ocrx_word' id='word_1_718' title='bbox 2016 5261 2194 5307; x_wconf 85' lang='lat' dir='ltr'><strong>autem</strong></span> 
     </span>
    </p>
   </div>
   <div class='ocr_carea' id='block_1_98' title="bbox 647 5325 1879 5394">
    <p class='ocr_par' dir='ltr' id='par_1_98' title="bbox 647 5325 1879 5394">
     <span class='ocr_line' id='line_1_99' title="bbox 647 5325 1879 5394; baseline 0.015 -19"><span class='ocrx_word' id='word_1_719' title='bbox 647 5325 697 5375; x_wconf 89' lang='lat' dir='ltr'><strong>in</strong></span> <span class='ocrx_word' id='word_1_720' title='bbox 746 5328 961 5382; x_wconf 84' lang='lat' dir='ltr'><strong>nomine</strong></span> <span class='ocrx_word' id='word_1_721' title='bbox 1016 5331 1108 5384; x_wconf 83' lang='lat' dir='ltr'>Dei</span> <span class='ocrx_word' id='word_1_722' title='bbox 1150 5335 1318 5389; x_wconf 88' lang='lat' dir='ltr'><strong>nostri</strong></span> <span class='ocrx_word' id='word_1_723' title='bbox 1357 5336 1732 5393; x_wconf 84' lang='lat' dir='ltr'><strong>invocabimus</strong></span> <span class='ocrx_word' id='word_1_724' title='bbox 1757 5339 1823 5394; x_wconf 86' lang='grc'>⁸⁸.</span> <span class='ocrx_word' id='word_1_725' title='bbox 1859 5361 1879 5393; x_wconf 74' lang='grc' dir='ltr'>ι</span> 
     </span>
    </p>
   </div>
   <div class='ocr_carea' id='block_1_99' title="bbox 721 5502 2194 5590">
    <p class='ocr_par' dir='ltr' id='par_1_99' title="bbox 721 5502 2194 5590">
     <span class='ocr_line' id='line_1_100' title="bbox 721 5502 2194 5590; baseline 0.019 -35"><span class='ocrx_word' id='word_1_726' title='bbox 721 5502 880 5560; x_wconf 68' lang='grc' dir='ltr'>ιω.</span> <span class='ocrx_word' id='word_1_727' title='bbox 909 5508 1058 5564; x_wconf 87' lang='lat' dir='ltr'><strong>8-l0.</strong></span> <span class='ocrx_word' id='word_1_728' title='bbox 1101 5530 1119 5562; x_wconf 79' lang='grc' dir='ltr'>ι</span> <span class='ocrx_word' id='word_1_729' title='bbox 1157 5512 1308 5572; x_wconf 86' lang='lat' dir='ltr'><strong>Nunc</strong></span> <span class='ocrx_word' id='word_1_730' title='bbox 1351 5517 1623 5590; x_wconf 81' lang='lat' dir='ltr'><strong>adjungite</strong></span> <span class='ocrx_word' id='word_1_731' title='bbox 1665 5536 1758 5578; x_wconf 77' lang='lat' dir='ltr'><strong>vos</strong></span> <span class='ocrx_word' id='word_1_732' title='bbox 1806 5522 2027 5581; x_wconf 86' lang='lat' dir='ltr'><strong>Domino</strong></span> <span class='ocrx_word' id='word_1_733' title='bbox 2074 5540 2194 5582; x_wconf 78' lang='lat' dir='ltr'>meo</span> 
     </span>
    </p>
   </div>
   <div class='ocr_carea' id='block_1_100' title="bbox 718 5711 1157 5781">
    <p class='ocr_par' dir='ltr' id='par_1_100' title="bbox 718 5711 1157 5781">
     <span class='ocr_line' id='line_1_101' title="bbox 718 5711 1157 5781; baseline 0.014 -17"><span class='ocrx_word' id='word_1_734' title='bbox 718 5711 758 5736; x_wconf 82' lang='lat'>&#39;&quot;‘</span> <span class='ocrx_word' id='word_1_735' title='bbox 789 5711 926 5767; x_wconf 71' lang='lat' dir='ltr'><strong>l&#39;sal.</strong></span> <span class='ocrx_word' id='word_1_736' title='bbox 964 5731 1075 5781; x_wconf 83' lang='lat' dir='ltr'><strong>xIx,</strong></span> <span class='ocrx_word' id='word_1_737' title='bbox 1108 5717 1157 5770; x_wconf 90' lang='lat'><strong>8.</strong></span> 
     </span>
    </p>
   </div>
   <div class='ocr_carea' id='block_1_101' title="bbox 2301 4523 3863 4600">
    <p class='ocr_par' dir='ltr' id='par_1_101' title="bbox 2301 4523 3863 4600">
     <span class='ocr_line' id='line_1_102' title="bbox 2301 4523 3863 4600; baseline 0.008 -20"><span class='ocrx_word' id='word_1_738' title='bbox 2301 4528 2501 4598; x_wconf 77' lang='grc' dir='ltr'>θαιμεν⁸</span> <span class='ocrx_word' id='word_1_739' title='bbox 2555 4530 2654 4583; x_wconf 82' lang='grc' dir='ltr'>οὐκ</span> <span class='ocrx_word' id='word_1_740' title='bbox 2703 4530 2866 4593; x_wconf 80' lang='grc' dir='ltr'>αὑτός</span> <span class='ocrx_word' id='word_1_741' title='bbox 2918 4530 3056 4591; x_wconf 75' lang='grc' dir='ltr'>ἐστι,</span> <span class='ocrx_word' id='word_1_742' title='bbox 3107 4523 3169 4582; x_wconf 77' lang='grc' dir='ltr'>οὗ</span> <span class='ocrx_word' id='word_1_743' title='bbox 3224 4532 3444 4600; x_wconf 80' lang='grc' dir='ltr'>ἀφεῖλεν</span> <span class='ocrx_word' id='word_1_744' title='bbox 3508 4534 3752 4600; x_wconf 77' lang='grc' dir='ltr'>Ἐζεκίας</span> <span class='ocrx_word' id='word_1_745' title='bbox 3794 4537 3863 4592; x_wconf 75' lang='grc' dir='ltr'>τὰ</span> 
     </span>
    </p>
   </div>
   <div class='ocr_carea' id='block_1_102' title="bbox 2300 4618 3864 4702">
    <p class='ocr_par' dir='ltr' id='par_1_102' title="bbox 2300 4618 3864 4702">
     <span class='ocr_line' id='line_1_103' title="bbox 2300 4618 3864 4702; baseline 0.01 -34"><span class='ocrx_word' id='word_1_746' title='bbox 2300 4618 2474 4688; x_wconf 70' lang='grc' dir='ltr'>ὑψηλά</span> <span class='ocrx_word' id='word_1_747' title='bbox 2504 4620 2688 4683; x_wconf 79' lang='grc' dir='ltr'>αὐτοῦ,</span> <span class='ocrx_word' id='word_1_748' title='bbox 2718 4621 2812 4674; x_wconf 73' lang='grc' dir='ltr'>καὶ</span> <span class='ocrx_word' id='word_1_749' title='bbox 2843 4619 2914 4673; x_wconf 86' lang='grc' dir='ltr'>τὰ</span> <span class='ocrx_word' id='word_1_750' title='bbox 2939 4620 3295 4693; x_wconf 82' lang='grc' dir='ltr'>θυσιαστήρια</span> <span class='ocrx_word' id='word_1_751' title='bbox 3309 4623 3470 4676; x_wconf 84' lang='grc' dir='ltr'>αὑτοῦ</span> <span class='ocrx_word' id='word_1_752' title='bbox 3489 4642 3504 4657; x_wconf 81' lang='grc' dir='ltr'><strong>ο</strong></span> <span class='ocrx_word' id='word_1_753' title='bbox 3533 4627 3626 4678; x_wconf 80' lang='grc' dir='ltr'>καὶ</span> <span class='ocrx_word' id='word_1_754' title='bbox 3642 4623 3763 4681; x_wconf 76' lang='grc' dir='ltr'>εἷπε</span> <span class='ocrx_word' id='word_1_755' title='bbox 3787 4630 3864 4702; x_wconf 83' lang='grc' dir='ltr'>τῷ</span> 
     </span>
    </p>
   </div>
   <div class='ocr_carea' id='block_1_103' title="bbox 2311 4709 3862 4787">
    <p class='ocr_par' dir='ltr' id='par_1_103' title="bbox 2311 4709 3862 4787">
     <span class='ocr_line' id='line_1_104' title="bbox 2311 4709 3862 4787; baseline 0.008 -25"><span class='ocrx_word' id='word_1_756' title='bbox 2311 4709 2477 4781; x_wconf 80' lang='grc' dir='ltr'>Ἰούδᾳ</span> <span class='ocrx_word' id='word_1_757' title='bbox 2514 4711 2607 4764; x_wconf 74' lang='grc' dir='ltr'>καὶ</span> <span class='ocrx_word' id='word_1_758' title='bbox 2651 4713 2717 4782; x_wconf 79' lang='grc' dir='ltr'>τῇ</span> <span class='ocrx_word' id='word_1_759' title='bbox 2784 4712 3170 4784; x_wconf 82' lang='grc' dir='ltr'>Ἰερουσαλήμ·</span> <span class='ocrx_word' id='word_1_760' title='bbox 3224 4713 3380 4766; x_wconf 75' lang='grc' dir='ltr'>Κατά</span> <span class='ocrx_word' id='word_1_761' title='bbox 3429 4716 3719 4787; x_wconf 79' lang='grc' dir='ltr'>πρόσωπον</span> <span class='ocrx_word' id='word_1_762' title='bbox 3765 4721 3862 4776; x_wconf 83' lang='grc' dir='ltr'>τοῦ</span> 
     </span>
    </p>
   </div>
   <div class='ocr_carea' id='block_1_104' title="bbox 2303 4797 3863 4874">
    <p class='ocr_par' dir='ltr' id='par_1_104' title="bbox 2303 4797 3863 4874">
     <span class='ocr_line' id='line_1_105' title="bbox 2303 4797 3863 4874; baseline 0.006 -24"><span class='ocrx_word' id='word_1_763' title='bbox 2303 4797 2677 4870; x_wconf 82' lang='grc' dir='ltr'>θυσιαστηρίου</span> <span class='ocrx_word' id='word_1_764' title='bbox 2697 4800 2884 4852; x_wconf 82' lang='grc' dir='ltr'>τούτου</span> <span class='ocrx_word' id='word_1_765' title='bbox 2909 4803 3314 4872; x_wconf 82' lang='grc' dir='ltr'>προσκυνήσατε</span> <span class='ocrx_word' id='word_1_766' title='bbox 3336 4818 3350 4866; x_wconf 91' lang='grc'><strong>;</strong></span> <span class='ocrx_word' id='word_1_767' title='bbox 3376 4822 3391 4853; x_wconf 85' lang='grc' dir='ltr'>ι</span> <span class='ocrx_word' id='word_1_768' title='bbox 3421 4804 3492 4855; x_wconf 75' lang='grc' dir='ltr'>Οὐ</span> <span class='ocrx_word' id='word_1_769' title='bbox 3511 4802 3616 4874; x_wconf 74' lang='grc' dir='ltr'>γὰρ</span> <span class='ocrx_word' id='word_1_770' title='bbox 3633 4805 3863 4873; x_wconf 60' lang='grc' dir='ltr'>ἠγνόουν</span> 
     </span>
    </p>
   </div>
   <div class='ocr_carea' id='block_1_105' title="bbox 2300 4889 3862 4965">
    <p class='ocr_par' dir='ltr' id='par_1_105' title="bbox 2300 4889 3862 4965">
     <span class='ocr_line' id='line_1_106' title="bbox 2300 4889 3862 4965; baseline 0.007 -25"><span class='ocrx_word' id='word_1_771' title='bbox 2300 4890 2348 4940; x_wconf 76' lang='grc' dir='ltr'>οἱ</span> <span class='ocrx_word' id='word_1_772' title='bbox 2394 4889 2654 4960; x_wconf 82' lang='grc' dir='ltr'>πολέμιοι,</span> <span class='ocrx_word' id='word_1_773' title='bbox 2707 4891 2788 4943; x_wconf 84' lang='grc' dir='ltr'>ὅτι</span> <span class='ocrx_word' id='word_1_774' title='bbox 2829 4891 2894 4943; x_wconf 88' lang='grc' dir='ltr'>δι’</span> <span class='ocrx_word' id='word_1_775' title='bbox 2926 4891 3098 4961; x_wconf 77' lang='grc' dir='ltr'>εὐχῶν</span> <span class='ocrx_word' id='word_1_776' title='bbox 3143 4897 3362 4963; x_wconf 81' lang='grc' dir='ltr'>κρατεῖν</span> <span class='ocrx_word' id='word_1_777' title='bbox 3415 4893 3507 4946; x_wconf 72' lang='grc' dir='ltr'>καὶ</span> <span class='ocrx_word' id='word_1_778' title='bbox 3549 4893 3636 4946; x_wconf 77' lang='grc' dir='ltr'>διὰ</span> <span class='ocrx_word' id='word_1_779' title='bbox 3689 4895 3862 4965; x_wconf 80' lang='grc' dir='ltr'>λόγων</span> 
     </span>
    </p>
   </div>
   <div class='ocr_carea' id='block_1_106' title="bbox 2302 4978 3862 5055">
    <p class='ocr_par' dir='ltr' id='par_1_106' title="bbox 2302 4978 3862 5055">
     <span class='ocr_line' id='line_1_107' title="bbox 2302 4978 3862 5055; baseline 0.007 -24"><span class='ocrx_word' id='word_1_780' title='bbox 2302 4978 2560 5032; x_wconf 83' lang='grc' dir='ltr'>θεοσεϐῶν</span> <span class='ocrx_word' id='word_1_781' title='bbox 2582 4982 2661 5033; x_wconf 87' lang='grc' dir='ltr'>δεῖ</span> <span class='ocrx_word' id='word_1_782' title='bbox 2688 4983 2779 5035; x_wconf 84' lang='grc' dir='ltr'>τὸν</span> <span class='ocrx_word' id='word_1_783' title='bbox 2814 4981 3055 5045; x_wconf 76' lang='grc' dir='ltr'>Ἐζεκίαν</span> <span class='ocrx_word' id='word_1_784' title='bbox 3081 4983 3172 5036; x_wconf 76' lang='grc' dir='ltr'>καὶ</span> <span class='ocrx_word' id='word_1_785' title='bbox 3201 4984 3326 5046; x_wconf 73' lang='grc' dir='ltr'>τοὺς</span> <span class='ocrx_word' id='word_1_786' title='bbox 3348 4985 3442 5036; x_wconf 75' lang='grc' dir='ltr'>σὺν</span> <span class='ocrx_word' id='word_1_787' title='bbox 3474 4985 3638 5055; x_wconf 77' lang='grc' dir='ltr'>αὐτῷ.</span> <span class='ocrx_word' id='word_1_788' title='bbox 3675 4987 3862 5043; x_wconf 75' lang='grc' dir='ltr'>Ταῦτα</span> 
     </span>
    </p>
   </div>
   <div class='ocr_carea' id='block_1_107' title="bbox 2300 5072 3861 5147">
    <p class='ocr_par' dir='ltr' id='par_1_107' title="bbox 2300 5072 3861 5147">
     <span class='ocr_line' id='line_1_108' title="bbox 2300 5072 3861 5147; baseline 0.005 -23"><span class='ocrx_word' id='word_1_789' title='bbox 2300 5072 2434 5125; x_wconf 76' lang='grc' dir='ltr'>αὐτὰ</span> <span class='ocrx_word' id='word_1_790' title='bbox 2478 5072 2750 5126; x_wconf 81' lang='grc' dir='ltr'>διαϐάλλει</span> <span class='ocrx_word' id='word_1_791' title='bbox 2781 5075 2809 5126; x_wconf 91' lang='lat'>6</span> <span class='ocrx_word' id='word_1_792' title='bbox 2839 5072 2930 5125; x_wconf 82' lang='grc' dir='ltr'>τοῦ</span> <span class='ocrx_word' id='word_1_793' title='bbox 2978 5074 3258 5144; x_wconf 84' lang='grc' dir='ltr'>Ἀσσυρίου</span> <span class='ocrx_word' id='word_1_794' title='bbox 3311 5076 3632 5145; x_wconf 75' lang='grc' dir='ltr'>στρατηγὸς,</span> <span class='ocrx_word' id='word_1_795' title='bbox 3687 5077 3861 5147; x_wconf 89' lang='grc' dir='ltr'>λέγων</span> 
     </span>
    </p>
   </div>
   <div class='ocr_carea' id='block_1_108' title="bbox 2301 5162 3863 5236">
    <p class='ocr_par' dir='ltr' id='par_1_108' title="bbox 2301 5162 3863 5236">
     <span class='ocr_line' id='line_1_109' title="bbox 2301 5162 3863 5236; baseline 0.017 -26"><span class='ocrx_word' id='word_1_796' title='bbox 2301 5162 2374 5226; x_wconf 80' lang='grc' dir='ltr'>ὡς</span> <span class='ocrx_word' id='word_1_797' title='bbox 2404 5165 2554 5234; x_wconf 68' lang='grc' dir='ltr'>⁹πρὸς</span> <span class='ocrx_word' id='word_1_798' title='bbox 2591 5165 2834 5235; x_wconf 87' lang='grc' dir='ltr'>παρόντα</span> <span class='ocrx_word' id='word_1_799' title='bbox 2880 5164 2968 5217; x_wconf 86' lang='grc' dir='ltr'>τὸν</span> <span class='ocrx_word' id='word_1_800' title='bbox 3014 5165 3288 5229; x_wconf 72' lang='grc' dir='ltr'>Ἐζεκίαν⁸</span> <span class='ocrx_word' id='word_1_801' title='bbox 3325 5166 3460 5236; x_wconf 77' lang='grc' dir='ltr'>πρὸς</span> <span class='ocrx_word' id='word_1_802' title='bbox 3497 5166 3554 5218; x_wconf 80' lang='grc' dir='ltr'>ὃν</span> <span class='ocrx_word' id='word_1_803' title='bbox 3603 5167 3667 5219; x_wconf 78' lang='grc' dir='ltr'>ἂν</span> <span class='ocrx_word' id='word_1_804' title='bbox 3710 5166 3863 5223; x_wconf 54' lang='grc' dir='ltr'>εθπεν</span> 
     </span>
    </p>
   </div>
   <div class='ocr_carea' id='block_1_109' title="bbox 2314 5251 3863 5327">
    <p class='ocr_par' dir='ltr' id='par_1_109' title="bbox 2314 5251 3863 5327">
     <span class='ocr_line' id='line_1_110' title="bbox 2314 5251 3863 5327; baseline 0.005 -20"><span class='ocrx_word' id='word_1_805' title='bbox 2314 5255 2555 5319; x_wconf 76' lang='grc' dir='ltr'>Ἐζεκίας</span> <span class='ocrx_word' id='word_1_806' title='bbox 2583 5256 2676 5309; x_wconf 70' lang='grc' dir='ltr'>καὶ</span> <span class='ocrx_word' id='word_1_807' title='bbox 2715 5255 2764 5309; x_wconf 88' lang='lat' dir='ltr'>ol</span> <span class='ocrx_word' id='word_1_808' title='bbox 2813 5255 2909 5308; x_wconf 79' lang='grc' dir='ltr'>σὺν</span> <span class='ocrx_word' id='word_1_809' title='bbox 2937 5254 3112 5327; x_wconf 80' lang='grc' dir='ltr'>αὐτῷ·</span> <span class='ocrx_word' id='word_1_810' title='bbox 3153 5274 3173 5307; x_wconf 82' lang='grc' dir='ltr'>ι</span> <span class='ocrx_word' id='word_1_811' title='bbox 3198 5251 3355 5310; x_wconf 72' lang='grc' dir='ltr'>οὗτοι</span> <span class='ocrx_word' id='word_1_812' title='bbox 3396 5257 3453 5308; x_wconf 79' lang='grc' dir='ltr'>ἐν</span> <span class='ocrx_word' id='word_1_813' title='bbox 3500 5258 3732 5327; x_wconf 77' lang='grc' dir='ltr'>ἅρμασι,</span> <span class='ocrx_word' id='word_1_814' title='bbox 3769 5261 3863 5315; x_wconf 78' lang='grc' dir='ltr'>καὶ</span> 
     </span>
    </p>
   </div>
   <div class='ocr_carea' id='block_1_110' title="bbox 2302 5341 3862 5427">
    <p class='ocr_par' dir='ltr' id='par_1_110' title="bbox 2302 5341 3862 5427">
     <span class='ocr_line' id='line_1_111' title="bbox 2302 5341 3862 5427; baseline 0.008 -28"><span class='ocrx_word' id='word_1_815' title='bbox 2302 5341 2444 5400; x_wconf 75' lang='grc' dir='ltr'>οὗτοι</span> <span class='ocrx_word' id='word_1_816' title='bbox 2469 5349 2526 5402; x_wconf 83' lang='grc' dir='ltr'>ὲν</span> <span class='ocrx_word' id='word_1_817' title='bbox 2551 5349 2737 5411; x_wconf 82' lang='grc' dir='ltr'>ἵπποις</span> <span class='ocrx_word' id='word_1_818' title='bbox 2756 5365 2769 5378; x_wconf 85' lang='grc'><strong>·</strong></span> <span class='ocrx_word' id='word_1_819' title='bbox 2805 5351 2961 5420; x_wconf 78' lang='grc' dir='ltr'>ἡμεῖς</span> <span class='ocrx_word' id='word_1_820' title='bbox 2987 5350 3045 5403; x_wconf 80' lang='grc' dir='ltr'>δὲ</span> <span class='ocrx_word' id='word_1_821' title='bbox 3077 5351 3137 5404; x_wconf 82' lang='grc' dir='ltr'>ὲν</span> <span class='ocrx_word' id='word_1_822' title='bbox 3162 5350 3385 5421; x_wconf 80' lang='grc' dir='ltr'>ὀνόματι</span> <span class='ocrx_word' id='word_1_823' title='bbox 3411 5350 3504 5404; x_wconf 81' lang='grc' dir='ltr'>τοῦ</span> <span class='ocrx_word' id='word_1_824' title='bbox 3533 5352 3667 5406; x_wconf 83' lang='grc' dir='ltr'>Θεοῦ</span> <span class='ocrx_word' id='word_1_825' title='bbox 3702 5356 3862 5427; x_wconf 76' lang='grc' dir='ltr'>ἡμῶν</span> 
     </span>
    </p>
   </div>
   <div class='ocr_carea' id='block_1_111' title="bbox 2304 5438 2921 5509">
    <p class='ocr_par' dir='ltr' id='par_1_111' title="bbox 2304 5438 2921 5509">
     <span class='ocr_line' id='line_1_112' title="bbox 2304 5438 2921 5509; baseline 0 -19"><span class='ocrx_word' id='word_1_826' title='bbox 2304 5438 2750 5509; x_wconf 74' lang='grc' dir='ltr'>ἐπικαλεσάμεθα.</span> <span class='ocrx_word' id='word_1_827' title='bbox 2783 5457 2801 5490; x_wconf 79' lang='grc' dir='ltr'>ι</span> <span class='ocrx_word' id='word_1_828' title='bbox 2898 5464 2921 5486; x_wconf 67' lang='grc' dir='ltr'><strong><em>ο</em></strong></span> 
     </span>
    </p>
   </div>
   <div class='ocr_carea' id='block_1_112' title="bbox 2376 5528 3854 5605">
    <p class='ocr_par' dir='ltr' id='par_1_112' title="bbox 2376 5528 3854 5605">
     <span class='ocr_line' id='line_1_113' title="bbox 2376 5528 3854 5605; baseline 0.008 -25"><span class='ocrx_word' id='word_1_829' title='bbox 2376 5549 2394 5580; x_wconf 78' lang='grc' dir='ltr'>ι</span> <span class='ocrx_word' id='word_1_830' title='bbox 2425 5530 2536 5583; x_wconf 73' lang='grc' dir='ltr'>Νῦν</span> <span class='ocrx_word' id='word_1_831' title='bbox 2571 5528 2793 5602; x_wconf 81' lang='grc' dir='ltr'>μίχθητε</span> <span class='ocrx_word' id='word_1_832' title='bbox 2828 5530 2905 5602; x_wconf 79' lang='grc' dir='ltr'>τῷ</span> <span class='ocrx_word' id='word_1_833' title='bbox 2946 5531 3133 5603; x_wconf 83' lang='grc' dir='ltr'>Κυρίῳ</span> <span class='ocrx_word' id='word_1_834' title='bbox 3169 5549 3267 5602; x_wconf 85' lang='grc' dir='ltr'>μου</span> <span class='ocrx_word' id='word_1_835' title='bbox 3300 5533 3377 5605; x_wconf 84' lang='grc' dir='ltr'>τῷ</span> <span class='ocrx_word' id='word_1_836' title='bbox 3422 5533 3628 5605; x_wconf 83' lang='grc' dir='ltr'>βασιλεί</span> <span class='ocrx_word' id='word_1_837' title='bbox 3671 5538 3854 5592; x_wconf 78' lang='grc' dir='ltr'>Ἀσσυ-</span> 
     </span>
    </p>
   </div>
  </div>
