4120 6294
200 371 292 428 διδ
1068 354 1573 416 COMMENTARIA
1614 352 1678 408 IN
1721 350 1975 407 lSAlMl.
2019 381 2086 395 ο·-
2122 347 2276 403 CAP.
2316 342 2560 400 XXXVI.

3346 329 3451 386 346

204 488 338 558 ρίων,
370 484 462 537 καὶ
493 480 656 534 δώσω
704 480 831 548 ὑμῖν
862 475 1125 545 δισχιλίαν
1159 474 1362 534 ἵππων,
1393 472 1441 524 εί
1475 467 1769 539 δυνήσεσθε

1879 465 1985 533 regi
2024 462 2391 535 Assyriorum,
2439 467 2494 511 et
2539 456 2682 509 dabu
2727 450 2882 504 vobis
2925 448 3033 501 duo
3070 444 3236 501 millia
3285 460 3454 508 eqnn-

2076 554 2084 558 _
2285 551 2296 558 .
2332 550 2345 558 .
2426 549 2438 558 .
2764 557 2769 558 ,
2795 556 2809 558 _
2860 555 3035 558 _____.__
3092 536 3150 558 υ.
3191 536 3454 558 .---.--..,-.ΙΑ

200 577 367 631 δοῦναι
395 575 677 636 ἀωσάτας
709 572 797 625 ἐπ’
828 568 1042 631 αὐτούς.
1076 567 1184 621 Καὶ
1218 564 1335 626 πῶς
1373 560 1601 615 δύνασθε
1634 560 1772 613 ἀπο-

203 668 414 738 στρέψαι
446 668 528 729 εἰς
561 665 858 736 πρόσωπον
886 661 995 713 τῶν
1024 655 1344 727 τοπαρχιῗη;
1382 654 1601 707 Οίκέται
1633 650 1773 703 είσὶν

201 763 245 815 οἱ
270 758 588 821 πεποιθότες
622 756 706 808 ἐπ’
736 754 1085 823 Αἰγυπτίους.
1119 749 1227 803 Καὶ
1253 746 1349 800 νῦν
1391 744 1465 817 μὴ
1501 745 1629 797 ἀνευ
1660 744 1773 796 Κυ-

207 854 308 923 ρίου
340 848 620 919 ἀνέϐημεν
654 848 746 899 ὲπὶ
788 846 886 916 τὴν
924 843 1108 915 χώραν
1146 839 1383 911 ταύτην;
1420 836 1623 908 Κύριος
1652 830 1771 885 εἷπε

207 944 327 1017 πρὸς
355 943 421 1014 ps
440 960 453 972 ·
492 939 756 1009 ’Λνάὁηθι
791 938 883 992 ἐπὶ
901 936 1006 1008 τὴν
1022 935 1125 1005 γῆν
1148 932 1371 1003 ταύτην,
1404 930 1496 983 καὶ
1526 927 1770 997 διάφθει-

208 1053 287 1104 ρον
334 1034 525 1103 αὐτὴν.
554 1052 575 1083 ι
618 1033 822 1100 Δεῖγμα
865 1029 941 1092 δὲ,
990 1027 1174 1097 φησὶν,
1226 1023 1451 1094 ἐναργὲς
1496 1020 1590 1073 τοῦ
1632 1016 1772 1071 κατά

205 1124 515 1195 πρόσταγμα
565 1121 707 1175 θεοῦ
752 1120 923 1175 ταῦτα
971 1115 1325 1187 γεγενῆσθαι,
1366 1115 1427 1168 τὸ
1451 1114 1548 1184 τὴν
1588 1112 1772 1181 Σαμά-

205 1232 342 1286 ρειαν
368 1214 509 1268 ἑλεῖν
538 1214 639 1267 καὶ
666 1212 841 1265 πάντα
862 1211 953 1264 τὸν
991 1208 1205 1281 Ἰσραὴλ
1226 1209 1534 1275 ἀπαγαγεῖν
1565 1203 1769 1273 αἰχμά-

204 1305 378 1360 λωτον.
428 1304 519 1367 Ὠς
572 1303 685 1375 γάρ
721 1303 961 1365 ἐκείνους
993 1299 1254 1367 ἀδελφοὺς
1284 1300 1443 1362 ὄντας
1474 1295 1772 1367 ὑμετέρους

203 1391 352 1460 εἷλον,
390 1398 491 1450 οὐκ
523 1398 703 1459 ἄλλως
744 1395 776 1466 ἢ
813 1393 908 1448 τοῦ
939 1391 1074 1446 Θεοῦ
1117 1391 1458 1462 βουλομένου,
1488 1390 1579 1443 τὸν
1612 1388 1771 1441 αὑτὸν

201 1489 382 1561 τρόπον
416 1488 586 1541 αὑτοῦ
622 1488 847 1557 νεύματι
873 1486 969 1540 καὶ
991 1484 1135 1555 ὑμᾶς
1166 1484 1437 1555 λήψομαι.
1474 1481 1595 1534 Εἴτε
1626 1480 1683 1533 δὲ
1710 1483 1773 1533 ὲκ

201 1580 285 1633 τοῦ
312 1581 515 1643 εἰκότος
540 1579 717 1632 ταῦτα
751 1579 954 1647 ἔφασκε
989 1575 1381 1647 στοχαζόμενος
1406 1574 1469 1626 τὸ
1500 1590 1771 1644 κεκρατη-

203 1672 339 1725 κέναι
391 1671 487 1724 τοῦ
540 1670 974 1742 χρηματίζοντος
1023 1668 1152 1721 λαοῦ
1187 1667 1277 1721 τοῦ
1324 1647 1485 1731 Θεοῦ,
1517 1664 1661 1732 λέγω
1707 1663 1771 1734 δὴ

201 1764 284 1817 τοῦ
326 1763 545 1834 Ἰσραήλ
569 1781 585 1794 ’
623 1763 733 1815 εἴτε
753 1762 846 1815 καὶ
877 1760 1091 1832 ἀληθῶς
1127 1759 1343 1831 ᾔσθετο,
1376 1756 1508 1810 Θεοῦ
1529 1754 1767 1810 ὑποϐάλ-

201 1852 367 1914 λοντος
394 1819 566 1905 αὐτοῦ
602 1856 713 1915 τοῖς
742 1819 1021 1921 λογισμοίς
1052 1819 1257 1921 ’τῶν
1300 1819 1566 1901 Ἰουδαίων
1604 1846 1764 1898 ὲπελ-
1806 1819 1843 1873 Β

203 1940 302 1992 θεῖν
332 1939 506 2011 χώρα,
536 1940 629 1993 διὰ
660 1941 756 2003 τάς
807 1939 1203 2010 πεπραγμένας
1235 1938 1417 2000 αὐτοῖς
1448 1937 1644 1999 κακίας
1678 1938 1770 1988 καὶ

203 2033 555 2102 παρανομίας.

270 2146 421 2197 (Καὶ
476 2143 603 2197 εἷπε
662 2143 799 2213 πρὸς
836 2142 996 2195 αὑτὸν
1042 2141 1346 2211 Ἐλιακείμ,
1397 2141 1490 2193 καὶ
1536 2141 1769 2210 Σομνᾶς,

204 2235 287 2286 καὶ
323 2235 511 2305 Ἰωάχ·
548 2234 798 2306 Λάλησον
829 2224 964 2305 πρὸς
995 2235 1121 2297 τοὺς
1156 2234 1349 2295 παῖδάς
1382 2249 1476 2285 σου
1511 2231 1768 2303 Συριστί·

202 2326 459 2396 ἀκούομεν
487 2326 602 2397 γὰρ
632 2327 792 2396 ἡμεῖς
812 2343 825 2356 ⁸
868 2326 960 2378 καὶ
996 2324 1070 2395 μὴ
1104 2323 1253 2377 λάλει
1286 2324 1420 2393 πρὸς
1451 2324 1598 2393 ἡμᾶς
1638 2322 1770 2374 Ἰου-

200 2416 378 2469 δαῖστί.
415 2419 526 2471 Καὶ
560 2418 649 2471 ἵνα
682 2417 735 2470 τί
764 2417 945 2479 λαλεῖς
976 2419 1056 2479 είς
1085 2416 1155 2470 τά
1183 2412 1296 2471 ὦτα
1324 2415 1431 2469 τῶν
1470 2415 1771 2486 ἀνθρώπων

202 2509 285 2560 ἐπὶ
304 2508 378 2579 τῷ
404 2509 614 2579 τείχει;
642 2528 661 2560 ι
696 2509 973 2579 Τηρητέον
1000 2510 1077 2571 δὲ,
1104 2511 1179 2573 ὠς
1219 2510 1312 2563 καὶ
1336 2509 1444 2562 τῶν
1472 2511 1530 2561 ὲν
1558 2508 1770 2570 τούτοις

208 2598 615 2670 ὀνομαζομένων
652 2599 879 2671 ἀνδρῶν,
932 2600 1073 2669 λέγω
1104 2600 1167 2670 δὴ
1210 2599 1305 2653 τοῦ
1366 2599 1649 2669 Ἐλιακεὶμ
1677 2599 1771 2651 καὶ

203 2689 285 2741 τοῦ
313 2690 512 2760 Σομνεὶ
539 2690 636 2744 καὶ
678 2689 765 2742 διὰ
794 2689 899 2743 τῶν
938 2690 1245 2762 ἔμπροσθεν
1284 2691 1505 2760 μνήμην
1537 2691 1773 2742 ἐποιεῖτο

204 2781 229 2832 6
249 2783 525 2852 προφήτης
546 2783 607 2834 ὲν
626 2780 705 2851 τῷ
728 2783 932 2852 ῥήματι
955 2782 1056 2851 τῆς
1082 2782 1364 2852 φάραγγος
1390 2781 1545 2835 Σιών.
1585 2782 1777 2848 Ἀναγ-

204 2871 323 2925 καία
367 2873 425 2927 δέ
472 2876 625 2928 ἐστιν
670 2876 703 2945 ἡ
756 2875 1079 2945 ἑπιτήρησις
1121 2876 1201 2937 είς
1244 2874 1305 2927 τὸ
1356 2872 1663 2944 ἐφαρμόσαι
1705 2875 1773 2943 τῇ

206 2964 529 3037 προκειμένῃ
579 2965 789 3037 ἱστορία
838 2966 963 3027 τοὺς
1014 2968 1072 3017 ὲν
1123 2967 1304 3037 ἐκείνῃ
1344 2968 1410 3036 τῇ
1467 2966 1775 3036 προφητείᾳ

208 3056 526 3126 φερομένους
599 3056 807 3124 λόγους.
850 3059 986 3111 Φασὶ
1030 3056 1085 3109 δὲ
1137 3058 1325 3120 παῖδες
1382 3056 1646 3127 Ἐϐραίων
1684 3055 1774 3108 τὸν

206 3145 399 3215 Σομνᾶν
418 3146 610 3200 τοῦτον
636 3146 999 3217 αὐτομολῆσαι
1035 3149 1170 3219 πρὸς
1189 3148 1282 3201 τὸν
1313 3148 1594 3219 Ἀσσύριον
1622 3147 1776 3200 ὕστεο
1802 3159 1843 3217 c

208 3251 308 3303 ρον,
334 3236 513 3303 δεξιὰν
547 3236 699 3307 αὑτῷ
733 3240 830 3292 σὺν
870 3240 1078 3310 ἑτέροις
1120 3239 1388 3293 δεδωκότα
1438 3239 1526 3293 διά
1571 3239 1663 3292 τὸν
1713 3238 1772 3305 ἐξ

207 3326 356 3379 αὐτοῦ
390 3329 559 3396 φόϐον
580 3346 593 3358 ·
633 3330 727 3382 καὶ
772 3330 961 3382 τούτου
992 3331 1151 3401 χάριν
1183 3331 1272 3384 διὰ
1318 3332 1427 3383 τῶν
1463 3330 1772 3402 ἔμπροσθεν

208 3420 683 3490 πῳφητευθὲντων
717 3422 843 3492 περὶ
880 3422 1045 3475 αὐτοῦ
1079 3423 1348 3477 λέλεκται.

274 3525 292 3558 ι
313 3508 420 3560 Καὶ
446 3503 574 3561 εἷπε
608 3510 745 3579 πρὸς
777 3510 972 3573 αὐτοὺς
1015 3511 1356 3581 Ῥαὸσάκης·
1392 3510 1483 3581 Μὴ
1515 3510 1652 3580 πρὸς
1683 3509 1772 3563 τὸν

211 3595 381 3665 κύριον
416 3599 596 3670 ὑμῶν,
631 3600 664 3669 ἢ
706 3600 841 3671 πρὸς
898 3602 1043 3671 ὑμᾶς
1074 3601 1383 3654 ἀπέσταλκὲ
1424 3619 1489 3672 με
1521 3605 1548 3655 6
1583 3601 1773 3673 κύριός

211 3701 321 3751 μου,
351 3686 585 3758 λαλῆσαι
618 3688 743 3752 τοὺς
773 3689 961 3757 λόγους
1004 3690 1259 3754 τούτους;
1299 3692 1434 3761 Οὐχὶ
1464 3691 1601 3761 πρὸς
1644 3692 1773 3753 τοὺς

207 3774 512 3846 ἀνθρώπους
551 3780 677 3841 τοὺς
709 3778 1055 3850 καθημένους
1085 3780 1178 3832 ἐπὶ
1208 3779 1286 3849 τῷ
1321 3780 1510 3849 τείχει,
1545 3780 1631 3832 ἵνα
1668 3779 1771 3849 φά-

208 3878 330 3929 γωσι
359 3868 587 3939 κόπρον,
616 3869 710 3922 καὶ
736 3870 931 3923 πίωσιν
954 3865 1113 3939 οὖρον
1143 3870 1260 3939 μεθ’
1292 3870 1446 3941 ὑμῶν
1480 3870 1595 3941 ἅμα
1619 3886 1633 3935 ;
1662 3871 1773 3923 Καὶ

208 3952 327 4028 [om
366 3958 701 4029 Ῥαὸσάκης,
748 3962 842 4012 καὶ
874 3960 1131 4031 ἀνεϐόησε
1180 3965 1330 4033 φωνῇ
1382 3961 1593 4034 μεγάλῃ
1637 3962 1772 4014 Ἰου-

207 4042 368 4099 δαίστὶ
406 4049 502 4101 καί⁵
535 4044 721 4101 εἶπεν·
768 4050 1060 4103 Ἀκούσατε
1092 4051 1215 4113 τοὺς
1251 4049 1439 4118 λόγους
1474 4049 1567 4103 τοῦ
1618 4049 1773 4119 βασι-

206 4136 331 4203 λέως
360 4140 452 4194 τοῦ
489 4142 748 4212 μεγάλου,
787 4143 1049 4213 βασιλέως
1095 4145 1411 4213 Ἀσσυρίων.
1450 4142 1588 4197 Τάδε
1625 4143 1773 4210 λέγει

206 4230 231 4280 6
258 4230 503 4300 βασιλεύς
524 4252 540 4264 ο
581 4236 671 4305 Μὴ
702 4236 964 4289 ἀπατάτω
995 4238 1138 4307 ὑμᾶς
1177 4235 1422 4301 Ἐζεκίας
1468 4237 1673 4305 λόγοις·
1710 4236 1770 4288 οὐ

204 4320 412 4394 δύνηται
447 4326 715 4397 ῥύσασθαι
754 4329 916 4397 ὑμᾶς.
953 4328 1064 4382 Καὶ
1120 4328 1194 4400 μὴ
1225 4329 1427 4397 λεγέτω
1459 4330 1587 4399 ὑμῖν
1623 4328 1773 4392 Ἐζε-

207 4414 342 4478 κίας,
375 4418 458 4469 ὅτι
489 4419 715 4488 ῥύσεται
749 4420 890 4490 ὑμᾶς
918 4420 946 4471 6
973 4419 1124 4483 Θεὸς,
1165 4421 1259 4474 καὶ
1292 4423 1353 4474 οὐ
1388 4422 1462 4492 μὴ
1494 4422 1771 4494 παραδοθῇ

206 4507 399 4576 ἡπόλις
425 4510 568 4581 αὕτη
600 4513 658 4563 ὲν
689 4515 831 4584 χειρὶ
852 4513 1116 4583 βασιλέως
1131 4512 1448 4584 Ἀσσυρίων.
1466 4513 1556 4585 Μὴ
1582 4514 1772 4568 ἀκούε-

206 4617 259 4655 τε
322 4603 585 4666 Ἐζεκίου.
615 4603 750 4656 Τάδε
808 4604 953 4672 λέγει
987 4605 1015 4656 6
1047 4604 1298 4673 βασιλεὺς
1342 4607 1639 4679 Ἀσσυρίων
1662 4627 1674 4639 ·
1707 4611 1772 4663 Ei

210 4689 451 4759 βούλεσθε
507 4693 887 4763 εὐλογηθῆναι,
935 4681 1297 4767 ἐκπορεύεσθε
1364 4699 1499 4769 πρὸς
1545 4700 1636 4769 μὲ,
1679 4701 1773 4754 καὶ

212 4784 431 4851 φάγεσθε
462 4786 693 4847 ἕκαστος
720 4785 817 4855 τὴν
850 4786 1090 4854 ἄμπελον
1123 4788 1287 4840 αὑτοῦ
1321 4790 1413 4841 καὶ
1443 4789 1540 4852 τὰς
1580 4793 1771 4855 συκᾶς,

212 4873 294 4925 καί
322 4875 511 4927 πίεσθε
546 4874 686 4945 ὓδωρ
713 4876 777 4928 ἐκ
805 4874 899 4929 τοῦ
932 4874 1134 4928 λάκκου
1167 4878 1347 4947 ὑμῶν·
1383 4879 1486 4943 ἕως
1520 4880 1587 4933 ἂν
1611 4880 1769 4945 ἔλθω,

210 4967 294 5017 καὶ
318 4966 465 5019 λαῦω
521 4967 666 5035 ὑμᾶς
710 4969 789 5031 είς
832 4968 960 5037 γῆν,
991 4970 1067 5033 ὡς
1099 4973 1131 5040 ὴ
1162 4972 1232 5040 γῆ
1268 4971 1441 5041 ὑμῶν,
1476 4974 1548 5043 γῆ
1600 4974 1770 5041 σίτου,

210 5052 294 5107 καὶ
328 5056 469 5107 οἴνου
502 5055 598 5106 καὶ
625 5055 827 5124 ἄρτων,
855 5059 950 5109 καὶ
988 5058 1341 5127 ἀμπελώνων.
1376 5062 1467 5130 Μὴ
1512 5064 1775 5117 ἀπατάτω

211 5144 341 5213 ὑμᾶς
382 5146 654 5210 Ἐζεκίας,
703 5146 904 5215 λέγων·
947 5150 1003 5203 Ὀ
1041 5150 1173 5213 Θεὸς
1215 5151 1435 5223 ῥύσεται
1481 5156 1648 5224 ἡμᾶς.
1683 5156 1775 5226 Μὴ

212 5233 497 5304 ὲρῤύσαντο
539 5236 587 5289 οἱ
633 5235 746 5288 θεοὶ
778 5237 884 5290 τῶν
919 5239 1120 5304 ἐθνῶν,
1160 5242 1389 5306 ἕκαστος
1452 5245 1550 5315 τὴν
1581 5246 1773 5299 ἑαυτοῦ

212 5323 378 5395 χώραν
410 5330 474 5381 ἐκ
521 5327 701 5398 χειρὸς
745 5326 1006 5397 βασιλέως
1052 5332 1386 5405 Ἀσσυρίων;
1421 5335 1533 5388 Ποῦ
1575 5338 1721 5391 ἐστιν
1749 5341 1777 5391 ὁ

213 5412 319 5478 θεὸς
368 5417 564 5487 Ἐμάθ,
618 5419 713 5471 καὶ
753 5418 993 5490 Ἀρφάθ;
1043 5423 1137 5476 καὶ
1171 5424 1274 5477 ποῦ
1311 5428 1340 5479 6
1374 5426 1509 5490 Θεὸς
1548 5428 1646 5497 τῆς
1675 5430 1774 5488 πό-

214 5503 335 5570 λεως
378 5508 791 5581 Ἐκφαρουαῖμ;
839 5512 930 5583 Μὴ
975 5514 1225 5568 ἐδύναντο
1275 5517 1540 5587 ῥύσασθαι
1587 5520 1774 5590 Σαμά-

1875 573 2015 616 rnut,
2043 554 2088 610 si
2122 550 2376 622 poteritis
2407 549 2539 601 dare
2569 556 2815 600 sessores
2850 555 3061 595 eorum.
3092 536 3157 590 Et
3186 536 3455 603 quomodo

1872 647 2098 717 potcctis
2142 654 2293 697 stare
2330 644 2382 695 in
2431 644 2729 708 conspectu
2778 626 3213 700 toparcharum?
3259 625 3455 677 Dome-

1871 739 1994 793 stici
2038 746 2196 800 sunt,
2244 734 2335 804 qui
2398 726 2673 800 Egyptiis
2726 722 3029 778 conﬁdunt.
3078 718 3141 772 Et
3198 730 3455 804 nuncau

1872 834 2079 897 absque
2122 803 2348 880 Domino
2388 819 2735 875 ascendimus
2790 814 2844 868 in
2899 822 3103 865 terram
3140 805 3319 863 hanc?
3356 803 3459 858 Do-

1877 895 2055 975 minus
2088 918 2229 972 dixit
2258 915 2386 970 mihi
2424 931 2436 967 :
2476 910 2729 966 AscenJe
2759 905 2813 959 in
2848 912 3046 957 terram
3074 899 3235 962 hanc,
3267 906 3322 951 et
3350 895 3459 949 dis-

1873 1013 2037 1082 perde
2067 1025 2210 1065 eam.
2242 1028 2262 1060 ι
2302 1009 2720 1076 Argumentum,
2749 994 2949 1066 inquit,
2971 990 3321 1047 manifestum
3355 995 3459 1048 cst,

1873 1079 1988 1159 haec
2024 1103 2177 1171 jussu
2212 1099 2305 1155 Dei
2344 1106 2568 1167 peracta
2608 1092 2800 1152 fuisse,
2834 1085 2980 1152 quod
3021 1083 3111 1139 ille
3150 1079 3456 1171 Samariam

1873 1170 2289 1264 “pugnaverit,
2320 1198 2374 1243 et
2403 1187 2716 1241 universum
2750 1177 3006 1236 israeiem
3051 1175 3325 1246 captivum
3356 1170 3457 1227 ab-

1874 1262 2107 1338 duxerit.
2146 1273 2615 1347 Quemadmodum
2649 1269 2797 1325 enim
2825 1282 2951 1332 eos,
2993 1264 3086 1334 qui
3128 1262 3328 1317 fratres
3369 1273 3463 1313 ve-

1873 1379 1971 1430 stri
2014 1382 2173 1437 sunt,
2215 1384 2321 1424 non
2353 1364 2513 1420 aliter
2566 1376 2729 1433 quam
2767 1360 2880 1415 Deo
2918 1357 3156 1423 volente,
3203 1353 3344 1424 cepi,
3383 1352 3459 1405 ita

1873 1477 1930 1522 ct
1956 1467 2075 1532 ejus
2127 1472 2259 1518 nutu
2300 1473 2399 1513 vos
2431 1456 2665 1523 capiam.
2708 1452 2832 1507 llaec
2864 1464 3029 1522 porro
3065 1449 3183 1505 sive
3225 1462 3290 1502 ex
3342 1443 3458 1499 veri

1874 1556 2231 1613 similitudine
2267 1552 2502 1607 dicebat.
2555 1548 2683 1602 hinc
2718 1546 3035 1614 conjectura
3078 1544 3271 1604 ducta,
3316 1538 3461 1609 quod

1874 1666 2038 1713 erunt,
2076 1648 2172 1719 qui
2221 1644 2451 1715 populus
2497 1641 2591 1696 Dei
2624 1638 2956 1702 vocabatur,
3001 1633 3255 1691 Israelem
3300 1632 3459 1696 dico,

1875 1749 2282 1810 expugnasset;
2326 1738 2444 1792 sive
2489 1733 2634 1804 quod
2683 1746 2868 1786 revera
2904 1729 3162 1789 sentiret,
3202 1742 3231 1779 a
3270 1725 3464 1780 Denso

1877 1836 1942 1887 ad
1984 1832 2291 1888 Iudaeorum
2345 1839 2547 1883 terram
2611 1822 2971 1879 invadendam
3016 1819 3274 1874 immissis
3319 1818 3465 1886 cogi-

1877 1926 2176 1981 tationibus
2222 1920 2506 1993 instigari,
2543 1920 2614 1974 ob
2655 1914 2797 1971 mala
2841 1923 2898 1969 et
2948 1912 3159 1969 scelera
3212 1910 3280 1965 ab
3330 1909 3464 1980 ipsis

1875 2027 2205 2086 perpetrata.

1945 2108 2109 2162 Vsus.
2144 2107 2232 2159 Η.
2264 2124 2282 2158 ι
2324 2104 2391 2159 Ει
2435 2103 2574 2158 dixit
2618 2101 2667 2156 ci
2707 2098 2932 2154 Eliacim
2957 2137 2973 2162 ,
3007 2106 3063 2151 et
3090 2094 3320 2150 Somuas
3344 2136 3357 2157 ,
3409 2102 3464 2147 et

1872 2201 2077 2258 Joach:
2108 2199 2358 2269 Loquere
2389 2197 2454 2252 ad
2498 2208 2690 2251 servos
2730 2202 2854 2247 tuos
2899 2189 3163 2261 Syriace:
3209 2187 3463 2240 audimus

1873 2296 2017 2351 enim
2049 2310 2179 2349 nos:
2223 2304 2277 2347 et
2310 2305 2377 2345 ne
2420 2291 2639 2357 loquere
2686 2283 2753 2339 ad
2791 2298 2892 2339 nos
2932 2280 3174 2335 Judaice.
3235 2276 3302 2331 Et
3330 2276 3461 2345 quid

1875 2387 2115 2458 loqueris
2152 2386 2207 2439 in
2242 2397 2404 2438 aures
2443 2379 2760 2442 hominum,
2810 2374 2901 2445 qui
2948 2381 3099 2428 stant
3147 2382 3312 2439 supra
3340 2382 3461 2421 ntu-

1877 2479 2033 2535 rum?
2069 2497 2088 2530 ›
2118 2476 2427 2531 Notandum
2456 2482 2561 2534 est,
2586 2470 2674 2525 hic
2702 2474 3126 2522 memoratarum
3154 2459 3459 2523 hominum,

1875 2571 2130 2629 videlicet
2176 2568 2403 2624 Eliacim
2455 2574 2511 2618 et
2555 2562 2793 2625 Summe,
2841 2558 3007 2613 etiam
3058 2555 3112 2609 iu
3162 2551 3464 2623 praemissis
3569 2553 3572 2558 '

1876 2662 2211 2718 mentionem
2256 2674 2284 2711 a
2320 2654 2584 2727 propheta
2618 2652 2817 2706 factam
2855 2661 2997 2713 esse,
3044 2661 3169 2702 cum
3214 2643 3281 2699 de
3324 2642 3463 2696 valle

1877 2756 2008 2810 Sion
2038 2768 2220 2809 sermo
2249 2752 2567 2807 haberetur.
2614 2744 2716 2800 Hic
2764 2755 2930 2815 porro
2971 2754 3033 2795 ea
3077 2734 3464 2795 observatione

1875 2855 1962 2902 est
1997 2859 2154 2914 opus,
2187 2852 2245 2896 ut
2287 2824 2414 2895 huic
2448 2835 2713 2901 historiae,
2736 2832 3038 2905 prophetiae
3074 2831 3221 2885 illius
3261 2844 3466 2884 sermo-

1879 2952 1977 2991 nes
2001 2938 2346 3005 adaptemus.
2376 2932 2544 2985 Aiunt
2567 2940 2753 2984 autem
2776 2926 3010 2989 Hebraei,
3032 2924 3175 2979 hunc
3201 2921 3461 2977 Somnum

1877 3030 1945 3084 ad
1979 3028 2260 3098 Assyrium
2301 3032 2491 3094 postea
2523 3020 2903 3090 transfugisse,
2930 3033 2993 3071 ac
3034 3032 3157 3071 cum
3196 3015 3316 3069 aliis
3357 3014 3459 3082 ipsi

1879 3120 2157 3174 dexteram
2218 3114 2550 3180 contulisse,
2604 3113 2723 3184 eius
2776 3110 3072 3165 formidine
3113 3117 3460 3178 permotum:

1877 3222 2041 3280 atque
2074 3211 2196 3264 ideo
2249 3224 2347 3273 ea,
2390 3222 2511 3277 quae
2562 3206 2819 3276 superius
2865 3204 2920 3259 in
2972 3201 3256 3273 prOphetia
3300 3201 3468 3255 conti-

1878 3315 2098 3368 nentur,
2129 3303 2197 3357 de
2240 3302 2332 3357 illo
2367 3301 2511 3355 dicta
2547 3298 2737 3354 fuisse.

1947 3483 2113 3538 \‘sss.
2150 3482 2339 3540 12-20.
2380 3499 2400 3534 ι
2441 3481 2506 3536 Et
2532 3480 2670 3536 dixit
2714 3478 2780 3533 ad
2812 3492 2907 3533 eos
2956 3477 3281 3533 Rabsaces:
3324 3471 3462 3527 Num

1878 3580 1944 3633 ad
1975 3577 2252 3632 dominum
2287 3586 2549 3639 vestrum,
2593 3581 2688 3628 aut
2726 3572 2792 3626 ad
2834 3585 2929 3626 vos
2986 3569 3135 3623 misit
3179 3582 3265 3622 me
3297 3565 3466 3621 domi-

1876 3686 1977 3724 nus
2018 3684 2204 3735 meus,
2267 3677 2325 3720 ut
2388 3666 2580 3736 loquar
2626 3678 2913 3720 sermones
2960 3661 3130 3717 istos?
3159 3659 3350 3715 Nonne
3395 3661 3463 3712 ad

1876 3762 2123 3817 homines
2155 3761 2248 3832 qui
2305 3760 2498 3815 sedent
2531 3774 2696 3828 supra
2742 3772 2997 3821 murum,
3053 3763 3113 3809 ut
3176 3753 3465 3809 comedent

1875 3862 2109 3920 stercus,
2143 3862 2200 3909 et
2235 3852 2427 3908 bibant
2465 3852 2679 3906 urinam
2717 3849 3001 3904 vobiscum
3032 3846 3230 3902 simul?
3260 3846 3323 3900 Et
3360 3854 3466 3901 ste-

1878 3945 1941 3999 tit
1978 3944 2283 4009 Rabsaces,
2337 3953 2392 4001 et
2462 3943 2721 3999 clamavit
2773 3956 2907 3997 voce
2958 3955 3153 4011 magna
3206 3938 3460 4003 Judaice,

1874 4047 1931 4093 et
1961 4039 2135 4094 dixit:
2173 4037 2371 4092 Audite
2416 4052 2703 4092 sermones
2740 4035 2887 4106 regis
2928 4033 3142 4103 magni,
3188 4032 3329 4099 regis
3359 4034 3464 4085 As-

1874 4131 2169 4201 syriorum.
2205 4130 2332 4185 Haec
2364 4130 2497 4185 dicit
2528 4145 2621 4185 rex
2647 4146 2662 4183 :
2693 4127 2773 4185 Ne
2798 4142 2897 4183 vos
2935 4125 3166 4195 decipiat
3198 4122 3463 4179 Ezechias

1876 4224 2097 4280 verbis:
2144 4237 2252 4278 non
2295 4222 2500 4293 poterit
2528 4221 2762 4277 liberare
2786 4234 2919 4275 vos.
2935 4218 3004 4273 Et
3037 4232 3107 4273 ne
3132 4216 3281 4273 dicat
3310 4216 3464 4272 vobis

1876 4316 2144 4372 Ezechias
2167 4356 2184 4383 ,
2218 4315 2348 4385 quia
2396 4313 2655 4370 liberabit
2689 4327 2785 4368 vos
2823 4312 2991 4377 Deus,
3037 4321 3093 4366 et
3119 4322 3461 4379 nequaquam

1876 4408 2124 4463 tradetur
2163 4407 2360 4463 civitas
2387 4406 2503 4463 haec
2532 4408 2585 4461 in
2629 4421 2851 4461 manum
2902 4404 3047 4475 regis
3088 4404 3461 4473 Assyriorum.

1804 4493 1850 4553 D
1877 4500 2052 4556 Nolite
2078 4499 2371 4556 Ezechiam
2398 4500 2608 4555 audire.
2636 4498 2764 4554 Haec
2789 4498 2921 4553 dicit
2947 4511 3045 4551 rex
3073 4495 3460 4567 Assyriorum:

1877 4592 1934 4648 Si
1971 4592 2133 4648 vultis
2169 4592 2447 4655 benedici,
2476 4591 2799 4663 egredimini
2843 4590 2910 4645 ad
2955 4603 3067 4655 me,
3107 4597 3165 4643 et
3195 4586 3464 4643 oomedite

1876 4686 2248 4755 unusquisque
2272 4685 2485 4739 vineam
2513 4700 2666 4739 suam
2716 4693 2774 4739 et
2802 4683 2965 4747 licus,
2988 4692 3044 4737 et
3067 4681 3236 4736 bibite
3263 4695 3460 4750 aquam

1875 4795 1941 4835 ex
1977 4779 2098 4833 lacu
2138 4787 2361 4842 vestro;
2398 4777 2570 4832 donec
2615 4778 2829 4832 veniam
2861 4786 2917 4830 et
2965 4790 3240 4830 assumam
3282 4788 3378 4828 vos
3408 4774 3459 4826 in

1879 4880 2106 4933 terram,
2136 4886 2257 4941 qua:
2294 4879 2380 4925 est
2429 4876 2687 4939 tanquam
2726 4879 2871 4924 terra
2911 4879 3121 4934 vestra,
3165 4878 3313 4923 terra
3354 4866 3462 4922 fru-

1877 4965 2065 5028 menti,
2094 4974 2149 5019 et
2193 4964 2339 5028 vini,
2382 4974 2436 5018 et
2489 4978 2711 5032 panum,
2766 4975 2822 5018 et
2865 4964 3166 5017 vinearum.
3204 4962 3284 5018 Ne
3324 4962 3463 5016 deci-

1879 5059 1990 5125 piat
2026 5072 2122 5111 vos
2140 5057 2405 5112 Ezechias
2442 5058 2665 5112 dicens:
2702 5056 2845 5111 Deus
2872 5055 3129 5111 liberabit
3167 5072 3284 5112 nos.
3318 5056 3455 5111 Num

1879 5151 2178 5204 liberarunt
2201 5150 2271 5205 dii
2302 5150 2566 5220 gentium,
2598 5150 2973 5219 unusquisque
3002 5151 3278 5221 regionem
3304 5165 3456 5203 suam

1877 5245 1943 5297 de
1977 5259 2138 5296 manu
2169 5243 2311 5311 regis
2353 5242 2741 5315 Assyriorum?
2782 5242 2882 5299 Ubi
2936 5254 3019 5298 est
3057 5246 3191 5298 deus
3232 5243 3457 5309 Emath,

1877 5343 1931 5388 et
1960 5333 2248 5404 Arpbath?
2280 5341 2333 5388 et
2378 5335 2468 5389 ubi
2494 5336 2637 5390 Deus
2670 5336 2910 5392 civitatis
2946 5335 3345 5407 Ecpbarvaim?
3374 5338 3455 5389 An

1880 5437 2169 5495 potuerunt
2204 5427 2417 5497 eripere
2458 5426 2765 5482 Samariam
2803 5430 2871 5483 de
2916 5445 3078 5483 manu
3126 5428 3280 5487 mea?
3312 5446 3330 5480 ι
3375 5425 3461 5481 Ni-

1884 5519 1954 5573 hil
1994 5517 2209 5574 diﬂerre
2253 5528 2449 5589 putans
2495 5518 2659 5573 Deum
2696 5518 3079 5591 Hieromiymae
3124 5520 3355 5581 cultum,
3390 5520 3459 5575 ab

220 5613 352 5663 ρειαν
375 5603 439 5654 ὲκ
471 5602 656 5674 χειρός
691 5619 827 5671 μου;
855 5624 871 5655 ι
898 5605 1063 5659 Οὐδὲν
1092 5608 1373 5679 διαφέρειν
1415 5609 1648 5679 νομίζων
1685 5613 1774 5664 τὸν

1884 5612 1973 5675 iis.
2004 5612 2095 5680 qui
2130 5612 2274 5681 apud
2297 5621 2527 5665 caeteras
2557 5625 2750 5666 errore
2784 5613 2976 5666 ductas
3003 5619 3193 5679 gentes
3230 5609 3305 5663 dii
3340 5624 3460 5663 esse

217 5687 268 5785 ἐξ
289 5692 351 5763 τῇ
390 5691 750 5785 Ἰερουσαλὴμ
783 5695 1090 5765 τιμώμενον
1118 5698 1225 5750 τῶν
1261 5700 1410 5769 παρά
1443 5704 1555 5763 τοῖς
1599 5701 1774 5766 ἄλλοις

1880 5704 2359 5759 existimabantur.
2390 5701 2672 5759 Gradatint
2700 5718 2863 5773 porro
2889 5704 3155 5757 barbarus
3186 5702 3275 5757 ille
3303 5718 3457 5758 suam

216 5774 377 5832 ἔθνεσι
399 5781 832 5852 πεπλανημένως
861 5784 1000 5840 θεῶν
1021 5788 1409 5859 νομιζομένων.
1437 5792 1573 5846 Κατ’
1595 5793 1774 5863 ὀλίγον

1884 5795 1994 5854 Deo
2032 5795 2310 5852 inimicam
2342 5794 2577 5867 linguam
2610 5796 2905 5867 instruxit;
2938 5812 3001 5853 ac
3026 5795 3203 5868 primo
3233 5796 3454 5868 quidem
