4120 6294
674 388 777 443 3H
1395 376 1655 435 EUSEB‘I
1695 377 2055 434 CESARIEN
2066 377 2170 431 SlS
2207 375 2233 432 ε

2332 387 2355 432 ’.
2388 376 2566 430 PARS
2607 375 2693 431 lli.
2731 404 2800 416 —
2840 370 3246 428 EXEGETICA.
3792 372 3896 428 διε

679 505 940 555 adversus
966 506 1215 551 sanctum
1240 485 1413 548 virum
1442 494 1697 549 mentitus
1722 503 1825 554 est,
1846 509 1965 546 eum
2000 491 2228 562 Egypto

2332 492 2382 543 δὲ
2410 493 2438 542 6
2471 490 2741 562 βάρϐαρος
2777 490 2876 560 τὴν
2906 486 3170 558 θεομάχον
3221 485 3482 551 ἐξώπλισε
3519 485 3795 553 γλῶσσαν·
3835 488 3902 558 το,

681 597 844 648 lidere
876 591 1170 653 dictitans;
1205 587 1401 641 deinde
1440 586 1557 652 ejus
1591 585 1991 638 adhortationes
2025 586 2232 637 solvere

2334 585 2430 651 μὲν
2473 583 2687 652 πρῶτον
2722 582 2814 635 τοῦ
2865 581 3016 648 ἁγίου
3058 577 3541 648 καταψευδόμενος,
3583 579 3678 632 καὶ
3725 577 3896 645 λέγων

678 697 728 739 et
767 680 1050 747 confutare
1099 688 1323 733 conatus
1369 687 1472 742 est,
1524 677 1676 745 queis
1733 675 2124 730 mollitudinem
2169 675 2232 728 ad

2332 674 2488 726 αὑτὸν
2521 673 2833 726 πεποιθέναι
2863 673 2947 724 ἐπ’
2986 669 3288 738 Αἰγυπτον·
3325 664 3442 722 εἶτα
3474 667 3766 738 ἐπιχειρῶν
3795 667 3894 730 τάς

679 773 932 828 ﬁduciam
971 772 1024 826 in
1071 771 1178 824 Deo
1227 769 1526 836 ponendam
1586 768 1883 830 invitabat,
1937 769 2077 822 vires
2119 768 2233 834 ejus

2333 763 2678 833 παραινέσεις
2706 760 2870 815 αὑτοῦ
2895 758 3130 812 διαλύειν
3168 755 3267 819 τάς
3295 756 3387 809 ὶπὶ
3429 754 3547 825 Θεῷ
3573 752 3896 854 πεποιθέναι

682 868 965 918 traducens
995 877 1057 918 ac
1088 869 1457 924 contemnens,
1489 861 1633 929 quod
1685 860 1925 929 equitatu
1960 875 2063 913 non
2097 859 2233 913 vale-

2332 856 2390 906 τὸ
2416 853 2617 924 πλῆθος
2647 848 3189 921 παρασκευαζούσας,
3219 846 3317 917 τὴν
3343 846 3566 917 δύναμιν
3587 843 3752 900 αὐτοῦ
3782 843 3894 897 δια·-

683 969 797 1020 ret;
830 966 1011 1026 posta
1041 968 1099 1008 se
1133 953 1241 1006 Deo
1264 952 1491 1022 jubente
1529 951 1843 1006 ascendisse
1870 950 2102 1015 dicebat,
2130 965 2236 1018 quo

681 1047 959 1116 populum,
989 1053 1048 1099 ut
1078 1058 1106 1098 a
1148 1045 1257 1098 Deo
1293 1043 1581 1112 proditum,
1612 1042 2094 1111 perterrefacer'et;
2138 1045 2238 1098 sub

687 1139 799 1192 haec
849 1135 1336 1208 pollicitationibus
1381 1134 1777 1189 fructuosorum
1826 1136 2138 1200 vinearum,
2187 1146 2240 1190 et

684 1229 908 1283 aliorum
939 1243 1060 1297 quae
1106 1230 1241 1280 bona
1291 1226 1624 1280 :estimantur
1650 1264 1664 1288 ,
1710 1236 1792 1278 est
1831 1241 1992 1288 usus;
2025 1226 2238 1280 deruunt

682 1320 799 1372 haec
841 1320 944 1373 sibi
977 1318 1185 1372 inutilia
1211 1332 1329 1371 esse
1358 1317 1812 1382 animadverteris,
1853 1319 2237 1372 exsecrandum

684 1409 921 1477 linguam
958 1409 1154 1478 aperit,
1198 1423 1302 1476 qua
1340 1408 1530 1476 impias
1570 1408 1793 1477 protu'it
1822 1424 1998 1463 voces.
2042 1409 2235 1464 Verum

683 1501 977 1569 impietatis
1013 1514 1199 1569 ptenas
1237 1499 1405 1562 dedit,
1450 1515 1572 1554 cum
1612 1501 1783 1570 angeli
1833 1517 1988 1556 tnanu
2041 1502 2241 1557 exerci-

688 1601 772 1644 tus
797 1590 912 1656 ejus
944 1590 1183 1644 funditus
1222 1591 1430 1644 deletus
1463 1602 1564 1646 est.

757 1681 917 1735 Vsss.
957 1681 1046 1744 21,
1073 1680 1160 1733 9-2.
1203 1700 1220 1731 ι
1252 1678 1314 1734 Ει
1346 1691 1660 1750 tacuerunt,
1691 1693 1744 1738 et
1774 1699 1932 1741 nemo
1965 1687 2238 1756 respondit

683 1771 732 1823 ei
780 1771 1036 1834 verbum,
1073 1772 1213 1839 quod
1265 1773 1627 1840 prohibuisset
1675 1791 1802 1839 rex,
1842 1791 1906 1830 ne
1954 1779 2234 1846 quisquam

2335 944 2542 998 ϐάλλων
2571 943 2660 996 διά
2689 939 2784 994 τοῦ
2817 941 2892 1012 pd;
2916 937 3217 1011 κτήσασθαι
3248 935 3586 1005 κατασκευὴν
3621 935 3854 1002 ἱππικήν
3877 947 3894 961 ·

2335 1030 2452 1086 εἶτα
2482 1031 2618 1102 μετὰ
2643 1030 2736 1084 τοῦ
2765 1028 2898 1083 Θεοῦ
2939 1026 3202 1096 ἀναϐῆναι
3228 1024 3422 1092 λέγων,
3453 1024 3528 1088 ὡς
3565 1023 3630 1077 ἂν
3653 1022 3898 1094 δειλιάσῃ

2333 1125 2396 1177 τὸ
2425 1121 2625 1191 πλῆθος
2654 1121 2729 1182 ὡς
2776 1119 3029 1191 προδοθὲν
3055 1118 3162 1172 άπὸ
3194 1115 3329 1170 Θεοῦ
3349 1134 3362 1145 ·
3396 1111 3513 1168 εἶτα
3545 1113 3897 1182 ἐπαγγελίαις

2336 1213 2585 1286 χρηστῶν
2611 1211 2964 1283 ἀμπελώνων,
2991 1211 3085 1265 καὶ
3113 1209 3220 1262 τῶν
3247 1208 3421 1263 ἄλλων
3466 1205 3762 1260 δοκούντων
3799 1222 3896 1259 καο

2336 1309 2472 1361 λῶν·
2505 1301 2622 1359 εῐτα
2654 1303 2807 1367 είδὼς
2839 1304 3015 1356 πάντα
3059 1300 3221 1355 αὑτοῦ
3263 1300 3331 1355 τά
3371 1297 3591 1352 τοιαῦτα
3621 1297 3899 1368 ἄπρακτα,

2336 1399 2433 1469 τὴν
2468 1396 2667 1470 μιαρὰν
2710 1394 2874 1448 αὐτοῦ
2912 1394 3118 1462 ἀνοίγει
3146 1392 3410 1462 γλῶτταν,
3436 1391 3687 1452 ἀσεϐείας
3719 1389 3901 1457 ἀφιεὶς

2338 1493 2538 1561 φωνάς.
2569 1488 2706 1542 Ἀλλ’
2735 1488 2980 1541 έκτέτικε
3007 1486 3160 1549 δίκας
3190 1485 3289 1555 τῆς
3346 1483 3618 1548 ἀσεϐείας,
3664 1481 3899 1552 ἀγγέλου

2337 1582 2671 1653 πανστρατιᾷ
2703 1578 3088 1648 δαπανώμενος
3118 1577 3281 1647 χειρί.

2413 1693 2430 1725 ι
2461 1673 2567 1727 Καὶ
2591 1672 2922 1742 ἐσιώπησαν,
2946 1657 3234 1731 καὶοὺδεὶς
3255 1666 3524 1736 ἀπεκρίθη
3550 1663 3698 1734 αὐτῷ
3720 1663 3897 1732 λόγον,

2338 1765 2423 1819 διά
2456 1765 2516 1819 τὸ
2553 1763 2850 1835 προστάξαι
2890 1762 2982 1815 τὸν
3027 1760 3249 1829 βασιλέα
3287 1759 3487 1830 μηδένα
3515 1754 3896 1826 ἀποκριθῆναι.

685 1860 786 1929 ipsi
840 1863 1210 1931 responderet.
1267 1863 1333 1918 Et
1383 1866 1651 1931 ingressus
1702 1875 1786 1920 est
1832 1841 2049 1921 Eliso-im
2095 1841 2233 1925 lilius

2337 1857 2444 1910 Καὶ
2474 1855 2716 1927 εἰσῆλθεν
2756 1855 3034 1923 Ἐλιακεὶμ
3057 1854 3085 1905 6
3108 1851 3201 1905 τοῦ
3227 1850 3455 1904 Χελκίου
3480 1848 3777 1918 οἰκονόμος,
3808 1847 3901 1902 καὶ

683 1948 914 2004 Cbelcia:
945 1965 1294 2017 meouomuS‘,
1335 1959 1387 2006 et
1439 1953 1665 2008 Somnas‘
1710 1957 1889 2010 scriba
1929 1957 2233 2022 exercitus,

684 2051 738 2094 et
767 2039 935 2094 Joach
969 2041 1112 2096 filius
1141 2043 1320 2111 Asaph
1343 2058 1371 2096 a
1399 2047 1804 2101 commentariis
1829 2050 1895 2101 ad
1923 2047 2236 2114 Esechiam,

687 2134 874 2188 scissis
908 2135 1123 2200 tunicis,
1159 2145 1213 2191 et
1246 2139 1690 2192 renuntiaverunt
1714 2139 1762 2193 ei
1787 2153 2061 2194 sermones
2093 2139 2237 2197 Rab-

683 2226 847 2280 saeis.
891 2245 913 2277 ι
954 2226 1068 2281 Non
1109 2229 1363 2283 convenit
1411 2229 1556 2283 enim
1593 2229 1712 2299 pio,
1756 2245 1876 2285 cum
1929 2231 2240 2300 blaspheme

686 2315 906 2370 nomine
943 2312 1204 2386 colloqui,
1235 2331 1303 2372 ne
1329 2317 1376 2374 is
1409 2318 1724 2373 concitatus
1763 2320 1815 2373 in
1861 2319 1964 2374 alia
1997 2321 2241 2392 blasphe-

686 2420 770 2459 κιο
801 2405 941 2460 dicta
979 2406 1293 2462 delabatur:
1354 2419 1565 2478 Oportet
1611 2412 1784 2465 solum
1839 2413 2085 2468 homines
2138 2429 2237 2470 ceu

685 2498 850 2552 armis
877 2499 1196 2569 quibusdam
1236 2503 1597 2557 commonitos
1623 2518 1765 2568 esse,
1793 2519 1858 2559 ac
1893 2504 2108 2561 silentio
2139 2524 2239 2562 un-

685 2589 847 2657 dique
879 2604 997 2645 sese
1038 2589 1244 2659 tegere,
1276 2604 1434 2646 veros
1471 2593 1610 2662 apud
1648 2609 1706 2650 se
1741 2610 2021 2652 sermones
2059 2599 2238 2653 occul—

688 2687 881 2744 tantes,
917 2694 980 2736 se
1011 2679 1106 2737 Del
1139 2691 1329 2736 contra
1369 2681 1711 2752 blasphemus
1747 2683 2010 2754 judicium
2042 2703 2236 2760 exspe-

683 2780 913 2828 ctantes.
957 2771 1089 2826 Cum
1136 2774 1250 2828 hmo
1277 2773 1424 2844 jussa
1479 2791 1573 2829 rex
1618 2777 1909 2845 prudenter
1963 2780 2234 2848 dedisset,

614 2929 618 2932 η
683 2863 865 2930 populi
925 2863 1161 2932 praefecti
1221 2867 1533 2921 mandatum
1587 2867 1704 2936 ejus
1753 2871 2233 2939 exsequebantur:

682 2955 822 3018 quod
894 2955 1018 3009 item
1092 2960 1451 3025 prmstandum
1514 2962 1670 3016 nobis
1723 2971 1805 3017 est
1851 2966 2238 3032 persecutionis

684 3053 940 3116 tempore,
973 3063 1178 3102 necnon
1203 3050 1255 3104 iu
1277 3054 1666 3136 communibus
1687 3055 1970 3126 impiisque
1997 3056 2239 3128 blasphe-

686 3151 893 3191 morum
933 3138 1236 3209 colloquiis.

1189 3230 1417 3290 CAPUT
1456 3234 1718 3294 XXXVII.

752 3316 912 3374 Vsus.
947 3321 999 3374 1.
1044 3339 1064 3372 ι
1105 3322 1169 3378 Ει
1202 3323 1403 3380 factum
1437 3337 1521 3381 est
1559 3344 1680 3382 eum
1715 3332 1928 3388 audiret
1964 3349 2054 3390 rex
2095 3334 2234 3392 Eze-

679 3411 869 3475 chias,
919 3413 1077 3468 scidit
1134 3416 1472 3483 vestimenta,
1537 3427 1591 3474 et
1630 3435 1845 3477 saccum
1902 3425 2074 3480 induit
2121 3444 2135 3480 :
2182 3437 2237 3482 et

680 3504 922 3558 ascendit
958 3506 1009 3558 in
1043 3507 1255 3561 domum
1317 3508 1546 3563 Domini.
1599 3531 1618 3564 ι
1655 3512 1861 3568 Praeter
1921 3517 2022 3569 alia
2077 3517 2236 3589 igitur

682 3593 922 3649 Ezechiae
964 3599 1127 3665 proba
1166 3599 1442 3666 facinora,
1477 3602 1691 3660 virtutis
1730 3608 2082 3675 exercitium,
2122 3626 2236 3666 nta-

673 3687 918 3757 jorisque
949 3689 1223 3758 religionis
1268 3704 1668 3763 argumentum,
1721 3698 1831 3752 Deo
1876 3711 2233 3768 procurante,

682 3791 876 3837 nactus
918 3779 1007 3834 ille
1047 3791 1165 3836 est:
1211 3784 1300 3852 qui
1331 3784 1522 3839 bellico
1552 3787 1769 3857 quidem
1803 3801 2089 3858 apparatu,
2129 3808 2234 3860 quo

679 3869 766 3923 ille
793 3874 1117 3940 coospicuus
1145 3884 1286 3938 erat,
1319 3887 1374 3928 et
1404 3877 1654 3932 munibus
1699 3879 1764 3932 ad
1808 3879 2000 3933 bellum
2051 3896 2233 3937 neces-

678 3961 836 4014 sariis
864 3972 919 4015 ut
942 3965 1256 4032 praeclarum
1283 3968 1468 4021 ducem
1496 3969 1738 4035 decebat,
1773 3970 2092 4039 instructus,
2126 3975 2235 4029 Deo

679 4060 855 4107 tamen
887 4057 1062 4110 ortinia
1111 4061 1414 4114 commisit:
1463 4076 1523 4115 ac
1559 4063 1782 4117 subdita:
1827 4065 1931 4118 sibi
1967 4066 2108 4135 plebi
2149 4082 2233 4122 re-

661 4134 881 4211 ligiosae
929 4146 1189 4204 doctrinae
1230 4164 1494 4222 prmeepta
1553 4158 1790 4211 tradidit.
1841 4179 1857 4210 ι
1913 4134 1978 4214 Et
2018 4175 2230 4216 saccum

678 4234 867 4300 induit,
907 4256 924 4287 ι
962 4238 1136 4294 luctus
1173 4251 1228 4295 et
1259 4241 1561 4299 alllictiouis
1594 4249 1740 4316 signa
1785 4266 2106 4305 assumens:
2151 4265 2232 4306 at-

674 4342 779 4394 que
806 4331 905 4383 hoc
938 4330 1119 4384 habitu
1151 4347 1180 4385 ι
1219 4336 1359 4403 regia
1403 4337 1560 4390 domo
1590 4341 1654 4390 ad
1704 4342 1957 4410 templum
1993 4343 2107 4411 Dei,
2139 4361 2233 4411 per

676 4419 903 4473 mediam
944 4425 1127 4476 urbem
1169 4425 1441 4490 incedens,
1488 4445 1547 4482 se
1595 4433 1824 4486 contulit
1865 4450 2090 4504 seseque
2131 4438 2230 4490 hu-

2338 1949 2547 2019 Σομνάς
2595 1950 2623 2000 6
2660 1947 3019 2018 γραμματεὺς
3062 1946 3161 2014 τῆς
3206 1943 3503 2012 δυνάμεως,
3539 1942 3633 1994 καὶ
3675 1940 3832 2010 Ἰωάχ
3872 1942 3901 1992 6

2336 2037 2428 2091 τοῦ
2496 2036 2665 2106 ’Δσάφ
2717 2037 2755 2088 6-
2798 2033 3361 2105 ὑπομνηματογράφος
3426 2029 3561 2101 πρὸς
3630 2026 3897 2092 Ἐζεκίαν.

2337 2126 2644 2198 ὲσχισμένοι
2666 2126 2791 2188 τοὺς
2815 2124 3064 2194 χιτῶνας,
3110 2121 3203 2176 καὶ
3233 2118 3567 2190 ἀπήγγειλαν
3607 2115 3757 2186 αὐτῷ
3777 2117 3901 2182 τοὺς

2337 2219 2525 2288 λόγους
2559 2218 2883 2271 Ῥαϐσάκου.
2909 2233 2927 2266 ι
2960 2215 3110 2284 Μηδὲ
3131 2212 3238 2283 γάρ
3264 2213 3527 2284 προσήκει
3567 2209 3658 2262 τὸν
3701 2207 3903 2279 εὐσεϐῆ

2340 2310 2640 2381 βλασφήμῳ
2672 2305 3170 2378 προσδιαλέγεσθαι,
3201 2304 3277 2367 ὡς
3298 2302 3364 2356 ἂν
3391 2303 3467 2374 μὴ
3506 2301 3803 2373 ὲρεθίζοιτο
3825 2300 3905 2365 εις

2337 2402 2532 2474 ἑτέρας
2561 2399 2845 2454 ἐκπίπτειν
2883 2395 3225 2468 βλασφημίας
3244 2412 3257 2426 ·
3301 2395 3461 2465 μόνον
3491 2392 3546 2447 δὲ
3591 2392 3904 2464 πεφράχθαι

2336 2494 2415 2547 δεῖ
2444 2493 2629 2564 ὥσπερ
2673 2491 2812 2546 τισὶν
2841 2489 3044 2553 ὅπλοις,
3079 2488 3172 2543 καὶ
3204 2487 3535 2558 πανταχόθεν
3572 2484 3904 2572 ὴσφαλίσθαι

2337 2590 2401 2658 τῇ
2450 2590 2646 2658 σιωπῇ,
2697 2585 3034 2658 κρύπτοντας
3073 2585 3132 2637 ὲν
3171 2585 3380 2647 ἑαυτοῖς
3407 2585 3532 2646 τοὺς
3560 2582 3780 2654 ἀληθεῖς
3817 2580 3904 2634 λό-

2337 2695 2466 2746 γους
2482 2719 2498 2745 ν
2521 2677 2911 2748 περιμένοντας
2929 2675 2985 2728 δὲ
3007 2675 3103 2747 τὴν
3128 2677 3193 2728 ὲκ
3207 2674 3341 2728 Θεοῦ
3363 2674 3504 2728 κατά
3529 2674 3636 2728 τῶν
3663 2673 3905 2744 βλασφήη

2341 2786 2456 2839 μων
2508 2768 2707 2838 κρίσιν.
2758 2767 2947 2820 Ταῦτα
2986 2765 3446 2837 παραγγείλαντος
3488 2765 3582 2818 τοῦ
3637 2764 3904 2834 βασιλέως

2337 2839 2732 2932 ἔπιστημόνως,
2756 2862 2817 2914 τὺ
2843 2859 3178 2933 προσταχθὲν
3212 2858 3429 2913 ἐποίουν
3457 2860 3505 2912 oi
3536 2857 3629 2912 τοῦ
3665 2855 3902 2927 πλήθους

2338 2949 2706 3021 προεστῶτες
2740 2950 2769 3002 δ
2809 2949 2876 3020 δὴ
2919 2952 3012 3003 καὶ
3055 2952 3184 3021 ἡμῖν
3216 2949 3466 3018 ποιητέον
3497 2950 3642 3001 ἐστὶν
3685 2948 3744 3000 ὲν
3781 2965 3902 3001 και-

2341 3045 2453 3114 ροίς
2486 3042 2759 3111 διωγμῶν,
2802 3040 2837 3112 ἢ
2879 3041 2939 3095 ὲν
2977 3042 3180 3105 κοιναῖς
3222 3040 3314 3094 καὶ
3342 3040 3521 3103 ἀθέοις
3568 3039 3902 3110 βλασφήμων

2337 3130 2623 3196 διαλέξεσι.

2839 3240 3233 3295 ΚΕΦΑΛΔῙΟΝ
3258 3240 3382 3295 AZ'.

2410 3351 2430 3386 ι
2457 3334 2566 3388 Καὶ
2590 3333 2803 3400 ἐγένετο
2826 3335 2884 3389 ἰν
2905 3331 2984 3404 τῷ
3007 3333 3139 3386 άκοῦ
3149 3350 3237 3386 σαι
3261 3333 3352 3388 τὸν
3379 3332 3599 3404 βασιλέα
3627 3331 3898 3399 Ἐζεκίαν,

2334 3424 2515 3494 ἔσχισε
2555 3424 2625 3478 τά
2673 3424 2883 3495 ἱμάτια,
2913 3425 3009 3478 καὶ
3038 3424 3389 3496 περιεϐάλετο
3415 3426 3641 3479 σάκκον·
3686 3426 3782 3480 καὶ
3804 3426 3899 3480 άν-

2332 3514 2431 3583 έϐη
2461 3516 2538 3577 είς
2569 3514 2659 3567 τὸν
2692 3511 2838 3568 οἶκον
2874 3514 3099 3586 Κυρίου.
3123 3534 3141 3566 ι
3186 3515 3331 3586 Πρὸς
3355 3518 3464 3579 τοῖς
3496 3514 3683 3580 ἄλλοις
3718 3517 3898 3572 τοίνυν

2334 3606 2715 3676 κατορθώμασι
2763 3605 2857 3660 τοῦ
2909 3604 3172 3670 Ἐζεκίου,
3206 3609 3512 3678 γυμνασίαν
3558 3608 3760 3679 ἀρετῆς
3807 3609 3901 3662 καὶ

2334 3698 2581 3762 πλείονος
2628 3699 2934 3763 θεοσεϐείας
2963 3698 3184 3764 ἔνδειξιν
3217 3702 3475 3770 παρεῖχεν
3507 3702 3536 3752 6
3583 3699 3714 3764 Θεὸς
3749 3701 3898 3772 αὐτῷ

2333 3789 2419 3843 διά
2445 3793 2544 3860 τῆς
2563 3790 2697 3860 πρὸς
2709 3789 2801 3843 τὸν
2820 3790 3074 3861 πολέμιον
3097 3791 3467 3862 παρατάξεως,
3486 3787 3591 3864 ένῇ
3614 3791 3895 3863 διέλαμψε,

2334 3882 2507 3934 πάντα
2541 3882 2638 3951 μὲν
2666 3881 3043 3951 στρατηγικῶς
3069 3881 3137 3936 τά
3164 3883 3303 3954 ’πρὸς
3327 3883 3418 3936 τὸν
3446 3883 3675 3954 πόλεμον
3718 3901 3896 3954 παρα-

2332 3973 2648 4043 ταξάμενος,
2680 3973 2742 4025 τδ
2779 3973 2834 4025 δὲ
2877 3973 2984 4026 πᾶν
3016 3973 3233 4037 ἀναθεὶς
3265 3973 3341 4044 τῷ
3387 3974 3525 4045 Θεῷ,
3557 3979 3668 4039 τοῖς
3710 3976 3770 4029 δὲ
3802 3976 3894 4029 ὑπ’

2333 4065 2492 4117 αὑτὸν
2543 4063 2768 4135 πλήθεσι
2830 4065 3054 4135 θεοσεϐῆ
3112 4065 3456 4120 διδασκαλίαν
3498 4067 3892 4137 παραγγείλας.

2337 4174 2355 4205 ι
2376 4157 2484 4208 Καὶ
2517 4155 2802 4225 περιέϐαλε
2848 4157 3067 4222 σάκκον,
3097 4176 3114 4208 ι
3152 4159 3354 4228 σημεῖα
3385 4158 3611 4223 πένθους
3653 4161 3748 4213 καὶ
3796 4177 3896 4214 κα-

2331 4245 2548 4309 κώσεως
2576 4247 2936 4316 ἐπαγόμενος
2963 4248 3136 4319 τούτῳ
3154 4248 3210 4302 δὲ
3233 4249 3312 4320 τῷ
3336 4252 3572 4321 σχήματι
3601 4252 3687 4305 διά
3721 4253 3895 4323 μέσης

2331 4341 2480 4410 άνῄει
2505 4341 2603 4410 τῆς
2645 4341 2848 4404 πόλεως
2895 4340 3004 4394 άπὸ
3032 4341 3141 4394 τῶν
3178 4341 3459 4410 βασιλείων
3491 4345 3653 4396 οἴκων
3679 4345 3772 4396 ἐπὶ
3799 4343 3894 4398 τὸν

2329 4431 2462 4483 νεὼν
2497 4432 2589 4484 τοῦ
2621 4432 2776 4496 Θεοῦ,
2807 4433 2900 4485 καὶ
2928 4433 3184 4486 ταπεινὸν
3204 4434 3392 4486 ἑαυτὸν
3412 4433 3490 4503 τῷ
3515 4434 3632 4505 Θεῷ
3655 4435 3893 4503 δεικνὺς,

675 4508 855 4564 milem
897 4512 1002 4566 Deo
1033 4517 1258 4586 sistens,
1293 4519 1374 4573 vel
1415 4519 1530 4586 ipso
1573 4523 1761 4575 habitu
1800 4524 2223 4582 misericordiam

2332 4521 2505 4575 οἴκτου
2536 4523 2629 4576 καὶ
2653 4523 2832 4586 ἐλέους
2856 4525 3038 4593 τυχεῖν
3076 4521 3227 4594 ἠξίου
3257 4521 3335 4594 τῷ
3358 4528 3613 4595 σχήματι.

674 4597 789 4664 ejus
825 4602 1164 4667 provocabat.
2068 4658 2075 4661 -

745 4688 902 4743 Vsus.
924 4692 976 4744 2.
1001 4710 1018 4740 ι
1038 4692 1100 4745 Et
1122 4693 1262 4746 misit
1281 4694 1498 4751 Eliacim
1517 4714 1875 4764 ceconomum,
1900 4712 1953 4756 et
1970 4703 2221 4758 Somnatn

672 4782 926 4848 scribam,
966 4793 1018 4837 et
1065 4787 1304 4841 seniores
1353 4791 1702 4843 sacerdotum
1747 4791 1965 4846 indutos
2004 4798 2177 4849 saccis
2203 4837 2217 4860 ,

672 4874 738 4925 ad
777 4873 967 4927 Isaiam
1007 4876 1172 4930 lilium
1205 4880 1369 4932 Amos
1400 4883 1734 4950 prophetam.
1785 4905 1802 4935 ι
1839 4886 1986 4941 Alios
2027 4892 2221 4960 quippe

670 4979 736 5017 ex
765 4968 1128 5022 sacerdotibus
1184 4969 1311 5034 Dei,
1361 4971 1477 5024 loco
1526 4976 1935 5031 sacerdotaliqu
1995 4983 2217 5035 vestium

673 5058 842 5110 saccis
876 5059 1109 5124 indutos,
1152 5061 1218 5114 ad
1250 5061 1444 5115 Isaiam
1481 5068 1793 5133 prophetam
1835 5073 2020 5135 mittit,
2072 5075 2217 5129 dice-

671 5164 835 5218 reque
860 5148 1029 5215 jubet,
1064 5170 1083 5202 ι
1130 5152 1250 5206 llaec
1280 5154 1409 5207 dicit
1437 5155 1723 5223 Ezechias;
1749 5178 1765 5210 ι
1803 5175 1972 5230 neque
1994 5163 2218 5231 addidit,

672 5254 803 5291 rex:
855 5254 1023 5306 neque
1058 5241 1200 5294 enim
1253 5244 1511 5312 temporis
1558 5246 1793 5299 conditio
1837 5249 1888 5300 id
1924 5249 2035 5314 illi,
2083 5266 2217 5320 pra:-

669 5331 806 5383 senti
836 5330 1143 5396 calamitate
1174 5332 1402 5402 dejecto,
1437 5334 1619 5390 dicere
1651 5339 2014 5405 permittebat.

743 5591 872 5648 Vss.
901 5597 953 5653 5.
980 5597 1030 5648 4.
1067 5615 1087 5648 ι
1124 5599 1187 5651 Et
1215 5600 1466 5654 dixerunt
1498 5604 1545 5656 ei
1575 5623 1584 5656 :
1611 5603 1730 5657 llaec
1753 5605 1880 5658 dicit
1917 5608 2172 5660 Esechias
2201 5627 2211 5660 :

2401 4698 2546 4749 «Καὶ
2592 4697 2911 4751 ἀπέστειλεν
2979 4697 3259 4770 Ἐλιακείμ
3307 4702 3398 4753 τὸν
3448 4702 3745 4772 οἰκονόμον,
3795 4705 3890 4758 καὶ

2326 4789 2532 4859 Σομνάν
2572 4791 2661 4842 τὸν
2696 4791 3049 4860 γραμματέα,
3084 4792 3324 4856 καὶτοὺς
3362 4793 3757 4864 πρεσϐυτέρους
3780 4793 3891 4848 τῶν

2327 4880 2512 4949 ἱερέων
2543 4881 3037 4951 περιϐεϐλημένους
3066 4882 3319 4947 σάκκους,
3354 4883 3489 4954 πρὸς
3510 4885 3746 4938 ἶΗσαῖαν
3773 4887 3890 4939 υίὸν

2322 4970 2503 5040 Ἀμώς
2528 4971 2618 5023 τὸν
2651 4974 2952 5044 προφήτην.
2981 4993 3000 5024 ι
3033 4975 3170 5038 Τοὺς
3193 4974 3301 5045 γάρ
3323 4964 3538 5046 ἐτέρους
3558 4978 3663 5031 τῶν
3694 4979 3886 5048 ἱερέων

2322 5064 2413 5116 τοῦ
2443 5065 2598 5124 Θεοῦ,
2633 5065 2864 5127 σάκκους
2895 5067 3015 5120 ἀντὶ
3043 5067 3149 5120 τῶν
3179 5069 3461 5138 ίερατικῶν
3485 5071 3887 5141 ἠμφιεσμένους

2324 5155 2542 5217 στολῶν,
2573 5158 2706 5226 πρὸς
2733 5157 2824 5209 τὸν
2851 5160 3130 5229 προφήτην
3163 5160 3384 5212 Ἡσαΐαν
3405 5162 3628 5231 πέμπει,
3659 5165 3886 5231 φάσκειν

2322 5245 2502 5306 αὐτοῖς
2541 5247 2938 5315 παραγγείλας
2981 5269 2997 5298 ι
3023 5250 3158 5302 Τάδε
3201 5252 3344 5318 λέγει
3410 5252 3688 5318 Ἐζεκίας,
3714 5273 3733 5307 ι
3787 5257 3885 5328 οὐχ

2323 5336 2351 5385 6
2382 5336 2629 5402 βασιλεὺς
2683 5339 2959 5408 προσθείς·
3002 5343 3062 5394 ού
3105 5342 3213 5413 γάρ
3243 5345 3272 5396 6
3318 5345 3504 5413 καιρὸς
3547 5347 3695 5415 αὐτῷ
3736 5349 3884 5401 τοῦτ’

2321 5427 2585 5496 ἐπέτρεπε
2631 5429 2825 5498 λέγειν,
2851 5434 3256 5504 ταπεινουμένῳ
3286 5436 3445 5488 ἕνεκα
3473 5437 3570 5506 τῆς
3603 5438 3884 5510 παρούσης

2323 5535 2386 5570 συ
2394 5522 2622 5590 μφορᾶς.

2389 5626 2405 5658 ι
2430 5610 2539 5660 Καὶ
2595 5606 2752 5661 εἶπαν
2785 5610 2961 5678 αὐτῷ·
3007 5614 3144 5667 Τάδε
3195 5614 3350 5683 λέγει·
3388 5616 3878 5692 Ἐζεκίας·Ἡμέρα

670 5681 792 5736 Dies
857 5689 1153 5742 alllictionis
1203 5701 1256 5744 et
1294 5696 1591 5759 opprobrii,
1636 5707 1686 5749 et
1736 5700 2125 5767 redargutionis
2165 5712 2216 5753 et

2332 5699 2541 5767 ιλίψεως
2587 5704 2677 5753 καὶ
2729 5703 3052 5771 ὀνειδισμοῦ,
3102 5707 3196 5761 και
3233 5681 3463 5778 tie-{pos
3511 5681 3877 5781 καιόργῆξὴ

670 5773 764 5825 me
807 5788 918 5827 tllt‘S
959 5778 1250 5844 ilOtilCl‘lld,
1306 5787 1427 5848 quia
1483 5788 1622 5838 venit
1679 5787 1827 5842 dolor
1872 5793 2214 5856 parturienti,

2315 5795 2549 5862 σήμερον
2583 5796 2787 5864 ἡμέρα,
2820 5798 2894 5848 ὅτι
2933 5798 3053 5868 ἥκει
3098 5802 3128 5868 ἡ
3162 5801 3286 5855 ὠδὶν
3321 5806 3383 5874 τῇ
3415 5802 3691 5875 τικτούσῃ,
3728 5806 3877 5876 ἰσχὺν
