4120 6294
184 417 275 473 319

1000 405 1503 463 ΕΟΗΜΞΝΤΑΒΙΔ
1544 403 1608 458 LV
1651 402 1909 458 ISAIAM.
1953 433 2019 443 —-
2068 400 2222 457 CAP.
2267 395 2527 453 XXXV".

3308 386 3418 444 530

184 533 228 584 ἃ
251 530 338 582 οὐκ
360 545 469 597 εχει
491 527 592 579 τοῦ
609 529 809 580 τεκιῐν.
837 526 1166 579 Elea.thth
1211 525 1412 595 Κύριος
1432 524 1461 574 6
1488 523 1619 584 Θεός
1648 539 1738 574 σου

1845 535 1944 575 nec
2000 520 2165 574 habet
2213 517 2360 570 vires
2410 512 2674 583 pariendi.
2726 508 2921 563 Audiat
2975 506 3231 559 Dominus
3276 505 3416 557 Deus

185 626 288 684 τοὺς
324 622 508 689 λόγους
552 620 880 681 Ῥαϐσάκου,
915 618 1007 681 οὓς
1030 616 1312 671 ἀπέστειλε
1338 614 1588 685 βασιλεὺς
1627 616 1742 667 Ἀσ-

189 716 383 785 συρίων,
407 710 693 772 ὀνειδίζειν
716 711 846 763 Θεὸν
878 710 1075 774 ζῶντα,
1104 710 1199 762 καὶ
1227 707 1501 771 ὀνειδίζειν
1525 706 1738 773 λόγους,

186 806 261 869 οὓς
283 806 471 876 ἢκουσε
503 802 714 871 Κύριος
735 804 763 854 6
785 801 915 864 Θεός
942 819 1056 864 σου,
1088 802 1179 855 καὶ
1206 800 1443 872 δεηθήσῃ
1475 800 1612 871 πρὸς
1638 798 1743 852 Κύ-

188 900 285 967 ριόν
307 915 395 950 σου
423 897 550 966 περὶ
581 895 693 947 τῶν
715 894 1225 964 καταλελειμμένων
1244 893 1467 946 τούτων.
1499 912 1515 943 ι
1540 891 1739 944 Τούτου

187 993 321 1061 χάριν
345 990 435 1040 ἐπὶ
482 989 546 1040 σὲ
586 987 680 1038 τὸν
708 987 800 1039 τοῦ
830 986 961 1038 Θεοῦ
1003 985 1288 1056 ἄνθρωπον
1327 983 1739 1053 ἀνεπέμῲαμεν,

184 1084 257 1135 διὰ
285 1082 373 1134 σοῦ
401 1081 494 1132 τὸν
543 1081 639 1132 σὺν
669 1079 802 1131 Θεὸν
848 1082 903 1131 ἐν
942 1077 1119 1148 καιρῷ
1155 1076 1495 1148 παραστῆσαι
1553 1075 1742 1143 βοηθὸν

185 1175 297 1242 ἡμῖν
328 1170 734 1233 ἀντιϐολοῦντες
756 1188 768 1200 °
798 1170 856 1222 ὂν
898 1169 1014 1221 οὐδὲ
1051 1168 1259 1221 ἐαυτῶν
1292 1167 1423 1219 Θεὸν
1454 1164 1744 1236 ὀνομάζειν

185 1262 479 1331 τολμῶμεν*
516 1264 612 1314 σον
659 1262 717 1313 δὲ
766 1260 965 1331 Κύριον
1011 1260 1104 1312 καὶ
1152 1259 1289 1311 Θεὸν
1326 1257 1573 1327 ἀκριϐῶς
1614 1257 1744 1308 ὄντα

186 1352 521 1421 ἐπιστάμεθα.
572 1351 772 1403 Τοῦτον
819 1346 912 1403 οὖν
944 1351 1104 1403 αὑτὸν
1138 1349 1452 1418 ἱκετεύομεν
1501 1348 1574 1418 μὴ
1630 1352 1743 1410 τοῖς

186 1444 448 1513 ἡμετέροις
468 1441 764 1510 ἐπιϐλέψαι
790 1440 1079 1511 πλημμελή
1090 1457 1241 1511 μασι,
1264 1442 1355 1493 και
1382 1439 1455 1510 μὴ
1480 1439 1586 1491 τῶν
1609 1442 1744 1507 ἠμε-

187 1536 340 1603 τὲρων
370 1538 591 1604 μνήμην
620 1535 945 1603 ποιήσασθαι
998 1533 1410 1603 ἁμαρτημάτων
1436 1548 1448 1561 °
1512 1533 1630 1592 ταῖς
1685 1530 1742 1582 δέ

186 1624 345 1687 ἀθέοις
374 1625 467 1677 τοῦ
506 1624 766 1694 πολεμίου
801 1628 1026 1694 φωναῖς,
1058 1624 1153 1677 καὶ
1194 1626 1257 1693 τῇ
1288 1622 1545 1693 ’τοσαύτῃ
1577 1624 1743 1691 ὑπερ-

188 1718 355 1787 ηφάνῳ
382 1719 672 1788 προσέχειν
696 1717 1001 1787 ἀλαζονεία.

250 1829 266 1859 ι
293 1811 393 1861 Καὶ
418 1805 584 1878 ἦλθον
606 1810 657 1861 οί
686 1809 869 1872 παῖδες
897 1808 989 1861 τοῦ
1022 1806 1285 1877 βασιλέως
1339 1804 1577 1869 Ἐζεκίου
1608 1805 1744 1874 πρὸς

1848 625 1969 667 tuus
2002 615 2160 666 verba
2201 610 2461 663 Rabsaeis
2491 649 2505 669 ,
2541 620 2665 673 qua:
2707 603 2853 657 misit
2889 616 2978 654 rex
3020 599 3370 670 Assyriorum
3398 632 3414 658 ,

1841 717 1902 759 ut
1937 706 2296 775 exprobraret
2331 701 2440 754 Deo
2471 696 2697 757 viventi,
2738 705 2790 749 et
2817 693 3175 762 exprobraret
3212 690 3421 753 verbis,

1844 810 1961 861 qute
2005 791 2209 844 audivit
2250 790 2506 843 Dominus
2552 787 2692 839 Deus
2738 796 2859 838 tuus
2884 822 2899 844 .
2934 793 2990 837 et
3030 782 3365 847 deprecabor
3391 796 3417 831 ιιι

1849 888 2131 940 Dominum
2166 894 2312 935 tuum
2368 897 2466 950 pro
2502 878 2781 933 derelictis
2830 876 2967 930 istis.
3009 894 3029 928 ι
3084 874 3207 927 Ideo
3255 874 3321 925 ad
3367 886 3419 925 te

1846 977 2022 1027 virum
2083 974 2175 1025 Dei
2231 972 2436 1039 legatos
2484 970 2752 1031 misimus,
2800 981 2896 1035 per
2948 975 3000 1019 te
3053 965 3207 1018 nobis
3248 964 3416 1014 Deum

1848 1076 1993 1115 tuum
2029 1063 2328 1130 atljntorem
2378 1061 2482 1113 hoc
2514 1069 2754 1125 tempore
2797 1058 2989 1110 adesse
3029 1055 3415 1109 obsecrantes:

1846 1172 2005 1224 quem
2041 1171 2107 1207 ne
2138 1154 2351 1223 quidem
2388 1153 2553 1205 Deum
2604 1160 2850 1204 nostrum
2878 1162 3076 1202 vocare
3123 1147 3416 1209 audemus;

1844 1248 1937 1301 sed
1979 1246 2142 1298 Deum
2190 1255 2243 1298 et
2280 1245 2560 1297 Dominum
2596 1253 2743 1295 tuum
2786 1255 2911 1294 esse
2944 1240 3109 1309 probe
3148 1238 3413 1292 novimus.

1845 1337 1980 1392 Huic
2010 1352 2141 1405 ergo
2175 1337 2275 1405 ipsi
2320 1335 2714 1402 supplicamus,
2764 1348 2830 1386 ne
2874 1331 3080 1384 scelera
3114 1340 3295 1383 nostra
3334 1344 3419 1381 re-

1845 1431 2075 1497 spiciat,
2118 1443 2292 1495 neque
2341 1436 2687 1494 peccatorum
2736 1433 3047 1479 nostrorum
3100 1423 3416 1476 memoriam

1850 1524 2109 1585 retineat;
2156 1520 2250 1573 sed
2298 1518 2479 1587 impiis
2528 1517 2731 1571 inimici
2776 1516 3000 1571 vocibus
3042 1523 3099 1570 et
3139 1523 3299 1568 tanta:
3329 1530 3421 1569 su-

1847 1614 2041 1681 perbire
2074 1612 2337 1665 atlcndat.

1920 1789 2082 1843 Vsus.
2140 1790 2257 1843 5-7.
2291 1807 2309 1839 ι
2347 1789 2410 1842 Et
2439 1796 2695 1841 venerunt
2728 1788 2876 1855 pueri
2911 1788 3054 1857 regis
3071 1787 3315 1842 Ezechiae
3353 1786 3419 1839 ad

196 1903 419 1962 ¹Ησαῒαν,
468 1904 564 1954 καὶ
612 1897 763 1952 εἶπεν
820 1901 1001 1962 αὐτοῖς
1037 1900 1293 1961 Ἡσαΐας·
1332 1899 1518 1962 Οὕτως
1566 1900 1741 1967 ἐρεῖτε

1845 1883 2055 1945 Isaiam,
2098 1890 2151 1935 et
2188 1882 2323 1934 dixit
2366 1881 2473 1933 illis
2518 1880 2683 1933 Isaias
2724 1898 2737 1933 :
2778 1880 2867 1934 Sic
2906 1880 3096 1934 dicetis
3140 1881 3205 1933 ad
3240 1882 3416 1932 dumi-

189 1993 305 2061 πρὸς
330 1993 417 2044 τὸν
461 1993 652 2061 κύριον
684 1990 835 2061 ὑμῶν
855 2008 867 2021 ·
917 1990 1054 2043 Τάδε
1098 1991 1245 2058 λέγει
1276 1990 1499 2061 Κύριος
1531 1989 1621 2058 Μὴ
1649 2006 1743 2056 φο·

188 2083 336 2153 ίὶηθῇς
362 2084 467 2135 ἀπὺ
497 2084 607 2135 τῶν
641 2083 812 2150 λόγων
839 2076 914 2133 ὧν
944 2083 1201 2151 ἡκουσας,
1237 2080 1329 2143 οὒς
1361 2079 1643 2131 ὠνείδισάν
1672 2097 1741 2149 με

186 2176 225 2224 οἱ
249 2174 493 2244 πρέσϐεις
527 2174 792 2243 βασιλέως
831 2173 1149 2244 Ἀσσυρίων.
1195 2173 1322 2225 Ἰδοὺ
1352 2171 1460 2239 ἐγὼ
1492 2171 1743 2242 ἐμϐάλλω

184 2266 251 2329 εἰς
293 2266 446 2319 αὐτὸν
476 2265 713 2336 πνεῦμα,
755 2266 845 2317 καὶ
878 2263 1115 2326 ἀκούσας
1144 2262 1425 2330 ἀγγελίαν,
1462 2264 1741 2333 ἀποστρα-

186 2359 392 2426 φήσεται
426 2359 505 2419 εἰς
533 2358 633 2427 τὴν
662 2356 845 2427 χώραν
878 2355 1063 2414 αὑτοῦ,
1101 2356 1194 2407 καὶ
1227 2357 1473 2407 πεσεῖται
1500 2354 1743 2425 μαχαίρᾳ

185 2450 235 2498 ἐν
261 2452 320 2523 τῇ
369 2452 439 2519 γῇ
474 2447 660 2500 αὑτοῦ.
693 2468 710 2498 ι
768 2449 853 2510 Ὠς
895 2447 954 2499 δέ
1010 2447 1171 2516 μόνον
1228 2447 1534 2513 ἐπέστησαν
1568 2446 1741 2509 αὐτοὶ,

188 2540 377 2603 φθάσας
418 2541 545 2603 τοὺς
597 2541 727 2610 παρ’
758 2537 937 2591 αὐτῶν
988 2538 1177 2605 λόγους
1211 2540 1238 2590 6
1282 2538 1527 2599 Ἡσαΐας,
1572 2537 1744 2598 ἀπαγ-

188 2628 372 2694 γέλλειν
394 2631 724 2700 προσέταττε
741 2631 837 2699 τὴν
866 2629 1261 2699 ἐπιφερομένην
1290 2630 1623 2698 προφητείαν
1644 2646 1654 2656 ·
1678 2628 1743 2681 δι’

187 2715 245 2786 ἧς
274 2721 501 2789 πνεῦμα,
533 2722 715 2789 φησιν,
746 2720 998 2790 ἐμϐάλλει
1040 2722 1117 2781 είς
1152 2719 1312 2771 αὐτόν
1333 2736 1345 2748 ³
1378 2720 1466 2787 ὑφ’
1496 2713 1556 2771 οῦ
1586 2720 1746 2772 πνεύ-

194 2827 339 2876 ματος
369 2813 690 2882 ἀπατηθεὶς,
714 2809 972 2882 ἐπανήξει
999 2812 1091 2863 ἐπὶ
1114 2810 1209 2881 τὴν
1236 2811 1431 2863 ἐαυτοῦ
1460 2811 1585 2880 γῆν,
1613 2810 1744 2863 ἔνθα

193 2900 318 2968 ξίφει
355 2904 451 2971 τὴν
485 2901 628 2973 ζωὴν
673 2901 1058 2972 καταστρέψει.

254 3012 269 3043 ι
314 2996 418 3049 Καὶ
458 2995 767 3065 ἀπέστρεψε
808 2995 1136 3065 Ῥαϐσάκης,
1187 2996 1281 3048 καὶ
1340 2994 1604 3047 κατέλαϐε
1655 2996 1746 3049 τὸν

194 3082 393 3151 βασιλέα
430 3086 729 3156 Ἀσσυρίων
759 3084 1145 3155 πολιορκοῦντα
1173 3085 1399 3140 Λοϐνάν.
1435 3088 1545 3139 Καὶ
1586 3088 1749 3158 ἥκου-

193 3190 269 3226 σεν
292 3177 368 3229 ὅτι
393 3178 604 3248 ἀπῆρεν
633 3176 740 3229 ἀπὸ
785 3178 971 3245 Λαχὶς,
1004 3178 1095 3229 καὶ
1144 3176 1333 3245 ἐξῆλθε
1376 3178 1625 3249 Θαρακά,
1656 3179 1750 3247 βα-

1850 1992 1977 2029 ιιιιιιι
2010 1985 2249 2028 vestrum
2290 1990 2304 2025 :
2354 1972 2476 2026 Htee
2500 1972 2629 2025 dicit
2668 1972 2927 2027 Dominus
2963 1992 2975 2026 :
3009 1972 3085 2025 Ne
3129 1986 3335 2026 metuas
3386 1990 3414 2023 τι

1848 2065 2210 2125 sermonibus,
2233 2076 2367 2131 quos
2387 2062 2609 2126 audisti,
2632 2076 2767 2131 quos
2793 2062 3258 2130 exprobraverunt
3282 2062 3414 2115 mihi

1850 2153 2008 2222 legati
2065 2152 2209 2221 regis
2250 2153 2615 2221 Assyriorum.
2672 2152 2810 2206 Ecce
2868 2167 2969 2223 ego
3012 2153 3299 2204 immittam
3356 2154 3409 2205 in

1850 2262 1973 2300 eum
2020 2246 2294 2314 spiritum,
2344 2254 2400 2297 et
2441 2243 2625 2298 audito
2661 2244 2849 2297 nuntio
2901 2255 3203 2299 revertetur
3247 2246 3297 2298 ιιι
3340 2262 3419 2299 rc-

1850 2339 2067 2403 gionem
2105 2349 2280 2398 suam,
2317 2342 2374 2386 et
2414 2334 2571 2387 cadet
2608 2333 2788 2404 gladio
2820 2335 2873 2387 in
2906 2344 3048 2387 terra
3092 2350 3211 2389 sua.
3251 2354 3271 2386 ι
3315 2335 3415 2391 Ubi

1850 2431 2083 2501 primum
2119 2438 2297 2483 autem
2328 2438 2695 2491 accesserunt,
2723 2442 3025 2481 sermonem
3055 2441 3242 2481 eorum
3279 2442 3417 2495 prae-

1854 2533 2071 2576 vertens
2100 2520 2291 2583 Isaias,
2327 2520 2541 2573 allatam
2575 2519 2912 2587 prOphetiam
2957 2518 3266 2571 renuntiare
3297 2518 3417 2586 jus-

1852 2615 1960 2676 sit;
2000 2629 2103 2681 qua
2138 2614 2410 2681 spiritum,
2446 2613 2640 2679 inquit,
2676 2612 2930 2665 immittet
2968 2609 3021 2662 in
3049 2624 3195 2671 eum,
3232 2624 3263 2663 a
3305 2624 3415 2677 quo

1852 2705 2046 2771 spiritu
2079 2704 2332 2772 deceptus
2372 2710 2676 2757 revertetur
2724 2702 2777 2756 in
2829 2711 3029 2755 terram
3072 2714 3224 2755 suam
3254 2742 3269 2765 ,
3322 2700 3414 2755 ubi

1852 2794 2027 2863 gladio
2060 2793 2226 2846 vitam
2258 2793 2425 2845 ﬁniet.

1925 2972 2087 3028 Vens.
2126 2971 2281 3028 8-16.
2320 2990 2338 3023 ι
2385 2971 2451 3025 Et
2484 2985 2735 3025 reversus
2782 2979 2863 3024 est
2899 2969 3205 3030 Rabsaces,
3245 2974 3299 3020 et
3329 2967 3424 3021 dc-

1859 3063 2146 3132 prehendit
2188 3076 2367 3131 regem
2397 3061 2749 3132 Assyriorum
2791 3059 3126 3113 obsidentem
3158 3056 3419 3115 Lobnam.

1855 3156 1922 3210 Et
1950 3153 2155 3207 audivit
2180 3153 2322 3221 quod
2343 3150 2617 3219 profectus
2646 3158 2792 3203 esset
2818 3148 2883 3200 de
2909 3146 3130 3211 Lachis,
3159 3155 3213 3201 et
3243 3162 3425 3217 egres-

194 3268 351 3329 σιλεὺς
388 3269 660 3320 Αἰθιόπων
682 3308 697 3332 ,
734 3268 1092 3339 πολιορκῆσαι
1119 3270 1279 3323 αὐτόν
1304 3286 1316 3300 ·
1360 3239 1470 3323 καὶ.
1501 3239 1739 3332 ἀκούσας

1846 3263 1937 3301 sus
1975 3254 2119 3300 esset
2169 3243 2440 3307 Tharaca,
2480 3258 2570 3295 rex
2627 3239 2983 3307 :Ethiopum,
3035 3250 3091 3292 ut
3136 3239 3414 3293 obsideret

194 3358 499 3430 ἀπέστρεψε.
529 3361 640 3412 Καὶ
666 3360 980 3411 ἀπέστειλεν
1013 3360 1276 3426 ἀγγέλους
1332 3361 1467 3430 πρὸς
1497 3362 1741 3425 Ἐζεκίαν

192 3448 370 3514 λέγων·
408 3448 593 3510 Οὕτως
617 3451 791 3519 ἐρεῖτε
832 3449 1051 3519 Ἐζεκίᾳ
1081 3450 1289 3519 βασιλεῖ
1313 3452 1409 3521 τῆς
1453 3452 1737 3513 Ἰουδαίας⁸

193 3538 268 3607 Μή
303 3556 356 3591 crs
384 3540 645 3593 ἀπατάτω
670 3543 698 3591 6
720 3539 851 3602 Θεός
881 3556 995 3601 σου,
1038 3543 1120 3608 ἐφ’
1232 3541 1498 3605 πέποιθας
1528 3542 1613 3593 ἐπ’
1656 3542 1743 3593 αὑ-

192 3627 273 3696 τῷ,
319 3630 483 3696 λέγων
509 3648 521 3660 ⁸
556 3631 627 3682 υὺ
664 3630 739 3701 μὴ
786 3629 1063 3701 παραδοθῇ
1103 3632 1459 3702 Ἰερουσαλὴμ
1500 3633 1557 3683 ὲν
1602 3632 1743 3702 χειρὶ

194 3718 429 3785 βασιλέως
487 3722 806 3791 Ἀσσυρίων.
852 3723 921 3775 Σὺ
966 3724 1066 3775 οὐκ
1117 3724 1356 3792 ἤκουσας
1401 3722 1436 3775 ἃ
1479 3724 1741 3792 ἐποέησαν

193 3812 405 3879 βασιλεῖς
445 3814 784 3885 Ἀσσυρίωνς
822 3816 1002 3868 Πᾶσαν
1033 3814 1130 3885 τὴν
1172 3814 1273 3884 γῆν
1318 3815 1393 3876 ὼς
1434 3814 1739 3877 ἀπώλεσαν,

197 3903 276 3952 καὶ
306 3903 364 3954 σὺ
401 3902 685 3975 sucoso“;
718 3903 807 3971 Μὴ
852 3902 1149 3973 ἐρρύσαντο
1180 3903 1375 3964 αὐτοὺς
1420 3904 1468 3954 οἱ
1500 3902 1610 3955 θεοὶ
1636 3902 1741 3955 τὼν

190 3988 357 4053 ἐθνῶν,
387 3990 479 4055 οὓς
505 3992 787 4045 ἀπώλεσαν
817 3994 865 4043 οἱ
891 3993 1127 4063 πατέρες
1162 4010 1281 4062 μου,
1311 3994 1411 4063 τήν
1441 4011 1498 4046 τε
1533 3994 1570 4043 Γ
1573 3993 1739 4056 ωξὰν,

192 4080 269 4130 καὶ
296 4079 535 4152 Χάρῤαν,
571 4084 663 4135 καὶ
707 4082 922 4149 Ῥαφέθ,
964 4083 1023 4133 αῖ
1059 4084 1195 4135 είσιν
1238 4085 1295 4134 ἐν
1344 4082 1497 4153 χώρᾳ
1517 4084 1739 4154 Θεμάθ;

192 4170 283 4222 [ἰοῦ
333 4176 436 4225 εἱσι
465 4173 700 4242 βασιλεῖς
738 4174 908 4244 Ἐμὰθ
933 4192 946 4239 ;
973 4175 1064 4227 καὶ
1088 4174 1189 4229 ποῦ
1229 4174 1468 4245 Ἀρφαθ;
1516 4177 1607 4227 και
1638 4175 1739 4228 ποῦ

192 4259 373 4323 πόλεως
405 4263 799 4333 Ἐπφαρουαῖμ,
838 4265 1203 4331 Ἀναγουγάνα
1233 4263 1376 4333 (41);
1414 4266 1521 4317 Καὶ
1554 4266 1741 4319 ἔλαϐεν

198 4345 421 4413 Ἐζεκίας
450 4352 510 4403 τὸ
544 4352 743 4420 βιϐλίον
778 4353 925 4423 παρὰ
960 4353 1065 4405 τῶν
1095 4354 1340 4421 ἀγγέλων
1364 4393 1375 4413 ,
1411 4355 1503 4406 καὶ
1534 4356 1742 4423 ἀνέγνω

186 4438 319 4499 αὐτὸ,
346 4440 437 4492 καὶ
465 4441 630 4511 ἀνέϐη
668 4444 746 4503 εἰς
785 4438 933 4494 οἷκον
965 4443 1190 4512 Κυρίου,
1220 4446 1313 4495 καὶ
1353 4444 1559 4508 ἤνοιξεν
1609 4446 1740 4498 αὐτὸ

186 4526 400 4581 ἐναντίον
429 4533 656 4603 Κυρίου.
695 4536 801 4585 Καὶ
830 4534 1170 4603 προσηύξατο
1203 4533 1446 4597 Ἐζεκίας
1469 4536 1603 4605 πρὸς
1630 4536 1739 4587 Κύ-

188 4634 285 4686 ριον
309 4621 505 4688 λέγων’
546 4624 745 4693 Κύριος
774 4624 1017 4689 Σαϐαὼθ,
1047 4629 1074 4677 6
1104 4626 1234 4687 Θεὸς
1277 4626 1552 4696 Ἰσραὴλ,ό
1572 4629 1737 4699 καθή-

188 4725 326 4774 μενος
358 4714 446 4764 ἐπὶ
478 4712 583 4764 τῶν
618 4714 897 4784 χερουϐίμ.
928 4735 944 4765 ι
997 4716 1053 4767 '0
1078 4716 1132 4767 δέ
1166 4732 1230 4781 γε
1274 4716 1518 4779 Ἐζεκίας
1550 4716 1736 4788 ὥσπερ

186 4800 263 4850 καὶ
286 4804 539 4872 πρότερον
564 4804 786 4856 ἔσπευδε
812 4806 905 4857 καὶ
934 4806 1028 4857 νῦν
1053 4808 1143 4857 ἐπὶ
1170 4808 1260 4857 τὸν
1282 4804 1428 4859 οἷκον
1452 4808 1546 4859 τοῦ
1570 4808 1727 4871 Θεοῦ,

187 4892 264 4942 καὶ
293 4895 433 4963 αὐτῷ
477 4896 621 4964 μόνῳ
657 4898 754 4965 τὴν
787 4899 1069 4968 ἐπιστολὴν
1102 4898 1308 4950 ἐδείκνυ
1340 4899 1418 4968 τῷ
1443 4898 1577 4968 Θεῷ.
1615 4896 1729 4953 Εἶτ’

184 4981 365 5051 ἐπῆγεν
406 4988 701 5056 ἱκετηρίαν,
737 4988 825 5039 διὰ
862 4989 1167 5059 προσευχῆς
1203 4988 1360 5059 μόνον
1398 4989 1557 5041 αὑτὸν
1594 4986 1730 5043 εἶναι

184 5068 333 5139 λέγων
360 5076 513 5141 Θεὸν,
548 5078 639 5129 καὶ
674 5079 772 5129 οὐκ
798 5078 971 5131 ἀλλον.

248 5186 263 5214 ι
288 5168 353 5220 Σὺ
391 5165 442 5221 εἴ
469 5172 499 5222 6
532 5170 660 5233 Θεὸς
697 5171 856 5238 μόνος
888 5171 1065 5241 πάσης
1116 5171 1392 5239 βασιλείας
1422 5173 1519 5241 τῆς
1552 5173 1727 5224 οἰκου-

188 5258 359 5328 μένης
397 5264 459 5315 σὺ
494 5262 751 5331 ἐποίησας
784 5262 873 5313 τὸν
906 5262 1131 5332 οὐρανὸν
1179 5264 1271 5315 καὶ
1307 5264 1405 5333 τὴν
1445 5262 1566 5331 γῆν.
1601 5263 1728 5315 Κλῖ-

184 5365 275 5407 νον,
304 5351 491 5421 Κύριε,
514 5354 573 5407 τὸ
605 5350 697 5414 οὖς
728 5369 848 5405 σου·
882 5353 1217 5415 εἰσάκουσον,
1256 5353 1423 5423 Κύριε
1444 5370 1455 5380 ·
1494 5352 1721 5419 ἄνοιξον,

188 5436 353 5507 Κύριε,
399 5444 525 5505 τοὺς
580 5443 886 5512 ὀφθαλμούς
922 5461 1033 5495 σου·
1075 5444 1371 5511 εἴσϐλεψον,
1409 5444 1597 5512 Κύριε,
1634 5446 1727 5496 καὶ

188 5527 249 5578 ἰδὲ
280 5531 394 5594 τοὺς
425 5533 614 5598 λόγους
644 5534 1032 5603 Σενναχηρεὶμ,
1070 5533 1161 5594 οὓς
1190 5532 1503 5585 ἀπέστειλεν
1540 5533 1727 5584 ὀνειδί-

186 5615 281 5677 ζειν
305 5622 428 5674 Θεὸν
463 5624 658 5686 ζῶντα.
708 5623 824 5675 Ἐπ’
853 5623 1106 5693 ἀληθείας
1135 5622 1262 5693 γὰρ,
1294 5624 1481 5691 Κύριε,
1512 5624 1726 5694 ἠρήμω-

244 5752 357 5832 ιιι),
378 5757 465 5809 Sic
504 5757 947 5832 (Σοόὶςεείϐωξιί
1010 5761 1369 5829 ἀναγουγάνα,
1428 5780 1761 5832 anagugmm.

190 5836 256 5875 stt:
281 5824 453 5894 habet,
491 5830 628 5892 Arta,
662 5836 714 5883 et
739 5830 863 5883 Ava.

1844 3354 1963 3392 eum
1994 3358 2005 3391 :
2044 3347 2099 3390 et
2128 3336 2353 3390 audiens
2392 3349 2639 3389 reversus
2672 3343 2773 3387 est.
2816 3332 2879 3386 Et
2910 3332 3057 3386 misit
3089 3332 3307 3385 nuntios
3334 3334 3401 3385 ad

1842 3431 2129 3485 Ezechiam
2162 3430 2347 3482 dicens
2379 3445 2391 3480 :
2430 3426 2521 3481 Sic
2548 3425 2740 3480 dicetis
2776 3425 3020 3479 Ezechiae
3047 3424 3157 3493 regi
3188 3422 3415 3477 Judzeac:

1844 3522 1958 3576 Non
1997 3533 2047 3576 te
2087 3520 2321 3589 decipiat
2363 3518 2506 3573 Deus
2542 3528 2686 3581 tuus,
2729 3517 2815 3571 cui
2868 3518 3131 3580 conlidis,
3176 3516 3364 3570 dicens
3403 3534 3417 3567 :

1844 3613 1959 3666 Non
1996 3612 2239 3665 tradetur
2280 3611 2579 3665 Jerusalem
2623 3610 2677 3662 in
2720 3624 2936 3661 mauutn
2982 3610 3125 3677 regis
3162 3608 3421 3678 Assyrio-

1844 3721 1985 3758 rum.
2030 3704 2109 3757 'I‘u
2148 3719 2253 3755 non
2297 3702 2554 3757 audivisti
2598 3715 2719 3769 qua:
2754 3680 3009 3754 'fecerunt
3054 3715 3209 3769 reges
3253 3703 3421 3769 Assy-

1844 3796 2093 3850 riorum?
2136 3794 2421 3860 Quomodo
2450 3806 2651 3847 terram
2682 3806 2896 3846 onmem
2929 3791 3316 3860 perdiderunt,
3361 3804 3417 3845 et

1845 3899 1898 3941 ιιι
1950 3887 2206 3941 erueris?
2254 3884 2388 3938 Num
2425 3894 2688 3939 erueruut
2721 3899 2814 3938 eos
2857 3884 2927 3938 dii
2975 3883 3239 3952 gentium,
3284 3898 3421 3950 quos

1844 3976 2189 4044 perdiderunt
2218 3983 2397 4043 patres
2427 3974 2553 4038 mei,
2594 3971 2803 4035 Gozan,
2839 3983 2892 4024 et
2924 3969 3193 4032 Charran,
3229 3981 3283 4024 et
3314 3968 3422 4023 Ra-

1843 4067 2031 4135 pheth,
2069 4081 2188 4134 quae
2243 4074 2371 4118 sunt
2414 4066 2464 4116 in
2514 4064 2732 4132 regione
2778 4062 3093 4117 Thematb?
3146 4060 3246 4118 Ubi
3293 4074 3421 4116 sunt

1844 4170 1998 4224 reges
2028 4154 2260 4209 Emath?
2290 4163 2343 4207 et
2371 4153 2457 4205 ubi
2494 4153 2735 4220 Arphath
2757 4152 2781 4206 ?
2806 4140 3147 4207 u'bicivitatis
3178 4150 3419 4221 Epphar-

1844 4250 2016 4311 vaim,
2062 4248 2429 4316 Anagugana?
2464 4245 2525 4297 Et
2566 4246 2795 4313 sumpsit
2826 4245 3087 4298 Ezechias
3128 4246 3329 4299 librum
3384 4262 3414 4298 ιι

1845 4338 2079 4401 nuntiis,
2114 4346 2166 4390 et
2196 4337 2324 4405 legit
2362 4351 2506 4402 eum,
2543 4344 2598 4388 et
2628 4334 2873 4387 ascendit
2897 4334 2949 4387 in
2985 4337 3201 4388 dutntttn
3237 4333 3419 4386 Domi-

1845 4434 1922 4497 ni,
1956 4442 2011 4486 et
2039 4433 2252 4501 aperuit
2284 4447 2405 4485 eum
2437 4446 2624 4483 coram
2660 4429 2905 4483 Domino.
2959 4428 3025 4482 Et
3061 4430 3237 4483 oravit
3284 4430 3416 4484 Eze-

1844 4529 1994 4583 chias
2022 4528 2327 4591 Dominum,
2362 4527 2546 4581 dicens
2584 4545 2595 4578 :
2632 4525 2857 4579 Domine
2890 4526 3251 4587 exercituum,
3281 4526 3419 4578 Dt'tts

1845 4620 2025 4684 Israel,
2059 4620 2147 4688 qui
2179 4621 2337 4673 sedes
2374 4633 2536 4686 super
2566 4617 2875 4671 cherubim.
2909 4634 2927 4667 ι
2979 4617 3237 4669 Ezechias
3270 4634 3413 4679 vero,

1842 4713 2294 4783 quemadmodum
2326 4720 2379 4763 et
2420 4711 2569 4778 prius
2592 4748 2607 4770 ,
2643 4723 2786 4761 nunc
2820 4709 2984 4761 etiam
3024 4711 3317 4761 maturavit
3352 4710 3417 4762 ad

1842 4803 2061 4854 domum
2096 4800 2212 4865 Dei,
2248 4800 2449 4867 unique
2483 4800 2590 4851 Deo
2614 4798 2896 4867 epistolam
2927 4798 3183 4852 ostendit.
3214 4798 3417 4854 Deinde

1843 4905 1970 4945 vero
2008 4890 2456 4959 supplicationem
2516 4890 2719 4943 orando
2760 4890 2977 4953 emisit,
3013 4889 3161 4943 illum
3206 4892 3415 4955 solum,

1838 4993 1891 5038 et
1930 4998 2033 5037 non
2077 4983 2268 5049 alium,
2301 4982 2468 5037 Deum
2501 4998 2619 5037 esse
2653 4982 2859 5037 dicens.

1906 5162 2069 5217 Vens.
2092 5164 2265 5217 17-21.
2287 5180 2305 5213 ι
2328 5162 2405 5215 Tu
2423 5179 2479 5218 es
2502 5164 2638 5218 Deus
2671 5166 2817 5220 solus
2838 5169 3014 5221 omnis
3038 5169 3187 5237 regni
3215 5176 3299 5223 ter
3313 5186 3381 5221 ru!
3408 5190 3416 5220 :

1837 5268 1888 5311 lu
1912 5256 2079 5310 fecisti
2112 5257 2307 5310 caelum
2336 5268 2391 5310 et
2424 5267 2642 5313 terram.
2678 5258 2908 5323 lnclina,
2944 5261 3189 5323 Domine,
3226 5276 3418 5315 aurem

1834 5358 2012 5402 tuam:
2046 5350 2260 5411 exaudi,
2293 5349 2514 5402 Domine
2550 5366 2562 5399 :
2598 5352 2768 5417 aperi,
2796 5352 3039 5408 Domine.
3061 5354 3243 5407 oeulos
3272 5365 3409 5416 tuus,

1836 5440 2071 5508 respice,
2108 5438 2356 5502 Domine,
2388 5451 2443 5491 et
2498 5442 2618 5493 vide
2665 5456 2941 5495 sermones
2982 5446 3409 5511 Senuaeberim,

1833 5547 1967 5599 quos
2001 5532 2165 5596 misit,
2208 5542 2265 5583 ιιι
2303 5534 2656 5598 exprobraret
2693 5537 2801 5586 Deo
2832 5536 3049 5587 viventi.
3096 5536 3150 5587 ltt
3185 5538 3411 5590 veritate

1833 5624 1998 5689 enim,
2042 5622 2297 5691 Domine,
2332 5635 2609 5676 vastarunt
2647 5640 2797 5693 rcges
2835 5628 3176 5694 Assyriorum
3221 5630 3409 5685 orbeut

1834 5765 1883 5816 Ιιι
1922 5764 2182 5821 llebt‘aicu
2214 5765 2403 5834 lrgitut'
2431 5769 2549 5823 7.131
2585 5774 2687 5825 22.1
2712 5765 2775 5818 ad
2808 5765 2952 5832 tujus
2998 5764 3151 5819 lidctn
3186 5764 3407 5834 Vulgata
