4120 6294
633 333 734 392 351

1337 332 1606 391 EUSEBII
1649 331 2134 391 CESARIENSIS
2165 330 2220 388 Di

2361 330 2540 388 PARS
2578 333 2666 388 111.
2690 363 2761 376 --
2791 330 3201 388 EXEGETICA.

3767 337 3884 394 353

625 456 955 521 universum,
991 461 1045 511 et
1078 455 1352 526 regionem
1380 471 1565 510 eorum
1585 496 1602 522 ,
1627 466 1685 510 et
1718 455 2020 524 iniecerunt
2051 453 2188 509 idola
2219 512 2220 519 η

2323 470 2395 521 αν
2440 454 2680 524 βασιλεῖς
2741 453 3040 526 ’Δσσυρίων
3071 454 3173 523 τὴν
3213 456 3538 528 οἰκουμένην
3583 455 3734 528 ὃλην,
3779 457 3883 511 καὶ

625 563 809 602 corum
837 548 890 601 iu
929 547 1125 617 ignem.
1153 545 1267 600 Non
1295 547 1438 602 enim
1469 548 1734 610 diierant,
1758 548 1851 601 sed
1884 559 2048 614 opera
2087 560 2202 598 ina-

627 656 788 695 numn
811 640 1109 702 hominum,
1147 638 1288 709 ligna
1317 648 1371 692 et
1396 638 1600 707 lapides
1629 647 1715 694 :et
1737 638 2059 708 pepulerunt
2081 651 2197 692 eos.

627 729 781 784 Nunc
817 739 996 784 autem
1022 769 1037 792 ,
1073 728 1298 783 Domine
1345 728 1488 784 Deus
1526 738 1709 784 noster
1735 769 1750 793 ,
1788 728 1936 783 salva
1992 743 2093 784 nos
2135 731 2202 784 de

2299 544 2398 616 τὴν
2430 543 2614 617 χώραν
2642 545 2842 608 αὐτῶν,
2876 545 2970 599 καὶ
2991 543 3342 601 ἀνέϐαλον·τά
3375 546 3566 602 εἴδωλα
3589 548 3770 602 αὐτῶν
3793 549 3883 612 είς

2298 635 2361 689 τὸ
2390 634 2521 706 πῦρ.
2552 635 2627 688 ού
2653 635 2763 707 γὰρ
2790 635 2902 689 θεοὶ
2926 629 3089 706 ἦσαν,
3121 635 3236 691 ἀλλ’
3264 636 3402 710 εργα
3435 638 3637 708 χειρῶν
3673 638 3886 709 ἀνθρώ-

2302 724 2440 790 πων,
2476 723 2610 792 ξύλα
2645 725 2740 780 καὶ
2771 724 2907 778 λίθοι
2925 741 2940 756 ο
2965 725 3060 778 καὶ⁵
3089 725 3380 782 ἀπώσαντο
3409 726 3624 790 αὐτούς.
3656 725 3772 781 Νῦν
3796 725 3882 790 Et,

627 838 790 876 mauu
811 823 963 892 ejus;
992 830 1052 877 ιι
1092 829 1388 890 cognoscat
1423 834 1585 875 omne
1609 834 1835 886 regnum
1862 828 2040 884 terraa,
2076 819 2201 889 quia

2323 816 2498 887 ἱύριι,
2538 818 2568 869 6
2608 815 2743 878 Θεὸς
2772 816 2949 888 ἡμῶν,
2980 816 3153 872 σῶσον
3182 818 3328 891 ἡμᾶς
3357 819 3421 871 ἐκ
3449 819 3648 891 χειρῶν
3675 816 3880 873 αὐτοῦ’

628 920 684 966 tu
736 928 797 966 es
840 911 978 966 Deus
1016 911 1182 966 solus.
1216 909 1281 965 Et
1322 911 1520 967 missus
1545 921 1627 966 est
1657 909 1821 965 isaias
1863 910 2004 966 illius
2041 913 2205 966 Amos

628 1002 696 1054 ad
720 1001 1028 1056 Ezeciiiam.
1067 1018 1086 1052 ι
1124 999 1240 1055 Rex
1273 1001 1490 1071 quidem
1523 1001 1750 1057 Ezechia
1774 1037 1809 1067 .,
1850 1013 2036 1072 utpote
2076 1003 2204 1058 reii—

629 1093 835 1162 giosns,
865 1093 917 1147 in
947 1093 1166 1147 domum
1192 1094 1282 1149 Dei
1313 1092 1606 1158 concessit,
1631 1093 1721 1148 ubi
1739 1093 1852 1162 jam
1879 1095 2204 1164 descriptam

629 1184 924 1237 orationem
956 1182 1169 1248 emisit;
1202 1181 1341 1238 Deus
1371 1192 1548 1239 autem
1599 1185 1769 1239 misso
1799 1185 1866 1239 ad
1909 1201 2030 1239 eum
2073 1186 2208 1240 Isaia

631 1274 886 1344 propheta
928 1274 1026 1344 ipsi
1071 1275 1354 1344 respondet
1385 1291 1399 1328 :
1432 1275 1724 1330 secundum
1763 1291 1889 1331 vero
1927 1277 2025 1346 ipsi
2087 1293 2211 1331 ora-

631 1365 810 1420 culum
840 1366 1010 1434 dedit,
1035 1367 1234 1423 docens
1260 1381 1319 1422 se
1339 1381 1643 1423 sermonem
1678 1369 2082 1439 orationemque
2095 1368 2211 1438 ejus

631 1459 961 1514 exaudiissc.

707 1721 868 1779 Vitas.
887 1724 948 1779 21
963 1765 979 1790 ,
994 1724 1082 1780 22.
1093 1742 1113 1777 ι
1138 1724 1208 1781 Et
1222 1727 1362 1784 dixit
1389 1728 1438 1784 ei
1464 1746 1479 1784 :
1507 1727 1631 1784 Haec
1647 1729 1778 1785 dicit
1803 1729 2060 1790 Dominus
2073 1730 2212 1786 Deus

2304 909 2390 962 ἵνα
2413 907 2527 978 γνῷ
2551 909 2700 962 πᾶσα
2727 911 2761 979 ἡ
2797 909 3040 979 βασιλεία
3059 905 3062 907 Α
3083 911 3185 980 τῆς
3215 913 3339 982 γῆς,
3386 911 3473 966 ὅτι
3503 911 3570 966 σὺ
3601 906 3653 965 εἷ
3684 913 3714 965 6
3741 908 3884 974 Θεδς

2307 1000 2485 1071 μόνος.
2512 999 2622 1054 Καὶ
2653 1000 2933 1072 ἀπεστάλη
2959 999 3186 1065 Ἦσαῑας
3213 999 3329 1066 υὶδς
3361 1001 3541 1073 ’Δμὼς
3564 1003 3702 1074 πρὸς
3733 999 3888 1066 Ἐζε-

2307 1091 2454 1147 κίαν.
2485 1110 2508 1144 ι
2551 1090 2610 1147 '0
2644 1092 2743 1162 μὲν
2770 1091 3020 1162 βασιλεὺς
3065 1090 3334 1158 Ἐζεκίας,
3367 1086 3457 1148 οἷα
3488 1094 3762 1165 θεοφιλὴς,
3783 1095 3884 1157 ’τις

2305 1184 2399 1239 τὸν
2415 1181 2564 1239 οἶκον
2590 1182 2744 1255 ἀνῄει
2775 1185 2869 1239 τοῦ
2901 1183 3058 1248 Θεοῦ.
3086 1183 3182 1241 καὶ
3211 1183 3311 1256 τὴν
3330 1184 3680 1257 ἀνάγραπτον
3700 1188 3886 1258 ἱκετη-

2311 1275 2429 1345 ρίαν
2459 1275 2742 1346 ἀνέπεμπε
2765 1291 2779 1305 °
2799 1275 2930 1340 Θεὸς
2959 1275 3018 1330 δὲ
3037 1272 3185 1350 αὐτῷ
3217 1273 3595 1346 ἀποκρίνεται,
3627 1274 3721 1328 τὸν
3746 1275 3886 1329 ἑαυ-

2307 1366 2402 1420 τοῦ
2448 1367 2729 1438 προφήτην
2781 1367 3007 1420 Ἡσαΐαν
3041 1366 3121 1432 ὡς,
3147 1366 3314 1423 αὑτὸν
3331 1365 3587 1437 πέμψας’
3628 1364 3886 1438 δεύτερον

2308 1457 2366 1512 δὲ
2429 1457 2578 1528 αὐτῷ
2636 1456 2824 1512 τοῦτον
2884 1458 3131 1513 ικδίδωσι
3166 1457 3276 1511 ’τὸν
3327 1457 3594 1529 χρησμὸν,
3637 1456 3713 1519 ὡς
3769 1456 3884 1527 ἄρα

2311 1549 2397 1620 εἴη
2444 1548 2696 1622 ἀκηκοὼς
2744 1550 2836 1604 τὸν
2879 1551 2979 1622 τῆς
3029 1551 3338 1623 προσευχῆς
3381 1548 3546 1604 αὐτοῦ
3597 1549 3754 1618 λόγον
3796 1547 3884 1602 δι-

2313 1639 2550 1695 δάσκων.

2390 1751 2408 1782 ι
2444 1733 2553 1786 Καὶ
2577 1729 2732 1788 εἷπεν
2758 1733 2935 1804 αὐτῷ’
2960 1733 3099 1788 Τάδε
3129 1734 3277 1804 λέγει
3315 1733 3521 1806 Κύριος
3550 1734 3580 1786 6
3608 1732 3742 1795 Θεὸς
3775 1731 3883 1785 ’ἰσ-

635 1815 1039 1874 lsrael:Audivi
1065 1833 1185 1890 qua:
1217 1829 1469 1892 precatus
1490 1835 1553 1878 es
1588 1836 1674 1878 me
1704 1835 1867 1892 super
1894 1821 2198 1878 Sennaclte-

2323 1823 2443 1896 ηήλ
2463 1840 2478 1854 ’
2512 1825 2756 1878 Ἤκουσα
2791 1825 2828 1880 ἃ
2865 1825 3154 1900 προσηύξω
3189 1827 3322 1898 πρὸς
3356 1826 3424 1896 μὲ
3456 1826 3581 1897 περῖ
3611 1825 3886 1894 135W5‘X"i‘

637 1910 740 1964 rim
766 1925 894 1980 rege
929 1910 1294 1984 Assyriorum.
1332 1912 1432 1969 llic
1466 1923 1553 1969 ast
1583 1927 1765 1968 sermo
1793 1929 1953 1984 quem
1999 1915 2208 1971 locutus

635 2013 724 2059 est
750 2004 815 2058 de
843 2003 932 2058 illo
961 2003 1102 2060 Deus
1126 2003 1491 2078 :Contempsit
1521 2015 1607 2072 te,
1648 2014 1704 2061 et
1743 2007 2094 2063 subsannavit
2133 2019 2206 2073 te,

637 2096 791 2164 virgo
821 2095 926 2149 lilia
962 2096 1115 2152 Sion.
1143 2115 1161 2149 ι
1184 2097 1296 2168 Ego
1323 2111 1453 2153 vero
1481 2098 1604 2154 dico
1639 2098 1734 2153 tibi
1771 2100 2207 2170 ne‘temetipsum

638 2187 895 2256 decipias,
931 2203 1036 2243 non
1071 2189 1212 2244 enim
1235 2189 1436 2244 virtute
1454 2197 1544 2244 tua
1578 2189 1678 2244 hos
1703 2203 1894 2245 omnes
1922 2192 2209 2259 superasti.

638 2277 752 2348 Ego
791 2287 974 2333 autem
1023 2294 1172 2334 eram
1203 2280 1294 2350 qui
1335 2279 1454 2336 haec
1492 2289 1682 2336 contra
1725 2295 1822 2337 eos
1861 2281 2211 2348 deﬁnieram,

637 2368 852 2425 etiamsi
891 2379 946 2425 tu
1005 2372 1058 2426 id
1107 2372 1329 2428 minime
1374 2387 1716 2443 agnosceres,
1745 2384 1910 2443 atque
1948 2374 2015 2427 ab
2061 2374 2215 2429 initio

640 2462 925 2519 Consilium
962 2478 1139 2518 meum
1169 2479 1275 2517 non
1323 2463 1563 2518 audires.
1597 2462 1807 2520 Etenim
1839 2462 1950 2530 jam
1982 2463 2107 2518 inde
2148 2464 2214 2518 ab

642 2554 879 2623 antiquis
902 2555 1231 2624 temporibus
1252 2555 1365 2611 bac
1389 2564 1574 2610 contra
1602 2555 1929 2624 irreligiosas
1950 2565 2002 2610 et
2028 2556 2217 2624 impias

645 2655 832 2716 gentes
873 2661 971 2716 per
1002 2657 1054 2700 te
1099 2645 1232 2700 edici
1275 2646 1637 2702 decreveram.
1666 2645 1820 2700 Nunc
1864 2656 2043 2700 autem
2087 2646 2219 2716 ipsis

647 2736 901 2802 operibus
933 2737 1216 2793 consilium
1244 2738 1428 2807 aperui
1472 2754 1672 2802 memn,
1695 2752 1818 2793 cum
1849 2747 1903 2792 te
1931 2737 1997 2792 ad
2029 2753 2217 2793 eorum

647 2827 738 2898 qui
784 2827 1043 2898 supplicio
1093 2829 1239 2900 digni
1307 2839 1435 2882 sunt
1475 2829 1766 2899 perniciem
1810 2829 2089 2894 excitavi,
2132 2837 2216 2882 at-

647 2933 754 2991 que
783 2928 835 2974 te
865 2921 1015 2988 quasi
1051 2920 1202 2990 signo
1230 2935 1359 2975 usus
1395 2935 1515 2974 sum
1546 2920 1610 2974 ad
1636 2919 1921 2974 vastandas
1947 2929 2137 2990 gentes
2165 2926 2220 2972 et

647 3011 714 3064 ad
743 3010 1013 3080 pellendos
1051 3027 1145 3066 eos
1185 3011 1278 3080 qui
1307 3012 1542 3066 munitas
1576 3013 1736 3066 urbes
1766 3010 2007 3066 incolunt
2041 3027 2054 3062 :
2087 3025 2223 3080 quas

647 3101 864 3171 quidem
895 3105 1057 3157 urbes
1087 3104 1236 3171 prius
1262 3103 1627 3157 custodiebam
1655 3111 1712 3157 et
1737 3101 2054 3166 servabam;
2084 3110 2224 3171 post-

2312 1914 2443 1985 ρεὶμ
2471 1914 2734 1983 βασιλέως
2771 1917 3089 1988 ’Δσσυρίων.
3125 1913 3291 1981 Οὕτος
3315 1921 3346 1971 6
3377 1917 3533 1986 λόγος
3563 1917 3621 1969 ὃν
3653 1914 3885 1984 ὲλάλησε

2311 2007 2441 2078 περὶ
2463 2006 2630 2061 αὑτοῦ
2650 2010 2680 2062 6
2699 2008 2854 2072 Θεός·
2896 2008 3182 2079 Ἔφαύλισέ
3215 2026 3274 2061 σε
3310 2009 3404 2062 καὶ
3429 2009 3761 2078 ὲμυκτήρισέ
3796 2024 3885 2074 σε,

2313 2097 2578 2168 παρθένος
2598 2099 2843 2171 θυγάτηρ
2868 2100 3026 2155 Σιών.
3061 2119 3081 2152 ›
3111 2099 3250 2170 Ἐγὼ
3280 2099 3338 2153 δέ
3367 2100 3448 2153 σοί
3482 2117 3622 2170 φημι
3649 2100 3724 2171 μὴ
3754 2116 3890 2154 σαυ-

2313 2188 2405 2242 τὸν
2453 2189 2702 2262 ἀπατᾷν,
2758 2192 2821 2245 οὐ
2873 2193 2984 2264 γάρ
3027 2193 3095 2264 τῇ
3142 2189 3340 2245 σαυτοῦ
3394 2190 3620 2261 δυνάμει
3677 2189 3890 2246 τούτων

2314 2280 2564 2336 ἁπάντων
2595 2283 2970 2354 περιγέγονας.
3011 2281 3152 2352 Ἐγὼ
3192 2281 3251 2336 δὲ
3285 2281 3432 2352 ἥμην
3467 2279 3603 2333 αύτά
3634 2279 3754 2333 κατ’
3786 2279 3891 2335 αὕ-

2313 2372 2424 2429 τῶν
2448 2375 2657 2445 ὁρίσας,
2689 2377 2739 2430 εί
2771 2376 2864 2428 καὶ
2898 2375 2963 2427 σὺ
2993 2374 3069 2446 μὴ
3089 2373 3353 2442 ἐπέγνως,
3382 2372 3531 2443 ἢκαὶ
3563 2371 3696 2443 μηδὲ
3720 2373 3891 2442 ηκου-

2318 2479 2416 2529 σας
2445 2464 2544 2537 τὴν
2567 2464 2705 2536 ἐμὴν
2729 2465 2789 2532 ἐξ
2817 2465 2991 2538 ἀρχῆς
3019 2464 3232 2536 βουλήν.
3264 2463 3447 2518 Ταῦτα
3465 2461 3573 2533 γὰρ
3604 2463 3767 2524 αὐτὸς
3791 2464 3888 2517 κέ-

2317 2574 2487 2628 κρικα
2518 2557 2659 2611 κατά
2687 2557 2797 2611 τῶν
2827 2556 3002 2610 ἀθέων
3041 2557 3136 2610 καὶ
3161 2555 3372 2610 ἀσεὸὦν
3395 2555 3561 2610 ἐθνῶν
3597 2555 3764 2610 παλαι
3793 2555 3890 2608 καὶ

2319 2648 2378 2714 έξ
2400 2649 2622 2721 ἡμερῶν
2649 2648 2891 2721 ἀρχαίων
2940 2648 3029 2702 διὰ
3067 2646 3162 2701 σοῦ
3196 2648 3524 2721 πραχθῆναι.
3572 2649 3688 2703 Νῦν
3726 2648 3784 2701 δὲ
3816 2647 3888 2700 δι’

2320 2738 2496 2811 ἔργων
2547 2739 2644 2811 τὴν
2685 2741 2825 2813 ἐμὴν
2878 2739 3128 2805 ἐπέδειξα
3171 2740 3384 2811 βουλὴν,
3427 2742 3646 2813 ἐγείρας
3697 2756 3756 2794 σε
3798 2739 3887 2792 ἐπ’

2321 2829 2525 2900 ὀλέθρῳ
2552 2829 2661 2883 τῶν
2687 2829 2957 2902 τιμωρίας
2987 2829 3173 2893 ἀξίων,
3203 2829 3296 2884 καί
3326 2847 3410 2903 σοι
3434 2834 3779 2905 χρησάμενος
3800 2846 3895 2901 ση-

2325 2921 2463 2992 μείῳ
2492 2921 2587 2974 τοῦ
2611 2919 2954 2993 ἑξερημῶσαι
2979 2920 3127 2991 ἔθνη,
3156 2923 3490 2986 ἀναστάτους
3513 2926 3732 2994 ποιῆσαι
3761 2925 3890 2985 τοὺς

2322 3008 2603 3072 οἰκοῦντας
2637 3011 2696 3063 ὲν
2728 3007 2946 3062 πόλεσιν
2968 3009 3218 3079 ὀχυραῖς·
3253 3009 3319 3073 ἃς
3345 3011 3605 3082 πρότερον
3635 3011 3735 3082 μὲν
3759 3011 3892 3078 ἐφύ-

2324 3100 2515 3153 λαττον
2534 3099 2810 3166 διασώζων
2829 3102 2936 3171 ἐγώ
2955 3120 2968 3132 ·
3004 3103 3124 3157 ἐπεὶ
3147 3103 3203 3156 δὲ
3232 3102 3461 3172 ἠσέϐουν
3495 3101 3568 3172 μὴ
3598 3103 3891 3174 γνωρίζον-

650 3208 814 3261 quam
841 3205 1020 3248 autem
1052 3194 1124 3248 illi
1156 3203 1488 3249 servatorem
1516 3209 1620 3248 non
1647 3204 2006 3264 agnoscentes
2041 3208 2218 3256 suum,

2323 3208 2411 3256 τες
2457 3191 2547 3244 τὸν
2569 3191 2775 3245 ἑαυτῶν
2821 3168 3058 3266 σωτῆρα,
3098 3168 3274 3265 ἀνῆκα
3302 3193 3399 3258 τὰς
3431 3168 3665 3265 ἐμαυτοῦ
3701 3168 3890 3265 χεῖρας

653 3284 916 3353 impietati
951 3301 1009 3340 se
1039 3284 1398 3349 dediderant,
1432 3299 1621 3338 manus
1670 3284 1851 3338 remisi
1888 3298 2065 3348 meus,
2100 3296 2223 3338 eos-

653 3390 756 3438 que
779 3375 870 3429 tibi
903 3376 971 3428 ad
1001 3377 1321 3444 supplicium
1358 3376 1572 3429 tradidi.
1609 3374 1686 3428 liii
1710 3390 1840 3430 vero
1884 3375 2224 3445 inspectione

654 3481 772 3521 mea
796 3468 990 3532 orbati,
1027 3469 1210 3522 statim
1255 3467 1454 3523 deserti
1484 3477 1629 3523 sunt.
1663 3467 1844 3535 Quare
1868 3467 2044 3522 subdit
2072 3485 2087 3523 :

723 3557 884 3612 Vsus.
910 3559 1099 3616 25-25.
1138 3578 1156 3611 ι
1188 3558 1242 3613 in
1280 3569 1329 3615 te
1367 3558 1526 3629 eaput
1559 3561 1743 3625 movit,
1767 3558 1873 3614 illia
1903 3558 2220 3615 Jerusalem.

653 3649 750 3706 Cui
805 3654 1165 3722 exprobrasti,
1206 3665 1262 3707 et
1304 3667 1464 3723 quem
1503 3650 1781 3706 irritasti?
1817 3663 1909 3707 aut
1963 3653 2224 3707 adversus

654 3757 815 3814 quem
845 3743 1106 3799 sustulisti
1155 3759 1334 3798 vocem
1373 3752 1514 3796 tuam
1545 3743 1570 3796 ἲ
1601 3752 1658 3797 et
1701 3757 1805 3795 non
1838 3741 2022 3795 levasti
2060 3742 2112 3796 in
2149 3741 2227 3795 al-

657 3844 769 3889 tnui
815 3837 1000 3891 oculos
1044 3847 1163 3891 tuos
1205 3837 1270 3888 ad
1317 3844 1564 3890 sanctum
1613 3833 1797 3897 lsrael,
1832 3836 2088 3903 quoniam
2133 3850 2227 3904 per

659 3926 880 3980 nuntios
918 3926 1253 3996 exprobrasti
1299 3926 1547 3981 Domino.
1597 3916 1678 3980 Tu
1728 3925 1874 3981 enim
1919 3925 2102 3980 dixisti
2131 3925 2226 3980 :ln

658 4015 1001 4072 multitudine
1030 4032 1286 4072 curruum
1312 4032 1412 4086 ego
1445 4018 1659 4074 ascendi
1703 4019 1757 4072 iu
1792 4018 2048 4072 verticem
2078 4034 2230 4072 mon-

660 4109 818 4172 tium,
850 4118 905 4163 et
935 4109 987 4163 in
1036 4109 1222 4162 ultima
1260 4107 1470 4171 Libani,
1497 4118 1552 4163 et
1594 4108 1795 4163 succidi
1837 4107 2047 4176 fastigia
2081 4109 2228 4163 cedri

657 4198 796 4264 eius,
827 4209 883 4254 et
923 4200 1372 4269 pulchritudinem
1413 4202 1673 4269 cypressi,
1725 4211 1782 4255 et
1814 4200 2084 4270 ingressus
2110 4216 2228 4255 sum

663 4291 718 4345 in
745 4292 1082 4347 altitudinem
1125 4291 1297 4358 partis
1324 4289 1518 4346 saltus.
1561 4309 1581 4342 ι
1612 4290 1706 4344 liis
1736 4304 1898 4359 porro
1922 4292 2232 4345 subindicat

663 4383 909 4439 sublimia
953 4383 1044 4438 illa
1077 4392 1132 4438 et
1179 4381 1469 4451 conspicua
1502 4381 1556 4437 in
1603 4381 1824 4450 reliquis
1859 4381 2108 4449 gentibus
2141 4395 2230 4435 re-

2325 3301 2407 3338 σοι
2441 3285 2768 3356 παραδιδοὺς
2793 3286 2885 3338 ἐπὶ
2919 3286 3184 3358 τιμωρίᾳ·
3212 3288 3260 3339 οἱ
3290 3285 3345 3338 δὲ
3375 3287 3717 3357 παραχρῆμα
3756 3286 3890 3357 ἐρη-

2327 3397 2416 3449 μοι
2466 3379 2709 3447 ἐγένοντο
2748 3381 2848 3450 τῆς
2894 3380 3032 3451 ἐμῆς
3067 3379 3418 3450 στερηθέντες
3454 3381 3773 3449 ἐπισκοπῆς.
3797 3379 3893 3432 Διὸ

2325 3470 2587 3538 ἐπιλέγει*

2399 3581 2416 3612 ι
2459 3563 2579 3616 Ἐπὶ
2609 3562 2690 3615 σοὶ
2717 3562 2954 3634 κεφαλὴν
2987 3562 3222 3632 ἐκίνησε,
3245 3562 3490 3633 θυγάτηρ
3520 3562 3890 3635 Ἰερουσαλήμ.

2325 3654 2458 3706 Τίνα
2481 3654 2761 3718 ὠνείδισας
2794 3655 2886 3708 καὶ
2913 3653 3233 3722 παρὼξυνας
3253 3671 3266 3721 ;
3290 3655 3323 3726 ἢ
3359 3655 3492 3726 πρὸς
3518 3657 3640 3710 τίνα
3671 3654 3895 3726 ὕψωσας

2326 3739 2424 3810 τὴν
2462 3741 2646 3811 φωνήν
2674 3757 2802 3804 acu;
2844 3742 2939 3794 καὶ
2979 3741 3076 3793 οὐκ
3107 3737 3246 3814 ἦρας
3273 3744 3351 3805 εἰς
3381 3743 3511 3813 ὕψος
3540 3744 3665 3807 τοὺς
3695 3743 3896 3812 ὀφθαλ-

2331 3829 2461 3900 μούς
2483 3847 2577 3883 σου
2606 3831 2739 3902 πρὸς
2764 3832 2854 3884 τὸν
2885 3831 3039 3898 ἅγιον
3058 3831 3150 3884 τοῦ
3199 3834 3431 3904 Ἰσραὴλ,
3461 3835 3541 3888 ὃτι
3566 3835 3630 3887 δι’
3651 3834 3893 3904 ἀγγέλων

2328 3918 2608 3984 ὠνείδισας
2671 3920 2892 3992 Κύριον.
2949 3921 3020 3974 Σὺ
3075 3921 3183 3992 γὰρ
3226 3917 3414 3985 εἶπας*
3449 3922 3540 3993 Τῷ
3564 3923 3756 3995 πλήθει
3786 3923 3896 3976 τῶν

2330 4009 2590 4078 ἁρμάτων
2621 4009 2731 4078 ἐγὼ
2759 4011 2955 4080 ἀνέϐην
3014 4013 3094 4074 εἰς
3153 4010 3285 4080 ὕψος
3325 4013 3530 4085 ὀρέων,
3576 4016 3667 4067 καὶ
3707 4016 3786 4077 είς
3825 4014 3894 4068 τά

2331 4099 2534 4170 ἔσχατα
2577 4101 2668 4154 τοῦ
2707 4103 2961 4165 Λιϐάνου,
2997 4106 3088 4158 καὶ
3126 4105 3297 4176 ἔκοψα
3341 4107 3400 4158 τὸ
3422 4105 3552 4176 ὕψος
3580 4109 3677 4177 τῆς
3705 4107 3893 4176 κέδρου

2330 4192 2517 4257 αὐτοῦ,
2552 4195 2647 4248 καὶ
2679 4195 2738 4247 τὸ
2771 4196 2962 4261 κάλλος
3001 4199 3098 4267 τῆς
3122 4199 3485 4270 κυπαρίσσου,
3519 4199 3612 4251 καὶ
3648 4199 3894 4268 εἰσῆλθον

2333 4285 2411 4347 εἰς
2435 4283 2567 4352 ὕψος
2591 4284 2789 4355 μέρους
2815 4287 2908 4340 τοῦ
2938 4286 3163 4358 δρυμοῦ.
3209 4307 3227 4338 ι
3271 4288 3544 4358 ᾘνίττετο
3580 4287 3666 4342 διὰ
3694 4288 3897 4343 τούτων

2332 4377 2429 4439 τὰς
2444 4376 2502 4430 έν
2525 4380 2639 4441 τοῖς
2667 4377 2868 4441 λοιποῖς
2896 4378 3103 4430 ὲθνεσιν
3125 4379 3506 4449 ὲπηρτημένας
3528 4380 3622 4432 καὶ
3646 4380 3900 4450 εὐθηνου-

665 4491 789 4544 gua.
819 4475 1006 4545 Magna
1031 4480 1230 4544 quippe
1259 4473 1350 4528 illa
1383 4471 1576 4528 Libani
1625 4471 1912 4526 multitudo
1940 4473 1991 4525 in
2026 4471 2220 4525 altissi-

2336 4468 2502 4537 μένας
2542 4467 2835 4538 βασιλείας.
2869 4469 2942 4522 Τὸ
2981 4470 3088 4541 γὰρ
3123 4469 3254 4522 πολὺ
3290 4469 3490 4540 πλῆθος
3534 4469 3628 4522 τοῦ
3669 4470 3898 4525 Λιϐάνου

668 4570 771 4625 mis
799 4569 972 4624 cedris
985 4577 1039 4622 et
1053 4565 1339 4636 cupressis,
1361 4565 1496 4629 sive,
1516 4564 1807 4618 secundum
1831 4561 2233 4633 Symmachum.

673 4681 692 4713 ι
723 4662 1002 4730 iuniperis,
1034 4679 1053 4713 ι
1076 4659 1208 4724 sive,
1241 4657 1534 4712 secundum
1561 4653 1835 4725 Aquilam,
1870 4671 1889 4705 ι
1914 4651 2227 4713 abietibus,»

669 4757 732 4807 ad
759 4754 1040 4824 imaginem
1063 4763 1117 4806 et
1141 4751 1364 4822 liguram
1391 4749 1629 4822 gentium
1652 4757 1779 4802 tunc
1799 4760 2052 4816 prospere
2073 4759 2233 4814 agen-

672 4850 802 4901 timn
839 4845 1135 4912 usurpavit.

743 4937 902 4990 Vsus.
929 4934 1120 4989 26-29.
1145 4952 1164 4985 ι
1187 4934 1248 4988 Ει
1281 4932 1433 5001 posui
1465 4940 1704 5003 pontem,
1734 4938 1791 4982 et
1810 4928 2014 4982 vastavi
2044 4941 2231 4995 aquas,

669 5040 725 5082 et
752 5043 964 5082 onmem
987 5025 1454 5095 congregationem
1499 5038 1667 5090 aquae.
1705 5020 1892 5077 Nonne
1917 5036 1980 5074 ea
2016 5019 2232 5074 audiisti

671 5121 819 5181 olim,
847 5133 967 5187 qua:
990 5134 1087 5187 ego
1122 5116 1222 5171 i‘eci
1255 5117 1384 5172 iAb
1422 5115 1659 5185 antiquis
1698 5114 1888 5169 diebus
1931 5112 2184 5168 constitui
2219 5130 2233 5178 ;

675 5226 819 5266 nunc
847 5219 1022 5267 autem
1050 5209 1261 5263 ostendi
1303 5223 1390 5263 me
1420 5218 1637 5264 vastare
1683 5217 1870 5279 gentes
1904 5207 1957 5261 in
1987 5205 2236 5268 fortibus,

674 5312 729 5358 et
752 5318 866 5367 eos,
894 5301 987 5372 qui
1024 5301 1267 5356 habitant
1313 5302 1365 5354 in
1403 5301 1710 5356 civitatibus
1751 5299 1991 5354 munitis.
2037 5298 2238 5352 Remisi

681 5409 888 5459 manus,
938 5405 994 5449 et
1023 5403 1374 5458 exaruerunt,
1409 5403 1462 5448 et
1497 5392 1716 5448 luerunt
1760 5401 2014 5462 tanquam
2060 5391 2238 5446 feutnn

682 5488 884 5542 aridum
914 5487 968 5541 in
1018 5485 1174 5542 tectis
1214 5494 1267 5540 ct
1315 5497 1566 5556 tanquam
1606 5500 1842 5556 gramen.
1876 5483 2028 5539 Nunc
2061 5492 2237 5537 autem

688 5577 920 5647 requiem
964 5587 1133 5639 tuam,
1172 5584 1225 5629 et
1253 5574 1456 5630 exitum
1482 5586 1651 5639 tuum,
1678 5584 1733 5631 et
1766 5577 2063 5644 ingressum
2089 5584 2237 5628 tuum

683 5686 784 5737 ego
811 5670 954 5726 novi.
992 5666 1075 5721 ira
1105 5677 1281 5722 anteu-
1316 5678 1428 5730 tua,
1455 5684 1561 5736 qua
1610 5669 1778 5722 iratus
1813 5681 1895 5734 es,
1933 5676 1989 5721 ct
2034 5667 2236 5720 amari-

686 5761 814 5815 tudo
849 5771 937 5814 tua
976 5758 1218 5814 ascendit
1253 5758 1319 5812 ad
1370 5774 1472 5814 me.
1503 5759 1568 5815 Et
1605 5757 1839 5827 iujiciam
1883 5755 2140 5814 circulum
2183 5756 2234 5811 in

2337 4562 2395 4614 ὲν
2423 4560 2778 4632 ὑψηλοτάταις
2804 4562 3016 4633 κέδροις
3042 4562 3133 4615 καὶ
3161 4562 3537 4632 κυπαρίσσοις,
3569 4562 3602 4631 ἢ
3631 4562 3722 4614 καὶ
3757 4583 3775 4613 r
3805 4564 3903 4632 ἀρ-

2336 4655 2567 4720 κεύθοις,
2611 4676 2629 4708 ι
2667 4655 2804 4709 κατὰ
2834 4654 2924 4708 τὸν
2953 4654 3266 4724 Σύμμαχον,
3299 4655 3331 4724 ἢ
3371 4674 3388 4706 ι
3429 4655 3665 4717 ἐλάταις,
3708 4673 3726 4706 ι
3763 4655 3901 4708 κατά

2335 4748 2425 4800 τὸν
2475 4748 2722 4810 Ἀκύλαν,
2761 4749 2839 4809 εἰς
2879 4747 3058 4800 εἰκόνα
3096 4745 3410 4819 περιείληφε
3455 4746 3565 4801 τῶν
3595 4747 3715 4799 τότε
3743 4747 3901 4816 εὐθη-

2337 4856 2427 4893 νου
2435 4841 2611 4910 μένων
2647 4839 2833 4894 ὲθνῶν.

2412 4949 2430 4980 ι
2471 4929 2579 4982 Καὶ
2623 4929 2793 5000 ἔθηκα
2839 4928 3102 5001 γέφυραν,
3149 4931 3241 4982 καὶ
3272 4930 3542 5000 ὴρήμωσα
3586 4929 3775 4990 ὕδατα,
3809 4931 3899 4984 καὶ

2337 5024 2516 5075 πᾶσαν
2540 5020 2861 5089 συναγωγὴν
2881 5013 3086 5084 ὕδατος,
3114 5021 3188 5072 Οὐ
3210 5019 3383 5074 ταῦτα
3409 5020 3647 5090 ἡκούσας
3678 5021 3842 5075 παλαι
3864 5022 3899 5075 ἃ.

2338 5112 2446 5180 ἐγὼ
2474 5114 2737 5183 sucinae;
2789 5113 2876 5179 Ἐξ
2917 5113 3136 5186 ἡμερῶν
3168 5113 3408 5184 ἀρχαίων
3462 5113 3724 5179 συνέταξα
3747 5130 3760 5143 ⁶
3807 5112 3900 5166 νῦν

2339 5204 2393 5256 δὲ
2424 5203 2669 5268 ἐπέδειξα
2700 5204 3042 5275 ἐξερημῶσαι
3070 5203 3197 5274 ἔθνη
3232 5205 3289 5256 ὲν
3322 5205 3556 5275 ὀχυροῖς,
3582 5206 3677 5256 καὶ
3701 5203 3902 5257 οἰκοῦν-

2343 5313 2440 5360 τας
2473 5301 2530 5351 ὲν
2560 5297 2775 5350 πόλεσιν
2805 5298 3047 5369 ὀχυραῖς.
3095 5297 3299 5365 Ἀνῆκα
3335 5295 3435 5359 τὰς
3468 5298 3672 5367 χεῖρας,
3698 5297 3792 5348 καὶ
3815 5295 3900 5360 ἐξ·

2344 5389 2674 5460 ηρὸινθησαν,
2711 5388 2803 5441 καὶ
2837 5389 3084 5457 ἐγένοντο
3105 5389 3179 5451 ὡς
3203 5389 3395 5459 χόρτος
3424 5387 3585 5458 ξηρὸς
3605 5388 3698 5439 ἐπὶ
3723 5386 3902 5456 δωμά-

2343 5501 2468 5545 των,
2495 5483 2586 5535 καὶ
2605 5483 2680 5545 ὼς
2696 5482 2989 5552 ἄγρωστις.
3009 5483 3121 5534 Νῦν
3139 5479 3196 5532 δὲ
3226 5481 3324 5551 τὴν
3357 5479 3659 5532 ἁνάπαυσίν
3691 5495 3784 5530 σου
3813 5481 3905 5532 καί·

2343 5576 2440 5645 τὴν
2471 5575 2645 5638 ἔξοδόν
2675 5592 2768 5628 σου
2817 5575 2910 5627 καὶ
2942 5573 3038 5644 τὴν
3075 5572 3276 5626 εἴσοδόν
3311 5587 3406 5624 σου
3451 5570 3560 5639 ἐγὼ
3587 5569 3896 5638 ἐπίσταμαι.

2353 5669 2412 5719 ’0
2437 5668 2494 5719 δὲ
2518 5667 2684 5735 θυμός
2710 5683 2826 5724 σου.
2854 5665 2912 5717 ὃν
2945 5663 3250 5734 ὲθυμώθης,
3297 5663 3391 5717 καὶ
3409 5663 3443 5733 ὴ
3469 5661 3661 5732 πικρία
3690 5678 3786 5714 σου
3814 5662 3899 5716 ἀν-

2343 5759 2438 5828 έθη
2473 5759 2602 5829 apii;
2641 5758 2728 5829 μέ.
2757 5757 2864 5813 Καὶ
2897 5754 3114 5827 ἐμϐα.λῶ
3146 5755 3309 5825 φιμὸν
3354 5755 3432 5818 εἰς
3479 5754 3576 5822 τὴν
3617 5752 3742 5823 ρῐνά
3790 5767 3900 5819 σου,
