4120 6294
722 311 826 364 355

1219 417 1444 473 CAPUT
1479 414 1771 484 ,xxxvm.

795 517 950 570 Vsus.
989 514 1152 590 Ιοὸηι
1178 511 1410 578 Contigit
1437 519 1614 562 autem
1647 522 1711 560 eo
1739 516 1998 574 tempore,
2024 514 2080 556 ut
2103 517 2276 572 aegro-

721 619 858 662 taret
889 605 1146 661 Ezechias
1173 617 1339 669 usque
1379 600 1446 652 ad
1473 608 1698 652 mortem
1725 614 1738 659 ;
1770 609 1824 650 et
1868 596 2019 649 venit
2063 597 2128 648 ad
2151 609 2273 648 eum

720 702 890 756 {nias
914 700 1056 752 illius
1089 700 1248 750 Amos
1281 692 1562 760 propheta,
1597 700 1651 742 et
1688 689 1824 742 dixit
1848 687 1895 741 ei
1930 701 1948 740 :
1982 686 2105 740 Haec
2143 687 2274 739 dicit

721 793 975 846 Dominus
1002 808 1014 842 :
1047 787 1275 854 Dispoue
1304 784 1482 837 domui
1509 793 1608 834 tute
1631 797 1644 832 :
1668 779 1914 833 morieris
1934 780 2077 831 enim
2112 787 2191 841 tu,
2221 789 2274 832 et

717 901 819 935 tum
853 883 1020 934 vives.
1077 877 1142 931 Et
1181 875 1450 930 convertit
1493 872 1756 940 Ezechias
1805 869 1996 923 faciem
2031 884 2179 922 suam
2206 871 2272 923 ad

716 977 995 1040 parietem,
1025 977 1078 1025 et
1099 968 1274 1023 oravit
1302 967 1584 1020 Dominum
1606 963 1824 1018 dicens:
1856 961 2142 1025 Memento,
2172 961 2273 1015 Do-

717 1068 880 1127 mine,
908 1061 1174 1131 quomodo
1204 1057 1586 1112 ambulaverim
1637 1070 1818 1108 coram
1849 1064 1900 1105 te
1935 1053 1988 1105 in
2017 1053 2270 1122 vernae.

717 1162 766 1213 in
801 1161 960 1214 corde
1005 1156 1238 1218 sincero,
1271 1162 1324 1207 et
1373 1148 1567 1220 piacita
1610 1152 1662 1208 in
1685 1164 1975 1223 conspectu
1997 1161 2100 1207 'tuo
2132 1152 2273 1205 fece-

717 1255 837 1306 rim.
883 1251 945 1306 Et
984 1253 1128 1304 llevit
1177 1249 1435 1304 Ezechias
1479 1246 1604 1301 ﬂetu
1653 1262 1867 1316 magno.
1909 1267 1927 1297 ι
1984 1246 2085 1311 Qui
2138 1245 2272 1298 dixit

719 1345 876 1409 Deus,
907 1361 926 1394 ι
959 1341 1068 1411 Ego
1098 1342 1360 1402 occidam,
1381 1350 1433 1393 et
1472 1355 1572 1409 ego
1601 1341 1779 1392 vivere
1814 1336 2009 1393 faciam
2035 1355 2050 1401 ;
2081 1352 2268 1406 percu-

716 1440 842 1490 tiam
895 1445 948 1490 et
993 1450 1093 1505 ego
1141 1433 1435 1495 saltabo";
1481 1452 1498 1484 ι
1548 1425 1667 1484 eum
1703 1447 1796 1499 per
1826 1445 1988 1482 unum
2025 1430 2268 1497 angelum

717 1533 895 1585 hostes
936 1529 1080 1596 justo
1107 1526 1307 1595 judicio
1341 1524 1712 1594 percussisset,
1745 1523 2046 1588 religiosqu
2095 1535 2268 1589 regem

717 1628 782 1677 ad
816 1621 1230 1676 incolumitatem
1272 1627 1325 1671 et
1357 1619 1517 1670 vitam
1567 1627 1802 1673 revocat.
1844 1630 1905 1666 ac
1934 1628 2027 1681 per
2061 1627 2120 1665 se
2147 1627 2267 1663 eum

713 1729 743 1766 a
775 1723 945 1766 morte
974 1712 1149 1780 eripit.
1206 1709 1432 1763 Pulchre
1486 1709 1646 1777 igitur
1702 1708 1883 1761 isthmc
1941 1714 2158 1759 enarrat
2185 1704 2268 1756 di—

713 1820 839 1858 cens
873 1824 884 1857 :
915 1821 934 1854 ι
976 1803 1049 1856 Eo
1099 1813 1340 1870 tempore
1391 1801 1668 1869 aegrotavit
1719 1799 1972 1858 Ezechias
2004 1811 2171 1866 usque
2204 1796 2268 1849 ad

714 1906 936 1950 mortem
971 1912 984 1944 :
1019 1915 1035 1945 ι
1069 1894 1146 1946 vel
1183 1905 1241 1947 ut
1266 1893 1459 1961 Aquila
1495 1893 1672 1953 habet,
1705 1911 1720 1940 ι
1755 1892 1817 1942 ad
1851 1891 2220 1953 moriendum;
2247 1908 2264 1938 ι

710 1999 802 2042 aut
836 1998 893 2040 ut
937 1989 1122 2055 reliqui
1171 1988 1509 2053 interpretes,
1546 2003 1563 2034 ι
1603 1985 1668 2037 ad
1707 1992 1950 2035 mortem.
1990 2001 2008 2032 υ
2050 1980 2178 2034 Nam
2207 1995 2271 2032 eo

714 2091 972 2149 tempore,
1008 2080 1241 2149 quoiam
1275 2077 1540 2131 recensita
1571 2075 1808 2143 perpessi
1863 2082 1990 2126 sunt
2040 2072 2267 2141 Assyrii,

711 2171 950 2225 Ezechiae
999 2170 1187 2224 mortis
1223 2179 1430 2237 tempus
1466 2167 1652 2220 adfuit.
1717 2165 1849 2219 Cum
1903 2181 2066 2232 porro
2111 2164 2272 2219 vellet

714 2262 852 2316 Deus
886 2277 1057 2330 ipsum
1087 2261 1411 2313 incolumem
1448 2274 1682 2320 servare,
1702 2274 1805 2312 non
1841 2259 1892 2310 in
1933 2259 2162 2311 obscuro
2185 2272 2270 2311 re-

711 2354 884 2422 liquit,
919 2353 1006 2421 qui
1037 2352 1157 2405 fluis
1184 2351 1514 2404 inﬁrmitatis
1549 2349 1664 2416 ejus
1695 2351 1904 2403 futurus
1929 2357 2094 2403 esset.
2125 2349 2268 2413 Qua-

711 2457 931 2514 prOpter
986 2443 1344 2512 adipiscendae
1385 2442 1572 2495 salutis
1622 2441 1962 2493 occasionem
1997 2439 2264 2505 praebens,

711 2535 1044 2588 infirmitatis
1077 2537 1280 2587 exitum
1325 2535 1373 2586 ei
1427 2548 1525 2601 per
1570 2533 1886 2601 prophetam
1941 2531 2265 2589 declaravit;

710 2635 786 2691 ut,
819 2638 1039 2694 accepto
1065 2627 1136 2678 rei
1170 2626 1375 2688 nuntio,
1408 2634 1741 2693 precaretur,
1767 2624 2122 2692 precibusque
2147 2623 2269 2673 vita:

709 2732 821 2771 sua
853 2719 1273 2787 additamentum
1305 2717 1655 2785 impetraret,
1703 2715 1867 2768 etiam
1909 2725 2028 2784 post
2075 2715 2264 2768 delini-

711 2820 822 2863 tum
854 2810 954 2864 sibi
992 2811 1179 2863 mortis
1205 2819 1457 2877 tempus:
1496 2820 1551 2861 ut
1610 2809 1734 2861 hinc
1785 2807 2130 2881 edoceamur,
2162 2822 2266 2860 non

711 2900 1107 2958 necessitatem
1135 2901 1247 2954 l'ato
1276 2901 1395 2955 duci
1429 2901 1594 2953 vitam
1626 2901 1933 2959 humanam,
1965 2913 2135 2966 neque
2165 2900 2265 2950 im-

712 2992 968 3046 mutabile
994 2993 1184 3046 mortis
1211 3001 1420 3060 tempus
1451 2992 1759 3044 hominibus
1781 2991 2102 3043 destinatum
2126 3004 2266 3042 esse.

1383 300 1644 357 EUSEBII
1686 297 2160 353 CASSARIENSIS
2197 296 2342 350 OPP.
2389 296 2566 350 PARS
2602 296 2668 350 III
2732 327 2796 336 -—
2836 294 3240 350 EXEGETICA.
3833 299 3926 351 555

2882 414 3265 464 ΚΕΦΑΛΑΙΗΝ
3307 413 3430 464 ΛΗ’.

2450 523 2467 553 ι
2517 505 2760 572 Ἐγένετο
2798 505 2852 557 δὲ
2893 508 2949 556 ἐν
2992 504 3069 573 τῷ
3116 504 3291 574 καιρῷ
3349 504 3560 574 ἐκείνῳ,
3599 505 3925 579 ἐμαλακίσθη

2389 595 2631 657 Ἐζεκίας
2664 596 2766 657 ἕως
2792 595 3048 649 Θανάτου·
3079 595 3173 648 καὶ
3205 591 3332 665 ἦλθε
3363 598 3497 668 πρὸς
3521 598 3681 649 αὑτὸν
3715 600 3927 660 Ἠσαῖας

2377 686 2488 748 υίὸς
2525 684 2701 754 Ἀμὼς
2727 690 2754 738 6
2777 689 3075 759 προφήτης,
3113 689 3204 739 καὶ
3233 683 3353 741 εἷπε
3402 691 3534 760 πρὸς
3561 690 3720 742 αὐτόν
3739 706 3753 722 ·
3798 692 3927 742 Tng

2374 777 2780 849 λέγειΚύριος·
2834 781 3001 846 Τάξαι
3028 782 3154 850 περὶ
3191 781 3284 834 τοῦ
3338 783 3486 835 οἴκου
3544 801 3665 836 σου·
3699 783 3928 855 ἀποθνή-

2376 887 2522 931 σκεις
2557 869 2661 939 γὰρ
2693 871 2776 932 σὺ,
2807 875 2897 924 καὶ
2918 873 2976 924 οὐ
3002 871 3156 944 ζήσῃ.
3187 875 3293 926 Καὶ
3325 874 3661 944 ἀπέστρεψεν
3692 875 3928 938 Ἐζεκίας

2372 961 2431 1012 τὸ
2458 961 2744 1038 πρόςωπον
2768 964 2932 1019 αὑτοῦ
2969 968 3101 1036 πρὸς
3129 966 3220 1018 τὸν
3242 969 3437 1036 τοῖχον,
3471 969 3562 1019 καὶ
3590 968 3929 1038 προσηύξατο

2374 1059 2508 1128 πρὸς
2529 1058 2748 1128 Κύριον,
2777 1057 2978 1125 λέγων·
3011 1056 3309 1128 Μνησθητι,
3337 1058 3520 1127 Κύριε.
3543 1059 3617 1121 ὡς
3640 1060 3930 1130 ἐπορεύθην

2374 1149 2598 1202 ἐνώπιόν
2630 1166 2720 1200 σου
2770 1149 2904 1216 μετά
2931 1149 3183 1217 ἀληθείας
3228 1152 3283 1202 ἐν
3323 1150 3516 1219 καρδίᾳ
3567 1150 3810 1222 ἀληθινῇ,
3842 1153 3929 1204 καὶ

2371 1241 2439 1292 τά
2460 1242 2658 1312 ἀρεστά
2692 1241 2914 1293 ἐνώπιόν
2950 1259 3041 1293 σου
3068 1242 3311 1308 ἐποίησα.
3341 1243 3448 1294 Καὶ
3483 1241 3741 1294 ἔκλαυσεν
3783 1243 3929 1306 Ἐζε-

2374 1332 2494 1394 κίας
2526 1330 2781 1400 κλαυθμῷ
2800 1331 3035 1400 μεγάλῳ.
3065 1351 3081 1380 ι
3116 1333 3171 1383 ’0
3194 1331 3358 1384 εἰπὼν
3380 1332 3536 1394 Θεὸς·
3572 1351 3590 1381 ‹
3627 1331 3765 1400 Ἐγὼ
3793 1335 3928 1386 ἀπο-

2373 1421 2544 1474 κτενῶ
2571 1422 2663 1473 καὶ
2688 1422 3020 1490 ζωοποιήσω·
3045 1422 3286 1486 πατάξω,
3315 1421 3464 1489 κάγὼ
3499 1424 3738 1491 ἰάσομαι,
3760 1442 3777 1473 ι
3808 1426 3931 1487 τοὺς

2373 1511 2658 1580 πολεμίους
2711 1510 2949 1576 πατάξας
2984 1511 3154 1580 κρίσει
3198 1512 3377 1582 δικαίᾳ
3413 1513 3478 1563 δι’
3525 1513 3642 1576 ἐνὸς
3679 1515 3927 1581 ἀγγέλου,

2370 1603 2462 1654 τὸν
2515 1603 2732 1672 θεοφιλῆ
2784 1603 3000 1672 βασιλέα
3047 1605 3186 1654 ίᾶται
3238 1605 3328 1656 καὶ
3358 1605 3637 1671 ζωοποιεῖ,
3673 1606 3931 1676 ῥυόμενος

2374 1695 2530 1746 αὑτὸν
2569 1697 2630 1746 ἐκ
2664 1695 2888 1746 θανάτου
2928 1695 2992 1747 δι’
3032 1694 3240 1747 ἐαυτοῦ.
3284 1696 3476 1759 Καλῶς
3505 1693 3598 1749 οὖν
3643 1699 3931 1768 άπεσημή-

2370 1803 2493 1840 νατο
2523 1788 2698 1858 φήσας
2721 1806 2734 1817 ·
2759 1809 2776 1839 ι
2803 1789 2887 1841 Ἐν
2907 1787 2981 1858 τῷ
3004 1788 3176 1857 καιρῷ
3202 1790 3391 1859 ἐκείνῳ
3413 1790 3744 1861 ὲμαλακίσθη
3782 1791 3931 1854 Ἑζε-

2371 1880 2492 1941 κίας
2519 1880 2623 1944 ἓως
2651 1881 2908 1934 Θανάτου·
2952 1901 2969 1932 ι
3008 1882 3039 1950 ἢ
3065 1883 3200 1934 κατὰ
3225 1882 3314 1935 τὸν
3344 1884 3594 1948 Ἀκύλαν,
3629 1903 3646 1932 ι
3679 1883 3772 1936 τοῦ
3802 1886 3933 1937 ἁπο-

2371 1972 2569 2035 θανεῖν,
2609 1993 2626 2024 ι
2665 1974 2696 2041 ἢ
2730 1974 2868 2025 κατά
2898 1974 3021 2036 τοὺς
3057 1975 3293 2037 λοιποὺς,
3336 1993 3352 2025 ι
3385 1977 3463 2036 είς
3493 1975 3736 2028 θάνατον.
3776 1995 3794 2025 ι
3847 1976 3933 2028 Ἐν

2371 2066 2477 2136 γὰρ
2512 2067 2704 2134 ἐκείνῳ
2752 2066 2828 2134 τῷ
2868 2067 3067 2137 καιρῷ,
3114 2067 3232 2119 καθ’
3259 2067 3316 2120 ὃν
3343 2067 3414 2120 τὰ
3443 2067 3801 2138 προλεχθέντα
3841 2085 3936 2119 πε-

2372 2159 2624 2211 πόνθασιν
2647 2161 2693 2210 οἱ
2736 2159 3025 2230 Ἀσσύριοι,
3055 2163 3082 2212 6
3119 2161 3208 2212 τοῦ
3241 2161 3466 2215 Θανάτου
3501 2161 3689 2232 καιρὸς
3731 2162 3934 2229 ἐπέστη

2369 2251 2444 2320 τῷ
2482 2251 2715 2320 Ἐζεκία.
2747 2252 3072 2321 Βουλόμενος
3106 2254 3161 2305 δὲ
3186 2254 3352 2305 σῶσαι
3397 2255 3556 2306 αὑτὸν
3582 2257 3610 2305 6
3643 2254 3791 2314 Θεὸς,
3835 2253 3934 2304 οὐκ

2368 2345 2424 2395 ἐν
2447 2343 2622 2413 ἀδήλῳ
2643 2342 2896 2395 κατέλιπε
2919 2343 2979 2395 τὸ
3004 2345 3192 2412 μέλλον
3223 2345 3318 2415 τὴν
3351 2346 3616 2415 μαλακίαν
3641 2345 3806 2398 αὑτοῦ
3829 2345 3938 2397 δια-

2367 2435 2617 2500 δέξασθαι
2641 2436 2807 2498 τέλος.
2841 2437 2929 2488 Διὸ
2960 2437 3256 2505 προφάσεις
3297 2439 3443 2508 αὐτῷ
3494 2439 3760 2506 σωτηρίας
3795 2456 3935 2510 παρ-

2369 2529 2524 2597 έχων,
2548 2529 2604 2580 τὸ
2624 2529 2720 2596 τῆς
2737 2529 3045 2598 ἀρρωστίας
3071 2529 3219 2592 τέλος
3243 2530 3471 2601 φανερὸν
3499 2531 3645 2601 αὐτῷ
3679 2531 3933 2602 καθίστη,

2365 2619 2450 2672 διὰ
2484 2619 2576 2671 τοῦ
2615 2623 2912 2690 προφήτου,
2964 2621 3038 2684 ὼς
3094 2621 3159 2673 ἂν
3206 2622 3389 2691 μαθὼν
3440 2625 3806 2694 προσεύξοιτο,
3842 2628 3935 2679 καὶ

2368 2711 2802 2780 προσευξάμενος
2833 2712 2982 2782 τύχοι
3008 2712 3322 2782 προσθήκης
3355 2713 3517 2783 ζωῆς,
3548 2718 3641 2768 καὶ
3678 2720 3818 2787 μετά
3845 2719 3936 2770 τδν

2367 2801 2666 2868 ὡρισμένον
2687 2803 2803 2852 κατ’
2831 2801 2994 2852 αὑτοῦ
3023 2801 3246 2854 θάνατον
3264 2820 3276 2830 ·
3302 2802 3639 2868 διδάσκοντος
3671 2809 3819 2877 ἡμᾶς
3841 2809 3935 2861 τοῦ

2367 2891 2546 2957 λόγου,
2580 2892 2652 2953 ὡς
2683 2893 2780 2943 οὐκ
2807 2893 3015 2961 ἀνάγκη
3044 2909 3126 2955 τις
3165 2893 3196 2962 ῆ
3254 2895 3558 2964 εἱμαρμένη
3591 2899 3688 2964 τῆς
3724 2898 3938 2968 ἀνθρω-

2370 2980 2527 3049 πίνης
2567 2969 2730 3049 ζωῆς,
2783 2981 2903 3032 οὐδὲ
2943 2981 3357 3051 ἀπαράτρεπτος
3401 2982 3704 3053 ἀνθρώποις
3743 2987 3937 3058 καιρὸς

714 3083 854 3137 Deus
875 3084 1039 3146 enim,
1063 3084 1152 3152 qui
1181 3083 1358 3138 omnia
1379 3082 1703 3143 moderatur,
1737 3091 1793 3135 et
1825 3082 1948 3134 vita:
1971 3082 2267 3148 mortisque.

2368 3069 2594 3139 ὥρισται
2641 3071 2888 3124 θανάτου.
2939 3070 3068 3132 Θεὸς
3097 3071 3153 3122 δὲ
3185 3071 3364 3134 αὐτὸς,
3400 3073 3614 3142 κρατῶν
3653 3061 3934 3134 ἀπάντων.

711 3188 874 3226 causa
903 3185 1017 3236 est,
1047 3189 1150 3242 qua
1193 3173 1399 3226 ratione
1435 3173 1545 3241 ipse
1577 3174 1740 3235 novit,
1783 3172 2023 3240 singulos
2070 3172 2160 3239 qui
2199 3171 2266 3225 ad

710 3266 875 3317 vitam
904 3267 1185 3322 accedunt,
1221 3263 1322 3317 hoc
1350 3262 1430 3316 vel
1465 3264 1552 3315 illo
1585 3271 1825 3329 tempore
1866 3261 2138 3329 producit,
2167 3277 2264 3314 an-

711 3372 810 3408 nos
836 3357 955 3408 vitae
983 3370 1080 3421 pro
1111 3355 1279 3407 lubito
1303 3355 1560 3422 assignat,
1594 3363 1646 3405 et
1676 3352 1782 3406 alio
1805 3352 1920 3404 sive
1941 3350 2047 3404 alio
2076 3351 2266 3404 mortis

711 3459 907 3512 genere
937 3443 1093 3496 tollit.
1131 3441 1412 3511 lpsiusque
1464 3452 1670 3495 tantum
1731 3441 1998 3494 facultatis
2048 3450 2152 3503 est,
2185 3439 2265 3492 vel

708 3550 821 3599 eos,
850 3536 939 3604 qui
977 3535 1040 3587 ad
1083 3535 1274 3601 ipsam,
1302 3542 1361 3586 ut
1388 3533 1462 3587 ita
1494 3533 1690 3594 dicam,
1728 3532 2148 3600 mortisjauuam
2175 3535 2266 3584 de-

710 3633 994 3686 venerunt,
1028 3623 1092 3675 ad
1120 3621 1402 3674 sanitatem
1435 3635 1719 3686 revocare,
1787 3622 1856 3673 ita
1891 3631 1948 3674 ut
1969 3619 2080 3689 jam
2131 3620 2263 3673 Eze—

708 3711 888 3766 ebiam
919 3727 982 3764 ex
1017 3711 1232 3763 mortali
1258 3710 1575 3778 aegritudine
1607 3710 1828 3771 eruerit,
1869 3725 1930 3762 ac
1959 3709 2264 3777 quindecim

709 3816 976 3855 aunormu
1031 3800 1390 3854 accessionem
1447 3801 1689 3852 attulerit
1726 3815 1740 3852 :
1771 3801 1862 3867 qui
1916 3801 2082 3852 etiam
2134 3800 2266 3853 alios

712 3901 834 3960 post
861 3903 1085 3944 mortem
1135 3891 1450 3944 reviviscere
1482 3889 1627 3950 fecit,
1677 3899 1735 3942 ut
1781 3891 1962 3943 divina
1991 3889 2265 3958 Scriptura

714 3981 1046 4036 testiﬁcatur.
1067 3981 1198 4034 Hinc
1219 3981 1401 4049 itaque
1420 3979 1512 4033 fati
1532 3980 1668 4033 ratio
1683 3989 1738 4032 et
1753 3981 2042 4034 necessitas
2057 3980 2267 4048 penitus

712 4075 1188 4142 solviturzquippe
1216 4087 1334 4126 cum
1370 4072 1509 4125 Deus
1546 4074 1935 4137 universorum,
1975 4072 2268 4126 necessita-

711 4174 818 4219 tem
847 4177 911 4216 ac
942 4161 1294 4215 substantiam
1329 4171 1382 4213 et
1410 4170 1652 4213 naturam
1688 4177 1898 4214 omnem
1936 4161 2264 4216 moderetur.

709 4252 807 4308 His
837 4253 1146 4320 conspectis
1174 4251 1456 4314 Ezechias,
1485 4251 1574 4304 ubi
1605 4266 1828 4320 corpore
1864 4267 2027 4305 sanus
2058 4253 2174 4313 fuit,
2202 4253 2266 4304 ad

710 4340 965 4413 templum
1000 4343 1091 4397 Dei
1127 4342 1461 4395 maturavit:
1502 4343 1681 4410 ibique
1730 4341 1895 4395 Deum
1932 4345 2163 4410 rogavit,
2209 4353 2266 4396 ut

2370 3158 2462 3210 καὶ
2492 3157 2639 3226 ζωῆς
2679 3160 2848 3222 αῖτιος
2890 3159 2982 3212 καὶ
3017 3159 3243 3213 θανάτου
3269 3163 3545 3231 τυγχάνει,
3579 3163 3644 3215 δι’
3671 3163 3766 3226 οὓς
3795 3159 3938 3216 οἶδεν

2369 3250 2530 3312 αὐτὸς
2559 3250 2790 3320 τρόπους
2835 3251 3078 3303 ἑκάστων
3120 3252 3227 3305 τῶν
3267 3255 3346 3316 είς
3369 3255 3457 3305 τὸν
3483 3253 3592 3322 βίον
3627 3256 3940 3325 παριόντων

2368 3340 2508 3392 κατὰ
2533 3340 2719 3392 τούσδε
2744 3341 2776 3411 ἢ
2809 3339 2992 3392 τούσδε
3022 3341 3147 3403 τοὺς
3164 3342 3386 3412 χρόνους
3413 3343 3694 3413 παράγων,
3726 3345 3825 3396 καὶ
3846 3345 3941 3396 ἐπὶ

2365 3433 2602 3486 τοσοῖσδε
2643 3433 2677 3501 ῆ
2709 3433 2940 3484 τοσοῖσδε
2969 3433 3132 3497 ἔτεσι,
3167 3436 3260 3487 καὶ
3286 3434 3374 3488 διὰ
3399 3436 3611 3489 τοιᾶσδε
3657 3438 3689 3507 ἢ
3718 3437 3938 3491 τοιᾶσδε

2367 3525 2611 3591 συνάγων
2641 3525 2914 3593 τελευτῆς.
2941 3525 3099 3594 Μὸνῳ
3125 3542 3184 3577 τε
3207 3525 3355 3595 αὑτῷ
3374 3527 3607 3589 καὶτοὺς
3636 3528 3693 3578 ὲν
3721 3529 3939 3594 αὐταῖς,

2365 3615 2440 3678 ὼς
2472 3617 2666 3677 εἰπεῖν,
2695 3617 2813 3677 ταῖς
2841 3613 2932 3666 τοῦ
2959 3613 3186 3667 θανάτου
3209 3615 3402 3678 πύλαις
3433 3617 3759 3685 γενομένους
3779 3619 3941 3672 δυνα-

2365 3709 2456 3759 τόν
2480 3710 2622 3760 ἐστιν
2657 3706 3039 3760 ἀνακαλεῖσθαι
3064 3723 3077 3734 ·
3116 3707 3190 3768 ὡς
3223 3706 3316 3760 νῦν
3346 3709 3440 3777 μὲν
3471 3709 3559 3762 τὸν
3599 3708 3852 3772 Ἐζεκίαν
3881 3712 3943 3774 ἐξ

2366 3800 2674 3871 ἀρρωστίας
2721 3799 3011 3869 θανατικῆς
3059 3799 3444 3864 διασώσασθαι,
3485 3802 3580 3854 καὶ
3611 3803 3942 3874 προσθήκην

2366 3891 2514 3960 αὐτῷ
2554 3890 2699 3960 ζωῆς
2740 3890 3064 3961 χαρίσασθαι
3101 3890 3235 3942 ὅλων
3272 3891 3406 3945 ἐτῶν
3451 3891 3609 3944 πέντε
3642 3894 3737 3944 καὶ
3766 3894 3902 3946 δέκα
3924 3913 3938 3925 ·

2367 3984 2582 4053 ἐτέρους
2609 3983 2665 4035 δὲ
2687 3985 2778 4035 καὶ
2801 3982 2938 4052 μετά
2959 3983 3021 4033 τὸ
3042 3983 3289 4035 τεθνάναι
3315 3987 3378 4037 ἐκ
3400 3984 3604 4054 νεκρῶν
3634 3984 3940 4039 ἀναϐιῶναι

2367 4075 2616 4144 ποιήσας,
2665 4074 2818 4134 ὅσους
2875 4076 2907 4142 ὴ
2967 4073 3084 4126 θεία
3127 4075 3420 4144 παρίστησι
3469 4076 3678 4146 Γραφή.
3734 4078 3825 4141 Ὠς
3881 4080 3942 4145 ἐξ

2366 4160 2599 4222 ἅπαντος
2629 4159 2877 4212 λελύσθαι
2901 4162 3026 4223 τοὺς
3060 4163 3186 4233 περὶ
3221 4163 3557 4234 εἱμαρμένης
3601 4165 3813 4233 λόγους,
3849 4167 3942 4222 διὰ

2364 4253 2424 4304 τὺ
2444 4252 2536 4305 καὶ
2575 4253 2752 4324 πάσης
2781 4253 3022 4324 ἀνάγκης
3063 4256 3154 4306 καὶ
3188 4256 3365 4324 πάσης
3395 4257 3581 4320 οὐσίας
3615 4274 3674 4309 τε
3709 4261 3805 4312 καὶ
3835 4262 3940 4328 φύ-

2369 4361 2503 4406 σεως
2555 4343 2642 4396 τὸν
2690 4345 2782 4396 ἐπί⁵
2812 4345 3024 4398 πάντων
3077 4346 3208 4398 Θεὸν
3246 4349 3485 4417 κρατεῖν.
3539 4349 3724 4401 Ταῦτα
3751 4350 3882 4403 ίδὼν
3910 4354 3942 4404 6

706 4435 792 4487 sui
819 4442 872 4487 et
894 4433 1069 4502 populi
1101 4440 1155 4484 et
1191 4430 1424 4484 civitatis
1447 4439 1693 4482 servator
1716 4439 1882 4482 esset.
1917 4429 2050 4483 Cum
2081 4440 2256 4483 autem

2375 4431 2636 4493 Ἐζεκίας,
2687 4432 2774 4484 ὅτε
2815 4432 2913 4500 μὲν
2961 4432 3117 4501 ὑγιὴς
3158 4433 3220 4484 τὸ
3248 4433 3404 4502 σῶμα
3434 4429 3522 4503 ἦν,
3556 4435 3646 4487 ἐπὶ
3673 4433 3766 4487 τὸν
3795 4437 3940 4489 νεὼν

702 4525 817 4594 jam
860 4534 1135 4591 premente
1177 4521 1363 4575 morbo
1407 4521 1457 4573 id
1501 4528 1757 4589 prastare
1811 4535 1912 4572 non
1947 4531 2146 4587 tosset,
2191 4535 2260 4573 ex

709 4615 825 4683 ipso
856 4615 994 4668 lecto
1015 4613 1312 4667 orationem
1342 4612 1449 4666 Deo
1473 4611 1672 4672 emisit,
1695 4627 2008 4681 persuasum
2041 4611 2262 4671 habens,

709 4707 877 4760 Deum
904 4707 1105 4774 ubique
1139 4719 1280 4769 esse,
1325 4720 1389 4758 ac
1440 4703 1743 4774 religiosum
1790 4719 2061 4772 quemque
2089 4706 2260 4758 virum

702 4797 984 4853 exaudire.

776 5063 941 5115 Vsus.
972 5062 1026 5123 ι,
1056 5060 1109 5116 5.
1170 5081 1188 5110 ι
1223 5061 1288 5114 Ει
1341 5059 1538 5114 factum
1564 5069 1644 5112 est
1685 5059 1902 5112 verbum
1954 5059 2159 5114 Domini
2192 5059 2256 5111 ad

709 5150 899 5203 Isaiam
924 5150 1142 5203 dicens:
1167 5149 1326 5211 Vade,
1347 5160 1400 5201 et
1430 5150 1514 5201 die
1541 5148 1778 5203 Ezechim
1804 5168 1814 5201 :
1849 5150 1970 5203 llaec
2001 5150 2125 5201 dicit
2155 5150 2252 5200 Do-

710 5247 884 5295 minus
921 5241 1056 5294 Deus
1095 5241 1258 5294 David
1301 5241 1468 5308 patris
1493 5243 1587 5293 tui.
1621 5260 1636 5291 I
1679 5240 1887 5293 Patrem
1930 5252 2105 5293 autem
2138 5242 2252 5309 ejus

709 5334 960 5387 Davidem
982 5335 1208 5386 vocabat
1263 5331 1420 5393 Deus,
1457 5348 1760 5398 supremum
1793 5334 1856 5382 de
1898 5331 1982 5384 illo
2013 5334 2252 5384 testimo-

712 5427 856 5477 uium
889 5425 1087 5488 ferens,
1116 5425 1255 5492 quod
1285 5425 1486 5477 scilicet
1521 5427 1588 5476 ob
1611 5440 1814 5477 morum
1848 5425 2249 5476 similitudinem

709 5521 900 5587 dignus
949 5530 1110 5580 esset,
1163 5519 1252 5584 qui
1315 5519 1414 5570 sibi
1472 5519 1628 5571 talem
1681 5518 1985 5586 religiosum
2041 5530 2247 5586 patrem

780 5718 823 5746 “
858 5718 1007 5770 lleul.
1038 5733 1204 5779 χχιιι,
1230 5718 1315 5768 3t).

2363 4521 2584 4574 ἔσπευδε
2621 4522 2712 4575 τοῦ
2749 4522 2904 4586 Θεοῦ,
2942 4526 3101 4576 κάκεῖ
3143 4524 3232 4575 τὸν
3265 4524 3394 4576 Θεὸν
3421 4526 3582 4582 αὑτοῦ
3616 4544 3674 4579 τε
3709 4529 3807 4580 καὶ
3841 4529 3939 4580 τοῦ

2364 4612 2489 4664 λαοῦ
2534 4614 2752 4682 καὶτῆς
2782 4615 2986 4676 πόλεως
3038 4618 3256 4684 σωτῆρα
3301 4616 3550 4682 γενέσθαι
3589 4618 3935 4683 ἐξεκαλεῖτο·

2367 4703 2486 4754 ἐπεὶ
2513 4702 2566 4754 δὲ
2597 4704 2752 4756 τοῦτο
2780 4703 3037 4772 πράττειν
3074 4706 3164 4756 ἐπὶ
3198 4704 3289 4756 τοῦ
3320 4707 3579 4774 παρόντος
3606 4708 3875 4778 ἀπεῖργεν
3904 4713 3940 4782 η

2367 4797 2536 4859 νόσος,
2587 4797 2645 4859 ἐξ
2686 4797 2851 4864 αὐτῆς
2903 4799 3184 4865 στρωμνῆς
3220 4796 3317 4864 τὴν
3350 4798 3512 4867 εὐχὴν
3547 4798 3832 4869 ἀνέπεμπε
3859 4802 3943 4871 τῷ

2368 4885 2500 4953 Θεῷ,
2538 4884 2811 4953 πανταχοῦ
2842 4887 3088 4951 παρεῖναι
3126 4885 3217 4937 καὶ
3247 4885 3444 4946 παντὸς
3481 4881 3621 4938 εἶναι
3643 4885 3942 4953 θεοσεϐοῦς

2365 4977 2593 5044 ἐπήκοον
2625 4975 3002 5043 πεπεισμένος.

2440 5085 2456 5114 ι
2493 5067 2598 5118 Καὶ
2631 5066 2843 5132 ἐγένετο
2865 5065 3018 5132 λόγος
3039 5068 3240 5137 Κυρίου
3276 5069 3410 5138 πρὸς
3454 5069 3679 5121 Ἡσαΐαν
3713 5069 3934 5138 λέγων·

2358 5157 2675 5227 Πορεύθητι,
2712 5157 2804 5209 καὶ
2834 5153 2982 5208 εἶπον
3028 5158 3276 5229 Ἐζεκίᾳ·
3320 5159 3456 5212 Τάδε
3497 5161 3642 5226 λέγει
3673 5161 3888 5231 Κύριος
3914 5167 3943 5216 6

2358 5247 2484 5307 (θεὸς
2517 5247 2678 5298 Δαυῖδ
2722 5245 2814 5297 τοῦ
2860 5248 3059 5317 πατρός
3100 5266 3214 5300 σου.
3253 5267 3270 5297 ι
3307 5248 3524 5319 Πατέρα
3557 5249 3614 5299 δέ
3643 5249 3814 5302 αὑτοῦ
3846 5254 3943 5303 τὸν

2360 5337 2518 5387 Anteia
2556 5337 2584 5386 6
2627 5338 2758 5398 Θεὸς
2793 5338 2994 5397 ἐκάλει,
3024 5339 3121 5408 τὴν
3151 5340 3408 5392 ἀνωτάτω
3445 5339 3747 5410 μαρτυρίαν
3781 5345 3943 5413 αὐτῷ

2357 5429 2627 5496 παρέχων,
2653 5429 2726 5489 ὡς
2757 5427 2889 5498 ἀξίῳ
2915 5430 3006 5481 τὸν
3029 5431 3246 5500 θεοφιλῆ
3284 5432 3493 5502 πατέρα
3518 5433 3942 5502 ἐπιγράφεσθαι

2356 5519 2450 5588 τῆς
2503 5519 2608 5572 τῶν
2659 5520 2874 5590 τρόπων
2909 5524 3215 5593 ὁμοιότητος
3257 5524 3430 5593 χάριν.
3489 5543 3508 5575 ι
3541 5523 3792 5578 Ἤκουσα
3837 5527 3941 5597 τῆς
