4120 6294
284 300 378 352 ’ὅξὶῖ

291 423 601 492 προσευχῆς
631 441 758 486 σου,
794 426 886 476 καὶ
917 421 1050 474 εἶδον
1078 427 1142 475 τὰ
1172 426 1379 494 δάκρυά
1407 442 1516 474 ξολ.

289 513 482 584 τίθημι
515 516 653 586 πρὸς
681 518 778 569 τὸν
809 518 992 585 χρόνον
1017 534 1107 566 σου
1138 523 1196 567 ιε’

1219 516 1334 585 ἔτη.
1381 536 1398 565 ›

378 719 397 750 ι
442 700 551 751 Καὶ
603 701 666 750 ὲκ
719 698 899 767 χειρὸς
968 697 1230 765 βασιλέως
1289 697 1587 766 Ἀσσυρίων
1646 695 1880 764 ρύσομαί

1198 806 1211 820 ,
1278 788 1424 818 ἰε-.-ι

295 805 358 839 σε
417 790 509 840 καὶ
551 789 645 852 τὴν
699 788 857 838 πόλιν
909 787 1134 872 ταῆῖξῖ,
1196 806 1212 862 ξ
1278 788 1432 863 ἘΖξῖ
1490 788 1583 860 λέλιὶ
1739 787 1887 872 λάτοι

291 905 403 972 τῆς
461 899 621 968 εὐχῆς
665 899 767 956 0'5!
823 902 879 959 ἐν
933 906 1221 974 πολυλογίᾳ
1281 903 1677 972 περιεχόμενοι,
1748 897 1887 960 ἄξιοι

289 993 411 1050 τῶν
431 994 607 1052 ἀκοῶν
660 994 798 1067 ἦσαν
856 996 949 1048 τοῦ
1003 995 1158 1058 Θεοῦ,
1208 997 1299 1047 καὶ
1357 995 1417 1046 τὸ
1477 993 1584 1046 τῶν
1639 989 1888 1064 δακρύων

292 1090 464 1158 ἔργον
535 1090 674 1142 κατά
722 1091 907 1159 καιρὸν
958 1088 1192 1154 εὐλόγως
1245 1089 1338 1138 καὶ
1380 1086 1692 1152 ἀναγκαίως
1737 1086 1884 1151 γενό-

293 1197 467 1248 μενον
497 1182 618 1242 τοῦς
638 1181 734 1249 τῆς
759 1179 1058 1248 ἐπισκοπῆς
1086 1177 1176 1231 τοῦ
1212 1178 1347 1229 Θεοῦ
1375 1172 1521 1229 εἷλκε
1562 1178 1693 1248 πρὸς
1726 1178 1886 1228 αὑτὸν

288 1271 637 1339 ὀφθαλμούςο
703 1271 783 1322 διὸ
841 1273 933 1323 καὶ
967 1269 1201 1324 ἐπινεύει
1250 1269 1398 1338 αὕτῴ
1450 1269 1596 1337 ζωῆς
1647 1267 1883 1337 προσθή-

291 1379 428 1433 κην,
460 1365 601 1434 ἔργῳ
635 1364 922 1433 παριστὰς,
950 1364 1024 1427 ὼς
1056 1362 1178 1415 οὕτε
1214 1363 1373 1432 φύσει
1404 1363 1623 1430 ἀτάκτῳ
1659 1362 1884 1423 Θάνατος

289 1454 610 1525 ἀνθρώποις
649 1454 896 1525 ὥρισται,
944 1454 1067 1506 οὕτε
1113 1454 1326 1526 ἀνάγκη
1376 1454 1751 1523 ἀπαραιτήτῳ.
1808 1452 1882 1501 Οὕ

293 1548 463 1615 μόνον
498 1548 552 1598 δὲ
588 1548 809 1618 χρόνους
838 1546 983 1616 αὕτῷ
1006 1547 1168 1616 ζωῆς,
1197 1546 1310 1598 ἀλλ’
1341 1547 1403 1597 ἐκ
1431 1545 1763 1614 περιουσίας,
1795 1537 1882 1595 οἷα

282 1638 454 1700 Θεὸς,
484 1639 575 1689 καὶ
597 1638 825 1701 εύζωῖαν
849 1637 997 1706 αὐτῷ
1024 1638 1122 1706 τὴν
1150 1638 1207 1688 ἐν
1231 1635 1484 1688 συστάσει
1509 1635 1599 1685 καί
1625 1635 1882 1702 εἰρηναίῳ

292 1727 404 1798 βίῳ
431 1729 843 1796 ἐπαγγέλλεται,
899 1729 1060 1780 αὐτόν
1094 1745 1153 1778 τε
1184 1726 1319 1796 ὁμοῦ
1352 1728 1443 1778 καὶ
1480 1726 1569 1777 τὸν
1601 1727 1696 1776 σὺν
1733 1725 1880 1794 αύτῷ

1179 303 1319 355 ιιιιλι
1333 302 1683 355 ιιιιῖκτιιιιλ
1731 302 1791 354 ΙΝ
1836 303 2088 355 ISAIAM.

2141 335 2196 340 —--
2238 305 2388 358 CAP.
2434 309 2722 363 \XXHII.

3478 322 3584 373 5.38

1565 425 1694 474 Ἰδνῦ
1723 443 1861 492 προσ

1995 423 2309 477 ascriberet.
2341 443 2357 474 ι
2397 425 2586 479 Audivi
2623 427 2927 479 orationem
2961 438 3126 490 tuam,
3181 442 3233 482 et
3261 434 3365 485 vidi
3411 435 3584 507 lacry-

1995 529 2109 564 mas
2145 525 2283 565 tuas.
2347 514 2484 567 Ecce
2545 516 2749 584 adjicio
2811 520 2877 570 ad
2943 528 3154 586 tempus
3209 531 3359 577 tuum
3412 540 3584 583 annos

1993 604 2326 672 quindecim.
2385 624 2403 656 ι

2063 692 2223 747 Vens.
2251 694 2301 748 6.
2331 716 2348 746 ι
2384 696 2447 749 Et
2479 697 2544 752 de
2572 713 2734 751 manu
2770 699 2912 767 regis
2936 701 3280 770 Assyriorum
3305 719 3496 760 eruam
3529 718 3583 763 te

1988 797 2043 856 ιξὶ
2081 788 2354 864 ἱξξξῖἓίἐηι
2398 819 2556 866 hanc.
2599 832 2615 863 ›
2649 811 2784 878 Quia
2819 816 3085 866 orationis
3120 827 3225 880 non
3275 795 3580 884 loquacita-

1991 904 2097 953 ttrti‘.
2133 902 2467 970 praeferentis
2502 905 2665 957 verba
2697 904 2898 957 divinis
2928 905 3150 957 auribus
3177 905 3338 971 digna
3369 916 3527 960 erant
3566 927 3576 955 -.

1989 1009 2044 1047 et
2079 998 2204 1064 quia
2256 996 2617 1066 laerymarmn
2673 999 2756 1050 vis
2796 999 3119 1065 congruenti
3170 1008 3224 1049 ct
3266 1001 3582 1054 necessario

1992 1095 2233 1153 tempore
2298 1089 2524 1147 emissa,
2588 1087 2944 1153 inspectionis
3004 1089 3198 1139 divina:
3253 1088 3438 1141 oculos
3511 1091 3578 1142 ad

1991 1176 2163 1242 ipsum
2193 1175 2480 1239 alliciebat,
2512 1179 2628 1230 ideo
2662 1177 2802 1230 Deus
2830 1179 2928 1244 ipsi
2959 1179 3174 1241 annuit,
3207 1181 3580 1232 accessionem

1991 1269 2113 1320 vita:
2150 1271 2477 1329 Com-edens.
2514 1286 2788 1338 operaque
2833 1272 3144 1334 declarans,
3192 1289 3295 1324 non
3336 1288 3398 1326 ex
3435 1275 3582 1329 inor-

1988 1358 2167 1410 dinata
2197 1370 2404 1412 natura?
2433 1362 2566 1429 lege,
2605 1377 2778 1428 neque
2798 1376 2862 1415 ex
2897 1364 3194 1417 iuevitabili
3228 1367 3579 1434 necessitate,

1988 1457 2214 1500 mortem
2248 1447 2556 1502 hominibus
2589 1452 2918 1504 destinatam
2953 1468 3090 1507 esse.
3136 1455 3251 1508 Non
3280 1459 3436 1510 modo
3482 1475 3581 1512 au-

1989 1547 2095 1588 tem
2129 1553 2302 1589 annos
2347 1539 2489 1601 vitm,
2542 1542 2636 1593 sed
2669 1544 2830 1595 etiam
2863 1557 2925 1596 ex
2965 1545 3362 1611 munificentia,
3395 1560 3580 1615 utpote

1987 1625 2147 1688 Deus,
2179 1628 2521 1692 tranquillam
2556 1631 2654 1697 ipsi
2712 1642 2765 1683 et
2798 1641 3044 1697 pacatam
3069 1637 3236 1688 vitam
3269 1637 3575 1705 pollicetur,

1985 1733 2046 1771 ac
2077 1729 2187 1770 tum
2223 1719 2422 1785 ipsmn,
2462 1731 2573 1772 tum
2632 1723 2886 1790 populmn
2938 1726 3054 1793 ejus
3091 1738 3145 1779 et
3192 1729 3472 1782 civitatem
3509 1732 3576 1784 de

284 1819 426 1870 λαὸν
483 1821 572 1872 καὶ
615 1820 714 1890 τὴν
765 1819 918 1871 πόλιν
978 1820 1041 1872 ὲκ
1090 1819 1187 1888 τῆς
1239 1818 1344 1870 τῶν
1389 1817 1661 1886 πολεμίων
1697 1816 1866 1886 χειρὸς

1990 1814 2242 1867 manilms
2275 1814 2617 1867 inimicorum
2673 1827 2983 1884 erepturum
3039 1833 3096 1870 se
3131 1823 3399 1887 promittit
3447 1839 3459 1877 :
3513 1835 3576 1878 ut

284 1914 577 1976 διασώζειν
636 1911 1077 1982 ὑπισχνούμενος,
1139 1912 1363 1978 σημεῖόν
1419 1928 1476 1962 τε
1538 1910 1684 1979 αὕτῴ
1735 1927 1875 1980 παρ-

287 2006 410 2074 εῖχε
462 2008 560 2075 τῆς
614 2005 722 2057 τῶν
770 2005 1074 2074 εἰρημένων
1120 2004 1356 2065 πίστεως
1400 2003 1464 2054 δι’
1525 2003 1708 2072 ἐτέρου
1769 2019 1874 2054 πα-

285 2101 548 2170 ραδὸξαυ.

373 2209 392 2242 ι
417 2191 586 2242 Τοῦτο
615 2189 672 2242 δέ
699 2207 779 2242 σοι
812 2188 873 2240 τὸ
903 2190 1126 2259 σημεῖον
1159 2187 1309 2259 παρά
1343 2187 1574 2254 Κυρίου,
1613 2185 1694 2237 ’ὁτι
1722 2184 1877 2254 ποιή-

286 2298 379 2334 σει
433 2281 632 2352 Κύριος
685 2279 747 2332 τὺ
806 2280 956 2350 ῥῆμα
999 2278 1176 2331 τοῦτο.
1223 2279 1352 2331 Ἰδοὺ
1379 2277 1490 2345 ὲγὼ
1527 2277 1744 2346 στρέψω
1779 2276 1877 2346 τὴν

287 2374 456 2426 σκιὰν
481 2373 584 2425 τῶν
605 2371 957 2440 ἀναϐαθμῶν,
983 2370 1075 2434 οὕς
1097 2369 1296 2440 κατέϐη
1326 2371 1451 2432 τοὺς
1482 2376 1510 2420 ι’
1527 2369 1876 2438 ἀναϐαθμοὺς

283 2465 387 2518 τοῦ
435 2465 582 2518 οἴκου
621 2463 715 2517 τοῦ
761 2464 963 2533 πατρός
1001 2481 1092 2514 σου
1133 2462 1161 2512 ὁ
1197 2462 1366 2531 ἥλιος.
1414 2461 1764 2531 Ἀποστρέψω
1785 2461 1876 2533 τὸν

285 2557 444 2625 ἥλιον
473 2557 596 2618 τοὺς
633 2561 663 2606 ι’
696 2532 1074 2622 ἀναϐαθμούς’
1117 2552 1210 2604 καὶ
1242 2552 1406 2621 ἀνέϐη
1441 2553 1468 2603 ὁ
1498 2551 1648 2620 ἥλιος
1688 2550 1812 2612 τοὺς
1840 2532 1873 2601 ι’

285 2646 662 2716 ἀναϐαθμοὺς,
685 2644 776 2708 οὕς
809 2645 1011 2715 κατέϐη
1039 2647 1072 2713 ὴ
1105 2643 1248 2696 σκιά.
1289 2663 1306 2694 ι
1339 2644 1568 2713 Σημείον
1588 2643 1683 2711 μὲν
1701 2643 1874 2712 ὑπήρ-

285 2755 418 2808 χετο
463 2737 790 2807 θαυμαστὸν,
845 2739 936 2790 καὶ
969 2737 1061 2788 τὸν
1099 2734 1336 2798 Ἐζεκίου
1379 2735 1488 2786 ἀπὸ
1529 2733 1748 2803 δυσμῶν
1778 2732 1873 2785 τοῦ

287 2830 407 2898 βίου
441 2827 696 2899 δευτέραν
729 2827 1156 2898 παλινδρομήσαι
1193 2823 1361 2893 ζωήν.

285 2957 607 3028 Προσευχὴ
677 2958 940 3020 Ἐζεκίου
1007 2954 1312 3028 βασιλέως
1376 2954 1486 3028 τῆς
1550 2954 1869 3028 lauda/ac,

360 3023 975 3095 ὴνίκάίέμαλακίσθη,
1031 3028 1126 3078 καὶ
1161 3023 1387 3091 ἀνέστη
1419 3026 1487 3076 ἐκ
1529 3023 1640 3092 τῆς
1679 3028 1873 3092 μαλα-

359 3101 496 3163 κίας
530 3097 736 3150 αὐτοῦ.

363 3228 383 3260 ι
424 3209 564 3277 Ἐγὼ
587 3207 714 3262 εἶπα
743 3211 800 3261 ἐν
824 3209 900 3277 τῷ
928 3210 1050 3279 ὕψει
1072 3209 1177 3262 τῶν
1202 3209 1424 3279 ἡμερῶν
1449 3227 1569 3278 μου·
1603 3209 1865 3279 Πορεύσο-
1897 3187 1937 3240 C

289 3316 387 3372 μαι
420 3303 476 3352 ἐν
509 3300 702 3362 πύλαις
729 3301 876 3370 ᾇδου,
912 3301 1221 3369 καταλείψω
1240 3303 1307 3352 τὰ
1331 3301 1425 3369 ἐτη
1459 3299 1527 3352 τὰ
1553 3300 1859 3352 ἐπίλοιπα.)

282 3389 548 3452 Συνειδὼς
580 3389 688 3460 γάρ
727 3389 958 3458 ἐμαυτὸν
1008 3388 1106 3458 ἤδη
1157 3388 1338 3440 λοιπὸν
1363 3391 1482 3450 ταῖς
1507 3387 1602 3439 τοῦ
1636 3387 1865 3439 θανάτου

283 3481 480 3544 πύλαις
515 3480 910 3550 πλησιάζοντα,
929 3481 1160 3533 ἀπεῖπον
1183 3481 1278 3533 καὶ
1308 3480 1594 3548 ἀπήλπικα
1627 3479 1863 3548 ἐμαυτοῦ

279 3576 398 3645 τὴνυ
414 3577 470 3626 ὲν
499 3571 808 3642 ἀνθρώποις
838 3570 1001 3642 ζωήν.

354 3685 373 3716 ι
421 3662 583 3717 Εἷπα·
619 3653 813 3716 Οὐκέτι
853 3665 911 3716 οὕ
951 3665 1024 3734 μὴ
1083 3664 1177 3716 ῐδω
1203 3663 1264 3715 τὸ
1309 3664 1575 3733 σωτήριον
1611 3663 1702 3715 τοῦ
1729 3663 1861 3715 Θεοῦ

274 3757 372 3809 ἐπὶ
399 3759 522 3827 γῆς,
547 3757 728 3808 οὐκέτι
754 3755 827 3824 μὴ
847 3755 937 3807 ἴδω
961 3754 1264 3825 ἄνθρωπον.
1304 3773 1322 3805 ι
1344 3754 1581 3818 Εἰκότως
1610 3755 1666 3805 ἐν
1689 3755 1861 3822 ἀγῶνι

276 3848 558 3910 καταστὰς
585 3846 691 3898 τῶν
740 3847 878 3915 μετά
900 3849 998 3914 τὴν
1025 3846 1344 3915 ἀπαλλαγὴν
1370 3846 1464 3898 τοῦ
1489 3847 1628 3915 βίου,
1659 3848 1854 3918 ὑπομια

279 3942 516 4011 μνήσκει
558 3941 654 4008 μὲν
679 3939 781 4006 τῆς
831 3937 1024 3990 ἑαυτοῦ
1052 3937 1361 3999 θεοσεϐείας
1391 3937 1477 3989 τὸν
1507 3937 1658 3990 Θεόν”
1689 3938 1775 3991 διὰ
1805 3939 1861 3992 δὲ

272 4033 372 4087 τοῦ
406 4032 684 4101 κλαυθμοῦ
737 4031 810 4102 μὴ
847 4032 1097 4082 ἐκπεσεῖν
1141 4029 1241 4098 τῆς
1287 4029 1470 4100 χώρας
1503 4029 1609 4082 τῶν
1645 4029 1860 4094 ζώντων

274 4125 675 4195 κατηντιϐόλει.
699 4125 816 4176 Ἔτι
847 4123 900 4174 δὲ
935 4123 1027 4174 καὶ
1052 4120 1210 4173 τοῦτο
1244 4121 1381 4191 πρὸς
1408 4124 1518 4183 τοῖς
1549 4123 1858 4192 εἰρημένοις

274 4217 468 4269 nam
497 4216 584 4269 τὸν
622 4215 885 4280 Ἐζεκίαν,
921 4214 1123 4284 μηδένα
1165 4212 1404 4282 διάδοχον
1449 4216 1514 4266 ὲκ
1547 4215 1858 4284 σπέρματος

266 4308 545 4378 ὑπάρχειν
567 4307 755 4369 αὑτοῦ,
798 4309 965 4376 μήπω
986 4305 1172 4368 παιδὸς
1211 4305 1362 4374 αὕτῷ
1395 4306 1708 4373 γενομένου,
1736 4304 1855 4358 καθ’

270 4400 336 4453 ὃν
367 4401 558 4469 χρόνον
583 4399 722 4451 αὕτά
760 4397 966 4467 ἔλεγεν.
1004 4397 1221 4467 Ἐπειδὴ
1253 4397 1431 4449 τοίνυν
1461 4395 1628 4459 ἄπαις
1665 4395 1855 4465 ἔμελλε

263 4493 550 4560 τελευτᾷν,
579 4486 780 4560 μηδένα
802 4489 1114 4543 καταλιπὼν
1130 4489 1391 4556 διάδοχον,
1419 4485 1479 4550 ἐξ
1509 4481 1568 4540 οὕ
1595 4488 1658 4539 τὸ
1683 4488 1856 4557 σωτή-

265 4601 393 4654 ριον
415 4582 509 4635 τοῦ
530 4582 664 4634 Θεοῦ
697 4581 948 4648 γενέσθαι
992 4583 1049 4634 ἐν
1090 4579 1407 4649 ἀνθρώποις
1428 4578 1755 4648 προσδοκᾷν,
1780 4581 1854 4631 εἰ·

267 4676 448 4737 κότως
492 4675 556 4727 ἂν
587 4676 684 4745 τῆς
715 4675 807 4728 τοῦ
840 4672 1077 4746 Χριστοῦ
1125 4673 1427 4741 γεννήσεως
1456 4671 1554 4740 τῆς
1584 4674 1647 4722 ὲκ
1684 4670 1854 4741 σπέρ-

271 4781 446 4834 ματος
479 4764 571 4816 τοῦ
609 4764 769 4817 Δαυῒδ
800 4763 1178 4834 ἐπαιρόμενος,
1209 4762 1302 4813 καὶ
1330 4759 1675 4812 ἀπεκλαίετο.

353 4877 376 4909 ‹
421 4855 696 4920 Ἐξὲλιπεν
721 4858 785 4909 ἐκ
816 4857 917 4926 τῆς
963 4853 1282 4922 συγγενείας
1325 4869 1444 4922 μου·
1478 4851 1765 4904 κατέλιπον
1793 4852 1854 4905 τὸ

269 4947 550 5001 ιπίλοιπον
597 4947 696 5015 τῆς
739 4944 880 5016 ζωῆς
913 4963 1034 5016 μου.
1077 4943 1296 5013 Ἐξῆλθε
1343 4942 1437 4995 καὶ
1472 4941 1710 5011 ἀπῆλθεν
1756 4943 1852 4994 ἀπ’

267 5040 429 5112 ἐμοῦ,
463 5039 651 5112 ὥσπερ
677 5040 704 5090 ὁ
730 5038 933 5110 σκηνὴν
955 5036 1237 5091 καταλύων
1266 5033 1460 5102 πήξας.
1509 5034 1595 5096 Ὠς
1625 5033 1768 5095 ἱστὸς
1790 5035 1850 5085 τὸ

265 5126 489 5203 πνεῦμά
515 5149 614 5204 μου
649 5132 776 5202 παρ’
803 5132 927 5200 ἐμοὶ
948 5131 1181 5198 ἐγένετο,
1207 5128 1390 5199 ὲρίθου
1423 5121 1746 5195 ὲγγιξούσης
1769 5128 1852 5178 sx-

262 5228 471 5295 τεμεῖν.
512 5243 530 5274 ι
562 5223 774 5294 Σκηνὴν
803 5222 956 5276 καλεῖ
987 5221 1048 5274 τὸ
1082 5221 1262 5290 σῶμα,
1298 5220 1502 5272 ἐνοικον
1536 5217 1592 5269 δὲ
1624 5218 1722 5289 τὴν
1745 5218 1847 5286 ψυ-

261 5319 388 5389 χήν
433 5313 502 5388 ἧς
537 5315 945 5386 ἀναχωρούσης,
977 5315 1120 5367 ἔοικε
1151 5314 1213 5366 τὸ
1261 5315 1419 5384 σῶμα
1465 5311 1842 5381 καταλυομένη

261 5413 457 5481 σκηνῇ·
491 5409 698 5478 σκηνὴν
731 5409 828 5477 μὲν
859 5406 1028 5474 λέγων
1057 5407 1117 5459 τὸ
1146 5406 1324 5476 σῶμα,
1351 5407 1472 5458 ἐπεὶ
1503 5408 1531 5457 ὁ
1559 5404 1842 5466 θεσπέσιος

271 5494 592 5556 Ἀπόστολος
620 5490 827 5561 σκηνὴν
848 5491 977 5544 αὐτὸ
1022 5490 1324 5561 ὠνόμασεν.
1353 5489 1513 5542 Ἀλλά
1539 5490 1632 5543 καὶ
1655 5489 1844 5558 ὥσπερ

254 5589 400 5642 ἱστὸν
433 5585 618 5658 ὲρίθου
665 5583 726 5635 τὸ
765 5582 988 5652 ὕφασμα
1027 5582 1213 5635 λοιπὸν
1241 5583 1671 5651 ἀποτεμνούσης,
1701 5579 1842 5632 οὕτω

255 5677 342 5729 καὶ
356 5678 417 5730 τὰ
434 5678 533 5747 τῆς
564 5672 712 5743 ἐμῆς
731 5670 897 5739 ζωῆς,
913 5671 1003 5723 καὶ
1027 5670 1121 5722 τοῦ
1157 5671 1272 5740 βίου
1305 5671 1503 5733 παντὸς
1525 5671 1585 5723 τὸ
1616 5671 1841 5738 ὕφασμα

248 5786 307 5820 1::
312 5772 365 5842 ρὶ
395 5771 551 5828 τέλος
578 5765 818 5836 ἤλαυνεν
848 5763 1296 5832 ἀποτεμνόμενον.
1320 5765 1583 5825 Ἕκαστος
1616 5758 1707 5816 οὖν
1736 5764 1841 5813 τῶν

1981 1919 2107 1955 vero
2128 1905 2288 1956 dictis
2323 1906 2483 1958 iidem
2519 1907 2762 1971 adderet,
2800 1909 3012 1977 signum
3038 1913 3263 1966 alterius
3289 1918 3575 1984 stupenda:

1981 1997 2055 2049 rei
2102 1997 2198 2064 ipsi
2242 1998 2518 2064 pra-stitit.

2051 2179 2214 2233 Vens.
2253 2181 2305 2240 7.
2343 2181 2395 2233 8.
2441 2199 2458 2229 ι
2511 2180 2622 2234 lloc
2652 2192 2832 2234 autem
2875 2183 2968 2235 tibi
2998 2183 3211 2251 signmn
3246 2199 3274 2238 a
3316 2187 3566 2253 Domit-0,

1978 2273 2231 2341 quoniam
2269 2271 2514 2324 facturus
2549 2283 2633 2326 est
2664 2274 2923 2327 Dominus
2957 2276 3178 2328 verbum
3213 2277 3376 2331 istud.
3430 2279 3570 2334 Ecre

1977 2379 2078 2431 ego
2105 2374 2310 2416 vertam
2354 2364 2602 2416 umbram
2653 2368 2950 2433 graduum,
2993 2382 3128 2434 quos
3181 2372 3433 2423 ascendit
3487 2371 3568 2426 sol

1977 2456 2159 2509 decem
2196 2456 2455 2524 gradibus
2494 2456 2683 2509 domus
2731 2457 2896 2524 patris
2955 2459 3050 2510 tui.
3109 2459 3364 2514 Avertam
3399 2462 3566 2517 solem

1977 2548 2160 2600 de‘cem
2211 2549 2473 2616 gradibus
2501 2567 2513 2600 :
2547 2557 2600 2600 et
2655 2550 2906 2602 ascendit
2938 2550 3015 2603 sol
3046 2552 3230 2605 decem
3278 2556 3562 2623 gradibus,

1975 2642 2172 2710 quibus
2222 2641 2504 2694 descendit
2559 2640 2770 2694 umbra.
2833 2661 2850 2691 ι
2921 2643 2986 2694 Et
3060 2645 3275 2714 signum
3341 2649 3562 2716 quidem

1977 2732 2105 2786 illud
2133 2733 2292 2784 etiam
2326 2732 2646 2786 admirabile
2671 2742 2811 2796 erat,
2865 2735 3006 2802 quod
3055 2737 3316 2792 lizechias
3366 2741 3436 2794 ab
3471 2757 3565 2796 oc-

1975 2839 2100 2876 casu
2127 2825 2248 2876 vita:
2287 2825 2351 2874 ad
2386 2824 2548 2878 aliam
2589 2827 2753 2878 vitam
2797 2829 3142 2897 remigraret.

1976 2957 2144 3013 Vtilis.
2184 2961 2236 3014 9.
2279 2959 2464 3039 Oratio
2493 2960 2734 3014 Ezechirr
2763 2965 2892 3039 regis
2920 2962 3148 3039 λυόμην,
3188 2983 3303 3020 cum
3329 2983 3559 3039 trgrota-

2379 3033 2447 3084 cit
2479 3042 2530 3085 et
2559 3049 2623 3085 ex
2651 3035 2830 3086 morbo
2860 3036 3145 3091 convaluit.

2046 3208 2205 3262 Vens.
2243 3211 2328 3263 10.
2369 3229 2385 3261 ι
2422 3212 2534 3280 Ego
2565 3213 2673 3265 dixi
2707 3214 2756 3266 in
2787 3214 2998 3268 excelso
3021 3216 3229 3272 dierqu
3269 3234 3508 3271 nieorum
3538 3239 3552 3273 :

1973 3305 2175 3356 Vadam
2224 3307 2290 3356 ad
2339 3316 2522 3372 portas
2575 3305 2730 3360 inferi
2773 3326 2785 3359 :
2839 3308 3139 3376 relinquam
3193 3326 3367 3364 annos
3417 3315 3554 3366 resi-

1969 3394 2124 3448 duos.
2166 3413 2182 3443 ι
2213 3395 2346 3447 Cum
2396 3411 2480 3448 me
2505 3396 2617 3463 jam
2655 3399 2845 3452 mortis
2875 3399 3056 3468 januis
3103 3402 3405 3467 proximum
3437 3417 3558 3457 esse

1970 3486 2165 3548 sciam,
2196 3489 2259 3538 de
2293 3487 2397 3539 vita
2428 3502 2545 3540 mea
2587 3489 2729 3545 inter
2761 3492 3009 3545 homines
3044 3492 3349 3561 desperavi.

2041 3663 2200 3719 Vens.
2236 3666 2320 3718 ll.
2353 3686 2368 3716 ι
2403 3666 2520 3720 Dixi
2549 3667 2697 3721 :Non
2727 3669 2956 3738 amplius
2977 3671 3169 3725 videbo
3198 3672 3436 3726 salutare
3459 3672 3550 3727 Dei

1967 3753 2019 3806 in
2059 3765 2221 3818 terra,
2248 3772 2353 3809 non
2386 3758 2614 3826 amplius
2645 3760 2835 3813 videbo
2868 3760 3162 3815 hominem.
3198 3779 3217 3811 ι
3252 3761 3461 3816 Anxius
3483 3763 3550 3814 de

1966 3848 2032 3901 iis
2061 3863 2181 3917 qua:
2222 3851 2502 3904 decessum
2544 3865 2612 3904 ex
2658 3851 2760 3904 hac
2790 3852 2894 3904 vita
2947 3865 3398 3920 consequuntur,
3425 3855 3550 3922 jure

1964 3944 2213 4009 pietatem
2249 3957 2374 4010 erga
2417 3945 2578 3996 Deum
2626 3959 2775 3997 suam
2823 3944 2921 4015 ipsi
2971 3944 3081 3999 Deo
3133 3945 3185 3998 in
3217 3947 3539 3999 memoriam

1965 4046 2183 4090 revocat
2210 4054 2223 4098 ;
2263 4036 2478 4091 ﬂetibus
2506 4047 2684 4090 autem
2722 4056 2787 4091 ne
2814 4056 2843 4092 e
2880 4041 3099 4108 regione
3120 4039 3418 4092 viventium
3448 4053 3547 4093 ex-

1961 4127 2185 4192 cideret,
2213 4129 2558 4194 precabatur.
2589 4127 2722 4181 Illud
2753 4131 2913 4182 etiam
2948 4141 3142 4197 preter
3169 4140 3366 4184 caetera
3409 4130 3546 4184 Eze-

1961 4218 2139 4270 chiam
2172 4217 2355 4270 dolore
2381 4217 2651 4270 alliciebat
2675 4259 2688 4280 ,
2721 4220 2865 4286 quod
2906 4219 3083 4272 nullus
3113 4234 3180 4272 ex
3206 4220 3414 4273 semine
3441 4235 3544 4274 suo

1959 4321 2241 4361 successor
2260 4307 2490 4371 adesset,
2509 4308 2944 4376 quandoquidem
2967 4325 3073 4377 quo
3089 4320 3328 4378 tempore
3353 4309 3542 4365 isthmc

1959 4399 2302 4467 proferebat,
2348 4400 2552 4452 nullum
2587 4401 2763 4454 adhuc
2811 4401 2978 4454 lilium
3028 4411 3366 4471 susceperat.
3399 4401 3540 4468 Quia

1958 4491 2124 4560 igitur
2161 4490 2287 4545 ﬁliis
2321 4492 2486 4544 orbus
2515 4492 2832 4556 moriturus,
2867 4508 2964 4545 nec
2994 4508 3371 4548 successorem
3407 4494 3536 4548 reli-

1957 4594 2142 4634 cturus
2169 4591 2324 4644 erat,
2351 4599 2416 4636 ex
2450 4598 2556 4650 quo
2589 4584 2826 4636 salutare
2863 4583 2957 4637 Dci
2997 4585 3312 4638 hominibus
3339 4597 3535 4639 ventu-

1958 4687 2075 4725 rum
2101 4683 2530 4742 exspectaretur,
2560 4674 2750 4727 merito
2784 4673 2989 4728 Christi
3020 4691 3082 4729 ex
3115 4678 3325 4731 semine
3367 4677 3535 4731 David

1954 4774 2074 4817 ortu
2114 4767 2379 4832 privatus.
2411 4765 2830 4819 iamentabatur.

2025 4855 2186 4908 Vens.
2229 4856 2318 4909 12.
2355 4875 2372 4906 ι
2416 4854 2624 4909 Deiecit
2667 4872 2694 4908 a
2742 4857 3066 4925 cognatione
3108 4873 3222 4912 mea
3269 4876 3284 4911 :
3339 4858 3532 4913 defecit

1953 4944 2097 5011 quod
2125 4943 2388 5014 reliquum
2413 4955 2496 4998 est
2521 4945 2644 4998 vitte
2673 4961 2825 4999 meae.
2854 4946 3000 4999 Abiit
3029 4959 3082 5000 et
3110 4950 3334 5002 recessit
3369 4966 3397 5000 ιι
3425 4965 3529 5014 me,

1956 5036 2096 5088 sicut
2123 5035 2278 5088 solvit
2306 5037 2736 5097 tahernaculum,
2757 5038 2846 5104 qui
2876 5039 3201 5092 construxit.
3239 5039 3394 5094 Sicut
3429 5044 3530 5096 tela

1956 5128 2176 5192 spiritus
2219 5141 2369 5180 meus
2407 5127 2578 5182 lactus
2605 5138 2688 5181 est
2730 5129 2868 5196 apud
2907 5143 3032 5191 me,
3066 5145 3189 5182 mox
3241 5147 3268 5182 a
3320 5142 3534 5186 texeute

1954 5218 2299 5272 succidenda.
2337 5237 2355 5269 ι
2391 5217 3009 5292 Tabernaculum_vorat
3047 5237 3244 5289 corpus
3269 5261 3284 5285 ,
3317 5222 3530 5276 inhabi-

1953 5320 2150 5362 tautem
2179 5309 2311 5363 dicit
2345 5312 2580 5364 animam
2610 5330 2622 5364 :
2652 5327 2754 5378 qua
2789 5313 3100 5377 recedente,
3124 5329 3321 5380 corpus
3351 5317 3529 5368 soluto

1951 5397 2302 5451 tabernaculo
2331 5398 2508 5453 simile
2537 5410 2641 5455 est.
2689 5397 3123 5454 Tabernaculum
3152 5417 3281 5454 vero
3329 5417 3529 5470 corpus

1944 5487 2193 5556 appellat,
2225 5489 2349 5556 quia
2382 5489 2598 5542 divinus
2633 5489 2759 5542 item
2787 5489 3080 5556 Apostolus
3121 5491 3522 5545 tabernaculum

1944 5579 2118 5647 ipsum
2169 5581 2401 5632 vocavit.
2441 5580 2639 5632 Verum
2685 5581 2846 5633 etiam
2884 5583 3026 5635 sicut
3073 5584 3175 5633 tela
3230 5597 3350 5649 quae
3378 5599 3406 5634 a
3444 5593 3514 5636 te-

1950 5683 2112 5723 xente
2139 5671 2458 5731 succiditur,
2491 5673 2567 5724 sic
2599 5683 2652 5725 ct
2693 5673 2814 5724 vita:
2845 5688 2978 5726 mea:
3009 5683 3222 5725 textura
3259 5675 3326 5724 ad
3363 5675 3520 5725 tinem

1953 5765 2147 5830 vergit,
2173 5779 2292 5817 mox
2332 5765 2675 5817 succidenda.
2716 5763 2922 5836 Singuli
2963 5767 3124 5834 igitur
3156 5765 3399 5818 homines
3430 5779 3523 5831 per
